3972 6248
445 253 548 323 891
1599 253 1863 315 ΡΗΟΤΙΙ
1897 254 2020 314 ΡΑἹ

2131 251 2405 312 ΑΒΕΗᾸΕ
2442 252 2553 313 CP.
3586 246 3694 310 892

449 369 600 436 (nam
632 375 754 415 cum
772 367 1002 430 utroque
1021 357 1324 415 simultates
1347 357 1626 429 habebat),
1687 359 2020 416 excursioni-

2132 357 2190 410 δὲ
2239 357 2328 411 διὰ
2371 356 2632 411 Σέλευκον
2683 355 2964 430 (διάφορος
3003 356 3112 426 γὰρ
3150 351 3225 428 ’ἦν
3257 354 3548 427 ἐκατέρῳ),
3599 358 3701 424 τὴ)

453 459 556 512 bus
582 455 635 510 in
679 469 812 523 agro
844 467 1028 507 eorum
1066 452 1248 515 factis,
1281 467 1310 504 a
1341 450 1487 504 nullo
1515 451 1906 507 maleficiorum
1941 468 2020 522 ge-

2127 449 2244 502 κατ’
2295 447 2472 501 αὐτῶν
2502 448 2820 520 ἐπιδρομὴν,
2853 448 2991 519 ἔργα
3027 447 3322 512 κακώσεως
3352 449 3698 516 ἀποδεικνὺς,

452 562 586 602 nere
637 546 916 600 abstinuit.
970 541 1256 597 Exercitus
1314 551 1492 597 tamen
1534 543 1675 612 ejus,
1726 544 1852 598 dum
1899 545 2020 599 huic

2127 541 2364 594 ἱποιεῖτο
2395 555 2412 571 ·
2466 540 2528 593 οὐ
2581 539 2690 611 μὴν
2714 541 2832 594 οὐδὲ
2861 542 2922 593 τὸ
2952 538 3119 594 αὐτοῦ
3164 539 3482 611 στράτευμα
3515 543 3701 596 κακῶν

453 640 674 710 negotio
699 635 982 700 incumbit,
1028 633 1260 688 cladium
1284 647 1392 687 non
1422 648 1620 704 expers
1662 643 1767 701 est,
1795 633 1888 689 sed
1917 649 2020 688 non

2127 632 2354 695 ἀπαθεῖς
2396 633 2669 703 ἔπραττον
2705 631 2848 703 ἅπερ
2889 630 3178 702 ἔπραττον,
3228 631 3467 703 ἔπασχον
3501 634 3560 688 δὲ
3606 637 3701 689 καὶ

451 733 622 786 multo
657 729 923 792 mitiores,
947 740 1107 795 quam
1137 723 1318 788 infert,
1351 724 1566 792 recipit.

2127 725 2278 780 αὐτοὶ
2303 718 2379 780 ὧν
2406 725 2576 796 ἔδρων
2601 723 2661 777 οὐ
2687 723 2828 778 κατὰ
2857 723 2994 778 πολὺ
3023 724 3352 794 ἀνεκτότερα
3382 724 3450 779 ⁸⁸.

680 863 808 920 CAP.
837 860 958 916 XII.
982 889 1053 901 —
1073 859 1276 916 Seleuci
1303 861 1368 914 ab
1401 858 1828 916 Heracliemibus
1861 861 2137 919 alienatio.
2153 859 2419 918 Exeulum
2450 862 2648 917 reditus
2667 870 2718 916 et
2747 861 3046 930 reipublicae
3076 861 3416 916 instauratio.

2209 974 2299 1028 'Ev
2345 974 2519 1046 τούτῳ
2546 973 2604 1026 δὲ
2651 972 2916 1037 Σέλευκος
2949 973 3287 1044 Ἀφροδίσιον
3320 974 3530 1044 πέμπει
3567 974 3700 1028 διοι-

2125 1063 2303 1136 κητὴν
2350 1063 2432 1126 εἷς
2477 1080 2537 1116 τε
2584 1061 2683 1126 τὰς
2717 1063 2776 1116 ὲν
2805 1061 3016 1134 Φρυγίᾳ
3063 1063 3250 1126 πόλεις
3278 1063 3375 1117 καὶ
3403 1061 3502 1126 τὰς
3532 1062 3702 1132 ὑπερ-

524 977 639 1034 Sttb
660 977 774 1032 haec
803 974 1060 1029 Seleucus
1117 971 1503 1041 Aphrodisium
1529 985 1936 1042 procuratorem
1967 975 2022 1030 in

447 1070 645 1138 oppida
694 1067 966 1137 Phrygiae,
1011 1079 1131 1134 qua:
1179 1063 1427 1132 adjacent
1470 1063 1664 1128 Ponto,
1711 1066 1896 1124 mittit.
1923 1065 2027 1121 Hic

450 1161 616 1218 rebus
647 1171 880 1230 quarum
923 1172 1088 1214 causa
1135 1165 1360 1212 venerat
1407 1157 1690 1224 confectis,
1732 1169 1855 1230 post
1884 1161 2026 1216 redi-

450 1261 591 1320 tum,
632 1251 685 1306 in
737 1249 964 1303 aliarum
999 1247 1222 1318 quidem
1258 1248 1536 1303 civitatum
1576 1251 1737 1306 laude
1782 1253 2028 1322 prolixus

446 1353 572 1402 erat
597 1385 613 1409 ,
645 1341 1025 1397 l-leraclienses
1063 1347 1243 1394 autem
1290 1341 1684 1396 criminabatur
1709 1353 1768 1399 ut
1799 1345 2027 1418 Seleuco

2127 1155 2388 1227 κειμένας
2409 1152 2501 1208 τοῦ
2528 1153 2754 1210 Πόντου.
2797 1154 2855 1208 '0
2890 1154 2970 1218 δὲ,
3007 1153 3444 1226 διαπραξάμενος
3473 1154 3509 1208 ἃ
3541 1153 3700 1207 €606-

2126 1247 2249 1301 λετο
2275 1247 2370 1301 καί
2396 1243 2655 1311 ἐπανιὼν,
2686 1245 2796 1300 τῶν
2828 1246 2927 1316 μὲν
2954 1246 3130 1301 ἄλλων
3179 1246 3386 1300 πόλεων
3428 1249 3488 1300 ὲν
3538 1248 3700 1300 ἐπαί-

2125 1353 2236 1400 νοις
2267 1331 2356 1407 ἦν,
2401 1333 2796 1406 Ἡρακλεωτῶν
2840 1334 2898 1388 δὲ
2954 1335 3254 1406 κατηγόρει
3304 1334 3379 1406 μὴ
3437 1335 3701 1399 εὐνοϊκῶς

448 1449 640 1506 parum
679 1431 942 1486 addictos.
990 1428 1250 1484 Seleucus
1291 1443 1445 1499 ergo,
1490 1428 1594 1484 hoc
1634 1431 1900 1498 irritatus,
1943 1433 2020 1490 le-

2127 1425 2270 1496 ἔχειν
2303 1427 2416 1489 τοῖς
2461 1423 2558 1478 τοῦ
2608 1423 2875 1478 Σελεύκου
2919 1424 3262 1495 πράγμασιν.
3331 1423 3453 1494 Ὑφ’
3502 1417 3565 1478 οὐ
3608 1425 3701 1478 Σέ-

448 1534 607 1594 gaios
638 1521 704 1576 ad
731 1535 790 1575 se
827 1520 1102 1590 profectos
1140 1517 1370 1582 fastidit,
1399 1526 1455 1572 et
1491 1518 1654 1574 minis
1691 1519 2020 1588 increpitans

2127 1517 2318 1581 λευκος
2348 1515 2707 1586 παροξυνθεὶς
2738 1515 2867 1579 τούς
2897 1533 2956 1569 τε
2985 1519 3122 1586 πρὸς
3145 1515 3308 1569 αὐτὸν
3337 1517 3699 1590 ἀφικομένους

449 1622 640 1670 terret.
697 1611 940 1679 Quorum
988 1619 1169 1665 tamen
1212 1626 1350 1665 unus
1383 1609 1734 1667 Chamaeleon
1766 1613 1901 1669 nihil
1931 1615 2019 1671 his

2127 1609 2387 1681 πρέσϐεις
2423 1607 2796 1678 ἁπειλητικοῖς
2827 1606 3148 1677 έξεφαύλιζε
3204 1607 3386 1677 λόγοις
3423 1609 3520 1661 καὶ
3568 1626 3702 1662 κατδ

447 1704 756 1776 perculsus,
807 1704 882 1758 ita
911 1718 1092 1772 regem
1138 1703 1470 1770 compellat:
1522 1701 1779 1758 Hercules
1829 1722 2020 1760 carron

2127 1704 2415 1776 έπληττεν,
2433 1703 2551 1768 ὲνδς
2574 1702 2671 1755 τοῦ
2695 1702 3104 1773 Χαμαιλέοντος
3120 1700 3272 1754 οὐδὲν
3289 1701 3700 1772 όρῤωδήσαντος

450 1793 666 1850 Seleuce
697 1793 943 1865 (κάρρων
971 1803 1151 1847 autem
1193 1791 1545 1847 Doriensibus
1587 1809 1708 1847 eum
1751 1794 2020 1864 signiﬁcat

2127 1799 2224 1860 τὰς
2273 1796 2524 1862 ἀπειλὰς,
2569 1795 2704 1850 ἀλλά
2743 1795 3012 1865 φαμένου,
3057 1794 3357 1864 Ἡρακλῆς
3379 1794 3426 1827 ⁸⁵
3463 1796 3700 1864 κὰρῤων

455 1885 552 1958 qui
579 1896 664 1942 est
691 1885 926 1955 fortior).
967 1887 1138 1952 Quam
1175 1899 1360 1939 vocem
1388 1901 1510 1940 cum
1543 1901 1635 1941 rex
1671 1901 1775 1941 non
1823 1886 2025 1942 intelli-

448 1991 626 2056 geret,
667 1989 920 2050 concepta
951 1979 1002 2034 in
1038 1979 1117 2032 ira
1153 1979 1477 2048 persistens,
1511 1993 1570 2034 se
1599 1981 1818 2036 avertit.
1851 1980 2027 2051 Lega-

453 2076 524 2130 tis
548 2074 731 2146 igitur,
765 2087 938 2142 neque
968 2072 1184 2126 domum
1215 2070 1414 2134 redire,
1437 2084 1614 2140 neque
1645 2070 1754 2126 illic
1782 2087 2022 2139 manere,

449 2181 631 2234 opera:
664 2163 894 2234 pretium
919 2163 1228 2216 videbatur.
1255 2161 1384 2228 Quae
1416 2176 1539 2216 cum
1578 2159 2026 2218 Heracliensibus

449 2256 914 2321 renuntiarentur,
959 2263 1070 2308 tum
1121 2253 1336 2307 caztcris
1383 2267 1442 2307 se
1469 2253 1743 2318 muniunt,
1791 2264 1901 2308 tum
1930 2270 2025 2310 co-

359 2400 361 2402 .
449 2349 568 2416 pias
604 2346 900 2401 auxiliares
941 2345 1222 2413 colligunt,
1273 2352 1327 2398 et
1360 2359 1455 2412 per
1493 2344 1702 2415 legatos
1736 2343 2023 2401 Mithrida-

448 2447 582 2504 tem,
634 2436 791 2492 Ponti
845 2451 1050 2506 regem,
1082 2445 1137 2489 et
1183 2436 1514 2506 Byzantinos
1547 2445 1601 2490 et
1630 2435 2024 2493 Chalcedonios

446 2531 513 2585 de
541 2545 643 2600 cpe
673 2529 894 2584 ferenda
963 2528 1277 2584 sollicitant.
1309 2530 1377 2581 At
1418 2528 1632 2582 exsules
1666 2529 1734 2582 ab
1767 2527 2024 2584 lleraclea

451 2623 544 2692 qui
591 2631 935 2691 supererant,
975 2623 1049 2675 ita
1108 2621 1321 2675 tandem
1367 2620 1720 2676 conveniunt.
1768 2619 2024 2692 Nymphi-

445 2716 590 2782 dius,
634 2713 853 2783 quidam
891 2728 958 2767 ex
994 2728 1182 2767 eorum
1223 2725 1470 2779 numero,
1512 2711 1746 2766 reditum
1776 2712 1856 2767 eis
1895 2727 2024 2767 sua-

446 2806 580 2860 det:
614 2818 714 2860 nec
746 2803 1030 2859 difﬁcilem
1074 2803 1219 2857 hunc
1263 2816 1385 2857 esse
1418 2803 1778 2870 demonstrat,
1809 2805 1855 2860 si
1886 2805 2022 2860 nihil

444 2912 635 2952 eorum
669 2911 788 2966 quae
819 2895 1055 2964 majores
1089 2895 1406 2950 amisissent
1445 2897 1668 2952 moleste
1709 2898 2023 2956 viderentur

441 2993 507 3040 et
543 2983 849 3040 turbulente
891 2999 1204 3063 reposcere,
1239 2995 1294 3042 et
1332 3002 1494 3056 quam
1531 2989 1755 3044 minimo
1804 2994 2020 3064 negotio

445 3077 738 3146 persuasit.
791 3075 974 3143 Quare
1018 3093 1141 3133 cum
1188 3093 1254 3135 eo
1298 3094 1407 3150 quo
1451 3082 1802 3138 consuluerat
1860 3085 2020 3141 modo

445 3167 656 3224 felicem
691 3169 962 3224 inveniret
1004 3185 1320 3225 successum
1368 3173 1599 3239 reditus,
1637 3184 1746 3229 tum
1787 3177 2018 3245 reducti,

445 3271 560 3314 tum
590 3275 711 3330 qua:
754 3262 960 3331 recepit
1001 3263 1124 3318 illos
1159 3265 1330 3333 patria
1381 3266 1434 3319 in
1469 3268 1741 3322 communi
1781 3276 1836 3323 et
1866 3284 2019 3338 aequa

444 3353 804 3407 versabantur
849 3353 1036 3408 laetitia
1069 3366 1122 3409 et
1151 3356 1458 3427 voluptate.
1489 3355 1622 3412 Nam
1655 3368 1707 3413 et
1739 3359 2020 3416 humanis-

440 3445 582 3498 sime
627 3459 724 3500 eos
766 3445 913 3500 cives
961 3445 1292 3511 tractabant,
1325 3457 1381 3502 et
1414 3449 1550 3504 nihil
1579 3451 1774 3505 horum
1797 3466 1917 3520 quae
1948 3453 2017 3508 ad

443 3536 773 3592 mediocrem
819 3537 944 3592 vita:
986 3541 1438 3595 sustentationem
1469 3543 1799 3610 conducunt,
1828 3545 2016 3600 defleri

440 3628 814 3695 patiebantur.
856 3627 970 3684 Hoc
1007 3630 1188 3699 itaque
1231 3633 1392 3686 modo
1421 3633 1473 3685 in
1503 3633 1786 3704 antiquum
1823 3635 2019 3691 nobili-

443 3717 572 3774 tatis
600 3725 657 3774 et
683 3717 1094 3788 gubernationis
1132 3719 1300 3774 decus
1330 3734 1450 3775 sese
1478 3721 1842 3778 vindicarunt.

2049 3039 2097 3105 C

2127 1892 2387 1949 Σέλευκε
2423 1891 2676 1963 (κάρῤων
2715 1891 2762 1922 ⁸⁸
2791 1891 2849 1944 δὲ
2889 1893 2917 1944 ὁ
2952 1888 3298 1960 ἰσχυρότερος
3334 1889 3486 1961 παρὰ
3530 1892 3701 1961 Δωρι-

2126 1984 2322 2052 εὓσιν).
2343 1984 2401 2038 '0
2429 1985 2473 2038 δ’
2511 1981 2604 2038 οὖν
2627 1984 2887 2047 Σέλευκος
2921 1982 2983 2036 τὸ
3021 1983 3122 2054 μὲν
3153 1981 3316 2053 ῥηθὲν
3343 1983 3404 2036 οὐ
3441 1981 3698 2051 συνῆκεν,

2125 2076 2296 2148 όργῆς
2333 2075 2379 2128 δ’
2407 2075 2482 2139 ὡς
2539 2073 2675 2146 εἶχε,
2739 2077 2834 2128 καὶ
2881 2073 3244 2146 ἀπετρέπετο.
3301 2073 3428 2137 Τοῖς
3473 2073 3531 2125 δὲ
3575 2071 3700 2125 οὐτε

2126 2169 2187 2222 τὺ
2219 2169 2519 2238 ἀναχωρεῖν
2543 2168 2748 2230 οἴκαδε,
2773 2165 2898 2221 οὔτε
2928 2167 2990 2220 τὸ
3045 2166 3378 2237 προσμένειν
3425 2164 3702 2228 λυσιτελὲς

2126 2260 2322 2313 ἐδόκει.
2379 2261 2563 2314 Ταῦτα
2621 2261 2679 2315 δὲ
2739 2258 3117 2330 Ἡρακλεῶται
3164 2257 3460 2327 πυθόμενοι
3520 2257 3592 2311 τά
3643 2247 3703 2310 τε

2125 2349 2262 2406 ἄλλα
2321 2349 2798 2418 παρεσκευάζοντο
2869 2349 2966 2402 καὶ
3029 2347 3353 2419 συμμάχους
3405 2345 3699 2417 ἧθροιζον,

2125 2442 2264 2512 πρός
2307 2458 2368 2494 τε
2412 2440 2751 2512 Μιθριδάτην
2795 2440 2886 2493 τὸν
2922 2439 3126 2493 Πόντου
3159 2436 3386 2508 βασιλέα
3435 2437 3701 2506 διαπρεσ-

2125 2532 2412 2602 ϐευόμενοι
2453 2534 2549 2586 καὶ
2599 2531 2736 2604 πρὸς
2785 2531 3116 2596 Βυζαντίους
3145 2530 3242 2584 καὶ
3279 2527 3698 2599 Χαλκηδονίους.

2125 2626 2188 2676 Οἱ
2226 2624 2283 2676 δὲ
2309 2623 2752 2695 περιλειπόμενοι
2778 2623 2889 2676 τῶν
2918 2622 3028 2676 ἀπὸ
3067 2621 3393 2693 Ἡρακλείας
3423 2620 3699 2690 φυγάδων,

2123 2714 2426 2786 Νύμφιδος,
2453 2719 2546 2769 καὶ
2575 2715 2741 2768 αὐτοῦ
2772 2714 2892 2778 ἑνὸς
2923 2713 3263 2786 ὑπάρχοντος
3283 2711 3515 2777 τούτων,
3565 2709 3702 2764 κάθ-

2123 2807 2242 2862 οδον
2302 2807 2694 2879 βουλεύσαντος
2721 2808 2927 2874 αὐτοῖς,
2962 2807 3058 2860 καὶ
3093 2806 3286 2878 ῥᾳδίαν
3320 2799 3463 2858 εἶναι
3495 2803 3703 2871 ταύτην

2125 2899 2551 2963 ὲπιδεικνύντος,
2590 2899 2639 2950 εί
2673 2897 2839 2968 μηδὲν
2867 2914 2943 2951 ων
2963 2897 3009 2928 ⁸⁷
3055 2897 3105 2950 οἱ
3155 2895 3414 2966 πρόγονοι
3463 2893 3703 2947 ἀπεστέ-

2128 3008 2291 3063 ρηντο
2341 2990 2497 3044 αὐτοὶ
2547 2992 2765 3059 φανεῖεν
2809 2987 3143 3058 διοχλοῦντες
3184 2986 3314 3058 [572
3341 2985 3436 3057 Η.]
3497 2982 3702 3054 ἀναλή-

2124 3081 2346 3153 ψεσθαι,
2377 3081 2566 3135 ἔπεισέ
2597 3097 2659 3133 τε
2691 3080 2790 3134 σὺν
2819 3079 2898 3152 τῷ
2937 3081 3140 3151 ρᾴστῳ,
3187 3079 3282 3133 καὶ
3321 3080 3419 3148 τῆς
3471 3076 3704 3130 καθόδου

2123 3175 2182 3228 ὃν
2215 3173 2504 3228 ἐδούλευσε
2537 3174 2740 3247 τρόπον
2767 3171 3144 3243 γεγενημένης
3172 3173 3228 3224 οῖ
3251 3187 3310 3223 τε
3341 3169 3704 3240 καταχθέντες

2123 3267 2217 3320 καὶ
2249 3268 2282 3336 ἡ
2314 3265 2586 3336 δεξαμένη
2618 3265 2774 3328 πόλις
2805 3266 2865 3317 ὲν
2888 3263 3103 3334 ὁμοίαις
3131 3264 3348 3334 ἡδοναῖς
3382 3263 3476 3314 καὶ
3505 3261 3704 3330 εὐφρο-

2123 3357 2313 3421 σύναις
2360 3357 2776 3429 ἀνεστρέφοντο,
2833 3355 3173 3426 φιλοφρόνως
3201 3353 3311 3407 τῶν
3352 3355 3408 3406 ὲν
3439 3355 3508 3423 τῇ
3550 3351 3702 3403 πόλει

2122 3448 2344 3514 τούτους
2401 3447 2812 3518 δεξιωσαμένων
2865 3447 2959 3502 καὶ
3013 3446 3184 3518 μηδὲν
3225 3444 3334 3498 τῶν
3375 3445 3456 3508 είς
3494 3442 3701 3512 αὐτάρ·

2123 3557 2281 3594 κειαν
2335 3541 2522 3604 αὐτοῖς
2575 3539 2974 3594 συντελούντων
3037 3537 3545 3608 παραλελοιπότων.
3591 3536 3704 3588 Καὶ

2123 3635 2173 3687 oi
2217 3633 2620 3706 Ἠρακλειῶται
2649 3632 2745 3686 τὸν
2781 3631 3070 3703 εἰρημένον
3111 3632 3313 3703 τρόπον
3340 3631 3438 3700 τῆς
3466 3627 3703 3689 παλαιᾶς

2126 3725 2409 3794 εὐγενείας
2436 3742 2497 3778 τε
2516 3725 2612 3778 καὶ
2646 3723 2926 3788 πολιτείας
2954 3722 3415 3795 ἐπελαμϐάνοντο.

905 3850 1035 3907 CAP.
1065 3850 1205 3909 XIII.
1233 3883 1304 3893 —
1329 3855 1577 3911 Seleucus
1602 3857 1656 3912 in
1679 3859 2006 3928 expeditione
2031 3858 2372 3915 Macedonica
2401 3878 2434 3915 a
2472 3859 2609 3915 Ptol.
2637 3857 2879 3914 Cerauno
2905 3859 3226 3914 trucidatur.

514 3966 584 4020 At
634 3963 917 4031 Seleucus,
955 3980 1210 4020 successu
1262 3975 1453 4024 contra
1491 3967 1878 4038 Lysimachum
1906 3970 2021 4026 ela-

445 4067 552 4122 tus,
589 4058 876 4112 transitum
929 4059 982 4112 in
1036 4058 1409 4115 Macedoniam
1462 4063 1699 4118 instituit
1757 4064 2022 4135 (impulit

442 4150 589 4204 enim
628 4163 781 4201 amor
837 4148 1049 4217 patriae,
1095 4165 1162 4203 ex
1226 4166 1332 4220 qua
1361 4155 1502 4221 [cum
1533 4151 1843 4208 Alexandro
1875 4155 2015 4209 mili-

445 4251 612 4295 tatum
642 4241 814 4295 iverat
837 4239 881 4319 ),
921 4241 1102 4310 ibique
1136 4241 1399 4312 reliquum
1455 4245 1579 4300 vitae
1612 4255 1822 4315 tempus
1846 4247 2016 4301 conli-

2189 3972 2452 4035 Σέλευκος
2495 3970 2554 4023 δὲ
2605 3971 2721 4033 τοῖς
2770 3969 3225 4040 κατωρθωμένοις
3274 3969 3414 4023 κατὰ
3449 3969 3493 3999 ⁸⁸
3536 3971 3702 4024 Λυσι·

2120 4064 2294 4134 μάχου
2327 4062 2610 4134 ἐπαρθεὶς,
2636 4063 2717 4125 είς
2763 4059 2864 4131 τὴν
2895 4061 3237 4114 Μακεδονίαν
3263 4060 3560 4114 διαϐαίνειν
3591 4063 3702 4133 ῶρ-

2119 4172 2278 4226 μητο,
2333 4154 2497 4208 πόθον
2527 4154 2667 4224 έχων
2704 4153 2805 4222 τῆς
2846 4152 3124 4221 πατρίδος,
3169 4151 3228 4216 ἐξ
3281 4147 3349 4224 ἦς
3381 4154 3479 4205 σύν
3525 4153 3706 4218 Ἀλεξ-

2113 4246 2295 4317 άνδρῳ
2341 4245 2688 4316 ἐστράτευτο,
2739 4245 2902 4297 κάκεῖ
2959 4243 3054 4295 τοῦ
3111 4243 3228 4313 βίου
3273 4243 3336 4297 τὸ
3392 4243 3582 4297 λεῖπον
3618 4244 3702 4296 δι-

443 4347 568 4386 cere
614 4331 893 4386 destinatis
938 4331 1088 4402 (nam
1123 4331 1280 4386 senio
1312 4332 1593 4389 confectus
1627 4335 1789 4405 erat),
1827 4336 2012 4391 Asiam

2127 4337 2316 4392 ανύσαι
2372 4337 2598 4407 γηραιὸς
2625 4336 2725 4408 ήδη
2754 4335 2831 4388 ὢν
2879 4335 3283 4406 διανοούμενος,
3307 4334 3406 4405 τὴν
3428 4335 3487 4388 δὲ
3515 4336 3702 4388 Ἀσίαν

441 4423 638 4493 2261)
688 4422 799 4477 lilio
845 4423 1118 4494 Antigono
1193 4423 1619 4480 commendavit.
1690 4425 2016 4483 Ptolemaeus

443 4525 621 4566 autem
676 4513 977 4580 Ceraunus,
1027 4514 1336 4584 Lysimachi
1386 4532 1554 4588 regno
1602 4519 1703 4575 sub
1731 4520 2016 4574 arbitrium

443 4604 655 4659 Seleuci
711 4609 948 4672 redacto,
1001 4617 1056 4663 et
1094 4609 1210 4677 ipse
1246 4610 1348 4664 sub
1383 4625 1449 4666 eo
1497 4611 1756 4667 vivebat:
1789 4626 1892 4668 nec
1931 4621 2016 4666 ta-

442 4712 586 4763 men,
647 4711 744 4751 ceu
796 4699 993 4766 captivi
1034 4699 1174 4765 loco,
1221 4702 1532 4770 neglectim,
1587 4703 1684 4760 sed
1738 4713 1798 4760 ut
1867 4703 2014 4774 regia

440 4785 676 4854 soboles,
711 4786 766 4840 in
797 4785 1001 4843 honore
1029 4800 1085 4845 et
1114 4795 1463 4849 accuratione
1496 4793 1733 4859 habitus,
1767 4796 1878 4850 imo
1902 4810 2017 4848 ma-

438 4873 655 4943 gnificis
701 4877 863 4930 etiam
898 4879 1181 4947 promissis
1209 4892 1438 4938 ornatus
1465 4898 1496 4938 a
1524 4883 1773 4948 Seleuco,
1813 4883 1930 4940 fore
1961 4896 2022 4938 ut

440 4964 696 5019 defuncto
737 4981 957 5035 parente
990 4969 1043 5023 in
1076 4981 1359 5039 paternum
1389 4971 1614 5044 IEgypti
1647 4989 1870 5043 regnum
1919 4975 2019 5029 de-

440 5053 749 5112 duceretur.
815 5057 890 5112 lta
938 5075 1069 5115 sane
1124 5061 1426 5118 liberaliter
1475 5073 1532 5118 et
1575 5065 1873 5122 honorifice
1927 5068 2018 5122 ille

441 5146 791 5202 tractabatur.
844 5151 915 5204 At
958 5152 1231 5206 hominem
1277 5154 1584 5223 improbum
1639 5157 1780 5212 bene
1821 5161 2016 5218 merita

441 5237 612 5292 nihilo
645 5241 926 5296 meliorem
959 5242 1158 5297 fecere.
1189 5243 1328 5297 Nam
1368 5245 1775 5302 benefactorem
1806 5249 2018 5307 insidiis

441 5342 757 5398 oppressum
785 5333 1042 5400 trucidat,
1075 5347 1131 5389 et
1158 5337 1283 5404 equi
1321 5351 1486 5394 cursu
1513 5339 1732 5408 adjutus
1770 5339 2017 5410 Lysima-

2123 4431 2417 4501 Ἀντιγόνῳ
2441 4430 2486 4462 ⁸³
2519 4429 2864 4500 παραθέσθαι
2891 4428 2971 4498 τῷ
3019 4428 3192 4482 παιδί.
3253 4428 3588 4496 Πτολεμαῖος
3649 4426 3704 4478 δὲ

2123 4524 2153 4575 ὁ
2173 4521 2476 4592 Κεραυνὸς,
2503 4521 2609 4574 τῶν
2629 4521 2947 4590 Λυσιμάχου
2972 4519 3310 4590 πραγμάτων
3329 4518 3436 4571 ὑπὸ
3456 4517 3705 4585 Σελεύκῳ

2123 4613 2538 4682 γεγενημένων,
2575 4612 2671 4665 καὶ
2717 4611 2882 4675 αὐτὸς
2925 4611 3016 4664 ὐπ’
3047 4609 3207 4662 αὐτὸν
3251 4609 3444 4672 ὲτέλει,
3477 4609 3577 4677 οὐχ
3627 4608 3703 4670 ὡς

2123 4705 2470 4775 αἰχμάλωτος
2502 4703 2916 4774 παρορώμενος,
2946 4700 3060 4754 ἀλλ’
3081 4698 3168 4754 οἷα
3189 4700 3252 4768 δὴ
3283 4702 3412 4762 παῖς
3433 4699 3703 4770 βασιλέως

2123 4799 2290 4868 τιμῆς
2326 4813 2387 4850 τε
2411 4795 2508 4850 καὶ
2537 4795 2795 4865 προνοίας
2828 4795 3174 4865 ἀξιούμενος,
3209 4793 3270 4846 οὐ
3301 4793 3400 4862 μὲν
3429 4790 3570 4844 ἀλλὰ
3608 4793 3703 4845 καὶ

2124 4888 2453 4958 ὑποσχέσεσι
2488 4949 2490 4952 ν
2525 4885 3017 4956 λαμπρυνόμενος,
3080 4885 3148 4947 ἃς
3213 4882 3364 4954 αὐτῷ
3437 4882 3704 4944 Σέλευκος

2123 4978 2467 5050 προύτεινεν,
2508 4979 2558 5030 εί
2588 4979 2963 5046 τελευτήσειεν
3008 4977 3037 5030 ό
3087 4976 3435 5046 γεινάμενος,
3478 4973 3604 5043 ιτὴν
3655 4973 3702 5004 ⁵ο

2120 5073 2420 5140 Αἴγυπτον,
2458 5069 2725 5141 πατρῴαν
2753 5067 2922 5124 οὖσαν
2953 5069 3150 5140 ἀρχὴν,
3183 5069 3540 5136 καταγαγεῖν.
3575 5065 3705 5137 [717

2123 5165 2220 5237 3.]
2269 5163 2408 5218 Ἀλλ’
2437 5165 2467 5217 ό
2493 5163 2591 5234 μὲν
2611 5161 2868 5232 τοιαύτης
2898 5162 3223 5232 κηδεμονίας
3267 5161 3488 5231 ἠξίωτο,
3532 5158 3707 5212 κακὸν

2123 5256 2182 5310 δὲ
2219 5255 2328 5326 ἄρα
2353 5255 2410 5308 αἱ
2438 5253 2748 5324 εὐεργεσίαι
2775 5253 2929 5307 οὐδὲν
2953 5253 3230 5307 έϐελτίουν
3256 5253 3326 5307 ⁸⁸.
3370 5249 3703 5319 Ἐπισουλὴν

2126 5347 2236 5416 γὰρ
2285 5345 2580 5416 συστήσας,
2605 5343 2934 5416 προσπεσὼν
2980 5344 3070 5398 τὸν
3121 5345 3416 5416 εὐεργέτην
3463 5342 3699 5411 ἀναιρεῖ,

1721 5451 1960 5507 νΛΒΙᾸί
1992 5453 2400 5510 LECTIONES.

447 5531 1086 5629 ..‘I.E‘1":féfﬁ8?§f£:__
1210 5541 1489 5624 Ἠρεκλῆε
1513 5559 1668 5629 5.0!!-
1700 5545 1739 5598 Α
1777 5562 1801 5629 ε,
1837 5545 2128 5629 "ipse-15!:
2155 5565 2249 5629 ςοη
2287 5546 2339 5629 .“
2365 5542 2611 5629 *dﬁéwﬂ
2656 5543 2780 5629 ιίίπέ
3051 5541 3382 5629 simae
3421 5560 3434 5591 ε
3467 5539 3695 5629 caiis-

523 5603 663 5688 κατὲ
697 5603 1120 5688 Νέοδοᾳέθηηυδ
1159 5629 1170 5664 ε
1208 5603 1346 5684 μεὶὰ
1372 5603 1477 5676 τιν
1511 5613 1554 5646 ’⁵³
1589 5603 2183 5688 ἈντιγόἨρΪΛντιόχιιῖ
2215 5603 2528 5674 Ρίιιιιιεῐῖιιίς.
2569 5603 2612 5648 ⁸⁵
2649 5613 2768 5684 τὴν]
2799 5603 3004 5683 εἰς’τήν
3048 5603 3404 5668 llmschelius.
3465 5603 3507 5643 δ’
3531 5603 3700 5662 262).-

443 5668 602 5749 sicut!
631 5674 675 5726 A
708 5691 720 5728 :
755 5675 1040 5730 ἐπετέλουν
1071 5694 1127 5741 ς’.
