3972 6248
347 269 450 332 893

1452 268 1979 332 BIBLIOTHECA.
2015 257 2084 308 4—
2117 271 2278 334 con.
2312 273 2612 338 ccxxw.

3502 278 3611 342 894

346 383 442 436 καὶ
473 382 642 436 ἵππου
671 382 870 447 ἐπιϐὰς
909 370 1046 453 πρὸς
1095 381 1442 454 Λυσιμαχίαν
1499 383 1726 452 φεύγει·
1779 385 1838 438 ἐν

2046 382 2206 437 :hiam
2252 382 2526 453 profugit:
2562 384 2652 438 ub.
2688 385 3072 456 imposito_sihi
3114 385 3445 451 diademate,
3480 403 3604 442 cum

340 473 578 544 διάδημα
607 474 966 546 περιθέμενος
989 475 1127 545 μετὰ
1150 475 1410 546 λαμπρᾶς
1432 475 1757 546 δορυφορίας
1781 493 1920 528 κατ-

2032 474 2320 531 satellitum
2351 491 2513 530 manu
2537 476 2941 545 speciosissima
2980 479 3048 532 ad
3080 480 3380 534 exercitum
3413 481 3605 534 tendit.

344 563 559 616 ἐϐαινεν
607 566 690 627 είς
750 565 813 617 τὸ
857 565 1204 635 στράτευμα,
1255 566 1562 635 δεχομένων
1604 567 1771 619 αὑτὸν
1814 565 1920 621 ὑπὸ

2046 567 2111 622 lbi
2153 566 2477 622 necessitate
2508 569 2774 638 compulsi
2829 584 2951 623 eum
3003 571 3293 640 recipiunt,
3321 579 3376 624 et
3428 586 3610 639 regem

342 656 442 722 τῆς
497 655 747 724 ἀνάγκης
789 658 887 710 καὶ
927 656 1152 727 βασιλέα
1192 657 1500 712 καλούντων
1553 658 1602 712 οἳ
1653 658 1920 729 πρότερον

2046 658 2290 723 salutant,
2336 660 2426 727 qui
2471 659 2632 728 paulo
2675 667 2801 715 ante
2851 661 3078 720 Seleuco
3125 665 3455 718 sacramenti
3484 663 3612 717 reli-

343 744 594 815 Σελεύκῳ
625 746 922 816 ὑπήκουον.

2032 753 2192 823 gione
2219 751 2428 806 astricti
2461 761 2643 806 erant.

496 863 628 919 CAP.
672 862 813 918 XIV.
849 894 921 904 —
953 864 1200 934 Antigoni
1244 863 1506 931 expeditio
1554 863 1606 916 in
1645 859 1973 928 Ceraunum,
2008 859 2430 917 Ileracliensium
2460 861 2661 917 auxilio
2686 863 3025 918 instructum.
3057 865 3301 935 Antigoni
3321 865 3471 936 fuga.

429 957 736 1026 ’Δντίγονος
767 955 824 1010 δὲ
858 957 888 1010 ὁ
914 956 1230 1028 Δημητρίου
1268 955 1338 1010 τά
1376 955 1770 1027 συνενεχθέντα
1817 972 1926 1026 μα·-

2100 955 2407 1024 Antigonus
2448 963 2628 1008 autem
2686 954 2944 1010 Demetrii
2994 956 3160 1022 filius,
3190 957 3294 1013 hoc
3327 959 3612 1017 intellecto

345 1051 478 1114 θὼν,
514 1050 612 1103 ἐπὶ
647 1048 987 1104 Μακεδονίαν
1029 1049 1326 1102 διαϐαίνειν
1347 1047 1624 1118 ἐπεχείρει
1657 1045 1808 1117 πεζῷ
1830 1046 1926 1100 καὶ

2046 1060 2184 1110 :asu,
2219 1045 2624 1115 expeditionem
2671 1047 2910 1118 suscepit
2934 1047 2987 1102 in
3023 1049 3415 1117 Macedoniam,
3444 1056 3610 1123 pedc-
3645 1068 3652 1124 ς

341 1138 506 1211 νηΐτῃ
535 1135 932 1207 στρατεύματι,
955 1135 1269 1207 προφθάσαι
1302 1134 1550 1188 σπεύδων
1588 1135 1682 1187 τὸν
1720 1133 1929 1188 Πτολε-

2046 1139 2239 1195 itribus
2296 1149 2350 1193 et
2391 1137 2627 1192 nauticis
2667 1139 2838 1208 cupiis
2887 1140 3239 1197 Ptolemaeum
3301 1147 3616 1202 antevenire

347 1227 530 1296 μαῖον.
585 1223 647 1278 '0
680 1223 738 1277 δὲ
772 1225 1108 1294 Πτολεμαῖος
1129 1223 1230 1286 τὰς
1260 1222 1577 1292 Λυσιμάχου
1605 1222 1740 1292 νῆας
1785 1219 1926 1292 έχων

2046 1242 2353 1297 iroperans.
2387 1227 2458 1282 At
2489 1226 2816 1285 Ptolemaeus
2883 1232 3164 1300 expeditas
3219 1233 3422 1290 habens
3451 1234 3613 1306 Lys?-

342 1316 569 1387 ἀπήντα
597 1315 694 1370 καὶ
723 1314 1241 1385 ἀντιπαρετάττετο.
1284 1308 1468 1368 Ἦσαν
1521 1313 1568 1366 δ’
1615 1314 1674 1366 ἐν
1729 1313 1924 1377 αὐταῖς

339 1404 503 1460 ἄλλαι
537 1421 597 1457 τε
629 1402 855 1475 καὶτῆς
897 1403 1223 1475 Ἡρακλείας
1277 1405 1332 1457 αἱ
1377 1404 1787 1476 μετάπεμπτοι,
1826 1404 1921 1471 ἑξ·-

341 1498 503 1568 ήρεις
537 1514 596 1550 τε
627 1497 722 1549 καὶ
748 1497 1040 1567 πεντήρεις
1067 1511 1129 1548 τε
1171 1494 1266 1549 καὶ
1293 1495 1588 1568 ἄφρακτοι,
1625 1494 1723 1549 καὶ
1759 1495 1924 1566 ὀκτή-

2029 1317 2207 1374 machi
2259 1332 2445 1384 naves,
2515 1317 2779 1373 instructa
2822 1321 2940 1376 acie
2991 1323 3270 1378 occurrit:
3303 1325 3446 1380 inter
3481 1341 3615 1395 quas

2031 1423 2190 1468 erant
2219 1421 2332 1468 tum
2373 1413 2514 1482 aliae,
2551 1423 2662 1468 tum
2691 1415 2759 1469 ab
2788 1414 3048 1471 Heraclea
3086 1420 3365 1473 accersitae
3387 1420 3616 1477 hexeres

2037 1515 2092 1560 et
2109 1515 2383 1576 penteres,
2414 1515 2468 1562 et
2499 1507 2697 1576 quibus
2729 1507 3022 1578 Aphractis
3052 1520 3136 1566 est
3158 1526 3351 1566 nomen
3387 1521 3480 1566 ιρι
3510 1527 3616 1567 una

346 1607 451 1660 ρης
482 1589 584 1660 μία
610 1591 644 1659 ἡ
671 1589 1024 1658 λεοντοφόρος
1041 1588 1373 1660 καλουμένη,
1400 1588 1666 1657 μεγέθους
1683 1588 1730 1620 ⁸⁸
1759 1587 1924 1640 ἕνεκα

2046 1597 2259 1664 αιτιοι-ῖς,
2294 1597 2470 1652 leonis
2499 1596 2630 1652 feras
2689 1598 2909 1654 nomine
2938 1599 3194 1671 insignis,
3230 1618 3354 1670 quae
3405 1603 3616 1672 magni-

340 1685 443 1737 καὶ
480 1682 713 1746 κάλλους
735 1681 946 1753 ἥκουσα
971 1683 1050 1745 είς
1077 1679 1262 1749 θαῦμα
1285 1697 1299 1712 ο
1335 1681 1394 1734 ὲν
1416 1679 1591 1753 ταύτῃ
1610 1679 1718 1750 γάρ
1752 1685 1798 1752 ρ’
1825 1679 1926 1750 μὲν

2035 1686 2225 1742 tudine
2269 1695 2324 1742 et
2363 1687 2631 1757 elegantia
2685 1687 2738 1742 in
2785 1688 3204 1744 admirationem
3257 1692 3528 1746 veniebat.
3556 1691 3614 1745 In

337 1773 537 1842 ἄνδρες
578 1773 809 1826 ἕκαστον
859 1774 1070 1841 στοῖχον
1098 1771 1144 1803 ⁸³
1173 1771 1421 1842 ῆρεττον,
1455 1770 1530 1833 ὼς
1571 1777 1630 1824 ω’
1660 1773 1726 1823 ἐκ
1769 1770 1928 1823 θατέ-

2046 1793 2132 1832 iac
2152 1777 2299 1832 enim
2325 1777 2429 1833 100
2457 1778 2578 1845 viri,
2605 1793 2718 1834 sua:
2745 1780 2946 1849 quique
2980 1781 3240 1834 centuriae
3288 1781 3498 1846 ordine,
3534 1796 3620 1835 re.

341 1884 440 1939 pou
477 1866 679 1937 μέρους
703 1864 980 1934 γενέσθαι,
1007 1864 1066 1928 ἐξ
1100 1862 1380 1934 ἑκατέρων
1404 1863 1460 1916 δὲ
1489 1861 1692 1933 χιλίους
1729 1861 1824 1916 καὶ
1844 1865 1891 1932 χ’
1909 1877 1923 1892 ο

339 1959 394 2011 οἱ
437 1958 494 2010 δὲ
520 1958 627 2010 ἀπὸ
659 1956 768 2010 τῶν
815 1954 1302 2026 καταστρωμάτων
1353 1951 1724 2023 μαχησόμενοι
1765 1950 1926 2021 χίλιοι

338 2048 443 2104 καὶ
482 2055 528 2101 σ¹
553 2089 568 2114 ,
605 2049 700 2102 καὶ
741 2047 1071 2119 κυϐερνῆται
1113 2044 1178 2116 β’.
1213 2045 1322 2116 Τῆς
1347 2043 1440 2099 οὖν
1468 2042 1744 2114 συμϐολῆς
1780 2059 1929 2110 γενο-

343 2136 546 2207 μένης,
570 2138 764 2208 κρατεῖ
797 2135 1135 2203 Πτολεμαῖος
1177 2133 1238 2187 τὸ
1281 2133 1538 2188 ναυτικὸν
1583 2133 1928 2203 τρεψάμενος

337 2227 442 2282 τοῦ
471 2227 810 2297 Ἀντιγόνου,
842 2228 1213 2300 ἀνδρειότερον
1237 2226 1348 2280 τῶν
1378 2225 1554 2280 ἄλλων
1580 2223 1930 2294 ἀγωνισαμέ-

337 2339 454 2378 νων
504 2322 551 2354 ⁵⁵
606 2322 663 2376 αἳ
706 2317 849 2392 ἦσαν
891 2321 949 2389 ἐξ
998 2318 1430 2392 Ἡρακλεώτιδος
1455 2335 1468 2348 ·
1505 2319 1685 2372 αὐτῶν
1716 2318 1776 2372 δὲ
1816 2317 1927 2371 τῶν

349 2415 808 2489 Ἠρακλεωτίδων
839 2416 900 2469 τὸ
948 2415 1226 2486 ἐξαίρετον
1267 2414 1463 2486 ἔφερεν
1498 2416 1532 2485 ἡ
1577 2413 1928 2484 λεοντοφόρος

338 2508 608 2579 όκτήρης.
651 2506 807 2562 Οὕτω
841 2505 1028 2570 κακῶς
1072 2505 1379 2575 Ἀντίγονος
1407 2504 1484 2575 τῷ
1512 2505 1684 2577 στόλῳ
1714 2504 1929 2576 πράξας

339 2597 581 2677 εἰςετὴν
639 2597 904 2650 Βοιωτίαν
951 2597 1291 2668 ἀνεχώρησε.
1345 2597 1682 2666 Πτολεμαῖος
1729 2596 1788 2649 δὲ
1835 2596 1931 2649 ἐπὶ

337 2691 690 2748 Μακεδονίαν
715 2691 889 2764 διέϐῃ,
917 2692 1010 2746 καὶ
1037 2691 1270 2762 βεϐαίως
1299 2690 1426 2762 ἔσχε
1456 2690 1556 2762 τὴν
1586 2691 1785 2762 ἀρχήν.

2036 1883 2155 1922 mos
2175 1868 2461 1932 ducebant,
2491 1877 2551 1923 ut
2604 1885 2669 1924 ex
2723 1869 2890 1926 altera
2931 1879 3087 1941 parte
3118 1871 3244 1935 800,
3272 1888 3338 1927 ex
3391 1885 3620 1941 utraque

2035 1967 2216 2010 autem
2250 1954 2388 2010 1600
2423 1971 2646 2012 numero
2677 1966 2860 2012 essent
2893 1972 2908 2011 :
2941 1959 3033 2028 qui
3079 1973 3213 2014 vero
3253 1959 3321 2016 de
3347 1959 3484 2015 foris
3518 1975 3620 2029 pu-

2035 2057 2290 2116 gnarent,
2336 2047 2497 2103 i200.
2529 2048 2600 2103 Et
2628 2049 2732 2104 duo
2771 2049 2984 2104 inerant
3007 2051 3423 2120 gubernatores.
3461 2053 3623 2108 Post-

2037 2155 2200 2209 quam
2228 2141 2283 2194 in
2317 2141 2488 2196 aciem
2522 2142 2848 2197 descensum
2875 2145 3246 2213 est,superior
3280 2145 3461 2199 evadit
3492 2143 3618 2198 Pto-

2036 2231 2348 2297 lemaeus,in
2377 2231 2561 2303 fugam
2597 2249 2754 2289 versa
2784 2233 3039 2304 Antigoni
3078 2235 3276 2289 classe.
3297 2235 3396 2290 Ubi
3421 2235 3621 2290 fortius

2035 2325 2250 2380 caeteris
2291 2335 2600 2395 pugnarunt
2638 2342 2808 2382 naves
2868 2341 2934 2380 ex
2992 2327 3389 2392 i‘leracleotidc,
3424 2337 3478 2381 et
3507 2327 3626 2396 pal-

2037 2431 2180 2469 mam
2212 2416 2357 2470 inter
2393 2418 2490 2471 has
2523 2418 2644 2471 tulit
2680 2417 3280 2473 octoremisleonilera.
3319 2418 3614 2473 Sinistram

2037 2509 2222 2578 itaque
2251 2510 2518 2562 fortunam
2539 2509 2734 2565 classis
2761 2522 3016 2580 expertus
3032 2511 3360 2580 Antigonus,
3388 2513 3440 2566 in
3460 2511 3626 2568 Boeo-

2039 2602 2172 2656 tiam
2201 2617 2262 2656 se
2286 2603 2495 2672 recepit
2521 2621 2534 2658 :
2559 2613 2613 2657 et
2646 2601 2998 2670 Ptolemaeus,
3027 2605 3258 2659 transitu
3291 2605 3344 2660 in
3381 2605 3630 2661 Macedo-

2041 2694 2188 2748 niam
2225 2693 2390 2759 facto,
2418 2694 2530 2762 jam
2563 2695 2797 2749 ﬁrmiter
2831 2710 3054 2768 regnum
3102 2698 3343 2752 tenebat.

718 2807 847 2862 CAP.
877 2804 996 2860 XV.
1020 2836 1086 2848 --
1114 2805 1341 2861 Cerauni
1388 2807 1594 2878 ﬂagitia
1625 2817 1674 2862 et
1731 2807 1999 2867 interitus.
2021 2808 2273 2879 Antigoni
2304 2809 2363 2862 in
2395 2824 2553 2878 regno
2584 2806 2915 2863 Macedonia:
2944 2809 3228 2864 successio.

418 2900 632 2954 Δύτικα
653 2898 812 2968 γοῦν,
849 2899 948 2970 τὴν
973 2899 1180 2952 οἰκείαν
1211 2899 1412 2970 μᾶλλον
1436 2900 1714 2970 ὲκφαίνων
1751 2900 1933 2954 σκαιό-

341 3008 511 3063 τητα,
551 2991 840 3063 ’Δρσινόην
866 2991 987 3061 μὲν,
1011 2989 1088 3054 ὡς
1139 2990 1371 3060 πάτριον
1410 2989 1568 3044 τοῦτο
1607 2991 1723 3052 τοῖς
1761 2989 1934 3058 Δίγυ-

340 3084 557 3148 πτίοις,
586 3084 686 3154 τὴν
731 3083 967 3153 ἀδελφὴν
1018 3084 1207 3152 γαμεῖ,
1234 3083 1362 3146 τοὺς
1413 3083 1478 3136 ὲκ
1509 3081 1828 3153 Λυσιμάχου
1873 3080 1932 3134 δὲ
1959 3113 2003 3174 c

341 3178 552 3240 παῖδας
599 3177 737 3247 αὐτῇ
764 3177 1164 3246 γεγενημένους
1190 3176 1404 3246 ἀναιρεῖ
1426 3191 1442 3206 ο
1481 3174 1600 3247 μεθ’
1629 3173 1724 3239 οὓς
1744 3172 1931 3228 κάκεί-

339 3285 452 3338 νην
476 3269 577 3338 τῆς
619 3267 893 3338 βασιλείας
919 3267 1080 3338 ὲξεκή
1092 3266 1238 3338 ρυξε.
1276 3267 1386 3320 Καὶ
1413 3263 1585 3318 πολλὰ
1610 3264 1707 3318 καὶ
1736 3264 1932 3335 παρά-

341 3378 496 3431 νομα
529 3362 590 3413 ὲν
632 3360 752 3412 δυσὶ
825 3358 1269 3430 διαπραξάμενος
1309 3357 1355 3391 ⁵⁸
1408 3355 1576 3422 ἔτεσι,
1626 3352 1931 3409 Γαλατικοῦ

347 3453 487 3527 [373
530 3451 627 3524 Η.]
676 3453 878 3522 μέρους
924 3452 1026 3522 τῆς
1073 3450 1334 3522 πατρίδος
1365 3449 1804 3520 μεταναστάντος
1843 3447 1934 3502 διὰ

345 3545 536 3617 λιμὸν,
563 3544 660 3597 καὶ
681 3543 1026 3598 Μακεδονίαν
1063 3541 1483 3596 καταλαϐόντων
1503 3539 1600 3593 καὶ
1638 3540 1718 3604 είς
1749 3539 1933 3609 μάχην

346 3637 510 3707 αύτῷ
540 3635 916 3706 συναψάντων,
946 3634 1113 3700 ἀξίως
1137 3632 1238 3703 τῆς
1259 3631 1538 3703 ὠμότητος
1565 3631 1933 3702 καταστρέφει

349 3729 448 3782 τὸν
503 3727 638 3798 βίον,
691 3726 1126 3798 διασπαραχθεὶς
1174 3726 1280 3779 ὑπὸ
1319 3723 1428 3777 τῶν
1472 3722 1728 3776 Γαλατῶν
1755 3738 1768 3753 ·
1824 3721 1935 3786 ζῶν

348 3823 469 3893 γὰρ
503 3820 734 3892 ἐλήφθη,
767 3820 864 3874 τοῦ
889 3820 1205 3890 ἐλέφαντος,
1230 3821 1289 3872 ὲν
1312 3810 1357 3885 ᾧ
1388 3816 1602 3886 ὠχεῖτο,
1634 3813 1937 3886 τρωθέντος

353 3919 456 3970 καὶ
484 3915 884 3977 καταϐαλόντος
921 3913 1106 3967 αὐτόν.
1151 3909 1456 3974 Ἀντίγονος
1481 3909 1540 3962 δὲ
1569 3909 1596 3961 ό
1620 3903 1937 3977 Δημητρίου

351 4007 617 4078 ἡττηθεὶς
664 4007 711 4038 ⁸⁵
756 4005 853 4083 ’τῷ⁶
874 4003 1135 4075 ναυτικῷ,
1187 4002 1526 4073 Πτολεμαίου
1582 3998 1935 4073 ἀνῃρημένου

349 4101 459 4172 τὴν
489 4099 818 4155 Μακεδόνων
849 4097 1118 4169 λαμϐάνει
1145 4098 1339 4169 ἀρχήν.

2117 2899 2314 2955 Statim
2344 2901 2529 2970 igitur,
2567 2911 2625 2954 ut
2690 2901 3010 2972 improbitas
3070 2900 3190 2972 ejus
3245 2915 3311 2956 eo
3366 2901 3625 2970 magisin

2040 2991 2230 3048 oculos
2263 2993 2546 3047 hominum
2582 2993 2848 3060 incurrat,
2879 2993 3154 3054 Arsinoen
3182 3007 3452 3058 sororem,
3483 2994 3627 3063 quod

2040 3085 2278 3153 patrium
2313 3085 2418 3140 hoc
2453 3085 2524 3139 sit
2571 3084 2844 3155 Egyptiis
2876 3085 3237 3154 praetendens,
3296 3085 3627 3139 matrimonii

2041 3178 2243 3234 findere
2270 3177 2373 3232 sibi
2425 3177 2698 3247 astringit,
2749 3186 2805 3233 et
2849 3186 3004 3231 natos
3053 3175 3105 3232 ei
3184 3191 3249 3231 ex
3305 3175 3630 3245 Lysimacho

2042 3270 2278 3326 trucidat
2311 3286 2325 3323 :
2357 3269 2489 3338 quin
2512 3284 2638 3323 mox
2665 3269 2830 3323 etiam
2864 3268 3061 3336 ipsam,
3090 3283 3194 3322 non
3236 3268 3376 3323 citra
3433 3276 3630 3323 contu-

2042 3361 2286 3426 meliam,
2347 3375 2516 3431 regno
2564 3360 2806 3430 expellit.
2853 3360 3098 3428 Cumque
3145 3359 3377 3429 plurima
3439 3370 3629 3413 contra

2051 3451 2212 3505 deum
2238 3449 2630 3518 hominumque
2669 3449 2980 3519 legesintra
3011 3449 3288 3503 biennium
3317 3457 3630 3516 perpetras-

2044 3555 2152 3610 set,
2205 3543 2408 3599 accidit
2465 3553 2524 3597 ut
2581 3558 2710 3614 pars
2764 3544 3012 3613 quaedam
3067 3541 3344 3596 Gallorum
3380 3539 3524 3593 fame
3563 3554 3630 3593 ex

2040 3636 2219 3706 patria
2275 3636 2513 3706 migrare
2582 3643 2795 3697 coacta,
2837 3632 3211 3689 Macedoniam
3266 3629 3631 3696 invaderet,a

2043 3728 2258 3796 quibus,
2313 3735 2568 3783 conserto
2603 3727 2822 3796 pt‘tPiiO,
2879 3741 2980 3781 rex
3037 3724 3193 3778 vivus
3232 3724 3470 3794 capitur,
3518 3720 3628 3774 ele-

2043 3821 2269 3890 phanto,
2303 3833 2411 3888 quo
2462 3817 2784 3881 vehebatur,
2842 3814 3087 3871 sauciato
3142 3829 3427 3880 excussus,
3477 3821 3533 3866 et
3565 3810 3634 3864 ab

2039 3908 2295 3964 hostibus
2344 3908 2671 3977 discerptus,
2701 3908 2922 3977 dignum
2946 3905 3390 3962 crudelitateisua
3431 3902 3634 3972 227a

2045 4002 2250 4056 exitum
2279 4000 2506 4055 invenit.
2543 4000 2850 4071 Antigonus
2877 4008 3058 4054 autem
3110 3997 3396 4062 Demetrii,
3415 3996 3505 4065 qui
3535 4010 3635 4063 pti-

2049 4108 2151 4162 gna
2177 4091 2341 4160 (quod
2391 4090 2595 4145 dictum
2628 4091 2732 4162 est)
2782 4090 2961 4144 navali
2993 4089 3511 4156 succiibuerai,jain
3539 4088 3636 4140 ho-

2050 4193 2134 4240 ste
2153 4183 2388 4249 sublato,
2416 4181 2756 4237 Macedonia:
2777 4197 3004 4252 regnum
3031 4190 3280 4251 occupat.

742 4301 873 4356 CAP.
907 4298 1047 4354 XVI.
1079 4328 1150 4340 —
1190 4299 1460 4355 Patrocles
1496 4299 1748 4354 Antiochi
1796 4298 2080 4368 prtefertus
2125 4316 2158 4352 a
2235 4296 2479 4366 Bithynis
2540 4312 2660 4349 cum
2700 4295 2936 4348 exercitu
2985 4273 3210 4349 avditur

443 4394 505 4449 Ὀ
526 4391 583 4448 δὲ
613 4393 876 4448 Σελεύκου
920 4393 1193 4463 Ἀντίοχος
1225 4391 1438 4455 πολλοῖς
1466 4391 1745 4461 πολέμοις,
1773 4392 1821 4444 εί
1845 4391 1934 4443 καὶ

2111 4385 2417 4442 Antiochus
2456 4385 2699 4452 interim,
2737 4384 2951 4440 Seleuci
3007 4384 3179 4448 filius,
3215 4398 3337 4437 cum
3377 4382 3462 4436 vix
3513 4391 3637 4434 tan-

363 4487 518 4561 μῶις
545 4488 642 4541 καὶ
669 4488 791 4540 οὐδὲ
827 4489 1031 4552 πᾶσαν,
1062 4487 1214 4556 ὅμως
1253 4484 1680 4553 ἀνασωσάμενος
1713 4483 1816 4552 τὴν
1839 4500 1946 4535 πα-

357 4580 545 4653 τρῴαν
596 4579 792 4651 ἀρχὴν,
849 4580 1060 4650 πέμπει
1118 4578 1426 4647 στρατηγὸν
1476 4574 1797 4646 Πατροκλέα
1847 4575 1948 4627 σὺν

361 4671 806 4743 ἐκστρατεύματι
854 4672 935 4734 είς
980 4671 1079 4740 τὴν
1123 4669 1344 4723 ἐπιτάδε
1375 4669 1472 4722 τοῦ
1521 4668 1768 4738 Ταύρου·
1813 4670 1842 4722 ὁ
1886 4668 1946 4722 δὲ

375 4766 715 4837 Ἑρμογένην
737 4766 781 4798 ⁵⁷
810 4765 1212 4834 προσαιρεῖται,
1246 4764 1308 4816 τὸ
1345 4763 1501 4832 γένος
1542 4761 1855 4816 Ἀσπένδιον
1875 4761 1944 4827 ⁵⁸,

363 4858 424 4923 ὃς
473 4857 567 4912 ὲπί
620 4875 682 4910 τε
735 4857 919 4922 πόλεις
964 4855 1130 4917 ἄλλας
1180 4856 1274 4909 καὶ
1319 4855 1413 4908 ἐπὶ
1460 4853 1558 4924 τὴν
1614 4851 1948 4920 Ἡράκλειαν

329 4987 332 4990 ~
367 4948 596 5019 ὥρμητο
621 4947 915 5004 εἰσϐαλεῖν.
946 4947 1070 5002 Τῶν
1097 4947 1156 5001 δὲ
1198 4945 1595 5017 Ἡρακλεωτῶν
1622 4945 1759 5016 πρὸς
1787 4941 1951 4996 αὑτὸν

369 5039 869 5108 πρεσϐευσαμένων
895 5039 963 5102 ⁵⁸,
987 5038 1088 5108 τῆς
1115 5036 1301 5108 χώρας
1328 5037 1602 5106 ἀναχωρεῖ
1639 5033 1734 5086 καὶ
1767 5032 1952 5102 φιλίαν

373 5131 702 5198 συντίθεται,
726 5131 820 5183 ἐπὶ
866 5130 965 5200 τὴν
997 5129 1251 5183 Βιθυνίαν
1293 5128 1384 5182 διά
1413 5127 1516 5197 τῆς
1545 5125 1787 5197 Φρυγίας
1819 5141 1954 5195 τρα-

373 5227 629 5297 πόμενος.
670 5223 1038 5295 Ἐνεδρευθεὶς
1059 5223 1116 5276 δὲ
1147 5223 1250 5275 ὑπὸ
1279 5221 1388 5274 τῶν
1417 5219 1659 5274 Βιθυνῶν
1687 5218 1953 5288 διεφθάρη

375 5335 436 5370 τε
467 5319 631 5382 αὐτὸς
667 5318 764 5371 καὶ
801 5320 835 5388 ἡ
883 5320 980 5370 σὺν
1011 5316 1160 5387 αὐτῷ
1190 5315 1440 5385 στρατιὰ,
1475 5313 1667 5383 ἀνδρὸς
1710 5311 1849 5383 ἔργα
1891 5310 1953 5363 τὸ

380 5410 499 5464 καθ’
533 5411 726 5465 ἑαυτὸν
751 5412 830 5475 εἰς
857 5410 1150 5480 πολεμίους
1171 5409 1216 5441 ⁸⁸
1240 5407 1669 5476 ἐπιδειξάμενος.

2051 4481 2174 4535 dem
2205 4479 2392 4533 multis
2459 4477 2645 4541 bellis,
2698 4490 2803 4541 nec
2862 4476 3177 4529 universum
3219 4485 3401 4529 tamen
3465 4475 3638 4543 patris

2052 4586 2278 4642 regnum
2311 4577 2711 4639 recuperasset,
2779 4568 3088 4637 etpeditam
3146 4581 3368 4620 manum
3411 4567 3465 4620 in
3497 4566 3638 4620 ulte-

2052 4665 2198 4718 riora
2232 4662 2395 4717 Tauri
2417 4662 2607 4726 mittit,
2632 4660 2886 4716 Patrocle
2909 4659 3066 4725 duce,
3097 4659 3189 4729 qui
3218 4658 3638 4730 Hermogenem,

2049 4755 2386 4824 Aspendium
2431 4769 2656 4825 genere,
2686 4753 2924 4821 legatum
2958 4751 3062 4806 sibi
3091 4752 3332 4821 adoptat.
3369 4749 3468 4804 Hic
3513 4765 3638 4804 cum

2061 4849 2200 4903 alias
2239 4847 2424 4911 urbes,
2457 4855 2572 4901 tum
2614 4843 2933 4900 Heracleam
2971 4857 3191 4912 quoque
3221 4842 3482 4896 infestare
3503 4855 3638 4895 con-

2050 4939 2305 4995 stituerat
2338 4955 2353 4992 :
2387 4952 2577 4992 verum
2619 4933 3053 4989 Heracliensium
3087 4932 3357 5002 legatione
3391 4932 3639 5002 placatus

2050 5045 2082 5084 e
2099 5029 2295 5085 finibus
2316 5043 2504 5084 eorum
2523 5026 2758 5091 excedit,
2777 5035 2834 5079 et
2856 5040 3119 5096 percusso
3140 5023 3394 5078 amicitiae
3412 5022 3636 5088 foedere,

2054 5137 2153 5192 per
2175 5120 2427 5192 Phrygize
2459 5134 2624 5189 agros
2653 5121 2706 5172 in
2741 5117 3056 5188 Bithyniam
3091 5131 3153 5172 se
3203 5115 3495 5172 convertit.
3531 5113 3639 5167 Ex-

2056 5224 2245 5284 ceptus
2279 5228 2405 5268 vero
2434 5211 2790 5282 Bithynorum
2843 5211 3080 5274 insidiis,
3114 5223 3218 5263 una
3253 5221 3376 5261 cum
3391 5193 3634 5260 eiercitu

2064 5307 2441 5364 internecione
2493 5305 2740 5369 caeditur,
2781 5320 2906 5360 cum
2961 5301 3169 5359 strenui
3215 5299 3321 5355 viri
3374 5298 3639 5364 facinora,

2065 5417 2165 5456 suo
2188 5401 2328 5464 loco,
2369 5400 2425 5454 in
2460 5398 2644 5456 hostes
2682 5399 2964 5454 edidisset.

1654 5521 1892 5576 VARIIE
1928 5515 2334 5574 LECTIONES.

452 5620 495 5651 "
532 5618 654 5672 καλ.
691 5621 724 5688 ἡ
756 5617 1018 5686 μεγέθους
1046 5635 1106 5680 ς.
1182 5617 1225 5647 ⁸³
1257 5617 1484 5668 ἕκαστον
1518 5617 1729 5688 στοῖχον
1764 5612 2064 5688 l’almcrjus
2084 5652 2098 5671 .
2147 5613 2352 5688 ἕκατον.
2379 5621 2587 5685 στοιχον
2684 5625 2696 5658 :
2748 5604 3129 5688 έκμητόσητοιχον
3155 5621 3215 5666 ς.
3291 5601 3338 5633 δι
3369 5598 3644 5688 έχωνισεξ-

390 5689 548 5773 μένου
573 5708 632 5755 ς.
710 5691 754 5722 ⁸⁵
780 5689 1161 5748 διαναστάντος
1202 5704 1260 5748 ς.

389 5755 493 5814 διον
517 5762 579 5816 Α.
658 5761 703 5793 ⁵⁸
735 5758 1320 5829 διαπρεσϐευσαμέθων
1349 5774 1406 5821 ς.
1443 5755 1448 5756 ⁷
1489 5756 1533 5785 ⁶⁰
1587 5755 1850 5825 πολέμους
1875 5770 1931 5817 ’ξι

1338 5688 1384 5716 ”
1420 5667 1673 5756 ἡττηθείξ
1706 5684 1747 5737 Α
1772 5667 1796 5736 7:
1826 5683 2029 5753 ἡττήθη
2054 5667 2108 5748 τ’.
2147 5676 2422 5738 addcndus
2457 5667 2739 5734 articulus.
2814 5676 2856 5707 ⁵⁷
2898 5667 3235 5745 Ἑρμογένης
3265 5689 3326 5738 ς.
3373 5667 3646 5748 ⁵⁸.Ἀσπέ-
