3972 6248
377 259 478 325 895

1537 249 1805 318 PHOTII
1838 249 2350 317 PATRIARCH/E
2389 249 2502 312 (ΣΡ.

3545 242 3651 310 896

784 370 914 428 CAP.
968 367 1136 426 XVII.
1180 399 1254 412 —
1283 366 1708 422 Heracliemium
1773 381 1894 420 cum
1955 362 2244 418 Nicomede
2293 361 2542 415 hocietas
2577 369 2627 415 et
2680 360 2887 414 urbium
2919 357 3262 428 recuperatio.

420 472 564 542 'Hac
578 487 646 543 de
676 500 864 553 causa,
890 484 1162 541 Antiocho
1195 483 1249 539 in
1276 483 1542 554 Bithynos
1567 481 1967 551 expeditionem

2144 476 2246 530 Διά
2289 476 2466 531 ταῦτα
2493 476 2558 546 δὴ
2592 475 3012 545 ἐπιστρατεύειν
3040 472 3342 542 ἐγνωκότος
3376 471 3650 543 Ἀντιόχου

379 578 720 641 instituente,
762 592 856 632 rex
885 576 1078 632 borum
1095 575 1418 632 Nicomedes
1443 589 1539 644 per
1567 573 1771 644 legatos
1787 573 1964 629 subsi-

379 671 528 726 dium
558 672 625 724 ab
657 669 1103 725 Heraclie‘nsibus
1140 669 1279 737 petit
1324 678 1381 724 et
1420 668 1704 739 impetrat:
1731 667 1961 736 gratiam

378 776 438 816 se
465 761 782 825 relaturum,
815 760 906 815 ubi
941 760 994 814 in
1028 760 1191 816 simili
1233 760 1565 815 necessitate
1599 766 1816 829 tempus
1865 757 1964 813 ﬂa-

382 853 536 919 gitet,
577 850 873 920 pollicitus.
925 850 1038 907 Hac
1075 852 1366 906 occasione
1386 851 1629 914 Cierum,
1677 861 1732 906 et
1781 847 1962 918 Tium,

379 950 435 996 et
478 941 761 996 Thinidem
796 951 1020 1009 terram,
1053 943 1239 997 multis
1268 944 1524 1012 expensis
1563 941 1628 996 ad
1691 956 1752 997 se
1804 941 1966 996 redu-

380 1039 601 1087 xerunt.
642 1033 918 1086 Amastrin
964 1033 1175 1087 interea
1206 1035 1351 1103 (qua:
1397 1043 1451 1100 et
1489 1032 1606 1101 ipsa
1665 1046 1787 1086 cum
1847 1031 1967 1086 aliis

382 1124 634 1193 adempta
668 1124 869 1192 fuerat)
906 1131 1019 1178 tam
1051 1124 1192 1179 bello
1235 1141 1396 1193 quam
1428 1127 1606 1195 pretio
1641 1139 1966 1196 recuperare

383 1217 508 1271 dum
538 1217 884 1286 percupiunt,
920 1231 1177 1273 successu
1201 1226 1392 1273 carent
1439 1218 1598 1272 {elice
1627 1235 1642 1278 ;
1681 1226 1962 1288 propterea

382 1308 527 1376 quod
566 1308 657 1378 qui
688 1307 834 1362 illam
870 1310 1092 1364 tenebat
1151 1310 1444 1376 Eumenes,
1478 1310 1832 1377 Ariobazani,
1866 1310 1967 1364 hli-

382 1399 640 1453 thridatis
667 1399 795 1463 lilio,
845 1400 1015 1471 gratis
1071 1416 1190 1454 eam
1240 1401 1484 1466 tradere,
1516 1415 1678 1471 quam
1736 1402 1964 1472 pecunia

381 1492 682 1548 reveudere
717 1492 1388 1561 lleracliensibusimallet,
1419 1497 1644 1550 vesania
1694 1495 1789 1550 ira:
1834 1496 1966 1552 sub-

381 1592 560 1638 aetus.

2069 569 2214 626 κατά
2236 568 2502 634 Βιθυνῶν,
2527 570 2556 621 6
2578 567 2785 622 τούτων
2807 566 3063 638 βασιλεὺς
3083 563 3403 635 Νικομήδης
3425 565 3651 636 διαπρε-

2069 661 2325 717 σϐεύεται
2376 661 2516 733 πρὸς
2584 659 2914 730 Ἡράκλειαν
2967 657 3286 729 συμμαχίαν
3317 657 3507 723 αἰτῶν,
3555 657 3653 710 καὶ

2067 755 2328 826 τυγχάνει
2349 756 2448 826 τῆς
2472 754 2729 825 σπουδῆς,
2758 756 2817 807 ἐν
2843 752 3056 824 ὁμοίοις
3075 753 3290 824 καιροῖς
3313 752 3410 806 καὶ
3437 751 3651 822 χρείαις

2067 846 2168 920 τὴν
2197 847 2434 918 ἀμοιόὴν
2467 845 2854 917 ὑποσχόμενος.
2917 847 3007 898 Ἐν
3036 845 3214 915 τούτῳ
3237 844 3297 897 δὲ
3337 843 3652 914 Ἡρακλεῶ-

2067 959 2158 996 ται
2186 943 2290 1012 τήν
2330 959 2390 994 τε
2425 941 2626 1011 Κίερον
2655 940 2751 993 καὶ
2776 939 2874 1010 τὴν
2902 940 3027 992 Τίον
3062 937 3409 992 ἀνεσώσαντο
3434 937 3528 990 καὶ
3555 937 3653 1004 τὴν

2067 1035 2266 1089 Θυνίδα
2301 1036 2426 1106 γῆν,
2472 1034 2603 1105 [7'20
2639 1033 2732 1106 8.]
2769 1033 2942 1086 πολλὰ
2985 1032 3095 1086 τῶν
3138 1031 3439 1102 χρημάτων
3482 1030 3653 1084 δαπα-

2068 1127 2354 1198 νήσαντες·
2385 1127 2484 1198 τὴν
2515 1127 2573 1180 δέ
2602 1127 2909 1196 ’Ἄμαστριν
2941 1119 3044 1196 (ἦν
3075 1122 3186 1194 γὰρ
3218 1123 3314 1178 καὶ
3343 1121 3481 1193 αὑτὴ
3517 1119 3656 1191 μετά

2067 1219 2178 1274 τῶν
2223 1219 2402 1272 ἄλλων
2449 1219 2822 1290 ἀφῃρημένη)
2871 1217 2966 1272 καὶ
3012 1216 3235 1288 πολέμῳ
3267 1215 3362 1270 καὶ
3407 1215 3654 1286 χρήμασι

2074 1310 2436 1382 βουληθέντες
2460 1309 2600 1372 τέως
2629 1311 2920 1364 ἀναλαϐεῖν
2952 1309 3128 1380 αὐτὴν
3156 1310 3218 1362 ού
3255 1307 3652 1378 κατώρθωσαν,

2070 1403 2168 1458 τοῦ
2207 1404 2536 1474 κατέχοντος
2581 1403 2754 1475 αὐτὴν
2797 1403 3076 1474 Εὐμένους
3131 1401 3530 1472 Ἀριοὸαρζάνῃ
3577 1399 3656 1470 τῷ

2071 1495 2407 1564 Μιθριδάτου
2430 1496 2582 1549 παιδὶ
2602 1499 2810 1568 προῖκα
2836 1495 3038 1565 μᾶλλον
3061 1493 3399 1566 παραδοῦναι
3429 1492 3654 1561 ταύτην,

2071 1589 2106 1658 ἢ
2157 1589 2460 1661 παρέχουσι
2505 1591 2768 1661 χρήματα
2811 1591 2928 1653 τοῖς
2982 1585 3393 1660 Ἡρακλεώταις
3418 1625 3435 1649 ,
3469 1585 3559 1639 διά
3597 1584 3659 1638 τὸ

2069 1680 2172 1752 τῆς
2198 1682 2370 1754 ὀργῆς
2395 1681 2734 1753 ὑπαχθέντος
2759 1681 3068 1751 ἀλόγιστον.

960 1784 1092 1842 CAP.
1134 1783 1324 1842 XVIII.
1349 1815 1420 1827 —
1459 1784 1888 1845 Heracliemium
1915 1807 2034 1846 cum
2057 1791 2256 1863 Zipazta
2289 1795 2502 1865 bellum,
2523 1796 2700 1852 clades
2729 1805 2777 1852 et
2806 1798 3048 1854 victoria.

443 1905 790 1977 Subftempus
818 1907 970 1971 illud,
989 1906 1190 1962 bellum
1213 1906 1474 1964 adversus
1504 1905 1752 1979 Zipmten
1773 1908 1968 1982 Bitlty-
1999 1919 2045 1976 Β

385 2015 540 2065 num,
561 2001 653 2069 qui
683 1998 1020 2072 Tbyniacam
1051 2015 1174 2054 cum
1217 2000 1450 2069 imperio
1497 1999 1793 2057 Thraciam
1825 2001 1969 2058 obti-

385 2092 577 2156 nebat,
605 2089 982 2148 Heraclienses
1017 2094 1253 2162 excepit.
1308 2090 1427 2158 Quo
1481 2092 1537 2148 in
1596 2093 1738 2149 bello
1800 2092 1971 2149 Hera-

389 2186 689 2242 cleotarum
731 2185 867 2240 bona
887 2198 1034 2255 pars,
1065 2182 1285 2239 fortiter
1315 2184 1646 2252 dimicando,
1677 2199 1817 2241 caesa
1847 2185 1969 2242 fuit.

388 2278 458 2333 Et
490 2277 715 2333 victoria
749 2278 966 2348 quidem
999 2293 1209 2333 summa
1237 2279 1289 2331 vi
1343 2277 1548 2347 potitur
1583 2277 1818 2348 Zipmtes
1839 2295 1854 2334 :
1878 2280 1973 2336 sed

386 2372 478 2426 ubi
520 2371 794 2426 sociorum
859 2371 1060 2426 auxilia
1115 2379 1552 2440 supervenerant
1614 2371 1971 2443 Hcracleotis,

391 2465 516 2533 fuga
538 2464 684 2518 illam
703 2463 1050 2519 dehonestat.
1080 2464 1223 2536 Ergo
1252 2467 1341 2535 qui
1364 2467 1524 2520 modo
1551 2465 1974 2532 succubuerant,

389 2559 656 2612 cadavera
722 2573 946 2613 suorum
996 2568 1270 2623 asserunt,
1320 2567 1374 2612 et
1421 2565 1670 2613 cremant
1733 2573 1972 2613 secure:

389 2648 657 2703 etexinde
681 2650 781 2702 sub
813 2648 1103 2703 arbitrium
1133 2664 1290 2702 suum
1327 2649 1601 2719 redigunt,
1665 2647 1737 2704 de
1773 2649 1974 2718 quibus

389 2743 535 2799 bello
560 2742 988 2812 disceptabatur,
1020 2750 1076 2796 et
1132 2757 1256 2796 ossa
1329 2741 1741 2796 interfectorum
1780 2741 1836 2796 in
1876 2756 1973 2796 ur-

389 2836 513 2890 hem
553 2835 744 2901 relata,
779 2834 1070 2904 magniﬁce
1124 2835 1178 2889 in
1212 2835 1472 2902 prteclare
1531 2834 1852 2890 meritorum
1907 2833 1977 2889 de

392 2929 571 2998 patria
607 2936 961 2984 monumento
995 2927 1330 2982 conducunt.

2159 1911 2297 1967 Ὑπὸ
2320 1913 2378 1968 δὲ
2403 1915 2530 1978 τοὺς
2558 1915 2757 1980 αὐτοὺς
2781 1915 3008 1987 χρόνους
3029 1914 3308 1986 ἐκδέχεται
3332 1915 3460 1977 τοὺς
3490 1912 3660 1986 Ἦρα-

2076 2003 2320 2070 κλεώτας
2359 2007 2388 2059 6
2437 2005 2576 2076 πρὸς
2605 2006 2866 2078 Ζιποίτην
2898 2007 2991 2061 τὸν
3026 2006 3256 2081 Βιθυνὸν
3297 2003 3532 2076 πόλεμος
3553 2047 3570 2071 ,
3603 2003 3663 2068 ὃς

2073 2097 2178 2166 τῆς
2202 2096 2478 2168 Θυνιακῆς
2505 2097 2716 2168 ἐπῆρχε
2745 2097 2994 2170 Θρᾴκης.
3034 2098 3124 2151 Ἐν
3152 2091 3197 2166 ᾧ
3224 2096 3445 2168 πολέμῳ
3476 2095 3664 2150 πολλοὶ

2076 2188 2187 2241 τῶν
2223 2187 2622 2260 Ἡρακλεωτῶν
2645 2189 2914 2258 γενναίως
2938 2188 3324 2261 ἀνδρισάμενοι
3349 2189 3666 2260 κατεκόπη-

2081 2300 2201 2348 σαν,
2242 2283 2336 2337 καὶ
2365 2284 2490 2355 νικᾷ
2518 2283 2618 2354 μὲν
2659 2283 2802 2338 κατά
2827 2283 2872 2315 ⁶¹
2917 2283 3119 2355 κράτος
3139 2284 3167 2336 6
3198 2283 3458 2354 Ζιποίτης
3477 2322 3493 2347 ,
3524 2300 3665 2354 συμ-

2081 2378 2308 2450 μαχίδος
2331 2377 2390 2432 δὲ
2411 2377 2696 2450 δυνάμεως
2727 2381 2840 2442 τοῖς
2869 2377 3275 2450 Ἡρακλεώταις
3304 2375 3663 2448 ἐπελθούσης,

2077 2473 2223 2541 φυγῇ
2253 2469 2354 2542 τὴν
2384 2469 2542 2540 νίκην
2571 2470 2953 2541 καταισχύνει.
2999 2470 3063 2522 Ol
3095 2469 3154 2522 δὲ
3201 2469 3496 2540 ἡττημένοι
3536 2468 3666 2531 τοὺς

2077 2562 2381 2635 σφετέρους
2420 2563 2651 2636 νεκροὺς
2688 2562 2864 2627 ἀδεῶς
2893 2562 3258 2622 ἀναλαϐόντες
3289 2565 3384 2616 καὶ
3424 2563 3664 2617 καύσαν-

2077 2677 2191 2725 τες,
2215 2654 2339 2713 εἶτα
2360 2657 2456 2713 καὶ
2487 2659 2707 2713 πάντων
2733 2657 2918 2729 κύριοι
2944 2699 2960 2724 ,
2991 2657 3120 2729 περὶ
3154 2651 3229 2712 ὧν
3248 2652 3316 2728 ἦν
3348 2659 3377 2711 6
3401 2656 3662 2726 πόλεμος,

2081 2751 2474 2817 καταστάντες,
2504 2751 2598 2804 καὶ
2638 2749 2709 2804 τά
2736 2752 2872 2805 ὀστᾶ
2903 2749 3011 2804 τῶν
3058 2751 3420 2822 ἀνῃρημένων
3459 2750 3634 2803 ἀνακο

2086 2842 2347 2913 μίσαντες
2381 2843 2462 2906 είς
2487 2840 2589 2914 τὴν
2635 2840 2814 2906 πόλιν,
2859 2841 3139 2912 ἐπιφανῶς
3187 2842 3248 2894 ἐν
3287 2838 3368 2912 τῷ
3397 2839 3510 2896 τῶν
3535 2838 3669 2912 apt-

2090 2933 2262 2989 στέων
2295 2933 2503 3004 ἔθαψαν
2528 2932 2800 3004 μνήματι.

887 3043 1018 3098 ΟΜ).
1060 3041 1546 3098 XIX—Antiochi
1565 3057 1688 3096 cum
1714 3041 1978 3114 Antigono
2001 3055 2050 3100 et
2079 3044 2367 3102 Nicomede
2398 3045 2586 3100 bellum
2608 3054 2658 3100 et
2694 3043 2916 3099 Heracl.
2951 3043 3174 3099 auxilia.

464 3159 619 3214 Circa
651 3158 767 3214 lucc
805 3131 1237 3228 tempora,inter
1289 3157 1615 3214 Antiochum
1676 3157 1893 3215 Seleuci
1918 3169 1976 3215 et

394 3249 728 3319 Antigonum
780 3245 1284 3317 Demctrii,ingcns
1344 3257 1593 3302 movetur
1639 3249 1885 3304 bellum:
1921 3258 1977 3305 et

2154 3161 2314 3215 Κατά
2357 3160 2414 3214 δέ
2457 3161 2586 3224 τοὺς
2625 3159 2826 3222 αὐτοὺς
2874 3157 3100 3229 χρόνους
3149 3157 3410 3229 Ἀντιόχῳ
3453 3155 3535 3229 τῷ
3576 3157 3671 3211 Σε-

2082 3255 2278 3309 λεύκου
2303 3255 2396 3308 καὶ
2435 3253 2726 3322 Ἀντιγόνῳ
2753 3251 2833 3322 τῷ
2869 3250 3213 3322 Δημητρίου,
3247 3249 3504 3319 μεγάλων
3537 3250 3670 3302 ἐκα-

393 3341 523 3396 dum
563 3353 790 3406 magnos
827 3338 1088 3406 utrinque
1127 3347 1427 3407 apparatus
1457 3337 1667 3392 iaciunt
1693 3339 1747 3393 in
1787 3339 1974 3410 c0pias

2086 3343 2320 3415 τέρωθεν
2334 3341 2758 3414 στρατευμάτων
2773 3340 3215 3410 ἀντιπαραταττο
3221 3340 3422 3409 μένων,
3442 3341 3672 3393 κινεῖτα.

394 3433 679 3498 militares,
732 3438 948 3500 tempus
985 3431 1119 3484 satis
1162 3429 1380 3500 longum
1403 3435 1762 3487 consumitur.
1803 3432 1975 3488 Alteri

2086 3439 2113 3491 6
2143 3435 2400 3508 πόλεμος,
2429 3437 2523 3489 καὶ
2551 3435 2746 3506 χρόνον
2778 3433 2974 3506 συχνὸν
3015 3432 3336 3502 κατέτριψε·
3375 3433 3672 3503 συνεμάχει

391 3521 717 3578 Nicomedes
749 3523 944 3592 2276
979 3521 1248 3593 Bithynia:
1285 3538 1379 3577 rex
1437 3539 1657 3593 operam
1697 3526 1975 3591 navabat;

399 3616 670 3670 Antiocho
734 3614 1043 3684 complures
1125 3614 1240 3671 alii.
1302 3613 1543 3670 Necdum
1634 3617 1976 3685 eruptionem

398 3709 606 3763 fecerat
651 3707 702 3759 in
762 3705 1094 3775 Antigonum
1131 3707 1456 3767 Antiochus,
1485 3723 1606 3760 cum
1650 3707 1846 3760 bellum
1879 3708 1978 3762 ad-

395 3813 588 3853 versus
613 3797 961 3853 Nicomedem
1004 3798 1258 3852 instituit.
1297 3797 1394 3853 llic
1449 3800 1614 3867 igitur
1654 3797 1976 3854 Nicomedes

395 3901 449 3948 et
481 3891 697 3946 aliunde
722 3891 924 3945 auxilia
956 3890 1182 3955 colligit,
1215 3900 1270 3944 et
1298 3891 1363 3946 de
1394 3890 1518 3945 belli
1551 3892 1814 3947 societate
1868 3890 1980 3946 He-

398 3985 634 4038 racleam
691 3982 878 4036 missis
925 3981 1234 4051 legatis,l5
1266 3983 1323 4037 in
1363 3981 1662 4038 subsidium
1723 3985 1976 4040 triremes

397 4073 616 4142 accipit,
676 4082 731 4126 et
786 4082 896 4126 tum
937 4071 1155 4126 demum
1231 4072 1462 4128 classem
1509 4088 1665 4128 suam
1714 4075 1977 4130 Antiochi

397 4167 561 4222 classi
599 4167 844 4236 opponit.
895 4165 1008 4221 Etsi
1045 4175 1231 4220 autem
1263 4166 1522 4222 adversas
1555 4166 1868 4237 aliquandiu
1905 4178 1977 4222 te-

398 4261 789 4325 nebantacies,
825 4260 1002 4315 neutri
1038 4271 1220 4316 tamen
1242 4275 1436 4331 pugnae
1483 4261 1698 4316 initium
1739 4261 1972 4326 faciunt,

395 4351 492 4408 sed
523 4350 728 4422 absque
744 4349 938 4407 cﬂ'ectu
972 4351 1196 4406 tandem
1237 4349 1596 4406 divelluntur.

2085 3529 2141 3584 δὲ
2164 3529 2244 3601 τῷ
2275 3529 2374 3600 μὲν
2404 3531 2432 3582 ὁ
2457 3529 2555 3599 τῆς
2591 3527 2845 3590 Βιθυνίας
2874 3525 3130 3596 βασιλεὺς
3154 3525 3471 3597 Νικομήδης
3492 3565 3509 3591 ,
3555 3526 3672 3578 Ἀν-

2084 3623 2249 3694 τιόχῳ
2272 3621 2331 3674 δὲ
2349 3620 2534 3675 πολλοὶ
2557 3621 2756 3691 ἐτεροι.
2790 3619 2957 3673 Οὔπω
2976 3619 3034 3673 δὲ
3066 3620 3365 3690 συρραγεὶς
3395 3619 3669 3689 Ἀντίοχος

2096 3713 2388 3784 Ἀντιγόνῳ
2419 3713 2510 3767 τὸν
2535 3712 2672 3782 πρὸς
2689 3711 3009 3783 Νικομήδην
3035 3709 3336 3782 χειρίζεται
3356 3709 3614 3779 πόλεμον·
3644 3709 3674 3761 6

2085 3808 2142 3861 δὲ
2169 3805 2492 3877 Νικομήδης
2530 3802 2830 3874 ἀλλαχόθεν
2859 3820 2921 3856 τε
2961 3801 3220 3872 δυνάμεις
3246 3800 3489 3873 ἀθροίζει
3514 3841 3531 3865 ,
3580 3800 3673 3852 καὶ

2082 3898 2397 3968 συμμαχεῖν
2467 3895 2607 3966 πρὸς
2654 3891 3042 3964 Ἡρακλεώτας
3105 3891 3674 3963 διαπρεσϐευσάμενος

2078 3989 2327 4060 τριήρεις
2355 3987 2427 4058 ιγ’
2457 3986 2586 4060 [574
2617 3983 2711 4058 Η.]
2738 3985 3063 4056 συμμάχους
3097 3983 3390 4054 λαμϐάνει,
3438 3983 3536 4038 καὶ
3563 3982 3673 4034 λοι-

2080 4080 2182 4135 πὸν
2217 4071 2670 4134 ἀντικαθίσταται
2720 4077 2800 4147 τῷ
2845 4075 2944 4129 τοῦ
2982 4075 3260 4146 Ἀντιόχου
3319 4074 3510 4144 στόλῳ.
3557 4073 3677 4126 Ἐπὶ

2080 4173 2272 4244 χρόνον
2313 4172 2372 4225 δέ
2399 4188 2524 4224 τινα
2565 4167 3067 4230 ἀντικαταστάντες
3093 4166 3368 4236 ἀλλήλοις,
3402 4165 3676 4238 οὐδέτεροι

2085 4265 2268 4338 μάχης
2295 4260 2489 4337 ἦρξαν,
2518 4261 2634 4316 ἀλλ’
2666 4261 2942 4333 ἄπρακτοι
2970 4259 3016 4292 ⁸³
3049 4258 3395 4330 διελύθησαν.

1101 4467 1230 4524 CAP.
1262 4466 1382 4522 XX.
1404 4498 1476 4508 —
1500 4466 1776 4524 Gallorum
1801 4473 1858 4526 in
1881 4469 2065 4524 Asiam
2087 4465 2504 4536 transmigratio,
2533 4475 2582 4519 et
2608 4463 2755 4519 sedes
2785 4463 3059 4517 distincta.

467 4579 764 4648 Postquam
791 4593 923 4634 vero
950 4577 1090 4634 Galli
1114 4579 1183 4633 ad
1233 4577 1557 4650 Byzantium
1581 4580 1767 4646 delati,
1801 4579 1982 4636 maxi-
2011 4583 2059 4639 D

399 4689 544 4728 mam
574 4671 796 4727 ditionis
825 4682 1036 4741 partem
1090 4671 1580 4741 depopularentur,
1641 4672 1799 4728 fracti
1841 4673 1984 4728 bello

398 4763 708 4834 Byzantini,
753 4763 1055 4829 sociorum,
1089 4763 1196 4818 huc
1228 4763 1357 4816 illuc
1390 4763 1751 4830 missitantes,
1783 4765 1984 4820 auxilia

400 4856 724 4926 implorant,
745 4864 800 4910 et
828 4855 1062 4925 quisque
1079 4870 1179 4924 pro
1216 4855 1411 4910 virium
1445 4856 1610 4911 modo
1650 4857 1982 4927 suppeditat.

400 4948 783 5005 Ileraclienses
809 4950 973 5004 etiam
1008 4963 1210 5005 aureos
1251 4948 1400 5004 mille
1425 4948 1662 5020 (tantum
1716 4950 1863 5005 enim
1909 4950 1988 5006 le-

400 5043 515 5114 gati
543 5040 834 5112 petierant)
861 5041 1299 5097 subministrant.
1349 5040 1461 5097 Nec
1484 5041 1700 5112 longum
1729 5041 1782 5096 in
1807 5041 1989 5096 medio

404 5137 661 5206 spatium,
712 5149 837 5192 cum
874 5134 1200 5191 Nicomedes
1238 5133 1409 5190 Gallis
1467 5132 1563 5207 [αι.
1629 5132 1859 5206 Calatis]
1897 5135 1988 5203 qui

402 5229 701 5286 incursatis
737 5230 916 5286 adhuc
974 5227 1403 5300 Byzantinorum
1469 5227 1689 5292 ﬁnibus,
1765 5226 1986 5282 tametsi

411 5337 793 5393 saepenumero
823 5322 878 5378 in
927 5321 1118 5378 Asiam
1170 5319 1429 5388 trajicere
1457 5320 1663 5386 conati,
1713 5319 1874 5376 toties
1925 5319 1995 5375 ab

408 5415 628 5485 incepto
644 5415 932 5482 desistere,
965 5413 1386 5471 adversantibus
1449 5411 1786 5483 Byzantinis,
1816 5413 1990 5468 coacti

415 5514 618 5574 essent,
645 5507 812 5562 certis
839 5515 1020 5562 tamen
1074 5503 1488 5560 conditionibus
1525 5502 1816 5557 transitum
1868 5515 1990 5555 con-

2169 4577 2324 4632 Ἐπεὶ
2349 4577 2406 4630 δὲ
2435 4576 2674 4632 Γαλάται
2696 4575 2836 4648 πρὸς
2866 4575 2929 4630 τδ
2951 4574 3250 4640 Βυζάντιον
3285 4568 3420 4642 ἧκον
3455 4571 3553 4625 καὶ
3579 4571 3678 4641 τὴν

2093 4673 2356 4742 πλείστην
2385 4671 2556 4741 αὐτῆς
2588 4670 2853 4742 ἐδῄωσαν,
2887 4668 2966 4739 τῷ
2997 4667 3225 4738 πολέμῳ
3248 4664 3680 4727 ταπεινωθέντες

2091 4766 2143 4820 οἱ
2203 4767 2264 4820 ἐν
2322 4763 2602 4834 Βυζαντίῳ
2654 4764 2934 4834 πέμπουσι
2986 4759 3122 4832 πρὸς
3178 4761 3304 4822 τοὺς
3359 4758 3681 4830 συμμάχους

2089 4859 2334 4929 δεόμενοι
2357 4857 2648 4926 ὠφελείας.
2679 4857 2790 4909 Καὶ
2825 4854 3100 4926 παρέσχον
3129 4853 3229 4923 μὲν
3269 4853 3476 4914 πάντες
3503 4852 3579 4915 ὡς
3603 4845 3681 4904 εἷ-

2093 4967 2188 5022 χον
2222 4951 2406 5021 ἰσχύος
2428 4993 2444 5015 ,
2478 4949 2754 5020 παρέσχον
2779 4947 2836 5000 δὲ
2867 4948 2964 5001 καὶ
2985 4948 3036 5000 οἱ
3063 4947 3163 5016 τῆς
3198 4944 3522 5016 Ἡρακλείας
3555 4946 3680 5011 (το-

2095 5043 2290 5098 σοῦτον
2337 5042 2448 5113 γάρ
2485 5043 2518 5112 ή
2568 5040 2836 5112 πρεσϐεία
2872 5038 3013 5110 ᾔτει)
3066 5037 3302 5109 χρυσοῦς
3331 5051 3682 5108 τετρακισχι-

2095 5134 2265 5198 λίους.
2304 5133 2438 5188 Μετ’
2483 5133 2545 5186 οὐ
2591 5131 2725 5184 πολὺ
2763 5130 2822 5184 δὲ
2869 5129 3190 5200 Νικομήδης
3221 5129 3349 5191 τοὺς
3391 5125 3678 5190 Γαλάτας,

2097 5219 2178 5288 οἷς
2200 5225 2233 5296 ή
2262 5221 2584 5294 καταδρομὴ
2605 5221 2718 5276 τῶν
2739 5220 3048 5286 Βυζαντίων
3072 5218 3385 5288 ἐγεγένητο,
3417 5216 3681 5279 πολλάκις

2101 5317 2205 5386 μὲν
2233 5316 2693 5387 ἐπιχειρήσαντας
2717 5314 2818 5385 τὴν
2858 5313 3045 5368 Ἀσίαν
3066 5312 3466 5384 περαιωθῆναι,
3496 5327 3683 5363 τοσαυο

2099 5409 2257 5472 τάκις
2288 5408 2347 5460 δὲ
2395 5406 2790 5478 ἀποτυχόντας,
2816 5406 2916 5459 οὐκ
2960 5405 3306 5476 ἀνεχομένων
3357 5401 3456 5476 τὴν
3485 5401 3681 5473 πρᾶξιν

2101 5500 2432 5566 Βυζαντίων,
2467 5498 2560 5552 ἐπὶ
2597 5498 2893 5570 συνθήκαις
2945 5497 3097 5566 ὅμως
3138 5494 3553 5567 παρασκευάζει
3583 5508 3680 5546 πε-

1696 5635 1935 5690 νΛΙζΙᾸΞ
1979 5633 2384 5692 LECTIONES.

491 5736 536 5768 "
570 5736 709 5791 κατᾶ
743 5737 783 5792 Α
809 5754 818 5796 :
849 5738 953 5792 ἀνᾶ
977 5756 1034 5802 ς.
1117 5737 1159 5770 ⁶²
1189 5735 1466 5805 ἄπρακτοι
1502 5733 1543 5786 A
1580 5752 1588 5786 :
1629 5732 1992 5803 ἁπερὰδεκτοι
2027 5748 2063 5795 ις

1069 5809 1101 5828 J
