3972 6248
335 336 441 400 897

1425 325 1957 390 BIBLIOTHECA.
2000 351 2070 364 -
2106 325 2274 388 COD.
2311 327 2616 392 CCXXIV.

3509 335 3620 399 898

330 447 655 521 ραιωθῆναι.
694 448 762 501 At
787 448 846 501 δὲ
889 446 1178 518 συνθῆκαι,
1210 443 1517 514 Νικομήδει
1549 441 1653 512 μὲν
1680 440 1778 495 καὶ
1804 441 1918 503 τοῖς

2044 437 2247 495 :iliavit.
2275 439 2664 496 Conditionum
2694 439 2930 497 formula
2955 441 3072 498 haec
3092 451 3249 497 erat:
3281 439 3355 497 Ut
3399 443 3618 500 barbari

325 541 575 609 ἐκγόνοις
623 539 711 593 ἀεὶ
741 539 872 608 φίλα
903 542 1124 608 φρονεῖν
1163 537 1288 598 τοὺς
1318 535 1632 608 βαρϐάρους
1653 573 1669 598 ,
1701 533 1795 586 καί
1820 531 1920 602 τῆς

325 632 557 702 γνώμης
599 629 696 684 τοῦ
747 630 1095 700 Νικομήδους
1150 628 1326 699 χωρὶς
1371 627 1564 697 μηδενὶ
1609 625 1922 695 συμμαχεῖν

323 725 432 779 τῶν
467 725 607 795 πρὸς
651 725 856 788 αὐτοὺς
889 722 1462 794 διαπρεσϐευομένων,
1494 717 1612 773 ἀλλ’
1643 715 1786 771 εἶναι
1829 714 1922 785 φί-

323 818 451 880 λους
491 817 591 886 μὲν
619 819 731 881 τοῖς
775 816 976 885 φίλοις,
1009 813 1312 884 πολεμίους
1338 812 1397 867 δὲ
1426 815 1542 876 τοῖς
1571 810 1634 864 οὐ
1682 808 1922 879 φιλοῦσι,

327 909 642 978 συμμαχεῖν
684 906 742 960 δὲ
789 909 886 960 καὶ
921 906 1243 972 Βυζαντίοις
1268 947 1284 971 ,
1333 903 1388 958 εί
1424 920 1528 958 που
1575 903 1795 973 δεήσοι,
1829 902 1925 956 καὶ

326 1002 546 1064 Τιανοῖς
571 999 632 1054 δὲ
661 1001 757 1054 καὶ
797 999 1214 1070 Ἡρακλεώταις
1244 999 1340 1052 καὶ
1387 996 1780 1067 Καλχηδονίοις
1827 995 1926 1048 καὶ

326 1093 623 1162 Κιερανοῖς
659 1093 754 1146 καί
791 1109 934 1146 τισιν
968 1093 1181 1163 ἑτέροις
1227 1091 1398 1145 ὲθνῶν
1442 1090 1729 1161 ἄρχουσιν.
1799 1086 1926 1140 Ἐπὶ

327 1184 555 1247 ταύταις
581 1184 682 1254 μὲν
703 1186 823 1248 ταῖς
848 1185 1150 1254 συνθήκαις
1177 1182 1502 1252 Νικομήδης
1529 1181 1591 1233 τὸ
1621 1179 1926 1233 Γαλατικὸν

331 1275 539 1344 πλῆθος
566 1277 648 1338 εἰς
688 1275 876 1329 Ἀσίαν
895 1275 1226 1339 διαϐιϐάζει·
1249 1268 1324 1327 ὧν
1352 1264 1675 1345 περιφανεῖς
1703 1273 1801 1340 μὲν
1831 1271 1927 1323 ἐπὶ

332 1365 396 1418 τὺ
427 1367 472 1398 ⁸³
505 1365 696 1436 ἄρχειν
731 1366 797 1431 ις’
834 1368 926 1420 τὸν
959 1367 1194 1438 άριθμδν
1243 1361 1411 1437 ἦσαν,
1448 1368 1498 1419 οί
1531 1365 1590 1418 δὲ
1619 1365 1712 1418 καὶ
1743 1363 1926 1416 αὐτῶν

332 1457 544 1511 τούτων
597 1459 1028 1530 προκεκριμένοι
1080 1458 1178 1512 καὶ
1231 1459 1521 1529 κορυφαῖοι
1575 1454 1926 1526 Λεωννώριος

333 1551 510 1621 ήστην
555 1551 649 1604 καὶ
682 1550 1031 1623 Λουτούριος.

408 1707 551 1782 [721
607 1708 713 1782 R.]
775 1709 925 1782 Αὕτη
997 1711 1177 1765 τοίνυν
1241 1710 1351 1766 τῶν
1423 1713 1681 1768 Γαλατῶν
1735 1717 1770 1786 ἡ
1833 1717 1927 1770 ἐπὶ

2023 531 2310 589 Nicomedi
2354 531 2584 603 ejusque
2615 533 2854 602 posteris
2898 542 3167 604 perpetuo
3211 534 3468 590 amicitia
3523 536 3621 590 tm-

2024 626 2158 683 dere
2200 625 2478 696 conjuncti
2521 637 2833 695 manerent,
2885 629 3094 698 absque
3125 626 3436 684 Nicomedis
3493 643 3620 684 sen-

2025 720 2194 775 tentia
2227 729 2283 777 et
2309 720 2588 776 voluntate
2622 720 2852 785 nemini,
2891 735 2922 774 a
2960 735 3070 791 quo
3097 735 3194 791 per
3227 719 3433 790 legatos
3463 721 3619 777 solli-

2025 812 2352 876 citarentur,
2388 812 2442 867 in
2465 813 2620 867 hellis
2641 827 2797 882 opem
2837 813 3082 867 ferrent:
3112 811 3207 866 sed
3238 811 3431 868 amicis
3457 811 3619 880 hujus

2025 906 2212 973 amici,
2236 914 2289 963 et
2310 907 2548 962 inimicis
2576 905 2764 961 hostes
2790 904 2989 960 forent.
3013 905 3060 960 Α
3103 903 3422 977 Byzantinis
3451 905 3619 961 etiam

2026 1005 2264 1063 starent,
2323 997 2370 1053 si
2426 1013 2532 1069 qua
2583 997 2886 1053 necessitas
2939 996 3225 1052 incideret.
3278 995 3618 1051 Societatem

2026 1099 2296 1159 praeterea
2321 1090 2573 1146 colerent
2602 1086 2943 1144 cum'Tianis
2961 1098 3018 1144 et
3061 1089 3529 1156 Heracliensibtts,
3561 1099 3618 1144 et

2030 1181 2436 1246 Chalcedoniis,
2485 1191 2534 1236 et
2590 1181 2865 1246 Cieranis,
2917 1191 2974 1236 et
3026 1182 3302 1237 nonnullis
3333 1183 3426 1252 qui
3481 1181 3618 1238 alias

2027 1275 2128 1330 sub
2174 1273 2560 1345 iurisdictione
2607 1282 2796 1344 gentes
2849 1273 3131 1329 haberent.
3191 1273 3288 1328 His
3335 1284 3618 1344 pactorum

2027 1364 2243 1434 legibus
2276 1362 2606 1419 Nicomedes
2642 1363 2922 1418 Gallorum
2979 1361 3082 1436 [aL
3105 1362 3444 1436 Galatarum]
3479 1363 3621 1418 mul-

2031 1456 2316 1510 tiludincm
2357 1456 2409 1510 in
2443 1457 2630 1511 Asiam
2668 1456 2999 1511 transmisit.
3030 1453 3235 1510 Horum
3273 1457 3540 1525 principes
3562 1456 3619 1512 in

2026 1547 2257 1616 imperio
2289 1545 2530 1601 illustres
2561 1546 2629 1601 17
2658 1545 2833 1611 fuere,
2882 1547 3028 1602 inter
3080 1561 3220 1616 quos
3263 1547 3521 1618 prmeipui
3563 1554 3622 1602 et

2029 1637 2250 1702 summi,
2285 1635 2591 1692 Leonorius
2623 1646 2677 1691 et
2703 1635 2986 1690 Lutarius.

2102 1727 2231 1784 Haec
2274 1729 2444 1800 igitur
2498 1727 2779 1785 Gallorum
2828 1728 2883 1782 in
2943 1727 3130 1782 Asiam
3187 1725 3619 1796 transmigratio,

329 1803 431 1874 τὴν
497 1803 686 1858 Ἀσίαν
732 1804 987 1868 διάϐασις
1041 1807 1166 1858 κατ’
1225 1805 1402 1876 ἀρχὰς
1455 1807 1556 1877 μὲν
1612 1807 1707 1861 ἐπὶ
1770 1809 1926 1880 κακῷ

2044 1822 2214 1891 primo
2249 1796 2496 1890 quidem,
2529 1821 2592 1875 ad
2630 1819 2935 1875 incolarum
2963 1819 3351 1874 detrimentum
3371 1832 3622 1888 progres-

331 1896 445 1948 τῶν
494 1897 796 1966 οίκητόρων
855 1897 1140 1970 προελθεῖν
1191 1898 1490 1970 ἐνομίσθη,
1555 1900 1617 1953 τὸ
1669 1901 1726 1954 δὲ
1775 1902 1929 1965 τέλος

331 1989 543 2053 ἔδειξεν
591 1989 889 2060 ἀποκριθὲν
919 1989 1056 2060 πρὸς
1086 1991 1147 2044 τὸ
1186 1991 1500 2062 συμφέρονο
1550 1992 1663 2047 τῶν
1697 1993 1806 2066 γὰρ
1835 1995 1931 2065 βα-

334 2081 534 2134 σιλέων
568 2081 666 2152 τὴν
707 2082 818 2135 τῶν
845 2083 1054 2137 πόλεων
1099 2083 1478 2155 δημοκρατίαν
1519 2085 1739 2156 ἀφελεῖν
1764 2105 1934 2142 σπου-

331 2173 628 2241 δαζόντων,
669 2175 828 2228 αὐτοὶ
863 2175 1066 2247 μᾶλλον
1098 2176 1305 2247 ταύτην
1336 2177 1382 2209 ⁸⁸
1423 2178 1730 2246 ἐϐεϐαίουν,
1778 2181 1930 2234 ἀντι-

333 2265 731 2338 καθιστάμενοι
758 2269 869 2331 τοῖς
895 2267 1325 2339 ἐπιτιθεμένοις.
1358 2269 1680 2342 Νικομήδης
1703 2271 1760 2325 δὲ
1787 2272 1929 2326 κατὰ

336 2353 582 2410 Βιθυνῶν
615 2359 854 2428 πρῶτον,
909 2359 1348 2430 συμμαχούντων
1391 2361 1543 2432 αὐτῷ
1577 2362 1671 2415 καὶ
1716 2361 1824 2415 τῶν
1869 2361 1931 2428 ἐξ

347 2448 714 2518 Ἡρακλείας,
748 2451 876 2514 τοὺς
909 2449 1219 2521 βαρϐάρους
1246 2451 1537 2516 ἐξοπλίσας
1559 2491 1574 2515 ,
1603 2455 1706 2520 τῆς
1730 2469 1788 2506 τε
1820 2453 1928 2524 χῶ-

341 2560 445 2612 ρας
475 2543 747 2614 ἐκράτησε
789 2543 888 2596 καὶ
928 2545 1058 2606 τοὺς
1096 2531 1454 2606 ’ἐνοικοῦντας
1487 2543 1760 2613 κατέκοψε
1782 2584 1798 2610 ,
1831 2544 1931 2616 τὴν

339 2630 512 2706 ἄλλην
553 2635 705 2689 λείαν
753 2635 862 2689 τῶν
903 2635 1164 2690 Γαλατῶν
1199 2635 1417 2698 ἑαυτοῖς
1464 2634 1927 2706 διανειμαμένων.

343 2721 512 2782 Οῦτοι
550 2727 607 2781 δὲ
638 2727 840 2796 πολλὴν
879 2727 1202 2788 ἐπελθόντες
1233 2724 1420 2797 χώραν
1454 2720 1614 2789 αὖθις
1646 2727 1931 2799 ἀνεχώρη-

343 2838 471 2884 σαν,
505 2821 600 2873 καὶ
630 2821 731 2890 τῆς
762 2819 1079 2890 αἱρεθείσης
1114 2820 1303 2882 αὐτοῖς
1337 2819 1682 2890 ἀπετέμοντο
1710 2819 1809 2890 τὴν
1837 2821 1933 2875 νῦν

343 2911 618 2965 Γαλατίαν
650 2911 1013 2982 καλουμένην,
1045 2913 1126 2975 είς
1165 2913 1316 2981 τρεῖς
1353 2911 1548 2982 μοίρας
1578 2909 1786 2979 ταύτην
1815 2913 1932 2966 δια-

343 3005 637 3074 νείμαντες
663 3043 679 3067 ,
729 3005 825 3058 καὶ
859 3005 983 3067 τοὺς
1030 3004 1130 3074 μὲν
1177 3004 1221 3056 Τ
1227 3003 1484 3074 ρωγμοῦς
1530 3003 1931 3074 ὀνομάσαντες,

341 3097 472 3158 τοὺς
503 3095 560 3148 δὲ
592 3093 1070 3164 Τολοστοϐογίους,
1104 3094 1232 3158 τοὺς
1257 3095 1316 3148 δὲ
1346 3095 1722 3162 Τεκτοσάγας.
1763 3095 1933 3148 Ἐδεί-

349 3203 523 3256 μαντο
553 3187 612 3240 δὲ
645 3188 832 3251 πόλεις
861 3186 1126 3258 Τρωγμοὶ
1156 3186 1254 3256 μὶν
1274 3187 1584 3258 Ἄγκυραν,
1605 3186 1935 3241 Τολοστοϐόο

346 3296 461 3350 γιοι
488 3280 547 3334 δὲ
575 3279 806 3345 Ταϐίαν,
839 3279 1182 3348 Τεκτοσάγες
1208 3278 1266 3332 δὲ
1297 3277 1644 3334 Πισινοῦντα.

2030 1928 2157 1970 sura
2184 1913 2599 1971 existimabatur
2633 1933 2648 1970 :
2691 1914 2782 1967 sed
2813 1913 3010 1977 exitus,
3045 1910 3344 1966 commodis
3381 1910 3620 1976 ipsorum

2031 2007 2362 2064 destinatum
2387 2008 2490 2065 hoc
2507 2008 2769 2074 ostendit.
2796 2005 2928 2058 Dum
2955 2003 3098 2056 enim
3130 2018 3285 2073 rcges
3302 2000 3621 2071 popularem

2031 2096 2341 2152 civitatibus
2378 2105 2585 2154 statum
2646 2097 2913 2166 abrogare
2960 2104 3250 2161 satagunt,
3288 2092 3448 2156 Galli,
3507 2093 3624 2145 haec

2031 2184 2394 2241 molientibus
2431 2186 2770 2249 obsistendo,
2821 2183 2997 2253 magis
3045 2183 3192 2237 illam
3243 2183 3621 2237 corroborant.

2033 2275 2360 2332 Nicomedes
2390 2278 2556 2348 igitur
2582 2286 2775 2331 contra
2817 2275 3083 2346 Bithynos
3107 2275 3367 2345 primum,
3404 2274 3623 2329 illorum

2032 2369 2235 2424 auxilio
2257 2380 2313 2425 et
2341 2385 2478 2439 quos
2507 2386 2576 2424 ex
2605 2368 2869 2425 Heraclea
2930 2378 3202 2422 armasset
3239 2367 3622 2442 barbarorum,

2033 2467 2087 2512 et
2121 2459 2460 2528 provinciam
2507 2459 2756 2530 subegit,
2801 2467 2857 2512 et
2903 2459 3144 2514 concidit
3191 2459 3440 2513 incolas:
3482 2459 3625 2528 quod

2034 2549 2277 2619 alioquin
2333 2561 2452 2606 erat
2482 2551 2700 2619 praedae,
2754 2551 2899 2604 inter
2941 2565 3001 2605 se
3041 2550 3314 2620 dispertiti
3349 2560 3474 2606 sunt
3507 2549 3624 2605 Ga—

2034 2640 2176 2696 latae.
2226 2640 2291 2696 lli
2350 2644 2496 2696 enim
2551 2641 2710 2712 lettge
2758 2641 2978 2710 lateque
3048 2652 3250 2697 terram
3314 2643 3626 2712 depopulati

2036 2743 2186 2786 retro
2219 2735 2434 2787 demum
2470 2746 2790 2790 cesserunt:
2825 2744 2883 2790 et
2913 2734 2979 2790 de
3010 2733 3243 2789 subacta
3273 2733 3327 2788 id
3365 2735 3470 2790 sibi
3509 2751 3627 2788 am-

2033 2831 2314 2891 putarunt,
2357 2823 2499 2891 quod
2531 2839 2675 2879 nunc
2715 2823 2941 2879 Galatia:
2971 2839 3170 2878 nomen
3205 2825 3390 2889 habet,
3414 2824 3628 2895 228a

2034 2914 2089 2968 in
2118 2926 2230 2968 tres
2259 2924 2446 2985 partes
2478 2915 2854 2970 distributum.
2875 2917 3026 2971 Alios
3054 2918 3199 2970 enim
3231 2915 3499 2987 Trogmos
3528 2931 3630 2971 no-

2035 3007 2292 3073 minant;
2346 3006 2526 3074 alios,
2578 3006 3012 3080 Tolistobogios;
3061 3009 3228 3076 alios,
3277 3007 3628 3078 Tectosages.

2035 3098 2213 3156 Urbes
2238 3100 2402 3155 etiam
2424 3100 2787 3157 condiderunt
2819 3115 2836 3158 :
2869 3099 3088 3173 Trogmi
3127 3100 3421 3172 Ancyram,
3445 3097 3630 3158 Tolli-

2043 3192 2245 3264 tobogii
2283 3191 2534 3259 Tabiam,
2573 3191 2903 3266 Tectosages
2930 3193 3281 3250 Pesinuntem
3314 3189 3459 3265 (65).

782 3391 914 3444 CAP.
945 3387 1090 3444 XXI.
1129 3417 1205 3430 ——
1241 3386 1316 3442 De
1341 3387 1537 3442 Astaco
1575 3397 1626 3442 et
1656 3387 1970 3446 Nicomedia
2011 3392 2245 3448 urbibus.
2265 3393 2612 3466 Bithynorum
2644 3395 2941 3465 principum
2985 3395 3166 3450 series.

435 3511 498 3564 '0
525 3509 581 3562 δὲ
610 3507 932 3579 Νικομήδης
961 3508 1041 3569 εἰς
1068 3503 1332 3576 λαμπρὰν
1364 3502 1711 3573 εὐδαιμονίαν
1753 3503 1943 3574 ἀρθεὶς

356 3601 517 3654 πόλιν
547 3597 728 3668 ἑαυτῷ
751 3595 1051 3666 ὁμώνυμον
1081 3593 1358 3665 ἀνεγείρει
1378 3591 1608 3663 ἀντικρὺ
1651 3593 1939 3648 Ἀστακοῦ.

358 3691 473 3763 Τήν
538 3688 801 3743 Ἀστακὸν
859 3688 917 3741 δὲ
987 3684 1288 3757 Μεγαρέων
1319 3687 1334 3750 1
1361 3683 1573 3756 ᾤκισαν
1624 3684 1669 3717 ⁸⁸
1724 3683 1942 3738 ἄποικοι

372 3782 736 3854 ὐλυμπιάδος
769 3779 1069 3850 ἱσταμένης
1102 3778 1187 3844 ιζ’,
1233 3775 1501 3831 Ἀστακδν
1530 3775 1763 3844 ἐπίκλην
1802 3775 1942 3829 κατά

359 3876 611 3949 χρησμὸν
641 3874 859 3945 θέμενοι
896 3871 1004 3927 ἀπό
1035 3888 1180 3934 τινος
1204 3869 1317 3924 τῶν
1341 3868 1651 3940 λεγομένων
1683 3865 1943 3941 σπαρτῶν

361 3970 458 4025 καὶ
482 3966 732 4037 γηγενῶν
753 3965 859 4018 τῶν
876 3965 921 3996 ⁸⁸
944 3963 1231 4032 ἀπογόνων
1248 3960 1356 4014 τῶν
1378 3961 1437 4013 ὲν
1469 3959 1697 4031 Θήϐαις,
1741 3959 1942 4012 ’Δατα-

363 4058 462 4114 κοῦ
492 4058 590 4129 τὴν
621 4057 836 4126 κλῆσιν,
865 4055 1058 4124 ἀνδρὸς
1085 4051 1341 4121 γενναίου
1384 4049 1479 4104 καὶ⁵
1518 4047 1944 4120 μεγαλόφρονος.

364 4150 516 4222 Αὕτη
564 4147 766 4211 πολλάς
809 4145 1089 4208 ἐπιθέσεις
1132 4143 1286 4214 παρά
1333 4159 1394 4195 τε
1446 4141 1555 4196 τῶν
1601 4139 1947 4212 ὁμορούντων

367 4243 653 4298 θποστᾶσα
710 4240 806 4294 καὶ
863 4238 1124 4306 πολέμοις
1187 4235 1450 4297 πολλάκις
1501 4232 1952 4304 ὲκτρυχωθεῖσα,

382 4332 682 4405 ’Δθηναίων
708 4330 839 4402 [375
866 4327 960 4400 H.]
987 4327 1157 4397 αὐτὴν
1182 4326 1318 4396 μετὰ
1341 4325 1638 4396 Μεγαρέας
1665 4322 1954 4394 ὲπῳκηκό-

369 4446 479 4482 των
505 4425 661 4496 ἕληξέ
686 4441 746 4477 τε
778 4422 885 4475 τῶν
917 4418 1218 4490 συμφορῶν
1250 4420 1345 4472 καὶ
1373 4419 1467 4470 ἐπὶ
1503 4417 1645 4488 μέγα
1671 4416 1831 4486 δόξης
1859 4415 1956 4470 καὶ

375 4519 560 4589 ισχύος
593 4516 845 4584 ἐγένετο,
898 4509 1170 4564 Δυδαλσοῦ
1216 4508 1520 4580 τηνικαῦτα
1570 4508 1672 4578 τὴν
1716 4506 1955 4560 Βιθυνῶν

2119 3507 2444 3564 Nicomedes
2467 3516 2671 3576 autem,
2717 3507 2773 3562 in
2829 3507 3122 3577 conspicuo
3141 3505 3422 3564 felicitatis
3455 3510 3625 3583 gradu

2047 3601 2281 3670 positus,
2305 3600 2373 3656 de
2395 3601 2615 3655 nomine
2663 3615 2761 3655 suo
2785 3599 3057 3654 exstruxit
3101 3599 3291 3655 urbem
3333 3615 3365 3656 e
3405 3602 3632 3672 regione

2048 3689 2260 3745 Astaci.
2306 3689 2480 3758 Quam
2533 3689 2930 3760 Megarensium
2980 3689 3193 3746 colonia
3244 3691 3349 3746 sub
3411 3692 3628 3747 initium

2047 3782 2383 3854 Olympiadis
2451 3796 2562 3836 xvn
2634 3780 3035 3852 frequentaret,
3104 3781 3363 3835 Astacum
3419 3779 3630 3837 oraculi

2040 3871 2198 3941 jussu
2252 3870 2656 3927 denominatam
2683 3909 2698 3935 ,
2733 3869 2804 3924 ab
2843 3870 3045 3924 Astaco
3086 3868 3320 3940 quodam
3365 3882 3630 3937 generoso

2048 3973 2104 4019 et
2134 3962 2365 4018 cordato
2415 3962 2561 4026 viro,
2591 3976 2659 4016 ex
2691 3976 2880 4017 eorum
2925 3961 3176 4032 prosapia
3215 3959 3308 4030 qui
3348 3959 3533 4032 Sparti
3572 3966 3631 4016 et

2052 4056 2339 4125 terrigena:
2369 4053 2498 4110 olim
2535 4051 2740 4110 Thebis
2768 4053 3126 4108 vocabantur.
3161 4050 3288 4108 Haec
3337 4051 3566 4106 multum
3595 4065 3632 4107 α

2057 4147 2303 4202 finitimis
2333 4145 2594 4217 appetita,
2613 4156 2671 4200 et
2691 4145 2903 4202 crebris
2923 4147 3103 4200 accisa
3136 4144 3632 4208 bellis,Athenien-

2053 4240 2192 4294 sium
2257 4239 2478 4294 colonis
2540 4238 2889 4310 postmodum
2951 4236 3208 4308 adjectis,
3279 4236 3632 4292 vexationum

2053 4330 2243 4395 ﬁnem,
2277 4339 2334 4385 et
2366 4331 2703 4386 incrementa
2759 4328 2946 4400 gloria:
2976 4337 3032 4384 et
3079 4329 3334 4398 potentiae
3365 4344 3470 4383 non
3515 4344 3633 4382 me-

2054 4423 2257 4477 diocria
2309 4423 2502 4492 adepta
2556 4433 2662 4488 est,
2707 4421 2944 4491 Dydalso
2993 4429 3121 4475 tunc
3177 4421 3320 4475 inter
3368 4419 3634 4490 Bithynos

2053 4529 2235 4568 rerum
2289 4515 2554 4581 potiente.
2611 4508 2733 4578 Quo
2790 4509 3076 4572 defuncto,
3133 4507 3348 4563 Botiras
3418 4521 3631 4580 regnat,

373 4613 548 4680 ἀρχὴν
582 4606 832 4676 ἔχοντοςο
877 4599 938 4657 οὗ
979 4601 1408 4670 τελευτήσαντος
1452 4599 1610 4668 ἄρχει
1658 4597 1938 4668 Βοτείρας.

2056 4606 2123 4658 ad
2153 4605 2223 4658 '76
2252 4618 2426 4657 annos
2454 4611 2614 4657 aetate
2651 4604 2933 4672 producta.
2969 4599 3029 4652 Ei
3057 4599 3199 4654 illius
3225 4598 3328 4652 Bas
3353 4601 3633 4655 succedit:

375 4700 548 4770 ζήσας
577 4704 630 4762 ς’
663 4699 759 4749 καὶ
786 4695 826 4748 o'
860 4695 978 4764 ἐτη.
1011 4692 1214 4746 Τοῦτον
1252 4690 1556 4759 διαδέχεται
1587 4688 1695 4751 Ba;
1722 4689 1750 4738 ό
1798 4689 1912 4750 υίὸς
1937 4730 1952 4753 ,

375 4793 434 4855 ὃς
472 4791 568 4845 καὶ
600 4789 881 4844 Κάλαντον
905 4788 948 4819 ⁸⁷
1015 4783 1370 4853 Ἀλεξάνδρου
1416 4780 1743 4852 στρατηγὸν,
1776 4780 1954 4834 καίτοι

377 4899 441 4951 γε
468 4881 588 4935 λίαν
615 4878 1134 4950 παρεσκευασμένον
1168 4876 1304 4948 πρὸς
1331 4875 1431 4943 τὴν
1465 4873 1666 4944 μάχην,
1700 4888 1956 4940 κατηγω-

379 4975 595 5038 νίσατο,
641 4974 737 5026 καὶ
782 4973 880 5042 τῆς
913 4969 1164 5032 Βιθυνίας
1198 4965 1581 5039 παρεσκεύασε
1609 4965 1737 5027 τοὺς
1767 4964 1959 5018 Μακε-

382 5065 537 5128 δόνας
568 5063 928 5133 ἀποσχέσθαι.
982 5061 1187 5114 Τούτου
1241 5059 1354 5128 βίος
1404 5057 1502 5127 μὲν
1534 5056 1778 5124 ἐγεγόνει
1824 5053 1960 5107 ὲτῶν

385 5165 431 5210 α’
451 5159 544 5212 καὶ
572 5163 635 5222 o',
670 5149 744 5209 ὧν
779 5153 1101 5210 ἐϐασίλευσε
1131 5152 1197 5208 ν’.
1228 5151 1305 5204 OB
1332 5151 1463 5212 παῖς
1481 5189 1496 5214 ,
1521 5149 1620 5218 τῆς
1647 5147 1822 5217 ἀρχῆς
1849 5145 1964 5198 διά-

385 5253 557 5320 δοχος,
589 5250 882 5319 Ζιποίτηςξ,
911 5246 1168 5317 λαμπρὸς
1197 5246 1256 5298 ὲν
1289 5242 1548 5310 πολέμοις
1571 5238 1848 5308 γεγονὼς,
1872 5238 1966 5290 καὶ

388 5346 512 5408 τοὺς
551 5345 871 5414 Λυσιμάχου
904 5340 1246 5413 στρατηγοὺς
1278 5339 1370 5391 τὸν
1397 5338 1496 5408 μὲν
1527 5333 1754 5397 ἀνελὼν,
1783 5332 1876 5384 τὸν
1905 5330 1962 5383 δὲ

2061 4693 2153 4763 qui
2169 4695 2335 4748 etiam
2359 4691 2670 4756 Galantum,
2690 4690 2979 4745 Alexandri
2999 4689 3274 4766 copiarum
3293 4689 3635 4759 praefectum,

2063 4783 2189 4838 licet
2236 4783 2440 4852 optime
2485 4784 2556 4838 ad
2621 4797 2854 4852 pugnam
2919 4782 3270 4845 instructum,
3332 4779 3639 4850 proﬂigavit

2064 4875 2201 4940 acie,
2231 4884 2284 4929 et
2313 4885 2371 4930 ut
2400 4875 2719 4931 Macedones
2739 4890 2766 4928 a
2791 4875 3041 4946 Bithynia
3070 4873 3404 4930 abstinerent
3433 4873 3634 4930 eﬁecit.

2066 4965 2218 5021 Vixit
2252 4969 2342 5024 hic
2398 4967 2462 5022 71
2513 4983 2704 5034 annos,
2738 4976 2793 5021 et
2842 4967 2908 5021 de
2949 4966 3016 5020 iis
3057 4964 3126 5020 50
3185 4980 3412 5036 regnum
3446 4965 3637 5030 tenuit,

2073 5057 2351 5127 filiumque
2387 5057 2574 5112 habuit
2597 5073 2970 5112 successorem
2998 5058 3266 5127 Zipaaten,
3297 5059 3415 5126 qui,
3462 5058 3644 5112 clarus

2072 5151 2250 5215 bellis,
2283 5167 2314 5205 e
2341 5149 2644 5222 Lysimachi
2679 5149 2952 5219 prmfectis
2980 5150 3145 5205 alium
3198 5151 3429 5212 occidit,
3474 5149 3641 5203 alium

2071 5257 2234 5310 quam
2282 5242 2598 5308 longissime
2653 5257 2684 5296 a
2729 5240 2928 5297 ﬁnibus
2970 5239 3086 5294 suis
3123 5238 3348 5306 depulit.
3402 5238 3542 5304 Quin
3585 5246 3645 5294 et

2069 5332 2250 5401 ipsum
2322 5330 2704 5403 Lysimachum
2744 5333 3019 5401 repressit.
3081 5330 3316 5386 Posthac
3370 5331 3642 5386 Antiocho

1665 5434 1900 5519 uetat;
1942 5460 2342 5516 LECTIONES.

466 5576 512 5607 “
540 5575 632 5626 ἐπὶ
654 5571 740 5644 τό]
763 5572 870 5629 imo
889 5571 981 5624 ἐπὶ
1008 5569 1107 5642 τῷ.
1183 5567 1229 5600 ⁵⁸
1259 5566 1430 5635 αὐτήν
1455 5581 1514 5628 ς.

1595 5561 1639 5594 ⁸⁸
1666 5560 1786 5615 libri
1810 5557 2056 5629 ᾧκησαν.
2133 5557 2178 5590 ⁸⁸
2204 5559 2312 5614 τῶν
2333 5571 2457 5629 post
2479 5561 2726 5632 γηγενῶν
2755 5576 2863 5618 om.
2894 5562 2960 5616 A.
3036 5561 3080 5593 ⁸⁷
3100 5559 3285 5616 Κάλαν
3311 5561 3405 5615 τὸν
3437 5561 3548 5616 Ἀλ.
3587 5580 3648 5628 ς’.

1902 5669 2129 5728 ΝΟΤᾹΣ.

471 5784 584 5856 (65)
618 5782 737 5839 Vid.
762 5780 856 5838 lib.
886 5795 924 5834 ll
950 5777 1076 5834 Rer.
1110 5773 1260 5832 Boic.
1293 5769 1459 5829 Marci
1487 5765 1715 5831 Velseri,
1747 5779 1800 5834 p.
1834 5763 1922 5818 7t.
