3972 6248
371 317 478 380 899
1539 293 1809 372 ‘PHOTII
1859 309 2367 372 PATRIARCHIE
2392 309 2500 370 cr.
3522 299 3630 364 900

372 423 607 487 Seleuci,
642 421 734 492 qui
787 419 971 474 Asiam
1025 426 1202 470 tamen
1249 425 1306 470 et
1357 415 1678 473 Macedones
1730 419 1940 488 ἰιιιρθτὶι

2061 419 2155 470 ἐπὶ
2184 419 2445 488 μήκιστον
2469 417 2566 486 τῆς
2594 416 2799 479 οίκείας
2829 416 3107 479 ἀπελάσας
3136 416 3333 487 ἀρχῆς,
3361 417 3495 471 ἀλλὰ
3531 418 3628 472 καὶ

373 517 681 580 coercebat,
723 512 972 584 superior
999 509 1198 573 factus,
1237 508 1426 565 urbem
1461 511 1645 564 condit
1675 511 1742 564 ad
1783 510 1940 580 Lype

2059 508 2226 564 αὑτοῦ
2256 509 2572 578 Λυσιμάχου
2597 508 2665 572 ⁸⁸,
2697 504 2812 561 εἶτα
2849 510 2946 563 καὶ
2990 509 3265 576 Ἀντιόχου
3308 507 3401 562 τοῦ
3435 510 3627 574 παιδὸς

373 623 499 662 rum
523 616 788 669 montem,
813 603 1049 658 'nomine
1086 616 1188 655 suo
1209 600 1503 670 insignem.
1544 599 1644 656 Hic
1667 600 1757 656 vhi
1787 602 1940 655 vitam

2057 601 2321 654 Σελεύκου
2352 599 2811 670 ὲπικρατέστερος
2835 599 3094 669 γεγονὼς,
3114 599 3207 653 τοῦ
3235 617 3296 652 τε
3317 600 3416 668 τῆς
3443 601 3630 665 Ἀσίας

374 701 430 754 in
456 699 544 764 76,
577 707 634 752 et
667 691 1202 750 administrationem
1231 691 1382 761 regni
1429 692 1481 744 in
1522 691 1592 746 48
1622 705 1794 746 annos
1857 705 1940 745 ex-

2057 692 2432 763 βασιλεύοντος
2465 693 2562 747 καὶ
2588 691 2680 746 τοῦ
2716 693 3065 757 Μακεδόνων,
3103 692 3279 756 κτίζει
3321 692 3477 746 πόλιν
3521 694 3629 746 ὑπὸ

373 793 645 855 tenderat,
677 788 712 841 4
743 786 884 840 ﬁlios
925 783 1165 854 reliquit.
1218 783 1472 851 Eumque
1513 782 1567 836 in
1596 797 1763 852 regno
1791 781 1940 836 Nico‘

2052 784 2131 856 τῷ
2159 784 2395 856 Λυπερῷ
2414 786 2530 856 ὄρει
2553 825 2567 848 ,
2597 788 2662 856 τῇ
2696 783 2860 838 αὑτοῦ
2893 789 3081 858 κλήσει
3116 785 3423 855 ἐπώνυμον.
3457 778 3630 849 Οὗτος

371 880 556 935 niedes
585 887 714 932 natu
739 877 1008 931 maximus
1041 874 1279 944 excepit,
1314 873 1578 929 fratribus
1610 888 1715 928 non
1755 872 1940 937 frater1

2056 878 2204 947 βιοὺς
2241 881 2339 949 μὲν
2381 879 2477 950 ἐτη
2504 887 2558 944 ς’
2587 881 2682 934 καὶ
2705 887 2766 943 ο’,
2804 882 3087 951 κρατήσας
3120 880 3180 934 δὲ
3231 882 3327 950 τῆς
3370 883 3545 952 ἀρχῆς
3576 878 3627 952 η’

368 972 464 1026 sed
520 972 681 1026 lictor
753 971 952 1024 factus.
1002 967 1360 1022 Confirmavit
1412 975 1591 1020 tamen
1639 965 1803 1021 etiam
1863 966 1940 1021 hic

2053 970 2149 1022 καὶ
2180 977 2254 1040 μ’,
2285 971 2608 1024 καταλείπει
2639 971 2836 1036 παῖδας
2872 973 2935 1025 δ’.
2971 971 3172 1026 Τοῦτον
3197 973 3242 1012 ⁸ο
3271 973 3300 1025 ὁ
3327 971 3630 1043 πρεσϐύτε-

371 1063 636 1134 Bithyniae
665 1077 915 1132 regnum,
952 1061 1188 1114 maxime
1214 1073 1301 1123 eo,
1333 1060 1479 1129 quod
1518 1057 1742 1115 Galatas
1789 1060 1940 1114 sedes

2055 1076 2150 1131 ρος
2173 1061 2280 1113 τῶν
2309 1062 2518 1116 παίδων
2548 1063 2867 1134 Νικομήδης
2890 1062 3209 1134 διαδέχεται,
3240 1066 3352 1127 τοῖς
3377 1063 3628 1133 ἀδελφοῖς

367 1156 422 1210 in
463 1156 654 1210 Asiam.
676 1152 1073 1209 transferentes
1122 1151 1350 1220 adjuvit,
1379 1153 1703 1223 urbemque,
1733 1159 1793 1206 ut
1828 1151 1940 1222 jam

2049 1154 2150 1205 οὐκ
2172 1153 2394 1220 ἀδελφὸς
2422 1155 2558 1207 ἀλλὰ
2584 1155 2775 1224 δήμιος
2799 1155 3061 1224 γεγονώς.
3101 1155 3466 1226 Ἐκρατύνατο
3495 1155 3628 1226 μέν·

367 1244 663 1298 indicatum
696 1253 803 1306 est,
827 1241 910 1297 sui
946 1241 1186 1295 nominis
1222 1241 1427 1295 eduxit.

2049 1261 2128 1296 τοι
2161 1245 2255 1297 καὶ
2293 1240 2448 1310 οὗτος
2487 1245 2586 1318 τὴν
2623 1247 2865 1302 Βιθυνῶν
2905 1248 3100 1320 ἀρχὴν,
3135 1247 3367 1318 μάλιστά
3406 1263 3470 1315 γε
3502 1247 3629 1310 τοὺς

365 1335 610 1397 Γαλάτας
643 1335 735 1387 ἐπὶ
778 1333 878 1404 τὴν
917 1333 1101 1386 Ἀσίαν
1133 1332 1600 1403 διαπεραιωθῆναι
1633 1334 2026 1404 συναράμενος·
2051 1339 2147 1388 καὶ
2183 1335 2357 1402 πόλιν,
2435 1337 2512 1401 ώς
2544 1341 2888 1410 προείρηται,
2952 1341 3050 1410 τὴν
3119 1338 3284 1394 αὑτοῦ
3349 1353 3626 1411 προσηγο-

369 1431 490 1501 ρίαν
519 1428 786 1499 ἀνέστησε
810 1426 1103 1498 φέρουσαν.

845 1546 980 1601 CAP.
1009 1543 1172 1600 XXII.
1206 1574 1276 1585 -
1309 1543 1728 1614 Byzantinoram
1764 1545 1956 1598 bellum
1999 1563 2116 1599 cum
2153 1545 2449 1601 Calatiam":
2491 1544 2914 1601 Heracliensium
2939 1545 3169 1600 colonia.

435 1664 734 1733 lnterlapso
764 1661 892 1716 hinc
927 1671 1171 1730 tempore
1204 1659 1409 1730 aliquo,
1451 1659 1768 1730 Byzantinis
1819 1658 1938 1714 bel-

2120 1661 2196 1715 Οὐ
2255 1661 2436 1732 πολλῷ
2461 1661 2516 1716 δὲ
2559 1661 2788 1734 ὕστερον
2833 1661 3011 1732 χρόνῳ
3060 1660 3297 1729 πόλεμος
3341 1661 3624 1734 ἀνερράγη

363 1759 474 1811 Ιιιιιι
525 1758 786 1810 adversus
833 1754 1144 1810 Calatianos
1176 1752 1648 1824 (Heracleotarum
1719 1752 1939 1807 colonia

2049 1751 2363 1818 Βυζαντίοις
2433 1752 2571 1823 πρὸς
2624 1752 3002 1816 Καλατιανοὺς
3056 1752 3309 1822 (ἄποικοι
3368 1753 3425 1806 δὲ
3476 1749 3624 1808 οὗτοι

365 1852 478 1904 Ιιαξο
501 1849 606 1917 est)
641 1857 694 1901 et
728 1845 990 1901 lstrianos
1045 1847 1248 1915 erupit,
1307 1853 1529 1914 propter
1561 1843 1784 1910 Touiin,
1822 1859 1940 1899 em-

2059 1843 2451 1914 Ἥρακλεωτῶν
2481 1839 2646 1916 ἦσαν)
2693 1844 2788 1897 καὶ
2825 1843 2960 1914 πρὸς
3004 1845 3332 1914 Ἰστριανοὺς
3359 1845 3489 1916 περὶ
3521 1844 3624 1898 Τό-

363 1941 571 2011 porium
597 1939 891 1994 Calatianis
915 1938 1176 2002 vicinum,
1210 1936 1353 2008 quod
1394 1937 1762 2006 monopolium
1792 1951 1858 1990 ex
1877 1949 1940 1989 eo

2051 1954 2198 2008 μεως
2222 1936 2315 1990 τοῦ
2357 1937 2623 2007 ὲμπορίου
2648 1975 2664 2000 ,
2694 1937 2723 1990 ὃ
2763 1939 2876 1999 τοῖς
2901 1937 3264 1999 Καλατιανοῖς
3303 1937 3505 2007 ὅμορον
3529 1931 3621 2007 ἦν,

364 2031 546 2087 facere
615 2032 797 2086 animo
849 2039 1223 2100 conceperant
1288 2029 1581 2086 Calatiani.
1641 2026 1940 2098 Propterea

2051 2029 2386 2102 μονοπώλιον
2432 2029 2592 2083 τοῦτο
2633 2029 3032 2099 διανοουμένων
3073 2031 3482 2083 κατασκευάσαι
3509 2029 3625 2083 τῶν

367 2126 624 2196 utrinque
658 2125 725 2179 ad
765 2122 1145 2178 lleraclienses
1175 2123 1242 2177 de
1265 2121 1390 2177 belli
1419 2123 1681 2176 societate
1707 2121 1942 2174 mittitur

363 2217 578 2288 legatio.
604 2214 678 2268 At
711 2215 765 2269 hi
805 2215 983 2268 neutri
1045 2213 1244 2283 228!)
1297 2213 1435 2282 parti
1487 2211 1733 2266 bellicam
1780 2226 1939 2280 opem

365 2311 630 2373 tribuunt,
663 2307 757 2361 sed
786 2306 968 2378 legant
996 2306 1063 2360 ad
1100 2316 1377 2374 utrosque,
1415 2305 1507 2374 qui
1557 2305 1780 2374 pacilice
1809 2318 1944 2357 cono:

363 2401 681 2455 troversiam
705 2399 1014 2466 transigant
1047 2415 1062 2452 :
1116 2397 1330 2452 tametsi
1379 2397 1584 2476 absque
1613 2394 1808 2450 effectu
1837 2395 1942 2451 hoc

361 2490 495 2559 ipsis
541 2491 782 2544 studium
829 2489 1018 2544 exivit.
1052 2487 1234 2544 Multis
1279 2489 1446 2558 igitur
1488 2488 1831 2544 detrimentis
1861 2487 1943 2543 af-

361 2580 486 2636 fecti
510 2579 772 2636 Calatidis
805 2580 1014 2645 incolae,
1050 2581 1116 2633 ad
1150 2581 1302 2650 pacis
1331 2579 1549 2634 demum
1601 2579 1945 2634 conditiones

360 2671 773 2726 descenderunt.
799 2669 911 2725 Nec
935 2668 1232 2740 quidquam
1259 2669 1374 2726 fere
1403 2668 1472 2725 ab
1502 2669 1609 2725 ista
1635 2669 1948 2726 calamitate

359 2763 560 2817 virium
596 2770 892 2832 potuerunt
923 2763 1185 2831 recipere.

2045 2119 2425 2178 Καλατιανῶν.
2455 2118 2917 2190 Διεπρεσϐεύοντο
2942 2115 3036 2172 οὖν
3065 2119 3202 2190 πρὸς
3239 2117 3626 2189 Ἡρακλεώτας

2047 2212 2142 2265 ἐπὶ
2169 2208 2486 2280 συμμαχίαν
2511 2209 2557 2242 ¹⁰
2581 2209 2855 2280 ἑκάτεροι.
2886 2211 2948 2263 Οί
2975 2209 3032 2262 δὲ
3066 2209 3367 2281 πολεμικὴν
3403 2209 3502 2279 μὲν
3533 2213 3626 2281 ροο

2047 2304 2157 2375 πὴν
2202 2302 2470 2373 οὐδετέρῳ
2497 2302 2692 2372 ἔνεμον
2739 2303 2918 2373 μέρει,
2952 2301 3405 2373 διαλλακτηρίους
3437 2302 3494 2356 δὲ
3529 2303 3626 2356 ἄν·

2046 2396 2179 2466 δρας
2224 2394 2506 2466 ἑκατέροις
2540 2393 2892 2457 ἀπέστελλον,
2925 2394 3028 2448 κᾶν
3064 2394 3346 2465 ἄπρακτος
3378 2395 3558 2448 αὐτῶν
3586 2396 3622 2465 ή

2049 2487 2255 2558 σπουδὴ
2283 2486 2404 2539 τότε
2427 2486 2638 2554 γέγονε.
2670 2484 2798 2557 [724
2817 2484 2912 2557 Rs]
2944 2485 3124 2539 Πολλὰ
3143 2487 3200 2540 δὲ
3228 2487 3276 2539 oi
3304 2486 3406 2557 τῆς
3434 2487 3626 2542 Καλα-

2045 2577 2190 2641 τίδος
2227 2578 2333 2632 ὑπὸ
2362 2577 2471 2632 τῶν
2503 2577 2782 2648 πολεμίων
2817 2579 3112 2643 παθόντες,
3153 2578 3380 2650 ὕστερον
3405 2580 3484 2644 εἰς
3508 2579 3626 2633 δια-

2047 2667 2232 2731 λύσεις
2262 2664 2450 2738 ἦλθον,
2476 2669 2586 2723 ἀπὸ
2609 2669 2812 2740 ταύτης
2833 2669 2934 2740 τῆς
2961 2671 3250 2741 συμφορᾶς
3279 2670 3463 2724 οὐκέτι
3495 2686 3625 2741 σχε-

2043 2761 2132 2814 δὸν
2164 2760 2452 2815 ἀναλαϐεῖν
2478 2761 2675 2824 αὐτοὺς
2702 2761 3042 2832 δυνηθέντες.

487 2875 621 2930 CAP.
643 2873 834 2928 XXIII.
862 2904 935 2914 —
959 2872 1350 2929 Testamentum
1395 2873 1708 2929 Nicomedis
1730 2917 1746 2944 ,
1791 2884 1838 2928 et
1879 2872 2042 2928 Zeila:
2092 2874 2292 2928 exclusi
2323 2873 2514 2929 bellum
2552 2891 2670 2929 cam
2702 2875 2965 2946 Bithynis,
3001 2894 3096 2946 ope
3151 2876 3492 2932 Galatarum.

435 2998 546 3054 Nec
581 2997 811 3056 multum
850 2999 1109 3066 temporis
1149 2997 1382 3063 efﬂuxit,
1427 3013 1555 3054 cum
1595 3011 1692 3052 rex
1753 2996 1943 3070 Bithy-

365 3106 563 3146 norum
611 3090 934 3145 Nicomedes
985 3091 1299 3161 (postquam
1353 3105 1384 3144 e
1439 3091 1621 3160 priore
1675 3091 1724 3143 ei
1779 3099 1942 3143 natus

361 3181 619 3252 conjugio
670 3180 853 3236 Zeilas
877 3181 942 3235 ad
975 3182 1355 3235 Armeniorum
1395 3195 1572 3250 regem
1594 3179 1943 3248 profugisset,

362 3275 621 3344 expulsus
675 3288 931 3327 noverca:
981 3273 1218 3326 Etazetaa
1265 3272 1556 3336 machinis,
1604 3271 1758 3340 cujus
1787 3269 1942 3325 liberi

363 3369 539 3422 adhuc
571 3367 626 3419 in
661 3375 843 3420 tenera
865 3374 1028 3419 tetate
1051 3364 1248 3434 erant),
1267 3373 1440 3417 morte
1460 3364 1572 3431 jam
1599 3362 1938 3424 imminente,

361 3475 428 3514 ex
486 3457 654 3512 altera
689 3466 846 3512 natos
879 3471 1046 3510 uxore
1097 3455 1338 3509 hmredes
1383 3454 1534 3523 regni
1583 3453 1802 3522 scripsit
1836 3470 1852 3508 :
1887 3459 1942 3506 et

361 3559 674 3614 Curatores,
733 3548 1083 3603 Ptolemaeum
1155 3561 1279 3600 cum
1325 3545 1601 3614 Antigono
1645 3553 1700 3599 et
1747 3544 1941 3614 populo

362 3643 811 3712 Byzantinorum,
839 3655 936 3694 nec
978 3655 1086 3694 non
1137 3638 1566 3693 lleracliensium
1618 3637 1943 3692 Cianorum-

361 3749 487 3804 quc,
519 3734 837 3804 designavit.
871 3730 1048 3784 Zeilas
1073 3740 1251 3784 autem
1289 3744 1411 3783 cum
1445 3732 1720 3784 instructa
1753 3744 1936 3793 manu,

360 3824 448 3876 cui
480 3837 510 3876 e
535 3821 742 3877 Galatis
775 3820 1130 3889 TolistobOgii
1163 3819 1374 3874 animos
1407 3822 1719 3890 augebant,
1761 3823 1816 3874 in
1848 3832 1938 3874 re-

359 3927 523 3982 gnqu
556 3922 840 3980 paternum
875 3911 1035 3966 redit.
1080 3911 1150 3962 At
1173 3908 1417 3980 Bithyni,
1455 3912 1579 3964 dum
1610 3924 1937 3966 conservare

358 4003 691 4058 dominatum
764 4001 1004 4072 parvulis
1079 4011 1381 4070 satagunt,
1436 4011 1663 4056 matrem
1737 4003 1933 4056 horum

358 4092 666 4148 Nicomedis
699 4093 855 4148 fratri
900 4093 954 4147 in
1007 4093 1414 4146 matrimonium
1461 4093 1695 4153 elocant,
1726 4103 1782 4147 et
1831 4093 1934 4161 ipsi

355 4195 582 4252 accepto
610 4200 641 4238 a
671 4183 1014 4238 curatoribus
1040 4183 1283 4238 exercitu
1313 4181 1520 4237 Zeilam
1558 4184 1934 4253 opperiuntur.

355 4277 421 4330 Et
441 4277 647 4332 crebris
671 4277 958 4344 utrobique
983 4275 1190 4344 proeliis
1213 4284 1268 4328 et
1297 4273 1504 4328 viribus
1527 4273 1628 4338 usi,
1657 4288 1843 4343 paceni
1866 4273 1934 4328 ad

353 4379 662 4422 extremum
740 4367 926 4422 ineunt
977 4381 1154 4421 :cum
1213 4363 1591 4420 Heraclienses
1633 4365 1688 4420 in
1742 4367 1936 4436 pugnis

354 4460 462 4515 illis
493 4459 913 4524 cxcelluissent,
942 4465 998 4513 et
1027 4457 1080 4511 in
1111 4457 1507 4527 compositione
1539 4456 1661 4512 belli
1692 4457 1933 4526 egissent

351 4553 546 4622 quazin
584 4568 699 4608 rem
734 4551 931 4607 forent.
986 4549 1197 4605 Idcirco
1247 4549 1450 4606 Galatae
1488 4549 1826 4616 Heracleam,
1872 4560 1932 4607 ut
1983 4567 1988 4574 ‘

2121 2999 2195 3052 Οὐ
2225 2997 2422 3051 πολλοῦ
2447 2998 2505 3052 δὲ
2543 2998 2684 3053 πάνυ
2709 3000 2950 3071 ’ῥυέντος
2975 2999 3166 3070 χρόνου
3196 3000 3224 3052 ὁ
3248 2998 3358 3052 τῶν
3387 2998 3628 3054 Βιθυνῶν

2052 3091 2308 3157 βασιλεὺς
2335 3092 2656 3163 Νικομήδης
2677 3134 2692 3157 ,
2722 3093 2846 3146 ἐπεὶ
2879 3095 2905 3145 ὁ
2935 3094 3033 3162 μὲν
3065 3095 3128 3146 ὲκ
3163 3094 3446 3164 προτέρων
3476 3093 3628 3164 αὐτῷ

2049 3182 2242 3252 γάμων
2271 3183 2508 3251 γεγονὼς
2534 3187 2665 3247 παῖς
2695 3183 2896 3254 Ζηῖλας
2921 3185 3099 3254 φυγὰς
3136 3181 3204 3258 ἦν
3239 3185 3376 3256 πρὸς
3399 3186 3490 3238 τὸν
3516 3187 3627 3240 τῶν

2063 3273 2366 3344 Ἀρμενίων
2413 3275 2659 3343 βασιλέα,
2686 3279 2806 3340 ταῖς
2852 3276 2954 3347 τῆς
2999 3280 3271 3349 μητρυιᾶς
3335 3279 3625 3343 Ἐταζέτας

2049 3368 2322 3434 μηχαναῖς
2351 3366 2565 3430 ἐλαθεὶς
2585 3406 2600 3431 ,
2647 3369 2694 3420 οἱ
2723 3368 2781 3420 δὲ
2813 3369 2877 3421 ὲκ
2911 3371 3117 3440 ταύτης
3147 3371 3296 3441 αὐτῷ
3335 3371 3626 3438 γεγονότες

2044 3454 2360 3523 ἑνηπίαζον,
2393 3457 2530 3526 πρὸς
2549 3458 2628 3527 τῷ
2643 3458 2688 3488 τί
2713 3458 2970 3530 τελευτᾷν
2993 3461 3233 3528 γεγονὼς
3254 3464 3625 3534 κληρονόμους

2045 3547 2144 3616 μὲν
2173 3547 2299 3610 τοὺς
2347 3550 2412 3601 ἐκ
2444 3549 2543 3619 τῆς
2577 3551 2834 3622 δευτέρας
2862 3553 3118 3620 γυναικὸς
3145 3555 3345 3624 γράφει
3389 3558 3623 3622 παῖδας,

2042 3637 2371 3707 ἐπιτρόπους
2417 3639 2476 3691 δὲ
2523 3641 2858 3712 Πτολεμαῖον
2909 3646 3004 3696 καὶ
3050 3645 3360 3715 Ἀντίγονον
3407 3649 3624 3703 καὶτὸν

2042 3727 2214 3798 δῆμον
2244 3731 2352 3782 τῶν
2383 3731 2694 3796 Βυζαντίων
2719 3736 2812 3787 καὶ
2850 3735 2912 3806 δὴ
2945 3737 3043 3790 καὶ
3071 3737 3181 3793 τῶν
3222 3740 3622 3810 Ἡρακλεωτῶν

2045 3820 2268 3874 καὶτὸν
2301 3821 2410 3876 τῶν
2457 3824 2678 3878 Κιανῶν
2729 3827 3034 3897 ἐφίστησιν.
3085 3829 3145 3882 '0
3189 3832 3372 3902 μέντοι
3421 3833 3623 3904 Ζηῖλας

2046 3913 2184 3981 μετὰ
2208 3913 2492 3985 δυνάμεως
2515 3955 2531 3982 ,
2566 3917 2634 3987 ἢν
2664 3917 2814 3988 αὐτῷ
2840 3921 2948 3974 τῶν
2977 3921 3233 3978 Γαλατῶν
3275 3925 3323 3978 oi
3358 3926 3621 3980 Τολοστο-

2042 4006 2214 4073 ϐόγιοι
2246 4008 2484 4078 θάρσους
2515 4010 2812 4082 ἐπλήρουν,
2840 4015 2934 4066 ἐπὶ
2958 4015 3059 4085 τὴν
3091 4016 3372 4087 βασιλείαν
3401 4019 3617 4091 κατῄει.

2041 4096 2258 4152 Βιθυνοὶ
2284 4100 2343 4153 δὲ
2392 4101 2492 4172 τὴν
2522 4103 2698 4174 ἀρχὴν
2728 4104 2922 4170 σώζειν
2967 4110 3080 4170 τοῖς
3117 4109 3333 4179 νηπίοις
3377 4113 3618 4166 σπουδάσ-

2039 4188 2242 4254 ζοντες,
2275 4189 2374 4262 τὴν
2405 4192 2504 4261 μὲν
2531 4193 2738 4247 τούτων
2767 4197 2979 4267 μητέρα
3007 4199 3224 4270 ἀδελφῷ
3255 4201 3617 4267 συνοικίζουσι

2035 4278 2116 4349 τῷ
2144 4280 2509 4352 Νικομήδους,
2541 4284 2697 4338 αὐτοί⁵
2727 4286 2785 4339 δὲ
2811 4289 3128 4360 στράτευμα
3156 4291 3305 4362 παρὰ
3327 4293 3433 4347 τῶν
3459 4296 3617 4366 εἰρη-

2039 4371 2216 4442 μένων
2260 4375 2573 4445 ἐπιτρόπων
2627 4375 2883 4442 λαϐόντες
2928 4380 3199 4450 ὑπέμενον
3251 4383 3344 4438 τὸν
3391 4386 3614 4456 Ζηῖλαν.

2036 4463 2264 4532 Συχνατς
2287 4463 2344 4516 δὲ
2373 4466 2575 4536 μάχαις
2614 4469 2708 4521 καὶ
2742 4469 3062 4538 μεταϐολαῖς
3087 4472 3336 4546 ἑκάτεροι
3364 4473 3491 4547 [576
3518 4477 3614 4549 Η.]

2037 4555 2518 4628 ἁποχρησάμενοι,
2542 4560 2605 4614 τὸ
2625 4561 2933 4617 τελευταῖον
2961 4565 3302 4638 κατέστησαν
3324 4568 3611 4638 είςξδιαλύ-

351 4645 650 4710 inimicam,
676 4645 1028 4708 invaserunt,
1050 4640 1121 4696 ad
1164 4640 1423 4697 Calletem
1455 4657 1632 4712 usque
1657 4641 1878 4697 ﬂuvium
1914 4659 1928 4696 :

2049 4663 2174 4715 τεις,
2207 4649 2600 4718 Ἡρακλεωτῶν
2625 4655 2686 4707 ὲν
2707 4656 2831 4718 ταῖς
2855 4655 3058 4726 μάχαις
3085 4657 3482 4728 ἁριστευόντων
3511 4663 3616 4715 κάν

351 4735 628 4804 multaque
657 4735 814 4790 ditati
837 4735 1040 4803 praeda,
1076 4733 1296 4788 domum
1331 4733 1683 4802 repetierunt.

2035 4743 2158 4805 ταῖς
2193 4744 2496 4814 συμϐάσεσι
2539 4747 2603 4801 τὸ
2637 4749 2918 4820 συμφέρον
2964 4755 3478 4825 καταπραττόντων.
3521 4759 3615 4815 Διδ

352 4824 588 4924 Γαλάται
616 4825 692 4924 ὡς
720 4823 922 4924 ἐχθρὰν
954 4823 1053 4893 τὴν
1092 4821 1422 4893 Ἡράκλειαν
1462 4823 1806 4895 κατέδραμον
1829 4821 1935 4889 ἔως
1968 4828 2254 4904 Κάλλητος
2336 4844 2622 4915 ποταμοῦ.
2674 4845 2769 4902 καὶ
2847 4839 3047 4914 πολλῆς
3091 4821 3271 4922 κόρω,
3327 4855 3614 4924 γεγονότες

351 4918 500 4983 λείας
534 4917 716 4972 οἴκαδε
748 4915 1129 4986 ἀνεχώρησαν.

885 5026 1016 5083 CAP.
1051 5025 1243 5084 XXIV.
1267 5058 1340 5074 —
1373 5025 1790 5081 lleraclicnsium
1823 5029 2127 5098 paciﬁcatio
2147 5035 2288 5091 inter
2314 5041 2632 5100 Antiochum
2651 5059 2700 5102 et
2728 5049 3076 5120 Byzanlinor.

420 5146 534 5200 Suh
565 5145 681 5199 haec
708 5141 1023 5213 Byzantinis
1073 5142 1341 5196 infcrente
1387 5140 1586 5195 bellum
1638 5140 1933 5207 Antiocho,

352 5238 422 5292 40
447 5237 759 5291 triremibus
805 5233 1142 5288 lieracleota:
1189 5232 1520 5287 auxiliantur
1562 5246 1578 5283 :
1635 5240 1690 5285 et
1742 5231 1936 5285 borum

351 5330 552 5383 factum
594 5337 678 5382 est
723 5341 885 5395 opera
936 5333 996 5378 ut
1059 5323 1126 5378 ad
1181 5322 1359 5378 minas
1399 5320 1767 5376 tantummodo
1809 5335 1936 5390 pro-

351 5433 597 5489 gressum
629 5419 860 5474 haberet
895 5416 1116 5473 bellum.

2113 5128 2442 5198 Βυζαντίους
2495 5137 2554 5191 δὲ
2615 5137 2890 5211 Ἀντιόχου
2945 5141 3309 5214 πολεμοῦντος
3366 5145 3616 5216 τριήρεσι

2039 5224 2426 5296 συνεμάχησαν
2469 5234 2520 5298 μ’
2562 5230 2613 5282 οἱ
2671 5230 3074 5300 Ἡρακλεῶται,
3108 5237 3205 5293 καὶ
3253 5237 3344 5291 τὸν
3379 5238 3615 5309 πόλεμον

2037 5317 2459 5385 παρεαιεύασαν
2484 5320 2530 5351 ⁷⁸
2571 5319 2765 5391 μέχρις
2793 5323 3036 5379 ἀπειλῶν
3063 5329 3355 5399 πρςνκόψαι.

1651 5551 1881 5610 VARIIE
1934 5551 2340 5610 LECTIONES.

429 5656 473 5687 “
498 5654 658 5729 αὑτὸν
687 5657 993 5729 Λυσίμαχον
1061 5671 1203 5713 corr.
1263 5655 1327 5711 Α.
1406 5655 1448 5688 ⁸³
1478 5653 1680 5708 τούτων
1717 5669 1858 5709 corr.
1882 5652 1950 5708 A.

350 5741 474 5780 εσκε
486 5727 509 5776 ύ
521 5743 651 5778 ασαν
678 5743 736 5789 ς.

2028 5648 2394 5741 τοξσυμμαχίᾳ
2423 5647 2744 5720 Stephanus.

2859 5651 2901 5683 τ’
2948 5650 3023 5722 τῷ
3046 5653 3089 5706 Α
3119 5671 3132 5708 :
3167 5656 3226 5708 τό
3253 5673 3312 5718 ς.
3416 5659 3462 5689 τ’
3488 5677 3607 5711 κατα
