3972 6248
304 314 414 384 901.

1416 307 1948 369 BIBLIOTHECA.
1999 332 2070 344 -
2108 307 2276 370 COD.
2317 307 2622 372 CCXXIV.

3490 311 3598 379 902

559 421 713 479 CAP.
744 419 912 477 XXV.
931 451 999 462 -—
1024 417 1239 473 lleracl.
1274 415 1576 472 Mithridati
1608 417 1947 470 auxiliantur
1977 427 2161 472 contra
2198 415 2380 471 Gallos
2404 456 2420 482 ,
2445 417 2536 470 sed
2568 431 2715 470 caro.
2757 413 3018 486 Nymphis
3047 415 3350 472 historicus.

381 544 588 616 Συνέϐη
621 544 676 597 δὲ
701 544 819 614 μετ’
849 542 910 594 οὐ
943 539 1076 594 πολὺ
1104 539 1162 606 ἐξ
1192 536 1498 609 ἀνθρώπων
1541 537 1902 609 Ἀριοϐαρζά-
1930 593 1935 604 η

2076 537 2188 592 Nec
2225 537 2388 608 longe
2418 545 2541 606 post
2583 551 2615 590 e
2654 537 2764 590 vita
2798 539 3112 593 mortalium
3141 541 3406 594 eximitur
3431 542 3597 596 Ario-

304 658 406 710 νην
436 636 714 706 γενέσθαι,
746 634 911 688 παῖδα
940 633 1280 702 Μιθριδάτην
1305 631 1677 686 καταλιπόντα
1714 631 1813 685 καὶ
1844 633 1902 684 ἐν

302 731 544 802 διαφορᾷ
576 730 713 801 πρὸς
743 729 870 792 τοὺς
914 727 1161 789 Γαλάτας
1185 725 1474 795 γεγονόταο
1520 723 1588 777 δι’
1623 725 1691 796 ἡν
1719 725 1902 779 αἰτίαν

305 823 823 894 καταφρονήσαντες
863 819 958 872 τοῦ
989 819 1181 882 παιδὸς
1213 812 1360 872 οὗτοι
1409 817 1509 889 τὴν
1547 816 1714 870 αὑτοῦ
1750 815 1903 886 βασι-

303 916 458 968 λείαν
510 915 772 967 ἐσίνοντο.
809 912 923 966 Καὶ
971 912 1208 982 ἀπορίας
1253 911 1451 974 αὑτοὺς
1482 907 1902 977 καταλαϐούσης

306 1007 687 1075 ἀνελάμϐανον
709 1006 760 1058 oi
788 1005 896 1059 ἀπὸ
924 1005 1022 1072 τῆς
1064 1002 1416 1074 Ἡρακλείας,
1451 1004 1596 1055 σῖτον
1628 1001 1710 1063 είς
1744 1000 1900 1070 Ἀμι-

307 1101 460 1152 abit"
493 1101 823 1170 πέμποντες,
851 1098 912 1162 ἐξ
931 1092 998 1170 ἧς
1027 1098 1158 1168 ῥᾷον
1185 1093 1253 1167 ἦν
1280 1097 1406 1159 τοὺς
1435 1094 1528 1148 τοῦ
1565 1093 1898 1164 Μιθριδάτου

307 1195 556 1260 σιτηγεῖν
595 1193 806 1253 ἑαυτοῖς
859 1191 954 1244 καὶ
997 1189 1313 1254 ἐξακεῖσθαι
1367 1187 1465 1256 τὴν
1519 1185 1748 1239 ἔνδειαν.
1799 1184 1901 1237 Διά

303 1283 481 1336 ταῦτα
507 1283 670 1337 πάλιν
699 1286 746 1336 οἱ
779 1282 1013 1336 Γαλάται
1051 1282 1134 1344 είς
1172 1279 1270 1351 τὴν
1318 1276 1692 1349 Ἡρακλεῶτιν
1727 1275 1900 1346 ἔπεμ-

302 1375 414 1441 ψαν
446 1375 798 1445 στράτευμα,
834 1373 931 1425 καὶ
975 1372 1182 1441 ταύτην
1214 1370 1568 1440 κατέτρεχον,
1609 1367 1801 1438 μέχρις
1831 1363 1898 1418 ἂν

302 1470 355 1519 oi
392 1467 768 1537 Ἡρακλεῶται
792 1465 1286 1537 διεπρεσϐεύσαντο
1322 1460 1459 1532 πρὸς
1489 1457 1710 1520 αὑτούς.
1747 1455 1898 1526 Νύμ-

304 1579 397 1629 φις
429 1562 487 1614 δὲ
525 1557 594 1632 ἦν
646 1562 674 1612 ὁ
710 1560 977 1632 ἱστορικὸς
1006 1561 1035 1612 ὁ
1084 1558 1385 1628 κορυφαῖος
1421 1553 1531 1608 τῶν
1582 1550 1892 1624 πρέσϐεωνο

300 1647 362 1710 ὃς
387 1648 480 1702 τὸν
517 1649 615 1718 μὲν
643 1651 872 1722 στρατὸν
901 1651 959 1700 ἐν
984 1646 1062 1716 τῷ
1091 1645 1256 1716 κοινῷ
1281 1647 1505 1716 χρυσοῖς
1536 1658 1895 1712 πεντακισχι-

300 1739 463 1804 λίοις,
497 1742 625 1804 τοὺς
659 1741 716 1795 δὲ
744 1739 1020 1813 ἡγεμόνας
1056 1739 1164 1809 ἰδία
1192 1738 1488 1800 διακοσίοις
1513 1731 1896 1804 ὑποθεραπεύ-

307 1847 432 1898 σας,
459 1833 556 1902 τῆς
580 1831 763 1903 χώρας
791 1831 1174 1902 ἀπαναστῆναι
1203 1828 1640 1900 παρεσκεύασεν.

2009 629 2301 695 barzanes,
2362 627 2644 696 ﬁliumque
2702 628 2966 698 relinquit
3010 629 3382 685 Mithridatem
3437 651 3453 686 :
3507 632 3599 688 cui

2003 721 2130 776 lites
2162 736 2286 776 cum
2337 718 2548 775 Galatia
2586 720 2971 774 intercessere.
3027 721 3200 787 Quam
3249 723 3321 777 ob
3369 737 3595 779 causam

2013 813 2090 878 bi,
2116 821 2428 880 contempta
2465 811 2618 879 pueri
2671 820 2856 874 aetate,
2889 826 3121 882 regnum
3164 813 3282 881 ejus
3313 814 3591 870 divexant.

2002 903 2248 973 Cumque
2270 904 2449 972 inopia
2477 919 2655 956 rerum
2682 902 2997 958 laborarent
3017 903 3149 973 regii
3173 942 3189 969 ,
3212 901 3594 968 Heraclienses

2003 1011 2098 1051 eos
2150 1003 2486 1058 sustentant,
2553 993 2828 1048 frumento
2869 994 3116 1048 Amisum
3168 996 3416 1059 advecto,
3447 998 3594 1051 unde

2002 1087 2218 1142 facilior
2251 1096 2398 1142 esset
2427 1086 2819 1141 Mithridaticis
2850 1088 3030 1142 victus
3061 1088 3214 1157 copia
3237 1130 3252 1152 ,
3289 1095 3344 1142 et
3373 1098 3590 1158 egesta-

2005 1182 2075 1237 tis
2127 1180 2359 1236 medela.
2393 1178 2626 1248 Propter
2678 1179 2795 1233 haac
2848 1179 3046 1234 iterum
3099 1180 3328 1234 hostiles
3372 1181 3424 1234 in
3484 1180 3593 1234 Ile-

2000 1270 2354 1328 r‘acleotidem
2405 1271 2594 1340 copias
2653 1272 2894 1339 mittunt,
2952 1287 3184 1342 eamque
3253 1272 3592 1339 depopulan-

2000 1374 2089 1419 tur
2133 1383 2148 1420 :
2193 1380 2366 1435 usque
2437 1365 2566 1420 dum
2616 1367 2684 1420 ab
2743 1363 3184 1420 lleracliensibus
3242 1381 3338 1436 per
3387 1366 3593 1433 legatos

2001 1457 2332 1527 mitigantur.
2368 1455 2632 1526 Princeps
2661 1467 2840 1512 autem
2874 1455 3086 1526 legatus
3131 1465 3252 1510 erat
3303 1454 3588 1525 Nymphis,

2009 1551 2252 1606 historia:
2319 1551 2558 1619 scriptor
2608 1569 2624 1607 :
2679 1551 2770 1619 qui
2805 1565 2926 1604 cum
2965 1548 3266 1604 exercitum
3303 1547 3500 1617 229a
3535 1547 3588 1602 in

1998 1657 2287 1698 commune
2331 1645 2515 1699 aureis
2550 1643 2711 1709 5000,
2749 1643 3022 1712 ducesque
3056 1655 3304 1696 seorsum
3336 1640 3443 1694 200
3490 1641 3586 1694 de-

1998 1735 2284 1801 linivisset,
2323 1745 2384 1792 ut
2418 1752 2448 1790 a
2474 1737 2670 1791 ﬁnibus
2697 1733 3068 1800 discederent,
3099 1733 3304 1788 effecit.

1151 1944 1280 2001 CAP.
1319 1944 1508 1999 XXVI.
1531 1973 1605 1984 —
1631 1942 1906 1997 Ptolemwi
1947 1941 2237 1996 liberalitas
2267 1941 2321 1994 in
2368 1937 2756 1995 Heraclienses.

377 2076 705 2146 Πτολεμαῖος
735 2075 791 2129 δέ
821 2075 850 2129 δ
876 2076 977 2148 τῆς
1002 2074 1281 2145 Αἰγύπτου
1311 2074 1566 2146 βασιλεὺς
1603 2076 1684 2138 εἰς
1709 2073 1883 2145 ἄκρον

299 2167 649 2236 εὐδαιμονίας
706 2167 914 2230 ἀναϐὰς
985 2167 1402 2238 λαμπροτάταις
1484 2165 1582 2238 μέν
1655 2165 1884 2238 δωρεαῖς

2061 2072 2382 2129 Ptolemaeus
2423 2081 2603 2128 autem
2646 2087 2741 2127 rex
2783 2071 3002 2144 Egypti
3037 2112 3051 2138 ,
3106 2071 3430 2127 altissimum
3488 2073 3586 2126 be-

1998 2167 2175 2236 nignae
2247 2165 2476 2220 fortuna:
2551 2166 2776 2238 gradum
2847 2174 3170 2229 assecutus,
3225 2164 3586 2235 magniﬁcen-

300 2260 615 2328 εὐεργετεῖν
673 2259 772 2322 τὰς
825 2260 1010 2323 πόλεις
1061 2260 1356 2330 προήγετο,
1413 2255 1629 2328 ἔπεμψε
1686 2256 1744 2310 δέ
1791 2256 1886 2310 καὶ

2003 2257 2216 2314 Lissimis
2241 2258 2492 2313 civitates
2523 2258 2838 2313 muneribus
2880 2257 3146 2311 demereri
3204 2257 3581 2312 constituerat.

297 2353 415 2413 τοῖς
474 2349 886 2420 Ἡρακλεώταις
955 2352 1200 2422 ἀρτάϐας
1255 2349 1431 2422 πυροῦ
1493 2349 1883 2416 πεντακοσίας,

301 2448 400 2496 καὶ
429 2442 564 2496 νεὼν
602 2444 787 2507 αὐτοῖς
818 2443 1221 2516 Προκοννησίας
1251 2443 1458 2516 πέτρας
1498 2443 1558 2498 ἐν
1601 2444 1669 2515 τῇ
1719 2444 1889 2514 ἀκρο-

304 2535 458 2588 πόλει
505 2535 801 2605 Ἡρακλέος
828 2537 1170 2606 ἀνεδείματο.

1992 2347 2182 2420 Itaque
2214 2349 2379 2403 etiam
2428 2347 2867 2403 Ileracliensibus
2898 2346 3002 2402 500
3037 2345 3258 2400 artahas
3292 2345 3388 2416 (sic
3407 2343 3584 2398 Perstz

1995 2443 2317 2498 medimnum
2345 2439 2552 2510 vocant)
2597 2438 2763 2494 tritici
2796 2439 3032 2505 misit,et
3068 2435 3586 2506 templumHerculis

1992 2553 2024 2593 e
2049 2535 2418 2592 Proconnesio
2443 2549 2576 2590 saxo
2603 2533 2656 2588 in
2687 2547 2815 2588 arce
2842 2533 2923 2588 eis
2952 2531 3240 2586 exstruxit.

303 2676 437 2733 Car.
495 2675 711 2733 XXVII.
757 2706 828 2717 —
869 2675 1090 2733 Summa
1157 2679 1526 2732 narrationum
1569 2678 1634 2732 de
1687 2676 1863 2732 Romae
1919 2677 2087 2732 initiis
2142 2687 2192 2732 et
2237 2677 2610 2740 incrementis,
2655 2691 2836 2744 regno,
2899 2672 3222 2735 consulibus,
3297 2669 3583 2738 imperato-

1187 2750 1354 2814 ribus,
1379 2750 1528 2804 bellis
1564 2765 1682 2803 cum
1698 2747 1926 2819 Pyrrho,
1967 2749 2246 2817 Annibale,
2281 2746 2498 2814 Perseo,
2523 2747 2802 2802 Antiocho.

375 2883 554 2954 Μέχρι
593 2882 783 2936 τούτου
825 2885 1041 2953 φθάσας
1079 2887 1108 2940 ὁ
1147 2888 1499 2959 συγγραφεὺς
1527 2890 1611 2952 τίς
1649 2887 1748 2960 τὴν
1777 2887 1891 2942 τῶν

317 2973 608 3044 Ῥωμαίων
652 2975 1016 3047 ἐπικράτειαν
1047 2977 1148 3050 τὴν
1197 2978 1427 3051 ἐκϐολὴν
1474 2983 1732 3044 ποιεῖται,
1770 2980 1892 3034 ὅθεν

302 3085 362 3121 τε
393 3067 586 3136 γένους
611 3064 839 3134 ἔφυσαν,
870 3068 965 3120 καὶ
1002 3067 1126 3121 τίνα
1156 3069 1358 3139 τρόπον
1405 3070 1502 3140 τῆς
1538 3068 1766 3131 Ἰταλίας
1799 3070 1888 3121 ἐν-

302 3158 477 3212 ταῦθα
508 3158 978 3229 κατῴκησαν,δσα
1005 3177 1064 3212 τε
1095 3162 1175 3222 είς
1199 3160 1296 3231 τὴν
1325 3162 1426 3232 τῆς
1459 3161 1678 3234 Ῥώμης
1708 3164 1888 3220 κτίσιν

303 3251 585 3324 προὺλαϐέ
608 3269 668 3305 τε
694 3252 790 3305 καὶ
818 3251 1093 3322 ἐπράχθη,
1127 3254 1222 3306 καὶ
1251 3253 1360 3307 τῶν
1397 3255 1757 3327 ἐπαρξάντων
1788 3259 1889 3310 a0-

303 3345 414 3398 τῶν
438 3345 763 3416 ἐπιτρέχων,
785 3346 880 3399 καὶ
905 3347 1042 3417 πρὸς
1066 3345 1161 3411 οὓς
1185 3347 1443 3418 πολέμοις
1466 3349 1887 3422 διηγωνίσαντο,
1917 3388 1962 3450 C

308 3437 401 3489 καὶ
447 3438 548 3503 τήν
580 3454 638 3490 τε
669 3437 776 3490 τῶν
823 3436 1091 3508 βασιλέων
1147 3440 1485 3495 κατάστασιν
1527 3443 1623 3498 καὶ
1665 3443 1766 3516 τὴν
1813 3446 1893 3509 είς

308 3529 550 3592 ὑπάτους
602 3529 700 3598 τῆς
759 3531 1062 3600 μοναρχίας
1118 3532 1442 3604 μεταϐολὴν,
1472 3533 1622 3598 ὅπως
1677 3552 1738 3588 τε
1787 3536 1894 3589 ὑπὸ

306 3619 563 3673 Γαλατῶν
603 3620 864 3690 Ῥωμαῖοι
895 3622 1212 3693 ἡττήθησαν
1244 3624 1314 3690 ⁷⁸,
1357 3627 1453 3679 καὶ
1481 3625 1598 3696 ἥλω
1628 3626 1696 3680 ἂν
1728 3629 1760 3698 ἡ
1789 3629 1890 3681 πό-

308 3712 414 3776 λις,
463 3713 515 3763 εἰ
563 3711 639 3780 μὴ
679 3711 962 3782 Κάμιλλος
990 3712 1040 3743 ⁷⁵
1071 3711 1444 3784 ἐπιϐοηθήσας
1485 3713 1584 3784 τὴν
1617 3715 1776 3770 πόλιν
1811 3719 1898 3788 ἐρ-

310 3802 532 3874 ρύσατο.
558 3800 688 3873 [725
723 3802 812 3874 IL]
839 3802 1030 3867 Ὅπως
1054 3821 1113 3856 τε
1143 3805 1238 3857 ἐπὶ
1260 3806 1358 3876 τὴν
1398 3805 1588 3860 Ἀσίαν
1643 3807 1896 3875 Ἀλεξάν-

306 3897 421 3968 δρῳ
449 3895 808 3959 διαϐαίνοντι,
854 3897 947 3950 καὶ
991 3897 1327 3969 γράψαντιὴ
1375 3901 1623 3970 κρατεῖν,
1661 3900 1757 3954 ἐὰν
1798 3899 1898 3972 ἄρ-

310 4007 426 4060 χειν
449 3987 736 4052 δύνωνται,
766 3987 798 4057 ῆ
836 3990 951 4050 τοῖς
985 3989 1294 4060 κρείττοσιν
1325 3990 1592 4056 ὑπείκειν,
1632 3993 1896 4062 στέφανον

313 4080 548 4154 χρυσοῦν
581 4082 690 4134 ἀπὸ
724 4079 923 4134 ἱκανῶν
947 4081 1223 4136 ταλάντων
1257 4083 1519 4152 Ῥωμαῖοι
1545 4085 1892 4158 ἐξέπεμψαν·

315 4176 408 4227 καὶ
445 4175 524 4238 ὡς
558 4175 694 4245 πρὸς
722 4172 1094 4244 Ταραντίνους
1133 4176 1229 4228 καὶ
1262 4175 1479 4246 Πύρρον
1501 4178 1548 4210 ⁷⁸
1578 4178 1670 4232 τὸν
1709 4179 1898 4234 Ἦπει-

319 4265 498 4338 ρώτην
557 4264 950 4336 συμμαχοῦντα
996 4265 1212 4330 τούτοις
1267 4267 1634 4341 ἐπολέμησαν,
1685 4273 1780 4325 καὶ
1827 4272 1898 4328 τά

318 4357 416 4427 μὲν
449 4356 749 4423 παθόντες,
783 4357 851 4410 τά
881 4356 937 4409 δὲ
966 4356 1153 4419 κακῶς
1198 4357 1327 4422 τοὺς
1385 4360 1680 4432 πολεμίους
1714 4364 1896 4424 διαθέε

319 4465 490 4517 μενοι,
524 4447 894 4518 Ταραντίνους
926 4447 1026 4518 μὲν
1052 4447 1422 4518 ὑπηγάγοντο,
1446 4450 1665 4526 Πύρρον
1693 4455 1750 4508 δὲ
1785 4455 1898 4512 τῶν

314 4540 412 4611 τῆς
455 4540 688 4604 Ἰταλίας
712 4541 1026 4611 ἀπήλασαν.
1063 4541 1207 4596 ’Ὀσα
1233 4559 1293 4597 τε
1322 4543 1461 4614 πρὸς
1490 4546 1900 4618 Καρχηδονίους

316 4633 410 4684 καὶ
455 4629 705 4684 Ἀννίϐαν
739 4629 1037 4700 Ῥωμαίοις
1084 4631 1356 4702 ἐπράχθη,
1413 4632 1509 4684 καὶ
1540 4633 1641 4686 ὃσα
1675 4634 1721 4666 ⁷⁷
1761 4636 1898 4708 πρὸς

2070 2889 2190 2944 Huc
2213 2897 2405 2944 auctor
2447 2903 2774 2959 progressus
2822 2888 2890 2942 ad
2957 2887 3246 2958 imperium
3280 2886 3583 2944 Romanum

2001 2979 2384 3036 excursionem
2414 2979 2545 3036 fecit
2575 2996 2590 3036 :
2615 2995 2725 3050 quo
2760 2993 2960 3048 genere
3003 2981 3134 3047 orti,
3165 2981 3435 3050 quomodo
3469 2981 3586 3037 haec

1997 3073 2165 3130 Italia:
2191 3073 2311 3129 loca
2355 3073 2657 3130 insederint
2687 3090 2702 3127 :
2728 3087 2960 3144 quaeque
3000 3081 3128 3128 ante
3158 3075 3348 3128 urbem
3389 3075 3584 3129 condi-

1998 3175 2108 3221 tam
2138 3167 2424 3222 evenerint
2452 3175 2507 3221 et
2542 3174 2694 3234 gesta
2733 3167 2861 3221 sint.
2913 3165 3060 3232 Quos
3109 3167 3272 3220 etiam
3312 3166 3587 3235 principes

1997 3256 2289 3314 habuerint
2321 3299 2336 3324 ,
2361 3258 2681 3328 perstringit
2733 3275 2747 3311 :
2776 3273 2897 3327 qua:
2923 3273 3046 3312 cum
3079 3257 3200 3311 aliis
3235 3257 3375 3310 bella
3404 3271 3588 3326 gesse-

1995 3352 2126 3417 rint,
2157 3349 2288 3419 quid
2333 3349 2552 3404 condito
2600 3364 2766 3416 regno
2803 3349 3094 3412 acciderit;
3153 3357 3207 3402 et
3257 3356 3317 3402 ut
3371 3348 3585 3402 tandem

1998 3441 2143 3512 regia
2165 3452 2408 3512 potestas
2435 3440 2488 3495 in
2516 3440 2810 3496 consulare
2838 3449 3042 3494 mutata
3069 3440 3231 3494 luerit
3272 3439 3586 3508 imperium,

2000 3541 2164 3602 utque
2209 3547 2240 3586 a
2271 3531 2437 3588 Gallis
2469 3531 2700 3588 Romani
2733 3531 2955 3596 devicti,
3006 3542 3164 3601 capta
3190 3532 3585 3600 pr0pemodum

1996 3641 2124 3680 arce
2161 3641 2285 3680 cum
2311 3625 2446 3680 urbe
2475 3667 2490 3690 ,
2528 3625 2630 3679 nisi
2686 3635 2902 3679 maturo
2947 3625 3340 3694 superveniens
3379 3623 3585 3678 auxilio

1995 3713 2255 3769 Camillus
2293 3729 2414 3770 eam
2465 3715 2755 3770 liberasset
2788 3732 2802 3769 :
2831 3723 2890 3767 ut
2928 3714 3091 3768 etiam
3141 3713 3473 3776 Alexandro,
3525 3718 3582 3769 in

1999 3807 2182 3861 Asiam
2216 3805 2528 3876 trajicienti,
2557 3815 2614 3861 et
2639 3821 2738 3876 per
2767 3805 2975 3861 litteras
3001 3806 3082 3860 eis
3113 3805 3480 3869 denuntianti,
3517 3815 3579 3861 ut

1998 3909 2092 3954 aut
2122 3899 2427 3967 vincerent,
2478 3900 2524 3956 si
2575 3899 2816 3969 gerendo
2862 3899 3091 3966 imperio
3129 3908 3315 3954 essent
3369 3899 3579 3962 idonei,

1997 3999 2089 4046 aut
2120 3991 2524 4061 potentioribus
2575 3993 2852 4056 cederent,
2889 4005 3111 4046 auream
3149 4005 3406 4046 coronam
3436 3990 3580 4060 (qua:

1996 4083 2214 4140 talentis
2241 4098 2345 4138 non
2370 4083 2560 4153 paucis
2585 4083 2882 4154 constaret)
2911 4090 3103 4139 contra
3127 4082 3394 4137 miserint.
3431 4081 3500 4136 Et
3527 4090 3586 4136 ut

1997 4176 2137 4232 bella
2177 4177 2447 4249 gesserint
2494 4177 2756 4232 adversus
2784 4159 3154 4243 Tarentinos,
3204 4185 3262 4231 et
3307 4174 3580 4248 Pyrrhum

1995 4267 2291 4336 Epiroten,
2346 4268 2447 4323 hos
2491 4267 2694 4323 auxilio
2744 4268 3077 4339 juvantem:
3117 4276 3174 4323 et
3212 4275 3292 4332 ut,
3337 4282 3443 4337 qua
3487 4282 3586 4336 pa~

1995 4361 2198 4425 tiendo,
2241 4375 2347 4430 qua
2391 4359 2676 4416 inferendo
2714 4361 2930 4426 clades,
2973 4361 3158 4415 hostes
3211 4360 3426 4413 tandem
3483 4360 3584 4414 do-

1997 4453 2280 4518 muerint,
2335 4462 2391 4506 et
2443 4453 2713 4524 Pyrrhum
2769 4452 2922 4508 Italia
2977 4451 3300 4524 expulerint.
3347 4451 3586 4522 Quaeque

1997 4560 2119 4600 cum
2151 4545 2675 4616 Carthaginensibus
2720 4553 2776 4600 et
2819 4545 3088 4600 Annibale
3135 4544 3351 4613 negotia
3393 4545 3582 4600 conle-

1999 4635 2172 4688 rerint
2205 4651 2219 4688 :
2251 4643 2305 4688 et
2339 4647 2458 4702 qua:
2509 4643 2698 4689 contra
2760 4633 3064 4704 Hispanos,
3121 4647 3246 4688 cum
3296 4633 3410 4700 alii,
3469 4642 3582 4688 tum

321 4723 546 4795 Ἴϐηρας
576 4723 759 4786 ἄλλοις
796 4739 856 4775 τε
888 4723 981 4776 καὶ
1009 4723 1270 4778 Σκιπίωνι
1302 4723 1664 4797 κατωρθώθη,
1703 4728 1799 4781 καὶ
1821 4728 1898 4792 ὠς
1928 4740 1935 4795 ]

2005 4723 2205 4794 Scipio,
2243 4723 2413 4778 Marte
2447 4725 2687 4781 secundo
2725 4725 3040 4796 peregerint
3078 4743 3093 4781 :
3127 4733 3294 4795 utque
3327 4725 3416 4780 hic
3454 4723 3584 4780 His-

316 4816 470 4885 παρά
496 4813 604 4868 τῶν
649 4813 872 4883 Ἰϐήρων
907 4814 1160 4885 βασιλεὺς
1201 4815 1496 4886 ψηφισθεὶς
1523 4819 1626 4872 οὐκ
1652 4818 1892 4886 ἐδέξατο,

315 4909 464 4970 ὅπως
497 4923 560 4959 τε
591 4906 1071 4978 καταπολεμηθεὶς
1109 4907 1312 4978 ἔφυγεν
1346 4905 1616 4974 Ἀννίϐας.
1669 4911 1782 4966 Καὶ
1818 4911 1896 4976 ὡς

318 5001 492 5070 πέραν
523 4998 618 5052 τοῦ
660 4999 871 5053 Ἰωνίου
914 4999 1175 5072 Ῥωμαῖοι
1203 4999 1462 5070 διέϐησαν
1483 5016 1500 5032 ·
1531 5001 1627 5054 καὶ
1653 5000 1732 5066 ὡς
1755 5003 1898 5074 Περ-

323 5095 450 5157 σεὺς
476 5095 506 5147 ὁ
527 5093 801 5147 ⁴ιἰλίππου
825 5092 925 5162 τὴν
951 5092 1280 5148 Μακεδόνων
1312 5093 1489 5165 ἀρχὴν
1518 5092 1898 5165 ἐκδεξάμενος,

322 5188 415 5240 καὶ
442 5186 545 5250 τὰς
579 5186 855 5256 συνθήκας
878 5184 1008 5258 [577
1056 5183 1151 5256 Η.]
1179 5185 1280 5249 τὰς
1306 5187 1444 5257 πρὸς
1473 5186 1568 5240 τὸν
1595 5185 1763 5240 αὑτοῦ
1794 5205 1900 5240 πα-

320 5277 454 5346 τέρα
509 5277 806 5349 Ῥωμαίοις
850 5279 1224 5349 γεγενημένας
1271 5279 1487 5349 νεότητι
1530 5279 1716 5346 κινῶν,
1770 5297 1903 5334 κατ·

2000 4831 2266 4886 panorutn
2298 4817 2518 4871 decreto
2550 4831 2645 4873 rex
2673 4816 3002 4888 appellatus,
3037 4817 3298 4873 honorem
3339 4832 3447 4872 non
3479 4817 3583 4872 ad-

2003 4907 2215 4963 miserit
2267 4923 2283 4962 :
2338 4918 2399 4963 ut
2449 4908 2751 4964 debellatus
2795 4909 3032 4964 Annibal
3093 4909 3316 4980 fugerit.
3373 4907 3472 4966 Hic
3523 4920 3585 4964 ut

2001 4996 2212 5052 Ionium
2244 5012 2396 5054 mare
2413 5003 2820 5064 transmissum,
2845 5009 2902 5055 et
2927 5015 3050 5055 cum
3078 5001 3299 5066 Perseo,
3350 5000 3580 5070 Philippi

2003 5091 2060 5144 in
2090 5104 2260 5161 regno
2305 5087 2665 5146 Macedonum
2721 5089 2971 5158 hazrede,
3029 5093 3157 5148 dum
3211 5092 3385 5149 lmdus
3457 5108 3578 5146 cum

2005 5195 2164 5254 patre
2190 5199 2220 5238 a
2247 5180 2884 5253 Romanisfpercussum,
2897 5183 3124 5252 juvenili
3156 5185 3461 5240 temeritate
3493 5200 3580 5237 re-

2006 5275 2242 5342 scindit,
2293 5276 2366 5332 sit
2419 5275 2783 5342 debellatum,
2846 5275 3072 5332 AEmilio
3118 5276 3284 5332 Paulo
3347 5276 3415 5332 de
3463 5277 3581 5346 ipso

323 5369 656 5442 επολεμήθη,
709 5369 923 5424 Παύλου
971 5369 1034 5424 τὸ
1072 5371 1195 5425 κατ’
1245 5371 1406 5426 αὑτὸν
1428 5371 1474 5404 ⁷⁸
1505 5373 1904 5444 ἀναστήσαντος

2015 5369 2400 5438 triumphante.
2431 5367 2502 5424 Ut
2545 5370 2900 5433 Antiochmn,
2955 5369 3128 5440 Syria
3165 5377 3223 5424 et
3262 5368 3584 5437 Comagenae

1599 5545 1835 5602 νΑῐιιίΕ
1890 5544 2292 5602 LECTIO‘NES.

395 5684 440 5714 ⁷³
460 5683 714 5758 *Ἀμησάι
746 5701 838 5758 ς’.Δ
866 5685 932 5758 ,⁷⁸
964 5684 1298 5756 ἡττήθησαν,
1355 5686 1676 5756 ἡττηθέντες
1699 5687 1764 5743 Α.
1841 5689 1884 5721 ⁷⁵
1906 5686 2168 5758 Κάμηλος
2211 5688 2276 5742 Α.

323 5753 486 5806 αὑτοῦ
537 5755 795 5825 Scaliger.
826 5753 997 5812 idem'
1021 5753 1432 5828 max'eXpuugit
1466 5753 1621 5827 πρός.

2361 5690 2428 5761 _”
2487 5687 2661 5760 Πύρον
2692 5689 2753 5740 Λ.
2863 5689 2904 5718 ⁷⁷
2933 5687 3032 5740 ὅσα
3076 5702 3137 5739 τε
3168 5704 3226 5751 ς’.
3304 5689 3349 5721 ⁷⁸
3401 5687 3585 5761 αὑτὸν]
