3972 6248
391 298 497 363 @03
1568 292 1798 355 ΡΗΟΤΙ
1805 293 1834 355 Ι
1871 294 1984 356 PA':

2087 292 2379 354 [ARCHE
2407 293 2514 353 ΕΡ.
3530 277 3636 343 9οι

388 425 447 470 et
501 412 702 470 Judasze
751 425 968 482 regem,
1026 407 1239 465 duabus
1281 409 1475 479 pugnis
1528 407 1842 475 inti-actum,
1886 424 1952 463 ex

2087 409 2361 478 τρόπαιον·
2401 406 2550 467 ὅπως
2590 420 2652 456 τε
2690 402 2827 473 πρὸς
2865 399 3132 470 Ἀντίοχον
3178 395 3270 449 τὸν
3315 390 3517 463 Συρίας
3539 391 3636 442 καὶ

391 505 609 578 Europa
633 504 921 577 eiecerint.
1725 498 1737 508 '

2087 497 2411 569 Κομαγήνης
2463 495 2559 551 καὶ
2598 495 2859 558 Ἰουδαίας
2906 495 2954 528 ⁷⁸
3002 489 3232 562 βασιλέα
3269 486 3393 541 δυσὶ
3438 483 3639 555 μάχαις

2071 590 2390 662 νικήσαντες
2415 590 2513 659 τῆς
2537 585 2807 658 Εὐρώπης
2837 584 3117 650 ἐξέϐαλον.

757 726 890 783 Csp.
914 721 1150 780 XXVIII.
1177 753 1247 764 —
1265 722 1685 779 Heracliensium
1712 720 1867 793 legati
1905 736 1939 775 a
1972 709 2226 776 Romanis
2264 720 2320 774 in
2345 719 2473 774 Asia
2500 719 2719 773 ducibus
2760 715 3058 773 humaniter
3078 710 3292 781 accepti.

467 852 565 909 Illa
596 852 759 924 igitur
785 850 1085 920 hucusque
1116 848 1186 905 de
1207 847 1451 919 iimperio
1475 846 1719 902 Romano
1765 859 1984 902 comme

2146 842 2228 897 Τὰ
2247 844 2293 876 ⁸ο
2335 842 2435 913 μὲν
2476 836 2569 896 οὖν
2604 839 2735 908 περὶ
2779 837 2878 909 τῆς
2924 831 3242 924 Ῥωμαῖκῆς
3276 826 3453 924 ἀρχῆς
3484 825 3645 924 μίχρι

398 954 575 1002 morat
598 918 809 1001 auctor.
848 918 1055 997 Exinde
1095 918 1426 1010 propositam
1449 937 1551 994 sibi
1586 937 1868 993 historiam
1897 936 1972 992 ita

2087 936 2229 991 τοῦδε
2267 935 2458 990 δίεισιν
2510 936 2540 988 6
2579 927 2929 1001 συγγραφεύς
2960 943 2976 960 ο
3014 922 3298 980 ἀναλαϐὼν
3335 920 3393 973 δὲ
3444 918 3647 990 γράφει

397 1038 700 1095 continuat.
718 1032 1119 1096 Ileraclienses,
1138 1031 1506 1086 Romanorum
1537 1030 1704 1085 duces
1727 1029 1778 1083 in
1795 1028 1981 1084 Asiam

2087 1031 2226 1088 ὅπως
2285 1024 2681 1100 Ἡρακλεῶται,
2735 1016 3295 1093 διαπρεσϐευσάμενοι
3338 1010 3476 1081 πρὸς
3521 1010 3649 1071 τοὺς

402 1140 792 1196 transgressos,
823 1123 1006 1178 missis
1038 1123 1229 1192 legatis
1250 1121 1604 1185 conveniunt,
1637 1118 1727 1189 qui
1756 1119 1984 1172 comiter

2087 1120 2190 1174 τῶν
2229 1117 2517 1189 Ῥωμαίων
2544 1114 2885 1188 στρατηγοὺς
2915 1111 3007 1166 ἐπὶ
3040 1109 3140 1181 τὴν
3181 1105 3369 1159 Ἀσίαν
3390 1101 3650 1196 διαϐεϐη-

400 1194 630 1291 accepti,
656 1219 864 1274 litteras
882 1216 1078 1287 2296
1103 1215 1458 1271 humanitatis
1476 1214 1664 1285 plenas
1674 1214 1741 1268 ab
1757 1212 1980 1269 IEmilio

2087 1210 2272 1275 κότας.
2319 1207 2571 1278 ἀσμένως
2598 1223 2658 1260 τε
2696 1202 3072 1273 ἀπεδέχθησαν
3117 1198 3211 1253 καὶ
3252 1194 3540 1264 ἐπιπολῆς
3562 1211 3651 1291 φι-

402 1285 568 1369 Paulo
598 1285 713 1382 (Val.
752 1285 1225 1376 mutamus)
1269 1306 1569 1362 retulerant
1613 1321 1627 1358 ε
1667 1304 1864 1374 quibus
1924 1314 1980 1359 et

2087 1299 2506 1372 λοφρονούμενοι
2544 1296 2732 1366 ἔτυχον
2769 1294 2840 1360 ⁸⁸,
2884 1290 3121 1347 Ποπλίου
3158 1287 3366 1354 ταύτην
3393 1285 3649 1340 ἀποστεί-

403 1404 636 1458 anticum
668 1402 800 1471 ipsis
835 1400 951 1455 fore
984 1407 1259 1463 senatum,
1292 1412 1393 1453 nec
1423 1395 1529 1451 ulla
1570 1396 1621 1450 in
1647 1412 1707 1450 re
1746 1396 1980 1465 prudeno

2087 1394 2296 1456 λαντος,
2326 1392 2386 1445 ὲν
2481 1389 2666 1460 φιλίαν
2697 1405 2758 1441 τε
2798 1385 2936 1459 πρὸς
2975 1382 3174 1445 αὐτοὺς
3208 1380 3311 1450 τῆς
3342 1376 3651 1471 συγκλήτου

406 1495 537 1550 tiam
584 1493 950 1547 Romanorum
1000 1499 1055 1545 et
1102 1504 1290 1545 curam
1322 1489 1404 1558 (si
1450 1489 1666 1557 quando
1721 1487 1806 1543 his
1835 1487 1977 1543 indi-

2087 1484 2285 1554 βουλῆς
2329 1482 2666 1553 ὑπισχνεῖτο,
2707 1478 2802 1533 καὶ
2854 1477 2923 1531 τὰ
2981 1473 3123 1530 ἄλλα
3163 1470 3416 1544 προνοίας
3449 1485 3509 1521 τε
3557 1467 3654 1558 καὶ

405 1583 602 1655 geant)
644 1583 954 1638 defuturam
1010 1557 1624 1650 pollicetur.rl)einceps
1668 1579 1828 1634 etiam
1909 1579 1976 1633 ad

2087 1574 2425 1644 ἐπιμελείας,
2456 1572 2676 1627 ἐπειδάν
2714 1586 2859 1632 τινος
2907 1565 3086 1622 αύτιῖιν
3126 1563 3352 1621 δέοιντο,
3384 1557 3653 1629 μηδεμιᾶς

405 1649 725 1732 ἆοιηεῐίιιω
780 1649 1115 1741 Scipionem,
1155 1672 1248 1741 qui
1282 1671 1519 1728 Africam
1552 1649 1813 1727 Romanis
1842 1670 1983 1726 bello.

2089 1665 2454 1738 ὑστερεῖσθαι.
2488 1664 2757 1734 ’Ὕστερον
2798 1660 2856 1713 δὲ
2898 1659 2994 1711 καὶ
3027 1656 3163 1725 πρὸς
3194 1651 3495 1722 Κορνήλιον
3527 1649 3654 1741 Σκι-

408 1767 665 1832 asseruit,
707 1766 1031 1835 legationem
1078 1765 1300 1831 misere,
1348 1772 1599 1819 testatam
1637 1763 1788 1834 prius
1838 1764 1979 1817 ami-

408 1861 589 1915 citiam
621 1867 677 1912 ut
708 1857 1117 1912 conﬁrmarent.
1143 1857 1207 1912 Et
1231 1857 1491 1926 posthaec
1514 1857 1761 1911 eumdem
1790 1869 1982 1911 rursus

408 1967 507 2021 per
529 1951 736 2021 legatos
767 1959 946 2017 orant,
984 1959 1044 2005 ut
1074 1949 1402 2005 Antiochum
1432 1948 1486 2004 in
1511 1948 1736 2020 gratiam
1755 1958 1983 2018 reponat

409 2046 551 2112 apud
577 2044 853 2099 Romanos
883 2060 897 2096 :
929 2053 984 2100 et
1010 2044 1315 2113 perscripto
1350 2043 1417 2098 ad
1456 2057 1633 2114 regem
1674 2041 1979 2110 plebiscito,

410 2148 471 2192 ut
504 2136 698 2191 bellum
752 2143 939 2190 contra
984 2132 1260 2190 Romanos
1306 2136 1559 2205 deponat,
1604 2133 1983 2188 adhortantur.

408 2226 692 2283 Cornelius
730 2226 894 2281 etiam
950 2224 1137 2294 Scipio
1169 2264 1186 2290 ,
1244 2223 1583 2283 IleracleOtis
1626 2224 1933 2284 rescribenti
1963 2264 1981 2288 .

408 2319 515 2374 hac
553 2317 907 2387 inscriptione
964 2317 1179 2371 utitur:
1222 2314 1399 2385 Scipio
1430 2318 1741 2387 imperator,
1774 2333 1980 2385 procos.

414 2408 799 2476 Romanorum,
825 2408 1034 2464 senatui
1058 2406 1353 2479 populoque
1382 2406 1797 2462 Heractiensium
1845 2406 1987 2461 salu-

413 2513 534 2556 tem.
562 2502 628 2556 Et
668 2502 753 2556 his
782 2501 981 2556 litteris
1015 2499 1450 2556 benevolentiam
1476 2514 1603 2569 erga
1640 2500 1785 2569 ipsos
1807 2510 1985 2561 ratam

408 2605 463 2648 et
490 2596 697 2648 ﬁrmam
728 2609 880 2657 esse,
927 2601 985 2645 et
1013 2591 1213 2647 bellum
1244 2606 1367 2647 cum
1406 2590 1676 2646 Antiocho
1732 2591 1981 2657 solvisse,

411 2686 682 2741 ltomanos
765 2683 1023 2739 aﬂirmat.
1103 2683 1306 2738 Eadem
1361 2698 1482 2755 quae
1530 2681 1753 2748 Lucius,
1819 2683 1981 2739 etiam

409 2777 470 2832 P.
503 2775 791 2832 Cornelius
842 2775 1026 2843 Scipio
1069 2774 1188 2844 ejus
1232 2774 1426 2841 frater,
1470 2782 1526 2829 et
1558 2772 1749 2827 classis
1776 2772 1983 2843 praefe—

406 2880 554 2933 ctus,
584 2866 1046 2930 lIeracliensibus,
1089 2874 1216 2934 post
1260 2864 1480 2919 missam
1524 2863 1850 2934 legationem
1898 2879 1985 2921 re-

410 2958 649 3028 spondit.
676 2957 836 3012 Βιθνί
862 2965 987 3026 post
1014 2955 1316 3010 Antiochus
1348 2953 1545 3009 bellum
1587 2954 1850 3009 adversus
1873 2952 1985 3008 Ro-

2008 1712 2057 1771 B

2084 1759 2260 1814 πίωνα
2280 1758 2372 1811 τὸν
2388 1756 2489 1826 τὴν
2506 1754 2715 1823 Διϐύην
2738 1749 3032 1821 Ῥωμαίοις
3063 1745 3405 1817 στησάμενον
3422 1739 3655 1809 διατέμ·
3758 1778 3775 1791 .

2083 1867 2246 1903 πουσι
2286 1846 2602 1920 πρεσϐείαν,
2638 1845 2738 1915 τὴν
2792 1839 3215 1910 ὡμολογημένην
3249 1835 3431 1905 φιλίαν
3472 1832 3656 1884 ἐπικυ-

2088 1943 2325 2013 ροῦντες.
2349 1940 2506 1994 Μετὰ
2525 1936 2697 1992 ταῦτα
2712 1935 2775 1988 δὲ
2796 1933 2958 1987 πάλιν
2980 1931 3116 2001 πρὸς
3134 1929 3225 1982 τὸν
3252 1926 3412 1981 αὐτὸν
3428 1925 3650 1990 διαπρε·

2083 2033 2390 2096 σϐεύονται,
2444 2029 2780 2084 διαλλάττειν
2823 2025 2962 2096 πρὸς
3013 2021 3321 2094 Ῥωμαίους
3376 2016 3655 2086 ἀξιοῦντες

2080 2126 2176 2179 τὸν
2233 2122 2459 2195 βασιλέα
2503 2120 2807 2192 Ἀντίοχον·
2858 2117 2955 2172 καὶ
3002 2115 3260 2184 ψήφισμα
3315 2109 3450 2180 πρὸς
3494 2108 3656 2161 αὐτὸν

2084 2216 2326 2291 ἔγραψαν
2348 2216 2417 2282 ⁸³,
2445 2209 3031 2286 παραινοῦντεςςαύτδν
3058 2207 3158 2277 τὴν
3181 2203 3318 2274 πρὸς
3350 2199 3658 2271 Ῥωμαίους

2082 2309 2439 2367 διαλύσασθαι
2471 2309 2518 2341 ⁸³
2564 2307 2792 2383 ἔχθραν.
2835 2305 2895 2358 '0
2955 2303 3013 2356 δὲ
3074 2297 3372 2370 Κορνήλιος
3414 2294 3656 2348 Σκιπίων

2083 2401 2512 2461 ἁντεπιστέλλων
2558 2402 2672 2463 τοῖς
2718 2393 3121 2468 ’Ἡρακλεώταις
3160 2387 3454 2458 ἐπιγράφει
3487 2383 3650 2437 οὕτω·

2084 2499 2345 2554 Σκιπίων
2442 2490 2781 2564 στρατηγὸς
2806 2529 2823 2551 ,
2910 2485 3255 2548 ἀνθύπατος
3328 2476 3652 2547 Ῥωμαίων,

2093 2584 2520 2659 Ἡρακλεωτῶν
2539 2581 2615 2651 τῇ
2632 2578 2836 2648 ,ϐουλῇ
2871 2576 2970 2632 καὶ
2999 2574 3080 2641 τῷ
3107 2573 3274 2643 δήμῳ
3310 2572 3560 2641 χαΙρειν,
3597 2568 3655 2618 ὲν

2083 2683 2258 2756 ταύτῃ
2299 2682 2399 2753 τήν
2423 2697 2483 2733 τε
2512 2677 2652 2749 πρὸς
2677 2675 2873 2739 αὐτοὺς
2905 2671 3124 2728 εὔνοιαν
3157 2664 3509 2727 ὲπιϐεϐαιῶν,
3559 2662 3657 2756 καὶ

2084 2778 2161 2841 ὡς
2218 2754 2560 2829 διαλύσαιντο
2590 2770 2853 2840 Ῥωμαῖοι
2888 2766 2990 2836 τὴν
3038 2760 3179 2832 πρὸς
3221 2757 3494 2827 Ἀντίοχον
3548 2754 3657 2824 μάν

2083 2886 2210 2942 χην.
2271 2867 2354 2921 Τὰ
2397 2865 2540 2919 αὐτὰ
2599 2862 2659 2915 δὲ
2709 2857 2928 2929 Λευκίῳ
2958 2855 3006 2889 ⁸⁸
3065 2849 3299 2912 Πόπλιος
3354 2845 3655 2942 Κορνήλιος

2083 2938 2327 3014 istmin
2368 2956 2399 3008 6
2433 2952 2660 3023 ἁδελφὸς
2691 2952 2786 3007 καὶ
2814 2946 3116 3021 στρατηγὸς
3135 2943 3229 2998 τοῦ
3258 2938 3514 2996 ναυτικοῦ
3543 2941 3659 3003 τοῖς

411 3063 601 3103 tnanos
631 3047 990 3117 rediutegrat,
1038 3054 1095 3100 et
1126 3044 1320 3116 proelio
1343 3044 1572 3099 summis
1597 3042 1803 3098 viribus
1830 3056 1979 3097 com-

2096 3042 2505 3121 Ἦρακλεώταις
2535 3032 3131 3113 διαπρεσϐευσαμένοις
3158 3030 3487 3102 ἀντέγραψε.
3523 3028 3656 3084 Μετ’

408 3143 578 3195 misso
630 3139 830 3205 victus,
883 3153 1035 3192 arma
1106 3136 1350 3206 deponit,
1393 3136 1543 3206 pacis
1584 3135 1984 3191 conditionibus

2087 3139 2145 3194 ού
2196 3137 2333 3192 πολὺ
2374 3136 2433 3190 δὲ
2476 3133 2641 3188 πάλιν
2696 3132 2778 3195 είς
2824 3133 3004 3200 μάχην
3052 3125 3323 3195 Ἀντίοχος
3362 3121 3657 3193 Ῥωμαίοις

410 3230 668 3298 acceptis.
703 3228 835 3295 Quae
862 3236 918 3284 et
953 3237 1065 3282 tota
1096 3242 1219 3283 eum
1262 3226 1393 3282 Asia
1428 3225 1639 3281 Minore
1669 3225 1982 3292 excludunt,

409 3330 467 3377 et
490 3321 798 3391 elephantis
845 3320 1173 3389 naviumque
1229 3318 1396 3374 classi
1427 3332 1551 3374 eum
1599 3319 1836 3389 privarit,
1882 3318 1988 3373 Co-

412 3430 637 3482 magena
680 3422 736 3469 et
784 3411 942 3485 Syria
983 3424 1037 3468 et
1078 3411 1276 3484 {Iudaea
1319 3412 1699 3468 tantummodo
1755 3410 1984 3469 relictis.

410 3504 842 3561 IIeracliensiutn
893 3505 1092 3561 dehinc
1149 3506 1343 3560 civitas
1391 3503 1530 3575 apud
1575 3503 1985 3573 imperatorum,

411 3598 588 3669 (quos
628 3596 787 3651 modo
810 3596 965 3665 dixi)
999 3597 1196 3653 missos
1225 3611 1256 3651 a
1302 3595 1563 3651 Romanis
1613 3607 1987 3669 successores,

408 3691 599 3745 eadem
625 3689 800 3761 gratia
832 3699 889 3744 et
914 3689 1252 3744 humanitate
1309 3689 1553 3759 potitur:
1591 3688 1763 3745 donec
1790 3688 1860 3743 ad
1892 3687 1989 3743 bas

412 3784 626 3836 tandem
658 3782 801 3851 leges
824 3781 968 3836 inter
998 3779 1272 3836 Romanos
1297 3791 1350 3835 et
1374 3761 1727 3836 Heracleotes
1773 3794 1990 3850 proces-

410 3888 529 3928 sum
545 3884 628 3928 est
646 3890 660 3927 :
686 3885 742 3927 ut
770 3890 870 3927 non
891 3874 1045 3928 modo
1063 3873 1349 3927 amicitiam
1365 3873 1504 3927 inter
1528 3888 1608 3938 se,
1631 3888 1810 3927 verum
1830 3873 1991 3926 etiam

408 3968 728 4031 societatem,
771 3972 954 4019 contra
991 3981 1121 4035 quos
1154 3974 1203 4019 et
1258 3981 1479 4032 quorum
1512 3965 1689 4035 gratia
1736 3980 1864 4033 opus
1890 3964 1982 4028 sit,

411 4055 609 4109 colant.
645 4053 891 4124 Suntque
921 4053 1143 4110 hederis
1183 4054 1342 4123 hujus
1385 4063 1577 4124 pacta,
1625 4053 1863 4123 ejusdem
1900 4063 1985 4107 te-

411 4146 564 4202 noris
612 4155 668 4201 et
739 4145 949 4214 format,
1006 4146 1059 4201 in
1113 4144 1322 4201 tabulas
1391 4159 1569 4202 aeneas
1615 4145 1783 4201 relata
1826 4144 1984 4210 duas.

410 4253 641 4305 quorum
667 4238 837 4293 altera
886 4252 1052 4308 penes
1100 4236 1398 4302 Romanos,
1447 4237 1501 4292 in
1530 4235 1853 4305 Capitolino,
1887 4234 1984 4291 Jo-

410 4330 495 4385 vis
518 4331 736 4400 templo,
766 4330 939 4386 altera
973 4328 1267 4393 Heraclea,
1298 4330 1462 4385 etiam
1486 4328 1602 4399 ipsa
1630 4331 1686 4384 itt
1715 4327 1868 4384 Jovis
1891 4343 1984 4384 sae

411 4425 590 4475 crario
612 4430 697 4477 est.
720 4421 901 4477 allisa.

2082 3230 2350 3299 κατέστη,
2408 3227 2505 3281 καὶ
2554 3225 2661 3280 ἀνὰ
2691 3223 2893 3294 κράτος
2923 3218 3180 3292 ἡττηθεὶς
3215 3216 3309 3270 ἐπὶ
3363 3213 3657 3277 συνθήκαις

2080 3322 2364 3378 διελύσατο
2402 3319 2504 3390 τὴν
2567 3317 2791 3389 ἔχθραν,
2854 3314 2912 3368 αἳ
2972 3310 3209 3381 καὶτῆς
3264 3308 3450 3369 Ἀσίας
3496 3304 3658 3360 αὑτὸν

2082 3417 2304 3487 ἀπάσης
2330 3415 2620 3482 ἀπεῖργον,
2651 3410 2750 3465 καὶ
2773 3409 2900 3472 τοὺς
2924 3408 3223 3476 ἐλέφαντας
3253 3405 3350 3457 καὶ
3377 3401 3488 3455 τῶν
3514 3398 3658 3468 νηῶν

2087 3504 2499 3576 συναφῃροῦντο
2537 3503 2629 3557 τὸν
2653 3499 2859 3566 στόλον,
2895 3499 2996 3568 τῆς
3024 3498 3408 3567 Κομμαγήνης
3437 3490 3587 3559 αὑτῷ
3612 3490 3657 3523 ⁸⁸

2085 3598 2182 3652 καὶ
2223 3597 2322 3664 τῆς
2365 3594 2625 3657 Ἰουδαίας
2660 3593 2740 3649 είς
2785 3589 2960 3661 ἀρχὴν
2998 3584 3466 3653 ὑπολειπομένων.
3506 3579 3573 3633 Ἢ
3601 3578 3661 3632 δὲ

2084 3688 2194 3742 τῶν
2235 3683 2626 3754 Ἡρακλεωτῶν
2665 3681 2823 3743 πόλις
2873 3677 3013 3749 πρὸς
3035 3677 3161 3737 τοὺς
3207 3668 3660 3741 ὲκπεμπομένους

2086 3776 2239 3846 παρὰ
2262 3776 2370 3830 τῶν
2421 3768 2868 3843 Ῥωμαίιυντῶν
2909 3760 3235 3837 στρατηγῶν
3276 3757 3554 3828 διαδόχους
3580 3754 3661 3846 -τὰ

2088 3844 2228 3921 αύτᾶ
2276 3881 2336 3918 τε
2388 3859 2827 3933 διεπρεσϐεύετο,
2877 3856 2974 3909 καὶ
3018 3856 3137 3916 ταῖς
3188 3849 3397 3920 ὁμοίαις
3445 3844 3659 3900 ἀντεδε-

2092 3956 2270 4022 ξιοῦτο
2295 3954 2531 4016 εὐνοίαις
2576 3952 2674 4004 καὶ
2707 3947 3148 4020 φιλοφρονήσεσι.
3195 3942 3306 3995 Καὶ
3339 3939 3493 4002 τέλος
3540 3951 3673 3989 συν--

2091 4047 2255 4117 θῆκαι
2302 4042 2571 4115 προῆλθον
2617 4039 2910 4110 Ῥωμαίοις
2963 4054 3023 4090 τε
3092 4035 3186 4088 καὶ
3229 4026 3660 4103 Ἡρακλεώταις,

2094 4138 2170 4209 μὴ
2193 4137 2378 4208 φίλους
2402 4130 2542 4188 εἶναι
2570 4132 2750 4202 μόνον,
2776 4128 2914 4183 ἀλλὰ
2933 4126 3028 4180 καὶ
3048 4124 3369 4195 συμμάχους
3390 4119 3658 4209 ωλήλοιςῗ

2090 4207 2213 4285 καήθί
2241 4221 2317 4283 ὧν
2349 4244 2409 4280 τε
2429 4225 2524 4279 καὶ
2550 4223 2690 4293 ὑπὲρ
2727 4215 2801 4275 ὧν
2828 4220 3069 4291 δεηθεῖεν
3098 4218 3373 4286 ἑκάτεροι.
3409 4212 3540 4285 [728
3568 4207 3656 4282 R.]

2090 4320 2205 4374 Καὶ
2256 4319 2448 4389 χαλκοῖ
2497 4315 2725 4377 πίνακες
2772 4312 2866 4366 δύο
2914 4311 3013 4374 τὰς
3053 4307 3348 4378 ὁμολογίας
3393 4308 3541 4366 ίσους
3570 4303 3661 4356 καὶ

2087 4410 2279 4478 ὁμοίας
2296 4408 2490 4476 ἔφερον
2511 4424 2524 4439 ·
2544 4398 2619 4459 ὧν
2640 4405 2668 4457 ὁ
2701 4402 2800 4474 μὲν
2826 4403 2979 4474 παρὰ
3017 4398 3308 4470 Ῥωμαίοις
3339 4399 3397 4449 ὲν
3414 4394 3494 4464 τῷ
3522 4391 3661 4447 κατὰ

2087 4499 2150 4552 τὸ
2212 4495 2561 4552 Καπιτώλιον
2584 4493 2716 4565 ἱερῷ
2758 4493 2852 4546 τοῦ
2880 4491 3001 4555 Διὸς
3032 4487 3347 4561 καθηλώθη,
3378 4488 3407 4540 6
3442 4485 3498 4539 δὲ
3523 4484 3660 4537 κατᾶ

2086 4591 2185 4664 τὴν
2224 4589 2553 4661 Ἡράκλειαν
2588 4587 2683 4640 καὶ
2720 4585 2883 4647 αὐτὸς
2910 4586 2957 4616 ⁸⁵
2995 4585 3053 4635 ἐν
3098 4581 3175 4651 τῷ
3200 4579 3296 4635 τοῦ
3338 4577 3462 4642 Διὸς
3507 4573 3656 4646 ἱερῷ.

929 4686 1060 4743 CAP.
1090 4685 1283 4741 XXIX.
1309 4685 1763 4741 —Heraclisnses
1788 4702 1824 4741 ιι
1855 4684 2049 4740 Prusia
2074 4685 2129 4738 in
2158 4684 2427 4754 angustias
2463 4680 2674 4745 coacti;
2700 4677 2954 4748 Itujusque
2979 4675 3170 4731 clades.

485 4799 611 4854 iltec
658 4809 951 4871 postquam
985 4815 1082 4855 χιιι
1116 4809 1171 4855 et
1204 4814 1295 4855 xlv
1342 4797 1595 4853 Historiae
1640 4797 1783 4852 libro
1811 4810 1981 4867 expo-

2087 4846 2089 4850 ,
2160 4795 2347 4849 Ταῦτα
2406 4789 2693 4860 διεξελθὼν
2733 4790 2763 4842 6
2794 4786 3143 4859 συγγραφεὺς
3180 4781 3323 4836 κατὰ
3374 4779 3438 4833 τὸ
3467 4784 3538 4849 ιγ’
3568 4778 3661 4837 καὶ

414 4891 546 4954 suit,
580 4905 667 4943 xv-
704 4905 931 4945 exorsus
982 4893 1097 4946 htec
1130 4892 1319 4946 refert.
1369 4887 1615 4955 Prusias,
1658 4887 1851 4957 inquit,
1894 4885 1987 4939 Bi-

418 4982 706 5050 thynorum
750 4998 871 5044 rex,
918 4982 1145 5037 miriﬁce
1172 4981 1469 5036 industrius
1496 4990 1552 5034 et
1584 4993 1811 5048 gnarus,
1847 4976 1986 5031 mul-

421 5076 601 5145 tisque
630 5078 791 5130 rebus
816 5077 984 5147 gestis
1004 5075 1206 5141 clarus,
1238 5074 1381 5128 inter
1408 5073 1510 5126 alia
1550 5073 1716 5126 etiam
1744 5069 1987 5133 Cierum,

419 5168 783 5224 Ileracliensis
857 5169 1079 5223 ditionis
1130 5167 1340 5233 urbem,
1388 5166 1530 5221 bello
1587 5163 1837 5233 subjecit,
1887 5176 1986 5230 pro

418 5261 580 5335 Ciero
615 5259 936 5315 Prusiadem
980 5273 1315 5327 nuncnpans.
1360 5258 1517 5311 Tium
1557 5257 1720 5310 etiam
1771 5267 1987 5307 eorum-

421 5351 543 5404 dcm
571 5351 933 5421 jurisdictioni
980 5350 1267 5405 obnoxiam
1303 5349 1448 5417 cepit
1490 5365 1504 5400 :
1543 5358 1600 5399 ut
1644 5346 1724 5399 sic
1752 5345 1987 5413 undique

423 5439 618 5511 230a
647 5457 793 5495 tnarc
813 5441 1285 5496 circumscriberet
1307 5437 1640 5494 Heracleam.
1669 5435 1800 5488 Inde
1821 5434 1984 5488 etiam

2107 4888 2167 4941 ιδ’
2200 4886 2300 4955 τῆς
2355 4885 2615 4952 ἱστορίας,
2662 4882 2744 4945 είς
2799 4881 2899 4949 τὴν
2958 4883 3021 4930 ιε’
3074 4871 3341 4929 εἰσϐαλὼν
3393 4871 3661 4940 διηγεῖται

2091 4980 2240 5041 ὃπως
2266 4975 2538 5046 Προυσίας
2567 4976 2597 5027 6
2618 4970 2862 5025 Βιθυνῶν
2893 4968 3168 5039 βασιλεὺς,
3209 4964 3536 5037 δραστήριος
3588 4959 3661 5013 ὣν

2092 5069 2189 5124 καὶ
2215 5066 2386 5122 πολλὰ
2410 5065 2649 5137 πράξας,
2680 5062 2817 5133 μετὰ
2844 5062 2951 5114 τῶν
2977 5059 3153 5114 ἄλλων
3176 5058 3269 5111 καὶ
3289 5056 3488 5125 Κίερον
3507 5053 3661 5107 πόλιν

2104 5158 2495 5232 Ἡρακλεωτῶν
2527 5152 2694 5210 οὖσαν
2738 5154 2829 5222 ὑφ’
2854 5152 3043 5207 ἑαυτὸν
3084 5150 3237 5204 ἔθετο
3285 5146 3362 5218 τῷ
3408 5146 3658 5215 πολέμῳ.

2092 5253 2212 5307 ἀντὶ
2243 5251 2443 5321 Κιέρου
2488 5246 2796 5320 Προυσιάδα
2820 5245 3073 5310 καλέσας,
3102 5239 3213 5295 εἷλε
3233 5242 3290 5294 δὲ
3308 5240 3401 5294 καὶ
3412 5237 3540 5311 [⁸578
3565 5233 3657 5305 IL]

2093 5346 2192 5414 τὴν
2227 5344 2374 5407 Τίον,
2403 5339 2501 5394 καὶ
2529 5339 2698 5409 αὐτὴν
2722 5339 2963 5407 ὑπήκοον
2989 5334 3174 5395 αὐτοῖς
3207 5331 3393 5394 οὖσαν,
3431 5328 3570 5383 ὥστε
3597 5330 3659 5379 ὲκ

2093 5433 2361 5502 θαλάττης
2382 5432 2462 5494 είς
2491 5429 2764 5483 θάλασσαν
2793 5427 2890 5497 τὴν
2929 5424 3257 5496 Ἡράκλειαν
3296 5418 3655 5491 περιγράψαι.

1660 5536 1663 5539 “
1723 5555 1957 5611 vanus:
1990 5552 2394 5610 LECTIONES.

497 5668 544 5738 _”
584 5669 677 5722 καὶ
698 5672 797 5737 τῆς
842 5674 1102 5736 ἰουδαίας
1133 5692 1193 5738 ς.

1295 5674 1342 5705 ⁸⁸
1366 5673 1436 5727 τά
1464 5673 1507 5726 Δ
1544 5690 1557 5726 :
1588 5671 1759 5725 ταῦτα
1789 5691 1850 5738 ς’,
1926 5672 1971 5705 ⁸¹
1999 5671 2318 5741 φιλοφρόνου
2343 5669 2441 5739 μὲν
2469 5667 2656 5741 ἔτυχον
2691 5683 2756 5741 ς’.
2794 5735 2806 5741 _
2849 5664 2895 5741 '_'
2917 5656 3571 5741 ψηφεπροσαντέγραψαν
3593 5672 3651 5719 ς.

432 5730 796 5795 "timidae-0a;
825 5760 883 5806 ς.
960 5743 1009 5775 ⁸⁸
1041 5730 1258 5813 Λευκίῳ
1288 5743 1333 5797 Α
1363 5762 1377 5800 :
1415 5743 1681 5813 Σελευκίῳ
1715 5761 1773 5809 ς.
1798 5730 1818 5738 ⁷
1849 5743 1894 5775 ⁸³
1919 5730 2067 5812 αὐτῷ
2120 5730 2183 5796 II:
2206 5730 2513 5810 Stephanus
2540 5730 2701 5792 z'libri
2749 5730 2949 5789 αὐτῶν.
2980 5730 2991 5733 “
3022 5732 3069 5764 ⁸⁸
3124 5730 3256 5785 αὑτό
3309 5745 3369 5792 ς.
