3972 6248
282 315 390 379 905
1362 314 1884 374 BIBLlUTIIECA.
1913 318 2161 378 —-COD.
2201 318 2497 378 CCXXIV.
3432 321 3545 389 9οὸ

294 428 413 497 Ἐφ’
434 424 526 490 αἷς
553 426 818 497 κάκείνην
844 425 1121 498 κραταιῶς
1160 425 1488 495 ἐπολιόρκει,
1520 425 1612 478 καὶ
1645 425 1862 490 πολλοὺς

1977 427 2213 483 violenta
2241 444 2364 483 eam
2394 427 2683 482 obsidione
2721 427 2944 497 pressit,
2972 437 3026 484 et
3071 429 3334 498 plurimos
3356 431 3544 488 obses-

283 517 383 586 μὲν
411 516 523 569 τῶν
562 515 1038 587 πολιορκουμένων
1085 514 1432 581 ἀπέκτεινεν,
1494 515 1662 583 ἐγγὺς
1707 515 1754 567 δ’
1797 513 1862 568 ἂν

1971 535 2154 574 sorum
2190 518 2484 575 interfecit.
2535 518 2602 574 Et
2622 519 2738 587 jam
2784 535 2951 590 prope
2972 531 3092 577 erat
3124 532 3182 575 ut
3211 521 3345 577 urbs
3373 538 3543 594 cape-

278 605 378 660 καὶ
420 608 472 677 ζὴ
519 606 674 670 πόλις
721 605 816 661 τοῦ
865 605 1070 661 ἁλῶναι
1124 606 1400 674 κατέστη,
1455 607 1613 675 εἰμὴ
1648 605 1862 673 ὲπὶτῆς

1971 620 2142 673 retur,
2184 610 2286 664 nisi
2323 609 2551 674 Prusiae,
2583 609 2712 665 dum
2755 610 2915 666 scalis
2952 627 3165 666 sursum
3209 613 3426 679 nititur,
3460 616 3543 669 la-

279 698 549 769 κλίμακος
601 697 906 752 ἀναϐαίνων
957 698 1235 767 Προυσίας
1284 698 1418 769 λίθῳ
1452 697 1704 768 βαλόντος
1748 698 1868 763 ἑνὸς

280 790 388 844 τῶν
418 790 529 845 ἀπὸ
559 793 659 862 τῆς
685 790 966 857 ἐπάλξεως
996 790 1287 862 συνετρίϐη
1318 792 1377 845 τὸ
1397 793 1611 855 σκέλος,
1639 790 1738 845 καὶ
1759 792 1859 858 τὴν

280 882 605 953 πολιορκίαν
660 884 723 936 τὸ
771 884 944 946 πάθος
1003 884 1248 938 διέλυσε·
1309 885 1549 955 φοράδην
1597 885 1706 954 γὰρ
1758 884 1857 937 ὀδτ

281 972 523 1042 βληθεὶς,
559 975 662 1029 οὐκ
698 975 825 1028 ἄνευ
851 975 1084 1042 ἀγῶνος,
1117 976 1221 1027 ὑπὸ
1246 974 1355 1027 τῶν
1386 975 1628 1028 Βιθυνῶν
1665 975 1864 1027 ἀνακο⁶

284 1066 503 1135 μισθεὶς
540 1067 622 1128 είς
655 1065 723 1118 τά
753 1067 927 1119 οἰκεῖα
962 1065 1284 1136 ἀνέστρεψε,
1315 1066 1478 1117 κάκεῖ
1510 1063 1658 1134 βιοὺς
1681 1061 1777 1132 ἔτη
1798 1062 1861 1115 ού

281 1160 478 1220 πολλὰ,
514 1160 611 1212 καλ⁵
649 1158 820 1228 χωλὸς
863 1160 955 1212 καὶ
986 1158 1062 1211 ὣν
1090 1159 1184 1212 καὶ
1226 1156 1579 1228 καλούμενος,
1617 1157 1708 1209 τὸν
1749 1155 1863 1225 βίον

281 1251 655 1322 κατέστρεψεν
683 1249 753 1304 ⁸⁸.

1968 696 2093 768 pide
2118 698 2420 768 cujuspiam
2445 699 2514 753 de
2539 700 2956 769 propugnaculis
2987 702 3117 767 icto,
3147 718 3275 759 crus
3307 704 3542 762 fraetum

1966 799 2133 856 esset,
2161 798 2216 844 et
2242 790 2330 844 hic
2375 805 2535 844 casus
2576 791 2646 845 ab
2680 795 3080 861 oppugnatione
3122 796 3390 853 desistere
3416 813 3538 853 eum

1964 882 2255 951 coegisset.
2287 881 2364 936 Ita
2400 881 2543 936 enim
2567 896 2883 952 percussus,
2911 884 3125 949 lectica,
3160 901 3265 941 non
3298 888 3418 942 sine
3446 891 3543 940 du-

1963 971 2099 1027 loris
2127 974 2446 1040 acerbitate,
2500 974 2720 1028 domum
2769 989 2798 1027 a
2840 975 3089 1047 Bithynis
3120 979 3235 1031 suis
3266 977 3503 1033 refertur
3524 1020 3539 1039 ,

1962 1077 2065 1118 nec
2099 1063 2284 1120 multis
2328 1073 2457 1134 post
2477 1064 2651 1131 ianuis
2694 1066 2922 1128 exactis,
2958 1069 3179 1123 nomine
3207 1079 3277 1124 'et
3301 1083 3361 1125 re
3390 1070 3544 1126 claud

1967 1156 2086 1221 dus,
2119 1155 2282 1210 linem
2308 1155 2522 1211 vivendi
2553 1154 2707 1211 fecit.

1215 1363 1344 1419 CAP.
1370 1363 1542 1418 XXX.
1565 1393 1634 1404 -—
1666 1363 1939 1418 Heraclea:
1964 1361 2226 1416 obsidium
2252 1378 2287 1415 a
2315 1357 2543 1416 Calatis.

349 1462 415 1513 Oi
441 1461 501 1513 δὲ
537 1462 679 1533 ὑπὲρ
725 1462 818 1517 τδν
847 1461 1050 1515 Πόντον
1071 1462 1312 1516 Γαλάται
1344 1504 1359 1525 ,
1394 1462 1548 1517 οὖπω
1578 1463 1687 1517 τῶν
1728 1462 1852 1516 Ῥω·

285 1554 485 1624 μαίων,
531 1556 612 1616 είς
643 1553 742 1625 τὴν
783 1555 973 1608 Ἀσίαν
1000 1555 1426 1627 διαϐεϐηκότων,
1448 1555 1614 1610 πόθον
1649 1555 1865 1626 ἔχοντες

277 1648 483 1712 πεῖραν
502 1645 687 1699 λαϐεῖν
708 1645 809 1715 τῆς
830 1645 1107 1717 θαλάσσης
1134 1648 1389 1717 προελεῖν
1425 1647 1744 1719 ἐπεχείρουν
1766 1648 1864 1717 τὴν

292 1737 646 1805 Ἡράκλειαν,
680 1739 775 1791 καὶ
795 1738 855 1790 ού
883 1738 1120 1809 χαλεπὸν
1155 1720 1403 1809 ἐνόμιζον
1426 1756 1440 1770 ⁸
1469 1739 1605 1793 πολὺ
1630 1740 1740 1811 γὰρ
1763 1740 1862 1808 τῆς

2038 1458 2288 1516 Nondum
2321 1459 2376 1514 in
2406 1460 2850 1516 Asiam-Romani
2900 1463 3248 1533 trajecerant,
3284 1481 3405 1521 cum
3439 1462 3547 1523 Gaa

1966 1552 2109 1616 latae,
2139 1551 2297 1607 Ponti
2328 1551 2551 1615 accolae,
2591 1552 2757 1606 maris
2797 1555 3042 1609 tentandi
3089 1557 3405 1625 cupiditate,
3436 1558 3544 1613 lle-

1968 1645 2202 1699 racleam
2246 1642 2399 1712 prius
2446 1656 2713 1714 occupare
2754 1656 3044 1711 Conantur,
3087 1664 3194 1701 non
3246 1648 3460 1704 diliicile
3491 1650 3544 1705 id

1967 1736 2086 1792 fore
2139 1736 2562 1791 existimantes:
2614 1738 2880 1805 siquidem
2920 1740 2987 1793 de
3029 1741 3250 1810 antiqua
3305 1743 3545 1811 potentia

278 1829 521 1893 παλαιᾶς
552 1830 769 1901 Ῥώμης
792 1830 981 1899 ὑφεῖτο
1015 1832 1259 1903 καὶπρὸς
1277 1833 1336 1886 τὸ
1348 1832 1859 1904 καταφρονούμενον

1971 1826 2323 1896 multumjam
2347 1826 2698 1892 diminutum,
2733 1837 2789 1881 et
2826 1829 2892 1882 ad
2932 1839 3303 1899 contemptum
3331 1831 3540 1899 prolabi

277 1921 538 1991 ὑπέρρει.
581 1921 945 1991 Στρατεύουσι
986 1921 1043 1975 δὲ
1073 1921 1193 1979 κατ’
1223 1923 1393 1993 αὐτῆς
1450 1924 1688 1987 ἀπάσαις
1736 1924 1858 1985 ταῖς

280 2013 602 2082 δυνάμεσιν,
630 2012 741 2066 οὐδ’
760 2013 933 2084 αὐτῆς
955 2015 1260 2084 συμμάχων
1276 2013 1606 2083 ἀμελούσης,
1637 2013 1753 2067 ἀλλ’
1778 2014 1859 2077 είς

277 2106 382 2159 ὅσα
408 2108 669 2176 παρεῖχεν
689 2108 719 2161 ό
743 2106 938 2177 καιρὸς
955 2107 1483 2179 παρασκευαζομένη
1496 2126 1536 2170 ς.
1578 2106 1858 2176 Ἐπολιορ-

277 2201 432 2251 κεῖτο
485 2190 584 2267 μὲν
616 2197 710 2252 οὖν
760 2198 928 2269 αὕτη,
952 2200 1049 2253 καί
1093 2201 1285 2270 χρόνος
1330 2200 1598 2271 ἐτρίϐετο,
1635 2200 1694 2263 ὃς
1734 2203 1861 2266 τοὺς

277 2290 528 2353 Γαλάτας
593 2292 672 2354 εἰς
720 2290 931 2345 ἔνδειαν
975 2291 1083 2346 τῶν
1132 2291 1451 2360 ἀναγκαίων
1510 2292 1807 2364 συνήλαυνε
1842 2310 1856 2323 '

280 2380 441 2452 θυμῷ
499 2382 607 2454 γὰρ
657 2384 749 2436 καὶ
799 2383 861 2437 οὐ
908 2386 1226 2454 παρασκευῇ
1270 2387 1337 2454 τῇ
1376 2383 1568 2456 δεούσῃ
1613 2385 1861 2457 Γαλάτης

277 2472 420 2541 ἀνὴρ
471 2470 563 2524 τὸν
601 2471 842 2541 πόλεμον
886 2473 1170 2544 διαφέρειν
1217 2470 1351 2530 οἶδε.
1403 2476 1548 2545 Πρὸς
1591 2474 1685 2532 οὖν
1737 2480 1861 2532 συλ-

278 2561 444 2633 λογὴν
496 2563 604 2617 τῶν
634 2565 960 2635 ἐπιτηδείων
988 2568 1050 2620 τὸ
1098 2567 1460 2638 στρατόπεδον
1505 2570 1861 2623 ἀπολελοιπό-

278 2671 412 2719 ταν,
444 2655 827 2727 ,ἐκδραμόντες
874 2659 922 2711 oi
977 2658 1075 2728 τῆς
1121 2659 1329 2723 πόλεως
1370 2660 1465 2713 καὶ
1503 2660 1788 2729 ἀδοκήτοις
1813 2661 1859 2692 ⁸⁵

280 2748 639 2813 ἐπιπεσόντες
677 2750 811 2805 αὐτό
853 2767 917 2805 τε
959 2745 1104 2805 εἷλον
1134 2751 1230 2804 καλ¹
1267 2751 1498 2814 πολλοὺς
1526 2753 1734 2807 ἀνεῖλον
1764 2751 1861 2809 καὶ

277 2842 407 2903 τοὺς
444 2843 541 2894 ἐπὶ
580 2842 679 2912 τῆς
723 2842 909 2914 χώρας
951 2843 1347 2907 σκεδασθέντας
1374 2845 1434 2897 ού
1459 2843 1708 2915 χαλεπῶς
1737 2862 1863 2898 συν-

279 2931 609 3002 ελάμϐανον,
644 2932 719 2997 ὡς
767 2934 900 3005 μηδὲ
932 2934 1033 3004 τὴν
1066 2934 1257 3005 τρίτην
1290 2938 1485 3007 μοῖραν
1510 2934 1607 2989 τοῦ
1633 2936 1862 2989 Γαλατι-

280 3019 380 3103 ita?)
408 3026 821 3092 στρατεύματος
854 3028 935 3088 είς
965 3024 1231 3080 Γαλατίαν
1258 3026 1617 3097 ἀναστρέψαι.
1673 3027 1770 3080 Ἐκ
1795 3026 1854 3081 δὲ

282 3113 377 3166 τοῦ
432 3114 866 3183 κατορθώματος
924 3118 1088 3171 πάλιν
1148 3120 1227 3181 εἰς
1281 3117 1381 3190 τὴν
1439 3121 1717 3192 προτέραν
1765 3121 1860 3175 εὖ·

278 3203 467 3258 κλειαν
494 3207 541 3238 ⁸⁸
583 3208 679 3259 καὶ
715 3208 1060 3278 εὐδαιμονίαν
1108 3208 1331 3273 ἐλπίδας
1368 3210 1677 3282 ἐλάμϐανον
1721 3213 1860 3267 ἀνα-

278 3295 467 3368 ϐῆναι.
951 3304 957 3315 “

1887 3251 1935 3309 C

1960 1918 2167 1974 sensim
2207 1926 2469 1988 coeperat.
2506 1916 2634 1972 Ideo
2669 1920 2942 1974 universis
2988 1935 3108 1973 eam
3148 1920 3319 1991 copiis
3365 1908 3546 1991 impo—

1960 2021 2154 2081 gnam.
2189 2008 2309 2081 Ipsa
2344 2021 2525 2066 tamen
2552 2013 2825 2067 sociorum
2858 2012 3073 2067 interim
3104 2027 3213 2068 non
3240 2022 3325 2070 est
3355 2015 3546 2070 imme-

1963 2117 2104 2171 mor,
2130 2104 2226 2158 sed
2261 2112 2523 2171 quantum
2563 2105 2784 2157 occasio
2826 2119 3061 2173 praesens
3106 2104 3384 2159 facultatis
3411 2121 3544 2160 con-

1964 2196 2127 2257 cadit.
2164 2211 2227 2251 se
2251 2203 2442 2252 contra
2490 2196 2683 2250 munit.
2720 2194 3014 2251 Obsidione
3058 2196 3220 2267 igitur
3250 2198 3305 2252 in
3331 2205 3548 2267 tempus

1962 2287 2181 2354 aliquod
2230 2296 2499 2354 extracta,
2548 2295 2947 2341 commeatuum
3005 2289 3185 2357 inopia
3230 2289 3285 2344 in
3333 2301 3543 2345 arctum

1960 2390 2232 2449 coguntur
2263 2379 2488 2436 Galam.
2532 2380 2616 2435 Ira
2663 2381 2833 2443 enim,
2866 2394 2974 2435 non
3004 2391 3264 2451 apparatu
3295 2398 3546 2439 necessa-

1964 2472 2048 2527 rio
2085 2473 2404 2537 instructus,
2431 2471 2631 2527 bellum
2668 2472 2871 2527 iulerru
2912 2473 3133 2529 Galatas
3162 2474 3335 2530 novit.
3363 2474 3545 2541 Quare

1961 2578 2087 2618 cum
2119 2561 2189 2616 ad
2213 2564 2661 2633 comportandum
2687 2566 2995 2621 necessaria
3020 2566 3215 2620 castris
3239 2566 3545 2622 abscessis-

1962 2664 2102 2721 sent,
2132 2654 2303 2723 cives,
2333 2656 2620 2726 eruptione
2659 2658 2826 2720 facta,
2853 2666 2909 2711 et
2936 2660 3136 2713 castris
3162 2658 3463 2727 potiuntur,
3488 2667 3547 2713 et

1963 2745 2229 2815 plurimos
2271 2740 2510 2803 cadunt.
2557 2749 2895 2818 Dispalantes
2929 2751 3094 2805 etiam
3123 2765 3219 2820 per
3246 2765 3404 2820 agros
3438 2767 3542 2805 non

1963 2852 2162 2908 magno
2190 2840 2407 2909 negotio
2437 2842 2927 2911 comprehendunt.
2964 2844 3140 2911 Atque
3172 2843 3248 2897 ita
3280 2858 3380 2899 uec
3410 2858 3541 2913 pars

1965 2931 2131 2985 tertia
2176 2932 2405 2988 Galatici
2436 2934 2714 2988 exercitus
2761 2933 2815 2987 in
2860 2932 3125 2989 Galatiam
3156 2934 3464 2990 revertitur.
3500 2934 3543 2988 Δ

1932 3037 2072 3092 .quo
2110 3037 2427 3080 successum
2470 3023 2538 3077 ad
2582 3024 2867 3091 pristinam
2914 3026 3229 3094 emergendi
3270 3024 3546 3081 fortunam

1963 3120 2021 3166 et
2044 3110 2417 3167 celebritatem
2462 3126 2588 3181 spes
2614 3115 2883 3183 concepit.

891 3440 1020 3497 Car.
1053 3441 1244 3497 XXXI.
1280 3474 1344 3485 —
1383 3446 1707 3503 Heracleam:
1744 3447 1995 3506 Romanis
2033 3453 2387 3510 auxiliantur.
2426 3450 2722 3509 Marrucini
2756 3454 2959 3525 papuli.

361 3530 658 3600 Ῥωμαίοις
685 3531 742 3585 δὲ
770 3533 905 3603 πρὸς
939 3535 1199 3603 Μάρσους
1221 3552 1278 3588 τε
1309 3538 1405 3589 καὶ
1437 3538 1732 3606 Πελιγνοὺς
1762 3542 1858 3594 καὶ

280 3622 663 3694 Παρουκίνους
686 3624 727 3654 ⁹¹
758 3623 904 3695 (ἔθνη
934 3624 1113 3679 δέεἰσι
1134 3628 1305 3681 ταῦτα
1323 3628 1465 3700 ὑπὲρ
1490 3630 1697 3701 Λιϐύης
1724 3650 1857 3688 κατ-

284 3716 569 3785 ῳκημένα,
619 3717 889 3788 Γαδείρων
926 3719 1122 3791 ὅμορα)
1149 3720 1272 3773 δυσί
1299 3740 1360 3774 τε
1411 3724 1662 3794 τριήρεσι
1693 3725 1738 3757 ⁹²
1765 3743 1862 3778 κα-

284 3808 623 3876 ταφράκτοις
679 3808 1057 3879 Ἡρακλεῶται
1112 3813 1519 3882 συνεμάχησαν,
1578 3814 1674 3866 καὶ
1728 3831 1861 3883 συγ-

286 3899 737 3971 κατορθιίηαντες
782 3902 876 3955 τὸν
925 3903 1164 3973 πόλεμον
1196 3906 1287 3958 καὶ
1328 3905 1538 3959 πολλῶν
1571 3906 1862 3978 ἀριστείων

286 3991 617 4056 ἀξιωθέντες
679 3999 750 4046 ια’
801 3992 911 4047 ἔτει
959 3996 1095 4064 πρὸς
1151 3998 1253 4066 τὴν
1301 3997 1539 4069 πατρίδα
1607 3999 1868 4071 ἀνεκομί-

290 4085 525 4152 σθησαν.

2039 3547 2302 3603 Romanis
2332 3548 2495 3602 etiam
2545 3546 2687 3601 bello
2712 3555 2900 3601 contra
2932 3543 3159 3610 Marsos,
3187 3526 3459 3617 Pelignos.
3490 3556 3546 3604 at

1966 3641 2304 3697 Marrucinos
2332 3638 2611 3710 (gentium
2654 3640 2847 3694 barum
2878 3640 3036 3709 sedes
3092 3647 3174 3693 est
3212 3653 3371 3708 supra
3398 3637 3547 3693 Afri-
3578 3700 3583 3705 δ

1966 3744 2108 3793 cam,
2153 3728 2205 3781 in
2250 3726 2507 3783 confiniis
2552 3726 2824 3797 Gadium)
2866 3725 3077 3782 duabus
3110 3726 3547 3799 quadriremibus

1967 3821 2126 3876 tectis
2175 3820 2510 3877 lleracleotze
2576 3820 2930 3897 auxiliantur.
2980 3819 3047 3875 Et
3095 3820 3234 3874 bello
3283 3834 3542 3893 prospere

1969 3913 2238 3978 conlecto,
2288 3914 2471 3968 multis
2511 3914 2728 3968 eximia:
2788 3913 3006 3968 virtutis
3068 3913 3244 3968 ornati
3288 3912 3546 3985 praemiis,

1975 4006 2264 4061 undecimo
2294 4005 2513 4060 tandem
2551 4020 2696 4061 armo
2725 4005 2779 4060 in
2811 4005 3042 4076 patriam
3071 4014 3197 4061 sunt
3228 4003 3452 4061 revecti.

1041 4199 1170 4254 Car.
1203 4197 1420 4258 XXXII.
1453 4229 1522 4243 --
1548 4202 1751 4259 Bellum
1801 4202 2133 4258 Mithridatis
2162 4218 2279 4256 cum
2308 4201 2556 4255 Romanis
2577 4212 2624 4255 et
2652 4216 2848 4257 causa.

353 4295 511 4350 Μετὰ
551 4294 725 4348 ταῦτα
774 4294 830 4349 δὲ
876 4297 904 4349 ό
948 4297 1084 4367 πρὸς
1122 4297 1424 4366 Ῥωμαίους
1457 4297 1627 4369 βαρὺς
1674 4301 1869 4372 Μιθρι-

287 4387 418 4458 δάτῃ
450 4384 529 4456 τῷ
557 4385 758 4439 Πόντου
793 4386 1008 4459 βασιλεῖ
1053 4388 1283 4457 συνέστη
1314 4389 1574 4460 πόλεμος,
1603 4392 1868 4460 φαινομέ-

288 4494 383 4548 νην
403 4476 589 4530 λαϐὼν
611 4477 791 4530 αἰτίαν
822 4479 923 4547 τὴν
961 4479 1061 4548 τῆς
1091 4478 1489 4543 Καππαδοκίας
1523 4478 1825 4550 κατάληψιν
1848 4496 1863 4511 ’

286 4569 491 4637 ταύτης
521 4567 631 4639 γὰρ
660 4568 729 4622 δι’
757 4570 974 4641 ἀπάτης
1013 4569 1107 4623 καὶ
1140 4570 1321 4642 ὅρκων
1349 4569 1741 4641 συμϐατηρίων
1775 4572 1868 4628 τὸν

287 4660 601 4729 ἀδελφιδοῦν
641 4660 881 4732 Ἀράθην
934 4661 1215 4715 συλλαϐὼν
1250 4663 1278 4715 ὁ
1314 4660 1672 4732 Μιθριδάτης,
1705 4663 1867 4718 αὐτος

287 4756 469 4826 χειρία
499 4755 849 4822 ἀποσφάξας,
885 4754 1160 4825 ἐκράτησε
1190 4769 1205 4783 ⁸
1242 4756 1373 4818 παῖς
1400 4753 1456 4807 δὲ
1478 4754 1507 4806 ό
1551 4754 1786 4825 Ἀράοης
1806 4755 1870 4808 ὲκ

285 4846 386 4913 τῆς
424 4843 666 4914 ἀδελφῆς
698 4844 795 4898 τοῦ
839 4844 1173 4915 Μιθριδάτου
1215 4845 1531 4918 ’Λριαράθῳ
1579 4846 1866 4917 γεγένητο.

285 4935 662 4998 Φονικώτατος
717 4936 762 4989 δ’
811 4938 876 4988 ὲκ
932 4935 1120 5000 παιδὸς
1161 4938 1193 4988 ὁ
1228 4938 1566 5008 Μιθριδάτης
1602 4933 1670 5008 ἦν
1701 4953 1716 4967 ⁸
1769 4937 1871 5006 τὴν

285 5026 399 5096 γὰρ
426 5027 606 5098 ἀρχὴν
626 5029 1115 5098 τρισκαιδεκαετης
1143 5027 1476 5098 παραλαϐὼν
1518 5028 1636 5097 μετ’
1654 5029 1712 5081 ού
1737 5028 1870 5080 πολὺ

286 5121 383 5187 τὴν
424 5120 662 5188 μητέρα,
686 5120 940 5173 κοινωνὸν
978 5119 1127 5190 αὐτῷ
1180 5120 1329 5189 παρὰ
1370 5118 1465 5171 τοῦ
1526 5120 1727 5189 πατρὸς
1774 5120 1871 5189 τῆς

290 5208 570 5277 βασιλείας
598 5210 1073 5278 καταλειφθεῖσαν,
1101 5208 1231 5282 [729
1253 5209 1343 5281 R.]
1375 5210 1732 5281 δεσμωτηρίῳ
1764 5227 1866 5262 κα-

289 5301 505 5372 τασχὼν
537 5301 629 5373 βίᾳ
645 5305 741 5356 καὶ
768 5303 946 5374 χρόνῳ
963 5302 1272 5368 ἐξανάλωσε
1297 5303 1365 5367 9³,
1401 5303 1494 5355 καὶ
1523 5302 1613 5353 τὸν
1636 5301 1863 5371 ἀδελφὸν

292 5393 604 5448 ἀπέκτεινε.
645 5393 1071 5465 Κατεστρέψατο
1093 5394 1151 5449 δὲ
1185 5392 1408 5466 πολέμῳ
1442 5393 1537 5446 καὶ
1574 5395 1701 5457 τοὺς
1732 5396 1861 5466 περὶ

2040 4298 2171 4353 Post
2203 4300 2317 4355 hac
2343 4299 2671 4355 acerrimum
2691 4298 3023 4359 Mithridatis
3058 4300 3322 4356 adversus
3347 4299 3546 4354 Roma-

1968 4406 2066 4445 nos
2101 4389 2301 4445 bellum
2352 4389 2635 4444 conﬂatur.
2658 4389 3014 4458 Cappadociae
3040 4390 3093 4443 iu
3124 4391 3359 4459 speciem
3381 4404 3545 4448 causa

1967 4483 2255 4552 arripitur.
2292 4481 2443 4536 Hanc
2496 4483 2641 4538 enim
2697 4480 3059 4544 Mithridates,
3105 4496 3230 4535 cum
3264 4482 3547 4537 Ariatlxum

1970 4575 2173 4628 sororis
2202 4572 2770 4642 illitun,jurisjurandi
2807 4572 3018 4641 paciﬁci
3041 4572 3165 4625 dolo
3214 4573 3267 4626 in
3304 4582 3548 4641 potesta-

1975 4676 2081 4718 tem
2105 4654 2409 4728 redactum,
2442 4678 2538 4716 sua
2575 4677 2734 4715 manu
2756 4663 3158 4725 olitruucasset,
3187 4677 3282 4731 per
3307 4663 3412 4715 vim
3440 4664 3545 4718 sibi

1974 4757 2294 4810 riudicarat.
2320 4753 2609 4809 Ariathum
2632 4754 2774 4807 hunc
2798 4752 3003 4824 2301)
3028 4768 3094 4807 ex
3123 4769 3311 4807 sorore
3337 4753 3547 4809 Mithri-

1973 4847 2116 4900 datis
2159 4855 2426 4914 genuerat
2465 4845 2744 4899 Arlatlms.
2798 4844 2933 4898 Nam
2987 4860 3208 4913 apnero
3256 4844 3322 4899 ad
3374 4846 3548 4900 ercdes

1975 4936 2442 5008 propensissimus
2473 4948 2589 4991 erat
2618 4935 2983 5001 Mithridates,
3016 4954 3139 4989 cum
3172 4939 3313 4990 enim
3356 4936 3423 4992 15
3450 4955 3548 4991 au-

1976 5045 2165 5083 norum
2199 5028 2520 5084 adolescens
2548 5043 2771 5098 regnum
2803 5030 3120 5097 accepisset,
3145 5030 3356 5083 modico
3378 5030 3549 5082 inter-

1973 5118 2127 5188 lapso
2165 5127 2431 5188 tempore,
2479 5126 2731 5185 matrem,
2777 5118 2925 5187 regni
2970 5126 3277 5175 conso-tcm
3322 5132 3350 5170 a
3396 5127 3547 5185 patre

1971 5211 2324 5277 destinatam,
2374 5210 2502 5265 dum
2533 5223 2751 5264 carcere
2786 5211 3024 5264 vinctam
3078 5221 3242 5273 tenet,
3288 5207 3543 5261 violentia

1975 5302 2099 5367 ista,
2155 5312 2211 5358 et
2259 5303 2518 5371 temporis
2567 5299 2929 5355 diuturnitate
2987 5300 3240 5355 confer-it.
3295 5297 3539 5351 Fratrem

1965 5394 2128 5448 etiam
2162 5394 2396 5449 necavit.
2430 5392 2580 5448 Bello
2608 5402 2788 5447 autem
2820 5393 3035 5461 subegit
3063 5408 3212 5463 reges
3244 5393 3385 5446 circa
3410 5388 3547 5444 Pita.

1521 5552 1759 5607 VARI/['3
1792 5550 2196 5609 LECTIONES.

367 5659 409 5691 ⁸⁷
437 5661 544 5731 γάρ
589 5661 681 5714 καὶ
709 5663 737 5714 ὁ
772 5677 832 5727 ς.

303 5730 347 5762 ⁸⁸
379 5730 655 5799 πιλιγνοϋς
687 5736 784 5787 καὶ
847 5730 1244 5803 μαργουκίνους
1280 5730 1341 5791 Ᾱ.

534 5826 802 5883 Parnm.
836 5829 953 5883 (iu.
989 5822 1145 5885 CIII.

943 5662 988 5695 ⁸⁸
1016 5663 1379 5736 μετέστρεψεν
1419 5680 1482 5736 ς.
1578 5663 1622 5694 ⁸9
1648 5663 1741 5736 καὶ
1792 5661 2074 5736 ἀδοκήτοις
2105 5661 2146 5715 Δ
2183 5679 2195 5715 :
2235 5662 2512 5734 ἀδοκήτως
2542 5682 2603 5736 ς.
2678 5665 2723 5698 θ’
2752 5662 3003 5736 εὔκλειαν
3030 5664 3073 5715 A
3103 5681 3116 5717 :
3151 5663 3435 5729 εὐλάϐειαν
3472 5681 3549 5728 ςα

1417 5735 1463 5767 θ’
1494 5748 1552 5785 τε
1591 5730 1861 5804 τριήρεσι]
1908 5730 2196 5803 τετρήρεσι
2239 5730 2580 5802 διιειηίὶςιηιιεί
2639 5734 3009 5805 ’δέξηνάλωσε
3041 5751 3101 5798 ς.

3090 5821 3167 5882 29
