3972 6248
469 307 573 371 907

1604 310 1867 371 PIIOTII
1908 309 2412 371 I’ATRIARCIM‘I
2448 310 2555 370 CP.

3599 308 3704 373 908

468 429 576 492 sin,
609 439 786 495 usque
832 426 898 480 ad
938 425 1153 480 climata
1189 434 1340 479 trans
1387 424 1734 481 Caucasum:
1771 442 2042 497 regnoque

2151 423 2238 476 τὸν
2258 424 2426 477 Φᾶσιν
2457 423 2696 487 ξασιλεῖς
2731 421 2839 486 ἕως
2861 408 2969 476 τῶν
3002 422 3284 493 κλιμάτων
3309 423 3416 478 τῶν
3445 422 3588 495 ὑπὲρ
3621 425 3711 479 τὸν

467 519 678 588 magnis
715 519 918 574 viribus
944 518 1292 588 ampliiicata,
1331 535 1583 589 magnum
1609 521 1930 590 arrogantiae
1955 531 2042 574 tu-

465 629 670 666 tnarem
721 612 1063 678 ostentabat.
1120 609 1508 676 Quamobrem,
1577 625 1696 663 cum
1761 625 1826 664 eo
1873 612 2044 681 magis

463 703 691 757 consilio
745 701 864 769 ejus
907 711 1158 770 suspecta
1215 700 1476 755 haberent
1533 699 1762 754 Romani
1795 713 2044 756 senatus-

462 793 770 847 consultum
805 792 1075 855 fecerant,
1102 801 1161 844 ιιι
1195 800 1415 862 paterna
1463 792 1676 860 regibus
1717 790 2041 860 Scytharum

464 897 629 953 regna
679 882 1050 937 constitueret.
1093 881 1165 936 At
1212 883 1258 936 is
1321 882 1597 937 moderate
1638 882 1854 952 quidem
1892 897 2045 936 man-

464 975 604 1030 datis
651 973 877 1043 obsequi
925 974 1070 1029 :sed
1111 975 1326 1029 interim
1377 971 1610 1028 Parthos
1639 983 1688 1029 et
1734 973 1938 1041 Medos,
1989 983 2046 1029 et

464 1065 758 1138 Tigranem
785 1067 1130 1144 Armenium,
1163 1081 1428 1138 regesque
1451 1068 1805 1138 Scytharum.
1839 1077 1893 1122 et
1922 1069 2045 1123 lbe—

465 1171 576 1223 ras,
609 1156 664 1210 in
712 1156 1030 1212 societatem
1091 1157 1215 1212 belli
1243 1158 1550 1215 asciscere:
1611 1159 1854 1229 aliasque
1915 1158 2037 1214 belli

466 1263 661 1304 causas
692 1249 1007 1319 adjungere.
1045 1248 1181 1305 Cum
1215 1260 1443 1306 senatus
1471 1250 1617 1304 enim
1656 1252 1840 1306 Roma:
1882 1250 2043 1308 Nico-

465 1342 702 1407 medem,
729 1357 793 1396 ex
838 1340 1128 1397 Nicomede
1170 1353 1224 1397 et
1246 1342 1387 1414 Nysa
1443 1343 1818 1414 progenitum,
1859 1342 2047 1414 Bithy-

464 1432 570 1487 niae
598 1447 774 1502 regem
803 1433 1148 1499 instituisset,
1173 1432 1510 1488 Mithridates
1527 1433 2046 1500 Nicamedem,Fru-

464 1525 516 1594 gi
546 1537 925 1594 cognomento,
964 1525 1037 1579 illi
1070 1529 1344 1594 opposuit.
1376 1524 1666 1582 Praevaluit
1703 1536 1882 1582 tamen
1934 1525 2046 1582 ele-

465 1615 576 1670 ctio
607 1614 996 1680 Romanorum,
1033 1613 1342 1670 Mithridate
1373 1615 1562 1670 invito.

2147 516 2461 580 Καύκασον,
2509 519 2604 569 καὶ
2657 518 2757 588 τὴν
2808 516 2980 588 ἀρχὴν
3024 516 3253 588 ηὔξησε,
3295 519 3389 570 καὶ
3431 519 3522 571 ἐπὶ
3572 519 3712 589 μέγα

2147 607 2466 672 ἀλαζονείας
2516 606 2824 676 ἐξώγκωτο.
2879 609 2958 661 Δι’
2993 609 3028 663 ἃ
3071 610 3270 679 μᾶλλον
3305 609 3568 680 Ῥωμαῖοι
3617 611 3713 682 τὴν

2150 698 2315 752 αὑτοῦ
2361 697 2602 752 διάνοιαν
2642 695 2884 752 ὕποπτον
2923 698 3052 770 [5³78
3113 699 3170 754 b.
3231 697 3322 771 IL]
3379 699 3712 769 ποιούμενοι,

2143 792 2261 854 τοῖς
2317 789 2543 843 Σκυθῶν
2591 789 2906 860 βασιλεῦσιν
2943 789 3275 860 ἐψηφίσαντο
3313 791 3414 854 τὰς
3456 790 3716 862 πατρῴας

2145 880 2313 935 αὐτὸν
2347 879 2524 952 ἀρχὰς
2555 881 3028 952 ἀποκαταστῆσαι.
3062 881 3121 934 '0
3137 881 3192 935 δὲ
3219 882 3456 952 μετρίως
3478 882 3578 951 μὲν
3602 884 3716 946 τοῖς

2147 975 2644 1045 προσταττομένοις
2664 975 2930 1046 ὑπήκουε,
2946 973 3269 1044 συμμάχους
3288 973 3345 1026 δὲ
3363 972 3611 1044 Πάρθους
3623 975 3719 1028 καὶ

2144 1063 2367 1134 Μήδους
2393 1065 2489 1118 καὶ
2515 1062 2796 1136 Τιγράνην
2831 1064 3113 1135 Ἀρμένιον
3140 1064 3237 1117 καὶ
3265 1064 3389 1127 τοὺς
3417 1063 3719 1127 Σκυθικοὺς

2148 1155 2392 1227 βασιλεῖς
2435 1156 2641 1210 καὶτὸν
2665 1155 2862 1226 Ἴϐηρα
2894 1155 3363 1227 προσηταιρίζετο.
3397 1156 3718 1228 Προσετίθει

2145 1244 2202 1299 δὲ
2235 1245 2331 1299 καὶ
2361 1245 2554 1316 ἑτέρας
2585 1245 2680 1298 τοῦ
2718 1245 2959 1315 πολέμου
3001 1247 3214 1310 eiciar
3255 1245 3359 1316 τῆς
3391 1247 3501 1318 γὰρ
3547 1246 3606 1298 ἐν
3647 1248 3716 1316 τῇ

2156 1337 2344 1410 Ῥώμῃ
2377 1338 2684 1408 συγκλήτου
2719 1337 3036 1410 Νικομήδην
3065 1339 3157 1392 τὸν
3191 1340 3239 1370 ’⁵
3281 1340 3346 1392 ἐκ
3374 1339 3718 1409 Νικομήδους

2146 1430 2242 1484 καὶ
2261 1428 2448 1501 Νύσης
2475 1429 2695 1500 βασιλέα
2710 1429 2964 1494 Βιθυνίας
2989 1429 3352 1501 καθιστώσης,
3381 1429 3718 1501 Μιθριδάτης

2144 1520 2239 1574 τὸν
2301 1521 2536 1591 χρηστὸν
2583 1520 2948 1591 ἐπικληθέντα
3008 1521 3327 1592 Νικομήδην
3379 1521 3426 1552 ⁹⁸
3490 1523 3714 1574 ἀντεκαο

2147 1609 2308 1680 θίστη
2331 1624 2346 1640 ·
2391 1609 2688 1682 ἐπεκράτει
2731 1609 2774 1662 δ’
2822 1609 2973 1681 ὅμως
3006 1611 3041 1682 ἡ
3092 1610 3378 1684 Ῥωμαίων
3413 1609 3595 1682 κρίσις
3624 1609 3720 1663 καὶ

2149 1703 2376 1766 ἄκοντος
2395 1700 2753 1773 Μιθριδάτου.

850 1813 978 1869 ϐυ».
1011 1810 1246 1870 XXXIII.
1275 1841 1345 1851 —
1372 1809 1693 1866 Mithridatis
1721 1811 1953 1868 victoria
1976 1813 2042 1867 de
2080 1811 2386 1878 Nicomede,
2417 1825 2464 1870 et
2493 1826 2692 1886 strages
2719 1815 2910 1870 civium
2933 1814 3087 1870 Rom.
3116 1815 3173 1869 in
3212 1815 3364 1872 Asia.

420 1960 423 1962 ,
521 1907 828 1977 Ἰηῑετίουιο
861 1918 1122 1976 tempore,
1154 1923 1277 1964 cum
1303 1906 1462 1978 Sylla:
1503 1915 1557 1962 et
1613 1903 1770 1961 Marii
1803 1905 1856 1960 in
1889 1920 2045 1976 repu-
2079 1912 2127 1972 Β

464 2001 609 2058 blica
637 2001 878 2056 Romana
905 2000 1103 2055 Seditio
1142 2000 1469 2064 exarsisset,
1507 1997 1833 2054 Archelaum
1864 1997 2046 2066 copia-

465 2109 584 2148 rum
607 2094 796 2148 ducem
835 2091 1174 2147 Mithridates
1205 2091 1373 2146 £5000
1392 2089 1878 2161 peditum,et1000
1895 2089 2049 2160 equi-

467 2192 614 2246 tnm,
651 2183 702 2235 in
752 2179 1016 2251 Bithynos
1053 2181 1255 2236 ducere
1293 2179 1479 2250 jussit,
1521 2179 1840 2250 collatisque
1875 2179 2047 2250 signis

467 2276 642 2330 victor
673 2275 859 2329 evadit
887 2272 1212 2329 Archelaus.
1238 2273 1305 2329 Et
1333 2273 1468 2344 fugit
1499 2289 1622 2329 cum
1653 2274 1840 2345 paucis
1881 2275 2043 2328 etiam

465 2364 805 2421 Nicomedes.
824 2365 941 2433 Quo
957 2365 1176 2436 cognito
1208 2365 1573 2431 Mithridates,
1595 2381 1716 2421 cum
1742 2364 1847 2421 sub
1882 2381 2043 2421 manu

461 2467 647 2520 essent
679 2456 1003 2525 auxiliares,
1036 2457 1235 2514 castris
1258 2471 1291 2513 e
1322 2456 1564 2528 subjecto
1590 2457 1822 2513 Amasize
1853 2471 2047 2527 catnpo

465 2553 645 2621 motis,
661 2569 756 2624 per
775 2547 1193 2624 Paphlagoniam
1216 2547 1320 2609 iter
1344 2546 1496 2614 facit,
1520 2545 1727 2603 l50000
1741 2548 2042 2612 exercitum

463 2645 758 2700 adducens.
789 2642 991 2700 Marius
1021 2654 1199 2700 autem
1222 2643 1324 2698 sub
1355 2645 1526 2715 signis
1556 2637 1762 2700 habens
1788 2637 2043 2701 Nicome—

463 2739 549 2792 dis
575 2738 763 2806 capias
809 2740 949 2808 (quze
979 2738 1046 2792 ad
1072 2736 1246 2792 solam
1285 2735 1612 2792 Mithridatis
1637 2735 1835 2792 famam
1877 2737 2043 2794 dissi-

465 2828 776 2898 pabantur),
805 2844 929 2884 cum
957 2828 1148 2897 exigua
1184 2827 1556 2884 Romanorum
1589 2844 1750 2884 manu
1782 2843 1902 2884 sese
1917 2830 2042 2886 sub-

461 2921 595 2990 jecit
646 2921 994 2991 Menopbani,
1033 2921 1367 2978 Mithridatis
1424 2921 1662 2986 tribuno,
1693 2931 1751 2977 et
1797 2922 2042 2991 repulsus

463 3011 626 3081 fugit,
659 3014 1082 3067 omniexercitu
1124 3011 1348 3067 amisso.
1395 3010 1599 3067 Secure
1651 3011 1816 3082 igitur
1857 3011 2043 3083 Bithy-

465 3105 613 3158 niam
658 3104 924 3160 invadens
961 3103 1324 3170 Mithridates,
1354 3113 1410 3160 et
1455 3104 1619 3162 urbes
1665 3115 1722 3160 et
1763 3106 2039 3176 regionem

465 3197 603 3252 citra
647 3212 883 3268 pugnam
920 3197 1132 3253 obtinet
1162 3213 1176 3252 :
1206 3207 1638 3266 caaterarutnque
1668 3197 1814 3253 Asiae
1844 3198 2038 3253 civita-

2233 1907 2503 1979 ’Υστερον
2533 1908 2590 1962 δὲ
2629 1907 2804 1964 Σύλλα
2832 1910 2926 1962 καὶ
2953 1907 3167 1978 Μαρίου
3197 1908 3322 1976 περὶ
3351 1905 3452 1978 τὴν
3483 1905 3722 1976 Ῥωμαῖ-

2147 1997 2250 2071 κὴν
2274 2000 2552 2054 πολιτείαν
2577 2001 3056 2074 ἁναρῤιπισάντων
3072 2000 3169 2070 τὴν
3200 1999 3410 2065 στάσιν,
3444 1999 3720 2067 τέσσαρας

2149 2088 2418 2159 μυριάδας
2484 2090 2666 2156 πεζῶν
2712 2091 2808 2144 καὶ
2846 2090 3070 2162 μυρίους
3101 2091 3147 2121 ⁸⁸
3196 2088 3399 2162 ἱππέας
3437 2087 3722 2158 ’Δρχελάῳ

2143 2178 2223 2250 τῷ
2246 2180 2538 2252 στρατηγῷ
2579 2181 2857 2252 παραδοὺς
2882 2183 2911 2236 ὁ
2942 2181 3280 2252 Μιθριδάτης
3311 2161 3452 2235 κατὰ
3476 2179 3723 2234 Βιθυνῶν

2145 2270 2401 2325 ἐκέλευσε
2431 2273 2770 2344 στρατεύειν.
2816 2275 2925 2328 Καὶ
2957 2275 3151 2346 κρατεῖ
3180 2276 3277 2344 τῆς
3306 2274 3482 2344 μάχης
3503 2272 3722 2342 συμϐα-

2145 2361 2253 2415 λὼν
2279 2363 2595 2434 Ἀρχέλαος,
2652 2365 2845 2434 φεύγει
2888 2365 2946 2419 δὲ
2975 2366 3068 2419 καὶ
3097 2365 3417 2436 Νικομήδης
3457 2364 3574 2435 μετ’
3611 2363 3723 2415 ὀλί-

2144 2469 2277 2522 γων.
2305 2453 2493 2507 Ταῦτα
2519 2452 2708 2524 μαθὼν
2735 2455 3078 2528 Μιθριδάτης
3099 2455 3538 2525 παραγεγονότος
3568 2453 3723 2524 αὑτῷ

2145 2543 2243 2599 καὶ
2266 2543 2360 2598 τοῦ
2390 2546 2764 2618 συμμαχικοῦ,
2794 2546 2933 2619 ἄρας
2953 2548 3062 2602 ἀπὸ
3087 2547 3184 2602 τοῦ
3210 2548 3338 2621 πρὸς
3360 2551 3428 2618 τῇ
3447 2547 3724 2619 Ἀμασείᾳ⁸

2144 2635 2328 2689 πεδίου
2371 2635 2462 2691 διὰ
2488 2637 2590 2708 τῆς
2630 2639 3017 2709 Παφλαγονίας
3044 2640 3153 2712 ᾔει,
3202 2641 3593 2695 πεντεκαίδεκα
3622 2658 3726 2712 μυ-

2146 2725 2338 2805 ριάδας
2357 2728 2592 2806 στρατὸν
2624 2729 2987 2800 ἐπαγόμενος.
3025 2731 3231 2796 Μάνιος
3267 2734 3311 2766 ’⁷
3345 2733 3401 2786 δὲ
3425 2732 3536 2786 τῶν
3574 2734 3724 2803 ἀμφὶ

2141 2823 2463 2896 Νικομήδην
2522 2822 3041 2898 συστρατευομένων
3095 2823 3246 2901 αὐτῷ
3289 2823 3428 2902 μόνῃ
3621 2827 3716 2882 τοῦ

2142 2917 2480 2990 Μιθριδάτου
2511 2920 2669 2994 φήμῃ
2697 2920 3216 2988 διασκεδασθέντων,
3245 2924 3382 2992 μετὰ
3426 2920 3724 2991 Ῥωμαίων

2141 3008 2339 3078 ὀλίγων
2365 2997 2904 3085 ἀντιπαρατάσσεται
2939 3013 3257 3085 Μηνοφάνει
3277 3013 3354 3083 τῷ
3387 3013 3724 3083 Μιθριδάτου

2143 3100 2465 3172 στρατηγῷ,
2513 3101 2610 3156 καὶ
2641 3105 2874 3174 τραπεὶς
2902 3105 3113 3175 φεύγει,
3158 3107 3341 3158 πᾶσαν
3368 3105 3466 3175 τὴν
3489 3103 3723 3176 δύναμιν

2145 3192 2461 3249 ἁποὸαλών.
2497 3193 2786 3264 Ἐμὸαλὼν
2833 3195 2891 3249 δὲ
2936 3196 3035 3251 σὺν
3082 3196 3236 3268 ἀδείᾳ
3275 3196 3612 3268 Μιθριδάτης
3643 3197 3727 3259 είς

464 3298 581 3344 tum
640 3260 760 3346 alia:
792 3291 1100 3360 capiuntur,
1122 3289 1244 3346 alia:
1271 3289 1328 3344 in
1355 3289 1512 3344 ﬁdem
1543 3260 1686 3360 regis
1719 3291 2040 3346 concedunt.

2151 3285 2244 3352 τὴν
2271 3285 2526 3341 Βιθυνίαν
2553 3260 2650 3350 τάς
2673 3305 2733 3340 τε
2766 3287 2952 3350 πόλεις
2991 3290 3085 3342 καὶ
3110 3260 3224 3359 τὴν.
3259 3260 3442 3359 χώραν
3481 3260 3658 3358 ἀμαχὶ
3677 3287 3722 3320 ⁸⁸

463 3380 532 3436 Ει
567 3394 786 3451 repente
846 3383 1041 3454 ingens
1091 3382 1145 3436 iit
1189 3396 1370 3436 rerum
1407 3381 1782 3449 commutatio,
1817 3381 2044 3439 Rhodiis

463 3474 808 3531 solummodo
831 3474 884 3529 in
918 3473 1156 3529 amicitia
1194 3470 1564 3528 Romanorum
1597 3471 2040 3544 perdurantibus.

465 3565 698 3635 Ideoque
737 3572 881 3619 terra
920 3563 1165 3632 marique
1204 3561 1406 3618 bellum
1434 3570 1629 3617 contra
1677 3562 1825 3633 ipsos
1873 3561 2044 3616 movit

467 3653 833 3719 MiIhridates,
869 3653 998 3710 licet
1023 3652 1220 3709 Rhodii
1247 3654 1450 3709 virtute
1471 3662 1526 3709 et
1544 3651 1760 3707 fortuna
1787 3652 1861 3707 ita
1892 3661 2045 3707 ante-

465 3747 746 3812 cellerent,
769 3757 826 3802 ut
844 3761 1008 3817 prope
1037 3755 1185 3802 esset
1232 3747 1408 3816 ipsum
1439 3760 1620 3817 regem
1655 3745 1830 3800 navali
1859 3745 2044 3814 praelia

467 3841 521 3894 in
571 3840 806 3894 hostium
857 3839 1044 3894 venire
1093 3853 1309 3894 manus.
1356 3837 1633 3895 Intellecta
1679 3847 1799 3908 post
1838 3837 2042 3908 231a

468 3929 828 3992 Mithridates,
854 3929 1004 3984 cives
1034 3928 1309 3984 Romanos
1331 3943 1429 3999 per
1463 3928 1635 3984 urbes
1660 3928 1804 3983 Asia:
1829 3929 2044 3998 disper-

467 4035 558 4075 sas
601 4019 843 4076 consiliis
881 4019 994 4075 suis
1045 4019 1436 4090 impedimento
1477 4035 1621 4084 esse,
1668 4019 1736 4074 ad
1790 4021 2041 4076 civitates

467 4113 711 4184 scripsit,
754 4122 812 4168 ut
839 4129 948 4168 uno
981 4111 1068 4167 die
1099 4127 1289 4169 omnes
1321 4114 1461 4185 apud
1495 4128 1556 4169 se
1589 4113 1866 4170 Romanos
1889 4114 2043 4170 occi-

467 4208 678 4261 tierent.
715 4205 780 4260 Et
817 4205 1089 4275 plemque
1133 4205 1278 4261 dicto
1313 4205 1431 4277 ejus
1472 4204 1789 4271 audientes,
1839 4206 2041 4261 caedem

470 4307 676 4351 tantam
725 4305 1046 4367 patrarunt,
1097 4306 1157 4352 ut
1209 4312 1316 4353 uno
1367 4297 1666 4366 eodemque
1717 4297 1807 4354 die
1867 4297 2043 4354 80000

467 4391 650 4460 gladio
678 4401 907 4446 mortem
947 4399 1292 4460 oppeterent.

2149 3378 2380 3450 κατέσχε
2407 3395 2421 3409 ·
2457 3380 2553 3434 καὶ
2598 3379 2707 3434 τῶν
2735 3379 2914 3436 ἄλλων
2938 3382 2995 3436 δὲ
3045 3382 3254 3436 πόλεων
3294 3382 3405 3436 τῶν
3451 3383 3596 3434 κατὰ
3625 3383 3726 3453 τὴν

2156 3471 2344 3526 Ἀσίαν
2379 3473 2436 3525 αί
2479 3472 2578 3542 μὲν
2612 3473 2902 3544 ἡλίσκοντο
2939 3477 2996 3528 αἱ
3017 3475 3074 3529 δὲ
3106 3475 3488 3548 προσεχώρουν
3517 3475 3598 3545 τῷ
3629 3475 3726 3545 βα-

2145 3563 2303 3629 σιλεῖ,
2351 3564 2447 3618 καὶ
2499 3565 2771 3638 μεταϐολὴ
2821 3568 2931 3620 τῶν
2993 3569 3130 3622 ὅλων
3184 3568 3360 3639 ἀθρόα
3401 3568 3724 3634 καθίστατο,

2157 3653 2374 3708 Ῥοδίων
2419 3655 2579 3726 μόνον
2627 3657 2726 3729 τὴν
2759 3658 2899 3729 πρὸς
2931 3657 3238 3728 Ῥωμαίους
3273 3658 3611 3730 στεργόντων
3638 3677 3726 3723 φι-

2146 3745 2290 3802 λίαν.
2339 3746 2419 3801 Δι’
2466 3748 2535 3818 ἦν
2582 3751 2703 3804 κατ’
2727 3751 2910 3804 αὐτῶν
2953 3750 3292 3822 Μιθριδάτης
3332 3751 3595 3806 καὶκατὰ
3622 3752 3727 3821 γῆν

2127 3841 2244 3900 ,καὶ
2299 3842 2443 3916 κατά
2475 3841 2746 3897 θάλατταν
2802 3843 2970 3898 ἐκίνει
3017 3845 3109 3898 τὸν
3151 3845 3408 3915 πόλεμον,
3458 3846 3508 3898 εἰ
3544 3845 3640 3898 καὶ
3666 3845 3728 3898 τὸ

2149 3933 2312 3988 πλέον
2347 3934 2542 3989 Ῥόδιοι
2573 3935 2751 4008 ἔσχον,
2790 3936 2866 4001 ὡς
2899 3938 2995 3991 καὶ
3035 3938 3198 3992 αὑτὸν
3231 3939 3566 4012 Μιθριδάτην
3591 3956 3724 3992 ναυ-

2151 4026 2432 4096 μαχοῦντα
2466 4029 2632 4096 ὲγγὺς
2661 4028 2756 4082 τοῦ
2786 4030 2992 4083 ἁλῶναι
3021 4030 3221 4084 ἐλθεῖν.
3271 4031 3425 4085 Μετὰ
3453 4031 3511 4085 δέ
3551 4031 3729 4086 ταῦτα

2153 4117 2343 4188 μαθὼν
2381 4121 2723 4192 Μιθριδάτης
2751 4122 2826 4186 ὼς
2853 4125 2904 4175 oi
2939 4124 3076 4177 κατὰ
3106 4123 3206 4187 τὰς
3241 4122 3426 4187 πόλεις
3459 4123 3729 4194 σποράδες

2165 4211 2430 4284 Ῥωμαῖοι
2469 4216 2579 4269 τῶν
2628 4219 2761 4290 παρ’
2813 4218 2980 4272 αὑτοῦ
3024 4219 3424 4288 διανοουμένων
3474 4218 3728 4291 ἐμποδὼν

2149 4303 2420 4367 ἵστανται.
2461 4310 2665 4379 γράφει
2696 4310 2831 4382 πρὸς
2857 4315 3042 4376 πάσας
3071 4313 3176 4366 ὑπὸ
3208 4313 3338 4382 μίαν
3361 4313 3578 4383 ἡμέραν
3601 4313 3727 4374 τοὺς

2147 4398 2278 4468 παρ’
2296 4398 2485 4463 αὐταῖς
2525 4400 2829 4472 Ῥωμαίους
2844 4403 3114 4472 φονεύειν.
3136 4405 3246 4458 Καὶ
3269 4405 3455 4458 πολλοὶ
3476 4402 3726 4457 πεισθέν-

463 4501 554 4549 τις
581 4482 838 4539 τοσοῦτον
886 4484 1048 4554 φόνον
1083 4483 1447 4555 εἰργάσαντο,
1476 4483 1554 4548 ὡς
1597 4482 1865 4556 μυριάδας
1892 4483 2038 4539 ὀκτὼ
2081 4485 2142 4540 ἐν
2183 4494 2285 4564 μιᾷ
2319 4495 2415 4548 καὶ
2463 4497 2530 4567 τῇ
2562 4496 2702 4568 αὐτῇ
2747 4497 2932 4568 ἡμέρᾳ
2990 4496 3081 4550 τὸν
3107 4497 3194 4552 διὰ
3265 4498 3455 4570 ξίφους
3507 4497 3730 4571 ὄλεθρον

463 4576 787 4645 ὑποστῆναι.

967 4689 1097 4744 Car.
1132 4686 1370 4745 XXXIV.
1399 4721 1462 4735 -—
1489 4687 1655 4760 Sylla:
1679 4691 1909 4744 victoria:
1934 4691 1999 4744 de
2025 4690 2210 4746 Toxile
2244 4701 2295 4746 et
2319 4692 2576 4748 Archelao
2609 4693 2941 4751 Mithridatis
2964 4697 3205 4753 ducibus.

541 4801 641 4857 Ubi
677 4817 806 4858 vero
839 4803 1046 4858 Eretria
1077 4813 1132 4857 et
1157 4803 1374 4857 Chalcis
1400 4805 1644 4872 adeoque
1680 4814 1789 4860 tota
1849 4805 2050 4861 Euboea
2083 4809 2130 4867 D

465 4897 534 4950 ad
570 4895 932 4950 Mithridatem
965 4909 1088 4950 sese
1126 4895 1505 4964 applicarant,
1543 4895 1772 4965 aliaaque
1811 4899 1879 4952 ad
1920 4914 2042 4953 eum

467 4989 716 5043 civitates
750 4988 1141 5052 transiverant,
1185 4987 1345 5042 victis
1390 4988 1554 5043 etiam
1598 4986 2043 5050 Lacedaemoniis.

467 5077 669 5150 Syllant
704 5092 827 5131 cmn
861 5077 1009 5146 justo
1040 5080 1257 5146 agmine
1303 5075 1530 5129 Romani
1564 5077 1840 5130 emittunt.
1878 5076 2046 5144 Cujus

467 5175 700 5228 adventu
717 5171 994 5235 civitates,
1013 5169 1209 5238 partim
1242 5177 1432 5236 sponte
1452 5167 1783 5222 deditionem
1809 5165 2044 5234 faciunt,

467 5265 662 5337 partim
715 5265 765 5318 vi
821 5263 874 5317 in
946 5270 1261 5330 potestatem
1312 5259 1432 5328 ejus
1488 5259 1739 5315 veniunt.
1771 5257 1882 5313 Nec
1927 5261 2046 5314 exi-

466 5373 602 5427 guas
637 5356 982 5411 Ponticarum
1026 5353 1210 5422 copias
1264 5351 1441 5404 l‘ttudit
1483 5360 1538 5405 et
1583 5349 1756 5422 fugat.
1805 5352 2050 5407 Athenas

467 5450 627 5504 etiam
661 5448 804 5516 cepit
834 5465 848 5501 :
876 5457 930 5502 et
967 5445 1084 5501 solo
1128 5443 1258 5498 urbs
1287 5451 1494 5511 aequata
1529 5453 1694 5510 esset,
1743 5443 1848 5497 nisi
1895 5444 2048 5498 ocius

2237 4806 2522 4877 Ἐρετρίας
2552 4807 2608 4862 δὲ
2649 4809 2744 4862 καὶ
2773 4809 3036 4874 Χαλκίδος
3067 4812 3164 4866 καὶ
3197 4812 3326 4882 ὅλης
3353 4812 3587 4877 Εὐϐοίας
3620 4816 3732 4877 τοῖς

2150 4895 2246 4950 τοῦ
2302 4898 2633 4970 Μιθριδάτου
2677 4900 3102 4972 προσθεμένων,
3151 4907 3245 4957 καὶ
3297 4903 3473 4958 ἄλλων
3525 4907 3734 4960 πόλεων

2153 4989 2304 5059 αὐτῷ
2343 4992 2842 5062 προσχωρούντων,
2875 4995 2972 5048 καὶ
3011 4993 3118 5066 μὴν
3157 4997 3250 5049 καὶ
3292 4997 3734 5068 Λακεδαιμονίων

2153 5081 2532 5150 ἡττηθέντων,
2578 5084 2787 5139 Σύλλαν
2806 5087 2851 5118 ⁹⁹
2901 5087 3278 5157 ἐκπέμπουσιν
3325 5090 3375 5142 oi
3430 5087 3730 5158 Ῥωμαῖοι,

2155 5172 2349 5244 ἱκανὴν
2376 5175 2526 5245 αὑτῷ
2555 5177 3042 5248 συνεκπέμψαντες
3066 5180 3351 5251 στρατιάν.
3395 5181 3453 5234 ’0
3475 5181 3534 5234 δὲ
3557 5199 3734 5251 παρα-

2154 5263 2394 5333 γεγονὼς
2423 5265 2532 5319 τῶν
2571 5267 2780 5321 πόλεων
2817 5269 2916 5332 τὰς
2947 5269 3045 5339 μὲν
3086 5271 3428 5342 ἐκουσιότητι
3467 5273 3736 5343 μεταϐαλ-

2153 5357 2417 5424 λομένας,
2449 5357 2547 5420 τὰς
2579 5358 2634 5411 δὲ
2664 5361 2760 5413 καὶ
2786 5360 2879 5432 βίᾳ
2911 5364 3197 5432 κατέσχεν,
3231 5365 3330 5418 οὐκ
3358 5363 3540 5431 ὀλίγον
3574 5366 3730 5437 στράρ

2153 5465 2329 5518 τευμα
2353 5449 2462 5502 τῶν
2491 5449 2768 5504 Ποντικῶν
2812 5453 2962 5524 μάχῃ
3005 5454 3366 5527 τρεψάμενος.
3395 5452 3525 5510 Είλε
3561 5457 3618 5510 δὲ
3650 5460 3740 5511 καὶ

1747 5587 1983 5642 VARI/IS
2030 5589 2434 5650 LEC'I'IONES.

537 5686 586 5715 "
613 5685 705 5734 τὸν
737 5699 846 5738 om.
880 5684 944 5737 Α.

469 5753 514 5785 ⁸⁸
542 5754 743 5822 ἀμαχεὶ
771 5773 834 5817 ς.
909 5755 954 5786 ⁸⁸
989 5753 1155 5806 σίλαν
1189 5757 1250 5810 Δ.

1118 5683 1294 5767 τὸν-ο
1318 5681 1660 5755 Νικομήδην]
1692 5684 1990 5756 Σωκράτην
2009 5685 2494 5762 τὸν-Νικομήδει
2522 5689 2841 5748 Palmerius.
2910 5693 2956 5726 “
2983 5693 3186 5765 μυρίας
3216 5710 3277 5758 ς.
3354 5695 3398 5728 ³⁷
3431 5694 3645 5767 Μάριος
3675 5711 3734 5760 ς.
