  <div class='ocr_page' id='page_1' title='image "/cluster/home/n/w/nwhite01/storage/ocr_20150623/103 pt.3/mdp.39015061933738/468.png"; bbox 0 0 3972 6248; ppageno 0'>
   <div class='ocr_carea' id='block_1_1' title="bbox 365 216 473 279">
    <p class='ocr_par' dir='ltr' id='par_1_1' title="bbox 365 216 473 279">
     <span class='ocr_line' id='line_1_1' title="bbox 365 216 473 279; baseline 0 0"><span class='ocrx_word' id='word_1_1' title='bbox 365 216 473 279; x_wconf 78' lang='lat'><strong>909</strong></span> 
     </span>
    </p>
   </div>
   <div class='ocr_carea' id='block_1_2' title="bbox 1435 214 2550 280">
    <p class='ocr_par' dir='ltr' id='par_1_2' title="bbox 1435 214 2550 280">
     <span class='ocr_line' id='line_1_2' title="bbox 1435 214 2550 280; baseline -0.002 -1"><span class='ocrx_word' id='word_1_2' title='bbox 1435 214 1956 280; x_wconf 78' lang='lat' dir='ltr'><strong>BIBLIOTIIECA.</strong></span> <span class='ocrx_word' id='word_1_3' title='bbox 1979 242 2044 252; x_wconf 86' lang='lat'><em>-</em></span> <span class='ocrx_word' id='word_1_4' title='bbox 2071 216 2233 278; x_wconf 91' lang='lat' dir='ltr'><strong>COD.</strong></span> <span class='ocrx_word' id='word_1_5' title='bbox 2255 215 2550 278; x_wconf 80' lang='lat' dir='ltr'><strong>CCXXIV.</strong></span> 
     </span>
    </p>
   </div>
   <div class='ocr_carea' id='block_1_3' title="bbox 3498 211 3603 276">
    <p class='ocr_par' dir='ltr' id='par_1_3' title="bbox 3498 211 3603 276">
     <span class='ocr_line' id='line_1_3' title="bbox 3498 211 3603 276; baseline -0.038 0"><span class='ocrx_word' id='word_1_6' title='bbox 3498 211 3603 276; x_wconf 81' lang='grc'><strong>910</strong></span> 
     </span>
    </p>
   </div>
   <div class='ocr_carea' id='block_1_4' title="bbox 362 322 1952 397">
    <p class='ocr_par' dir='ltr' id='par_1_4' title="bbox 362 324 1941 397">
     <span class='ocr_line' id='line_1_4' title="bbox 362 324 1941 397; baseline -0.002 -15"><span class='ocrx_word' id='word_1_7' title='bbox 362 328 467 391; x_wconf 66' lang='grc' dir='ltr'><strong>τὰς</strong></span> <span class='ocrx_word' id='word_1_8' title='bbox 517 324 749 396; x_wconf 78' lang='grc' dir='ltr'><strong>Ἀθήνας</strong></span> <span class='ocrx_word' id='word_1_9' title='bbox 774 340 790 357; x_wconf 81' lang='lat'><strong><em>°</em></strong></span> <span class='ocrx_word' id='word_1_10' title='bbox 846 325 945 379; x_wconf 79' lang='grc' dir='ltr'><strong>καὶ</strong></span> <span class='ocrx_word' id='word_1_11' title='bbox 998 324 1345 380; x_wconf 79' lang='grc' dir='ltr'><strong>κατέσκαπτο</strong></span> <span class='ocrx_word' id='word_1_12' title='bbox 1377 326 1444 381; x_wconf 81' lang='grc' dir='ltr'><strong>ἂν</strong></span> <span class='ocrx_word' id='word_1_13' title='bbox 1489 328 1522 397; x_wconf 87' lang='grc' dir='ltr'><strong>ή</strong></span> <span class='ocrx_word' id='word_1_14' title='bbox 1563 326 1738 392; x_wconf 82' lang='grc' dir='ltr'><strong>πόλις,</strong></span> <span class='ocrx_word' id='word_1_15' title='bbox 1781 327 1831 379; x_wconf 85' lang='grc' dir='ltr'><strong>εί</strong></span> <span class='ocrx_word' id='word_1_16' title='bbox 1867 325 1941 396; x_wconf 82' lang='grc' dir='ltr'><strong>μὴ</strong></span> 
     </span>
    </p>
   </div>
   <div class='ocr_carea' id='block_1_5' title="bbox 2056 322 3604 397">
    <p class='ocr_par' dir='ltr' id='par_1_5' title="bbox 2056 322 3604 396">
     <span class='ocr_line' id='line_1_5' title="bbox 2056 322 3604 396; baseline -0.003 -13"><span class='ocrx_word' id='word_1_17' title='bbox 2056 338 2262 383; x_wconf 73' lang='lat' dir='ltr'><strong>senatus</strong></span> <span class='ocrx_word' id='word_1_18' title='bbox 2289 327 2564 380; x_wconf 78' lang='lat' dir='ltr'><strong>Romanus</strong></span> <span class='ocrx_word' id='word_1_19' title='bbox 2585 323 2745 396; x_wconf 63' lang='lat' dir='ltr'><strong>Syllae</strong></span> <span class='ocrx_word' id='word_1_20' title='bbox 2766 322 3099 395; x_wconf 87' lang='lat' dir='ltr'><strong>propositum</strong></span> <span class='ocrx_word' id='word_1_21' title='bbox 3133 322 3459 396; x_wconf 84' lang='lat' dir='ltr'><strong>infregisset.</strong></span> <span class='ocrx_word' id='word_1_22' title='bbox 3481 322 3604 378; x_wconf 82' lang='lat' dir='ltr'><strong>Post</strong></span> 
     </span>
    </p>
   </div>
   <div class='ocr_carea' id='block_1_6' title="bbox 364 412 1952 489">
    <p class='ocr_par' dir='ltr' id='par_1_6' title="bbox 364 414 1941 489">
     <span class='ocr_line' id='line_1_6' title="bbox 364 414 1941 489; baseline -0.003 -15"><span class='ocrx_word' id='word_1_23' title='bbox 364 420 582 475; x_wconf 79' lang='grc' dir='ltr'><strong>θᾶττον.</strong></span> <span class='ocrx_word' id='word_1_24' title='bbox 605 418 640 489; x_wconf 79' lang='grc' dir='ltr'>ἡ</span> <span class='ocrx_word' id='word_1_25' title='bbox 667 415 972 488; x_wconf 81' lang='grc' dir='ltr'><strong>σύγκλητος</strong></span> <span class='ocrx_word' id='word_1_26' title='bbox 1002 416 1289 484; x_wconf 86' lang='grc' dir='ltr'><strong>Ῥωμαίων</strong></span> <span class='ocrx_word' id='word_1_27' title='bbox 1315 416 1415 487; x_wconf 84' lang='grc' dir='ltr'><strong>τὴν</strong></span> <span class='ocrx_word' id='word_1_28' title='bbox 1461 416 1558 470; x_wconf 82' lang='grc' dir='ltr'><strong>τοῦ</strong></span> <span class='ocrx_word' id='word_1_29' title='bbox 1601 416 1777 471; x_wconf 81' lang='grc' dir='ltr'>Σύλλα</span> <span class='ocrx_word' id='word_1_30' title='bbox 1802 414 1941 485; x_wconf 86' lang='grc' dir='ltr'><strong>γνὼ-</strong></span> 
     </span>
    </p>
   </div>
   <div class='ocr_carea' id='block_1_7' title="bbox 2056 412 3610 489">
    <p class='ocr_par' dir='ltr' id='par_1_7' title="bbox 2056 412 3610 487">
     <span class='ocr_line' id='line_1_7' title="bbox 2056 412 3610 487; baseline -0.002 -14"><span class='ocrx_word' id='word_1_31' title='bbox 2056 420 2262 474; x_wconf 54' lang='lat' dir='ltr'><strong>‘-rebros</strong></span> <span class='ocrx_word' id='word_1_32' title='bbox 2309 429 2491 472; x_wconf 89' lang='lat' dir='ltr'><strong>autem</strong></span> <span class='ocrx_word' id='word_1_33' title='bbox 2537 416 2860 483; x_wconf 79' lang='lat' dir='ltr'><strong>conﬂictus,</strong></span> <span class='ocrx_word' id='word_1_34' title='bbox 2910 418 2969 471; x_wconf 85' lang='lat' dir='ltr'><strong>in</strong></span> <span class='ocrx_word' id='word_1_35' title='bbox 3024 416 3223 487; x_wconf 86' lang='lat' dir='ltr'><strong>quibus</strong></span> <span class='ocrx_word' id='word_1_36' title='bbox 3274 412 3610 471; x_wconf 79' lang='lat' dir='ltr'><strong>excellebant</strong></span> 
     </span>
    </p>
   </div>
   <div class='ocr_carea' id='block_1_8' title="bbox 366 504 1952 579">
    <p class='ocr_par' dir='ltr' id='par_1_8' title="bbox 366 504 1938 579">
     <span class='ocr_line' id='line_1_8' title="bbox 366 504 1938 579; baseline 0 -17"><span class='ocrx_word' id='word_1_37' title='bbox 366 525 476 579; x_wconf 86' lang='grc' dir='ltr'><strong>μην</strong></span> <span class='ocrx_word' id='word_1_38' title='bbox 505 506 761 578; x_wconf 74' lang='grc' dir='ltr'><strong>ἀνέκοψε.</strong></span> <span class='ocrx_word' id='word_1_39' title='bbox 793 504 1011 574; x_wconf 83' lang='grc' dir='ltr'><strong>Συχνῶν</strong></span> <span class='ocrx_word' id='word_1_40' title='bbox 1040 505 1096 559; x_wconf 83' lang='grc' dir='ltr'><strong>δὲ</strong></span> <span class='ocrx_word' id='word_1_41' title='bbox 1123 507 1479 575; x_wconf 82' lang='grc' dir='ltr'><strong>παρατάξεων</strong></span> <span class='ocrx_word' id='word_1_42' title='bbox 1508 508 1938 576; x_wconf 80' lang='grc' dir='ltr'><strong>συνισταμένων,</strong></span> 
     </span>
    </p>
   </div>
   <div class='ocr_carea' id='block_1_9' title="bbox 2056 504 3608 579">
    <p class='ocr_par' dir='ltr' id='par_1_9' title="bbox 2056 509 3608 579">
     <span class='ocr_line' id='line_1_9' title="bbox 2056 509 3608 579; baseline -0.002 -14"><span class='ocrx_word' id='word_1_43' title='bbox 2056 511 2272 576; x_wconf 77' lang='lat' dir='ltr'><strong>Pontici,</strong></span> <span class='ocrx_word' id='word_1_44' title='bbox 2291 526 2414 567; x_wconf 90' lang='lat' dir='ltr'><strong>cum</strong></span> <span class='ocrx_word' id='word_1_45' title='bbox 2434 509 2576 566; x_wconf 78' lang='lat' dir='ltr'><strong>felici</strong></span> <span class='ocrx_word' id='word_1_46' title='bbox 2592 510 2701 579; x_wconf 83' lang='lat' dir='ltr'><strong>jam</strong></span> <span class='ocrx_word' id='word_1_47' title='bbox 2732 525 2987 567; x_wconf 79' lang='lat' dir='ltr'><strong>successu</strong></span> <span class='ocrx_word' id='word_1_48' title='bbox 3009 525 3101 566; x_wconf 87' lang='lat' dir='ltr'><strong>res</strong></span> <span class='ocrx_word' id='word_1_49' title='bbox 3122 519 3608 570; x_wconf 86' lang='lat' dir='ltr'><strong>cotnmutarentur,</strong></span> 
     </span>
    </p>
   </div>
   <div class='ocr_carea' id='block_1_10' title="bbox 363 593 1943 672">
    <p class='ocr_par' dir='ltr' id='par_1_10' title="bbox 363 593 1943 672">
     <span class='ocr_line' id='line_1_10' title="bbox 363 593 1943 672; baseline 0 -17"><span class='ocrx_word' id='word_1_50' title='bbox 363 604 425 656; x_wconf 75' lang='grc' dir='ltr'><strong>ὲν</strong></span> <span class='ocrx_word' id='word_1_51' title='bbox 449 596 541 665; x_wconf 74' lang='grc' dir='ltr'><strong>αἷς</strong></span> <span class='ocrx_word' id='word_1_52' title='bbox 567 600 630 655; x_wconf 73' lang='grc' dir='ltr'><strong>τὸ</strong></span> <span class='ocrx_word' id='word_1_53' title='bbox 654 600 841 654; x_wconf 79' lang='grc' dir='ltr'><strong>πλεῖον</strong></span> <span class='ocrx_word' id='word_1_54' title='bbox 869 593 1019 671; x_wconf 74' lang='grc' dir='ltr'><strong>εἶχον</strong></span> <span class='ocrx_word' id='word_1_55' title='bbox 1048 600 1100 652; x_wconf 87' lang='grc' dir='ltr'><strong>οἱ</strong></span> <span class='ocrx_word' id='word_1_56' title='bbox 1131 599 1407 661; x_wconf 62' lang='grc' dir='ltr'><strong>Ποντικοί,</strong></span> <span class='ocrx_word' id='word_1_57' title='bbox 1437 602 1532 653; x_wconf 71' lang='grc' dir='ltr'><strong>καὶ</strong></span> <span class='ocrx_word' id='word_1_58' title='bbox 1556 599 1943 672; x_wconf 83' lang='grc' dir='ltr'><strong>συμμεταϐαλ-</strong></span> 
     </span>
    </p>
   </div>
   <div class='ocr_carea' id='block_1_11' title="bbox 361 688 1943 762">
    <p class='ocr_par' dir='ltr' id='par_1_11' title="bbox 361 688 1943 762">
     <span class='ocr_line' id='line_1_11' title="bbox 361 688 1943 762; baseline -0.001 -17"><span class='ocrx_word' id='word_1_59' title='bbox 361 691 611 762; x_wconf 84' lang='grc' dir='ltr'><strong>λομένων</strong></span> <span class='ocrx_word' id='word_1_60' title='bbox 647 689 756 745; x_wconf 86' lang='grc' dir='ltr'><strong>τῶν</strong></span> <span class='ocrx_word' id='word_1_61' title='bbox 789 689 1136 761; x_wconf 82' lang='grc' dir='ltr'><strong>πραγμάτων</strong></span> <span class='ocrx_word' id='word_1_62' title='bbox 1185 690 1300 748; x_wconf 80' lang='grc' dir='ltr'><strong>τοῖς</strong></span> <span class='ocrx_word' id='word_1_63' title='bbox 1333 688 1790 761; x_wconf 73' lang='grc' dir='ltr'><strong>κατορθουμένοις</strong></span> <span class='ocrx_word' id='word_1_64' title='bbox 1807 730 1824 755; x_wconf 92' lang='grc'><strong>,</strong></span> <span class='ocrx_word' id='word_1_65' title='bbox 1857 688 1943 744; x_wconf 73' lang='grc' dir='ltr'><strong>έν-</strong></span> 
     </span>
    </p>
   </div>
   <div class='ocr_carea' id='block_1_12' title="bbox 362 780 1941 855">
    <p class='ocr_par' dir='ltr' id='par_1_12' title="bbox 362 780 1941 855">
     <span class='ocr_line' id='line_1_12' title="bbox 362 780 1941 855; baseline -0.001 -18"><span class='ocrx_word' id='word_1_66' title='bbox 362 783 483 837; x_wconf 85' lang='grc' dir='ltr'><strong>δεια</strong></span> <span class='ocrx_word' id='word_1_67' title='bbox 511 784 626 846; x_wconf 80' lang='grc' dir='ltr'><strong>τοῖς</strong></span> <span class='ocrx_word' id='word_1_68' title='bbox 677 780 978 853; x_wconf 76' lang='grc' dir='ltr'><strong>βασιλικοῖς</strong></span> <span class='ocrx_word' id='word_1_69' title='bbox 1011 782 1114 852; x_wconf 84' lang='grc' dir='ltr'><strong>τῆς</strong></span> <span class='ocrx_word' id='word_1_70' title='bbox 1155 781 1364 850; x_wconf 84' lang='grc' dir='ltr'><strong>διαίτης</strong></span> <span class='ocrx_word' id='word_1_71' title='bbox 1398 781 1620 850; x_wconf 71' lang='grc' dir='ltr'><strong>ἐπέστη,</strong></span> <span class='ocrx_word' id='word_1_72' title='bbox 1668 781 1798 855; x_wconf 77' lang='lat'><strong>[732</strong></span> <span class='ocrx_word' id='word_1_73' title='bbox 1844 780 1941 854; x_wconf 74' lang='lat' dir='ltr'><strong>IL]</strong></span> 
     </span>
    </p>
   </div>
   <div class='ocr_carea' id='block_1_13' title="bbox 363 867 1942 943">
    <p class='ocr_par' dir='ltr' id='par_1_13' title="bbox 363 867 1942 943">
     <span class='ocr_line' id='line_1_13' title="bbox 363 867 1942 943; baseline -0.004 -15"><span class='ocrx_word' id='word_1_74' title='bbox 363 872 595 937; x_wconf 81' lang='grc' dir='ltr'><strong>ἀσώτως</strong></span> <span class='ocrx_word' id='word_1_75' title='bbox 629 889 691 925; x_wconf 90' lang='grc' dir='ltr'><strong>τε</strong></span> <span class='ocrx_word' id='word_1_76' title='bbox 724 871 861 942; x_wconf 75' lang='grc' dir='ltr'><strong>πρὸς</strong></span> <span class='ocrx_word' id='word_1_77' title='bbox 904 870 1109 943; x_wconf 87' lang='grc' dir='ltr'><strong>ταύτην</strong></span> <span class='ocrx_word' id='word_1_78' title='bbox 1138 870 1269 943; x_wconf 76' lang='grc'><strong>[579</strong></span> <span class='ocrx_word' id='word_1_79' title='bbox 1301 867 1394 941; x_wconf 80' lang='lat'><strong>11.]</strong></span> <span class='ocrx_word' id='word_1_80' title='bbox 1440 869 1807 940; x_wconf 80' lang='grc' dir='ltr'><strong>διακειμένοις</strong></span> <span class='ocrx_word' id='word_1_81' title='bbox 1846 869 1942 924; x_wconf 79' lang='grc' dir='ltr'><strong>καὶ</strong></span> 
     </span>
    </p>
   </div>
   <div class='ocr_carea' id='block_1_14' title="bbox 362 967 1940 1041">
    <p class='ocr_par' dir='ltr' id='par_1_14' title="bbox 362 967 1940 1041">
     <span class='ocr_line' id='line_1_14' title="bbox 362 967 1940 1041; baseline -0.001 -18"><span class='ocrx_word' id='word_1_82' title='bbox 362 969 648 1041; x_wconf 83' lang='grc' dir='ltr'><strong>ταμιεύειν</strong></span> <span class='ocrx_word' id='word_1_83' title='bbox 684 968 756 1023; x_wconf 77' lang='grc' dir='ltr'><strong>τὰ</strong></span> <span class='ocrx_word' id='word_1_84' title='bbox 791 969 1062 1041; x_wconf 79' lang='grc' dir='ltr'><strong>κτηθέντα</strong></span> <span class='ocrx_word' id='word_1_85' title='bbox 1089 968 1107 1000; x_wconf 76' lang='grc'><strong><em>⁸</em></strong></span> <span class='ocrx_word' id='word_1_86' title='bbox 1153 968 1228 1039; x_wconf 83' lang='grc' dir='ltr'><strong>μὴ</strong></span> <span class='ocrx_word' id='word_1_87' title='bbox 1261 968 1669 1040; x_wconf 72' lang='grc' dir='ltr'><strong>ἐπισταμένοις.</strong></span> <span class='ocrx_word' id='word_1_88' title='bbox 1706 968 1819 1024; x_wconf 77' lang='grc' dir='ltr'><strong>Καὶ</strong></span> <span class='ocrx_word' id='word_1_89' title='bbox 1858 967 1940 1031; x_wconf 88' lang='grc' dir='ltr'><strong>είς</strong></span> 
     </span>
    </p>
   </div>
   <div class='ocr_carea' id='block_1_15' title="bbox 366 1059 1943 1134">
    <p class='ocr_par' dir='ltr' id='par_1_15' title="bbox 366 1059 1943 1134">
     <span class='ocr_line' id='line_1_15' title="bbox 366 1059 1943 1134; baseline -0.001 -20"><span class='ocrx_word' id='word_1_90' title='bbox 366 1061 665 1132; x_wconf 81' lang='grc' dir='ltr'><strong>συμφορῶν</strong></span> <span class='ocrx_word' id='word_1_91' title='bbox 697 1061 762 1115; x_wconf 81' lang='grc' dir='ltr'><strong>ἂν</strong></span> <span class='ocrx_word' id='word_1_92' title='bbox 790 1059 1049 1126; x_wconf 78' lang='grc' dir='ltr'><strong>ἐξέπεσον</strong></span> <span class='ocrx_word' id='word_1_93' title='bbox 1070 1060 1172 1129; x_wconf 79' lang='grc' dir='ltr'><strong>τὴν</strong></span> <span class='ocrx_word' id='word_1_94' title='bbox 1200 1062 1457 1134; x_wconf 72' lang='grc' dir='ltr'><strong>ἐσχάτην,</strong></span> <span class='ocrx_word' id='word_1_95' title='bbox 1490 1064 1539 1116; x_wconf 87' lang='grc' dir='ltr'><strong>εί</strong></span> <span class='ocrx_word' id='word_1_96' title='bbox 1570 1060 1646 1133; x_wconf 83' lang='grc' dir='ltr'><strong>μὴ</strong></span> <span class='ocrx_word' id='word_1_97' title='bbox 1674 1059 1943 1131; x_wconf 83' lang='grc' dir='ltr'><strong>Ταξίλλης</strong></span> 
     </span>
    </p>
   </div>
   <div class='ocr_carea' id='block_1_16' title="bbox 377 1136 1942 1224">
    <p class='ocr_par' dir='ltr' id='par_1_16' title="bbox 377 1136 1942 1224">
     <span class='ocr_line' id='line_1_16' title="bbox 377 1136 1942 1224; baseline -0.003 -17"><span class='ocrx_word' id='word_1_98' title='bbox 377 1151 705 1224; x_wconf 81' lang='grc' dir='ltr'><strong>’Δμφίπολιν</strong></span> <span class='ocrx_word' id='word_1_99' title='bbox 762 1150 931 1215; x_wconf 79' lang='grc' dir='ltr'><strong>ἐλὼν,</strong></span> <span class='ocrx_word' id='word_1_100' title='bbox 973 1150 1068 1205; x_wconf 78' lang='grc' dir='ltr'><strong>καὶ</strong></span> <span class='ocrx_word' id='word_1_101' title='bbox 1097 1150 1189 1205; x_wconf 87' lang='grc' dir='ltr'><strong>διά</strong></span> <span class='ocrx_word' id='word_1_102' title='bbox 1235 1152 1409 1206; x_wconf 81' lang='grc' dir='ltr'><strong>ταῦτα</strong></span> <span class='ocrx_word' id='word_1_103' title='bbox 1457 1153 1559 1223; x_wconf 84' lang='grc' dir='ltr'><strong>τῆς</strong></span> <span class='ocrx_word' id='word_1_104' title='bbox 1603 1136 1942 1215; x_wconf 69' lang='grc' dir='ltr'><strong>Μακεδονίας</strong></span> 
     </span>
    </p>
   </div>
   <div class='ocr_carea' id='block_1_17' title="bbox 364 1242 1944 1317">
    <p class='ocr_par' dir='ltr' id='par_1_17' title="bbox 364 1242 1944 1317">
     <span class='ocr_line' id='line_1_17' title="bbox 364 1242 1944 1317; baseline -0.002 -18"><span class='ocrx_word' id='word_1_105' title='bbox 364 1246 507 1317; x_wconf 75' lang='grc' dir='ltr'><strong>πρὸς</strong></span> <span class='ocrx_word' id='word_1_106' title='bbox 566 1245 728 1298; x_wconf 77' lang='grc' dir='ltr'><strong>αὑτὸν</strong></span> <span class='ocrx_word' id='word_1_107' title='bbox 781 1243 1255 1316; x_wconf 72' lang='grc' dir='ltr'><strong>μεταϐαλομένης,</strong></span> <span class='ocrx_word' id='word_1_108' title='bbox 1286 1244 1496 1299; x_wconf 70' lang='grc' dir='ltr'><strong>ἐκεῖθεν</strong></span> <span class='ocrx_word' id='word_1_109' title='bbox 1542 1246 1642 1314; x_wconf 84' lang='grc' dir='ltr'><strong>τὴν</strong></span> <span class='ocrx_word' id='word_1_110' title='bbox 1681 1242 1944 1314; x_wconf 77' lang='grc' dir='ltr'><strong>ἀφθονίαν</strong></span> 
     </span>
    </p>
   </div>
   <div class='ocr_carea' id='block_1_18' title="bbox 366 1328 1946 1408">
    <p class='ocr_par' dir='ltr' id='par_1_18' title="bbox 366 1328 1946 1408">
     <span class='ocr_line' id='line_1_18' title="bbox 366 1328 1946 1408; baseline -0.002 -20"><span class='ocrx_word' id='word_1_111' title='bbox 366 1335 676 1408; x_wconf 69' lang='grc' dir='ltr'><strong>ἐχορήγησε</strong></span> <span class='ocrx_word' id='word_1_112' title='bbox 704 1334 814 1388; x_wconf 83' lang='grc' dir='ltr'><strong>τῶν</strong></span> <span class='ocrx_word' id='word_1_113' title='bbox 843 1333 1186 1404; x_wconf 76' lang='grc' dir='ltr'><strong>ἐπιτηδείων.</strong></span> <span class='ocrx_word' id='word_1_114' title='bbox 1228 1328 1396 1398; x_wconf 75' lang='grc' dir='ltr'><strong>Οὗτος</strong></span> <span class='ocrx_word' id='word_1_115' title='bbox 1430 1334 1489 1387; x_wconf 80' lang='grc' dir='ltr'><strong>δὲ</strong></span> <span class='ocrx_word' id='word_1_116' title='bbox 1520 1333 1617 1387; x_wconf 76' lang='grc' dir='ltr'><strong>καὶ</strong></span> <span class='ocrx_word' id='word_1_117' title='bbox 1655 1332 1946 1404; x_wconf 82' lang='grc' dir='ltr'><strong>Ἀρχέλαος</strong></span> 
     </span>
    </p>
   </div>
   <div class='ocr_carea' id='block_1_19' title="bbox 369 1422 1948 1500">
    <p class='ocr_par' dir='ltr' id='par_1_19' title="bbox 369 1422 1948 1500">
     <span class='ocr_line' id='line_1_19' title="bbox 369 1422 1948 1500; baseline -0.003 -17"><span class='ocrx_word' id='word_1_118' title='bbox 369 1426 741 1500; x_wconf 77' lang='grc' dir='ltr'><strong>συμμίξαντες</strong></span> <span class='ocrx_word' id='word_1_119' title='bbox 759 1426 830 1481; x_wconf 80' lang='grc' dir='ltr'><strong>τὰ</strong></span> <span class='ocrx_word' id='word_1_120' title='bbox 853 1426 1278 1499; x_wconf 83' lang='grc' dir='ltr'><strong>στρατεύματα³</strong></span> <span class='ocrx_word' id='word_1_121' title='bbox 1309 1426 1449 1496; x_wconf 82' lang='grc' dir='ltr'><strong>ὑπὲρ</strong></span> <span class='ocrx_word' id='word_1_122' title='bbox 1474 1423 1572 1487; x_wconf 81' lang='grc' dir='ltr'><strong>τὰς</strong></span> <span class='ocrx_word' id='word_1_123' title='bbox 1589 1422 1652 1489; x_wconf 77' lang='grc' dir='ltr'>ἒξ</span> <span class='ocrx_word' id='word_1_124' title='bbox 1677 1425 1948 1497; x_wconf 84' lang='grc' dir='ltr'><strong>μυριάδας</strong></span> 
     </span>
    </p>
   </div>
   <div class='ocr_carea' id='block_1_20' title="bbox 366 1515 1946 1592">
    <p class='ocr_par' dir='ltr' id='par_1_20' title="bbox 366 1515 1946 1592">
     <span class='ocr_line' id='line_1_20' title="bbox 366 1515 1946 1592; baseline -0.002 -17"><span class='ocrx_word' id='word_1_125' title='bbox 366 1520 431 1574; x_wconf 72' lang='grc' dir='ltr'><strong>τὺ</strong></span> <span class='ocrx_word' id='word_1_126' title='bbox 480 1519 727 1592; x_wconf 78' lang='grc' dir='ltr'><strong>πλῆθος³</strong></span> <span class='ocrx_word' id='word_1_127' title='bbox 762 1515 917 1591; x_wconf 72' lang='grc' dir='ltr'><strong>ἦγον.</strong></span> <span class='ocrx_word' id='word_1_128' title='bbox 967 1518 1077 1574; x_wconf 79' lang='grc' dir='ltr'><strong>Καὶ</strong></span> <span class='ocrx_word' id='word_1_129' title='bbox 1123 1516 1637 1587; x_wconf 81' lang='grc' dir='ltr'><strong>στρατοπεδεύονται</strong></span> <span class='ocrx_word' id='word_1_130' title='bbox 1676 1519 1818 1573; x_wconf 88' lang='grc' dir='ltr'><strong>κατά</strong></span> <span class='ocrx_word' id='word_1_131' title='bbox 1844 1517 1946 1589; x_wconf 82' lang='grc' dir='ltr'><strong>τὴν</strong></span> 
     </span>
    </p>
   </div>
   <div class='ocr_carea' id='block_1_21' title="bbox 368 1593 1947 1684">
    <p class='ocr_par' dir='ltr' id='par_1_21' title="bbox 368 1593 1947 1684">
     <span class='ocr_line' id='line_1_21' title="bbox 368 1593 1947 1684; baseline -0.003 -17"><span class='ocrx_word' id='word_1_132' title='bbox 368 1612 587 1667; x_wconf 76' lang='grc' dir='ltr'><strong>Φωκίδα</strong></span> <span class='ocrx_word' id='word_1_133' title='bbox 616 1611 800 1684; x_wconf 81' lang='grc' dir='ltr'><strong>χώραν</strong></span> <span class='ocrx_word' id='word_1_134' title='bbox 818 1653 834 1674; x_wconf 85' lang='grc'><strong>,</strong></span> <span class='ocrx_word' id='word_1_135' title='bbox 867 1609 1294 1674; x_wconf 78' lang='grc' dir='ltr'><strong>ὑπαντιάσαντες</strong></span> <span class='ocrx_word' id='word_1_136' title='bbox 1319 1608 1400 1678; x_wconf 84' lang='grc' dir='ltr'><strong>τῷ</strong></span> <span class='ocrx_word' id='word_1_137' title='bbox 1429 1607 1628 1678; x_wconf 79' lang='grc' dir='ltr'><strong>Σύλλᾳ.</strong></span> <span class='ocrx_word' id='word_1_138' title='bbox 1672 1593 1730 1661; x_wconf 79' lang='grc'>’0</span> <span class='ocrx_word' id='word_1_139' title='bbox 1763 1608 1820 1662; x_wconf 82' lang='grc' dir='ltr'><strong>δὲ</strong></span> <span class='ocrx_word' id='word_1_140' title='bbox 1849 1609 1947 1663; x_wconf 76' lang='grc' dir='ltr'><strong>καὶ</strong></span> 
     </span>
    </p>
   </div>
   <div class='ocr_carea' id='block_1_22' title="bbox 2041 600 3610 673">
    <p class='ocr_par' dir='ltr' id='par_1_22' title="bbox 2041 600 3610 673">
     <span class='ocr_line' id='line_1_22' title="bbox 2041 600 3610 673; baseline -0.003 -15"><span class='ocrx_word' id='word_1_141' title='bbox 2041 603 2315 658; x_wconf 70' lang='lat' dir='ltr'><strong>alimonia:</strong></span> <span class='ocrx_word' id='word_1_142' title='bbox 2346 602 2526 672; x_wconf 83' lang='lat' dir='ltr'><strong>inopia</strong></span> <span class='ocrx_word' id='word_1_143' title='bbox 2555 602 2719 673; x_wconf 85' lang='lat' dir='ltr'><strong>regiis</strong></span> <span class='ocrx_word' id='word_1_144' title='bbox 2740 602 3005 670; x_wconf 74' lang='lat' dir='ltr'><strong>incubuit,</strong></span> <span class='ocrx_word' id='word_1_145' title='bbox 3041 602 3184 671; x_wconf 88' lang='lat' dir='ltr'><strong>quod</strong></span> <span class='ocrx_word' id='word_1_146' title='bbox 3209 602 3434 670; x_wconf 81' lang='lat' dir='ltr'><strong>prodige</strong></span> <span class='ocrx_word' id='word_1_147' title='bbox 3462 600 3610 655; x_wconf 89' lang='lat' dir='ltr'><strong>victu</strong></span> 
     </span>
    </p>
   </div>
   <div class='ocr_carea' id='block_1_23' title="bbox 2045 691 3609 762">
    <p class='ocr_par' dir='ltr' id='par_1_23' title="bbox 2045 691 3609 762">
     <span class='ocr_line' id='line_1_23' title="bbox 2045 691 3609 762; baseline -0.003 -13"><span class='ocrx_word' id='word_1_148' title='bbox 2045 695 2424 760; x_wconf 74' lang='lat' dir='ltr'><strong>abuterentur,</strong></span> <span class='ocrx_word' id='word_1_149' title='bbox 2444 703 2500 749; x_wconf 91' lang='lat' dir='ltr'><strong>et</strong></span> <span class='ocrx_word' id='word_1_150' title='bbox 2525 692 2791 761; x_wconf 88' lang='lat' dir='ltr'><strong>acquisita</strong></span> <span class='ocrx_word' id='word_1_151' title='bbox 2815 700 2962 748; x_wconf 90' lang='lat' dir='ltr'><strong>recte</strong></span> <span class='ocrx_word' id='word_1_152' title='bbox 2983 692 3298 762; x_wconf 87' lang='lat' dir='ltr'><strong>dispensare</strong></span> <span class='ocrx_word' id='word_1_153' title='bbox 3313 691 3609 748; x_wconf 88' lang='lat' dir='ltr'><strong>nescirent.</strong></span> 
     </span>
    </p>
   </div>
   <div class='ocr_carea' id='block_1_24' title="bbox 2041 784 3613 849">
    <p class='ocr_par' dir='ltr' id='par_1_24' title="bbox 2041 784 3613 849">
     <span class='ocr_line' id='line_1_24' title="bbox 2041 784 3613 849; baseline -0.001 -9"><span class='ocrx_word' id='word_1_154' title='bbox 2041 784 2111 841; x_wconf 91' lang='lat' dir='ltr'><strong>Et</strong></span> <span class='ocrx_word' id='word_1_155' title='bbox 2140 784 2193 839; x_wconf 92' lang='lat' dir='ltr'><strong>in</strong></span> <span class='ocrx_word' id='word_1_156' title='bbox 2223 793 2520 839; x_wconf 82' lang='lat' dir='ltr'><strong>extremam</strong></span> <span class='ocrx_word' id='word_1_157' title='bbox 2553 784 2842 840; x_wconf 90' lang='lat' dir='ltr'><strong>deventum</strong></span> <span class='ocrx_word' id='word_1_158' title='bbox 2885 795 3032 840; x_wconf 90' lang='lat' dir='ltr'><strong>esset</strong></span> <span class='ocrx_word' id='word_1_159' title='bbox 3062 784 3461 849; x_wconf 83' lang='lat' dir='ltr'><strong>calamitatem,</strong></span> <span class='ocrx_word' id='word_1_160' title='bbox 3509 784 3613 839; x_wconf 86' lang='lat' dir='ltr'><strong>nisi</strong></span> 
     </span>
    </p>
   </div>
   <div class='ocr_carea' id='block_1_25' title="bbox 2043 875 3612 946">
    <p class='ocr_par' dir='ltr' id='par_1_25' title="bbox 2043 875 3612 946">
     <span class='ocr_line' id='line_1_25' title="bbox 2043 875 3612 946; baseline 0.001 -15"><span class='ocrx_word' id='word_1_161' title='bbox 2043 875 2281 943; x_wconf 79' lang='lat' dir='ltr'><strong>Taxiles,</strong></span> <span class='ocrx_word' id='word_1_162' title='bbox 2327 885 2486 944; x_wconf 85' lang='lat' dir='ltr'><strong>capta</strong></span> <span class='ocrx_word' id='word_1_163' title='bbox 2533 875 2865 945; x_wconf 81' lang='lat' dir='ltr'><strong>Amphipoli,</strong></span> <span class='ocrx_word' id='word_1_164' title='bbox 2915 876 3145 946; x_wconf 84' lang='lat' dir='ltr'><strong>ideoque</strong></span> <span class='ocrx_word' id='word_1_165' title='bbox 3188 875 3500 932; x_wconf 80' lang='lat' dir='ltr'><strong>Macedonia</strong></span> <span class='ocrx_word' id='word_1_166' title='bbox 3544 878 3612 932; x_wconf 91' lang='lat' dir='ltr'><strong>ad</strong></span> 
     </span>
    </p>
   </div>
   <div class='ocr_carea' id='block_1_26' title="bbox 2042 967 3613 1038">
    <p class='ocr_par' dir='ltr' id='par_1_26' title="bbox 2042 967 3613 1038">
     <span class='ocr_line' id='line_1_26' title="bbox 2042 967 3613 1038; baseline 0 -15"><span class='ocrx_word' id='word_1_167' title='bbox 2042 967 2218 1038; x_wconf 84' lang='lat' dir='ltr'><strong>ipsum</strong></span> <span class='ocrx_word' id='word_1_168' title='bbox 2277 967 2582 1033; x_wconf 88' lang='lat' dir='ltr'><strong>deﬁciente,</strong></span> <span class='ocrx_word' id='word_1_169' title='bbox 2656 967 2861 1036; x_wconf 78' lang='lat' dir='ltr'><strong>largam</strong></span> <span class='ocrx_word' id='word_1_170' title='bbox 2919 969 3248 1024; x_wconf 77' lang='lat' dir='ltr'><strong>cibariorum</strong></span> <span class='ocrx_word' id='word_1_171' title='bbox 3303 968 3613 1024; x_wconf 83' lang='lat' dir='ltr'><strong>facultatem</strong></span> 
     </span>
    </p>
   </div>
   <div class='ocr_carea' id='block_1_27' title="bbox 2043 1057 3616 1128">
    <p class='ocr_par' dir='ltr' id='par_1_27' title="bbox 2043 1057 3616 1128">
     <span class='ocr_line' id='line_1_27' title="bbox 2043 1057 3616 1128; baseline 0.003 -14"><span class='ocrx_word' id='word_1_172' title='bbox 2043 1061 2168 1116; x_wconf 92' lang='lat' dir='ltr'><strong>inde</strong></span> <span class='ocrx_word' id='word_1_173' title='bbox 2198 1061 2691 1118; x_wconf 87' lang='lat' dir='ltr'><strong>subministrasset.</strong></span> <span class='ocrx_word' id='word_1_174' title='bbox 2732 1061 2831 1116; x_wconf 89' lang='lat' dir='ltr'><strong>llic</strong></span> <span class='ocrx_word' id='word_1_175' title='bbox 2867 1071 2922 1116; x_wconf 88' lang='lat' dir='ltr'><strong>et</strong></span> <span class='ocrx_word' id='word_1_176' title='bbox 2953 1062 3277 1128; x_wconf 81' lang='lat' dir='ltr'><strong>Archelaus,</strong></span> <span class='ocrx_word' id='word_1_177' title='bbox 3314 1057 3616 1118; x_wconf 76' lang='lat' dir='ltr'><strong>comrt&#39;tistis</strong></span> 
     </span>
    </p>
   </div>
   <div class='ocr_carea' id='block_1_28' title="bbox 2044 1151 3617 1225">
    <p class='ocr_par' dir='ltr' id='par_1_28' title="bbox 2044 1151 3617 1225">
     <span class='ocr_line' id='line_1_28' title="bbox 2044 1151 3617 1225; baseline 0.003 -20"><span class='ocrx_word' id='word_1_178' title='bbox 2044 1153 2371 1222; x_wconf 75' lang='lat' dir='ltr'><strong>agminibus,</strong></span> <span class='ocrx_word' id='word_1_179' title='bbox 2423 1152 2544 1223; x_wconf 88' lang='lat' dir='ltr'><strong>plus</strong></span> <span class='ocrx_word' id='word_1_180' title='bbox 2581 1156 2753 1223; x_wconf 86' lang='lat' dir='ltr'><strong>quam</strong></span> <span class='ocrx_word' id='word_1_181' title='bbox 2775 1151 2951 1210; x_wconf 88' lang='lat'><strong>60000</strong></span> <span class='ocrx_word' id='word_1_182' title='bbox 2999 1153 3275 1209; x_wconf 83' lang='lat' dir='ltr'><strong>hominum</strong></span> <span class='ocrx_word' id='word_1_183' title='bbox 3318 1155 3417 1209; x_wconf 86' lang='lat' dir='ltr'><strong>sub</strong></span> <span class='ocrx_word' id='word_1_184' title='bbox 3448 1155 3617 1225; x_wconf 79' lang='lat' dir='ltr'><strong>signis</strong></span> 
     </span>
    </p>
   </div>
   <div class='ocr_carea' id='block_1_29' title="bbox 2043 1243 3619 1317">
    <p class='ocr_par' dir='ltr' id='par_1_29' title="bbox 2043 1243 3619 1317">
     <span class='ocr_line' id='line_1_29' title="bbox 2043 1243 3619 1317; baseline 0.001 -18"><span class='ocrx_word' id='word_1_185' title='bbox 2043 1243 2335 1310; x_wconf 88' lang='lat' dir='ltr'><strong>ducebant,</strong></span> <span class='ocrx_word' id='word_1_186' title='bbox 2362 1253 2418 1299; x_wconf 90' lang='lat' dir='ltr'><strong>et</strong></span> <span class='ocrx_word' id='word_1_187' title='bbox 2449 1245 2727 1300; x_wconf 89' lang='lat' dir='ltr'><strong>occursuri</strong></span> <span class='ocrx_word' id='word_1_188' title='bbox 2762 1245 2925 1317; x_wconf 63' lang='lat' dir='ltr'><strong>Sylla:</strong></span> <span class='ocrx_word' id='word_1_189' title='bbox 2970 1245 3023 1301; x_wconf 91' lang='lat' dir='ltr'><strong>in</strong></span> <span class='ocrx_word' id='word_1_190' title='bbox 3056 1244 3292 1301; x_wconf 82' lang='lat' dir='ltr'><strong>Phocide</strong></span> <span class='ocrx_word' id='word_1_191' title='bbox 3345 1245 3619 1300; x_wconf 83' lang='lat' dir='ltr'><strong>habebant</strong></span> 
     </span>
    </p>
   </div>
   <div class='ocr_carea' id='block_1_30' title="bbox 2045 1334 3618 1408">
    <p class='ocr_par' dir='ltr' id='par_1_30' title="bbox 2045 1334 3618 1408">
     <span class='ocr_line' id='line_1_30' title="bbox 2045 1334 3618 1408; baseline 0.001 -18"><span class='ocrx_word' id='word_1_192' title='bbox 2045 1336 2264 1390; x_wconf 83' lang='lat' dir='ltr'><strong>stativa.</strong></span> <span class='ocrx_word' id='word_1_193' title='bbox 2301 1334 2392 1391; x_wconf 91' lang='lat' dir='ltr'><strong>Ille</strong></span> <span class='ocrx_word' id='word_1_194' title='bbox 2410 1349 2560 1402; x_wconf 85' lang='lat' dir='ltr'><strong>vero,</strong></span> <span class='ocrx_word' id='word_1_195' title='bbox 2596 1334 2659 1390; x_wconf 89' lang='lat' dir='ltr'><strong>L.</strong></span> <span class='ocrx_word' id='word_1_196' title='bbox 2697 1335 2989 1393; x_wconf 81' lang='lat' dir='ltr'><strong>Hortensio</strong></span> <span class='ocrx_word' id='word_1_197' title='bbox 3017 1345 3318 1407; x_wconf 90' lang='lat' dir='ltr'><strong>assumpto,</strong></span> <span class='ocrx_word' id='word_1_198' title='bbox 3353 1337 3444 1408; x_wconf 91' lang='lat' dir='ltr'><strong>qni</strong></span> <span class='ocrx_word' id='word_1_199' title='bbox 3475 1336 3618 1392; x_wconf 86' lang='lat'><strong>6000</strong></span> 
     </span>
    </p>
   </div>
   <div class='ocr_carea' id='block_1_31' title="bbox 2044 1424 3621 1498">
    <p class='ocr_par' dir='ltr' id='par_1_31' title="bbox 2044 1424 3621 1498">
     <span class='ocr_line' id='line_1_31' title="bbox 2044 1424 3621 1498; baseline 0.001 -18"><span class='ocrx_word' id='word_1_200' title='bbox 2044 1441 2110 1480; x_wconf 80' lang='lat' dir='ltr'><strong>ex</strong></span> <span class='ocrx_word' id='word_1_201' title='bbox 2146 1424 2293 1480; x_wconf 87' lang='lat' dir='ltr'><strong>Italia</strong></span> <span class='ocrx_word' id='word_1_202' title='bbox 2337 1425 2664 1493; x_wconf 78' lang='lat' dir='ltr'><strong>adduxerat,</strong></span> <span class='ocrx_word' id='word_1_203' title='bbox 2702 1427 2839 1483; x_wconf 82' lang='lat' dir='ltr'><strong>satis</strong></span> <span class='ocrx_word' id='word_1_204' title='bbox 2869 1427 3086 1498; x_wconf 90' lang='lat' dir='ltr'><strong>longum</strong></span> <span class='ocrx_word' id='word_1_205' title='bbox 3137 1427 3191 1482; x_wconf 93' lang='lat' dir='ltr'><strong>in</strong></span> <span class='ocrx_word' id='word_1_206' title='bbox 3229 1429 3409 1484; x_wconf 87' lang='lat' dir='ltr'><strong>medio</strong></span> <span class='ocrx_word' id='word_1_207' title='bbox 3450 1429 3621 1484; x_wconf 89' lang='lat' dir='ltr'><strong>inter-</strong></span> 
     </span>
    </p>
   </div>
   <div class='ocr_carea' id='block_1_32' title="bbox 2049 1518 3624 1592">
    <p class='ocr_par' dir='ltr' id='par_1_32' title="bbox 2049 1518 3624 1592">
     <span class='ocr_line' id='line_1_32' title="bbox 2049 1518 3624 1592; baseline 0.004 -24"><span class='ocrx_word' id='word_1_208' title='bbox 2049 1518 2247 1573; x_wconf 81' lang='lat' dir='ltr'><strong>vallum</strong></span> <span class='ocrx_word' id='word_1_209' title='bbox 2282 1518 2619 1588; x_wconf 88' lang='lat' dir='ltr'><strong>reiinquens,</strong></span> <span class='ocrx_word' id='word_1_210' title='bbox 2637 1529 2818 1575; x_wconf 87' lang='lat' dir='ltr'><strong>castra</strong></span> <span class='ocrx_word' id='word_1_211' title='bbox 2840 1521 3011 1592; x_wconf 90' lang='lat' dir='ltr'><strong>ponit.</strong></span> <span class='ocrx_word' id='word_1_212' title='bbox 3034 1521 3284 1577; x_wconf 85' lang='lat' dir='ltr'><strong>Archelai</strong></span> <span class='ocrx_word' id='word_1_213' title='bbox 3315 1532 3496 1576; x_wconf 88' lang='lat' dir='ltr'><strong>autem</strong></span> <span class='ocrx_word' id='word_1_214' title='bbox 3523 1522 3624 1576; x_wconf 76' lang='lat' dir='ltr'><strong>mi~</strong></span> 
     </span>
    </p>
   </div>
   <div class='ocr_carea' id='block_1_33' title="bbox 2048 1610 3623 1691">
    <p class='ocr_par' dir='ltr' id='par_1_33' title="bbox 2048 1610 3623 1691">
     <span class='ocr_line' id='line_1_33' title="bbox 2048 1610 3623 1691; baseline 0.001 -26"><span class='ocrx_word' id='word_1_215' title='bbox 2048 1610 2234 1691; x_wconf 76' lang='lat' dir='ltr'><strong>litibus</strong></span> <span class='ocrx_word' id='word_1_216' title='bbox 2290 1612 2651 1680; x_wconf 87' lang='lat' dir='ltr'><strong>incomposite</strong></span> <span class='ocrx_word' id='word_1_217' title='bbox 2694 1612 2760 1668; x_wconf 87' lang='lat' dir='ltr'><strong>ad</strong></span> <span class='ocrx_word' id='word_1_218' title='bbox 2826 1613 3263 1669; x_wconf 84' lang='lat' dir='ltr'><strong>frutnentandurn</strong></span> <span class='ocrx_word' id='word_1_219' title='bbox 3322 1616 3623 1676; x_wconf 84' lang='lat' dir='ltr'><strong>conversis.</strong></span> 
     </span>
    </p>
   </div>
   <div class='ocr_carea' id='block_1_34' title="bbox 369 1693 1952 1775">
    <p class='ocr_par' dir='ltr' id='par_1_34' title="bbox 369 1695 1938 1772">
     <span class='ocr_line' id='line_1_34' title="bbox 369 1695 1938 1772; baseline -0.003 -17"><span class='ocrx_word' id='word_1_220' title='bbox 369 1700 608 1755; x_wconf 82' lang='grc' dir='ltr'><strong>Λούκιον</strong></span> <span class='ocrx_word' id='word_1_221' title='bbox 640 1700 958 1772; x_wconf 89' lang='grc' dir='ltr'><strong>Ὀρτήνσιον</strong></span> <span class='ocrx_word' id='word_1_222' title='bbox 983 1700 1006 1729; x_wconf 74' lang='grc'>⁸</span> <span class='ocrx_word' id='word_1_223' title='bbox 1040 1697 1184 1769; x_wconf 79' lang='grc' dir='ltr'><strong>ὑπὲρ</strong></span> <span class='ocrx_word' id='word_1_224' title='bbox 1218 1697 1319 1761; x_wconf 79' lang='grc' dir='ltr'><strong>τὰς</strong></span> <span class='ocrx_word' id='word_1_225' title='bbox 1341 1695 1403 1762; x_wconf 76' lang='grc' dir='ltr'>ἓξ</span> <span class='ocrx_word' id='word_1_226' title='bbox 1425 1695 1671 1768; x_wconf 84' lang='grc' dir='ltr'><strong>χιλιάδας</strong></span> <span class='ocrx_word' id='word_1_227' title='bbox 1689 1696 1710 1728; x_wconf 85' lang='grc'><strong><em>⁵</em></strong></span> <span class='ocrx_word' id='word_1_228' title='bbox 1733 1698 1938 1764; x_wconf 83' lang='grc' dir='ltr'><strong>ἄγοντα</strong></span> 
     </span>
    </p>
   </div>
   <div class='ocr_carea' id='block_1_35' title="bbox 2056 1693 3627 1775">
    <p class='ocr_par' dir='ltr' id='par_1_35' title="bbox 2056 1693 3627 1775">
     <span class='ocr_line' id='line_1_35' title="bbox 2056 1693 3627 1775; baseline 0.003 -21"><span class='ocrx_word' id='word_1_229' title='bbox 2056 1700 2343 1770; x_wconf 89' lang='lat' dir='ltr'><strong>improviso</strong></span> <span class='ocrx_word' id='word_1_230' title='bbox 2370 1693 2592 1757; x_wconf 76' lang='lat' dir='ltr'><strong>adortus</strong></span> <span class='ocrx_word' id='word_1_231' title='bbox 2617 1711 2818 1766; x_wconf 89' lang='lat' dir='ltr'><strong>castra,</strong></span> <span class='ocrx_word' id='word_1_232' title='bbox 2864 1712 3128 1775; x_wconf 87' lang='lat' dir='ltr'><strong>quotquot</strong></span> <span class='ocrx_word' id='word_1_233' title='bbox 3146 1706 3337 1761; x_wconf 87' lang='lat' dir='ltr'><strong>robore</strong></span> <span class='ocrx_word' id='word_1_234' title='bbox 3363 1705 3627 1774; x_wconf 87' lang='lat' dir='ltr'><strong>pollentes</strong></span> 
     </span>
    </p>
   </div>
   <div class='ocr_carea' id='block_1_36' title="bbox 370 1785 1948 1861">
    <p class='ocr_par' dir='ltr' id='par_1_36' title="bbox 370 1785 1948 1861">
     <span class='ocr_line' id='line_1_36' title="bbox 370 1785 1948 1861; baseline -0.002 -16"><span class='ocrx_word' id='word_1_235' title='bbox 370 1791 436 1856; x_wconf 69' lang='grc' dir='ltr'><strong>ἐξ</strong></span> <span class='ocrx_word' id='word_1_236' title='bbox 472 1790 703 1854; x_wconf 88' lang='grc' dir='ltr'><strong>Ἰταλίας</strong></span> <span class='ocrx_word' id='word_1_237' title='bbox 731 1788 1202 1861; x_wconf 82' lang='grc' dir='ltr'><strong>συμπαραλαϐὼν,</strong></span> <span class='ocrx_word' id='word_1_238' title='bbox 1226 1788 1332 1843; x_wconf 75' lang='grc' dir='ltr'><strong>ἀπὸ</strong></span> <span class='ocrx_word' id='word_1_239' title='bbox 1364 1785 1561 1859; x_wconf 79' lang='grc' dir='ltr'><strong>συχνοῦ</strong></span> <span class='ocrx_word' id='word_1_240' title='bbox 1579 1786 1948 1858; x_wconf 88' lang='grc' dir='ltr'><strong>διαστήματος</strong></span> 
     </span>
    </p>
   </div>
   <div class='ocr_carea' id='block_1_37' title="bbox 368 1880 1949 1954">
    <p class='ocr_par' dir='ltr' id='par_1_37' title="bbox 368 1880 1949 1954">
     <span class='ocr_line' id='line_1_37' title="bbox 368 1880 1949 1954; baseline -0.003 -16"><span class='ocrx_word' id='word_1_241' title='bbox 368 1881 983 1954; x_wconf 86' lang='grc' dir='ltr'><strong>ἀντεστρατοπεδεύετο.</strong></span> <span class='ocrx_word' id='word_1_242' title='bbox 1047 1881 1170 1935; x_wconf 77' lang='grc' dir='ltr'><strong>Ἐπῖ⁹</strong></span> <span class='ocrx_word' id='word_1_243' title='bbox 1226 1880 1527 1949; x_wconf 82' lang='grc' dir='ltr'><strong>σιτολογίαν</strong></span> <span class='ocrx_word' id='word_1_244' title='bbox 1585 1880 1643 1934; x_wconf 75' lang='grc' dir='ltr'><strong>δὲ</strong></span> <span class='ocrx_word' id='word_1_245' title='bbox 1686 1880 1839 1951; x_wconf 85' lang='grc' dir='ltr'><strong>παρά</strong></span> <span class='ocrx_word' id='word_1_246' title='bbox 1887 1880 1949 1934; x_wconf 84' lang='grc' dir='ltr'><strong>τὸ</strong></span> 
     </span>
    </p>
   </div>
   <div class='ocr_carea' id='block_1_38' title="bbox 368 1971 1949 2047">
    <p class='ocr_par' dir='ltr' id='par_1_38' title="bbox 368 1971 1949 2047">
     <span class='ocr_line' id='line_1_38' title="bbox 368 1971 1949 2047; baseline -0.003 -19"><span class='ocrx_word' id='word_1_247' title='bbox 368 1977 587 2047; x_wconf 78' lang='grc' dir='ltr'><strong>πρέπον</strong></span> <span class='ocrx_word' id='word_1_248' title='bbox 620 1974 730 2028; x_wconf 83' lang='grc' dir='ltr'><strong>τῶν</strong></span> <span class='ocrx_word' id='word_1_249' title='bbox 760 1973 892 2046; x_wconf 77' lang='grc' dir='ltr'><strong>περὶ</strong></span> <span class='ocrx_word' id='word_1_250' title='bbox 920 1974 1013 2026; x_wconf 83' lang='grc' dir='ltr'><strong>τὸν</strong></span> <span class='ocrx_word' id='word_1_251' title='bbox 1054 1972 1345 2044; x_wconf 82' lang='grc' dir='ltr'><strong>Ἀρχέλαον</strong></span> <span class='ocrx_word' id='word_1_252' title='bbox 1384 1971 1704 2042; x_wconf 83' lang='grc' dir='ltr'><strong>τραπέντων</strong></span> <span class='ocrx_word' id='word_1_253' title='bbox 1723 2010 1739 2037; x_wconf 89' lang='grc'><strong>,</strong></span> <span class='ocrx_word' id='word_1_254' title='bbox 1771 1971 1949 2043; x_wconf 88' lang='grc' dir='ltr'><strong>ἀπρο-</strong></span> 
     </span>
    </p>
   </div>
   <div class='ocr_carea' id='block_1_39' title="bbox 369 2061 1950 2139">
    <p class='ocr_par' dir='ltr' id='par_1_39' title="bbox 369 2061 1950 2139">
     <span class='ocr_line' id='line_1_39' title="bbox 369 2061 1950 2139; baseline -0.003 -20"><span class='ocrx_word' id='word_1_255' title='bbox 369 2064 556 2128; x_wconf 87' lang='grc' dir='ltr'><strong>όπτως</strong></span> <span class='ocrx_word' id='word_1_256' title='bbox 587 2063 791 2139; x_wconf 64' lang='grc' dir='ltr'><strong>Σύλλας</strong></span> <span class='ocrx_word' id='word_1_257' title='bbox 826 2062 1127 2117; x_wconf 77' lang='grc' dir='ltr'><strong>ἐπιτίθεται</strong></span> <span class='ocrx_word' id='word_1_258' title='bbox 1154 2062 1233 2133; x_wconf 86' lang='grc' dir='ltr'><strong>τῷ</strong></span> <span class='ocrx_word' id='word_1_259' title='bbox 1256 2061 1367 2116; x_wconf 84' lang='grc' dir='ltr'><strong>τῶν</strong></span> <span class='ocrx_word' id='word_1_260' title='bbox 1405 2061 1679 2132; x_wconf 90' lang='grc' dir='ltr'><strong>πολεμίων</strong></span> <span class='ocrx_word' id='word_1_261' title='bbox 1720 2077 1950 2133; x_wconf 87' lang='grc' dir='ltr'><strong>στρατο-</strong></span> 
     </span>
    </p>
   </div>
   <div class='ocr_carea' id='block_1_40' title="bbox 368 2139 1945 2227">
    <p class='ocr_par' dir='ltr' id='par_1_40' title="bbox 368 2139 1945 2227">
     <span class='ocr_line' id='line_1_40' title="bbox 368 2139 1945 2227; baseline -0.003 -17"><span class='ocrx_word' id='word_1_262' title='bbox 368 2158 552 2227; x_wconf 83' lang='grc' dir='ltr'><strong>πέδῳ,</strong></span> <span class='ocrx_word' id='word_1_263' title='bbox 583 2155 680 2209; x_wconf 76' lang='grc' dir='ltr'><strong>καί</strong></span> <span class='ocrx_word' id='word_1_264' title='bbox 709 2157 832 2217; x_wconf 75' lang='grc' dir='ltr'><strong>τοὺς</strong></span> <span class='ocrx_word' id='word_1_265' title='bbox 862 2155 964 2225; x_wconf 77' lang='grc' dir='ltr'><strong>μὲν</strong></span> <span class='ocrx_word' id='word_1_266' title='bbox 992 2152 1299 2226; x_wconf 79' lang='grc' dir='ltr'><strong>εὐρώστους</strong></span> <span class='ocrx_word' id='word_1_267' title='bbox 1344 2139 1451 2207; x_wconf 73' lang='grc' dir='ltr'><strong>τών</strong></span> <span class='ocrx_word' id='word_1_268' title='bbox 1477 2153 1715 2207; x_wconf 83' lang='grc' dir='ltr'><strong>ἁλόντων</strong></span> <span class='ocrx_word' id='word_1_269' title='bbox 1744 2151 1945 2206; x_wconf 81' lang='grc' dir='ltr'><strong>αὐτίκα</strong></span> 
     </span>
    </p>
   </div>
   <div class='ocr_carea' id='block_1_41' title="bbox 369 2240 1952 2317">
    <p class='ocr_par' dir='ltr' id='par_1_41' title="bbox 369 2240 1952 2317">
     <span class='ocr_line' id='line_1_41' title="bbox 369 2240 1952 2317; baseline -0.004 -14"><span class='ocrx_word' id='word_1_270' title='bbox 369 2248 598 2313; x_wconf 79' lang='grc' dir='ltr'><strong>κτείνει,</strong></span> <span class='ocrx_word' id='word_1_271' title='bbox 627 2248 686 2314; x_wconf 77' lang='grc' dir='ltr'>ἐξ</span> <span class='ocrx_word' id='word_1_272' title='bbox 713 2241 788 2303; x_wconf 84' lang='grc' dir='ltr'><strong>ὧν</strong></span> <span class='ocrx_word' id='word_1_273' title='bbox 815 2247 872 2301; x_wconf 77' lang='grc' dir='ltr'><strong>δὲ</strong></span> <span class='ocrx_word' id='word_1_274' title='bbox 894 2247 1058 2317; x_wconf 83' lang='grc' dir='ltr'><strong>φόϐον</strong></span> <span class='ocrx_word' id='word_1_275' title='bbox 1088 2246 1385 2309; x_wconf 73' lang='grc' dir='ltr'><strong>ἐπιθέσεως</strong></span> <span class='ocrx_word' id='word_1_276' title='bbox 1420 2245 1522 2299; x_wconf 84' lang='grc' dir='ltr'><strong>οὐκ</strong></span> <span class='ocrx_word' id='word_1_277' title='bbox 1558 2240 1695 2316; x_wconf 75' lang='grc' dir='ltr'><strong>εἷχε,</strong></span> <span class='ocrx_word' id='word_1_278' title='bbox 1728 2243 1952 2309; x_wconf 87' lang='grc' dir='ltr'><strong>τούτους</strong></span> 
     </span>
    </p>
   </div>
   <div class='ocr_carea' id='block_1_42' title="bbox 2053 1792 3627 1865">
    <p class='ocr_par' dir='ltr' id='par_1_42' title="bbox 2053 1792 3627 1865">
     <span class='ocr_line' id='line_1_42' title="bbox 2053 1792 3627 1865; baseline 0.002 -18"><span class='ocrx_word' id='word_1_279' title='bbox 2053 1792 2196 1861; x_wconf 86' lang='lat' dir='ltr'><strong>cepit</strong></span> <span class='ocrx_word' id='word_1_280' title='bbox 2224 1792 2393 1863; x_wconf 80' lang='lat' dir='ltr'><strong>Sylla,</strong></span> <span class='ocrx_word' id='word_1_281' title='bbox 2442 1793 2642 1848; x_wconf 89' lang='lat' dir='ltr'><strong>occidit</strong></span> <span class='ocrx_word' id='word_1_282' title='bbox 2675 1811 2688 1848; x_wconf 91' lang='lat'><strong>:</strong></span> <span class='ocrx_word' id='word_1_283' title='bbox 2720 1809 2750 1849; x_wconf 90' lang='lat' dir='ltr'><strong>a</strong></span> <span class='ocrx_word' id='word_1_284' title='bbox 2793 1794 2994 1865; x_wconf 88' lang='lat' dir='ltr'><strong>quibus</strong></span> <span class='ocrx_word' id='word_1_285' title='bbox 3027 1806 3207 1851; x_wconf 88' lang='lat' dir='ltr'><strong>autem</strong></span> <span class='ocrx_word' id='word_1_286' title='bbox 3251 1796 3430 1852; x_wconf 89' lang='lat' dir='ltr'><strong>nullus</strong></span> <span class='ocrx_word' id='word_1_287' title='bbox 3474 1797 3627 1852; x_wconf 78' lang='lat' dir='ltr'><strong>inva-</strong></span> 
     </span>
    </p>
   </div>
   <div class='ocr_carea' id='block_1_43' title="bbox 2053 1880 3625 1955">
    <p class='ocr_par' dir='ltr' id='par_1_43' title="bbox 2053 1880 3625 1955">
     <span class='ocr_line' id='line_1_43' title="bbox 2053 1880 3625 1955; baseline 0.004 -22"><span class='ocrx_word' id='word_1_288' title='bbox 2053 1880 2214 1934; x_wconf 91' lang='lat' dir='ltr'><strong>dendi</strong></span> <span class='ocrx_word' id='word_1_289' title='bbox 2256 1891 2430 1936; x_wconf 84' lang='lat' dir='ltr'><strong>metus</strong></span> <span class='ocrx_word' id='word_1_290' title='bbox 2461 1892 2602 1944; x_wconf 85' lang='lat' dir='ltr'><strong>erat,</strong></span> <span class='ocrx_word' id='word_1_291' title='bbox 2648 1882 2748 1937; x_wconf 90' lang='lat' dir='ltr'><strong>hos</strong></span> <span class='ocrx_word' id='word_1_292' title='bbox 2780 1883 2901 1939; x_wconf 91' lang='lat' dir='ltr'><strong>loco</strong></span> <span class='ocrx_word' id='word_1_293' title='bbox 2930 1884 3297 1940; x_wconf 85' lang='lat' dir='ltr'><strong>circumdatos</strong></span> <span class='ocrx_word' id='word_1_294' title='bbox 3340 1885 3490 1955; x_wconf 88' lang='lat' dir='ltr'><strong>ignes</strong></span> <span class='ocrx_word' id='word_1_295' title='bbox 3532 1900 3625 1939; x_wconf 82' lang='lat' dir='ltr'><strong>ac-</strong></span> 
     </span>
    </p>
   </div>
   <div class='ocr_carea' id='block_1_44' title="bbox 2052 1970 3630 2046">
    <p class='ocr_par' dir='ltr' id='par_1_44' title="bbox 2052 1970 3630 2046">
     <span class='ocr_line' id='line_1_44' title="bbox 2052 1970 3630 2046; baseline 0.003 -21"><span class='ocrx_word' id='word_1_296' title='bbox 2052 1970 2469 2038; x_wconf 89' lang='lat' dir='ltr'><strong>cenderejubet,</strong></span> <span class='ocrx_word' id='word_1_297' title='bbox 2491 1983 2549 2028; x_wconf 90' lang='lat' dir='ltr'><strong>ut</strong></span> <span class='ocrx_word' id='word_1_298' title='bbox 2571 1991 2599 2027; x_wconf 73' lang='grc' dir='ltr'><strong>ιι</strong></span> <span class='ocrx_word' id='word_1_299' title='bbox 2625 1973 2967 2043; x_wconf 84' lang='lat' dir='ltr'><strong>pabulatione</strong></span> <span class='ocrx_word' id='word_1_300' title='bbox 2991 1983 3327 2031; x_wconf 82' lang='lat' dir='ltr'><strong>revertentes</strong></span> <span class='ocrx_word' id='word_1_301' title='bbox 3351 1976 3630 2046; x_wconf 79' lang='lat' dir='ltr'><strong>opperian-</strong></span> 
     </span>
    </p>
   </div>
   <div class='ocr_carea' id='block_1_45' title="bbox 2059 2062 3633 2138">
    <p class='ocr_par' dir='ltr' id='par_1_45' title="bbox 2059 2062 3633 2138">
     <span class='ocr_line' id='line_1_45' title="bbox 2059 2062 3633 2138; baseline 0.006 -25"><span class='ocrx_word' id='word_1_302' title='bbox 2059 2069 2168 2126; x_wconf 88' lang='lat' dir='ltr'><strong>tur,</strong></span> <span class='ocrx_word' id='word_1_303' title='bbox 2205 2062 2350 2117; x_wconf 85' lang='lat' dir='ltr'><strong>nnlla</strong></span> <span class='ocrx_word' id='word_1_304' title='bbox 2379 2065 2594 2119; x_wconf 78' lang='lat' dir='ltr'><strong>adversi</strong></span> <span class='ocrx_word' id='word_1_305' title='bbox 2624 2080 2785 2121; x_wconf 88' lang='lat' dir='ltr'><strong>casus</strong></span> <span class='ocrx_word' id='word_1_306' title='bbox 2815 2066 3126 2137; x_wconf 85' lang='lat' dir='ltr'><strong>suspicione</strong></span> <span class='ocrx_word' id='word_1_307' title='bbox 3153 2068 3398 2138; x_wconf 68' lang='lat' dir='ltr'><strong>praebita.</strong></span> <span class='ocrx_word' id='word_1_308' title='bbox 3433 2067 3543 2123; x_wconf 70' lang='lat' dir='ltr'><strong>Hoc.</strong></span> <span class='ocrx_word' id='word_1_309' title='bbox 3573 2076 3633 2122; x_wconf 88' lang='lat' dir='ltr'><strong>ut</strong></span> 
     </span>
    </p>
   </div>
   <div class='ocr_carea' id='block_1_46' title="bbox 2053 2153 3632 2228">
    <p class='ocr_par' dir='ltr' id='par_1_46' title="bbox 2053 2153 3632 2228">
     <span class='ocr_line' id='line_1_46' title="bbox 2053 2153 3632 2228; baseline 0.006 -25"><span class='ocrx_word' id='word_1_310' title='bbox 2053 2153 2351 2221; x_wconf 88' lang='lat' dir='ltr'><strong>prudenter</strong></span> <span class='ocrx_word' id='word_1_311' title='bbox 2388 2156 2461 2211; x_wconf 86' lang='lat' dir='ltr'><strong>ab</strong></span> <span class='ocrx_word' id='word_1_312' title='bbox 2504 2157 2834 2224; x_wconf 87' lang='lat' dir='ltr'><strong>imperatore</strong></span> <span class='ocrx_word' id='word_1_313' title='bbox 2889 2160 3163 2228; x_wconf 86' lang='lat' dir='ltr'><strong>provisqu</strong></span> <span class='ocrx_word' id='word_1_314' title='bbox 3205 2171 3347 2227; x_wconf 88' lang='lat' dir='ltr'><strong>erat,</strong></span> <span class='ocrx_word' id='word_1_315' title='bbox 3399 2160 3632 2215; x_wconf 85' lang='lat' dir='ltr'><strong>feliciter</strong></span> 
     </span>
    </p>
   </div>
   <div class='ocr_carea' id='block_1_47' title="bbox 2055 2246 3536 2330">
    <p class='ocr_par' dir='ltr' id='par_1_47' title="bbox 2055 2246 3536 2330">
     <span class='ocr_line' id='line_1_47' title="bbox 2055 2246 3536 2330; baseline 0.009 -31"><span class='ocrx_word' id='word_1_316' title='bbox 2055 2246 2230 2300; x_wconf 81' lang='lat' dir='ltr'><strong>exivit</strong></span> <span class='ocrx_word' id='word_1_317' title='bbox 2265 2265 2281 2300; x_wconf 87' lang='lat'><strong>:</strong></span> <span class='ocrx_word' id='word_1_318' title='bbox 2323 2250 2719 2323; x_wconf 88' lang='lat' dir='ltr'><strong>magniﬁcaque</strong></span> <span class='ocrx_word' id='word_1_319' title='bbox 2743 2252 2969 2312; x_wconf 78' lang='lat' dir='ltr'><strong>victoria</strong></span> <span class='ocrx_word' id='word_1_320' title='bbox 2997 2258 3275 2327; x_wconf 86' lang='lat' dir='ltr'><strong>potiuntur</strong></span> <span class='ocrx_word' id='word_1_321' title='bbox 3308 2256 3536 2330; x_wconf 84' lang='lat' dir='ltr'><strong>Syllani.</strong></span> 
     </span>
    </p>
   </div>
   <div class='ocr_carea' id='block_1_48' title="bbox 370 2338 3634 2424">
    <p class='ocr_par' dir='ltr' id='par_1_48' title="bbox 370 2338 3634 2424">
     <span class='ocr_line' id='line_1_48' title="bbox 370 2338 3634 2424; baseline 0.002 -25"><span class='ocrx_word' id='word_1_322' title='bbox 370 2344 691 2415; x_wconf 74' lang='grc' dir='ltr'><strong>περιίστησι</strong></span> <span class='ocrx_word' id='word_1_323' title='bbox 731 2342 808 2413; x_wconf 80' lang='grc' dir='ltr'><strong>τῷ</strong></span> <span class='ocrx_word' id='word_1_324' title='bbox 842 2341 1026 2415; x_wconf 81' lang='grc' dir='ltr'><strong>χωρίῳ</strong></span> <span class='ocrx_word' id='word_1_325' title='bbox 1054 2341 1151 2395; x_wconf 76' lang='grc' dir='ltr'><strong>καὶ</strong></span> <span class='ocrx_word' id='word_1_326' title='bbox 1187 2341 1340 2412; x_wconf 85' lang='grc' dir='ltr'><strong>πυρά</strong></span> <span class='ocrx_word' id='word_1_327' title='bbox 1372 2339 1586 2395; x_wconf 84' lang='grc' dir='ltr'><strong>κελεύει</strong></span> <span class='ocrx_word' id='word_1_328' title='bbox 1639 2338 1841 2405; x_wconf 84' lang='grc' dir='ltr'><strong>καίειν,</strong></span> <span class='ocrx_word' id='word_1_329' title='bbox 1887 2339 1963 2405; x_wconf 87' lang='grc' dir='ltr'><strong>ὡς</strong></span> <span class='ocrx_word' id='word_1_330' title='bbox 2009 2340 2138 2404; x_wconf 85' lang='grc' dir='ltr'><strong>τοὺς</strong></span> <span class='ocrx_word' id='word_1_331' title='bbox 2182 2341 2291 2396; x_wconf 82' lang='grc' dir='ltr'><strong>ἀπὸ</strong></span> <span class='ocrx_word' id='word_1_332' title='bbox 2368 2345 2469 2416; x_wconf 83' lang='grc' dir='ltr'><strong>τῆς</strong></span> <span class='ocrx_word' id='word_1_333' title='bbox 2532 2348 2839 2418; x_wconf 88' lang='grc' dir='ltr'><strong>σιτολογίας</strong></span> <span class='ocrx_word' id='word_1_334' title='bbox 2897 2351 3325 2423; x_wconf 79' lang='grc' dir='ltr'><strong>ἀφικνουμένους</strong></span> <span class='ocrx_word' id='word_1_335' title='bbox 3395 2352 3634 2424; x_wconf 83' lang='grc' dir='ltr'><strong>δέχοιντο</strong></span> 
     </span>
    </p>
   </div>
   <div class='ocr_carea' id='block_1_49' title="bbox 373 2432 3635 2533">
    <p class='ocr_par' dir='ltr' id='par_1_49' title="bbox 373 2432 3635 2533">
     <span class='ocr_line' id='line_1_49' title="bbox 373 2432 3635 2533; baseline -0.002 -43"><span class='ocrx_word' id='word_1_336' title='bbox 373 2437 649 2509; x_wconf 67' lang='grc' dir='ltr'><strong>μηδεμίαν</strong></span> <span class='ocrx_word' id='word_1_337' title='bbox 695 2436 952 2491; x_wconf 79' lang='grc' dir='ltr'><strong>ὑπόνοιαν</strong></span> <span class='ocrx_word' id='word_1_338' title='bbox 1009 2434 1373 2506; x_wconf 86' lang='grc' dir='ltr'><strong>παρεχόμενοι</strong></span> <span class='ocrx_word' id='word_1_339' title='bbox 1412 2434 1508 2488; x_wconf 81' lang='grc' dir='ltr'><strong>τοῦ</strong></span> <span class='ocrx_word' id='word_1_340' title='bbox 1550 2432 1793 2498; x_wconf 73' lang='grc' dir='ltr'><strong>πάθως’</strong></span> <span class='ocrx_word' id='word_1_341' title='bbox 1853 2433 1948 2488; x_wconf 79' lang='grc' dir='ltr'><strong>καὶ</strong></span> <span class='ocrx_word' id='word_1_342' title='bbox 1994 2433 2198 2507; x_wconf 86' lang='grc' dir='ltr'><strong>συνέϐη</strong></span> <span class='ocrx_word' id='word_1_343' title='bbox 2243 2436 2322 2502; x_wconf 84' lang='grc' dir='ltr'><strong>ὡς</strong></span> <span class='ocrx_word' id='word_1_344' title='bbox 2368 2439 2792 2533; x_wconf 60' lang='grc' dir='ltr'><strong>ἐστρατηγήθη,</strong></span> <span class='ocrx_word' id='word_1_345' title='bbox 2826 2444 2923 2500; x_wconf 72' lang='grc' dir='ltr'><strong>καὶ</strong></span> <span class='ocrx_word' id='word_1_346' title='bbox 2969 2445 3232 2517; x_wconf 76' lang='grc' dir='ltr'><strong>λαμπρὰν</strong></span> <span class='ocrx_word' id='word_1_347' title='bbox 3307 2447 3406 2517; x_wconf 69' lang='grc' dir='ltr'><strong>τὴν</strong></span> <span class='ocrx_word' id='word_1_348' title='bbox 3476 2449 3635 2521; x_wconf 65' lang='grc' dir='ltr'><strong>νίκην</strong></span> 
     </span>
    </p>
   </div>
   <div class='ocr_carea' id='block_1_50' title="bbox 377 2531 1182 2606">
    <p class='ocr_par' dir='ltr' id='par_1_50' title="bbox 377 2531 1182 2606">
     <span class='ocr_line' id='line_1_50' title="bbox 377 2531 1182 2606; baseline -0.002 -18"><span class='ocrx_word' id='word_1_349' title='bbox 377 2535 539 2606; x_wconf 72' lang='grc' dir='ltr'><strong>ἔσχον</strong></span> <span class='ocrx_word' id='word_1_350' title='bbox 575 2535 628 2587; x_wconf 78' lang='lat' dir='ltr'><strong>oi</strong></span> <span class='ocrx_word' id='word_1_351' title='bbox 666 2535 794 2604; x_wconf 72' lang='grc' dir='ltr'><strong>περὶ</strong></span> <span class='ocrx_word' id='word_1_352' title='bbox 828 2532 921 2586; x_wconf 83' lang='grc' dir='ltr'><strong>τὸν</strong></span> <span class='ocrx_word' id='word_1_353' title='bbox 951 2531 1182 2586; x_wconf 85' lang='grc' dir='ltr'><strong>Σύλλαν.</strong></span> 
     </span>
    </p>
   </div>
   <div class='ocr_carea' id='block_1_51' title="bbox 783 2650 3240 2725">
    <p class='ocr_par' dir='ltr' id='par_1_51' title="bbox 783 2650 3240 2725">
     <span class='ocr_line' id='line_1_51' title="bbox 783 2650 3240 2725; baseline 0.004 -16"><span class='ocrx_word' id='word_1_354' title='bbox 783 2656 912 2711; x_wconf 68' lang='lat' dir='ltr'><strong>Car.</strong></span> <span class='ocrx_word' id='word_1_355' title='bbox 946 2652 1165 2709; x_wconf 76' lang='lat' dir='ltr'><strong>XXXV.</strong></span> <span class='ocrx_word' id='word_1_356' title='bbox 1194 2683 1264 2695; x_wconf 92' lang='lat'>—</span> <span class='ocrx_word' id='word_1_357' title='bbox 1296 2651 1659 2707; x_wconf 79' lang='lat' dir='ltr'><strong>Heraclienses</strong></span> <span class='ocrx_word' id='word_1_358' title='bbox 1713 2650 1868 2706; x_wconf 81' lang='lat' dir='ltr'><strong>Chios</strong></span> <span class='ocrx_word' id='word_1_359' title='bbox 1921 2668 1954 2706; x_wconf 88' lang='lat' dir='ltr'><strong>a</strong></span> <span class='ocrx_word' id='word_1_360' title='bbox 1999 2651 2235 2725; x_wconf 77' lang='lat' dir='ltr'><strong>Dorylao</strong></span> <span class='ocrx_word' id='word_1_361' title='bbox 2279 2654 2334 2709; x_wconf 79' lang='lat' dir='ltr'><strong>in</strong></span> <span class='ocrx_word' id='word_1_362' title='bbox 2362 2657 2656 2713; x_wconf 71' lang='lat' dir='ltr'><strong>servitutem</strong></span> <span class='ocrx_word' id='word_1_363' title='bbox 2682 2661 2921 2715; x_wconf 79' lang='lat' dir='ltr'><strong>redactos</strong></span> <span class='ocrx_word' id='word_1_364' title='bbox 2953 2660 3240 2718; x_wconf 74' lang='lat' dir='ltr'><strong>vindicant.</strong></span> 
     </span>
    </p>
   </div>
   <div class='ocr_carea' id='block_1_52' title="bbox 448 2745 1962 2819">
    <p class='ocr_par' dir='ltr' id='par_1_52' title="bbox 448 2745 1962 2819">
     <span class='ocr_line' id='line_1_52' title="bbox 448 2745 1962 2819; baseline -0.004 -13"><span class='ocrx_word' id='word_1_365' title='bbox 448 2752 618 2814; x_wconf 81' lang='grc' dir='ltr'><strong>Χίους</strong></span> <span class='ocrx_word' id='word_1_366' title='bbox 662 2751 720 2805; x_wconf 75' lang='grc' dir='ltr'><strong>δὲ</strong></span> <span class='ocrx_word' id='word_1_367' title='bbox 766 2750 841 2816; x_wconf 84' lang='grc' dir='ltr'><strong>ὡς</strong></span> <span class='ocrx_word' id='word_1_368' title='bbox 908 2748 1136 2812; x_wconf 82' lang='grc' dir='ltr'><strong>Ῥοδίοις</strong></span> <span class='ocrx_word' id='word_1_369' title='bbox 1187 2748 1657 2819; x_wconf 87' lang='grc' dir='ltr'><strong>συμμαχήσαντας</strong></span> <span class='ocrx_word' id='word_1_370' title='bbox 1708 2745 1962 2801; x_wconf 77' lang='grc' dir='ltr'><strong>αἰτιασά-</strong></span> 
     </span>
    </p>
   </div>
   <div class='ocr_carea' id='block_1_53' title="bbox 382 2838 1962 2917">
    <p class='ocr_par' dir='ltr' id='par_1_53' title="bbox 382 2838 1962 2917">
     <span class='ocr_line' id='line_1_53' title="bbox 382 2838 1962 2917; baseline -0.004 -17"><span class='ocrx_word' id='word_1_371' title='bbox 382 2863 543 2917; x_wconf 85' lang='grc' dir='ltr'><strong>μενος</strong></span> <span class='ocrx_word' id='word_1_372' title='bbox 571 2846 600 2899; x_wconf 85' lang='grc' dir='ltr'><strong>ὀ</strong></span> <span class='ocrx_word' id='word_1_373' title='bbox 622 2841 982 2916; x_wconf 84' lang='grc' dir='ltr'><strong>Μιθριδάτης,</strong></span> <span class='ocrx_word' id='word_1_374' title='bbox 1009 2842 1129 2895; x_wconf 84' lang='grc' dir='ltr'><strong>κατ’</strong></span> <span class='ocrx_word' id='word_1_375' title='bbox 1150 2839 1328 2894; x_wconf 82' lang='grc' dir='ltr'><strong>αὐτῶν</strong></span> <span class='ocrx_word' id='word_1_376' title='bbox 1356 2843 1462 2910; x_wconf 89' lang='grc' dir='ltr'><strong>Δορ</strong></span> <span class='ocrx_word' id='word_1_377' title='bbox 1474 2839 1636 2893; x_wconf 90' lang='grc' dir='ltr'><strong>ύλαον</strong></span> <span class='ocrx_word' id='word_1_378' title='bbox 1658 2838 1962 2908; x_wconf 75' lang='grc' dir='ltr'><strong>ἐκπέμπει,</strong></span> 
     </span>
    </p>
   </div>
   <div class='ocr_carea' id='block_1_54' title="bbox 377 2925 1964 3002">
    <p class='ocr_par' dir='ltr' id='par_1_54' title="bbox 377 2925 1964 3002">
     <span class='ocr_line' id='line_1_54' title="bbox 377 2925 1964 3002; baseline -0.007 -12"><span class='ocrx_word' id='word_1_379' title='bbox 377 2935 462 3000; x_wconf 78' lang='grc' dir='ltr'><strong>ὃς,</strong></span> <span class='ocrx_word' id='word_1_380' title='bbox 499 2936 550 2989; x_wconf 86' lang='grc' dir='ltr'><strong>εἰ</strong></span> <span class='ocrx_word' id='word_1_381' title='bbox 577 2934 674 2988; x_wconf 74' lang='grc' dir='ltr'><strong>καὶ</strong></span> <span class='ocrx_word' id='word_1_382' title='bbox 701 2930 882 3002; x_wconf 87' lang='grc' dir='ltr'><strong>πολλῷ</strong></span> <span class='ocrx_word' id='word_1_383' title='bbox 918 2930 1088 3001; x_wconf 84' lang='grc' dir='ltr'><strong>πόνῳ,</strong></span> <span class='ocrx_word' id='word_1_384' title='bbox 1119 2930 1218 2999; x_wconf 77' lang='grc' dir='ltr'><strong>τὴν</strong></span> <span class='ocrx_word' id='word_1_385' title='bbox 1249 2928 1406 2982; x_wconf 89' lang='grc' dir='ltr'><strong>πόλιν</strong></span> <span class='ocrx_word' id='word_1_386' title='bbox 1440 2927 1696 2998; x_wconf 84' lang='grc' dir='ltr'><strong>κατέσχε,</strong></span> <span class='ocrx_word' id='word_1_387' title='bbox 1728 2926 1825 2981; x_wconf 76' lang='grc' dir='ltr'><strong>καὶ</strong></span> <span class='ocrx_word' id='word_1_388' title='bbox 1862 2925 1964 2997; x_wconf 80' lang='grc' dir='ltr'><strong>τὴν</strong></span> 
     </span>
    </p>
   </div>
   <div class='ocr_carea' id='block_1_55' title="bbox 383 3015 1961 3099">
    <p class='ocr_par' dir='ltr' id='par_1_55' title="bbox 383 3015 1961 3099">
     <span class='ocr_line' id='line_1_55' title="bbox 383 3015 1961 3099; baseline -0.006 -19"><span class='ocrx_word' id='word_1_389' title='bbox 383 3026 485 3099; x_wconf 80' lang='grc' dir='ltr'><strong>μὲν</strong></span> <span class='ocrx_word' id='word_1_390' title='bbox 528 3023 713 3097; x_wconf 87' lang='grc' dir='ltr'><strong>χώραν</strong></span> <span class='ocrx_word' id='word_1_391' title='bbox 740 3022 1033 3093; x_wconf 85' lang='grc' dir='ltr'><strong>κατένειμε</strong></span> <span class='ocrx_word' id='word_1_392' title='bbox 1076 3023 1203 3085; x_wconf 81' lang='grc' dir='ltr'><strong>τοῖς</strong></span> <span class='ocrx_word' id='word_1_393' title='bbox 1228 3020 1530 3084; x_wconf 80' lang='grc' dir='ltr'><strong>Ποντικοῖς,</strong></span> <span class='ocrx_word' id='word_1_394' title='bbox 1574 3017 1700 3081; x_wconf 80' lang='grc' dir='ltr'><strong>τοὺς</strong></span> <span class='ocrx_word' id='word_1_395' title='bbox 1724 3016 1784 3071; x_wconf 67' lang='grc' dir='ltr'><strong>δὲ</strong></span> <span class='ocrx_word' id='word_1_396' title='bbox 1813 3015 1961 3070; x_wconf 85' lang='grc' dir='ltr'><strong>πολί-</strong></span> 
     </span>
    </p>
   </div>
   <div class='ocr_carea' id='block_1_56' title="bbox 377 3107 1965 3183">
    <p class='ocr_par' dir='ltr' id='par_1_56' title="bbox 377 3107 1965 3183">
     <span class='ocr_line' id='line_1_56' title="bbox 377 3107 1965 3183; baseline -0.004 -14"><span class='ocrx_word' id='word_1_397' title='bbox 377 3134 482 3180; x_wconf 86' lang='grc' dir='ltr'><strong>τας</strong></span> <span class='ocrx_word' id='word_1_398' title='bbox 513 3114 719 3176; x_wconf 82' lang='grc' dir='ltr'><strong>πλοίοις</strong></span> <span class='ocrx_word' id='word_1_399' title='bbox 739 3109 998 3183; x_wconf 83' lang='grc' dir='ltr'><strong>ὲμϐαλὼν</strong></span> <span class='ocrx_word' id='word_1_400' title='bbox 1025 3109 1274 3181; x_wconf 80' lang='grc' dir='ltr'><strong>διέφερεν</strong></span> <span class='ocrx_word' id='word_1_401' title='bbox 1292 3110 1384 3162; x_wconf 78' lang='grc' dir='ltr'><strong>ἐπὶ</strong></span> <span class='ocrx_word' id='word_1_402' title='bbox 1411 3108 1501 3162; x_wconf 82' lang='grc' dir='ltr'><strong>τὸν</strong></span> <span class='ocrx_word' id='word_1_403' title='bbox 1527 3109 1746 3163; x_wconf 85' lang='grc' dir='ltr'><strong>Πόντον.</strong></span> <span class='ocrx_word' id='word_1_404' title='bbox 1790 3107 1965 3180; x_wconf 62' lang='grc' dir='ltr'><strong>Ἥρας</strong></span> 
     </span>
    </p>
   </div>
   <div class='ocr_carea' id='block_1_57' title="bbox 380 3193 1961 3271">
    <p class='ocr_par' dir='ltr' id='par_1_57' title="bbox 380 3193 1961 3271">
     <span class='ocr_line' id='line_1_57' title="bbox 380 3193 1961 3271; baseline -0.003 -13"><span class='ocrx_word' id='word_1_405' title='bbox 380 3203 622 3258; x_wconf 86' lang='grc' dir='ltr'><strong>κ).εῶται</strong></span> <span class='ocrx_word' id='word_1_406' title='bbox 653 3201 733 3269; x_wconf 76' lang='grc' dir='ltr'><strong>δὲ,</strong></span> <span class='ocrx_word' id='word_1_407' title='bbox 764 3202 886 3254; x_wconf 74' lang='grc' dir='ltr'><strong>ἐπεὶ</strong></span> <span class='ocrx_word' id='word_1_408' title='bbox 908 3200 1061 3270; x_wconf 89' lang='grc' dir='ltr'><strong>φιλία</strong></span> <span class='ocrx_word' id='word_1_409' title='bbox 1094 3199 1276 3262; x_wconf 74' lang='grc' dir='ltr'><strong>αὐτοῖς</strong></span> <span class='ocrx_word' id='word_1_410' title='bbox 1304 3198 1442 3270; x_wconf 76' lang='grc' dir='ltr'><strong>πρὸς</strong></span> <span class='ocrx_word' id='word_1_411' title='bbox 1468 3197 1631 3260; x_wconf 84' lang='grc' dir='ltr'><strong>Χίους</strong></span> <span class='ocrx_word' id='word_1_412' title='bbox 1657 3193 1750 3270; x_wconf 81' lang='grc' dir='ltr'><strong>ἦν,</strong></span> <span class='ocrx_word' id='word_1_413' title='bbox 1786 3198 1847 3253; x_wconf 76' lang='grc' dir='ltr'><strong>ὲν</strong></span> <span class='ocrx_word' id='word_1_414' title='bbox 1883 3197 1961 3271; x_wconf 83' lang='grc' dir='ltr'><strong>τῷ</strong></span> 
     </span>
    </p>
   </div>
   <div class='ocr_carea' id='block_1_58' title="bbox 381 3289 1960 3365">
    <p class='ocr_par' dir='ltr' id='par_1_58' title="bbox 381 3289 1960 3365">
     <span class='ocr_line' id='line_1_58' title="bbox 381 3289 1960 3365; baseline -0.004 -16"><span class='ocrx_word' id='word_1_415' title='bbox 381 3294 658 3365; x_wconf 77' lang='grc' dir='ltr'><strong>παράπλῳ</strong></span> <span class='ocrx_word' id='word_1_416' title='bbox 696 3293 794 3356; x_wconf 77' lang='grc' dir='ltr'><strong>τὰς</strong></span> <span class='ocrx_word' id='word_1_417' title='bbox 824 3291 1090 3354; x_wconf 81' lang='grc' dir='ltr'><strong>Ποντικάς</strong></span> <span class='ocrx_word' id='word_1_418' title='bbox 1126 3291 1281 3361; x_wconf 81' lang='grc' dir='ltr'><strong>νῆας,</strong></span> <span class='ocrx_word' id='word_1_419' title='bbox 1322 3289 1379 3345; x_wconf 85' lang='grc' dir='ltr'><strong>αἶ</strong></span> <span class='ocrx_word' id='word_1_420' title='bbox 1419 3290 1546 3352; x_wconf 81' lang='grc' dir='ltr'><strong>τοὺς</strong></span> <span class='ocrx_word' id='word_1_421' title='bbox 1581 3289 1960 3361; x_wconf 78' lang='grc' dir='ltr'><strong>αἰχμαλώτους</strong></span> 
     </span>
    </p>
   </div>
   <div class='ocr_carea' id='block_1_59' title="bbox 380 3379 1959 3457">
    <p class='ocr_par' dir='ltr' id='par_1_59' title="bbox 380 3379 1959 3457">
     <span class='ocr_line' id='line_1_59' title="bbox 380 3379 1959 3457; baseline -0.003 -18"><span class='ocrx_word' id='word_1_422' title='bbox 380 3382 542 3457; x_wconf 78' lang='grc' dir='ltr'><strong>ἦγον,</strong></span> <span class='ocrx_word' id='word_1_423' title='bbox 575 3387 989 3456; x_wconf 81' lang='grc' dir='ltr'><strong>ὲφορμήσαντες</strong></span> <span class='ocrx_word' id='word_1_424' title='bbox 1013 3382 1204 3448; x_wconf 83' lang='grc' dir='ltr'><strong>αὑταῖς</strong></span> <span class='ocrx_word' id='word_1_425' title='bbox 1233 3381 1344 3437; x_wconf 78' lang='grc' dir='ltr'><strong>οὐδ’</strong></span> <span class='ocrx_word' id='word_1_426' title='bbox 1367 3379 1793 3452; x_wconf 78' lang='grc' dir='ltr'><strong>ἀνθισταμέναις</strong></span> <span class='ocrx_word' id='word_1_427' title='bbox 1816 3379 1959 3451; x_wconf 79' lang='grc' dir='ltr'><strong>(οὐδὲ</strong></span> 
     </span>
    </p>
   </div>
   <div class='ocr_carea' id='block_1_60' title="bbox 384 3473 1960 3549">
    <p class='ocr_par' dir='ltr' id='par_1_60' title="bbox 384 3473 1960 3549">
     <span class='ocr_line' id='line_1_60' title="bbox 384 3473 1960 3549; baseline -0.002 -18"><span class='ocrx_word' id='word_1_428' title='bbox 384 3479 496 3548; x_wconf 80' lang='grc' dir='ltr'><strong>γάρ</strong></span> <span class='ocrx_word' id='word_1_429' title='bbox 527 3476 830 3549; x_wconf 80' lang='grc' dir='ltr'><strong>ἐξήρκουν)</strong></span> <span class='ocrx_word' id='word_1_430' title='bbox 861 3475 1103 3548; x_wconf 78' lang='grc' dir='ltr'><strong>κατῆγον</strong></span> <span class='ocrx_word' id='word_1_431' title='bbox 1137 3476 1232 3530; x_wconf 71' lang='grc' dir='ltr'><strong>ἐπὶ</strong></span> <span class='ocrx_word' id='word_1_432' title='bbox 1259 3475 1361 3548; x_wconf 83' lang='grc' dir='ltr'><strong>τὴν</strong></span> <span class='ocrx_word' id='word_1_433' title='bbox 1388 3475 1568 3531; x_wconf 87' lang='grc' dir='ltr'><strong>πόλιν.</strong></span> <span class='ocrx_word' id='word_1_434' title='bbox 1596 3473 1710 3528; x_wconf 75' lang='grc' dir='ltr'><strong>Καὶ</strong></span> <span class='ocrx_word' id='word_1_435' title='bbox 1746 3488 1960 3545; x_wconf 77' lang='grc' dir='ltr'><strong>παραυ-</strong></span> 
     </span>
    </p>
   </div>
   <div class='ocr_carea' id='block_1_61' title="bbox 382 3569 1961 3644">
    <p class='ocr_par' dir='ltr' id='par_1_61' title="bbox 382 3569 1961 3644">
     <span class='ocr_line' id='line_1_61' title="bbox 382 3569 1961 3644; baseline -0.001 -19"><span class='ocrx_word' id='word_1_436' title='bbox 382 3573 517 3625; x_wconf 80' lang='grc' dir='ltr'><strong>τίκα</strong></span> <span class='ocrx_word' id='word_1_437' title='bbox 556 3573 628 3626; x_wconf 81' lang='grc' dir='ltr'><strong>τά</strong></span> <span class='ocrx_word' id='word_1_438' title='bbox 662 3571 802 3644; x_wconf 72' lang='grc' dir='ltr'><strong>πρὸς</strong></span> <span class='ocrx_word' id='word_1_439' title='bbox 827 3572 926 3643; x_wconf 81' lang='grc' dir='ltr'><strong>τὴν</strong></span> <span class='ocrx_word' id='word_1_440' title='bbox 953 3570 1142 3643; x_wconf 89' lang='grc' dir='ltr'><strong>χρείαν</strong></span> <span class='ocrx_word' id='word_1_441' title='bbox 1167 3571 1531 3644; x_wconf 82' lang='grc' dir='ltr'><strong>χορηγοῦντες</strong></span> <span class='ocrx_word' id='word_1_442' title='bbox 1565 3569 1817 3640; x_wconf 81' lang='grc' dir='ltr'><strong>ἀφθόνως</strong></span> <span class='ocrx_word' id='word_1_443' title='bbox 1846 3571 1961 3633; x_wconf 79' lang='grc' dir='ltr'><strong>τοῖς</strong></span> 
     </span>
    </p>
   </div>
   <div class='ocr_carea' id='block_1_62' title="bbox 384 3664 1964 3739">
    <p class='ocr_par' dir='ltr' id='par_1_62' title="bbox 384 3664 1964 3739">
     <span class='ocr_line' id='line_1_62' title="bbox 384 3664 1964 3739; baseline -0.004 -16"><span class='ocrx_word' id='word_1_444' title='bbox 384 3668 629 3731; x_wconf 85' lang='grc' dir='ltr'><strong>Χιώταις</strong></span> <span class='ocrx_word' id='word_1_445' title='bbox 674 3667 897 3732; x_wconf 87' lang='grc' dir='ltr'><strong>τούτους</strong></span> <span class='ocrx_word' id='word_1_446' title='bbox 939 3667 1348 3739; x_wconf 88' lang='grc' dir='ltr'><strong>ἀνελάμϐανον,</strong></span> <span class='ocrx_word' id='word_1_447' title='bbox 1388 3667 1484 3721; x_wconf 71' lang='grc' dir='ltr'><strong>καὶ</strong></span> <span class='ocrx_word' id='word_1_448' title='bbox 1525 3664 1752 3737; x_wconf 78' lang='grc' dir='ltr'><strong>ὕστερον</strong></span> <span class='ocrx_word' id='word_1_449' title='bbox 1777 3680 1964 3735; x_wconf 81' lang='grc' dir='ltr'><strong>⁴μεγαι-</strong></span> 
     </span>
    </p>
   </div>
   <div class='ocr_carea' id='block_1_63' title="bbox 383 3754 1964 3831">
    <p class='ocr_par' dir='ltr' id='par_1_63' title="bbox 383 3754 1964 3831">
     <span class='ocr_line' id='line_1_63' title="bbox 383 3754 1964 3831; baseline -0.004 -17"><span class='ocrx_word' id='word_1_450' title='bbox 383 3759 683 3830; x_wconf 82' lang='grc' dir='ltr'><strong>λοπρεπῶς</strong></span> <span class='ocrx_word' id='word_1_451' title='bbox 728 3758 1108 3831; x_wconf 85' lang='grc' dir='ltr'><strong>δωρησάμενοι</strong></span> <span class='ocrx_word' id='word_1_452' title='bbox 1156 3759 1216 3814; x_wconf 71' lang='grc' dir='ltr'><strong>ὲν</strong></span> <span class='ocrx_word' id='word_1_453' title='bbox 1278 3759 1348 3831; x_wconf 75' lang='grc' dir='ltr'><strong>τῇ</strong></span> <span class='ocrx_word' id='word_1_454' title='bbox 1419 3755 1640 3829; x_wconf 90' lang='grc' dir='ltr'><strong>πατρίδι</strong></span> <span class='ocrx_word' id='word_1_455' title='bbox 1684 3754 1964 3812; x_wconf 78' lang='grc' dir='ltr'><strong>ἀπεκατέ-</strong></span> 
     </span>
    </p>
   </div>
   <div class='ocr_carea' id='block_1_64' title="bbox 387 3869 617 3924">
    <p class='ocr_par' dir='ltr' id='par_1_64' title="bbox 387 3869 617 3924">
     <span class='ocr_line' id='line_1_64' title="bbox 387 3869 617 3924; baseline 0.004 -17"><span class='ocrx_word' id='word_1_456' title='bbox 387 3869 617 3924; x_wconf 86' lang='grc' dir='ltr'><strong>στησαν.</strong></span> 
     </span>
    </p>
   </div>
   <div class='ocr_carea' id='block_1_65' title="bbox 2135 2746 3636 2822">
    <p class='ocr_par' dir='ltr' id='par_1_65' title="bbox 2135 2746 3636 2822">
     <span class='ocr_line' id='line_1_65' title="bbox 2135 2746 3636 2822; baseline 0.003 -20"><span class='ocrx_word' id='word_1_457' title='bbox 2135 2746 2299 2805; x_wconf 86' lang='lat' dir='ltr'><strong>Chios</strong></span> <span class='ocrx_word' id='word_1_458' title='bbox 2333 2758 2459 2807; x_wconf 90' lang='lat' dir='ltr'><strong>tunc</strong></span> <span class='ocrx_word' id='word_1_459' title='bbox 2505 2750 2763 2808; x_wconf 85' lang='lat' dir='ltr'><strong>incusans</strong></span> <span class='ocrx_word' id='word_1_460' title='bbox 2792 2751 3151 2820; x_wconf 82' lang='lat' dir='ltr'><strong>Mithridates,</strong></span> <span class='ocrx_word' id='word_1_461' title='bbox 3213 2753 3358 2822; x_wconf 91' lang='lat' dir='ltr'><strong>quod</strong></span> <span class='ocrx_word' id='word_1_462' title='bbox 3410 2752 3636 2808; x_wconf 78' lang='lat' dir='ltr'><strong>Rhodiis</strong></span> 
     </span>
    </p>
   </div>
   <div class='ocr_carea' id='block_1_66' title="bbox 2064 2840 3627 2914">
    <p class='ocr_par' dir='ltr' id='par_1_66' title="bbox 2064 2840 3627 2914">
     <span class='ocr_line' id='line_1_66' title="bbox 2064 2840 3627 2914; baseline -0.002 -18"><span class='ocrx_word' id='word_1_463' title='bbox 2064 2840 2268 2896; x_wconf 76' lang='lat' dir='ltr'><strong>auxilia</strong></span> <span class='ocrx_word' id='word_1_464' title='bbox 2318 2840 2618 2903; x_wconf 88' lang='lat' dir='ltr'><strong>misissent.</strong></span> <span class='ocrx_word' id='word_1_465' title='bbox 2682 2841 2895 2914; x_wconf 84' lang='lat' dir='ltr'><strong>Dorylai</strong></span> <span class='ocrx_word' id='word_1_466' title='bbox 2953 2857 3116 2912; x_wconf 80' lang='lat' dir='ltr'><strong>Opera</strong></span> <span class='ocrx_word' id='word_1_467' title='bbox 3176 2842 3499 2913; x_wconf 89' lang='lat' dir='ltr'><strong>impugnat:</strong></span> <span class='ocrx_word' id='word_1_468' title='bbox 3535 2842 3627 2910; x_wconf 90' lang='lat' dir='ltr'><strong>qui</strong></span> 
     </span>
    </p>
   </div>
   <div class='ocr_carea' id='block_1_67' title="bbox 2064 2929 3640 3005">
    <p class='ocr_par' dir='ltr' id='par_1_67' title="bbox 2064 2929 3640 3005">
     <span class='ocr_line' id='line_1_67' title="bbox 2064 2929 3640 3005; baseline -0.003 -19"><span class='ocrx_word' id='word_1_469' title='bbox 2064 2931 2259 3003; x_wconf 88' lang='lat' dir='ltr'><strong>(multo</strong></span> <span class='ocrx_word' id='word_1_470' title='bbox 2292 2931 2420 2988; x_wconf 85' lang='lat' dir='ltr'><strong>licet</strong></span> <span class='ocrx_word' id='word_1_471' title='bbox 2456 2931 2664 3005; x_wconf 86' lang='lat' dir='ltr'><strong>labore)</strong></span> <span class='ocrx_word' id='word_1_472' title='bbox 2703 2942 2758 2988; x_wconf 92' lang='lat' dir='ltr'><strong>et</strong></span> <span class='ocrx_word' id='word_1_473' title='bbox 2785 2934 2973 2988; x_wconf 90' lang='lat' dir='ltr'><strong>urbem</strong></span> <span class='ocrx_word' id='word_1_474' title='bbox 3006 2931 3170 3001; x_wconf 87' lang='lat' dir='ltr'><strong>cepit,</strong></span> <span class='ocrx_word' id='word_1_475' title='bbox 3201 2942 3257 2987; x_wconf 86' lang='lat' dir='ltr'><strong>et</strong></span> <span class='ocrx_word' id='word_1_476' title='bbox 3295 2945 3455 3000; x_wconf 86' lang='lat' dir='ltr'><strong>agros</strong></span> <span class='ocrx_word' id='word_1_477' title='bbox 3498 2929 3640 2986; x_wconf 84' lang='lat' dir='ltr'><strong>Pun—</strong></span> 
     </span>
    </p>
   </div>
   <div class='ocr_carea' id='block_1_68' title="bbox 2066 3020 3639 3094">
    <p class='ocr_par' dir='ltr' id='par_1_68' title="bbox 2066 3020 3639 3094">
     <span class='ocr_line' id='line_1_68' title="bbox 2066 3020 3639 3094; baseline -0.002 -17"><span class='ocrx_word' id='word_1_478' title='bbox 2066 3022 2189 3078; x_wconf 88' lang='lat' dir='ltr'><strong>ticis</strong></span> <span class='ocrx_word' id='word_1_479' title='bbox 2214 3022 2419 3088; x_wconf 87' lang='lat' dir='ltr'><strong>divisit,</strong></span> <span class='ocrx_word' id='word_1_480' title='bbox 2441 3032 2498 3078; x_wconf 91' lang='lat' dir='ltr'><strong>et</strong></span> <span class='ocrx_word' id='word_1_481' title='bbox 2524 3023 2672 3080; x_wconf 82' lang='lat' dir='ltr'><strong>cives</strong></span> <span class='ocrx_word' id='word_1_482' title='bbox 2717 3024 2942 3094; x_wconf 84' lang='lat' dir='ltr'><strong>navigiis</strong></span> <span class='ocrx_word' id='word_1_483' title='bbox 2987 3023 3181 3094; x_wconf 69' lang='lat'><strong>2310</strong></span> <span class='ocrx_word' id='word_1_484' title='bbox 3228 3022 3506 3092; x_wconf 88' lang='lat' dir='ltr'><strong>impositos</strong></span> <span class='ocrx_word' id='word_1_485' title='bbox 3533 3020 3639 3076; x_wconf 83' lang='lat' dir='ltr'><strong>huc</strong></span> 
     </span>
    </p>
   </div>
   <div class='ocr_carea' id='block_1_69' title="bbox 2069 3111 3643 3181">
    <p class='ocr_par' dir='ltr' id='par_1_69' title="bbox 2069 3111 3643 3181">
     <span class='ocr_line' id='line_1_69' title="bbox 2069 3111 3643 3181; baseline -0.003 -11"><span class='ocrx_word' id='word_1_486' title='bbox 2069 3115 2196 3171; x_wconf 91' lang='lat' dir='ltr'><strong>illuc</strong></span> <span class='ocrx_word' id='word_1_487' title='bbox 2222 3118 2276 3171; x_wconf 90' lang='lat' dir='ltr'><strong>in</strong></span> <span class='ocrx_word' id='word_1_488' title='bbox 2304 3115 2481 3171; x_wconf 89' lang='lat' dir='ltr'><strong>Ponto</strong></span> <span class='ocrx_word' id='word_1_489' title='bbox 2514 3116 2742 3173; x_wconf 86' lang='lat' dir='ltr'><strong>distulit.</strong></span> <span class='ocrx_word' id='word_1_490' title='bbox 2786 3118 2858 3170; x_wconf 80' lang='lat' dir='ltr'><strong>At</strong></span> <span class='ocrx_word' id='word_1_491' title='bbox 2896 3114 3292 3180; x_wconf 80' lang='lat' dir='ltr'><strong>lleraclienses,</strong></span> <span class='ocrx_word' id='word_1_492' title='bbox 3325 3111 3469 3181; x_wconf 89' lang='lat' dir='ltr'><strong>quod</strong></span> <span class='ocrx_word' id='word_1_493' title='bbox 3505 3113 3643 3166; x_wconf 88' lang='lat' dir='ltr'><strong>ami-</strong></span> 
     </span>
    </p>
   </div>
   <div class='ocr_carea' id='block_1_70' title="bbox 2065 3203 3640 3280">
    <p class='ocr_par' dir='ltr' id='par_1_70' title="bbox 2065 3203 3640 3280">
     <span class='ocr_line' id='line_1_70' title="bbox 2065 3203 3640 3280; baseline -0.006 -14"><span class='ocrx_word' id='word_1_494' title='bbox 2065 3210 2194 3266; x_wconf 88' lang='lat' dir='ltr'><strong>citia</strong></span> <span class='ocrx_word' id='word_1_495' title='bbox 2220 3208 2350 3280; x_wconf 83' lang='lat' dir='ltr'><strong>ipsis</strong></span> <span class='ocrx_word' id='word_1_496' title='bbox 2371 3224 2494 3265; x_wconf 89' lang='lat' dir='ltr'><strong>cum</strong></span> <span class='ocrx_word' id='word_1_497' title='bbox 2517 3208 2670 3265; x_wconf 87' lang='lat' dir='ltr'><strong>Chiis</strong></span> <span class='ocrx_word' id='word_1_498' title='bbox 2690 3209 3017 3274; x_wconf 86' lang='lat' dir='ltr'><strong>intercessit,</strong></span> <span class='ocrx_word' id='word_1_499' title='bbox 3047 3207 3300 3262; x_wconf 88' lang='lat' dir='ltr'><strong>Ponticas</strong></span> <span class='ocrx_word' id='word_1_500' title='bbox 3327 3205 3380 3261; x_wconf 91' lang='lat' dir='ltr'><strong>in</strong></span> <span class='ocrx_word' id='word_1_501' title='bbox 3410 3203 3640 3259; x_wconf 89' lang='lat' dir='ltr'><strong>transitu</strong></span> 
     </span>
    </p>
   </div>
   <div class='ocr_carea' id='block_1_71' title="bbox 2066 3298 3643 3373">
    <p class='ocr_par' dir='ltr' id='par_1_71' title="bbox 2066 3298 3643 3373">
     <span class='ocr_line' id='line_1_71' title="bbox 2066 3298 3643 3373; baseline -0.006 -14"><span class='ocrx_word' id='word_1_502' title='bbox 2066 3318 2252 3369; x_wconf 86' lang='lat' dir='ltr'><strong>naves,</strong></span> <span class='ocrx_word' id='word_1_503' title='bbox 2277 3318 2397 3373; x_wconf 65' lang='lat' dir='ltr'><strong>qua</strong></span> <span class='ocrx_word' id='word_1_504' title='bbox 2429 3302 2675 3372; x_wconf 89' lang='lat' dir='ltr'><strong>captivos</strong></span> <span class='ocrx_word' id='word_1_505' title='bbox 2691 3301 2978 3364; x_wconf 87' lang='lat' dir='ltr'><strong>vehebant,</strong></span> <span class='ocrx_word' id='word_1_506' title='bbox 3002 3299 3199 3363; x_wconf 89' lang='lat' dir='ltr'><strong>adorti,</strong></span> <span class='ocrx_word' id='word_1_507' title='bbox 3230 3312 3299 3353; x_wconf 90' lang='lat' dir='ltr'><strong>ne</strong></span> <span class='ocrx_word' id='word_1_508' title='bbox 3330 3298 3643 3352; x_wconf 85' lang='lat' dir='ltr'><strong>resistentes</strong></span> 
     </span>
    </p>
   </div>
   <div class='ocr_carea' id='block_1_72' title="bbox 2065 3388 3643 3468">
    <p class='ocr_par' dir='ltr' id='par_1_72' title="bbox 2065 3388 3643 3468">
     <span class='ocr_line' id='line_1_72' title="bbox 2065 3388 3643 3468; baseline -0.006 -16"><span class='ocrx_word' id='word_1_509' title='bbox 2065 3397 2279 3468; x_wconf 85' lang='lat' dir='ltr'><strong>quidem</strong></span> <span class='ocrx_word' id='word_1_510' title='bbox 2324 3396 2456 3466; x_wconf 90' lang='lat' dir='ltr'><strong>(non</strong></span> <span class='ocrx_word' id='word_1_511' title='bbox 2502 3394 2646 3450; x_wconf 91' lang='lat' dir='ltr'><strong>enim</strong></span> <span class='ocrx_word' id='word_1_512' title='bbox 2693 3403 2781 3450; x_wconf 88' lang='lat' dir='ltr'><strong>sat</strong></span> <span class='ocrx_word' id='word_1_513' title='bbox 2827 3393 3024 3447; x_wconf 90' lang='lat' dir='ltr'><strong>virium</strong></span> <span class='ocrx_word' id='word_1_514' title='bbox 3060 3390 3199 3461; x_wconf 82' lang='lat' dir='ltr'><strong>erat)</strong></span> <span class='ocrx_word' id='word_1_515' title='bbox 3234 3391 3287 3445; x_wconf 91' lang='lat' dir='ltr'><strong>in</strong></span> <span class='ocrx_word' id='word_1_516' title='bbox 3322 3388 3511 3444; x_wconf 88' lang='lat' dir='ltr'><strong>urbem</strong></span> <span class='ocrx_word' id='word_1_517' title='bbox 3550 3390 3643 3443; x_wconf 88' lang='lat' dir='ltr'><strong>de-</strong></span> 
     </span>
    </p>
   </div>
   <div class='ocr_carea' id='block_1_73' title="bbox 2065 3483 3644 3559">
    <p class='ocr_par' dir='ltr' id='par_1_73' title="bbox 2065 3483 3644 3559">
     <span class='ocr_line' id='line_1_73' title="bbox 2065 3483 3644 3559; baseline -0.008 -10"><span class='ocrx_word' id='word_1_518' title='bbox 2065 3493 2287 3549; x_wconf 79' lang='lat' dir='ltr'><strong>duxere.</strong></span> <span class='ocrx_word' id='word_1_519' title='bbox 2319 3487 2385 3545; x_wconf 88' lang='lat' dir='ltr'><strong>Et</strong></span> <span class='ocrx_word' id='word_1_520' title='bbox 2401 3502 2545 3545; x_wconf 90' lang='lat' dir='ltr'><strong>nunc</strong></span> <span class='ocrx_word' id='word_1_521' title='bbox 2571 3485 2788 3559; x_wconf 86' lang='lat' dir='ltr'><strong>quidem</strong></span> <span class='ocrx_word' id='word_1_522' title='bbox 2811 3485 2961 3558; x_wconf 81' lang='lat' dir='ltr'><strong>iarge</strong></span> <span class='ocrx_word' id='word_1_523' title='bbox 2985 3483 3146 3542; x_wconf 85' lang='lat' dir='ltr'><strong>rebus</strong></span> <span class='ocrx_word' id='word_1_524' title='bbox 3168 3483 3491 3541; x_wconf 83' lang='lat' dir='ltr'><strong>necessariis</strong></span> <span class='ocrx_word' id='word_1_525' title='bbox 3513 3497 3644 3550; x_wconf 85' lang='lat' dir='ltr'><strong>sup-</strong></span> 
     </span>
    </p>
   </div>
   <div class='ocr_carea' id='block_1_74' title="bbox 2063 3577 3644 3655">
    <p class='ocr_par' dir='ltr' id='par_1_74' title="bbox 2063 3577 3644 3655">
     <span class='ocr_line' id='line_1_74' title="bbox 2063 3577 3644 3655; baseline -0.006 -16"><span class='ocrx_word' id='word_1_526' title='bbox 2063 3582 2322 3655; x_wconf 86' lang='lat' dir='ltr'><strong>peditatis</strong></span> <span class='ocrx_word' id='word_1_527' title='bbox 2386 3580 2636 3639; x_wconf 88' lang='lat' dir='ltr'><strong>reﬁciunt</strong></span> <span class='ocrx_word' id='word_1_528' title='bbox 2665 3579 2888 3635; x_wconf 86' lang='lat' dir='ltr'><strong>Chiotas</strong></span> <span class='ocrx_word' id='word_1_529' title='bbox 2920 3596 2935 3634; x_wconf 91' lang='lat'>:</span> <span class='ocrx_word' id='word_1_530' title='bbox 2967 3578 3309 3649; x_wconf 88' lang='lat' dir='ltr'><strong>postmodum</strong></span> <span class='ocrx_word' id='word_1_531' title='bbox 3350 3592 3501 3641; x_wconf 86' lang='lat' dir='ltr'><strong>vero,</strong></span> <span class='ocrx_word' id='word_1_532' title='bbox 3531 3577 3644 3633; x_wconf 78' lang='lat' dir='ltr'><strong>exi-</strong></span> 
     </span>
    </p>
   </div>
   <div class='ocr_carea' id='block_1_75' title="bbox 2070 3666 3508 3741">
    <p class='ocr_par' dir='ltr' id='par_1_75' title="bbox 2070 3666 3508 3741">
     <span class='ocr_line' id='line_1_75' title="bbox 2070 3666 3508 3741; baseline -0.007 -11"><span class='ocrx_word' id='word_1_533' title='bbox 2070 3673 2200 3731; x_wconf 86' lang='lat' dir='ltr'><strong>miis</strong></span> <span class='ocrx_word' id='word_1_534' title='bbox 2225 3675 2449 3729; x_wconf 74' lang='lat' dir='ltr'><strong>allectos</strong></span> <span class='ocrx_word' id='word_1_535' title='bbox 2474 3669 2826 3736; x_wconf 79' lang='lat' dir='ltr'><strong>muneribus,</strong></span> <span class='ocrx_word' id='word_1_536' title='bbox 2853 3667 2910 3725; x_wconf 90' lang='lat' dir='ltr'><strong>in</strong></span> <span class='ocrx_word' id='word_1_537' title='bbox 2938 3670 3169 3741; x_wconf 84' lang='lat' dir='ltr'><strong>patriam</strong></span> <span class='ocrx_word' id='word_1_538' title='bbox 3198 3666 3508 3725; x_wconf 88' lang='lat' dir='ltr'><strong>restituunt.</strong></span> 
     </span>
    </p>
   </div>
   <div class='ocr_carea' id='block_1_76' title="bbox 615 3945 3449 4032">
    <p class='ocr_par' dir='ltr' id='par_1_76' title="bbox 615 3945 3449 4032">
     <span class='ocr_line' id='line_1_76' title="bbox 615 3945 3449 4032; baseline -0.008 -7"><span class='ocrx_word' id='word_1_539' title='bbox 615 3966 747 4024; x_wconf 62' lang='lat' dir='ltr'><strong>Car.</strong></span> <span class='ocrx_word' id='word_1_540' title='bbox 786 3964 1030 4021; x_wconf 78' lang='lat' dir='ltr'><strong>XXXVI.</strong></span> <span class='ocrx_word' id='word_1_541' title='bbox 1063 3996 1111 4009; x_wconf 90' lang='lat'><strong>-</strong></span> <span class='ocrx_word' id='word_1_542' title='bbox 1171 3964 1412 4021; x_wconf 78' lang='lat' dir='ltr'><strong>Valerius</strong></span> <span class='ocrx_word' id='word_1_543' title='bbox 1432 3962 1681 4032; x_wconf 85' lang='lat' dir='ltr'><strong>Flaccus,</strong></span> <span class='ocrx_word' id='word_1_544' title='bbox 1720 3977 1990 4019; x_wconf 74' lang='lat' dir='ltr'><strong>successor</strong></span> <span class='ocrx_word' id='word_1_545' title='bbox 2013 3957 2199 4031; x_wconf 71' lang='grc' dir='ltr'><strong>ευιιω,</strong></span> <span class='ocrx_word' id='word_1_546' title='bbox 2239 3952 2537 4009; x_wconf 76' lang='lat' dir='ltr'><strong>trucidatur</strong></span> <span class='ocrx_word' id='word_1_547' title='bbox 2555 3966 2590 4005; x_wconf 88' lang='lat' dir='ltr'><strong>a</strong></span> <span class='ocrx_word' id='word_1_548' title='bbox 2608 3945 2854 4005; x_wconf 77' lang='lat' dir='ltr'><strong>Fimbria</strong></span> <span class='ocrx_word' id='word_1_549' title='bbox 2874 3949 3136 4020; x_wconf 74' lang='lat' dir='ltr'><strong>hujusquc</strong></span> <span class='ocrx_word' id='word_1_550' title='bbox 3160 3963 3449 4005; x_wconf 76' lang='lat' dir='ltr'><strong>successus.</strong></span> 
     </span>
    </p>
   </div>
   <div class='ocr_carea' id='block_1_77' title="bbox 476 4066 1952 4164">
    <p class='ocr_par' dir='ltr' id='par_1_77' title="bbox 476 4086 1952 4164">
     <span class='ocr_line' id='line_1_77' title="bbox 476 4086 1952 4164; baseline -0.005 -16"><span class='ocrx_word' id='word_1_551' title='bbox 476 4095 539 4148; x_wconf 83' lang='grc' dir='ltr'>Ἥ</span> <span class='ocrx_word' id='word_1_552' title='bbox 566 4095 624 4149; x_wconf 70' lang='grc' dir='ltr'><strong>δὲ</strong></span> <span class='ocrx_word' id='word_1_553' title='bbox 654 4091 958 4164; x_wconf 85' lang='grc' dir='ltr'><strong>σύγκλητος</strong></span> <span class='ocrx_word' id='word_1_554' title='bbox 989 4091 1240 4146; x_wconf 78' lang='grc' dir='ltr'><strong>Φλάκκον</strong></span> <span class='ocrx_word' id='word_1_555' title='bbox 1261 4089 1555 4160; x_wconf 80' lang='grc' dir='ltr'><strong>Οὐαλέριον</strong></span> <span class='ocrx_word' id='word_1_556' title='bbox 1582 4089 1678 4144; x_wconf 73' lang='grc' dir='ltr'><strong>καὶ</strong></span> <span class='ocrx_word' id='word_1_557' title='bbox 1702 4086 1952 4159; x_wconf 61' lang='grc' dir='ltr'><strong>Φιμϐρίαπ</strong></span> 
     </span>
    </p>
   </div>
   <div class='ocr_carea' id='block_1_78' title="bbox 2056 4066 3651 4164">
    <p class='ocr_par' dir='ltr' id='par_1_78' title="bbox 2151 4066 3651 4136">
     <span class='ocr_line' id='line_1_78' title="bbox 2151 4066 3651 4136; baseline -0.009 -1"><span class='ocrx_word' id='word_1_558' title='bbox 2151 4078 2266 4136; x_wconf 89' lang='lat' dir='ltr'><strong>Sub</strong></span> <span class='ocrx_word' id='word_1_559' title='bbox 2289 4092 2353 4133; x_wconf 85' lang='lat' dir='ltr'><strong>ea</strong></span> <span class='ocrx_word' id='word_1_560' title='bbox 2390 4075 2575 4131; x_wconf 64' lang='lat' dir='ltr'><strong>Romae</strong></span> <span class='ocrx_word' id='word_1_561' title='bbox 2603 4083 2827 4130; x_wconf 83' lang='lat' dir='ltr'><strong>senatus</strong></span> <span class='ocrx_word' id='word_1_562' title='bbox 2856 4069 3075 4126; x_wconf 83' lang='lat' dir='ltr'><strong>Valerio</strong></span> <span class='ocrx_word' id='word_1_563' title='bbox 3103 4068 3299 4125; x_wconf 81' lang='lat' dir='ltr'><strong>Flacco</strong></span> <span class='ocrx_word' id='word_1_564' title='bbox 3321 4079 3375 4124; x_wconf 90' lang='lat' dir='ltr'><strong>et</strong></span> <span class='ocrx_word' id='word_1_565' title='bbox 3400 4066 3651 4122; x_wconf 76' lang='lat' dir='ltr'><strong>Fimbria:</strong></span> 
     </span>
    </p>
   </div>
   <div class='ocr_carea' id='block_1_79' title="bbox 395 4160 1952 4256">
    <p class='ocr_par' dir='ltr' id='par_1_79' title="bbox 395 4160 1952 4256">
     <span class='ocr_line' id='line_1_79' title="bbox 395 4160 1952 4256; baseline -0.006 -16"><span class='ocrx_word' id='word_1_566' title='bbox 395 4186 605 4254; x_wconf 80' lang='grc' dir='ltr'><strong>πέμπει</strong></span> <span class='ocrx_word' id='word_1_567' title='bbox 634 4160 892 4256; x_wconf 65' lang='grc' dir='ltr'><strong>πολεμείν</strong></span> <span class='ocrx_word' id='word_1_568' title='bbox 928 4184 1261 4256; x_wconf 79' lang='grc' dir='ltr'><strong>Μιθριδάτῃ,</strong></span> <span class='ocrx_word' id='word_1_569' title='bbox 1295 4180 1633 4254; x_wconf 72' lang='grc' dir='ltr'><strong>ἐπιτρέψασα</strong></span> <span class='ocrx_word' id='word_1_570' title='bbox 1670 4181 1767 4234; x_wconf 71' lang='grc' dir='ltr'><strong>καὶ</strong></span> <span class='ocrx_word' id='word_1_571' title='bbox 1796 4178 1952 4250; x_wconf 76' lang='grc' dir='ltr'><strong>Σύλλς</strong></span> 
     </span>
    </p>
   </div>
   <div class='ocr_carea' id='block_1_80' title="bbox 2056 4160 3648 4256">
    <p class='ocr_par' dir='ltr' id='par_1_80' title="bbox 2078 4160 3648 4226">
     <span class='ocr_line' id='line_1_80' title="bbox 2078 4160 3648 4226; baseline -0.01 0"><span class='ocrx_word' id='word_1_572' title='bbox 2078 4170 2277 4226; x_wconf 85' lang='lat' dir='ltr'><strong>bellum</strong></span> <span class='ocrx_word' id='word_1_573' title='bbox 2303 4166 2724 4223; x_wconf 79' lang='lat' dir='ltr'><strong>Mithridaticum</strong></span> <span class='ocrx_word' id='word_1_574' title='bbox 2751 4161 3042 4219; x_wconf 81' lang='lat' dir='ltr'><strong>committit</strong></span> <span class='ocrx_word' id='word_1_575' title='bbox 3071 4175 3088 4214; x_wconf 89' lang='lat'><strong>:</strong></span> <span class='ocrx_word' id='word_1_576' title='bbox 3119 4176 3241 4215; x_wconf 91' lang='lat' dir='ltr'><strong>cum</strong></span> <span class='ocrx_word' id='word_1_577' title='bbox 3272 4160 3559 4224; x_wconf 79' lang='lat' dir='ltr'><strong>mandatis,</strong></span> <span class='ocrx_word' id='word_1_578' title='bbox 3591 4170 3648 4212; x_wconf 85' lang='lat' dir='ltr'><strong>ut</strong></span> 
     </span>
    </p>
   </div>
   <div class='ocr_carea' id='block_1_81' title="bbox 395 4251 1952 4349">
    <p class='ocr_par' dir='ltr' id='par_1_81' title="bbox 395 4251 1952 4349">
     <span class='ocr_line' id='line_1_81' title="bbox 395 4251 1952 4349; baseline -0.005 -16"><span class='ocrx_word' id='word_1_579' title='bbox 395 4251 799 4349; x_wconf 78' lang='grc' dir='ltr'><strong>συλλαμϐάνειν</strong></span> <span class='ocrx_word' id='word_1_580' title='bbox 851 4275 929 4348; x_wconf 87' lang='grc' dir='ltr'><strong>τῷ</strong></span> <span class='ocrx_word' id='word_1_581' title='bbox 980 4251 1278 4348; x_wconf 36' lang='grc' dir='ltr'><strong>πολέμῳ-δ,</strong></span> <span class='ocrx_word' id='word_1_582' title='bbox 1332 4251 1509 4346; x_wconf 13' lang='grc' dir='ltr'><strong>ὅμοιαί</strong></span> <span class='ocrx_word' id='word_1_583' title='bbox 1560 4272 1847 4347; x_wconf 82' lang='grc' dir='ltr'><strong>φρονοῦντι</strong></span> <span class='ocrx_word' id='word_1_584' title='bbox 1903 4273 1952 4343; x_wconf 56' lang='grc' dir='ltr'><strong>τί</strong></span> 
     </span>
    </p>
   </div>
   <div class='ocr_carea' id='block_1_82' title="bbox 2056 4251 3650 4349">
    <p class='ocr_par' dir='ltr' id='par_1_82' title="bbox 2077 4251 3650 4333">
     <span class='ocr_line' id='line_1_82' title="bbox 2077 4251 3650 4333; baseline -0.01 -14"><span class='ocrx_word' id='word_1_585' title='bbox 2077 4263 2313 4333; x_wconf 83' lang='lat' dir='ltr'><strong>Syllam,</strong></span> <span class='ocrx_word' id='word_1_586' title='bbox 2354 4261 2399 4317; x_wconf 91' lang='lat' dir='ltr'><strong>si</strong></span> <span class='ocrx_word' id='word_1_587' title='bbox 2445 4269 2630 4330; x_wconf 88' lang='lat' dir='ltr'><strong>partes</strong></span> <span class='ocrx_word' id='word_1_588' title='bbox 2669 4265 2894 4314; x_wconf 83' lang='lat' dir='ltr'><strong>senatus</strong></span> <span class='ocrx_word' id='word_1_589' title='bbox 2939 4262 3177 4316; x_wconf 87' lang='lat' dir='ltr'><strong>tueatur,</strong></span> <span class='ocrx_word' id='word_1_590' title='bbox 3225 4251 3524 4322; x_wconf 84' lang='lat' dir='ltr'><strong>adjuvent;</strong></span> <span class='ocrx_word' id='word_1_591' title='bbox 3566 4252 3650 4305; x_wconf 87' lang='lat' dir='ltr'><strong>sin</strong></span> 
     </span>
    </p>
   </div>
   <div class='ocr_carea' id='block_1_83' title="bbox 396 4344 1952 4442">
    <p class='ocr_par' dir='ltr' id='par_1_83' title="bbox 396 4344 1952 4442">
     <span class='ocr_line' id='line_1_83' title="bbox 396 4344 1952 4442; baseline -0.004 -18"><span class='ocrx_word' id='word_1_592' title='bbox 396 4344 721 4442; x_wconf 66' lang='grc' dir='ltr'><strong>συγκλητῳ·</strong></span> <span class='ocrx_word' id='word_1_593' title='bbox 753 4371 803 4424; x_wconf 87' lang='grc' dir='ltr'><strong>εί</strong></span> <span class='ocrx_word' id='word_1_594' title='bbox 822 4368 880 4423; x_wconf 80' lang='grc' dir='ltr'><strong>δὲ</strong></span> <span class='ocrx_word' id='word_1_595' title='bbox 901 4344 1010 4441; x_wconf 77' lang='grc' dir='ltr'><strong>μὴ,</strong></span> <span class='ocrx_word' id='word_1_596' title='bbox 1031 4344 1133 4439; x_wconf 79' lang='grc' dir='ltr'><strong>τὴν</strong></span> <span class='ocrx_word' id='word_1_597' title='bbox 1166 4344 1304 4440; x_wconf 78' lang='grc' dir='ltr'><strong>πρὸς</strong></span> <span class='ocrx_word' id='word_1_598' title='bbox 1346 4344 1508 4421; x_wconf 80' lang='grc' dir='ltr'><strong>αὐτὸν</strong></span> <span class='ocrx_word' id='word_1_599' title='bbox 1541 4344 1809 4437; x_wconf 85' lang='grc' dir='ltr'><strong>πρότερον</strong></span> <span class='ocrx_word' id='word_1_600' title='bbox 1844 4382 1952 4418; x_wconf 81' lang='grc' dir='ltr'><strong>συν·</strong></span> 
     </span>
    </p>
   </div>
   <div class='ocr_carea' id='block_1_84' title="bbox 2056 4344 3656 4442">
    <p class='ocr_par' dir='ltr' id='par_1_84' title="bbox 2080 4344 3656 4424">
     <span class='ocr_line' id='line_1_84' title="bbox 2080 4344 3656 4424; baseline -0.01 -13"><span class='ocrx_word' id='word_1_601' title='bbox 2080 4358 2281 4421; x_wconf 87' lang='lat' dir='ltr'><strong>minus,</strong></span> <span class='ocrx_word' id='word_1_602' title='bbox 2312 4368 2435 4410; x_wconf 88' lang='lat' dir='ltr'><strong>cum</strong></span> <span class='ocrx_word' id='word_1_603' title='bbox 2464 4353 2581 4424; x_wconf 88' lang='lat' dir='ltr'><strong>ipso</strong></span> <span class='ocrx_word' id='word_1_604' title='bbox 2615 4350 2765 4420; x_wconf 88' lang='lat' dir='ltr'><strong>prius</strong></span> <span class='ocrx_word' id='word_1_605' title='bbox 2808 4361 3001 4402; x_wconf 86' lang='lat' dir='ltr'><strong>manus</strong></span> <span class='ocrx_word' id='word_1_606' title='bbox 3025 4353 3334 4401; x_wconf 85' lang='lat' dir='ltr'><strong>conserant.</strong></span> <span class='ocrx_word' id='word_1_607' title='bbox 3367 4344 3459 4399; x_wconf 86' lang='lat' dir='ltr'><strong>ille</strong></span> <span class='ocrx_word' id='word_1_608' title='bbox 3490 4344 3656 4412; x_wconf 78' lang='lat' dir='ltr'><strong>igitur</strong></span> 
     </span>
    </p>
   </div>
   <div class='ocr_carea' id='block_1_85' title="bbox 394 4437 1952 4531">
    <p class='ocr_par' dir='ltr' id='par_1_85' title="bbox 394 4437 1950 4531">
     <span class='ocr_line' id='line_1_85' title="bbox 394 4437 1950 4531; baseline -0.006 -14"><span class='ocrx_word' id='word_1_609' title='bbox 394 4437 531 4531; x_wconf 70' lang='grc' dir='ltr'><strong>ἅψαι</strong></span> <span class='ocrx_word' id='word_1_610' title='bbox 578 4437 780 4531; x_wconf 85' lang='grc' dir='ltr'><strong>μάχην.</strong></span> <span class='ocrx_word' id='word_1_611' title='bbox 838 4437 1009 4523; x_wconf 75' lang='grc' dir='ltr'><strong>Οὗτος</strong></span> <span class='ocrx_word' id='word_1_612' title='bbox 1042 4437 1164 4514; x_wconf 80' lang='grc' dir='ltr'><strong>κατ’</strong></span> <span class='ocrx_word' id='word_1_613' title='bbox 1204 4437 1381 4530; x_wconf 83' lang='grc' dir='ltr'><strong>ἀρχὰς</strong></span> <span class='ocrx_word' id='word_1_614' title='bbox 1410 4457 1510 4529; x_wconf 79' lang='grc' dir='ltr'><strong>μὲν</strong></span> <span class='ocrx_word' id='word_1_615' title='bbox 1546 4457 1820 4517; x_wconf 84' lang='grc' dir='ltr'><strong>ποικίλαις</strong></span> <span class='ocrx_word' id='word_1_616' title='bbox 1843 4456 1950 4509; x_wconf 82' lang='grc' dir='ltr'><strong>ὲπά</strong></span> 
     </span>
    </p>
   </div>
   <div class='ocr_carea' id='block_1_86' title="bbox 2056 4437 3653 4531">
    <p class='ocr_par' dir='ltr' id='par_1_86' title="bbox 2080 4437 3653 4504">
     <span class='ocr_line' id='line_1_86' title="bbox 2080 4437 3653 4504; baseline -0.007 -3"><span class='ocrx_word' id='word_1_617' title='bbox 2080 4449 2247 4504; x_wconf 88' lang='lat' dir='ltr'><strong>variis</strong></span> <span class='ocrx_word' id='word_1_618' title='bbox 2283 4447 2438 4501; x_wconf 91' lang='lat' dir='ltr'><strong>initio</strong></span> <span class='ocrx_word' id='word_1_619' title='bbox 2471 4442 2868 4500; x_wconf 83' lang='lat' dir='ltr'><strong>colluctabatur</strong></span> <span class='ocrx_word' id='word_1_620' title='bbox 2906 4438 3074 4496; x_wconf 86' lang='lat' dir='ltr'><strong>sortis</strong></span> <span class='ocrx_word' id='word_1_621' title='bbox 3118 4437 3362 4493; x_wconf 72' lang='lat' dir='ltr'><strong>adversa:</strong></span> <span class='ocrx_word' id='word_1_622' title='bbox 3413 4437 3653 4492; x_wconf 77' lang='lat' dir='ltr'><strong>casibus.</strong></span> 
     </span>
    </p>
   </div>
   <div class='ocr_carea' id='block_1_87' title="bbox 397 4528 1952 4621">
    <p class='ocr_par' dir='ltr' id='par_1_87' title="bbox 397 4528 1952 4621">
     <span class='ocr_line' id='line_1_87' title="bbox 397 4528 1952 4621; baseline -0.008 -17"><span class='ocrx_word' id='word_1_623' title='bbox 397 4528 514 4614; x_wconf 67' lang='grc' dir='ltr'><strong>λαιε</strong></span> <span class='ocrx_word' id='word_1_624' title='bbox 544 4528 850 4621; x_wconf 75' lang='grc' dir='ltr'><strong>συμφοραῖς</strong></span> <span class='ocrx_word' id='word_1_625' title='bbox 882 4547 1063 4620; x_wconf 85' lang='grc' dir='ltr'><strong>(λιμόν</strong></span> <span class='ocrx_word' id='word_1_626' title='bbox 1090 4563 1150 4602; x_wconf 87' lang='grc' dir='ltr'><strong>τε</strong></span> <span class='ocrx_word' id='word_1_627' title='bbox 1178 4528 1290 4618; x_wconf 84' lang='grc' dir='ltr'><strong>γάρ</strong></span> <span class='ocrx_word' id='word_1_628' title='bbox 1305 4528 1497 4600; x_wconf 80' lang='grc' dir='ltr'><strong>καὶτὰ</strong></span> <span class='ocrx_word' id='word_1_629' title='bbox 1531 4544 1642 4600; x_wconf 79' lang='grc' dir='ltr'><strong>ἀπὸ</strong></span> <span class='ocrx_word' id='word_1_630' title='bbox 1665 4545 1764 4616; x_wconf 83' lang='grc' dir='ltr'><strong>τῆς</strong></span> <span class='ocrx_word' id='word_1_631' title='bbox 1796 4544 1952 4616; x_wconf 62' lang='grc' dir='ltr'><strong>μάχη</strong></span> 
     </span>
    </p>
   </div>
   <div class='ocr_carea' id='block_1_88' title="bbox 2056 4528 3652 4621">
    <p class='ocr_par' dir='ltr' id='par_1_88' title="bbox 2079 4528 3652 4600">
     <span class='ocr_line' id='line_1_88' title="bbox 2079 4528 3652 4600; baseline -0.009 -5"><span class='ocrx_word' id='word_1_632' title='bbox 2079 4539 2214 4595; x_wconf 83' lang='lat' dir='ltr'><strong>Nam</strong></span> <span class='ocrx_word' id='word_1_633' title='bbox 2238 4548 2293 4593; x_wconf 89' lang='lat' dir='ltr'><strong>et</strong></span> <span class='ocrx_word' id='word_1_634' title='bbox 2321 4539 2516 4593; x_wconf 86' lang='lat' dir='ltr'><strong>famem</strong></span> <span class='ocrx_word' id='word_1_635' title='bbox 2561 4545 2617 4591; x_wconf 90' lang='lat' dir='ltr'><strong>et</strong></span> <span class='ocrx_word' id='word_1_636' title='bbox 2656 4533 2845 4588; x_wconf 81' lang='lat' dir='ltr'><strong>Martis</strong></span> <span class='ocrx_word' id='word_1_637' title='bbox 2881 4530 3224 4600; x_wconf 89' lang='lat' dir='ltr'><strong>iniquitatem</strong></span> <span class='ocrx_word' id='word_1_638' title='bbox 3250 4528 3510 4583; x_wconf 85' lang='lat' dir='ltr'><strong>sustinuit</strong></span> <span class='ocrx_word' id='word_1_639' title='bbox 3547 4546 3562 4583; x_wconf 91' lang='lat'><strong>:</strong></span> <span class='ocrx_word' id='word_1_640' title='bbox 3599 4528 3652 4581; x_wconf 94' lang='lat' dir='ltr'><strong>iu</strong></span> 
     </span>
    </p>
   </div>
   <div class='ocr_carea' id='block_1_89' title="bbox 398 4625 1952 4712">
    <p class='ocr_par' dir='ltr' id='par_1_89' title="bbox 398 4636 1952 4712">
     <span class='ocr_line' id='line_1_89' title="bbox 398 4636 1952 4712; baseline -0.005 -16"><span class='ocrx_word' id='word_1_641' title='bbox 398 4642 718 4712; x_wconf 83' lang='grc' dir='ltr'><strong>πταίσματα</strong></span> <span class='ocrx_word' id='word_1_642' title='bbox 740 4640 941 4711; x_wconf 74' lang='grc' dir='ltr'><strong>Γἔσχε),</strong></span> <span class='ocrx_word' id='word_1_643' title='bbox 969 4638 1301 4711; x_wconf 83' lang='grc' dir='ltr'><strong>κατώρθωσε</strong></span> <span class='ocrx_word' id='word_1_644' title='bbox 1333 4637 1518 4709; x_wconf 80' lang='grc' dir='ltr'><strong>μέντοι</strong></span> <span class='ocrx_word' id='word_1_645' title='bbox 1546 4637 1617 4690; x_wconf 74' lang='grc' dir='ltr'><strong>τά</strong></span> <span class='ocrx_word' id='word_1_646' title='bbox 1646 4636 1817 4689; x_wconf 86' lang='grc' dir='ltr'><strong>πλείω</strong></span> <span class='ocrx_word' id='word_1_647' title='bbox 1839 4652 1854 4668; x_wconf 78' lang='grc' dir='ltr'><strong>ο</strong></span> <span class='ocrx_word' id='word_1_648' title='bbox 1888 4638 1952 4689; x_wconf 76' lang='grc' dir='ltr'><strong>διε</strong></span> 
     </span>
    </p>
   </div>
   <div class='ocr_carea' id='block_1_90' title="bbox 2056 4625 3654 4712">
    <p class='ocr_par' dir='ltr' id='par_1_90' title="bbox 2080 4625 3654 4702">
     <span class='ocr_line' id='line_1_90' title="bbox 2080 4625 3654 4702; baseline -0.01 -16"><span class='ocrx_word' id='word_1_649' title='bbox 2080 4632 2353 4702; x_wconf 84' lang='lat' dir='ltr'><strong>plerisque</strong></span> <span class='ocrx_word' id='word_1_650' title='bbox 2391 4638 2570 4683; x_wconf 78' lang='lat' dir='ltr'><strong>tanien</strong></span> <span class='ocrx_word' id='word_1_651' title='bbox 2615 4642 2877 4698; x_wconf 89' lang='lat' dir='ltr'><strong>prospero</strong></span> <span class='ocrx_word' id='word_1_652' title='bbox 2918 4625 3151 4680; x_wconf 68' lang='lat' dir='ltr'><strong>fortunae</strong></span> <span class='ocrx_word' id='word_1_653' title='bbox 3196 4636 3454 4677; x_wconf 84' lang='lat' dir='ltr'><strong>successu</strong></span> <span class='ocrx_word' id='word_1_654' title='bbox 3502 4636 3654 4676; x_wconf 82' lang='lat' dir='ltr'><strong>usus.</strong></span> 
     </span>
    </p>
   </div>
   <div class='ocr_carea' id='block_1_91' title="bbox 400 4716 1952 4801">
    <p class='ocr_par' dir='ltr' id='par_1_91' title="bbox 400 4727 1952 4799">
     <span class='ocr_line' id='line_1_91' title="bbox 400 4727 1952 4799; baseline -0.008 -9"><span class='ocrx_word' id='word_1_655' title='bbox 400 4735 458 4790; x_wconf 78' lang='grc' dir='ltr'><strong>δὲ</strong></span> <span class='ocrx_word' id='word_1_656' title='bbox 491 4733 801 4799; x_wconf 75' lang='grc' dir='ltr'><strong>Βυζαντίων</strong></span> <span class='ocrx_word' id='word_1_657' title='bbox 831 4734 926 4787; x_wconf 80' lang='grc' dir='ltr'><strong>ἐπὶ</strong></span> <span class='ocrx_word' id='word_1_658' title='bbox 952 4731 1207 4785; x_wconf 87' lang='grc' dir='ltr'><strong>Βιθυνίαν</strong></span> <span class='ocrx_word' id='word_1_659' title='bbox 1244 4729 1519 4785; x_wconf 87' lang='grc' dir='ltr'><strong>διαϐαλὼν</strong></span> <span class='ocrx_word' id='word_1_660' title='bbox 1539 4769 1555 4795; x_wconf 93' lang='grc'><strong>,</strong></span> <span class='ocrx_word' id='word_1_661' title='bbox 1595 4727 1850 4784; x_wconf 84' lang='grc' dir='ltr'><strong>κάκεῖθεν</strong></span> <span class='ocrx_word' id='word_1_662' title='bbox 1887 4729 1952 4779; x_wconf 78' lang='grc' dir='ltr'><strong>ἐπ</strong></span> 
     </span>
    </p>
   </div>
   <div class='ocr_carea' id='block_1_92' title="bbox 2056 4716 3659 4801">
    <p class='ocr_par' dir='ltr' id='par_1_92' title="bbox 2080 4716 3659 4793">
     <span class='ocr_line' id='line_1_92' title="bbox 2080 4716 3659 4793; baseline -0.008 -14"><span class='ocrx_word' id='word_1_663' title='bbox 2080 4724 2291 4791; x_wconf 90' lang='lat' dir='ltr'><strong>Perque</strong></span> <span class='ocrx_word' id='word_1_664' title='bbox 2328 4720 2750 4793; x_wconf 78' lang='lat' dir='ltr'><strong>Byzantinorutn</strong></span> <span class='ocrx_word' id='word_1_665' title='bbox 2793 4717 2930 4774; x_wconf 84' lang='lat' dir='ltr'><strong>ﬁnes</strong></span> <span class='ocrx_word' id='word_1_666' title='bbox 2974 4718 3028 4772; x_wconf 91' lang='lat' dir='ltr'><strong>in</strong></span> <span class='ocrx_word' id='word_1_667' title='bbox 3074 4716 3374 4787; x_wconf 81' lang='lat' dir='ltr'><strong>Bithyniam</strong></span> <span class='ocrx_word' id='word_1_668' title='bbox 3404 4728 3659 4785; x_wconf 70' lang='lat' dir='ltr'><strong>progres-</strong></span> 
     </span>
    </p>
   </div>
   <div class='ocr_carea' id='block_1_93' title="bbox 399 4806 1952 4896">
    <p class='ocr_par' dir='ltr' id='par_1_93' title="bbox 399 4820 1952 4896">
     <span class='ocr_line' id='line_1_93' title="bbox 399 4820 1952 4896; baseline -0.006 -17"><span class='ocrx_word' id='word_1_669' title='bbox 399 4826 655 4890; x_wconf 85' lang='grc' dir='ltr'><strong>Νίκαιαν,</strong></span> <span class='ocrx_word' id='word_1_670' title='bbox 694 4825 799 4896; x_wconf 79' lang='grc' dir='ltr'><strong>τῆς</strong></span> <span class='ocrx_word' id='word_1_671' title='bbox 838 4822 1066 4896; x_wconf 87' lang='grc' dir='ltr'><strong>πορείας</strong></span> <span class='ocrx_word' id='word_1_672' title='bbox 1097 4821 1251 4893; x_wconf 74' lang='grc' dir='ltr'><strong>ἔστη.</strong></span> <span class='ocrx_word' id='word_1_673' title='bbox 1293 4821 1568 4884; x_wconf 81' lang='grc' dir='ltr'><strong>Ὡσαύτως</strong></span> <span class='ocrx_word' id='word_1_674' title='bbox 1616 4820 1675 4874; x_wconf 80' lang='grc' dir='ltr'><strong>δὲ</strong></span> <span class='ocrx_word' id='word_1_675' title='bbox 1708 4820 1803 4873; x_wconf 74' lang='grc' dir='ltr'><strong>καὶ</strong></span> <span class='ocrx_word' id='word_1_676' title='bbox 1845 4820 1952 4889; x_wconf 83' lang='grc' dir='ltr'><strong>Φιμ</strong></span> 
     </span>
    </p>
   </div>
   <div class='ocr_carea' id='block_1_94' title="bbox 2056 4806 3656 4896">
    <p class='ocr_par' dir='ltr' id='par_1_94' title="bbox 2083 4806 3656 4881">
     <span class='ocr_line' id='line_1_94' title="bbox 2083 4806 3656 4881; baseline -0.006 -12"><span class='ocrx_word' id='word_1_677' title='bbox 2083 4830 2199 4881; x_wconf 86' lang='lat' dir='ltr'><strong>sus,</strong></span> <span class='ocrx_word' id='word_1_678' title='bbox 2258 4824 2311 4869; x_wconf 89' lang='lat' dir='ltr'><strong>et</strong></span> <span class='ocrx_word' id='word_1_679' title='bbox 2356 4814 2479 4868; x_wconf 90' lang='lat' dir='ltr'><strong>inde</strong></span> <span class='ocrx_word' id='word_1_680' title='bbox 2517 4810 2755 4866; x_wconf 64' lang='lat' dir='ltr'><strong>Nicaeam</strong></span> <span class='ocrx_word' id='word_1_681' title='bbox 2809 4824 3025 4874; x_wconf 81' lang='lat' dir='ltr'><strong>versus,</strong></span> <span class='ocrx_word' id='word_1_682' title='bbox 3076 4810 3272 4863; x_wconf 84' lang='lat' dir='ltr'><strong>stativa</strong></span> <span class='ocrx_word' id='word_1_683' title='bbox 3322 4806 3532 4862; x_wconf 83' lang='lat' dir='ltr'><strong>habuit.</strong></span> <span class='ocrx_word' id='word_1_684' title='bbox 3587 4807 3656 4859; x_wconf 78' lang='lat' dir='ltr'><strong>At</strong></span> 
     </span>
    </p>
   </div>
   <div class='ocr_carea' id='block_1_95' title="bbox 404 4895 1952 4989">
    <p class='ocr_par' dir='ltr' id='par_1_95' title="bbox 404 4895 1951 4989">
     <span class='ocr_line' id='line_1_95' title="bbox 404 4895 1951 4989; baseline -0.006 -19"><span class='ocrx_word' id='word_1_685' title='bbox 404 4916 565 4989; x_wconf 86' lang='grc' dir='ltr'><strong>ϐρίας</strong></span> <span class='ocrx_word' id='word_1_686' title='bbox 599 4918 717 4987; x_wconf 75' lang='grc' dir='ltr'><strong>ἅμα</strong></span> <span class='ocrx_word' id='word_1_687' title='bbox 745 4895 860 4979; x_wconf 78' lang='grc' dir='ltr'><strong>τοῖς</strong></span> <span class='ocrx_word' id='word_1_688' title='bbox 910 4918 1007 4969; x_wconf 79' lang='grc' dir='ltr'><strong>σὺν</strong></span> <span class='ocrx_word' id='word_1_689' title='bbox 1043 4912 1193 4984; x_wconf 78' lang='grc' dir='ltr'><strong>αὐτῷ</strong></span> <span class='ocrx_word' id='word_1_690' title='bbox 1220 4911 1606 4983; x_wconf 84' lang='grc' dir='ltr'><strong>διεπεραιώθη.</strong></span> <span class='ocrx_word' id='word_1_691' title='bbox 1634 4910 1886 4963; x_wconf 79' lang='grc' dir='ltr'><strong>Φλάκκου</strong></span> <span class='ocrx_word' id='word_1_692' title='bbox 1924 4908 1951 4961; x_wconf 89' lang='grc' dir='ltr'><strong>δ</strong></span> 
     </span>
    </p>
   </div>
   <div class='ocr_carea' id='block_1_96' title="bbox 2056 4895 3660 4989">
    <p class='ocr_par' dir='ltr' id='par_1_96' title="bbox 2084 4895 3660 4969">
     <span class='ocr_line' id='line_1_96' title="bbox 2084 4895 3660 4969; baseline -0.005 -11"><span class='ocrx_word' id='word_1_693' title='bbox 2084 4902 2381 4969; x_wconf 81' lang='lat' dir='ltr'><strong>Flacctnn,</strong></span> <span class='ocrx_word' id='word_1_694' title='bbox 2418 4904 2548 4957; x_wconf 90' lang='lat' dir='ltr'><strong>dum</strong></span> <span class='ocrx_word' id='word_1_695' title='bbox 2597 4902 2818 4969; x_wconf 83' lang='lat' dir='ltr'><strong>indigne</strong></span> <span class='ocrx_word' id='word_1_696' title='bbox 2864 4898 2969 4954; x_wconf 81' lang='lat' dir='ltr'><strong>fert</strong></span> <span class='ocrx_word' id='word_1_697' title='bbox 3014 4900 3080 4953; x_wconf 89' lang='lat' dir='ltr'><strong>ah</strong></span> <span class='ocrx_word' id='word_1_698' title='bbox 3114 4899 3356 4953; x_wconf 74' lang='lat' dir='ltr'><strong>exercitu</strong></span> <span class='ocrx_word' id='word_1_699' title='bbox 3407 4895 3660 4951; x_wconf 69' lang='lat' dir='ltr'><strong>Fimbriae</strong></span> 
     </span>
    </p>
   </div>
   <div class='ocr_carea' id='block_1_97' title="bbox 404 4989 1952 5078">
    <p class='ocr_par' dir='ltr' id='par_1_97' title="bbox 404 4998 1952 5078">
     <span class='ocr_line' id='line_1_97' title="bbox 404 4998 1952 5078; baseline -0.006 -18"><span class='ocrx_word' id='word_1_700' title='bbox 404 5007 846 5078; x_wconf 83' lang='grc' dir='ltr'><strong>δυσχεραίνοντος</strong></span> <span class='ocrx_word' id='word_1_701' title='bbox 879 5006 961 5060; x_wconf 84' lang='grc' dir='ltr'><strong>ὅτι</strong></span> <span class='ocrx_word' id='word_1_702' title='bbox 1000 5003 1273 5076; x_wconf 73' lang='grc' dir='ltr'><strong>Φιμϐρίαν</strong></span> <span class='ocrx_word' id='word_1_703' title='bbox 1310 5003 1548 5074; x_wconf 80' lang='grc' dir='ltr'><strong>μᾶλλον,</strong></span> <span class='ocrx_word' id='word_1_704' title='bbox 1581 5002 1676 5056; x_wconf 74' lang='grc' dir='ltr'><strong>ἅτε</strong></span> <span class='ocrx_word' id='word_1_705' title='bbox 1704 4998 1770 5071; x_wconf 82' lang='grc' dir='ltr'><strong>δὴ</strong></span> <span class='ocrx_word' id='word_1_706' title='bbox 1800 4999 1952 5070; x_wconf 74' lang='grc' dir='ltr'><strong>φίλαν</strong></span> 
     </span>
    </p>
   </div>
   <div class='ocr_carea' id='block_1_98' title="bbox 2056 4989 3661 5078">
    <p class='ocr_par' dir='ltr' id='par_1_98' title="bbox 2087 4989 3661 5065">
     <span class='ocr_line' id='line_1_98' title="bbox 2087 4989 3661 5065; baseline -0.005 -17"><span class='ocrx_word' id='word_1_707' title='bbox 2087 4996 2207 5065; x_wconf 83' lang='lat' dir='ltr'><strong>plus</strong></span> <span class='ocrx_word' id='word_1_708' title='bbox 2253 4995 2421 5050; x_wconf 87' lang='lat' dir='ltr'><strong>faveri</strong></span> <span class='ocrx_word' id='word_1_709' title='bbox 2449 5035 2466 5057; x_wconf 84' lang='lat'><strong>,</strong></span> <span class='ocrx_word' id='word_1_710' title='bbox 2525 4994 2924 5063; x_wconf 87' lang='lat' dir='ltr'><strong>imperiumque</strong></span> <span class='ocrx_word' id='word_1_711' title='bbox 2965 4991 3111 5062; x_wconf 80' lang='lat' dir='ltr'><strong>ejus,</strong></span> <span class='ocrx_word' id='word_1_712' title='bbox 3147 5000 3330 5058; x_wconf 87' lang='lat' dir='ltr'><strong>utpote</strong></span> <span class='ocrx_word' id='word_1_713' title='bbox 3376 4989 3559 5043; x_wconf 90' lang='lat' dir='ltr'><strong>mitius</strong></span> <span class='ocrx_word' id='word_1_714' title='bbox 3605 4997 3661 5040; x_wconf 87' lang='lat' dir='ltr'><strong>et</strong></span> 
     </span>
    </p>
   </div>
   <div class='ocr_carea' id='block_1_99' title="bbox 407 5080 1952 5170">
    <p class='ocr_par' dir='ltr' id='par_1_99' title="bbox 407 5092 1952 5170">
     <span class='ocr_line' id='line_1_99' title="bbox 407 5092 1952 5170; baseline -0.005 -19"><span class='ocrx_word' id='word_1_715' title='bbox 407 5098 638 5170; x_wconf 75' lang='grc' dir='ltr'><strong>ῦρώπως</strong></span> <span class='ocrx_word' id='word_1_716' title='bbox 679 5098 950 5170; x_wconf 76' lang='grc' dir='ltr'><strong>ἄρχοντα,</strong></span> <span class='ocrx_word' id='word_1_717' title='bbox 1004 5096 1067 5150; x_wconf 79' lang='grc' dir='ltr'><strong>τὸ</strong></span> <span class='ocrx_word' id='word_1_718' title='bbox 1114 5095 1314 5167; x_wconf 81' lang='grc' dir='ltr'><strong>πλῆθος</strong></span> <span class='ocrx_word' id='word_1_719' title='bbox 1351 5092 1598 5167; x_wconf 70' lang='grc' dir='ltr'><strong>Ῑάρχειν]</strong></span> <span class='ocrx_word' id='word_1_720' title='bbox 1628 5093 1843 5161; x_wconf 74' lang='grc' dir='ltr'><strong>ἠγάπα,</strong></span> <span class='ocrx_word' id='word_1_721' title='bbox 1893 5107 1952 5145; x_wconf 86' lang='grc' dir='ltr'><strong>κα</strong></span> 
     </span>
    </p>
   </div>
   <div class='ocr_carea' id='block_1_100' title="bbox 2056 5080 3659 5170">
    <p class='ocr_par' dir='ltr' id='par_1_100' title="bbox 2091 5080 3659 5156">
     <span class='ocr_line' id='line_1_100' title="bbox 2091 5080 3659 5156; baseline -0.009 -9"><span class='ocrx_word' id='word_1_722' title='bbox 2091 5089 2400 5154; x_wconf 86' lang='lat' dir='ltr'><strong>humanius,</strong></span> <span class='ocrx_word' id='word_1_723' title='bbox 2433 5085 2702 5156; x_wconf 71' lang='lat' dir='ltr'><strong>prtcferri,</strong></span> <span class='ocrx_word' id='word_1_724' title='bbox 2745 5087 2975 5154; x_wconf 86' lang='lat' dir='ltr'><strong>ideoque</strong></span> <span class='ocrx_word' id='word_1_725' title='bbox 3018 5092 3074 5139; x_wconf 88' lang='lat' dir='ltr'><strong>et</strong></span> <span class='ocrx_word' id='word_1_726' title='bbox 3116 5083 3288 5152; x_wconf 84' lang='lat' dir='ltr'><strong>ipsum</strong></span> <span class='ocrx_word' id='word_1_727' title='bbox 3328 5093 3384 5135; x_wconf 80' lang='lat' dir='ltr'><strong>et</strong></span> <span class='ocrx_word' id='word_1_728' title='bbox 3430 5080 3659 5134; x_wconf 86' lang='lat' dir='ltr'><strong>militum</strong></span> 
     </span>
    </p>
   </div>
   <div class='ocr_carea' id='block_1_101' title="bbox 408 5172 1952 5262">
    <p class='ocr_par' dir='ltr' id='par_1_101' title="bbox 408 5184 1952 5262">
     <span class='ocr_line' id='line_1_101' title="bbox 408 5184 1952 5262; baseline -0.006 -17"><span class='ocrx_word' id='word_1_729' title='bbox 408 5191 907 5262; x_wconf 82' lang='grc' dir='ltr'><strong>ὃιαλοιδορουμένου</strong></span> <span class='ocrx_word' id='word_1_730' title='bbox 938 5189 1088 5260; x_wconf 86' lang='grc' dir='ltr'><strong>αύτῷ</strong></span> <span class='ocrx_word' id='word_1_731' title='bbox 1125 5203 1186 5241; x_wconf 86' lang='grc' dir='ltr'><strong>τε</strong></span> <span class='ocrx_word' id='word_1_732' title='bbox 1221 5189 1315 5241; x_wconf 74' lang='grc' dir='ltr'><strong>καὶ</strong></span> <span class='ocrx_word' id='word_1_733' title='bbox 1342 5187 1453 5240; x_wconf 85' lang='grc' dir='ltr'><strong>τῶν</strong></span> <span class='ocrx_word' id='word_1_734' title='bbox 1485 5184 1836 5256; x_wconf 81' lang='grc' dir='ltr'><strong>στρατιωτῶν</strong></span> <span class='ocrx_word' id='word_1_735' title='bbox 1877 5184 1952 5236; x_wconf 69' lang='grc' dir='ltr'><strong>τοι</strong></span> 
     </span>
    </p>
   </div>
   <div class='ocr_carea' id='block_1_102' title="bbox 2056 5172 3658 5262">
    <p class='ocr_par' dir='ltr' id='par_1_102' title="bbox 2092 5172 3658 5246">
     <span class='ocr_line' id='line_1_102' title="bbox 2092 5172 3658 5246; baseline -0.008 -9"><span class='ocrx_word' id='word_1_736' title='bbox 2092 5180 2386 5243; x_wconf 84' lang='lat' dir='ltr'><strong>nobiliores</strong></span> <span class='ocrx_word' id='word_1_737' title='bbox 2418 5180 2766 5240; x_wconf 85' lang='lat' dir='ltr'><strong>criminatur,</strong></span> <span class='ocrx_word' id='word_1_738' title='bbox 2803 5181 2908 5231; x_wconf 90' lang='lat' dir='ltr'><strong>duo</strong></span> <span class='ocrx_word' id='word_1_739' title='bbox 2944 5192 3054 5246; x_wconf 69' lang='lat' dir='ltr'><strong>prae</strong></span> <span class='ocrx_word' id='word_1_740' title='bbox 3083 5175 3205 5229; x_wconf 88' lang='lat' dir='ltr'><strong>aliis</strong></span> <span class='ocrx_word' id='word_1_741' title='bbox 3231 5175 3308 5227; x_wconf 85' lang='lat' dir='ltr'><strong>ira</strong></span> <span class='ocrx_word' id='word_1_742' title='bbox 3345 5172 3658 5227; x_wconf 65' lang='lat' dir='ltr'><strong>inflammat:</strong></span> 
     </span>
    </p>
   </div>
   <div class='ocr_carea' id='block_1_103' title="bbox 410 5265 1952 5352">
    <p class='ocr_par' dir='ltr' id='par_1_103' title="bbox 410 5271 1952 5352">
     <span class='ocr_line' id='line_1_103' title="bbox 410 5271 1952 5352; baseline -0.006 -18"><span class='ocrx_word' id='word_1_743' title='bbox 410 5282 881 5352; x_wconf 80' lang='grc' dir='ltr'><strong>ἑπιφανεστέροις,</strong></span> <span class='ocrx_word' id='word_1_744' title='bbox 912 5279 1007 5334; x_wconf 89' lang='grc' dir='ltr'><strong>δύο</strong></span> <span class='ocrx_word' id='word_1_745' title='bbox 1037 5280 1147 5332; x_wconf 85' lang='grc' dir='ltr'><strong>τῶν</strong></span> <span class='ocrx_word' id='word_1_746' title='bbox 1173 5277 1348 5333; x_wconf 79' lang='grc' dir='ltr'><strong>ἄλλων</strong></span> <span class='ocrx_word' id='word_1_747' title='bbox 1395 5276 1556 5330; x_wconf 82' lang='grc' dir='ltr'><strong>πλέον</strong></span> <span class='ocrx_word' id='word_1_748' title='bbox 1578 5277 1658 5338; x_wconf 80' lang='grc' dir='ltr'><strong>είς</strong></span> <span class='ocrx_word' id='word_1_749' title='bbox 1704 5275 1875 5346; x_wconf 68' lang='grc' dir='ltr'><strong>ὀργὴν</strong></span> <span class='ocrx_word' id='word_1_750' title='bbox 1903 5271 1952 5338; x_wconf 75' lang='grc' dir='ltr'><strong>ἐξ</strong></span> 
     </span>
    </p>
   </div>
   <div class='ocr_carea' id='block_1_104' title="bbox 2056 5265 3662 5352">
    <p class='ocr_par' dir='ltr' id='par_1_104' title="bbox 2092 5265 3662 5338">
     <span class='ocr_line' id='line_1_104' title="bbox 2092 5265 3662 5338; baseline -0.007 -9"><span class='ocrx_word' id='word_1_751' title='bbox 2092 5275 2383 5330; x_wconf 85' lang='lat' dir='ltr'><strong>trucidant.</strong></span> <span class='ocrx_word' id='word_1_752' title='bbox 2430 5272 2548 5338; x_wconf 85' lang='lat' dir='ltr'><strong>Quo</strong></span> <span class='ocrx_word' id='word_1_753' title='bbox 2575 5272 2792 5326; x_wconf 87' lang='lat' dir='ltr'><strong>nomine</strong></span> <span class='ocrx_word' id='word_1_754' title='bbox 2821 5279 3044 5325; x_wconf 80' lang='lat' dir='ltr'><strong>senatus</strong></span> <span class='ocrx_word' id='word_1_755' title='bbox 3074 5267 3327 5323; x_wconf 71' lang='lat' dir='ltr'><strong>Fimbria:</strong></span> <span class='ocrx_word' id='word_1_756' title='bbox 3354 5265 3513 5321; x_wconf 86' lang='lat' dir='ltr'><strong>irasci</strong></span> <span class='ocrx_word' id='word_1_757' title='bbox 3543 5265 3662 5335; x_wconf 88' lang='lat' dir='ltr'><strong>qui-</strong></span> 
     </span>
    </p>
   </div>
   <div class='ocr_carea' id='block_1_105' title="bbox 409 5358 1952 5443">
    <p class='ocr_par' dir='ltr' id='par_1_105' title="bbox 409 5362 1952 5443">
     <span class='ocr_line' id='line_1_105' title="bbox 409 5362 1952 5443; baseline -0.005 -17"><span class='ocrx_word' id='word_1_758' title='bbox 409 5374 669 5443; x_wconf 83' lang='grc' dir='ltr'><strong>αφθέντες</strong></span> <span class='ocrx_word' id='word_1_759' title='bbox 688 5375 1126 5442; x_wconf 83' lang='grc' dir='ltr'><strong>ἀποσφάττουσιν</strong></span> <span class='ocrx_word' id='word_1_760' title='bbox 1151 5373 1335 5427; x_wconf 81' lang='grc' dir='ltr'><strong>αὐτόν.</strong></span> <span class='ocrx_word' id='word_1_761' title='bbox 1366 5368 1484 5439; x_wconf 53' lang='grc' dir='ltr'><strong>Ἑφμ</strong></span> <span class='ocrx_word' id='word_1_762' title='bbox 1515 5362 1596 5433; x_wconf 78' lang='grc' dir='ltr'><strong>οἷς</strong></span> <span class='ocrx_word' id='word_1_763' title='bbox 1618 5369 1658 5439; x_wconf 71' lang='grc' dir='ltr'><strong>ἡ</strong></span> <span class='ocrx_word' id='word_1_764' title='bbox 1688 5367 1952 5439; x_wconf 77' lang='grc' dir='ltr'><strong>σύγκλητο</strong></span> 
     </span>
    </p>
   </div>
   <div class='ocr_carea' id='block_1_106' title="bbox 2056 5358 3663 5443">
    <p class='ocr_par' dir='ltr' id='par_1_106' title="bbox 2095 5358 3663 5433">
     <span class='ocr_line' id='line_1_106' title="bbox 2095 5358 3663 5433; baseline -0.006 -13"><span class='ocrx_word' id='word_1_765' title='bbox 2095 5367 2240 5432; x_wconf 90' lang='lat' dir='ltr'><strong>dem,</strong></span> <span class='ocrx_word' id='word_1_766' title='bbox 2276 5369 2371 5422; x_wconf 86' lang='lat' dir='ltr'><strong>sed</strong></span> <span class='ocrx_word' id='word_1_767' title='bbox 2407 5374 2586 5419; x_wconf 88' lang='lat' dir='ltr'><strong>tamen</strong></span> <span class='ocrx_word' id='word_1_768' title='bbox 2628 5363 2967 5420; x_wconf 84' lang='lat' dir='ltr'><strong>dissimulata</strong></span> <span class='ocrx_word' id='word_1_769' title='bbox 3010 5361 3379 5433; x_wconf 87' lang='lat' dir='ltr'><strong>indignatione</strong></span> <span class='ocrx_word' id='word_1_770' title='bbox 3412 5358 3663 5416; x_wconf 85' lang='lat' dir='ltr'><strong>consula-</strong></span> 
     </span>
    </p>
   </div>
   <div class='ocr_carea' id='block_1_107' title="bbox 1679 5478 2349 5536">
    <p class='ocr_par' dir='ltr' id='par_1_107' title="bbox 1679 5478 2349 5536">
     <span class='ocr_line' id='line_1_107' title="bbox 1679 5478 2349 5536; baseline 0 -1"><span class='ocrx_word' id='word_1_771' title='bbox 1679 5478 1920 5536; x_wconf 66' lang='lat' dir='ltr'><strong>VARIE</strong></span> <span class='ocrx_word' id='word_1_772' title='bbox 1945 5478 2349 5536; x_wconf 71' lang='lat' dir='ltr'><strong>LECTIONILS.</strong></span> 
     </span>
    </p>
   </div>
   <div class='ocr_carea' id='block_1_108' title="bbox 517 5564 3668 5647">
    <p class='ocr_par' dir='ltr' id='par_1_108' title="bbox 517 5564 3668 5647">
     <span class='ocr_line' id='line_1_108' title="bbox 517 5564 3668 5647; baseline -0.003 -20"><span class='ocrx_word' id='word_1_773' title='bbox 517 5574 534 5647; x_wconf 59' lang='grc' dir='ltr'><em>ξ</em></span> <span class='ocrx_word' id='word_1_774' title='bbox 569 5572 855 5629; x_wconf 77' lang='grc' dir='ltr'><strong>κτισθέντα</strong></span> <span class='ocrx_word' id='word_1_775' title='bbox 882 5592 943 5640; x_wconf 78' lang='grc' dir='ltr'><strong>ς.</strong></span> <span class='ocrx_word' id='word_1_776' title='bbox 1020 5576 1040 5607; x_wconf 86' lang='grc'>¹</span> <span class='ocrx_word' id='word_1_777' title='bbox 1071 5572 1131 5647; x_wconf 73' lang='grc' dir='ltr'><strong>τὸ</strong></span> <span class='ocrx_word' id='word_1_778' title='bbox 1161 5575 1477 5647; x_wconf 82' lang='grc' dir='ltr'><strong>στράτευμα</strong></span> <span class='ocrx_word' id='word_1_779' title='bbox 1510 5594 1571 5640; x_wconf 82' lang='grc' dir='ltr'><strong>ς.</strong></span> <span class='ocrx_word' id='word_1_780' title='bbox 1594 5646 1597 5647; x_wconf 15' lang='grc' dir='ltr'><em>ν</em></span> <span class='ocrx_word' id='word_1_781' title='bbox 1619 5575 1668 5647; x_wconf 27' lang='grc'><strong>,³</strong></span> <span class='ocrx_word' id='word_1_782' title='bbox 1700 5575 1902 5645; x_wconf 88' lang='grc' dir='ltr'><strong>πλῆθος</strong></span> <span class='ocrx_word' id='word_1_783' title='bbox 1942 5574 2007 5631; x_wconf 75' lang='grc' dir='ltr'><strong>Α.</strong></span> <span class='ocrx_word' id='word_1_784' title='bbox 2028 5573 2106 5647; x_wconf 63' lang='grc' dir='ltr'><strong>⁸τὸ</strong></span> <span class='ocrx_word' id='word_1_785' title='bbox 2155 5573 2338 5628; x_wconf 85' lang='grc' dir='ltr'><strong>πλεῖον</strong></span> <span class='ocrx_word' id='word_1_786' title='bbox 2367 5590 2429 5647; x_wconf 53' lang='grc' dir='ltr'><strong>ς,</strong></span> <span class='ocrx_word' id='word_1_787' title='bbox 2542 5572 2931 5647; x_wconf 35' lang='grc' dir='ltr'><strong>ξλουκίνσιονΑ</strong></span> <span class='ocrx_word' id='word_1_788' title='bbox 2953 5567 3221 5640; x_wconf 84' lang='grc' dir='ltr'><strong>όρτίνσιον</strong></span> <span class='ocrx_word' id='word_1_789' title='bbox 3274 5566 3339 5621; x_wconf 80' lang='grc' dir='ltr'><strong>Δ.</strong></span> <span class='ocrx_word' id='word_1_790' title='bbox 3400 5564 3668 5620; x_wconf 84' lang='grc' dir='ltr'><strong>λουϐίσιον</strong></span> 
     </span>
    </p>
   </div>
   <div class='ocr_carea' id='block_1_109' title="bbox 412 5642 1952 5731">
    <p class='ocr_par' dir='ltr' id='par_1_109' title="bbox 412 5642 1952 5731">
     <span class='ocr_line' id='line_1_109' title="bbox 412 5642 1952 5731; baseline 0.001 -34"><span class='ocrx_word' id='word_1_791' title='bbox 412 5643 648 5712; x_wconf 82' lang='grc' dir='ltr'><strong>όρτίσιον</strong></span> <span class='ocrx_word' id='word_1_792' title='bbox 680 5662 742 5710; x_wconf 81' lang='grc' dir='ltr'><strong>ς’.</strong></span> <span class='ocrx_word' id='word_1_793' title='bbox 770 5647 1035 5731; x_wconf 39' lang='grc' dir='ltr'><strong>,ευιιωίι</strong></span> <span class='ocrx_word' id='word_1_794' title='bbox 1080 5642 1339 5716; x_wconf 62' lang='lat' dir='ltr'><strong>Scaliger.</strong></span> <span class='ocrx_word' id='word_1_795' title='bbox 1402 5642 1437 5681; x_wconf 77' lang='grc'><strong>’⁵</strong></span> <span class='ocrx_word' id='word_1_796' title='bbox 1466 5645 1713 5714; x_wconf 73' lang='grc' dir='ltr'><strong>χιλιάδας</strong></span> <span class='ocrx_word' id='word_1_797' title='bbox 1735 5648 1777 5700; x_wconf 77' lang='grc' dir='ltr'>Α</span> <span class='ocrx_word' id='word_1_798' title='bbox 1797 5642 1817 5700; x_wconf 56' lang='grc' dir='ltr'><strong>ἐ</strong></span> <span class='ocrx_word' id='word_1_799' title='bbox 1851 5662 1952 5713; x_wconf 81' lang='grc' dir='ltr'><strong>μυρ</strong></span> 
     </span>
    </p>
   </div>
   <div class='ocr_carea' id='block_1_110' title="bbox 2056 5642 3071 5731">
    <p class='ocr_par' dir='ltr' id='par_1_110' title="bbox 2056 5642 3071 5709">
     <span class='ocr_line' id='line_1_110' title="bbox 2056 5642 3071 5709; baseline -0.008 -9"><span class='ocrx_word' id='word_1_800' title='bbox 2056 5662 2117 5708; x_wconf 70' lang='grc' dir='ltr'><strong>ας</strong></span> <span class='ocrx_word' id='word_1_801' title='bbox 2150 5662 2211 5709; x_wconf 85' lang='grc' dir='ltr'><strong>ς.</strong></span> <span class='ocrx_word' id='word_1_802' title='bbox 2289 5646 2310 5676; x_wconf 82' lang='grc'>⁶</span> <span class='ocrx_word' id='word_1_803' title='bbox 2341 5645 2431 5698; x_wconf 81' lang='grc' dir='ltr'><strong>τοῦ</strong></span> <span class='ocrx_word' id='word_1_804' title='bbox 2473 5643 2708 5708; x_wconf 81' lang='grc' dir='ltr'><strong>πολέμου</strong></span> <span class='ocrx_word' id='word_1_805' title='bbox 2750 5642 3071 5699; x_wconf 68' lang='grc' dir='ltr'><strong>δυιιιιοΐοτιιδ.</strong></span> 
     </span>
    </p>
   </div>
  </div>
