3972 6248
355 358 460 425 913

1388 366 2172 432 BlBl.IOTIlECA.—COD.
2203 371 2496 432 CCXXIV.

3498 361 3599 423 014

353 472 472 544 βίον
502 473 801 542 φιλόσοφοι,
852 473 944 527 τὸν
987 473 1324 546 Μιθριδάτην
1363 476 1562 546 μᾶλλον
1593 477 1843 546 διέσυρον
1890 477 1912 546 ἦ

2028 488 2218 548 parent
2250 479 2612 534 Mithridatem
2639 490 2800 548 quam
2826 473 3291 543 commendarent)
3323 473 3376 528 in
3413 486 3594 542 regem

356 563 654 627 συνίστων)
693 563 916 634 ὥρμητο
949 565 1042 616 ἐπὶ
1078 564 1168 617 τὸν
1204 564 1558 634 Μιθριδάτην.
1595 564 1706 617 Καὶ
1751 564 1828 634 τῷ
1861 581 1920 617 τε

341 642 755 718 ’Καππαδοκίας
799 656 1189 728 Ἀριοϐαρζάνῃ
1223 657 1321 727 τὴν
1363 655 1535 727 ἀρχὴν
1571 653 1920 725 βεϐαιοτέραν

353 747 568 808 ἐποίει,
617 747 710 798 καὶ
759 749 852 800 ἐπὶ
898 751 1016 810 ταῖς
1056 748 1322 812 εἰσϐολαῖς
1350 749 1395 780 ¹⁶
1436 751 1533 818 τῆς
1587 742 1918 817 Μιθριδάτου

358 837 639 906 βασιλείας
693 837 864 900 κτίζει
898 839 1054 892 πόλιν
1099 839 1386 892 Ἐκίνειαν.
1442 839 1530 892 Ἐν
1570 838 1780 902 τούτοις
1804 837 1832 892 ὅ
1859 857 1918 894 τε

353 931 650 998 Μουρήνας
683 932 779 985 καὶ
808 933 837 985 ό
885 932 1221 1002 Μιθριδάτης
1265 934 1749 1004 διαπρεσῆεύονται
1785 934 1920 1004 πρὸς

365 1021 772 1089 Ἡρακλεώτας,
821 1023 923 1076 ἀνά
956 1024 1120 1096 μέρος
1149 1026 1406 1094 ἑκάτερος
1437 1026 1576 1078 κατά
1607 1025 1702 1078 τοῦ
1731 1025 1917 1096 ἐτέρου

350 1112 536 1165 καλῶν
587 1113 682 1166 ἐπὶ
733 1117 1038 1186 συμμαχίᾳ.
1084 1113 1206 1168 Τῶν
1238 1115 1336 1185 μὲν
1379 1111 1470 1168 οὖν
1511 1114 1793 1186 Ῥωμαίων
1819 1115 1918 1186 τὴν

353 1203 510 1273 ἰσχὺν
535 1204 772 1274 φοϐερὰν
822 1207 1070 1276 ἡγοῦντο,
1118 1206 1407 1278 ὠρρώδουν
1445 1206 1503 1259 δὲ
1546 1209 1640 1260 καὶ
1667 1207 1766 1278 τὴν
1802 1221 1918 1274 γει-

348 1295 564 1346 τνίασιν
595 1297 690 1348 τοῦ
752 1298 1106 1370 Μιθριδάτου.
1145 1299 1238 1352 Διὸ
1291 1299 1676 1370 ἀποκρίνονται
1706 1299 1749 1330 ¹⁷
1804 1300 1917 1362 τοῖς

351 1381 475 1455 [581
516 1386 605 1458 IL]
653 1389 781 1460 παρ’
813 1390 992 1443 αὐτῶν
1022 1391 1318 1463 πρέσϐεσιν
1349 1391 1424 1454 ὡς
1449 1391 1718 1444 τοσούτων
1757 1391 1916 1444 πολέ-

352 1492 472 1544 μων
501 1478 920 1550 ἀναρραγέντων
951 1483 1102 1552 μόλις
1129 1482 1196 1536 ἂν
1224 1481 1324 1552 τὴν
1359 1482 1494 1536 ἰδίαν
1531 1484 1718 1554 τηρεῖν
1757 1481 1917 1536 δύνα-

350 1567 498 1632 σθαι,
535 1570 664 1639 μήτι
705 1588 768 1638 γε
809 1571 1018 1642 ἑτέροις
1058 1573 1394 1644 ἐπικουρεῖν.
1439 1572 1599 1626 Ἀλλά
1631 1572 1739 1642 γάρ
1772 1573 1916 1626 Μου-

352 1659 495 1729 ρήνα
527 1660 624 1729 μὲν
654 1661 1034 1716 συνεϐούλευον
1060 1663 1160 1716 οὐκ
1183 1664 1353 1732 ὀλίγοι
1379 1664 1514 1733 πρὸς
1540 1663 1639 1735 τὴν
1664 1663 1915 1733 Σινώπην

345 1748 530 1820 ὁρμᾷν
561 1751 652 1803 καὶ
695 1753 946 1824 περὶτοῦ
983 1754 1256 1824 βασιλείου
1297 1758 1468 1810 κινεῖν
1505 1754 1596 1809 τὸν
1642 1757 1909 1826 πόλεμον,

2025 572 2193 626 movit
2227 591 2240 626 :
2277 581 2332 625 et
2368 571 2714 626 Ariobarzani
2762 583 2984 648 regnum
3021 566 3369 634 Cappadocia:
3426 566 3598 634 magis

2023 662 2307 717 confirmat
2339 679 2354 715 :
2385 671 2438 717 et
2474 661 2617 716 circa
2667 662 2968 729 ingressum
3010 658 3160 727 regni
3207 656 3588 720 Mithridatici,
3642 703 3650 712 .

2023 755 2210 810 urbem
2241 755 2421 808 condit
2448 752 2702 809 Nicaeam.
2729 753 2872 808 Inter
2899 752 3012 807 hace
3045 749 3264 804 Murena
3297 760 3352 804 et
3379 747 3587 804 Mithri-

2021 848 2196 910 dates,
2221 857 2321 916 pro
2352 859 2410 901 se
2440 845 2668 916 quisque
2700 853 2889 900 contra
2921 845 3150 898 alterum
3175 843 3382 912 legatis,
3419 843 3592 896 Hera-

2021 940 2248 994 clienses
2293 939 2358 993 de
2411 939 2627 994 auxiliis
2679 937 2987 992 sollicitant.
3041 936 3145 990 Sed
3183 950 3303 990 cum
3351 935 3588 1004 potentia

2019 1025 2385 1082 Romanorum
2418 1025 2773 1080 formidabilis
2803 1025 3075 1078 videretur
3106 1022 3254 1091 ipsis,
3281 1031 3334 1076 et
3374 1021 3585 1075 Mithri-

2019 1115 2160 1169 datis
2190 1100 2518 1170 vicinitatem
2546 1115 2704 1168 etiam
2731 1115 3001 1175 timerent,
3033 1112 3221 1180 legatis
3241 1111 3582 1181 respondent,

2020 1207 2072 1260 in
2111 1215 2261 1261 tanta
2317 1205 2582 1261 bellorum
2625 1213 2962 1273 tempestate,
3007 1202 3292 1256 difﬁculter
3336 1202 3583 1272 proprios

2018 1311 2077 1350 se
2105 1295 2247 1351 lares
2279 1294 2440 1358 tueri,
2475 1294 2669 1348 nedum
2702 1293 2824 1346 aliis
2862 1291 3068 1362 εδει
3119 1290 3364 1344 auxiliari
3405 1305 3583 1358 posse.

2017 1386 2254 1441 Murena:
2331 1395 2508 1440 tamen
2576 1399 2681 1438 non
2739 1384 2895 1452 pauci
2955 1385 3083 1437 dant
3155 1383 3473 1446 consilium,
3527 1391 3587 1434 ut

2018 1479 2270 1547 Sinopem
2315 1477 2597 1541 invadens,
2625 1475 2693 1530 de
2733 1476 2874 1544 regia
2905 1475 3016 1544 ipsa
3045 1475 3239 1527 bellum
3267 1484 3496 1529 moveat.
3527 1472 3583 1530 Si

2014 1571 2158 1626 enim
2193 1568 2331 1624 hanc
2364 1570 2589 1644 ceperit,
2634 1565 2789 1622 facile
2830 1570 2990 1622 etiam
3027 1577 3217 1621 caetera
3261 1567 3312 1622 in
3347 1577 3584 1636 potesta-

2015 1673 2122 1718 tetn
2148 1673 2395 1717 ventura.
2435 1660 2504 1716 At
2537 1653 2894 1723 Mithridates,
2937 1659 3129 1714 validis
3173 1659 3278 1713 hac
3322 1659 3586 1728 prazsidiis

2017 1757 2370 1818 communita,
2402 1751 2517 1822 ipse
2560 1750 2700 1806 bello
2725 1752 2960 1820 gerendo
3005 1749 3289 1803 incumbit.
3334 1749 3585 1818 Interque

342 1839 424 1902 ὡς
462 1842 510 1892 εί
541 1842 742 1914 ταύτην
773 1844 904 1908 ἕλοι,
931 1846 1040 1898 τῶν
1077 1846 1279 1899 λοιπῶν
1315 1848 1579 1918 κρατήσει
1624 1848 1856 1919 ῥᾳδίωςο
1888 1849 1912 1902 ό

2023 1846 2174 1900 initia
2208 1845 2294 1898 ubi
2326 1846 2391 1899 ad
2431 1859 2621 1898 manus
2648 1851 2868 1896 ventum
2888 1851 3023 1908 erat,
3061 1843 3190 1910 regii
3221 1841 3426 1895 viribus
3449 1856 3586 1908 prte-

342 1931 403 1983 δέ
459 1932 793 2004 Μιθριδάτης
837 1937 1008 2007 πολλῇ
1079 1937 1307 2008 δυνάμει
1367 1940 1916 2010 κατασφαλισάμενος

340 2020 554 2093 ταύτην
583 2025 663 2086 είς
686 2026 1110 2096 αὐτοπρόσωπον
1137 2028 1374 2098 πόλεμον
1401 2029 1770 2101 καθειστήκει.
1806 2032 1916 2086 Καὶ

341 2114 569 2183 πείραις
603 2118 700 2185 μὲν
744 2121 865 2182 ταῖς
915 2121 1036 2174 κατ’
1065 2121 1237 2191 ἀρχὰς
1268 2124 1709 2194 ἐπικρατέστερα
1742 2121 1809 2196 ἦν
1844 2124 1915 2178 τὰ

336 2205 440 2258 τοῦ
490 2207 792 2277 βασιλέως⁹
844 2209 964 2266 εἶτα
1006 2213 1086 2276 είς
1135 2214 1461 2285 ἀγχώμαλον
1493 2217 1528 2288 ή
1589 2217 1736 2288 μάχη
1794 2235 1918 2270 συν-

339 2298 612 2370 εστράφη,
653 2302 747 2354 καὶ
779 2304 858 2367 εἰς
883 2303 1036 2358 όκνον
1067 2305 1100 2375 ἡ
1137 2305 1282 2375 μάχη
1339 2307 1398 2359 τὸ
1445 2307 1723 2378 πρόθυμον
1762 2325 1918 2378 περι-

2020 1938 2243 2008 pollent.
2277 1935 2466 1992 Postea
2503 1936 2714 1990 fortuna
2749 1950 2939 2006 pugnae
2971 1943 3300 2002 exsequatur.
3339 1931 3578 1987 Tandem

2021 2031 2291 2101 praeliandi
2329 2031 2540 2083 tatdium
2572 2030 2814 2083 hostibus
2845 2026 3179 2081 alacritatem
3211 2025 3372 2079 animi
3417 2025 3584 2079 demi-

2022 2121 2156 2175 nuit.
2194 2119 2317 2173 ldeo
2352 2120 2418 2174 ad
2458 2120 2714 2173 interiora
2759 2118 2902 2173 circa
2949 2117 3144 2171 Phasin
3183 2127 3236 2171 et
3277 2117 3578 2170 Caucasum

2022 2229 2081 2269 se
2102 2213 2387 2268 convertit.
2415 2211 2633 2266 Murena
2663 2225 2792 2264 vero
2815 2209 2998 2279 copias
3027 2209 3079 2263 in
3110 2210 3292 2263 Asiam
3326 2207 3580 2272 traducit,

2023 2318 2076 2362 et
2103 2321 2196 2361 sua
2222 2316 2330 2358 tum
2355 2305 2586 2374 quisque
2613 2302 2972 2356 administrat.

339 2385 546 2457 ἔστησε
593 2391 701 2446 τῶν
728 2394 1022 2464 πολεμίων.
1063 2395 1191 2468 [756
1212 2395 1304 2468 8.]
1344 2390 1434 2450 Διδ
1461 2397 1555 2450 καὶ
1593 2395 1927 2469 Μιθριδάτης
1951 2396 2048 2468 μέν
2075 2397 2154 2459 είς
2186 2395 2254 2448 τὰ
2282 2394 2411 2464 περ).
2439 2393 2528 2446 τὸν
2571 2393 2740 2446 Φᾶσιν
2805 2392 2899 2445 καὶ
2947 2389 3040 2443 τὸν
3085 2389 3372 2444 Καύκασον
3419 2388 3582 2458 ἐτρά-

338 2500 500 2550 πετο,
544 2487 840 2558 Μουρήνας
883 2489 940 2544 δέ
967 2492 1183 2561 ἀπῆρεν
1225 2494 1304 2556 είς
1331 2492 1430 2563 τὴν
1487 2492 1693 2558 Ἀσίαν,
1722 2493 1817 2546 καὶ
1846 2494 1914 2546 τά
1942 2494 2116 2546 οἰκεῖα
2145 2491 2371 2553 ἕκαστος
2402 2479 2640 2542 διετίθει.

1051 2605 1182 2663 CAP.
1221 2607 1463 2662 XXXIX.
1491 2639 1563 2648 —
1585 2608 1798 2662 Luculli
1825 2619 1873 2662 et
1905 2608 2070 2663 Cottw
2104 2608 2156 2659 in
2201 2604 2559 2660 Mithridatem
2611 2602 2888 2670 expeditio.

417 2718 550 2772 Μετ’
597 2720 656 2772 οὐ
694 2722 862 2775 πολὺν
906 2725 962 2778 δέ
993 2725 1186 2794 χρόνον
1227 2726 1433 2789 Σύλλας
1484 2728 1542 2779 ἐν
1585 2725 1774 2798 Ῥώμῃ
1819 2738 1913 2779 τεά

339 2809 545 2882 λιυτᾷ,
585 2813 682 2866 καὶ
729 2815 1038 2884 πέμπουσιν
1087 2819 1121 2888 ή
1170 2818 1474 2889 σύγκλητος
1521 2822 1611 2873 ἐπὶ
1664 2821 1761 2891 μὲν
1813 2822 1912 2892 τὴν

340 2900 598 2954 Βιθυνίαν
626 2903 894 2975 Αὑρήλιον
923 2907 1156 2971 Κότταν,
1189 2911 1282 2962 ἐπὶ
1312 2909 1370 2964 δέ
1413 2909 1513 2981 τὴν
1557 2911 1740 2968 Ἀσίαν
1772 2912 1911 2965 Λεύ-

338 3008 463 3045 κιον
501 2994 798 3048 Λεύκολλον
825 3037 840 3061 ,
885 2991 966 3058 οἷς
1001 3001 1032 3067 ή
1070 3001 1258 3070 ἐντολὴ
1287 3002 1546 3068 πολεμεῖν
1580 3003 1905 3075 Μιθριδάτῃ.

339 3081 680 3155 Μιθριδάτης
708 3087 764 3138 δὲ
795 3087 951 3141 ἄλλον
981 3107 1040 3142 τε
1085 3093 1313 3161 στρατὸν
1346 3093 1536 3162 συχνὸν
1569 3096 1911 3164 παρεσκευάο

2090 2723 2200 2778 Nec
2224 2722 2382 2793 longe
2412 2729 2530 2791 post
2559 2719 2706 2790 Sylla
2739 2720 2922 2774 Romae
2943 2735 2974 2773 e
3002 2720 3137 2774 vivis
3160 2719 3353 2788 migrat
3379 2733 3394 2774 :
3421 2725 3476 2773 et
3499 2727 3584 2772 se-

2019 2827 2176 2871 natus
2233 2819 2286 2870 iu
2340 2813 2646 2883 Bithyniam
2699 2812 2863 2867 mittit
2916 2811 3190 2866 Aurelium
3240 2809 3475 2875 Cottam,
3529 2811 3582 2865 in

2016 2905 2199 2960 Asiam
2223 2917 2350 2958 vero
2375 2903 2435 2957 L.
2473 2901 2787 2964 Lucullum,
2841 2913 2961 2954 cum
2991 2899 3259 2953 mandatis
3300 2905 3360 2952 ut
3387 2896 3581 2951 bellum

2017 2997 2313 3052 Mithridati
2347 2994 2637 3051 facessant.
2670 2994 2737 3045 At
2767 2992 3125 3056 Mithridates,
3163 3006 3286 3045 cum
3316 2990 3476 3044 alium
3524 2989 3578 3042 in

2019 3089 2301 3160 procinctu
2346 3087 2547 3141 habens
2573 3085 2874 3138 exercitum
2907 3082 3436 3152 frequentissimum,
3471 3093 3579 3136 ttun

338 3175 490 3240 ζετο,
519 3178 613 3230 καὶ⁸
649 3179 893 3248 τριήρεις
935 3181 1033 3249 μὲν
1061 3180 1126 3245 υ’,
1168 3183 1275 3235 τῶν
1307 3181 1361 3236 δὲ
1392 3184 1730 3254 μικροτέρων
1769 3184 1911 3254 νηῶν

2019 3181 2266 3237 triremes
2297 3178 2402 3234 400
2430 3177 2754 3245 naviumque
2787 3177 3079 3238 minorum,
3121 3189 3258 3244 quas
3293 3186 3582 3243 penteoon-

335 3268 786 3336 πεντηκοντέρων
811 3271 854 3302 ’⁸
879 3287 937 3323 τε
969 3273 1063 3324 καὶ
1095 3273 1411 3342 κερκούρων
1449 3275 1679 3344 ἀριθμὸς
1709 3273 1778 3347 ἦν
1810 3277 1912 3330 οὐκ

333 3356 544 3424 ὀλίγος.
586 3359 866 3431 Διοφάντῳ
913 3362 971 3414 δέ
1017 3361 1096 3433 τῷ
1145 3364 1378 3436 Μιθάρῳ
1409 3366 1451 3398 ¹⁹
1503 3365 1734 3435 δύναμιν
1786 3369 1911 3432 δοὺς

336 3446 551 3514 πέμπει
579 3450 714 3519 πρὸς
738 3451 836 3519 τὴν
877 3451 1292 3522 Καππαδοκίαν,
1325 3458 1567 3528 φρουρὰς
1607 3460 1723 3520 ταῖς
1756 3459 1914 3511 πόλε-

342 3553 429 3588 σιν
469 3539 888 3606 ἐγκαθιστάναι,
923 3545 971 3595 εί
1007 3544 1062 3597 δέ
1111 3547 1410 3614 Λεύκολλος
1455 3551 1537 3613 είς
1569 3551 1658 3604 τὸν
1709 3552 1911 3604 Πόντον

339 3628 624 3696 ἀφίκοιτο,
703 3633 1051 3700 ὑπαντιάζειν
1113 3639 1209 3692 καὶ
1268 3641 1368 3708 τῆς
1428 3643 1616 3712 πρόσω
1687 3645 1912 3714 πορείας

336 3720 644 3788 ἀπείργειν.
682 3723 851 3786 Αὐτὸς
880 3725 936 3778 δὲ
977 3729 1092 3796 μεθ’
1121 3730 1317 3782 ἐαυτοῦ
1361 3731 1522 3794 πεζὸν
1554 3732 1650 3802 μὲν
1679 3735 1910 3801 στρατὸν

338 3807 444 3877 ⁴ἦγε
471 3818 531 3863 ιε’
565 3814 850 3882 μυριάδας,
885 3817 1066 3882 ἱππεῖς
1087 3821 1144 3872 δέ
1163 3822 1449 3892 δισχιλίους
1470 3823 1515 3854 ¹⁰
1539 3825 1632 3876 ἐπὶ
1663 3827 1776 3888 τοῖς
1809 3844 1911 3896 μυ-

340 3901 499 3966 ρίοις.
552 3903 811 3972 ’Ἀρματά
856 3925 917 3960 τε
956 3910 1348 3983 δρεπανηφόρα
1378 3915 1681 3985 συνεπῆγεν
1730 3915 1782 3966 κ’
1816 3917 1911 3970 καὶ

338 4006 408 4058 ρ,
460 3994 555 4046 καὶ
611 3995 794 4050 πᾶσαν
835 4000 1000 4069 ἄλλην
1053 4006 1422 4072 μηχανοποιὸν
1471 4007 1570 4058 οὐκ
1623 4007 1910 4064 ἐνδέουσαν

337 4082 571 4153 πληθύν.
617 4086 906 4156 Ἢπείγετο
940 4091 996 4144 δὲ
1040 4092 1127 4145 διὰ
1154 4093 1252 4164 τῆς
1283 4095 1640 4164 Τιμωνιτίδος
1689 4099 1910 4165 Παφλα-

338 4175 526 4241 γονίας
556 4177 635 4240 είς
660 4179 759 4248 τὴν
785 4181 1072 4250 Γαλατίαν,
1116 4187 1209 4238 καὶ
1242 4187 1489 4251 ἐναταῖος
1516 4190 1595 4251 είς
1628 4190 1728 4259 τήν
1753 4190 1910 4243 Βιθυέ

336 4264 457 4319 νίαν
483 4268 816 4335 ἀφικνεῖται.
855 4274 1156 4338 Λεύκολλος
1185 4276 1240 4329 δὲ
1269 4279 1482 4332 Κότταν
1509 4280 1609 4350 μὲν
1649 4282 1910 4352 ἐφορμεῖν

336 4356 553 4410 κελεύει
595 4359 674 4429 τῷ
704 4361 1086 4432 Καλχηδονίων
1115 4367 1294 4436 λιμένι
1333 4371 1498 4422 παντὶ
1531 4372 1608 4442 τῷ
1646 4373 1905 4446 ναυτικῷ.

2018 3286 2158 3330 teres
2176 3284 2229 3328 et
2264 3287 2520 3328 cercuras
2577 3270 2837 3334 vocitant,
2866 3284 2968 3322 nou
3005 3268 3228 3338 exiguus
3250 3277 3370 3320 erat
3392 3281 3578 3318 nume.

2015 3378 2124 3422 rus.
2158 3367 2517 3436 Diophantutn
2539 3364 2700 3416 etiam
2730 3361 3040 3424 Mitharum,
3059 3375 3178 3412 cum
3197 3359 3369 3413 valida
3391 3368 3579 3418 manu,

2017 3461 2068 3513 in
2113 3457 2510 3528 Cappadociam
2558 3454 2800 3515 dimittit,
2858 3460 2916 3506 ut
2962 3451 3206 3520 praesidia
3253 3449 3306 3503 in
3359 3449 3583 3503 urbibus

2018 3551 2246 3604 collocet
2275 3565 2294 3605 :
2327 3558 2403 3613 et,
2435 3547 2483 3601 si
2519 3544 2766 3598 Liteullus
2804 3543 3032 3598 Pontum
3080 3542 3411 3609 ingrediatur
3433 3582 3448 3606 ,
3490 3555 3581 3595 oc-

2017 3653 2231 3707 currat,
2281 3650 2336 3695 et
2385 3653 2724 3710 progressum
2765 3635 2880 3704 ejus
2914 3634 3257 3690 intercludat.
3295 3632 3411 3701 Ipse
3449 3643 3579 3687 Vero

2019 3733 2232 3789 150000
2265 3733 2502 3802 peditum
2544 3731 2643 3784 suh
2691 3727 2900 3783 vexillis
2948 3727 3086 3796 apud
3139 3741 3198 3779 se
3244 3725 3479 3787 retinet,
3527 3735 3583 3778 et

2018 3825 2190 3880 12000
2222 3825 2498 3894 equitum,
2522 3835 2657 3891 quos
2685 3820 2866 3875 falcati
2903 3829 3198 3888 sequuntur
3231 3831 3419 3870 currus
3450 3812 3580 3881 120,

2016 3925 2118 3972 nec
2159 3916 2264 3970 ulla
2310 3916 2683 3970 machinarum
2733 3915 2910 3970 omnis
2945 3913 3158 3981 generis
3205 3912 3356 3981 copia
3405 3909 3575 3963 abest.

2017 4007 2298 4064 Concitato
2343 4007 2504 4076 igitur
2545 4006 2757 4070 itinere,
2800 4017 2897 4074 per
2925 3991 3579 4071 Timouitidem,‘Cappa-

2018 4103 2230 4155 dociam
2268 4109 2322 4157 et
2355 4099 2620 4155 Galatiam
2682 4103 2931 4168 pergens,
2973 4098 3038 4152 ad
3088 4097 3226 4152 diem
3263 4111 3460 4150 nonum
3495 4095 3581 4147 Bi-

2022 4193 2264 4264 thyniam
2292 4194 2525 4262 attingit.
2550 4191 2801 4248 Lucullus
2837 4190 3052 4245 interim
3077 4189 3291 4244 Cottam
3335 4187 3387 4241 in
3419 4186 3579 4242 Chal-

2017 4284 2365 4339 cedoniorum
2415 4294 2572 4354 portu
2651 4283 2935 4340 stationem
2990 4280 3194 4336 habere
3253 4279 3405 4348 jubet
3457 4293 3579 4331 eum

2017 4377 2162 4430 onmi
2197 4375 2389 4430 classe.

615 4471 744 4528 CAP.
787 4469 898 4529 XL.
925 4506 996 4516 -—-
1041 4476 1402 4535 Ileraclienses
1447 4481 1744 4538 Mithridati
1794 4503 1848 4540 se
1901 4487 2194 4556 adjungunt
2231 4494 2281 4540 et
2312 4487 2614 4554 publicanos
2658 4484 2920 4539 Romanos
2957 4482 3297 4550 interﬁciunt.

408 4587 482 4640 Τὸ
517 4588 573 4641 δὲ
617 4591 948 4661 Μιθριδάτου
979 4599 1233 4651 ναυτικὸν
1263 4602 1576 4672 παραπλέον
1605 4605 1704 4673 τὴν
1739 4605 1912 4675 Ἠρά-

2086 4606 2410 4661 Mithridatis
2435 4615 2613 4660 autem
2635 4606 2823 4660 classis
2845 4603 3152 4658 Heracleam
3177 4601 3579 4673 prmterlegens,

338 4679 522 4734 κλειαν
565 4683 696 4754 παρ’
736 4685 906 4756 αὐτῆς
955 4689 1054 4741 οὐκ
1106 4691 1334 4762 ἐδέχθη,
1389 4695 1502 4748 ἀλλ’
1542 4697 1745 4767 ἀγοράν
1809 4699 1908 4766 μὲν

336 4773 718 4840 αἰτησαμένων
772 4779 1069 4848 παρέσχον.
1119 4776 1221 4836 Οἷα
1267 4783 1322 4836 δὲ
1379 4785 1559 4848 εἰκὸς,
1625 4789 1908 4856 ἐπιμιξίας

333 4863 632 4933 γενομένης
705 4867 994 4938 Ἀρχέλαος
1057 4873 1086 4925 ό
1140 4872 1237 4926 τοῦ
1298 4875 1552 4928 ναυτικοῦ
1607 4879 1909 4948 στρατηγὸς

335 4951 593 5004 συνέλαϐε
666 4955 888 5026 Σιλῆνον
919 4961 962 4990 ²¹
1017 4963 1113 5015 καὶ
1173 4963 1412 5036 Σάτυρον
1472 4969 1754 5034 ἐπιφανεῖς
1808 4971 1906 5040 τῆς

350 5039 674 5110 Ἡρακλείας
712 5046 932 5118 ἄνδρας,
965 5057 1059 5106 καί
1100 5055 1198 5107 οὐκ
1243 5057 1442 5127 ἀνῆκεν
1476 5058 1578 5121 ἕως
1613 5059 1678 5111 ἂν
1720 5039 1908 5114 ἔπεισε

336 5129 520 5184 λαϐεῖν
544 5135 708 5188 πέντε
742 5142 986 5210 τριήρεις
1014 5146 1360 5216 συμμαχίδας
1388 5151 1468 5212 εἰς
1502 5149 1594 5201 τὸν
1637 5152 1775 5204 κατὰ
1799 5152 1908 5206 τῶν

347 5219 632 5290 ⁹Ρωμαίων
681 5228 942 5299 πόλεμον.
979 5234 1091 5287 Καὶ
1137 5236 1246 5289 ἀπὸ
1285 5237 1490 5306 ταύτης
1516 5241 1615 5310 τῆς
1658 5242 1910 5310 πράξεως

340 5313 492 5382 (Ἷπερ
552 5318 645 5369 καὶ
697 5317 988 5390 Ἀρχέλαος
1041 5326 1390 5398 ἐμηχανᾶτο)
1452 5330 1552 5400 τὴν
1625 5331 1909 5400 Ῥωμαίων

338 5404 630 5474 ἀπέχθειαν
677 5410 707 5462 ό
762 5411 1149 5486 Ἡρακλεώτης
1182 5417 1352 5489 δῆμος
1391 5422 1678 5490 ἐκτήσατο.
1723 5426 1904 5493 Δημο-

341 5499 559 5563 σιωνίας
605 5501 662 5554 δὲ
705 5501 814 5557 τῶν
875 5505 1162 5576 Ῥωμαίων
1217 5510 1275 5561 ἐν
1324 5513 1445 5574 ταῖς
1481 5511 1670 5575 ἄλλαις
1721 5513 1907 5567 πόλεσι

2008 4699 2082 4752 ab
2121 4713 2184 4752 ea
2217 4714 2322 4751 non
2355 4699 2656 4766 recipitur:
2694 4697 2865 4751 forutn
2908 4705 3086 4750 tamen
3112 4697 3302 4750 venale
3342 4697 3583 4763 roganti-

2015 4790 2114 4841 bus
2146 4789 2387 4856 praabent
2423 4805 2436 4842 :
2467 4799 2518 4843 et
2541 4788 2920 4854 commerciis,
2951 4796 3011 4842 ut
3049 4787 3162 4842 fieri
3200 4787 3370 4854 solet,
3412 4789 3579 4853 initis,

2015 4879 2309 4935 Archelaus
2349 4883 2625 4950 copiarum
2675 4878 2945 4934 navalium
2994 4881 3204 4943 ductor,
3245 4879 3482 4934 Silenum
3526 4893 3583 4936 et

2016 4970 2293 5042 Satyrum,
2325 4971 2532 5026 uohilcs
2556 4987 2622 5026 ex
2651 4970 2910 5026 Heraclea
2941 4972 3110 5036 viros,
3137 4973 3578 5039 c0tupreheudit:

2013 5079 2114 5117 nec
2155 5064 2300 5131 prius
2339 5064 2576 5128 dimisit,
2625 5079 2786 5133 quatn
2833 5066 3195 5134 persuasisset
3246 5073 3300 5117 ut
3343 5066 3580 5132 quinque

2018 5157 2328 5210 triremibus
2373 5157 2546 5226 ipsum
2578 5157 2628 5211 in
2661 5157 2760 5211 hoc
2789 5173 2910 5210 cum
2953 5157 3212 5212 Romanis
3253 5158 3391 5211 bello
3426 5157 3576 5223 adju-

2013 5259 2223 5301 varent.
2268 5245 2380 5302 lloc
2423 5246 2564 5302 facto
2609 5249 2773 5317 (quod
2816 5259 2872 5303 et
2913 5249 3214 5304 Archelaus
3258 5250 3580 5302 veteratorie

2017 5338 2236 5392 molitus
2262 5338 2400 5409 erat)
2447 5339 2811 5392 Itoni-auorum
2851 5340 3184 5393 inimicitiam
3219 5339 3446 5408 p0pulus
3475 5336 3580 5392 lle-

2014 5427 2292 5481 racliensis
2315 5427 2418 5480 sibi
2449 5427 2775 5481 conciliavit.
2802 5427 2936 5480 Cum
2975 5427 3140 5495 igitur
3172 5428 3447 5482 auctiones
3482 5443 3580 5495 pu-

2014 5515 2181 5570 blicas
2203 5515 2426 5570 Romani
2463 5517 2517 5571 iu
2558 5519 2680 5574 aliis
2709 5518 3020 5573 civitatibus
3059 5519 3426 5586 instituerent,
3469 5521 3575 5575 lle-

1573 5603 1808 5660 VARIAS
1855 5606 2255 5662 LECTIONES.

409 5684 824 5777 ξξυὲξίερλξιῖξβ.
903 5690 944 5724 ¹⁷
964 5692 1325 5777 ἀπεκρίνωτο
1349 5713 1413 5763 ς,
1489 5697 1528 5730 ¹⁸
1561 5697 1680 5753 libri
1706 5702 2170 5773 πεντηκοντήρων.
2253 5703 2294 5734 ¹³
2328 5699 2574 5771 Μιθάρου
2609 5705 2688 5759 Vel
2715 5704 2973 5777 Μιθάρεω
3027 5705 3286 5775 Scaliger.

339 5752 538 5822 χιλίους
569 5758 608 5808 Α
650 5775 664 5811 ε
699 5752 792 5812 δύο
828 5778 886 5824 ς.
964 5763 1007 5794 ἰ
1039 5752 1235 5818 σιὶῖῖνον
1262 5773 1325 5820 Α.

3389 5708 3435 5739 ²⁰
3459 5708 3572 5763 δια·
