3972 6248
385 266 484 327 911

1536 257 1801 319 PHOTII
1843 252 2342 317 PATRIARCHXE
2379 253 2488 313 CI‘.

3530 239 3637 305 912

374 393 486 436 ttuu
513 380 562 434 ei
591 377 1012 435 decernendum
1062 388 1272 432 curare.
1313 374 1414 430 Hic
1450 390 1601 443 ergo,
1630 389 1819 428 omnes
1861 372 1960 427 sub

2068 370 2202 425 κατά
2222 367 2487 438 Φιμϐρίου
2513 366 2910 435 ἠγανάκτησεν.
2939 362 3131 432 Ὅμως
3172 359 3265 415 οὖν
3292 360 3391 431 τὴν
3434 360 3639 429 ἀγανάσ

378 473 603 543 imperio
626 473 812 543 copias
849 471 1073 533 habens,
1109 468 1379 529 civitates,
1413 467 1546 520 alias
1578 467 1850 521 voluntate
1888 466 1964 534 ip-

378 583 582 631 sarum,
606 565 742 619 alias
762 564 813 618 vi
842 579 937 616 sua
960 561 1223 630 adjunxit.
1246 559 1570 613 Mithridatis
1599 566 1773 612 autem
1797 558 1959 621 lilius,

378 673 496 712 cum
539 656 727 711 'I’axile
760 665 813 709 et
865 654 1167 722 Diophaqu
1210 661 1265 705 et
1308 650 1627 716 Menandre,
1668 650 1956 703 ductorum

377 748 836 819 prmstantissimis
879 746 1220 815 conjunctus,
1259 753 1313 798 et
1361 759 1556 813 magno
1604 746 1817 811 agmine
1877 742 1961 796 in-

376 850 638 904 structus,
673 838 929 893 Fimbriae
973 848 1227 892 occursat
1255 855 1269 891 :
1295 846 1349 889 et
1381 836 1555 904 primo
1598 834 1959 887 I’larharorum

379 932 524 985 vires
552 930 890 1000 praecellunt.
930 928 1109 995 Quare
1139 928 1468 983 detrimenta
1498 927 1548 979 in
1581 926 1834 979 conﬂictu
1864 940 1961 979 ac-

376 1033 572 1092 cepta,
639 1030 1024 1091 slralagemate
1089 1021 1358 1075 resarcire
1408 1020 1653 1090 cogitans
1718 1016 1958 1073 Fimbria

378 1113 571 1183 (hostis
596 1114 739 1167 enim
774 1127 998 1167 numero
1033 1112 1260 1184 militum
1283 1112 1527 1179 superior
1555 1109 1718 1181 erat),
1743 1126 1863 1163 cum
1895 1110 1960 1162 ad

379 1203 574 1259 ﬂumen
608 1205 881 1273 quoddam
931 1214 1248 1275 perventum
1281 1213 1463 1268 esset,
1505 1204 1645 1271 quod
1677 1212 1964 1270 utrumque

378 1297 675 1351 exercitum
699 1296 987 1361 divideret,
1010 1297 1181 1350 imbre
1202 1296 1301 1350 sub
1328 1310 1577 1348 auroram
1606 1296 1748 1347 forte
1770 1293 1962 1357 effuso,

377 1403 444 1443 ex
485 1389 776 1458 improviso
822 1388 1095 1442 Romanus
1152 1387 1449 1455 imperator
1494 1385 1712 1439 ﬂuvium
1779 1396 1961 1439 trans-

380 1493 622 1548 gressus,
677 1479 860 1534 hostes
909 1478 961 1532 in
1015 1479 1264 1533 tentoriis
1316 1493 1506 1530 somno
1566 1487 1817 1547 gravatos
1885 1475 1962 1530 ita

378 1573 671 1640 oppressit,
705 1580 761 1624 ut
794 1586 861 1626 ne
894 1570 1161 1625 sentirent
1190 1570 1405 1639 quidem
1435 1586 1449 1622 :
1481 1579 1536 1624 et
1565 1585 1755 1639 magna
1781 1578 1963 1638 strage

381 1662 547 1726 edita,
594 1660 972 1730 prml'ectorum
1031 1677 1137 1714 non
1193 1661 1345 1715 mttlti
1401 1670 1456 1715 et
1506 1663 1715 1730 equites
1774 1675 1958 1715 necem

2064 477 2258 531 κτησιν
2275 458 2593 528 κρύπτουσα
2614 455 2876 510 ὑπατείαν
2894 453 3041 525 αὐτῷ
3062 452 3401 524 ψηφισθῆναι
3417 452 3640 523 διεπρά-

2062 552 2210 619 ξατο.
2259 551 2318 604 Ὀ
2350 550 2427 612 δὲ,
2461 550 2644 618 πάσης
2674 546 2914 615 γεγονὼς
2952 544 3178 616 ἡγεμὼν
3204 544 3302 615 τῆς
3331 545 3638 615 δυνάμεως,

2060 644 2159 707 τὰς
2189 643 2289 713 μὲν
2323 641 2556 702 ἑκούσας
2597 641 2694 701 τάς
2723 639 2779 691 δὲ
2810 638 2905 691 καὶ
2932 636 3249 706 βιαζόμενος
3281 635 3393 688 τῶν
3430 636 3639 689 πόλεων

2062 738 2397 810 προσήγετο.
2437 735 2495 789 Ὀ
2522 734 2577 786 δὲ
2606 732 2701 786 τοῦ
2737 730 3065 801 Μιθριδάτου
3089 729 3226 795 υἷος,
3253 728 3521 799 Ταξίλλην
3546 727 3643 782 καί⁵

2061 832 2352 899 Διόφαντον
2395 827 2490 882 καὶ
2522 825 2831 894 Μένανδρον
2856 823 2983 884 τοὺς
3015 821 3271 892 ἀρίστους
3306 820 3415 874 τῶν
3441 837 3641 893 στρατ-

2062 922 2213 994 ηγῶν
2250 924 2387 993 ἔχων
2424 919 2543 991 μεθ’
2570 916 2762 972 ἑαυτοῦ
2825 915 2919 967 καὶ
2965 913 3173 981 πολλὴν
3212 912 3361 979 ἄγων
3389 911 3641 981 δύναμιν,

2060 1017 2140 1086 τῷ
2168 1014 2410 1086 Φιμϐρίᾳ
2436 1011 2755 1084 ὑπηντίαζε.
2783 1009 2864 1063 Τὰ
2892 1008 2989 1078 μὲν
3021 1005 3150 1078 [580
3182 1003 3280 1077 IL]
3317 1000 3409 1057 οὖν
3451 1003 3647 1073 πρῶτα

2062 1108 2123 1163 τὸ
2165 1106 2630 1177 ὲπικρατέστερον
2660 1102 2709 1153 οἱ
2742 1096 3008 1169 βάρϐαροι
3049 1095 3264 1167 ἔφερον.
3291 1092 3562 1162 Φιμϐρίας
3589 1093 3646 1146 δὲ

2062 1194 2493 1255 ἀνασιῖισασθαι¹Ι
2546 1191 2964 1262 στρατηγήματι
3022 1187 3120 1250 τὰς
3168 1187 3235 1239 ὲκ
3286 1183 3646 1254 παρατάξεως

2064 1287 2383 1350 ἐλαττώσεις
2407 1285 2785 1353 διανοούμενος
2816 1280 2913 1352 (τὺ
2941 1279 3052 1350 γὰρ
3099 1276 3358 1347 πολέμιον
3385 1276 3647 1344 ὑπερεῖχε

2065 1380 2320 1452 πλήθει),
2356 1379 2432 1442 ὡς
2460 1376 2552 1430 ὲπί
2582 1393 2702 1428 τινα
2747 1373 2991 1442 ποταμὸν
3024 1370 3131 1423 τῶν
3162 1367 3486 1439 μαχομένων
3518 1366 3647 1419 ἑκα-

2063 1475 2194 1545 τέρα
2218 1472 2447 1543 δύναμις
2477 1466 2579 1543 ἧκε
2616 1468 2742 1541 [T55
2772 1465 2867 1538 IL]
2895 1465 2990 1519 καὶ
3023 1464 3186 1545 μέσον
3217 1462 3424 1531 ἀμφοῖν
3454 1457 3645 1512 τοῦτον

2064 1544 2424 1637 ἐποιήσαντο,
2481 1562 2690 1632 ὄμϐρου
2744 1559 2873 1629 περὶ
2924 1559 3018 1611 τὸν
3053 1556 3075 1589 ⁸
3133 1544 3330 1626 ὄρθρον
3387 1552 3649 1623 ῥαγέντος

2063 1657 2469 1731 ἀπροσδόκητος
2496 1656 2516 1687 ⁸
2558 1655 2587 1708 ὁ
2620 1654 2729 1706 τῶν
2772 1649 3060 1720 Ῥωμαίων
3092 1645 3397 1718 στρατηγὸς
3430 1640 3644 1697 διαϐαί-

380 1725 700 1820 ellugerunt.
738 1752 880 1806 Inter
904 1766 1041 1821 quos
1070 1752 1232 1804 etiam
1259 1725 1588 1807 Mithridatis
1614 1752 1758 1820 regis
1790 1752 1951 1816 ﬁlius,

2068 1770 2145 1806 νει
2196 1750 2289 1804 τὸν
2323 1747 2603 1819 ποταμὸν,
2653 1744 2748 1798 καὶ
2792 1743 2946 1811 ὓπνῳ
2986 1740 3093 1794 τῶν
3127 1736 3404 1808 πολεμίων
3439 1736 3498 1788 ἐν
3527 1735 3648 1796 ταῖς

381 1840 699 1913 Pergamum
756 1842 829 1896 ad.
878 1854 1120 1912 patrem,
1152 1858 1255 1898 una
1300 1858 1421 1896 cum
1480 1845 1725 1911 equitum
1777 1845 1950 1899 comi-

386 1944 520 2000 tatu,
575 1936 770 2006 232a
813 1935 999 1990 salvus
1040 1940 1231 1990 evaslt.
1273 1937 1406 1989 Tam
1472 1938 1652 2003 gravis
1699 1937 1862 2005 igitur
1906 1946 1959 1989 et

390 2027 620 2092 insignis
667 2027 845 2079 clades
875 2026 964 2079 ubi
995 2025 1158 2095 regiis
1186 2026 1403 2090 accidit,
1435 2026 1679 2095 plurimm
1707 2027 1956 2080 civitates

383 2120 451 2169 ad
491 2115 764 2172 Romanos
793 2118 1160 2172 desciverunt.

2069 1843 2293 1911 σκηναῖς
2324 1838 2707 1910 κατεχομένων
2741 1831 3019 1887 ἐπιπεσὼν
3057 1828 3182 1901 μηδ’
3220 1825 3647 1896 αἰσθανομένους

2064 1932 2439 1992 κατέκτεινεν,
2471 1929 2667 1997 ὀλίγων
2691 1925 2801 1979 τῶν
2830 1925 2889 1977 ὲν
2924 1922 3246 1995 ἡγεμονίαις
3283 1915 3649 1984 διαπεφευγό-

2062 2040 2171 2079 των
2207 2023 2299 2077 τὸν
2337 2021 2557 2093 ὀλεθρον
2590 2020 2687 2073 καὶ
2720 2019 2837 2072 τῶν.
2859 2017 3090 2070 ἱππέων.
3128 2013 3266 2068 Μεθ’
3306 2003 3381 2066 ὧν
3403 2010 3500 2064 καὶ
3540 2008 3649 2062 Μι-

2075 2114 2334 2186 θριδάτης
2363 2115 2392 2168 ὁ
2423 2111 2778 2183 Μιθριδάτου,
2806 2110 2903 2163 καὶ
2939 2107 3077 2176 πρὸς
3105 2105 3166 2159 τὸ
3199 2104 3489 2176 Πέργαμον
3514 2098 3651 2171 πρὸς

381 2209 474 2263 τὸν
506 2211 723 2281 πατέρα
753 2210 1090 2281 Μιθριδάτην
1147 2211 1262 2281 ἂμα
1302 2215 1415 2276 τοῖς
1459 2211 2020 2283 συνεξιππασαμένσις
2082 2210 2425 2275 διασώζεται.
2483 2206 2642 2260 υῦτω
2701 2206 2757 2258 δὲ
2807 2202 3030 2275 βαρείας
3083 2200 3186 2270 τῆς
3224 2198 3508 2269 συμφορᾶς
3558 2191 3653 2246 καὶ

380 2303 642 2375 λαμπρᾶς
670 2309 783 2368 τοῖς
815 2305 1114 2375 βασιλικοῖς
1162 2307 1547 2379 συμπεσούσης
1567 2349 1582 2372 ,
1611 2310 1666 2362 αἱ
1697 2309 1944 2362 πλεῖσται
1969 2311 2081 2363 τῶν
2106 2308 2312 2361 πόλεων
2335 2306 2471 2377 πρὸς
2494 2306 2620 2367 τοὺς
2653 2302 2955 2371 Ῥωμαίους
2992 2298 3297 2371 μετέθεντο.

1387 2424 1514 2479 Car.
1560 2423 1822 2481 XXXVII.
1849 2456 1918 2465 —
1950 2426 2114 2498 Sylla:
2142 2442 2248 2494 pax
2302 2441 2420 2477 cum
2456 2422 2782 2476 Mithridate.

453 2529 663 2589 Interea
703 2535 874 2593 Mario
902 2553 933 2593 e
975 2539 1096 2608 fuga
1138 2541 1355 2595 domum
1408 2556 1667 2610 reverso,
1720 2551 1964 2599 metuens

386 2625 532 2695 Sylla
579 2626 727 2696 (natu
772 2629 838 2682 de
873 2630 1212 2683 inimicorum
1249 2630 1366 2698 ejus
1410 2631 1644 2685 factione
1689 2632 1774 2686 ille
1824 2633 1962 2698 erat)

389 2730 456 2769 nc
502 2718 712 2782 simile,
756 2730 976 2786 propter
1014 2721 1239 2789 injurias
1272 2722 1324 2774 in
1361 2722 1544 2786 illum,
1587 2724 1686 2776 sibi
1717 2726 1964 2778 exsilium

392 2807 695 2876 irrogaret,
725 2811 888 2864 missa
937 2811 1235 2881 legatione,
1278 2814 1343 2867 de
1378 2828 1508 2881 pace
1545 2831 1665 2868 cum
1708 2813 1967 2871 Romanis

387 2899 612 2953 consilia
668 2898 967 2956 Mithridati
1022 2904 1309 2973 suggessit.
1367 2904 1484 2970 Quo
1539 2920 1722 2973 pacem
1775 2907 1968 2973 cupide

387 2991 657 3058 amplexo,
681 3001 735 3046 et
765 3004 986 3062 regante
1010 3004 1065 3049 ut
1100 2997 1164 3049 ad
1195 2997 1571 3063 paciscendum
1593 3001 1963 3062 convenirent,

388 3078 477 3133 ille
501 3092 744 3148 prompte
766 3098 825 3137 se
852 3084 945 3137 dat
973 3085 1026 3138 in
1071 3086 1235 3140 viam.
1264 3086 1508 3155 Cumque
1535 3102 1629 3155 per
1664 3088 1876 3157 aliquod
1911 3090 1962 3141 in

2138 2542 2354 2613 Μαρίου
2403 2542 2461 2595 δὲ
2494 2539 2601 2594 ἀπὸ
2644 2538 2742 2609 τῆς
2784 2536 2965 2605 φυγῆς
3003 2532 3380 2593 ἀνασωθέντος
3420 2532 3501 2593 εἰς
3553 2530 3653 2601 τὴν

2080 2635 2300 2705 Ῥώμην
2321 2679 2334 2699 ,
2363 2633 2570 2696 Σύλλας
2599 2629 2784 2691 δεδιὼς
2811 2628 2940 2699 (τῶν
2976 2623 3416 2681 ἀντιστασιωτῶν
3445 2623 3554 2693 γάρ
3583 2620 3655 2693 ἧν

2070 2726 2313 2795 ἐκεῖνος)
2366 2724 2440 2795 μὴ
2493 2727 2560 2795 τῇ
2611 2722 2773 2791 ὁμοίᾳ
2825 2722 2970 2789 φυγῇ
3017 2717 3116 2788 τὴν
3163 2716 3241 2778 εἰς
3281 2715 3444 2768 αὐτὸν
3490 2712 3650 2783 ὓϐριν

2069 2817 2347 2888 ἀπαιτήσῃ
2369 2816 2443 2878 ¹⁰,
2477 2813 2615 2885 πρὸς
2649 2811 2987 2882 Μιθριδάτην
3017 2804 3470 2878 διεπρεσϐεύετο.
3510 2821 3651 2871 συμ-

2070 2909 2259 2972 ϐάσεις
2285 2908 2435 2978 αὐτῷ
2456 2907 2496 2937 ι’
2531 2908 2628 2967 τὰς
2655 2905 2792 2975 πρὸς
2842 2901 3150 2971 Ῥωμαίους
3192 2896 3652 2967 ὑποϐαλλόμενος.

2068 3001 2175 3056 Τοῦ
2212 3001 2268 3055 δὲ
2315 3002 2407 3054 καὶ⁵
2449 3001 2569 3061 ταῖς
2615 2995 2951 3067 συμϐάσεσιν
2998 2991 3422 3063 ἀσμενίσαντος,
3461 2988 3651 3055 azyma.

2070 3096 2195 3149 σθαι
2231 3112 2291 3148 τε
2325 3094 2418 3146 ἐπὶ
2461 3093 2689 3154 ταύταις
2731 3090 3083 3159 αἰτήσαντος,
3139 3083 3302 3145 αὐτὸς
3348 3081 3653 3151 προθύμως

388 3173 566 3227 medio
592 3174 849 3240 spatium,
877 3175 1011 3229 alter
1034 3177 1084 3230 in
1115 3178 1334 3233 alterius
1358 3193 1640 3232 occursum
1665 3179 1960 3247 processis-

2068 3185 2366 3238 ἐστέλλετο.
2394 3180 2550 3236 Οὕτω
2574 3180 2702 3250 γοῦν
2731 3177 2840 3231 τῶν
2865 3172 3178 3245 ἀναμεταξὺ
3210 3171 3455 3249 ἀλλήλων
3512 3186 3651 3241 προ-

387 3269 546 3327 sent,
589 3265 930 3333 Dardanum,
969 3267 1035 3320 ad
1080 3269 1519 3337 transigendum,
1556 3270 1633 3325 eis
1671 3271 1962 3338 hospitium

385 3357 550 3411 dedit.
604 3357 702 3423 Ibi,
740 3358 907 3428 jussis
950 3361 1204 3416 secedere
1257 3363 1521 3416 ministris
1563 3372 1618 3416 et
1654 3363 1963 3428 comitibus,

386 3458 542 3517 pacta
563 3453 695 3505 liuut
727 3451 779 3505 iu
808 3453 949 3507 hunc
980 3454 1192 3507 modum
1237 3470 1252 3508 :
1291 3470 1310 3504 ι
1341 3454 1678 3510 Mithridates
1712 3456 1966 3510 Ilontauis

384 3540 511 3595 Asia
564 3543 844 3609 concedat,
869 3545 1109 3616 Bithynis
1128 3555 1177 3598 et
1210 3544 1620 3616 Cappadocibus
1656 3561 1810 3618 reges
1833 3552 1968 3616 plte-

385 3632 496 3684 sint
542 3632 787 3699 gentiles.
850 3632 1146 3688 Mithridati
1200 3636 1368 3691 totius
1416 3636 1571 3691 Ponti
1621 3652 1847 3705 regnum
1896 3639 1967 3691 sit

385 3722 786 3777 conﬁrmatum.
827 3724 1184 3779 Peculiariter
1216 3740 1344 3780 vero
1375 3726 1534 3798 Syllae
1579 3712 1827 3797 expediat
1865 3728 1964 3781 tri-

388 3829 562 3870 remes
586 3814 656 3870 80
685 3824 737 3870 et
779 3814 920 3871 5000
966 3816 1219 3871 talentum
1240 3858 1255 3883 ,
1287 3819 1352 3873 ad
1397 3820 1628 3873 reditum
1661 3836 1820 3888 quem
1854 3821 1966 3889 ipse

384 3907 611 3961 Romam
643 3907 1318 3966 instituisset.Civitatibus
1340 3912 1481 3980 apud
1521 3910 1793 3965 Romanos
1816 3912 1957 3966 haud

387 4002 459 4054 sit
490 4016 640 4055 noxae
676 4001 819 4069 quod
845 4003 911 4053 ad
940 4000 1298 4057 Mithridatem
1346 4004 1666 4057 defecerint.
1705 4023 1723 4055 ›
1747 4004 1961 4073 quuod

385 4101 562 4146 tamen
581 4131 597 4157 ,
627 4092 779 4162 juxta
808 4094 956 4162 pacis
985 4094 1294 4159 ferundam,
1326 4112 1430 4149 non
1466 4096 1654 4155 habuit
1683 4109 1958 4152 eventum.

382 4182 518 4237 Nam
554 4185 750 4239 multas
793 4196 977 4255 postea
1024 4187 1210 4241 servili
1250 4187 1380 4258 jugo
1408 4204 1813 4259 oppresserunt.
1857 4191 1963 4247 IIo-

387 4276 612 4330 uorilice
643 4276 837 4331 dehinc
871 4276 1016 4347 Sylla
1049 4279 1101 4334 itt
1131 4278 1338 4335 Italiam
1382 4291 1607 4336 rettteat.
1640 4281 1949 4351 Mariusque

384 4369 558 4422 denuo
591 4368 722 4422 urbe
747 4370 961 4423 excedit
984 4385 998 4434 ;
1030 4381 1084 4424 et
1106 4369 1443 4426 Mithridates
1466 4374 1532 4425 ad
1557 4390 1652 4428 sua
1676 4389 1733 4427 se
1752 4374 1918 4441 refert
1942 4392 1957 4428 :

384 4458 690 4528 multasque
742 4459 918 4512 denuo
963 4470 1176 4529 gentes,
1224 4477 1346 4530 qum
1400 4474 1621 4533 propter
1674 4467 1956 4519 adversam

381 4549 499 4618 ejus
533 4551 801 4606 fortunam
835 4551 1197 4616 desciverant,
1235 4556 1337 4609 sub
1373 4571 1588 4611 tuauum
1620 4559 1840 4627 redegit.

2069 3276 2434 3347 εληλυθὸτων,
2472 3273 2742 3342 Δάρδανον
2781 3270 2976 3329 αὐτοὺς
3002 3269 3044 3299 ⁸¹
3078 3266 3169 3320 ἐπὶ
3203 3267 3322 3327 ταῖς
3359 3263 3654 3333 συνθήκαις

2070 3368 2424 3438 ὑποδέχεται,
2460 3367 2555 3420 καὶ
2600 3362 2710 3417 τῶν
2757 3361 2886 3430 περὶ
2917 3359 3114 3421 αὐτοὺς
3170 3353 3649 3427 ὑποχωρησάντων

2068 3458 2351 3529 ὁμολογίαι
2374 3457 2635 3525 γίνονται,
2658 3449 2998 3520 Μιθριδάτην
3027 3449 3127 3519 μὲν
3162 3446 3458 3512 Ῥωμαίοις
3480 3445 3651 3511 ὲκχωο

2069 3554 2182 3624 ρεῖν
2209 3551 2307 3621 τῆς
2347 3549 2553 3611 Ἀσίας,
2577 3545 2672 3601 καὶ
2701 3545 2743 3576 ¹³
2771 3540 3009 3597 Βιθυνῶν
3038 3541 3095 3593 δὲ
3137 3540 3231 3592 καὶ
3256 3534 3651 3596 Καππαδοκίας

2066 3641 2255 3711 ἄρχειν
2314 3640 2439 3702 τοὺς
2472 3638 2536 3691 ὲκ
2580 3636 2772 3705 γένους
2828 3632 3112 3703 βασιλέας,
3174 3626 3540 3698 βεϐαιωθῆναι
3586 3625 3641 3677 δὲ

2065 3733 2375 3805 Μιθριδάτῃ
2404 3732 2497 3786 τοῦ
2528 3732 2731 3785 Πόντου
2756 3728 2956 3789 παντὸς
2991 3725 3088 3795 τὴν
3129 3720 3432 3792 βασιλείαν,
3465 3734 3647 3784 παραυ

2069 3831 2216 3898 σχεῖν
2246 3826 2291 3879 δ’
2326 3825 2470 3887 ίδίως
2508 3823 2683 3894 Σύλλᾳ
2713 3822 2962 3891 τριήρεις
2990 3823 3042 3870 π’
3070 3816 3163 3869 καὶ
3208 3813 3448 3867 τάλαντα
3479 3827 3638 3878 τρισ-

2066 3917 2213 3987 χίλια
2244 3915 2382 3987 πρὸς
2422 3914 2521 3984 τὴν
2566 3913 2700 3966 ἰδίαν
2727 3912 2821 3964 ἐπὶ
2854 3909 2953 3979 τὴν
2991 3906 3214 3974 Ῥώμην
3254 3902 3516 3963 κάθοδον,
3552 3901 3645 3953 καὶ

2075 4012 2386 4083 Ῥωμαίους
2437 4010 2605 4081 μηδὲν
2656 4010 2778 4070 ταῖς
2826 4004 3016 4059 πόλεσι
3068 3999 3479 4073 μνησικακῆσαι
3530 3994 3646 4050 ἀνθ’

2062 4097 2138 4160 ὧν
2186 4103 2478 4175 μπέὸαλον
2512 4104 2593 4165 εἰς
2630 4098 2990 4168 Μιθριδάτην,
3026 4095 3075 4147 εἰ
3104 4093 3200 4148 καὶ
3256 4091 3333 4161 μὴ
3359 4088 3502 4143 κατὰ
3545 4088 3644 4149 τὰς

2062 4197 2358 4267 ὁμολογίας
2390 4193 2551 4248 τοῦτο
2599 4190 2804 4259 συνέϐη
2825 4206 2838 4219 ⁸
2895 4187 3096 4250 πολλὰς
3138 4185 3245 4252 γὰρ
3280 4181 3510 4252 ὕστερον
3539 4178 3649 4232 τᾶν

2065 4290 2275 4344 πόλεων
2297 4287 2684 4342 ὲδουλῢσαντο.
2710 4283 2917 4345 Σύλλας
2953 4282 3052 4350 μὲν
3083 4277 3175 4332 οὖν
3202 4275 3346 4329 οὓτω
3371 4270 3646 4342 λαμπρῶς

2063 4384 2144 4445 είς
2191 4380 2290 4451 τὴν
2348 4379 2577 4434 Ἰταλίαν
2623 4377 2884 4445 ἀφίκετο,
2941 4373 3039 4425 καὶ
3094 4370 3305 4438 Μάριος
3356 4362 3513 4429 αὖθις
3551 4363 3647 4431 τῆς

2065 4472 2272 4534 πόλεως
2338 4468 2700 4540 ὑπεχώρησε.
2759 4468 2854 4520 καὶ
2912 4461 3253 4530 Μιθριδάτης
3317 4454 3648 4526 ἀνέστρεψεν

1992 4535 2038 4591 D
2068 4560 2252 4612 οἴκαδε
2275 4600 2291 4621 ,
2324 4559 2497 4612 πολλὰ
2521 4560 2627 4612 τῶν
2660 4555 2755 4610 διὰ
2789 4556 2886 4623 τὴν
2922 4557 2979 4609 ὲν
3098 4547 3408 4618 κατηνέχθη
3434 4544 3477 4576 ⁸⁸
3511 4561 3649 4611 συμ-

2067 4649 2240 4720 φοράν
2266 4650 2623 4704 ἀποστάντων
2651 4647 2823 4701 ἐθνῶν
2852 4646 2911 4711 ἐξ
2938 4641 3189 4713 ὑπαρχῆς
3214 4636 3643 4710 χειρωσάμενος.

518 4780 648 4835 Car.
674 4781 965 4838 XXXVIII.
997 4808 1065 4823 ι-
1100 4783 1325 4839 Murena
1364 4785 1552 4839 bellum
1604 4788 1852 4843 adversus
1887 4789 2248 4847 Mithridatem
2298 4800 2533 4847 renovat.
2573 4789 2941 4845 Heraclienscs
2988 4784 3163 4839 neutri
3211 4777 3561 4847 opitulantur.

461 4890 587 4947 Post
612 4893 724 4947 lucc
752 4892 970 4947 Murena
996 4895 1136 4949 bello
1165 4895 1480 4963 praeﬁcitur.
1518 4900 1593 4951 Ad
1631 4914 1789 4969 quem
1815 4901 1961 4971 lega-

382 4996 468 5043 tos
495 4987 748 5042 amandat
774 4987 1151 5053 Mithridates,
1196 4991 1492 5059 paciscum
1528 4991 1672 5063 Sylla
1712 4995 1858 5048 inita:
1883 4995 1957 5050 le-

391 5094 486 5149 ges
509 5086 835 5150 prattexens,
856 5088 911 5132 et
936 5091 993 5132 ut
1024 5089 1155 5134 rata:
1182 5082 1289 5135 sint
1312 5082 1583 5151 ﬁrmatque
1605 5086 1956 5139 contendens.

380 5169 452 5219 At
497 5167 543 5221 is
578 5165 844 5236 legatione
886 5183 993 5220 non
1033 5168 1281 5237 placatus
1321 5172 1521 5238 (erant
1567 5173 1707 5227 enim
1741 5174 1961 5230 natione

378 5255 572 5325 Graeci,
603 5266 656 5313 et
711 5260 836 5313 vine
892 5259 1097 5315 ratione
1135 5261 1464 5331 philoSOphi,
1522 5262 1612 5332 qui
1672 5265 1792 5334 plus
1844 5267 1958 5321 cul-

2136 4905 2296 4977 Παρά
2338 4905 2437 4974 τῆς
2482 4904 2786 4972 συγκλήτου
2819 4901 2875 4954 δὲ
2913 4896 3209 4968 Μουρήνας
3242 4889 3467 4963 ἡγεμὼν
3508 4887 3650 4951 πέμ-

2065 5013 2250 5059 πεται,
2293 4997 2387 5050 καὶ
2426 4996 2765 5067 Μιθριδάτης
2793 4988 3249 5061 διαπρεσϐεύεται
3290 4984 3428 5053 πρὸς
3457 4980 3644 5041 αὐτὸν,

2062 5082 2162 5150 τὰς
2198 5089 2332 5159 πρὸς
2362 5087 2568 5140 Σύλλαν
2608 5085 2897 5155 ὁμολογίας
2925 5083 3043 5150 ἅμα
3069 5097 3129 5133 τε
3151 5078 3194 5109 ¹⁸
3226 5075 3527 5147 προτείνων
3555 5073 3647 5124 καὶ

2066 5178 2319 5249 βεϐαίους
2348 5167 2712 5244 ἀξιῶνέἶναι.
2753 5177 2812 5228 Ὀ
2837 5175 2893 5227 δὲ
2921 5174 2994 5243 μὴ
3028 5172 3255 5241 θέμενος
3285 5170 3349 5237 τῇ
3379 5165 3646 5236 πρεσϐείᾳ

2065 5269 2181 5341 (καὶ
2227 5272 2335 5341 γὰρ
2371 5270 2465 5324 καὶ
2507 5269 2558 5324 οἱ
2601 5264 2884 5339 πρέσϐεις,
2921 5264 3186 5333 ’Έλληνες
3233 5260 3386 5321 ὄντες
3429 5258 3523 5310 καὶ
3556 5256 3644 5308 τὴν

1672 5419 1909 5475 νΑιιιΑε
1955 5420 2356 5480 LECTIONES.

446 5538 467 5569 "
497 5533 772 5607 ἀνασῶσαι
809 5552 869 5599 ς.
945 5535 967 5566 ⁸
993 5535 1084 5607 τὸν
1135 5551 1246 5607 om.
1282 5536 1346 5587 Λ.
1422 5536 1453 5607 ’γ
1482 5534 1904 5607 ἀπροσδοκήτως
1934 5557 1994 5604 ς.

1043 5604 1085 5680 ξι
1112 5605 1218 5680 καὶ
1244 5674 1253 5680 ι
1278 5606 1555 5680 abundare
1587 5604 1788 5659 censet
1809 5608 2070 5680 Scaliger.

380 5617 520 5656 eorr:
557 5606 599 5656 A
631 5618 646 5655 :
679 5605 861 5666 αὐτοῖς
903 5622 964 5669 ς.

380 5690 435 5742 ρ.
476 5673 577 5725 185
603 5690 634 5725 a
668 5674 753 5727 15.
787 5675 891 5727 206
927 5696 955 5727 ιι
984 5674 1070 5727 42.
1106 5675 1212 5727 208
1237 5674 1264 5726 b
1299 5675 1383 5727 18.

2073 5540 2116 5573 ¹⁰
2151 5540 2382 5613 ἀποτίσῃ
2430 5537 2709 5613 Scaliger.
2804 5540 3026 5613 Umbro)
3081 5541 3203 5596 add.
3240 5539 3321 5613 A._
3369 5543 3414 5574 ¹³
3444 5544 3639 5607 α’ύτοὺς

2169 5609 2213 5642 ³⁵
2241 5609 2656 5680 κατηνέχθησαν
2687 5625 2729 5673 ς
2819 5611 2862 5642 ¹⁹
2889 5609 3009 5681 ἅμα
3049 5628 3108 5665 τε
3145 5613 3208 5664 Α.
3244 5628 3258 5664 :
3297 5611 3392 5667 ᾶτε
3456 5632 3516 5679 ς.
3563 5615 3632 5669 cf.
