3972 6248
364 354 465 422 913

1393 363 1915 426 BIBLIOTHECA.
1930 391 2000 401 -·
2014 366 2178 431 COD.
2208 369 2501 432 CCXXIV.

3504 361 3604 424 914

361 467 477 540 βίον
507 468 807 539 φιλόσοφοι,
856 470 951 524 τὸν
993 470 1331 542 Μιθριδάτην
1367 473 1567 544 μᾶλλον
1598 474 1848 544 διέσυρον
1895 475 1914 527 i

2032 486 2224 546 parent
2255 478 2618 533 Mithridatem
2644 487 2806 547 quam
2830 472 3297 544 commendarent)
3328 473 3381 528 in
3418 486 3600 542 regem

363 559 661 624 συνίστων)
697 560 921 631 ὥρμητο
953 561 1048 614 ἐπὶ
1083 561 1174 614 τὸν
1208 561 1564 632 Μιθριδάτην.
1599 562 1711 615 Καὶ
1755 561 1834 633 τῷ
1866 580 1926 616 τε

348 638 761 716 ’Καππαδοκίας
803 646 1194 725 Ἀριοϐαρζάνῃ
1227 652 1327 724 τὴν
1368 652 1541 724 ἀρχὴν
1576 651 1926 724 βεϐαιοτέραν

359 743 572 806 ἐποίει,
620 742 716 796 καὶ
764 745 857 797 ἐπὶ
902 747 1021 807 ταῖς
1061 745 1400 809 είσόολαῖςη
1441 747 1539 816 τῆς
1592 739 1924 816 Μιθριδάτου

363 832 645 903 βασιλείας
697 834 869 897 κτίζει
902 835 1059 890 πόλιν
1104 835 1392 889 Ἐκίνειαν.
1446 834 1536 890 Ἐν
1575 835 1785 900 τούτοις
1809 834 1836 890 δ
1863 855 1923 893 τε

358 927 655 995 Μουρήνας
688 929 784 982 καὶ
811 929 842 982 ὁ
889 929 1226 1000 Μιθριδάτης
1269 931 1754 1002 διαπρεσϐεύονται
1788 932 1925 1002 πρὸς

370 1016 778 1086 Ἡρακλεώτας,
825 1020 928 1074 ἀνὰ
961 1021 1125 1093 μέρος
1153 1023 1410 1092 ἑκάτερος
1441 1024 1581 1075 κατά
1612 1022 1707 1076 τοῦ
1736 1022 1922 1094 ἑτέρου

354 1106 540 1161 καλῶν
590 1108 686 1162 ἐπὶ
737 1113 1043 1184 συμμαχίᾳ.
1088 1110 1211 1166 Τῶν
1242 1113 1340 1183 μὲν
1383 1108 1476 1166 οὖν
1515 1111 1797 1183 Ῥωμαίων
1824 1113 1923 1184 τὴν

358 1198 514 1268 ίσχὺν
539 1199 778 1271 φοϐεράν
827 1204 1074 1273 ὴγοῦντο,
1122 1203 1412 1275 ὠρρώδουν
1448 1203 1508 1257 δέ
1549 1206 1645 1258 καὶ
1670 1204 1771 1276 τὴν
1806 1218 1922 1272 γει-

352 1291 568 1343 τνίασιν
599 1292 695 1345 τοῦ
756 1295 1111 1366 Μιθριδάτου.
1149 1296 1242 1350 Διὸ
1295 1296 1681 1368 ἀποκρίνονται
1710 1297 1754 1328 ¹⁷
1808 1298 1922 1360 τοῖς

354 1377 479 1451 [381
518 1381 609 1455 H.]
657 1384 787 1457 παρ’
817 1386 997 1440 αὐτῶν
1026 1388 1322 1460 πρέσϐεσιν
1352 1388 1429 1452 ὡς
1453 1387 1722 1442 τοσούτων
1760 1388 1920 1443 πολέ-

354 1488 476 1540 μων
504 1474 924 1547 ἀναρραγέντων
955 1478 1106 1550 μόλις
1133 1479 1200 1534 ἂν
1228 1478 1328 1550 τὴν
1361 1479 1498 1534 ίδίαν
1534 1481 1722 1552 τηρεῖν
1761 1479 1921 1534 δύνα-

353 1562 501 1629 σθαι,
538 1566 668 1636 μήτι
709 1583 773 1635 γε
813 1567 1022 1640 ἑτέροις
1061 1570 1398 1641 ἐπικουρεῖν.
1442 1569 1603 1625 Ἀλλὰ
1634 1569 1743 1641 γὰρ
1775 1571 1919 1624 Μου-

354 1655 498 1725 ρήνᾳ
529 1655 629 1726 μὲν
657 1657 1038 1713 συνεὸούλευον
1064 1660 1164 1714 οὐκ
1187 1661 1357 1731 ὀλίγοι
1382 1661 1517 1731 πρὸς
1543 1660 1643 1733 τὴν
1667 1660 1919 1731 Σινώπην

348 1744 534 1816 ὀρμᾷν
563 1747 655 1800 καὶ
698 1749 828 1821 περὶ
856 1750 950 1804 τοῦ
987 1750 1260 1821 βασιλείου
1300 1755 1471 1808 κινεῖν
1507 1751 1599 1807 τὸν
1644 1755 1913 1824 πόλεμον,

2031 570 2199 625 movit
2232 588 2246 625 :
2281 579 2338 624 et
2372 568 2721 625 Ariobarzani
2767 582 2990 649 regnum
3025 565 3374 634 Cappadocia:
3431 565 3605 635 magis

2027 660 2312 716 conﬁrmat
2344 676 2359 714 :
2389 669 2443 716 et
2479 660 2622 716 circa
2671 661 2974 729 ingressum
3015 658 3166 727 regni
3210 656 3594 721 Mithridatici,
3646 702 3656 713 .

2028 754 2215 808 urbem
2245 754 2427 808 condit
2452 751 2707 809 Nicaeam.
2732 751 2877 807 Inter
2903 751 3017 807 haec
3049 749 3269 804 Murena
3301 760 3357 804 et
3383 746 3592 805 Mithri-

2026 846 2201 909 dates,
2224 852 2327 916 pro
2356 856 2416 901 se
2445 844 2673 916 quisque
2704 852 2894 899 contra
2926 843 3155 897 alterum
3180 841 3388 912 legatis,
3422 842 3597 897 Hera-

2024 937 2253 993 clienses
2297 938 2363 992 de
2414 938 2631 992 auxiliis
2682 936 2993 993 sollicitant.
3045 934 3151 990 Sed
3187 949 3308 989 eum
3355 935 3593 1003 potentia

2023 1023 2390 1080 Romanorum
2422 1023 2777 1079 formidabilis
2806 1024 3080 1078 videretur
3110 1021 3260 1090 ipsis,
3285 1031 3339 1076 et
3378 1021 3590 1075 Mithri-

2023 1113 2165 1168 datis
2194 1097 2523 1168 vicinitatem
2549 1114 2708 1167 etiam
2735 1113 3006 1174 timerent,
3037 1111 3226 1180 legatis
3245 1111 3587 1181 respondent,

2024 1204 2077 1259 iu
2115 1212 2265 1259 tanta
2321 1203 2587 1260 bellorum
2630 1212 2966 1272 tempestate,
3011 1201 3296 1256 diiiieulter
3340 1202 3588 1272 proprios

2021 1308 2081 1350 se
2108 1292 2251 1349 lares
2283 1292 2444 1357 tueri,
2479 1292 2673 1347 nedum
2705 1291 2829 1346 aliis
2865 1289 3072 1362 2325
3122 1289 3369 1344 auxiliari
3408 1304 3587 1360 posse.

2020 1384 2258 1440 Murena:
2334 1393 2513 1439 tamen
2579 1398 2685 1437 non
2742 1383 2900 1451 pauci
2959 1383 3088 1437 dant
3158 1382 3478 1446 consilium,
3530 1391 3591 1435 ut

2021 1477 2274 1546 Sinopem
2320 1475 2601 1542 invadens,
2629 1475 2697 1530 de
2736 1475 2879 1544 regia
2908 1474 3020 1544 ipsa
3047 1474 3244 1528 bellum
3271 1484 3500 1530 moveat.
3530 1472 3587 1531 Si

2017 1570 2162 1625 enim
2197 1566 2336 1624 hanc
2367 1568 2593 1643 ceperit,
2636 1564 2793 1621 facile
2833 1569 2994 1622 etiam
3030 1576 3222 1621 caetera
3264 1567 3316 1622 in
3350 1576 3589 1637 potesta-

2018 1670 2126 1717 tem
2151 1671 2400 1716 ventura.
2437 1659 2508 1715 At
2539 1650 2898 1723 Mithridates,
2941 1657 3133 1714 validis
3176 1659 3282 1714 hac
3325 1659 3589 1728 praesidiis

2020 1756 2374 1817 communita,
2404 1750 2521 1821 ipse
2562 1748 2703 1805 bello
2728 1750 2964 1821 gerendo
3007 1749 3293 1803 incumbit.
3336 1748 3588 1819 interque

345 1835 427 1897 ὡς
464 1838 513 1889 εί
544 1838 747 1910 ταύτην
777 1840 908 1906 ἕλοι,
934 1843 1044 1895 τῶν
1081 1842 1283 1896 λοιπῶν
1317 1845 1583 1916 κρατήσει
1627 1845 1859 1917 ῥᾳδίως·
1891 1847 1914 1900 ό

2026 1843 2178 1898 initia
2211 1844 2298 1897 ubi
2329 1844 2395 1897 ad
2434 1854 2625 1897 manus
2651 1849 2871 1897 ventum
2891 1849 3027 1908 erat,
3064 1842 3194 1910 regii
3224 1840 3429 1895 viribus
3451 1856 3588 1908 prte-

344 1926 406 1979 δὲ
461 1928 798 2001 Μιθριδάτης
841 1932 1012 2004 πολλῇ
1082 1930 1310 2006 δυνάμει
1369 1938 1920 2009 κατασφαλισάμενος

342 2016 558 2089 ταύτην
586 2021 667 2083 είς
689 2021 1114 2093 αὐτοπρόσωπον
1140 2024 1377 2096 πόλεμον
1403 2027 1774 2100 καθειστήκει.
1808 2030 1919 2084 Καὶ

343 2110 573 2180 πείραις
605 2114 704 2182 μὲν
747 2117 869 2178 ταῖς
918 2116 1040 2170 κατ’
1067 2117 1241 2188 ἀρχὰς
1270 2121 1712 2192 ἐπικρατέστερα
1744 2117 1812 2194 ἦν
1846 2122 1918 2176 τὰ

337 2201 443 2254 τοῦ
493 2202 755 2283 βασιλέως
780 2223 796 2238 °
847 2205 968 2264 εἶτα
1009 2210 1090 2273 είς
1136 2211 1464 2283 ἀγχώμαλον
1495 2214 1532 2285 ἡ
1591 2215 1741 2286 μάχη
1797 2232 1921 2270 συν-

338 2294 616 2366 εστράφη,
655 2298 751 2350 καὶ
782 2300 862 2363 είς
886 2299 1039 2355 δκνον
1070 2301 1103 2372 ὴ
1140 2303 1286 2372 μάχη
1342 2303 1401 2356 τὸ
1447 2304 1726 2375 πρόθυμον
1765 2322 1921 2376 περι-

2022 1937 2247 2008 pollent.
2278 1932 2470 1992 Postea
2505 1936 2718 1990 fortuna
2751 1949 2942 2006 pugnae
2974 1942 3304 2002 exsequatur.
3341 1930 3582 1988 Tandem

2023 2029 2294 2100 praeliandi
2332 2028 2544 2083 taedium
2575 2029 2817 2082 hostibus
2847 2022 3183 2081 alacritatem
3213 2025 3375 2079 animi
3419 2025 3587 2080 demi-

2024 2120 2159 2174 nuit.
2196 2117 2321 2173 Ideo
2355 2119 2421 2172 ad
2461 2118 2717 2173 interiora
2762 2117 2905 2173 circa
2951 2117 3148 2172 Phasin
3186 2126 3239 2171 et
3280 2116 3582 2171 Caucasum

2025 2227 2084 2268 se
2105 2212 2390 2268 convertit.
2416 2204 2636 2265 Murena
2665 2224 2796 2264 vero
2817 2208 3001 2279 copias
3030 2209 3295 2275 ingAsiam
3328 2207 3583 2272 traducit,

2025 2316 2080 2360 et
2104 2319 2199 2360 sua
2224 2314 2333 2357 tum
2357 2303 2589 2373 quisque
2615 2301 2975 2356 administrat.

340 2380 551 2454 ἐστησε
596 2387 704 2443 τῶν
730 2390 1025 2461 πολεμίων.
1065 2391 1195 2465 [756
1214 2391 1307 2466 R.]
1346 2387 1438 2447 Διδ
1464 2395 1559 2448 καὶ
1595 2388 1931 2467 Μιθριδάτης
1952 2394 2050 2466 μὲν
2078 2395 2157 2457 είς
2188 2392 2256 2447 τὰ
2284 2392 2414 2464 περὶ
2441 2391 2531 2446 τὸν
2573 2391 2743 2446 Φᾶσιν
2807 2391 2903 2445 καὶ
2950 2388 3043 2443 τὸν
3086 2388 3375 2444 Καύκασον
3422 2389 3584 2459 ἐτρά-

337 2495 504 2547 πετο,
547 2482 842 2555 Μουρήνας
886 2486 943 2541 δὲ
970 2488 1186 2558 ἀπῆρεν
1227 2491 1308 2553 είς
1333 2488 1433 2561 τὴν
1490 2489 1696 2556 Ἀσίαν,
1724 2490 1820 2544 καὶ
1849 2492 1916 2545 τὰ
1944 2492 2119 2544 οἰκεῖα
2147 2490 2374 2552 ἕκαστος
2404 2477 2643 2542 διετίθει.

1053 2601 1189 2660 Car.
1223 2603 1466 2660 XXXIX.
1493 2632 1567 2646 -—
1587 2605 1801 2660 Luculli
1827 2616 1877 2660 et
1906 2606 2073 2662 Cottae
2105 2606 2159 2659 in
2203 2603 2562 2659 Mithridatem
2612 2601 2891 2670 expeditio.

419 2713 552 2768 Μετ’
599 2715 658 2769 οὐ
695 2717 866 2772 πολὺν
908 2720 966 2774 δὲ
996 2721 1190 2791 χρόνον
1229 2723 1436 2786 Σύλλας
1485 2724 1546 2777 ἐν
1587 2723 1777 2797 Ῥώμῃ
1821 2736 1916 2777 τε·-

338 2805 547 2878 λευτᾷ,
587 2808 684 2863 καὶ
731 2810 1040 2881 πέμπουσιν
1090 2816 1124 2885 ἡ
1172 2814 1478 2886 σύγκλητος
1523 2819 1614 2872 ἐπὶ
1667 2819 1763 2889 μὲν
1815 2819 1915 2890 τὴν

337 2894 601 2950 Βιθυνίαν
627 2898 898 2972 Αὑρήλιον
924 2903 1159 2969 Κότταν,
1190 2907 1285 2960 ἐπὶ
1314 2906 1373 2960 δὲ
1415 2906 1516 2979 τὴν
1559 2909 1743 2966 Ἀσίαν
1774 2909 1913 2963 Asti-

336 3003 466 3041 κιον
503 2989 802 3045 Λεύκολλον
827 3033 842 3058 ,
886 2988 969 3055 οἷς
1002 2997 1035 3064 ἡ
1071 2997 1260 3068 ἐντολὴ
1289 2999 1548 3067 πολεμεῖν
1581 2998 1908 3073 Μιθριδάτῃ.

337 3077 682 3151 Μιθριδάτης
709 3082 767 3136 δὲ
797 3083 954 3138 ἄλλον
982 3103 1042 3139 τε
1086 3089 1316 3158 στρατὸν
1348 3091 1539 3160 συχνὸν
1570 3093 1914 3162 παρεσκευά-

2092 2720 2203 2777 Nec
2226 2721 2384 2793 longe
2413 2727 2532 2790 post
2560 2717 2709 2788 Sylla
2739 2719 2924 2774 Romae
2945 2735 2976 2773 e
3004 2719 3140 2775 vivis
3161 2718 3396 2789 migrat:
3423 2725 3478 2774 et
3501 2724 3586 2774 se-

2020 2824 2180 2870 natus
2234 2817 2288 2868 in
2341 2812 2647 2883 Bithyniam
2699 2812 2865 2866 mittit
2917 2810 3192 2866 Aurelium
3242 2808 3479 2875 Cottam,
3531 2811 3585 2866 in

2017 2902 2202 2959 Asiam
2225 2912 2352 2958 vero
2376 2901 2436 2956 L.
2474 2900 2789 2964 Lucullum,
2842 2910 2963 2954 cum
2993 2899 3261 2954 mandatis
3302 2904 3363 2953 ut
3388 2896 3585 2952 bellum

2018 2996 2314 3051 Mithridati
2348 2992 2639 3050 facessant.
2670 2992 2739 3044 At
2769 2991 3128 3055 Mithridates,
3164 3005 3287 3045 cum
3318 2990 3479 3044 alium
3525 2989 3581 3043 in

2020 3087 2303 3158 procinctu
2348 3085 2548 3140 habens
2574 3084 2876 3138 exercitum
2908 3082 3399 3152 frequentissimum
3421 3122 3438 3149 ,
3472 3093 3581 3136 tttm

336 3171 493 3237 ζετο,
520 3174 615 3225 καὶ
650 3175 896 3245 τριήρεις
935 3177 1035 3247 μὲν
1062 3177 1129 3244 υ’,
1170 3179 1277 3232 τῶν
1308 3178 1364 3233 δέ
1394 3181 1733 3252 μικροτέρων
1771 3181 1914 3252 νηῶν

2020 3178 2268 3235 triremes
2298 3176 2404 3234 400
2430 3176 2755 3244 naviumque
2787 3176 3080 3238 minorum,
3123 3188 3260 3243 quas
3294 3185 3584 3242 penteoon-

333 3264 789 3333 πεντηκοντέρων
812 3266 856 3298 ¹⁸
880 3283 939 3320 τε
970 3271 1065 3321 καὶ
1096 3270 1414 3339 κερκούρων
1450 3272 1682 3342 ἀριθμὸς
1710 3269 1780 3345 ἦν
1812 3268 1914 3328 οὐκ

331 3352 869 3439 ὀλίγος.“Διοφάντῳ
915 3358 972 3411 δὲ
1019 3352 1097 3430 τῷ
1147 3360 1380 3434 Μιθάρῳ
1409 3362 1453 3395 ¹⁹
1505 3362 1736 3434 δύναμιν
1788 3365 1913 3430 δοὺς

335 3442 553 3512 πέμπει
579 3446 715 3516 πρὸς
739 3447 839 3516 τὴν
878 3448 1294 3519 Καππαδοκίαν,
1326 3454 1569 3525 φρουρὰς
1609 3457 1726 3517 ταῖς
1757 3457 1916 3510 πόλει

341 3549 431 3585 σιν
468 3535 890 3603 ἐγκαθιστάναι,
924 3542 972 3592 εί
1007 3541 1064 3595 δὲ
1111 3543 1413 3611 Λεύκολλος
1456 3548 1538 3610 είς
1570 3548 1661 3602 τὸν
1710 3549 1914 3603 Πόντον

338 3624 626 3692 ἀφίκοιτο,
703 3629 1053 3698 ὑπαντιάζειν
1114 3636 1210 3689 καὶ
1269 3637 1369 3704 τῆς
1429 3640 1617 3710 πρόσω
1689 3642 1914 3712 πορείας

335 3716 646 3785 ἀπείργειν.
681 3720 852 3783 Αὐτὸς
880 3722 937 3776 δέ
976 3726 1093 3793 μεθ’
1122 3726 1318 3779 ἑαυτοῦ
1361 3728 1524 3792 πεζὸν
1555 3730 1651 3800 μὲν
1680 3732 1913 3798 στρατὸν

338 3803 444 3874 ἦγε
471 3814 532 3859 ιε’
564 3810 851 3879 μυριάδας,
885 3813 1067 3880 ἱππεῖς
1089 3816 1145 3869 δὲ
1163 3818 1452 3889 δισχιλίους
1471 3820 1517 3852 ²⁰
1540 3822 1634 3874 ἐπὶ
1663 3822 1776 3885 τοῖς
1810 3840 1912 3894 μυ-

340 3897 500 3962 ρίοις.
552 3899 812 3969 ’Δρματά
856 3912 917 3957 τε
956 3906 1349 3981 δρεπανηφόρα
1379 3912 1682 3983 συνεπῆγεν
1730 3912 1783 3965 κ’
1817 3914 1912 3968 καὶ

336 4001 408 4055 ε’,
459 3989 555 4043 καὶ
611 3986 796 4047 πᾶσαν
835 3995 1000 4066 ἄλλην
1053 4003 1423 4070 μηχανοποιὸν
1471 4004 1571 4056 οὐκ
1623 4005 1912 4061 ἐνδέουσαν

336 4078 571 4148 πληθύν.
617 4082 906 4153 Ἠπείγετο
939 4087 998 4141 δὲ
1039 4088 1129 4142 διὰ
1154 4090 1254 4162 τῆς
1284 4092 1640 4162 Τιμωνιτίδος
1688 4096 1910 4164 Παφλα-

336 4171 526 4238 γονίας
556 4173 636 4237 είς
659 4176 759 4246 τὴν
784 4177 1073 4247 Γαλατίαν,
1116 4183 1210 4236 καὶ
1242 4184 1490 4249 ἐναταῖος
1516 4188 1595 4249 είς
1627 4187 1728 4257 τὴν
1753 4188 1912 4241 Βιθυδ

334 4259 458 4315 νίαν
483 4262 815 4331 ἀφικνεῖται.
854 4270 1157 4335 Λεύκολλος
1185 4273 1241 4326 δὲ
1268 4276 1482 4330 Κότταν
1508 4277 1610 4347 μὲν
1648 4280 1911 4351 ἐφορμεῖί

334 4351 554 4407 κελεύει
594 4354 674 4426 τῷ
703 4357 1088 4430 Καλχηδονίων
1115 4363 1294 4434 λιμένι
1333 4368 1498 4420 παντὶ
1530 4368 1609 4439 τῷ
1644 4370 1906 4443 ναυτικῷ.

2019 3282 2160 3329 teres
2177 3282 2231 3326 et
2265 3285 2521 3327 cercuras
2576 3268 2839 3334 vocitant,
2866 3280 2969 3321 non
3006 3266 3230 3337 exiguus
3252 3274 3372 3319 erat
3393 3278 3579 3319 nume-

2016 3375 2126 3421 rus.
2160 3364 2517 3434 Diophadtum
2540 3363 2701 3415 etiam
2730 3358 3041 3424 Mithartrm,
3060 3374 3181 3412 cum
3198 3357 3370 3413 valida
3392 3368 3581 3419 manu,

2018 3459 2070 3512 in
2114 3455 2511 3526 Cappadociam
2558 3452 2800 3515 dimittit,
2859 3457 2917 3505 ut
2963 3450 3207 3519 praesidia
3255 3449 3307 3503 in
3360 3449 3585 3503 urbiims

2019 3548 2247 3602 c‘ollocet
2275 3563 2297 3602 :
2328 3555 2404 3611 et,
2435 3544 2484 3600 si
2519 3542 2767 3597 Lucullus
2803 3540 3034 3597 Pontum
3081 3538 3412 3609 ingrediatur
3433 3581 3449 3606 ,
3491 3554 3583 3595 oc-

2017 3650 2232 3705 currat,
2281 3646 2337 3694 et
2386 3644 2724 3709 progressum
2765 3633 2881 3703 eius
2914 3632 3259 3690 intercludat.
3295 3631 3412 3701 ipse
3449 3642 3580 3687 Vero

2019 3730 2233 3787 £50000
2266 3731 2503 3801 peditum
2544 3729 2643 3783 sub
2691 3725 2901 3783 vexillis
2949 3726 3087 3795 apud
3139 3739 3203 3778 se
3245 3724 3481 3787 retinet,
3527 3734 3584 3779 et

2018 3822 2191 3878 {2000
2222 3822 2462 3892 equitum
2482 3861 2499 3887 ,
2522 3824 2658 3890 quos
2685 3817 2867 3874 falcati
2904 3827 3200 3888 sequuntur
3231 3830 3421 3870 currus
3450 3811 3580 3881 120,

2016 3922 2119 3971 nec
2159 3914 2266 3968 ulla
2310 3914 2684 3969 machinarum
2732 3913 2911 3969 omnis
2945 3912 3159 3981 generis
3205 3910 3357 3981 copia
3405 3907 3577 3963 abest.

2017 4004 2300 4063 Concitato
2343 4005 2504 4074 igitur
2543 4005 2757 4068 itinere,
2800 4014 2898 4073 per
2925 3990 3580 4070 Timonitidem,'Cappa-

2019 4099 2231 4153 dociam
2267 4107 2323 4155 et
2354 4097 2620 4152 Galatiam
2681 4100 2932 4167 pergens,
2972 4097 3041 4151 ad
3088 4096 3226 4152 diem
3264 4110 3463 4150 nonum
3494 4094 3582 4147 Bi-

2021 4190 2265 4262 thyniam
2291 4191 2526 4261 attingit.
2549 4189 2801 4245 Lucullus
2836 4189 3053 4244 interim
3077 4186 3292 4243 Cottam
3335 4186 3388 4241 in
3419 4184 3580 4242 Chal-

2016 4281 2367 4337 cedoniorum
2414 4290 2572 4353 portu
2650 4281 2936 4338 stationem
2989 4278 3194 4334 habere
3253 4278 3405 4348 jubet
3456 4292 3579 4331 cum

2016 4374 2163 4428 omni
2197 4360 2389 4428 classe.

615 4466 744 4525 CAP.
787 4464 898 4527 XL.
924 4502 996 4513 —-—
1040 4473 1403 4532 Heraclienses
1446 4478 1744 4536 Mithridati
1793 4499 1848 4537 se
1900 4484 2194 4555 adjungutu
2230 4491 2281 4538 et
2311 4485 2614 4552 publicanos
2657 4482 2920 4538 Romanos
2955 4480 3297 4549 interﬁciunt.

407 4583 483 4637 Τὸ
516 4583 573 4638 δὲ
616 4587 949 4658 Μιθριδάτου
978 4595 1233 4649 ναυτικὸν
1262 4598 1576 4669 παραπλέον
1604 4601 1704 4671 τὴν
1738 4602 1911 4673 Ἡρά-

2085 4603 2409 4660 Mithridatis
2435 4613 2613 4660 autem
2634 4604 2822 4660 classis
2844 4603 3152 4659 lleracleam
3176 4601 3580 4673 prmterlegens,

336 4674 523 4730 κλειαν
564 4678 697 4750 παρ’
735 4681 907 4753 αὐτῆς
954 4685 1054 4738 οὐκ
1106 4687 1334 4759 ἐδέχθη,
1387 4691 1501 4745 ἀλλ’
1540 4694 1745 4765 ἀγορὰν
1808 4696 1908 4766 μὲν

334 4767 718 4836 αἰτησαμένων
772 4775 1069 4845 παρέσχον.
1118 4773 1221 4833 Οἷα
1265 4779 1323 4833 δὲ
1378 4782 1558 4846 εἰκὸς,
1623 4785 1907 4854 ἐπιμιξίας

331 4858 632 4929 γενομένης
704 4861 995 4935 Ἀρχέλαος
1057 4870 1086 4922 ὁ
1139 4869 1236 4923 τοῦ
1297 4872 1551 4925 ναυτικοῦ
1605 4877 1908 4946 στρατηγὸς

334 4946 593 5038 συῗνέλαόε
665 4950 887 5022 Σιλῆνον
917 4956 962 4987 ¹¹
1016 4959 1112 5011 καὶ
1173 4958 1410 5033 Σάτυρον
1470 4965 1754 5033 ἐπιφανεῖς
1807 4968 1905 5038 τῆς

350 5032 674 5106 Ἡρακλείας
711 5041 931 5114 ἄνδρας,
964 5053 1059 5102 καὶ
1098 5051 1198 5104 οὐκ
1240 5032 1441 5123 ἀνῆκεν
1474 5054 1577 5119 ἕως
1612 5055 1678 5108 ἂν
1719 5032 1907 5111 ἔπεισε

334 5124 520 5181 λαόεῖν
543 5130 707 5185 πέντε
740 5138 985 5206 τριήρεις
1012 5141 1359 5212 συμμαχίδας
1387 5146 1466 5209 εἰς
1501 5146 1593 5199 τὸν
1635 5148 1775 5202 κατὰ
1798 5149 1907 5204 τῶν

344 5214 631 5307 Ῥωμαίων
680 5224 940 5296 πόλεμον.
977 5230 1089 5283 Καὶ
1135 5233 1245 5286 ἀπὸ
1284 5233 1488 5304 ταύτης
1514 5236 1615 5307 τῆς
1657 5239 1909 5307 πράξεως

339 5306 492 5378 (ῖπερ
551 5313 644 5366 καὶ
696 5313 987 5387 Ἀρχέλαος
1039 5322 1390 5396 ἐμηχανᾶτο)
1450 5306 1577 5397 τὴν
1623 5306 1908 5398 Ῥωμαίων

336 5398 628 5469 ἀπέχθειαν
675 5405 705 5457 δ
760 5405 1148 5482 Ἡρακλεώτης
1180 5414 1350 5485 δῆμος
1388 5404 1677 5487 ἐκτήσατο.
1720 5423 1903 5491 Amto-

339 5494 559 5558 σιωνίας
603 5495 661 5551 δὲ
703 5497 812 5553 τῶν
873 5501 1161 5573 Ῥωμαίων
1214 5506 1274 5558 ἐν
1322 5509 1443 5571 ταῖς
1479 5507 1668 5573 ἄλλαις
1718 5510 1906 5565 πόλεσι

2006 4697 2082 4751 ab
2120 4710 2184 4751 ea
2216 4712 2322 4750 non
2354 4696 2612 4765 recipitur
2641 4712 2657 4751 :
2693 4694 2865 4751 forum
2906 4704 3087 4750 tamen
3111 4697 3301 4750 venale
3342 4697 3583 4764 roganti-

2014 4787 2113 4839 bus
2144 4788 2387 4855 praabent
2421 4802 2436 4840 :
2466 4796 2517 4842 et
2540 4787 2919 4854 commerciis,
2949 4795 3010 4842 ut
3047 4786 3163 4842 ﬁeri
3186 4787 3370 4854 solet,
3411 4789 3580 4854 initis,

2012 4868 2309 4934 Archelaus
2348 4881 2624 4949 copiarum
2674 4876 2944 4933 navalium
2992 4879 3203 4943 ductor,
3244 4878 3483 4935 Silenum
3526 4893 3584 4936 et

2015 4962 2292 5040 Satyrum,
2324 4970 2531 5026 nobiles
2555 4985 2621 5025 ex
2649 4969 2909 5025 Heraclea
2939 4971 3109 5035 viros,
3135 4972 3578 5039 comprehendit:

2011 5076 2113 5115 nec
2153 5061 2300 5130 prius
2337 5062 2576 5127 dimisit,
2624 5076 2785 5132 quam
2831 5065 3195 5132 persuasisset
3245 5073 3300 5118 ut
3341 5064 3581 5133 quinque

2015 5154 2327 5209 triremibus
2372 5155 2545 5225 ipsum
2576 5155 2627 5209 in
2659 5155 2760 5211 hoc
2788 5171 2908 5210 cum
2952 5157 3212 5212 Romanis
3252 5158 3391 5212 bello
3425 5156 3576 5224 adju-

2012 5256 2222 5299 varent.
2267 5242 2379 5301 Hoc
2420 5244 2563 5301 facto
2607 5248 2773 5317 (quod
2814 5257 2870 5302 et
2910 5247 3214 5303 Archelaus
3257 5250 3581 5302 veteratorie

2015 5336 2235 5390 molitus
2260 5336 2399 5407 erat)
2444 5337 2810 5392 Romanorum
2849 5339 3183 5393 inimicitiam
3218 5339 3446 5408 populus
3473 5336 3580 5392 lie-

2011 5424 2292 5479 racliensis
2314 5425 2417 5479 sibi
2448 5426 2784 5484 conciliavit.
2800 5425 2934 5480 Cum
2974 5427 3139 5496 igitur
3171 5428 3446 5483 auctiones
3480 5442 3580 5496 pu-

2011 5513 2179 5567 blicas
2200 5512 2425 5568 Romani
2461 5516 2516 5570 in
2556 5518 2678 5573 aliis
2706 5517 3020 5573 civitatibus
3058 5519 3426 5587 instituerent,
3468 5522 3576 5576 lie-

1572 5601 1807 5657 VARUE
1853 5603 2254 5661 LECTIONES.

395 5680 862 5778 :“éitﬁelniglgl
901 5686 943 5720 ¹⁷
963 5688 1323 5778 ἐπεκρίνοντο
1347 5710 1412 5760 ς,
1487 5694 1527 5728 ⁸⁸
1558 5694 1679 5751 libri
1703 5699 2167 5772 πεντηκοντήρων,
2251 5700 2292 5733 ³³
2325 5694 2572 5770 Μιθάρου
2608 5704 2688 5758 vel
2713 5704 2972 5778 Μιθάρεω
3025 5705 3286 5776 Scaliger.

336 5753 536 5820 χιλίους
566 5753 606 5805 Α
647 5770 662 5807 :
696 5753 791 5808 δύο
825 5773 886 5821 ς.
963 5759 1006 5789 ¹¹
1037 5753 1234 5815 σιῖῖνον
1260 5769 1323 5817 Α·

3388 5708 3435 5740 ³⁸
3458 5708 3573 5764 δισ-
