3972 6248
367 321 470 390 915
1517 327 1778 388 ΡΗοΤΙί
1818 327 1954 386 ΡΑΤ

2059 324 2318 386 ARCH/E
2356 325 2465 383 (ΖΡ.
3515 311 3622 376 916

372 442 602 495 rat-leam
642 457 858 512 quoque
879 483 894 507 ,
925 449 1143 511 propter
1173 454 1392 495 causam
1424 447 1552 492 ante
1582 438 1815 502 dictam,
1861 438 1945 491 his

2059 434 2448 497 καθιστώντων,
2476 430 2570 484 καὶ⁸
2595 430 2694 499 τὴν
2726 427 3055 500 Ἡράκλειαν
3079 426 3170 481 διὰ
3195 424 3295 497 τὴν
3321 424 3619 497 εἰρημένην

369 543 751 602 exposuerunt.
816 533 1057 602 Cumque
1125 532 1528 585 auctionatores
1600 529 1788 581 urbem
1849 527 1946 581 iu-

2059 529 2229 584 ιίτίαν
2275 527 2500 589 ταύταις
2551 523 2870 576 ὑπέϐαλλον.
2919 523 2983 576 Οί
3010 521 3068 574 δὲ
3101 519 3463 591 δημοσιῶναι’
3489 519 3625 588 πρὸς

371 624 541 691 gressi
563 664 579 689 ,
610 634 797 679 contra
818 623 1124 692 reipublicae
1143 637 1345 676 morem
1365 628 1650 692 argentum
1669 620 1949 689 exigerent

2059 623 2145 692 τὴν
2196 620 2353 674 πόλιν
2387 617 2710 687 ἀφικόμενοι
2756 614 2908 684 παρά
2959 612 3030 666 τά
3061 611 3156 683 ἔθη
3207 612 3307 681 τῆς
3348 611 3624 674 πολιτείας

368 715 588 786 233a,
619 715 671 769 in
705 730 990 771 maerorem
1051 715 1197 770 cives
1238 714 1611 785 coniecerunt,
1646 711 1740 781 qui
1776 711 1949 765 servi-

375 809 502 861 tutis
525 808 738 862 initium
773 809 873 864 hoc
901 823 1023 864 esse
1055 809 1464 864 existimabant.
1498 807 1677 874 Quare
1704 817 1828 859 cum
1852 819 1948 874 per

373 896 691 965 legationem
733 899 801 953 ad
855 909 1101 955 senatum
1165 899 1469 954 Romanum
1525 897 1942 968 publicationem

373 988 632 1043 bouormn
679 990 957 1060 deprecari
1007 1005 1096 1046 res
1141 993 1462 1062 postularet,
1491 990 1593 1060 ipsi
1640 1004 1670 1043 a
1709 987 1943 1059 quodam

375 1079 424 1131 iu
468 1081 601 1135 urbe
632 1083 996 1139 audacissimo
1029 1086 1315 1155 persuasi,
1358 1074 1675 1154 publicanos
1706 1097 1738 1136 e
1769 1080 1943 1136 medio

375 1169 604 1237 tollunt,
656 1184 767 1228 tam
806 1186 1049 1242 secreto,
1100 1185 1158 1230 ut
1197 1177 1264 1231 de
1301 1190 1436 1231 nece
1482 1174 1698 1230 illorum
1741 1169 1944 1226 nemini

371 1262 662 1333 quidquam
695 1275 992 1320 constaret.

2045 713 2141 768 καὶ
2180 711 2443 783 ἀργύριον
2499 706 2860 769 ἀπαιτοῦντες
2909 705 3039 768 τοὺς
3089 702 3313 766 πολίτας
3367 703 3624 768 ἐλύπουν,

2045 805 2223 876 ἀρχήν
2252 819 2378 856 τινα
2422 800 2666 863 δουλείας
2716 798 2876 852 τοῦτο
2917 795 3259 868 νομίζοντας.
3289 796 3351 848 Οί
3377 794 3454 858 δὲ,
3498 795 3626 848 δια-

2049 894 2487 969 πρεσϐεύσασθαι
2529 893 2650 946 δέον
2679 895 2817 963 πρὸς
2863 891 2964 959 τὴν
3003 887 3307 959 σύγκλητον
3353 887 3494 941 ὥστε
3525 888 3626 957 τῆς

2047 988 2414 1059 δημοσιωνίας
2459 983 2833 1051 ἀπολυθῆναι,
2868 981 3292 1044 ἀναπεισθέντες
3329 981 3435 1034 ὑπό
3481 997 3627 1043 τινος

2049 1081 2391 1154 θρασυτάτου
2431 1076 2540 1131 τῶν
2590 1078 2649 1128 ἐν
2681 1077 2747 1146 τῇ
2783 1074 2938 1128 πόλει
2968 1074 3096 1135 τοὺς
3120 1071 3360 1134 τελώνας
3399 1071 3627 1140 ἀφανεῖς

2050 1171 2333 1243 ἐποίησαν,
2357 1169 2434 1233 ὡς
2463 1169 2558 1223 καὶ
2582 1167 2675 1220 τὸν
2707 1166 2936 1221 θάνατον
2963 1163 3147 1219 αύτῶν
3179 1163 3516 1230 ἀγνοεῖσθαι.

866 1379 997 1436 Cap.
1031 1378 1169 1434 XLI.
1201 1411 1273 1422 —
1309 1379 1499 1451 Pugna
1531 1382 1600 1435 ad
1638 1379 2019 1436 Chalcedonem
2064 1388 2182 1427 cum
2233 1367 2567 1432 Mithridate,
2605 1364 2856 1419 Romanis
2892 1364 3122 1434 funesta.

441 1489 637 1546 Prtelio
679 1493 876 1549 dehinc
915 1496 1093 1552 navali
1123 1499 1190 1554 ad
1224 1497 1622 1555 Cbalcedonem
1663 1499 1806 1554 inter
1835 1496 1947 1552 lio-

372 1595 563 1642 manos
593 1592 646 1636 et
677 1583 932 1641 Ponticos
973 1589 1290 1653 commisso,
1327 1589 1452 1644 dum
1483 1588 1624 1660 regis
1647 1598 1702 1643 et
1741 1586 1944 1644 Roma-

375 1687 566 1726 norum
598 1675 874 1744 pedestres
931 1679 1072 1734 inter
1101 1695 1159 1734 se
1190 1680 1487 1751 conﬂigunt
1519 1681 1662 1736 acies
1695 1679 1943 1751 (quarum

373 1759 500 1815 huic
533 1760 711 1828 Cetla,
746 1764 818 1818 illi
851 1763 1189 1822 Mithridates
1214 1768 1490 1839 praeerat),
1529 1766 1804 1822 Basternae
1841 1766 1946 1820 Ita-

2125 1486 2370 1555 Πολέμου
2396 1485 2455 1538 δὲ
2482 1481 2740 1539 ναυτικοῦ
2767 1482 2910 1536 κατά
2941 1480 3261 1552 Καλχηδόνα
3299 1479 3455 1533 πόλιν
3493 1479 3631 1532 Ῥωσ-

2057 1580 2238 1652 μαίοις
2290 1595 2351 1632 τε
2391 1577 2486 1632 καὶ
2529 1576 2811 1637 Ποντικοῖς
2859 1572 3190 1640 συστάντος,
3217 1572 3314 1626 καὶ
3356 1570 3529 1641 πεζῆς
3571 1571 3628 1624 δὲ

2050 1673 2335 1743 δυνάμεως
2358 1671 2460 1741 τῆς
2489 1686 2549 1724 τε
2589 1667 2881 1740 βασιλικῆς
2915 1666 3011 1720 καὶ
3041 1666 3140 1735 τῆς
3198 1663 3514 1736 Ῥωμαῖκῆς
3551 1664 3630 1725 εἰς

2061 1765 2242 1837 μάχην
2307 1762 2564 1831 ἀλλήλαις
2611 1760 2758 1833 [582.
2799 1758 2897 1831 11.]
2953 1758 3321 1830 συρῤαγείσης
3379 1756 3631 1828 (ἐστρατι

374 1853 548 1906 lorum
575 1855 782 1920 pedites
823 1857 876 1910 iu
918 1859 1098 1929 fugam
1128 1869 1364 1928 vertunt,
1393 1871 1449 1916 et
1486 1862 1752 1931 prolixam
1779 1863 1946 1915 edunt

2059 1859 2179 1929 ήγει
2206 1856 2265 1910 δὲ
2297 1855 2398 1922 τῆς
2431 1855 2529 1925 μὲν
2556 1853 2788 1916 Κόττας,
2821 1853 2921 1922 τῆς
2941 1851 2998 1906 δὲ
3019 1849 3378 1922 Μιθριδάτης)
3401 1850 3630 1921 τρέπου-

371 1952 633 2016 stragem.
669 1945 867 2002 Eadem
899 1951 1116 2005 fortuna
1144 1952 1307 2007 etiam
1334 1951 1524 2007 classis
1564 1967 1656 2006 usa
1679 1960 1781 2018 est,
1806 1967 1948 2006 uno-

2059 1964 2142 2002 σιν
2173 1947 2224 2000 oi
2275 1945 2580 2017 Βαστέρναι
2609 1943 2752 1998 κατὰ
2777 1943 2838 1996 τδ
2883 1943 3046 2008 πεζὸν
3069 1943 3197 2005 τοὺς
3231 1941 3490 2004 Ἰταλοὺς,
3539 1941 3633 1992 καὶ

374 2047 482 2099 que
518 2033 604 2088 die
651 2049 800 2088 mare
831 2046 885 2090 ct
924 2047 1066 2092 terra
1112 2039 1465 2095 cadaveribus
1498 2038 1761 2095 Romanis
1805 2038 1950 2094 foede

375 2122 662 2191 upplcnlttl‘
702 2125 843 2181 8000
898 2127 951 2182 in
1011 2128 1262 2184 conﬂictu
1314 2130 1491 2185 navali
1546 2131 1760 2197 occisis,
1805 2130 1949 2185 4500

375 2216 586 2285 captis;
623 2217 687 2272 de
708 2220 942 2287 pedestri
974 2230 1155 2275 autem
1194 2222 1436 2276 exercitu
1473 2220 1747 2286 Italorum,
1787 2221 1947 2277 5500.

374 2311 418 2366 Α
460 2320 612 2380 parte
650 2321 826 2366 autem
873 2313 1202 2371 Mithridatis
1256 2315 1533 2371 Basternae
1571 2315 1789 2371 circiter
1835 2315 1945 2383 50;

373 2417 442 2455 ex
473 2402 679 2472 reliqua
720 2405 1068 2460 multitudine
1092 2405 1218 2472 700,
1251 2406 1583 2462 ceciderunt.
1607 2407 1718 2462 l-loc
1747 2406 1951 2462 Mithri-
1999 2417 2004 2423 '

373 2494 520 2550 datis
556 2511 808 2551 successu
847 2499 1089 2552 onmium
1136 2499 1304 2553 animi
1346 2499 1598 2555 servilem
1635 2500 1686 2554 in
1733 2501 1948 2556 modum

374 2585 682 2639 concidere.
716 2585 821 2641 Sed
851 2586 1110 2643 Lucullus
1151 2589 1216 2642 ad
1268 2586 1588 2658 Sangarium
1613 2587 1832 2644 (luvium
1859 2605 1951 2645 ca-

373 2684 489 2729 stra
529 2675 771 2740 habens,
803 2681 1016 2744 cognita
1059 2696 1122 2736 ea
1169 2679 1353 2746 clade,
1393 2682 1672 2751 perculsos
1716 2683 1948 2739 militum

377 2765 592 2820 animos
629 2767 808 2822 verbis
838 2770 1033 2825 erexit.

2056 2038 2224 2093 πολὺν
2276 2037 2460 2091 αὐτῶν
2506 2037 2666 2105 φόνον
2725 2036 3075 2106 εἰργάσαντο.
3117 2035 3198 2090 Τὰ
3231 2033 3372 2088 αὐτὰ
3423 2033 3481 2086 δὲ
3537 2033 3634 2085 καὶ

2058 2131 2189 2202 περὶ
2215 2129 2316 2194 τὰς
2347 2127 2479 2192 ναῦς
2524 2128 2763 2196 ἐγένετο,
2813 2127 2908 2180 καὶ
2959 2127 3064 2179 ὑπὸ
3125 2127 3254 2197 μίαν
3302 2124 3516 2196 ἡμέραν
3561 2126 3632 2195 γῇ

2057 2244 2117 2280 τε
2169 2224 2264 2279 κα)⁸
2310 2223 2556 2297 θαλάσσῃ
2603 2223 2714 2286 τοῖς
2760 2220 3049 2292 Ῥωμαίων
3088 2218 3476 2288 διελελύμαστο
3527 2221 3635 2270 σώ-

2063 2334 2220 2390 μασι,
2251 2315 2661 2386 διαφθαρέντων
2691 2315 2750 2366 ὲν
2783 2313 2884 2383 μὲν
2927 2315 2994 2384 τῇ
3043 2311 3319 2382 ναυμαχία
3372 2311 3634 2362 ὀκτακισο

2054 2409 2263 2482 χιλίων,
2296 2407 2748 2479 τετρακισχιλίων
2770 2407 2816 2436 ¹²
2841 2405 2898 2458 δὲ
2931 2406 3026 2459 καὶ
3052 2403 3434 2458 πεντακοσίων
3461 2401 3634 2454 ἑαλω-

2055 2503 2230 2556 κότων
2263 2517 2279 2533 ο
2335 2500 2428 2554 τοῦ
2484 2500 2540 2554 δὲ
2597 2497 2764 2564 πεζοῦ
2831 2497 3236 2568 στρατεύματος
3287 2495 3480 2549 Ἰταλοὶ
3534 2493 3636 2565 μὲν

2053 2593 2361 2665 τριακόσιοι
2395 2593 2492 2646 καὶ
2522 2591 2976 2662 πεντακισχίλιοι,
3012 2590 3121 2644 τῶν
3147 2589 3203 2642 δὲ
3237 2587 3636 2659 Μιθριδατείων

2057 2686 2362 2758 Βαστέρναι
2402 2685 2500 2757 μὲν
2532 2686 2663 2757 περὶ
2694 2685 3011 2756 τριάκοντα,
3043 2683 3138 2736 τοῦ
3180 2683 3238 2736 δὲ
3285 2679 3473 2734 λοιποῦ
3502 2680 3638 2748 πλή-

2068 2779 2198 2845 θους
2249 2780 2591 2834 ἑπτακόσιοι.
2652 2778 2837 2841 Οὕτως
2891 2774 3126 2851 ἀρθέντα
3182 2775 3251 2828 τά
3308 2773 3635 2844 Μιθριδάτου

375 2856 596 2910 πάντων
623 2859 682 2911 τὸ
727 2855 998 2930 φρόνημα“
1031 2860 1376 2918 κατεδούλου.
1429 2862 1733 2929 Λεύκολλος
1779 2865 1837 2920 δὲ
1902 2867 1996 2922 ἐπὶ
2050 2869 2145 2923 τοῦ
2206 2871 2517 2942 Σαγγαρίου
2580 2871 2626 2904 ⁸³
2673 2867 2922 2944 ποταμοῦ
2988 2866 3466 2940 στρατοπεδεύων,
3543 2863 3638 2918 καὶ

357 2987 362 2991 ς
381 2949 568 3021 μαθὼν
595 2950 656 3004 τὸ
696 2951 890 3017 πάθος,
931 2953 1114 3022 λόγοις
1147 2955 1529 3028 ἀνελάμϐανεν
1573 2959 1963 3030 άθυμήσαντας
1993 2966 2122 3030 τοὺς
2156 2966 2517 3038 στρατιώτας.

787 3095 912 3152 Car.
951 3090 1109 3153 XLII.
1157 3129 1226 3142 -—
1268 3098 1605 3158 Mithridates
1651 3103 1720 3157 ad
1769 3103 2019 3176 Cyzicum
2069 3108 2243 3166 Marte
2292 3109 2500 3166 Luculli
2536 3120 2586 3165 et
2625 3109 2919 3182 naufragiis
2974 3110 3226 3165 domitus.

452 3212 558 3268 Ubi
598 3228 725 3269 vero
775 3230 966 3285 magno
1001 3231 1059 3270 se
1090 3218 1280 3287 Spiritu
1326 3219 1390 3273 ad
1439 3219 1698 3292 Cyzicum
1739 3222 1953 3280 Mithri-

2132 3229 2261 3302 [757
2289 3230 2381 3303 R.]
2411 3230 2754 3302 Τρεπομένου
2782 3229 2838 3284 δὲ
2893 3229 2988 3283 ἐπὶ
3031 3227 3270 3294 Κύζικον
3294 3227 3391 3281 σὺν
3419 3227 3638 3298 μεγάλῳ

378 3307 535 3361 dates
570 3309 854 3369 convertit,
887 3310 1070 3380 cupias
1111 3309 1228 3364 urbi
1261 3311 1554 3367 admovere
1599 3317 1842 3384 cupiens,
1881 3321 1963 3372 iu-

377 3398 590 3457 cumbit
621 3415 649 3452 a
678 3411 825 3470 tergo
851 3399 1110 3458 Lucullus
1142 3419 1157 3457 :
1192 3414 1247 3457 et
1289 3401 1484 3458 infesta
1511 3405 1662 3476 signa
1701 3406 1958 3476 inferens,

382 3495 721 3550 memorabili
772 3495 1029 3552 Ponticos
1078 3498 1303 3554 victoria
1331 3499 1600 3572 proﬂigat,
1653 3511 1710 3558 et
1755 3505 1962 3562 viribus

379 3587 552 3640 exuit.
577 3587 867 3657 Aliquanto
890 3588 1037 3644 enim
1067 3589 1248 3659 plures
1277 3591 1450 3647 10000
1480 3594 1531 3647 iu
1558 3593 1675 3649 acie
1706 3597 1882 3664 caedit,
1907 3608 1963 3652 et

381 3677 561 3733 15000
579 3679 743 3746 capit.
781 3677 1128 3736 Fimbrianus
1157 3692 1336 3736 autem
1373 3685 1530 3740 miles
1557 3696 1840 3756 suspectos
1875 3689 1963 3744 ha-

383 3767 519 3825 bens
550 3768 736 3833 duces,
760 3769 912 3837 quasi
945 3781 1164 3840 prepter
1184 3773 1604 3828 audacissimum
1629 3775 1685 3829 in
1707 3776 1959 3833 Flaccum

387 3863 601 3917 facinus
634 3879 738 3917 non
779 3864 1010 3934 amplius
1031 3865 1200 3921 ﬁdem
1237 3868 1372 3938 ipsis
1410 3869 1667 3936 habeant,
1707 3874 1865 3928 tacite
1892 3874 1960 3930 ad

383 3941 751 4008 Mithridatem
793 3956 1144 4023 tnissitando,
1197 3960 1568 4017 transitionem
1617 3965 1958 4034 pollicentur.

380 4045 488 4111 Qui
528 4047 578 4099 itt
608 4045 760 4100 lucro
787 4062 993 4116 ponens
1013 4048 1153 4105 hanc
1182 4051 1248 4106 ad
1271 4053 1778 4122 se'inclinationetn,
1805 4069 1961 4113 nocte

382 4136 597 4201 oborta,
625 4137 947 4193 Archelaum
970 4143 1253 4210 amandat,
1276 4145 1366 4215 qui
1391 4160 1543 4215 paeta
1576 4153 1882 4215 conlirmet,
1907 4162 1962 4206 et

383 4231 452 4290 ad
493 4242 677 4300 partes
714 4234 854 4304 regis
903 4251 962 4290 se
1007 4237 1364 4308 adjungeutes
1407 4241 1661 4299 adducat.
1707 4246 1779 4298 At
1812 4244 1957 4300 Fimo

381 4320 556 4376 briani
602 4323 924 4380 Archelaum
969 4329 1036 4380 ad
1073 4328 1218 4398 ipsos
1266 4332 1566 4400 profectum
1637 4335 1691 4390 in
1741 4320 1959 4393 vincula

378 4415 757 4485 compingunt,
784 4427 841 4471 et
864 4432 983 4494 quae
1018 4435 1137 4479 cum
1162 4437 1227 4476 eo
1257 4434 1479 4482 venerat
1511 4441 1726 4483 manum
1755 4427 1962 4482 interli-

383 4507 550 4564 ciunt.
587 4507 716 4562 Post
748 4513 850 4564 hoc
888 4509 1268 4578 infortunium,
1293 4517 1458 4569 etiam
1495 4516 1667 4572 fames
1699 4519 1958 4590 opprimit

381 4600 679 4654 exercitum
725 4605 968 4668 regium,
1021 4614 1076 4658 et
1111 4605 1292 4660 multis
1331 4608 1606 4664 interitum
1639 4608 1815 4667 aﬂ'ert.
1856 4611 1960 4666 Tut

385 4699 564 4746 tamen
614 4692 854 4748 advers-is
898 4695 1034 4750 ictus
1079 4698 1318 4759 casibus,
1364 4718 1394 4754 a
1442 4701 1622 4772 Cyzici
1675 4703 1957 4758 obsidione

383 4799 491 4837 non
519 4784 755 4850 absistit,
802 4788 894 4840 sed
932 4789 1102 4853 brevi,
1135 4789 1258 4844 licet
1298 4774 1785 4861 multa-perpessus
1811 4807 1958 4850 esset

381 4885 436 4926 et
459 4875 684 4943 egisset,
711 4877 850 4931 urbe
899 4893 1004 4931 nmt
1062 4892 1365 4951 expugnata
1405 4885 1629 4938 recessit
1658 4901 1672 4938 :
1706 4895 1761 4939 et
1794 4887 1956 4954 pede-

379 4968 478 5019 stri
526 4967 742 5036 quidem
801 4971 1001 5038 agmini
1059 4972 1251 5042 2336
1297 4973 1599 5028 llermazum
1635 4986 1690 5030 et
1726 4975 1953 5032 Marium

381 5059 626 5126 praeﬁcit,
666 5060 756 5128 qui
786 5061 962 5118 50000
1004 5064 1283 5118 hominum
1328 5065 1456 5121 illuc
1493 5069 1800 5124 ducebant:
1841 5071 1956 5137 ipse

381 5160 559 5204 autem
595 5168 694 5222 per
733 5169 881 5209 mare
927 5156 1158 5210 reditum
1219 5157 1548 5215 instituerat.
1597 5159 1956 5231 ingressoque

383 5243 652 5307 k'it'etttes,
683 5245 864 5300 multa:
894 5249 1164 5316 variaeque
1208 5250 1470 5302 malorum
1508 5251 1695 5305 forma:
1721 5253 1768 5306 ei
1794 5253 1956 5308 simul

389 5336 731 5404 ingruerunt.
771 5336 910 5394 Nam
944 5339 1070 5395 dum
1097 5340 1296 5398 milites
1326 5343 1578 5406 soluturi,
1603 5359 1789 5410 naves,
1830 5362 1958 5415 qua-

2063 3325 2374 3397 φρονήματι
2421 3324 2777 3396 Μιθριδάτου,
2827 3323 2923 3376 καὶ
2975 3322 3284 3392 πολιορκεῖν
3331 3322 3429 3390 τὴν
3485 3322 3638 3373 πόλιν

2064 3415 2416 3487 βουλομένου,
2461 3414 2763 3477 Λεύκολλος
2819 3411 3266 3482 ἐπακολουθήσας
3301 3413 3395 3463 καὶ
3427 3411 3638 3479 συμϐα-

2062 3507 2168 3562 λὼν
2197 3506 2421 3578 πολέμῳ
2447 3507 2575 3578 νικᾷ
2597 3506 2724 3569 τοὺς
2756 3505 3055 3567 Ποντικοὺς
3093 3504 3197 3558 ἀνά
3241 3505 3462 3573 κράτος,
3508 3503 3639 3572 βρα-

2061 3600 2149 3668 χεῖ
2193 3597 2242 3629 ’⁸
2307 3597 2407 3667 μὲν
2453 3595 2672 3659 πλείους
2727 3594 2986 3666 μυριάδος
3031 3591 3258 3654 ἀνελὼν,
3307 3593 3638 3662 τρισχιλίους

2061 3687 2124 3740 δὲ
2162 3687 2258 3740 καὶ
2301 3687 2529 3756 μυρίους
2557 3683 2737 3738 λαϐὼν
2766 3682 3166 3754 αἰχμαλώτους.
3196 3679 3268 3733 Τὸ
3295 3681 3352 3734 δὲ
3375 3681 3640 3751 Φιμϐρια-

2061 3777 2171 3832 νῶν
2213 3778 2260 3810 ²⁸
2296 3777 2614 3848 στράτευμα
2647 3776 2906 3839 ὑπόπτως
2951 3774 3073 3845 ἔχον
3126 3773 3201 3837 ὡς
3257 3772 3345 3828 διὰ
3401 3774 3460 3826 τὸ
3511 3773 3640 3842 περὶ

2061 3870 2307 3925 Φλάκκον
2340 3870 2598 3940 τόλμημα
2637 3868 2738 3920 οὐκ
2784 3866 2851 3921 ἂν
2893 3867 3090 3930 αὐτοὺς
3133 3867 3215 3920 ἔτι
3259 3865 3538 3936 νομίσειαν
3589 3868 3638 3917 οἱ

2062 3960 2330 4032 ἡγεμόνες
2372 3958 2585 4022 εῦνους,
2622 3958 2871 4028 ἔπεμπον
2901 3957 3088 4026 κρύφα
3126 3955 3264 4028 πρὸς
3301 3956 3638 4028 Μιθριδάτην

2060 4053 2387 4123 αὐτομολίαν
2419 4050 2859 4121 ὑπισχνούμενοι.
2903 4049 2962 4102 '0
2993 4048 3052 4103 δὲ
3077 4047 3306 4120 ἕρμαιον
3333 4049 3433 4118 τὴν
3464 4047 3638 4118 πρόσ-

2061 4145 2254 4216 κλησιν
2301 4144 2347 4175 ’⁸
2386 4143 2756 4215 ἡγησάμενος,
2797 4139 2872 4203 ὡς
2904 4140 3001 4206 νὺξ
3047 4138 3314 4193 ἐπέλαϐεν
3348 4138 3420 4204 ⁸⁷,
3444 4137 3640 4208 Ἀρχέ-

2060 4235 2190 4290 λαον
2217 4234 2430 4304 πέμπει
2461 4232 2762 4304 βεϐαιῶσαί
2793 4249 2853 4286 τε
2895 4231 2997 4294 τὰς
3039 4230 3335 4302 ὁμολογίας
3374 4231 3468 4282 καὶ
3508 4228 3639 4291 τοὺς

2060 4330 2564 4402 προσχωρήσαντας
2593 4326 2770 4394 ἄγειν.
2801 4325 2866 4378 Οί
2895 4323 2954 4378 δὲ
2988 4323 3332 4395 Φιμϐριανοὶ,
3361 4322 3487 4377 ἐπεὶ
3517 4320 3639 4375 τού-

2059 4439 2175 4486 τοις
2215 4421 2508 4491 Ἀρχέλαος
2557 4417 2914 4489 παρεγένετο,
2961 4415 3124 4469 αὐτὸν
3179 4415 3279 4486 μὲν
3324 4412 3638 4478 συνέλαϐον,

2059 4517 2188 4579 τοὺς
2213 4515 2270 4568 δὲ
2298 4515 2397 4567 σὺν
2427 4511 2578 4583 αὖτῷ
2611 4511 3028 4583 διεχειρίσαντο.
3054 4510 3182 4562 Ἐπὶ
3220 4507 3398 4578 τούτῳ
3429 4505 3506 4576 τῷ
3543 4503 3638 4558 τοῦ

2064 4607 2328 4678 βασιλέως
2365 4606 2679 4676 ἀτυχήματι
2717 4605 2814 4658 καὶ
2863 4602 3022 4673 λιμὸς
3051 4599 3338 4654 ἐπιπίπτει
3379 4596 3543 4652 αὑτοῦ
3571 4599 3636 4666 τῇ

2060 4701 2312 4773 στρατιᾷ,
2343 4699 2439 4753 καὶ
2476 4698 2704 4761 πολλοὺς
2727 4694 3000 4750 ἀπώλλυε.
3039 4693 3186 4764 Πλὴν
3234 4691 3376 4745 οὕτω
3427 4688 3640 4750 πολλοῖς

2059 4795 2350 4866 παθήμασι
2402 4792 2628 4863 κάμνων
2681 4788 2924 4852 Κυζίκου
2976 4785 3077 4856 τῆς
3136 4783 3456 4853 πολιορκίας
3502 4781 3640 4842 τέως

2058 4888 2160 4942 οὐκ
2193 4885 2463 4956 ἀφίστατο
2493 4900 2506 4914 ·
2541 4883 2660 4952 μετ’
2697 4880 2877 4949 ὀλίγον
2907 4879 2965 4933 δὲ
2996 4877 3168 4932 πολλὰ
3200 4875 3295 4928 καὶ
3318 4872 3507 4928 παθὼν
3543 4873 3640 4926 καὶ

2059 4977 2294 5048 πράξας,
2323 4977 2473 5046 ὅμως
2501 4974 2776 5028 ἀνάλωτον
2793 4970 2966 5024 λιπὼν
2992 4970 3091 5040 τὴν
3120 4967 3274 5021 πόλιν
3299 4963 3638 5034 ἀνεχώρησε,

2058 5070 2154 5123 τοῦ
2186 5069 2284 5141 μὲν
2313 5065 2483 5132 πεζοῦ
2524 5066 2785 5134 Ἑρμαῖον
2817 5063 2913 5115 καὶ
2936 5060 3148 5131 Μάριον
3182 5054 3435 5129 ἡγεῖσθαι
3471 5071 3640 5106 κατα-

2062 5161 2434 5233 στησάμενος,
2495 5157 2724 5229 στρατὸν
2781 5156 2922 5224 ὑπὲρ
2968 5151 3329 5222 τρισμυρίους
3382 5147 3638 5214 ἄγοντας,

2059 5254 2222 5316 αὐτὸς
2265 5253 2320 5305 δὲ
2354 5252 2442 5304 διὰ
2485 5249 2760 5319 θαλάσσης
2807 5244 3129 5314 ποιούμενος
3180 5240 3278 5312 τὴν
3328 5237 3638 5302 ἀνάζευξιν.

2073 5345 2476 5406 Ἐπιὸαίνοντος
2514 5341 2570 5394 δὲ
2600 5340 2765 5394 αὑτοῦ
2795 5338 2902 5391 τῶν
2925 5333 3169 5407 τριηρῶν
3202 5330 3397 5387 πολλαὶ
3443 5327 3637 5383 παθῶν

1684 5503 1913 5560 ὟΑΠΙᾹΞ
1947 5503 2350 5560 LECTIONES.

527 5632 841 5692 τετρακισχ.
877 5619 935 5672 δὲ
967 5621 1005 5674 Α
1039 5640 1050 5674 :
1093 5637 1188 5692 και
1221 5637 1536 5692 τετρακισχ.
1569 5641 1630 5686 ς.
1705 5625 1750 5656 ⁸³
1779 5635 1834 5677 ct
1888 5625 1957 5678 40
1995 5625 2045 5676 ι».
2123 5621 2388 5692 σαγαρίου
2441 5618 2583 5692 libri.
2659 5618 2705 5651 “
2735 5617 3023 5692 ﬂpaxbug;
3073 5603 3631 5692 ’ἢεραμεξριανῶνιθέ

383 5687 699 5762 φαᾷριανών
739 5687 817 5753 ς.
897 5687 1328 5762 “eq/36x11]th
1365 5691 1403 5743 Λ

383 5754 673 5809 ἐπέϐαλεν.
739 5762 810 5814 cl'.
845 5777 896 5830 ι).
956 5754 1036 5815 11.’
1065 5754 1225 5817 1181.
1258 5761 1290 5815 5
1317 5775 1362 5815 ct
1405 5754 1663 5829 135,32.

1469 5693 1710 5764 :zlﬁcw
1779 5714 1834 5760 ς.
1890 5696 2202 5764 Stephanus

2283 5672 2620 5762 πρόσκλισιν.
2735 5672 2786 5723 ’ίθ
2821 5672 3085 5743 ε’ξτέὶῖαϐεν
3127 5672 3474 5738 Sclticierus:
3517 5672 3634 5728 libri
