3972 6248
304 4835 335 4996 ἔ

305 5002 329 5057 Ii

304 5035 340 5277 δ

386 243 493 306 917

1442 242 1940 309 BIBLIOTHECA
1981 267 2048 276 -
2088 242 2251 302 COD.
2288 242 2582 302 CCXXIV.

3530 247 3635 312 919

390 356 527 410 ἰδέαι
554 354 882 409 συνέπιπτον
915 370 929 385 ·
963 357 1012 411 οξ
1064 356 1174 427 γάρ
1221 354 1502 425 ἐμϐαίνειν
1547 351 1837 423 μέλλοντες
1882 351 1938 403 εί.

2066 366 2182 404 rum
2218 350 2338 404 alia:
2371 350 2482 421 jam
2530 349 2743 418 repleta:
2770 392 2785 418 ,
2826 351 2943 407 aliae
2971 367 3093 409 mox
3133 353 3401 424 replenda:
3426 370 3633 427 essent,

386 447 557 510 αύτάς
593 447 691 511 τὰς
731 448 828 517 μέν
857 448 956 518 ἤδη
988 446 1424 519 πεπληρωμένας
1461 446 1559 510 τὰς
1588 445 1645 499 δὲ
1693 444 1787 497 καὶ
1833 444 1961 512 μελ-

388 535 585 600 λούσας
613 538 863 607 κατεῖχον
893 537 1285 608 ἐξαρτὼμενοι,
1316 536 1412 589 xui.
1454 534 1608 601 παρά
1644 532 1705 587 τὸ
1753 531 1962 601 πλῆθος

383 628 498 681 τῶν
554 627 713 683 τοῦτο
738 628 992 698 δρώντων
1020 630 1077 681 αί
1127 628 1226 699 μὲν
1258 627 1580 682 κατεδύοντο
1620 626 1677 680 αἱ
1724 624 1779 678 δὲ
1811 641 1958 694 περι⁹

383 715 698 785 ετρέποντο.
749 716 921 771 Τοῦτο
953 716 1248 787 Κυζικηνοὶ
1299 716 1627 786 θεασάμενοι
1688 714 1959 786 ὥρμησαν

382 805 479 858 ἐπὶ
528 807 599 860 τὰ
639 806 750 863 τῶν
778 807 1057 865 Ποντικῶν
1097 807 1459 878 στρατόπεδα,
1513 807 1610 859 καὶ
1659 806 1787 868 τοὺς
1827 806 1959 858 ύπο-

380 896 703 966 λειφθέντας
743 901 1099 971 καματηροὺς
1141 898 1571 971 διαφθείροντες,
1612 899 1664 953 ef
1693 915 1745 950 τι
1776 896 1961 967 παρῆν

380 987 850 1063 ὑπολελειμμένον
874 989 953 1063 τῷ
982 991 1349 1062 στρατοπέδῳ,
1383 991 1684 1061 διήρπαζον
1712 989 1777 1045 ’⁸.
1815 987 1956 1042 Λεύ-

378 1078 574 1145 κολλος
600 1081 658 1136 δέ
698 1082 896 1148 διώξας
935 1083 1033 1136 ἐπὶ
1072 1082 1166 1136 τὸν
1204 1084 1447 1151 Αἴσηπον
1501 1082 1547 1114 ³⁸
1593 1080 1842 1151 ποταμὸν
1894 1076 1959 1131 τὺ

375 1175 546 1239 πεζὸν
618 1176 1022 1248 ἀπροσδόκητος
1065 1177 1111 1209 ³⁰
1157 1175 1590 1246 καταλαμόάνει,
1650 1175 1745 1228 καὶ
1795 1172 1956 1242 φόνον

374 1266 549 1322 πολὺν
580 1268 691 1321 τῶν
735 1268 1011 1339 πολεμίων
1054 1270 1310 1322 ποιεῖται.
1346 1267 1686 1338 Μιθριδάτης
1725 1264 1783 1319 δὲ
1822 1264 1952 1318 ὀινα⁹

373 1358 559 1412 λαϐὼν
615 1360 806 1413 ἐαυτὸν
857 1361 934 1424 ὡς
985 1360 1238 1431 ἠδύνατο,
1294 1360 1578 1429 Πείρινθον
1623 1356 1953 1427 ἐπολιόρκει,

369 1451 581 1524 ταύτης
608 1452 665 1506 δὲ
694 1452 1011 1524 διαμαρτὼν
1046 1454 1139 1506 ἐπὶ
1158 1452 1415 1506 Βιθυνίαν
1446 1448 1880 1522 διαπεραιοῦται.

2066 441 2349 495 confertim
2397 450 2682 510 occupant,
2717 454 2772 497 et
2810 444 3045 514 undique
3078 444 3182 500 illis
3212 446 3507 513 adhzrreut,
3548 450 3633 503 fa-

2066 540 2211 585 ctum
2236 540 2322 587 est
2368 543 2550 602 utpra:
2579 533 2917 603 multitudine
2941 536 3354 602 imminentium,
3397 554 3520 609 pars
3536 558 3633 595 ua-

2065 623 2208 676 vium
2244 623 2633 689 deprimeretur
2653 664 2670 691 ,
2688 639 2817 694 pars
2854 628 3015 681 etiam
3036 629 3459 688 subverteretur.
3480 631 3633 699 Quod

2064 714 2358 783 conspicati
2387 714 2665 785 Cyziceni,
2708 716 2907 785 impetu
2950 718 3003 772 in
3049 728 3232 774 castra
3280 719 3630 776 Ponticarum

2064 806 2245 868 facto,
2286 821 2456 878 zegros
2500 808 2572 862 ibi
2610 807 2827 863 relictos
2872 810 3183 878 trucidant,
3224 821 3279 867 et
3308 814 3352 868 si
3384 815 3511 882 quid
3543 832 3634 869 sn-

2060 906 2275 967 pererat
2320 900 2597 968 diripiunt.
2652 900 2722 953 At
2769 899 3045 965 Lucullus,
3097 904 3336 972 peditum
3365 921 3558 975 agmen
3600 922 3631 961 a

2064 999 2213 1058 tergo
2238 1004 2487 1058 premens
2513 1032 2528 1057 ,
2571 990 2638 1045 ad
2662 990 2909 1061 Aﬁsipum
2958 992 3179 1050 ﬂuvium
3227 997 3532 1067 assequitur
3563 1000 3631 1052 de

2062 1080 2387 1149 improviso,
2451 1098 2806 1154 magnamque
2857 1087 3091 1141 hostium
3140 1093 3341 1145 caedem
3398 1093 3627 1161 peragit.

2058 1172 2395 1228 Mithridates
2438 1175 2678 1242 interim,
2733 1177 2973 1234 collectis
3010 1189 3064 1233 ut
3109 1183 3301 1250 potuit,
3353 1182 3409 1237 in
3456 1184 3631 1237 Ponto

2058 1265 2281 1328 viribus,
2310 1262 2629 1319 Perinthum
2652 1267 2998 1326 circumsidet
3023 1283 3077 1326 et
3105 1281 3375 1344 Oppugnat
3406 1289 3421 1327 :
3457 1288 3631 1344 eaque

2059 1371 2163 1411 non
2197 1357 2419 1427 potitus,
2448 1356 2501 1412 in
2530 1355 2838 1429 Bythiniam
2871 1363 3209 1418 transmittit.

543 1568 675 1627 CAP.
713 1567 897 1625 XLIII.
920 1602 992 1615 —
1029 1570 1225 1627 Triarii
1262 1589 1342 1628 res
1380 1580 1537 1643 gesta:
1573 1579 1753 1624 contra
1790 1562 2173 1619 Mithridatem.
2204 1559 2378 1616 Pruaa
2414 1564 2559 1619 urbs.
2596 1562 2804 1619 Fabula
2837 1569 2901 1621 de
2942 1567 3127 1623 Nicwa
3164 1583 3208 1624 et
3244 1570 3471 1625 Bucclto.

459 1679 614 1734 Ἐπεὶ
660 1681 718 1735 δέ
766 1682 861 1735 καὶ
906 1683 1124 1755 Βάρσας
1171 1685 1404 1756 συχνοὺς
1447 1683 1666 1738 Ἰταλῶν
1719 1682 1938 1751 ἐπάγων

2124 1673 2417 1745 Postquam
2440 1692 2569 1732 vero
2599 1676 2795 1743 Barba,
2826 1682 3099 1735 robustam
3131 1683 3384 1739 [talorum
3408 1701 3624 1741 manum

368 1768 497 1843 ἧκε,
530 1774 624 1826 καὶ
677 1774 783 1844 μὴν
839 1774 934 1827 καὶ
986 1776 1243 1846 Τριάριος
1295 1779 1322 1831 ὁ
1384 1776 1674 1846 Ῥωμαίων
1723 1774 1948 1843 ἡγεμὼν

368 1864 886 1933 ἀνασκευασάμενος
930 1867 995 1936 τῇ
1052 1859 1325 1938 ’Δπαμέία
1371 1866 1680 1938 πολιορκεῖν
1715 1866 1944 1933 ἐπέστη,

366 1956 420 2008 οῖ
466 1954 737 2024 ’Δπαμεῖς
783 1956 1127 2026 ἀντισχόντες
1180 1959 1281 2012 ὅσα
1336 1958 1619 2029 ἠδύναντο,
1665 1957 1796 2030 [585
1851 1956 1945 2030 Η.]

364 2048 519 2110 τέλος
544 2048 853 2113 ἀνοίξαντες
879 2052 977 2112 τὰς
1012 2050 1185 2111 πύλας
1211 2050 1436 2114 τούτους
1469 2050 1826 2116 εἰσεδέξαντο.
1856 2048 1944 2105 Εἷ-

363 2138 459 2191 λον
486 2139 543 2192 δὲ
566 2141 660 2193 καὶ
693 2140 943 2211 Προῦσαν
974 2144 1074 2209 τὴν
1101 2142 1256 2195 πόλιν
1287 2144 1320 2213 ἠ
1357 2142 1644 2211 Ῥωμαίων
1672 2143 1900 2212 δύναμις
1922 2160 1936 2174 ·

364 2229 475 2283 ὖπδ
491 2231 547 2285 δὲ
558 2232 649 2284 τὸν
678 2232 926 2286 ’Λσιανδν
955 2234 1087 2286 Ὀλυ
1097 2251 1238 2303 μπον
1257 2234 1492 2289 διέκειτο
1513 2236 1556 2268 ’ί
1583 2235 1744 2305 αῦτη.
1765 2237 1943 2289 Ἐκεῖ-

360 2320 461 2375 θεν
518 2323 549 2374 ὁ
618 2322 874 2394 Τριάριος
924 2325 1018 2377 ἐπὶ
1062 2324 1367 2395 Προυσιάδα
1404 2326 1504 2396 τὴν
1559 2326 1944 2380 ἐπιθαλάσσιον

366 2412 511 2482 μετά
545 2414 644 2484 τῆς
672 2414 954 2485 δυνάμεως
992 2416 1359 2487 παραγίνεται
1388 2433 1403 2448 ’
1435 2415 1576 2487 αῦτη
1596 2416 1654 2470 δέ
1679 2416 1875 2488 Κίερος
1898 2420 1941 2450 ³¹

361 2506 427 2558 τὺ
461 2507 693 2560 παλαιὸν
731 2509 995 2573 ἐκαλεῖτο,
1028 2510 1087 2562 ἐν
1121 2504 1273 2582 ᾖκαὶ
1307 2510 1340 2580 ἡ
1368 2510 1469 2580 τῆς
1502 2509 1731 2581 Ἀργοῦς
1758 2511 1941 2579 ἄφιξις

358 2596 582 2663 λέγεται
608 2598 704 2651 καὶ
730 2599 759 2651 ὁ
786 2598 880 2652 τοῦ
909 2598 1051 2653 ’Υλα
1086 2600 1394 2670 ἀφανισμός
1429 2600 1525 2652 καὶ
1561 2601 1594 2671 ἡ
1629 2599 1724 2653 τοῦ
1774 2601 1942 2671 Ἥρα-

362 2688 521 2750 κλέος
544 2689 636 2742 ἐπὶ
668 2689 767 2759 τὴν
790 2687 981 2743 τούτου
1015 2689 1351 2761 ἀναζήτησιν
1396 2690 1574 2761 πλάνη
1627 2696 1722 2745 καί
1768 2691 1940 2747 πολλὰ

361 2782 593 2835 τοιαῦτα
647 2781 831 2853 ἔτερα.
882 2783 1302 2855 Παραγεγονότα
1335 2783 1392 2837 δέ
1421 2783 1621 2855 ῥᾳδίως
1679 2784 1730 2835 οἱ
1769 2785 1942 2854 Πρου-

358 2874 516 2937 σαεῖς
541 2874 586 2907 ³³
608 2873 875 2940 ἐδέξαντο,
900 2875 1026 2939 τοὺς
1040 2876 1331 2939 Ποντικοὺς
1353 2875 1941 2943 διωσάμενοι.Ἒκείθεν

357 2965 455 3017 ἐπὶ
518 2965 753 3020 Νίκαιαν
824 2967 1238 3039 φρουρουμένην
1306 2967 1675 3039 Μιθριδατείῳ
1723 2970 1937 3041 φρουρᾷ

355 3053 724 3123 παραγίνεται
755 3071 769 3086 ⁸
793 3056 914 3109 οῖδέ
944 3056 1196 3110 Ποντικοὶ
1226 3055 1479 3139 τδνινοῦν
1504 3057 1613 3110 τῶν
1647 3060 1704 3112 ἐν
1731 3058 1937 3130 Νικαίᾳ

356 3144 666 3209 συνιδόντες
686 3145 782 3198 ἐπὶ
822 3145 1124 3217 Ῥωμαίους
1150 3146 1532 3212 ἀποκλίνοντα,
1567 3147 1655 3202 διά
1676 3148 1868 3212 νυκτὸς
1894 3148 1939 3180 ³⁸

353 3234 497 3305 πρὸς
540 3235 879 3307 Μιθριδάτην
914 3240 994 3302 είς
1032 3239 1400 3310 Νικομήδειαν
1437 3238 1810 3311 ἀνεχώρησαν,
1842 3241 1940 3294 καὶ

364 3327 629 3397 Ῥωμαῖοι
656 3329 1059 3403 ἀταλαιπώρως
1087 3332 1351 3404 κρατοῦσι
1377 3332 1480 3401 τῆς
1512 3331 1743 3396 πόλεως.
1784 3330 1934 3403 Δῦτη

351 3418 415 3473 δὲ
450 3420 484 3490 ἠ
513 3420 668 3481 πόλις
701 3422 735 3492 ἡ
766 3421 971 3475 Νίκαια
995 3422 1097 3493 τὴν
1131 3424 1233 3493 μὲν
1258 3424 1451 3493 κλῆσιν
1481 3423 1605 3492 ἄγει
1625 3424 1734 3477 ἀπὸ
1757 3424 1934 3487 ναῖδος

351 3509 596 3581 νύμφης,
625 3511 797 3582 ὄνομα
818 3511 1088 3583 λαχούσης
1122 3514 1221 3585 τὴν
1237 3514 1490 3579 Νίκαιαν,
1508 3515 1667 3587 ἔργον
1698 3515 1753 3568 δὲ
1771 3530 1935 3583 γεγο-

352 3601 444 3665 νὸς
460 3601 773 3657 ⁸⁸Νικαέων
800 3604 910 3659 τῶν
946 3605 1087 3676 μετὰ
1117 3605 1466 3678 Ἀλεξάνδρου
1492 3608 1588 3679 μὲν
1604 3624 1666 3661 συ
1676 3624 1934 3677 στρατευ-

354 3692 588 3757 σάντων,
619 3696 757 3764 μετά
787 3694 844 3747 δέ
876 3694 969 3749 τὸν
998 3696 1210 3750 ἐκείνου
1240 3698 1469 3751 θάνατον
1511 3698 1655 3752 κατὰ.
1706 3698 1935 3769 ζήτησιν

350 3791 616 3861 πατρίδος
649 3793 856 3863 ταύτην
876 3809 938 3847 τε
976 3794 1280 3849 κτισάντων
1313 3796 1410 3849 καὶ
1445 3795 1930 3866 συνοικισαμένων.

351 3880 486 3957 [740
516 3884 611 3957 R.]
660 3885 726 3939 Ἦ
767 3886 868 3956 μὲν
899 3881 994 3940 οῦν
1019 3886 1139 3951 ναῖς
1168 3888 1203 3960 ή
1248 3888 1456 3942 Νίκαια
1502 3887 1721 3957 λέγεται
1769 3888 1931 3957 φῦναι

351 3973 667 4045 Σαγγαρίου
707 3976 802 4029 τοῦ
836 3976 978 4030 κατά
1013 3977 1112 4048 τὴν
1154 3977 1340 4049 χώραν
1383 3978 1645 4033 δυνάστου
1690 3981 1784 4033 καὶ
1824 3982 1935 4034 Κυ-

352 4064 516 4135 ϐέλης
539 4082 554 4096 ·
587 4066 967 4139 παρθενίανδέ
1012 4069 1212 4139 μᾶλλον
1245 4072 1278 4140 ἢ
1322 4070 1422 4142 τὴν
1457 4072 1594 4142 πρὸς
1626 4071 1797 4142 ἀνδρα
1830 4090 1930 4125 πο-

351 4155 524 4210 θοῦσα
556 4158 796 4228 ὁμιλίαν,
829 4161 889 4213 ἐν
919 4160 1070 4232 ὄρεσι
1101 4162 1196 4215 καὶ
1226 4160 1422 4232 θήραις
1449 4161 1538 4214 τὸν
1564 4161 1678 4232 βίον
1698 4162 1825 4233 ἔσχε
1859 4162 1926 4217 ³⁸.

350 4246 570 4320 Ταύτης
593 4249 649 4303 δὲ
679 4251 934 4316 Διόνυσος
956 4254 1054 4325 μὲν
1079 4253 1211 4323 ἦρα,
1236 4254 1377 4324 ἐρῶν
1411 4254 1470 4308 δὲ
1496 4255 1597 4308 ούκ
1635 4254 1925 4326 ἐτύγχανε.

2049 1766 2343 1829 adducens,
2371 1766 2625 1830 venisset.
2652 1780 2707 1822 et
2728 1766 2973 1825 Triarius
3002 1772 3222 1842 insuper
3251 1772 3620 1830 Romanorum

2048 1858 2179 1922 dux,
2216 1857 2377 1913 motis
2404 1858 2529 1913 inde
2557 1861 2774 1925 castris,
2806 1861 3098 1930 Apameam
3126 1864 3420 1931 obsideret,
3449 1867 3617 1934 cises,

2045 1966 2164 2006 eam
2202 1950 2511 2022 aliquandiu
2548 1969 2645 2023 pro
2694 1954 2900 2010 viribus
2952 1957 3063 2011 suis
3097 1957 3303 2015 hostem
3340 1960 3627 2017 sustinuis-

2045 2052 2188 2107 sent,
2208 2044 2410 2113 a'pertis
2437 2048 2655 2101 tandem
2680 2048 2853 2115 portis
2874 2063 2967 2104 eos
2995 2049 3358 2107 intromisere.
3390 2053 3618 2107 Prusam

2043 2135 2205 2190 etiam
2243 2136 2431 2191 urbem
2474 2134 2756 2194 Romanus
2793 2141 3068 2198 exercitus
3117 2145 3283 2212 cepit.
3323 2143 3475 2199 lucet
3507 2146 3622 2201 hac:

2044 2226 2111 2280 ad
2153 2224 2444 2295 Olympum
2477 2229 2620 2283 Asia:
2647 2242 2907 2285 montem.
2950 2228 3089 2286 llinc
3123 2230 3444 2288 Prusiadem
3481 2235 3619 2289 mari

2046 2319 2356 2390 impositam
2399 2336 2520 2374 cum
2545 2322 2790 2377 exercitu
2817 2323 2951 2391 petit
2979 2337 2995 2376 :
3029 2321 3249 2378 Cierum
3279 2324 3405 2378 olim
3438 2327 3617 2380 nomi-

2043 2414 2265 2467 nabant.
2290 2412 2407 2480 Quo
2419 2412 2581 2467 etiam
2595 2414 2934 2484 Argonautas
2953 2415 3244 2485 appulisse,
3264 2427 3317 2472 et
3332 2418 3618 2473 evanuisse

2045 2503 2234 2575 Hylam
2262 2514 2320 2559 et
2348 2504 2631 2559 llerculem
2653 2544 2669 2569 ,
2701 2507 2825 2575 dum
2856 2507 3084 2577 requirit
3112 2522 3236 2562 eum
3259 2549 3276 2575 ,
3310 2508 3618 2564 circumva-

2042 2604 2248 2664 gatum,
2280 2595 2553 2664 multaque
2578 2595 2629 2649 id
2652 2610 2822 2667 genus
2844 2596 2950 2651 alia
2994 2598 3311 2668 contigisse,
3336 2600 3475 2654 fatua
3508 2612 3612 2656 est.

2045 2687 2113 2744 Ut
2136 2687 2255 2742 urbi
2281 2689 2754 2758 appropinquavit,
2794 2689 2952 2745 facile
2977 2690 3294 2749 Prusienses
3314 2708 3437 2747 eum
3466 2709 3615 2749 rece-

2041 2792 2257 2849 perunt,
2288 2778 2527 2836 Ponticis
2559 2780 2768 2850 ejectis.
2814 2781 2944 2838 Inde
2983 2780 3201 2845 Nicaeae,
3242 2798 3402 2853 quam
3435 2787 3618 2854 praesi-

2042 2872 2187 2926 dimn
2218 2871 2543 2929 Mithridatis
2575 2874 2813 2938 tenebat,
2863 2875 3126 2932 imminet.
3175 2875 3380 2932 Pontici
3409 2886 3612 2945 autem,

2043 2959 2314 3015 intellecto
2363 2962 2509 3016 cives
2556 2962 2752 3018 animis
2800 2963 2866 3017 ad
2922 2962 3198 3020 Romanos
3253 2968 3612 3038 propendere,

2044 3060 2205 3106 noctu
2255 3066 2313 3107 se
2357 3051 2425 3106 ad
2474 3051 2841 3108 Mithridatem
2881 3052 3250 3112 Nicomediam
3284 3058 3612 3116 subducunt.

2040 3140 2275 3197 Romani
2315 3143 2478 3213 igitur
2521 3144 2642 3199 sine
2690 3144 2939 3201 molestia
2982 3149 3169 3205 urbem
3207 3165 3318 3204 suae
3361 3156 3612 3221 potestati

2040 3232 2358 3304 subjiciunt.
2397 3233 2522 3290 llaec
2566 3235 2701 3290 urbs
2739 3252 2935 3294 nomen
2976 3240 3191 3296 deducit
3229 3256 3259 3295 a
3292 3240 3460 3298 Naide
3488 3258 3616 3313 qua-

2040 3325 2164 3379 dam
2212 3327 2468 3396 nympha,
2517 3327 2605 3381 cui
2648 3325 2844 3384 Nicaeae
2893 3345 3109 3396 nomen,
3157 3340 3212 3387 et
3250 3348 3385 3403 opus
3412 3344 3495 3389 est
3525 3334 3619 3389 Ni-

2038 3420 2325 3473 caeensiqu
2351 3458 2367 3483 ,
2398 3419 2491 3489 qui
2528 3420 2583 3473 in
2630 3420 2924 3478 Alexandri
2966 3425 3211 3481 exercitu
3262 3426 3481 3483 fuerunt
3513 3447 3527 3482 :
3559 3438 3615 3483 et

2039 3518 2165 3578 post
2190 3508 2308 3578 ejus
2355 3508 2656 3575 interitum,
2698 3511 2827 3565 dum
2861 3512 3095 3581 patriam
3137 3527 3479 3585 receperunt,
3512 3517 3615 3573 hac

2038 3599 2172 3654 urbe
2197 3616 2227 3654 a
2257 3616 2316 3655 se
2338 3601 2554 3655 condita
2586 3612 2642 3657 et
2677 3602 3045 3672 frequentata,
3084 3604 3140 3660 in
3183 3607 3455 3662 civitatem
3486 3623 3614 3663 eoa-

2036 3689 2274 3747 Iuerunt.
2313 3690 2444 3747 Nais
2483 3702 2665 3746 autem
2698 3693 2789 3748 illa
2832 3691 3010 3749 Nicaea
3044 3692 3335 3765 Sangario,
3379 3697 3483 3753 luci
3524 3713 3613 3753 re-

2035 3783 2182 3852 gulo,
2211 3793 2265 3839 et
2287 3782 2486 3855 Cybele
2518 3794 2643 3839 nata
2683 3784 2872 3840 fertur.
2901 3785 3032 3853 Quae
3066 3802 3189 3842 cum
3211 3787 3417 3856 majore
3442 3790 3613 3860 virgi~

2035 3875 2222 3930 nitatis
2264 3877 2536 3932 desiderio
2568 3893 2729 3948 quam
2780 3879 3187 3937 consuetudinis
3234 3879 3448 3953 23‘s
3489 3898 3613 3937 cum

2033 3966 2173 4035 viro,
2199 3976 2494 4035 teneretur,
2525 3969 2577 4022 in
2607 3969 2879 4025 montibus
2906 3978 2963 4025 et
2994 3972 3275 4028 venatibus
3296 3973 3461 4027 vitam
3479 3973 3609 4045 egit.

2032 4056 2277 4115 Bacchus
2311 4060 2528 4130 quidem
2573 4060 2816 4116 efﬂictim
2858 4073 3004 4118 amat
3052 4063 3305 4134 puellam,
3356 4067 3453 4121 sed
3498 4067 3611 4121 haec

2033 4168 2275 4209 amorem
2311 4153 2625 4211 frustratur.
2659 4154 2888 4222 Quando
2918 4158 3084 4227 igitur
3116 4158 3228 4213 voti
3253 4172 3475 4227 compos
3506 4159 3611 4213 alia

2034 4247 2246 4302 ratione
2290 4247 2407 4301 fieri
2445 4247 2649 4318 nequit,
2681 4247 2912 4305 fallaciis
2942 4249 3162 4320 explere
3195 4251 3361 4305 animi
3396 4251 3613 4307 deside-

348 4340 444 4410 Μὴ
473 4342 761 4412 τυγχάνων
780 4343 839 4397 δὲ
872 4349 1147 4417 μηχαναῖς
1173 4347 1234 4399 τὸ
1263 4347 1449 4401 λεῖπον
1476 4349 1541 4419 τῇ
1568 4348 1767 4422 γνώμῃ
1785 4349 1921 4403 ἀνα-

2043 4340 2173 4395 rium
2206 4339 2456 4395 instituit.
2488 4341 2624 4395 Nam
2667 4341 2868 4396 fontem
2891 4380 2907 4407 ,
2945 4358 3014 4397 ex
3043 4357 3152 4414 quo
3179 4341 3353 4397 Nicaea
3387 4359 3415 4397 a
3447 4358 3610 4397 vena-

348 4431 596 4504 πληροῦν
631 4437 928 4509 ἐπεχείρει.
972 4439 1179 4509 Πληροῖ
1217 4439 1401 4494 τοίνυν
1443 4441 1544 4513 τὴν
1572 4441 1803 4514 κρήνην,
1834 4440 1929 4511 ἀφ’

345 4518 415 4599 ἦς
446 4525 638 4580 εῐωθεν
667 4528 711 4560 ³⁷
740 4530 775 4602 ή
808 4530 1015 4584 Νίκαια
1038 4531 1214 4585 πίνειν
1240 4531 1461 4586 ἐπειδάν
1487 4532 1596 4586 ἀπὸ
1620 4534 1718 4604 τῆς
1751 4532 1929 4605 θήρας

347 4617 654 4691 κοπωθείη,
684 4619 808 4675 ἀντὶ
828 4620 921 4675 τοῦ
960 4620 1149 4686 ὓδατος
1185 4624 1353 4676 οῐνου.
1403 4624 1470 4677 Ἦ
1501 4623 1556 4677 δὲ
1586 4624 1757 4693 μηδὲν
1795 4644 1925 4681 συν-

345 4708 522 4763 ειδυῖα
552 4711 648 4764 καὶ
680 4710 742 4764 τὸ
776 4711 966 4778 εἰωθὸς
1009 4712 1242 4767 ποιοῦσα
1280 4714 1327 4747 ³⁸
1368 4715 1694 4785 ἐμφορεῖται
1730 4733 1793 4770 τε
1826 4717 1921 4771 τοῦ

345 4801 632 4857 ἐπιὸούλου
685 4802 947 4874 νάματος,
1006 4806 1101 4860 καλ⁸
1145 4806 1413 4878 ὑπηρετεῖ
1443 4808 1538 4861 καὶ
1593 4808 1802 4862 ἄκουσα
1854 4808 1933 4881 τῷ

346 4893 650 4965 βουλήματι
675 4894 769 4949 τοῦ
794 4896 1026 4968 ἐραστοῦ
1051 4914 1068 4930 ο
1098 4897 1271 4970 μέθης
1296 4898 1405 4971 γάρ
1437 4900 1608 4954 αὐτὴν
1638 4900 1735 4955 καὶ
1760 4900 1930 4957 ῦπνου

343 4984 619 5041 λαϐόντων
653 4988 683 5041 ὅ
708 5004 769 5041 τε
800 4988 1053 5053 Διόνυσος
1094 4990 1232 5061 αὐτῇ
1260 4990 1636 5061 ὲπιμίγνυται,
1669 4993 1764 5046 καὶ
1798 4995 1924 5045 παῖ-

343 5074 533 5143 δας⁶ἐίς
564 5078 736 5149 αὐτῆς
761 5079 887 5149 φύει
914 5068 1155 5151 Σάτυρον
1196 5099 1257 5135 τε
1306 5082 1400 5136 καὶ
1442 5082 1688 5153 ἐτέρους.
1744 5083 1811 5137 υἱ
1864 5083 1921 5137 δὲ

347 5169 591 5236 Νικαεῖς,
640 5172 692 5225 οἳ
721 5171 820 5243 τὴν
862 5172 1018 5227 πόλιν
1050 5174 1279 5245 ἤγειραν
1320 5175 1414 5229 καὶ
1452 5174 1781 5246 συνῴκισαν,
1816 5174 1920 5229 Νί-

344 5274 507 5312 καιαν
537 5254 688 5332 εῐχον
714 5261 951 5332 πατρίδα
991 5263 1233 5329 Φωκίδος
1258 5265 1479 5332 γείτονα
1503 5283 1516 5297 ·
1555 5266 1697 5337 πρὸς
1725 5268 1792 5337 ἢν
1826 5266 1920 5319 καὶ

2042 4431 2186 4486 tione
2215 4431 2424 4487 defessa
2457 4432 2641 4487 bibere
2686 4434 2925 4498 solebat,
2961 4434 3088 4488 vino
3118 4448 3219 4502 pro
3246 4448 3383 4503 aqua
3418 4433 3608 4502 replet.

2036 4522 2223 4592 anue
2269 4521 2400 4577 nihil
2448 4522 2744 4592 suspicata,
2792 4523 2917 4577 dum
2967 4537 3066 4591 pro
3116 4539 3267 4578 more
3306 4538 3406 4579 suo
3453 4524 3608 4587 bibit,

2034 4615 2281 4671 fallacem
2312 4615 2449 4670 intra
2484 4630 2547 4669 se
2572 4615 2752 4670 haurit
2774 4615 3039 4686 liquorem
3069 4632 3084 4672 :
3118 4625 3174 4670 et
3208 4616 3289 4670 sic
3313 4616 3610 4685 quamlibet

2032 4707 2221 4773 invita,
2255 4706 2490 4762 amantis
2535 4706 2813 4776 cupiditati
2853 4706 3145 4764 subservit.
3190 4706 3337 4763 Mero
3383 4707 3608 4763 enimet

2032 4814 2225 4855 somno
2260 4806 2566 4869 correptam
2597 4796 2759 4853 Liber
2797 4798 3143 4868 comprimit,
3172 4809 3227 4854 et
3257 4798 3510 4872 Satyrum
3540 4808 3604 4855 ex

2029 4908 2094 4949 ea
2153 4893 2463 4963 liberosque
2504 4892 2640 4947 alios
2695 4893 2943 4960 suscipit.
3002 4891 3309 4949 Nicaeenses
3350 4904 3528 4947 autem
3576 4911 3605 4948 a

2031 4984 2228 5055 quibus
2257 4984 2491 5040 excitata
2524 4994 2605 5039 est
2645 4982 2855 5049 Nicaea,
2884 4993 2939 5039 et
2971 4984 3191 5039 sedibus
3227 4985 3604 5055 frequentata,

2030 5076 2265 5145 primum
2309 5084 2467 5129 erant
2506 5074 2671 5128 vieini
2731 5073 2954 5133 Phocidi
2990 5094 3005 5131 :
3049 5076 3143 5130 sed
3190 5077 3331 5144 quod
3379 5075 3607 5129 subinde

2031 5168 2396 5234 rebellarent,
2444 5166 2753 5223 Phocenses
2788 5170 3002 5223 tandem
3046 5169 3218 5238 patria
3264 5184 3357 5223 eos
3389 5167 3607 5236 expule-

2031 5271 2193 5327 runt,
2246 5272 2303 5316 et
2336 5271 2395 5316 ut
2437 5260 2572 5316 urbs
2613 5277 2800 5317 eorum
2841 5277 3030 5318 eversa
3066 5261 3370 5326 deleretur,
3408 5277 3603 5331 tuang

1606 5357 1845 5413 VARIE
1874 5352 2167 5411 LECTION
2178 5355 2280 5410 ES.

411 5444 458 5517 ιιι
491 5444 795 5517 ξιήρπαζον
820 5446 866 5501 Α
903 5465 919 5503 :
949 5447 1255 5517 διέφθειρον
1282 5469 1342 5517 ς·

344 5514 673 5570 Scltmferus.

345 5585 572 5662 timenti.
606 5586 663 5649 2,
696 5585 767 5662 2ιῄ
860 5588 928 5662 ³⁸-
958 5585 1045 5641 διὰ
1071 5585 1176 5662 τῆς
1208 5595 1419 5659 νυκτὸς.

345 5655 670 5711 ὃςιιωίυτυε.
726 5659 769 5690 ³⁸
807 5658 1006 5713 πιοῦσα
1048 5678 1103 5724 ς.

860 5588 907 5619 ιδ

1451 5455 1496 5487 ²⁹
1529 5453 1748 5507 αῖσιπον
1770 5456 1815 5507 Λ
1842 5469 1857 5506 :
1888 5451 2150 5505 αἷσιππον
2180 5469 2243 5516 ς.

785 5518 828 5550 ³⁸
853 5518 954 5571 Κίε
1029 5518 1090 5591 ς]
1138 5518 1270 5584 Κίος
1323 5521 1643 5579 Palmerius.
1681 5524 1752 5578 cf.
1794 5522 2117 5591 \Vcsseling.
2154 5526 2220 5575 a=.l
2253 5518 2498 5576 Itinerar.
2554 5520 2672 5574 Vet.
2705 5518 2778 5586 'p.
2835 5519 2957 5573 694.
3034 5520 3077 5552 ³³
3104 5518 3386 5592 προυσιεῖς
3421 5521 3597 5575 Vales.

860 5588 907 5619 ³⁸
958 5535 1045 5641 ἕΐὰ
1077 5591 1176 5641 sic
1208 5595 1419 5641 νυκτὸς-
1525 5595 1568 5627 ³⁵
1598 5593 1843 5641 νεγονὸς]
1879 5594 2071 5641 γέγονε
2113 5594 2439 5641 Sleunauus.
2545 5592 2589 5623 “
2619 5591 2742 5641 ἕσνε
2791 5590 2832 5641 Δ
2866 5590 3137 5641 εκατέσνε
3164 5608 3220 5623 ς’·
3323 5592 3365 5622 ³⁷
3394 5592 3574 5641 εἰώθει

992 5589 1045 5641 ιὰ
1072 5589 1176 5662 τῆς
1208 5595 1419 5659 νυκτὸς.
1525 5595 1568 5627 ³⁵
1598 5593 1843 5665 γεγονὸς]
1879 5589 2088 5662 γέγονε
2113 5594 2439 5662 Stepnanus.

2320 5451 2367 5482 ³⁸
2404 5449 2928 5521 ἀπροσδοκήτωςίς,
3039 5451 3091 5521 Ῠ³¹
3124 5448 3373 5519 διέκειτοῖ
3427 5450 3603 5505 ἔκειτο

2545 5592 2589 5623 ³⁸
2619 5591 2742 5661 ἔσχε
2791 5590 2832 5642 Δ
2866 5608 2879 5643 :
2906 5590 3137 5660 κατέσχε
3152 5590 3220 5655 “;-·
3323 5592 3365 5622 ³⁷
3394 5592 3574 5645 εἰώθει
