3972 6248
282 209 382 276 921

1332 212 1854 277 BlBLIOTIIECA.
1880 242 1947 250 -
1982 215 2144 276 COD.
2194 215 2485 279 CCXXIV.

3410 212 3517 279 922

283 300 518 355 λαϐόντα
542 300 674 374 περὶ
707 301 798 356 τὸν
840 301 1228 373 Ἑλλήσποντον
1253 303 1348 356 καὶ
1381 304 1480 371 τὴν
1510 303 1850 372 Προποντίδα

1962 304 2093 356 uiam
2128 302 2451 356 Mithridatis
2482 315 2665 361 naves.
2707 302 2762 355 in
2790 300 2985 365 reditu,
3016 300 3159 353 circa
3201 298 3516 369 Hellespon—

285 392 382 455 τὰς
414 392 506 445 ἐπὶ
537 394 766 463 Κρήτην
792 393 887 447 καὶ
920 392 1162 462 Ἰϐηρίαν
1197 392 1614 463 ἀπεσταλμένας
1658 394 1854 466 Μιθρι-

281 483 530 546 δατείους
586 482 719 546 ναῦς
760 484 1210 553 ὑποστρεφούσας
1274 485 1457 554 λοχᾷν.
1517 484 1854 556 Μιθριδάτης

282 573 343 625 δὲ
372 574 548 627 ταῦτα
576 574 792 628 ἁκούων
821 575 1290 647 παρεσκευάζετο.
1314 576 1408 629 καὶ
1440 576 1855 648 διεπρεσϐεύετο

282 666 426 735 πρός
454 684 517 720 τε
547 667 674 730 τοὺς
703 668 923 721 Σκυθῶν
960 666 1200 737 βασιλεῖς
1229 668 1324 722 καὶ
1354 668 1491 738 πρὸς
1516 668 1609 721 τὸν
1638 668 1855 738 Πάρθον

284 760 384 812 καὶ
404 759 543 830 πρὸς
567 760 660 813 τὸν
683 759 930 830 γαμϐρὸν
952 759 1115 814 αὑτοῦ
1135 760 1411 831 Τιγράνην
1430 762 1521 814 τὸν
1551 761 1853 833 Ἀρμένιον.

298 851 443 903 Ἀλλ’
489 853 538 904 οἱ
598 851 696 921 μὲν
740 853 992 918 ἀπεῖπον,
1034 850 1309 922 Τιγράνης
1357 852 1414 906 δὲ
1461 851 1564 906 ὑπὸ
1602 853 1704 921 τῆς
1748 853 1857 906 Μι-

286 930 544 1011 θριδάτου
598 943 866 1015 θυγατρὸς
916 943 1175 1007 πολλάκις
1217 941 1528 1013 ἐνοχληθεὶς
1579 943 1670 995 καὶ
1724 943 1857 996 ἀνα-

287 1034 619 1104 ϐαλλόμενος
654 1036 804 1106 ὅμως
849 1036 1055 1106 ὑπέστη
1086 1037 1185 1108 τὴν
1214 1035 1552 1107 συμμαχίαν.
1598 1034 1709 1089 Kal.
1751 1036 1860 1089 Μι-

286 1127 548 1197 θριδάτης
577 1127 868 1198 διαφόρους
898 1128 1132 1197 πέμπων
1162 1127 1304 1181 κατά
1319 1127 1620 1182 Λευκόλλου
1664 1143 1860 1193 στρατ-

286 1217 484 1285 ηγοὺς,
522 1217 617 1269 acati.
651 1217 751 1286 τῆς
795 1217 1111 1286 συμπλοκῆς
1161 1214 1555 1285 ἐπιγενομένης
1600 1212 1860 1281 πολύτρο-

288 1326 385 1360 ποι
418 1308 467 1341 ⁸⁸
501 1308 599 1378 μὲν
630 1306 944 1362 συνέϐαινον
983 1309 1041 1361 αί
1079 1306 1394 1376 μεταϐολαὶ,
1442 1308 1499 1358 ὲν
1547 1307 1658 1367 τοῖς
1707 1303 1860 1356 πλεί-

290 1419 443 1464 στοις
468 1400 618 1456 δὲτὰ
670 1400 958 1469 Ῥωμαίων
1000 1401 1044 1434 ⁸⁷
1088 1401 1236 1470 ὅμως
1272 1396 1574 1469 κατώρθου.
1631 1393 1859 1465 Ἦθύμει

291 1495 395 1562 μὲν
419 1495 449 1547 ό
473 1493 726 1564 βασιλεύς
756 1509 771 1523 ·
819 1493 1080 1565 ἀθροίσας
1125 1492 1172 1544 δ’
1202 1488 1294 1545 οὗν
1327 1489 1507 1554 πεζῶν
1539 1488 1637 1560 μὲν
1670 1488 1711 1541 δ’
1745 1504 1862 1557 μυ-

291 1587 502 1657 ριάδας,
530 1587 716 1648 ἱππεῖς
745 1586 804 1641 δὲ
834 1584 1289 1655 ὀκτακισχιλίους,
1312 1581 1590 1652 ἐξέπεμψε
1625 1580 1856 1648 Διόφαν-

286 1696 382 1731 τον
428 1678 523 1731 καὶ
560 1677 823 1746 Ταξίλλην
860 1677 952 1729 sua
988 1679 1104 1740 τοῖς
1135 1674 1690 1745 προαπεσταλμένοις.
1733 1671 1855 1726 Τῶν

286 1774 346 1826 δὲ
401 1774 515 1834 τοῖς
564 1768 894 1841 προλαϐοῦσι
939 1769 1319 1839 συναφθέντων
1363 1767 1484 1820 κατ’
1535 1765 1709 1837 ἀρχὰς
1760 1766 1858 1835 μὲν

289 1860 709 1930 ἀκροϐολισμοῖς
766 1857 1009 1928 ἀλλήλων
1057 1858 1105 1911 οί
1159 1856 1407 1926 πολέμιοι
1456 1854 1577 1909 καθ’
1623 1856 1859 1925 ἑκάστην

289 1951 485 2021 σχεδόν
523 1950 921 2021 ἀπεπειρῶντο,
965 1945 1085 2002 εἶτα
1147 1949 1480 2019 ἱππομαχίαι
1525 1948 1860 2018 συνέστησαν

288 2045 357 2114 β’,
409 2037 486 2097 ὧν
525 2042 622 2112 τὴν
650 2041 747 2112 μὲν
775 2041 905 2112 [585
928 2040 1028 2112 '11.]
1079 2040 1272 2095 ἐνίκων
1321 2042 1369 2092 οί
1426 2039 1703 2109 Ῥωμαῖοι,
1761 2038 1860 2110 τὴν

282 2135 552 2206 δευτέραν
577 2134 635 2187 δὲ
661 2134 712 2187 οἱ
740 2134 1009 2188 Ποντικοί.
1042 2132 1373 2204 Τριϐομένου
1403 2132 1459 2185 δὲ
1476 2131 1569 2186 τοῦ
1599 2132 1858 2202 πολέμου,

284 2226 591 2290 Λεύκολλος
624 2226 828 2297 ἀγορὰν
856 2227 1081 2293 ἄξοντας
1113 2227 1192 2288 είς
1219 2225 1617 2279 Καππαδοκίαν
1648 2225 1861 2296 ἐκπέμ-

285 2336 406 2385 πει,
442 2321 537 2374 καὶ
567 2317 755 2390 μαθὼν
785 2318 1051 2389 Ταξίλλης
1079 2318 1172 2370 καὶ
1215 2316 1504 2385 Διόφαντος
1538 2317 1735 2382 πεζοὺς
1768 2319 1861 2370 ὲκ·-

284 2411 572 2479 πέμπουσι
627 2408 1094 2479 τετρακισχιλίους
1148 2407 1242 2461 καὶ
1305 2408 1489 2470 ἱππεῖς
1546 2407 1856 2478 δισχιλίους,

281 2502 376 2570 ἐφ’
415 2495 460 2570 ᾧ
498 2501 810 2571 ἐπιθέμενοι
843 2500 1240 2570 ἀφαιρήσονται
1268 2500 1395 2561 τοὺς
1425 2499 1860 2575 ἀποκομίζοντας

282 2592 388 2655 τὰς
439 2592 669 2662 ἀγοράς.
721 2589 834 2645 Καὶ
861 2590 1247 2661 συμϐαλόντων
1276 2589 1323 2621 ⁸⁸
1346 2588 1597 2660 ἀλλήλοις
1627 2590 1859 2659 ἐπικρα-

252 2684 535 2754 τέστεροι
581 2683 871 2753 γεγόνασιν
941 2684 989 2736 οἱ
1055 2682 1313 2752 Ῥωμαῖοι
1348 2698 1364 2714 ο
1424 2679 1741 2750 πέμψαντος
1803 2678 1860 2733 δὲ

278 2776 591 2832 Λευκόλλου
653 2775 902 2848 βοήθειαν
956 2776 1069 2837 τοῖς
1118 2775 1361 2838 οἰκείοις,
1419 2773 1594 2843 τροπὴ
1652 2772 1860 2839 γίνεται

282 2867 581 2938 βαρϐάρων
630 2868 958 2938 περιφανής.
1013 2867 1124 2922 Καὶ
1160 2869 1226 2937 τῇ
1254 2868 1402 2937 φυγῇ
1422 2862 1628 2917 τούτων
1653 2865 1687 2934 η
1729 2864 1861 2916 Ῥω-

1955 405 2067 449 tum
2097 403 2151 448 et
2183 394 2559 465 Propontidem
2599 393 2961 461 interciperet.
2994 392 3198 458 Quibus
3238 390 3519 445 Mithrida-

1957 497 2040 542 tes
2071 488 2268 540 auditis
2295 527 2309 551 ,
2340 487 2397 541 in
2446 500 2612 540 novos
2644 486 2763 541 belli
2806 496 3094 553 apparatus
3135 483 3427 545 incumbit,
3464 493 3520 536 et

1955 570 2277 647 scytharum
2323 591 2507 646 reges,
2556 576 2922 643 Parthumque
2971 583 3026 629 et
3064 589 3317 643 generum
3362 589 3517 628 suum

1958 667 2241 738 Tigranem
2266 670 2578 723 Armenium
2603 668 2875 723 sollicitat.
2903 668 3091 721 Cteteri
3120 668 3335 737 quidem
3360 668 3522 721 dene-

1957 769 2089 833 gant
2114 779 2130 816 :
2161 772 2216 814 at
2246 761 2530 829 Tigranes,
2564 761 2691 815 licet
2709 762 2798 815 diu
2825 769 3193 824 cunctaretur,
3216 759 3413 827 sapius
3440 770 3520 811 ta-

1960 871 2079 909 men
2117 871 2146 909 a
2171 855 2275 909 (ilia
2302 854 2653 919 Mithridatis,
2684 870 2790 909 non
2826 854 2943 909 sine
2965 853 3225 915 molestia,
3264 851 3523 921 interpel-

1959 946 2118 1011 latus,
2172 946 2373 1000 auxilia
2432 946 2646 1000 tandem
2690 947 2960 1016 promisit.
3014 945 3233 999 Interim
3281 944 3523 1000 diversos

1959 1045 2143 1090 contra
2176 1035 2453 1090 Lucullum
2497 1032 2831 1091 Mithridates
2865 1034 3144 1106 praefectos
3176 1035 3431 1100 dimittit,
3471 1043 3526 1089 et

1959 1135 2081 1195 post
2128 1126 2447 1181 commissas
2492 1126 2668 1191 acies,
2717 1127 2881 1182 varias
2936 1125 3249 1181 acciderunt
3293 1126 3523 1181 fortunae

1961 1217 2144 1271 vices:
2179 1217 2230 1270 in
2277 1216 2549 1286 plerisque
2596 1227 2772 1272 tamen
2810 1233 3065 1288 prospera
3118 1216 3346 1271 fortunae
3391 1229 3523 1274 aura

1961 1309 2162 1362 alllavit
2203 1307 2500 1374 Romanis,
2549 1319 2605 1363 et
2645 1309 2939 1364 Mithridati
2993 1309 3204 1363 animus
3257 1305 3519 1375 elanguit.

1961 1399 2269 1455 Contractis
2320 1400 2483 1471 igitur
2523 1401 2592 1455 40
2635 1400 2872 1469 peditum
2913 1410 2968 1454 et
3001 1401 3036 1455 8
3077 1401 3316 1468 equitum
3362 1398 3524 1453 milli-

1962 1492 2094 1555 bus,
2136 1493 2489 1561 Diophantum
2538 1504 2593 1549 et
2638 1492 2893 1561 Taxilen,
2928 1494 3069 1547 ultra
3140 1493 3333 1548 missos
3376 1502 3522 1560 ante,

1962 1584 2204 1641 dimittit.
2266 1584 2366 1652 Qui
2418 1601 2538 1640 cum
2592 1588 2659 1640 ad
2715 1595 3084 1641 antecessores
3133 1584 3523 1650 accessissent,

1966 1677 2228 1747 principio
2269 1677 2669 1733 velitationibus
2706 1676 2819 1732 fere
2845 1678 3077 1757 assiduis
3110 1677 3336 1733 hostiles
3368 1690 3525 1731 exer—

1962 1770 2101 1823 citus
2147 1770 2289 1822 inter
2331 1785 2390 1824 se
2428 1771 2573 1825 vires
2621 1770 2991 1840 explorabant.
3041 1769 3230 1823 Postea
3276 1768 3340 1822 ad
3392 1768 3527 1823 duas

1962 1872 2168 1929 pugnas
2199 1871 2478 1930 equestres
2500 1863 2784 1918 deventum
2814 1871 2918 1927 est,
2962 1876 3186 1931 quarum
3220 1861 3386 1915 altera
3419 1860 3527 1915 Ro-

1966 1955 2131 2021 mani,
2158 1954 2326 2010 altera
2369 1955 2615 2022 Pontici,
2657 1957 2891 2012 victores
2932 1957 3134 2013 abiere.
3172 1956 3416 2026 Dumque
3451 1959 3523 2010 ita

1960 2045 2161 2101 bellum
2188 2048 2421 2114 ducitur,
2451 2046 2705 2102 Lucullus
2746 2046 2944 2119 235a
3004 2049 3056 2102 in
3098 2048 3524 2117 Cappadociam,

1963 2138 2050 2206 qui
2085 2151 2442 2195 commeatum
2464 2141 2592 2195 inde
2617 2140 2893 2207 aﬁ‘errent,
2926 2141 3090 2196 misit.
3127 2140 3245 2208 Quo
3265 2140 3523 2195 observa-

1962 2240 2036 2296 to,
2070 2232 2287 2286 Taxiles
2324 2243 2379 2287 et
2408 2232 2740 2303 Diophantus
2764 2234 2798 2289 4
2832 2234 3072 2304 peditum
3114 2245 3168 2289 et
3202 2232 3344 2288 2000
3372 2234 3527 2302 equi-

1964 2330 2073 2377 tum
2100 2333 2289 2377 contra
2336 2326 2590 2387 mittunt,
2626 2334 2683 2379 ut
2708 2366 2723 2390 ,
2752 2326 2963 2381 insidiis
2993 2326 3045 2379 in
3075 2326 3251 2380 medio
3298 2326 3486 2394 positis
3508 2363 3525 2389 ,

1960 2412 2342 2482 impedimenta
2392 2416 2790 2471 revertentibus
2830 2416 3146 2471 adimerent.
3180 2412 3281 2470 Ubi
3310 2418 3377 2470 ad
3415 2431 3530 2470 ma-

1961 2521 2064 2560 nus
2088 2512 2303 2560 ventum
2329 2515 2583 2576 superant
2610 2505 2863 2571 Romani,
2889 2516 2941 2562 et
2971 2507 3224 2563 subsidiis
3247 2508 3276 2562 it
3305 2506 3531 2564 Lucullo

1963 2594 2164 2661 missis,
2189 2595 2311 2666 luga
2339 2597 2698 2652 barbarorum
2725 2596 2953 2668 insignis
2977 2599 3355 2654 committitur.
3385 2599 3531 2666 Quo-

1964 2698 2080 2738 rum
2110 2688 2349 2754 vestigiis
2372 2686 2687 2742 insistentes
2712 2685 2963 2756 Romani,
2992 2691 3056 2742 ad
3092 2689 3203 2759 ipsa
3243 2688 3526 2757 Diophanti

1961 2787 2016 2830 et
2061 2775 2266 2831 Taxilis
2308 2786 2492 2833 castra
2532 2778 2927 2849 provehantur.
2977 2781 3076 2835 Ubi
3124 2779 3299 2834 valido
3348 2790 3529 2835 certa-

1961 2867 2107 2921 mine
2140 2868 2293 2935 inito,
2322 2869 2389 2921 ad
2426 2869 2587 2923 breve
2624 2880 2832 2940 tempus
2861 2871 3119 2925 obstitere
3147 2870 3375 2926 Pontici.
3408 2869 3525 2925 Mox

284 2958 467 3028 ιιιαίων
494 2956 724 3028 δύναμις
756 2957 1094 3028 όδηγουμένη
1125 2957 1172 2989 ⁵³
1204 2958 1297 3010 ἐπὶ
1320 2954 1384 3009 τὸ
1409 2954 1770 3026 στρατόπεδον
1799 2954 1857 3007 τὸ

1964 2960 2052 3013 ubi
2094 2961 2250 3028 primi
2295 2963 2676 3018 abscesserunt
2725 2964 2926 3029 duces,
2982 2972 3090 3017 tota
3140 2961 3396 3017 inclinata
3449 2975 3535 3017 est

280 3051 416 3121 περὶ
441 3051 736 3120 Διόφαντον
777 3051 873 3102 καὶ
901 3048 1186 3127 φαξίλλην
1236 3042 1393 3119 ἧκον,
1447 3047 1542 3101 καὶ
1587 3047 1862 3118 καρτερᾶς

276 3142 423 3213 πρὸς
451 3143 650 3205 αὐτοὺς
687 3142 787 3211 τῆς
818 3140 994 3213 μάχης
1027 3140 1327 3209 γενομένης
1363 3139 1409 3171 ³ο
1442 3137 1529 3192 ἐπ’
1559 3138 1737 3206 ὀλίγον
1763 3138 1861 3208 μὲν

275 3236 547 3305 ἀντέσχον
572 3237 622 3289 οἱ
652 3235 926 3295 Ποντικοὶ,
957 3228 1075 3287 εἶτα
1119 3231 1228 3287 τῶν
1277 3230 1601 3301 στρατηγῶν
1644 3228 1861 3301 πρῶτον

1967 3053 2150 3107 acies:
2183 3062 2237 3105 et
2270 3052 2371 3124 ipsi
2405 3057 2681 3124 copiarum
2733 3056 2988 3111 ductores
3024 3048 3195 3110 nuntii
3229 3055 3399 3111 cladis
3440 3070 3536 3109 ve-

1968 3156 2165 3199 nerunt
2203 3143 2522 3203 Mithridati.
2571 3147 2833 3203 Occubuit
2864 3158 2989 3203 tunc
3030 3148 3219 3219 ingens
3275 3148 3535 3203 barbaro-

1969 3250 2083 3286 rum
2122 3237 2299 3292 turba.

276 3328 713 3399 ἀποχωρούντων
734 3327 932 3389 πάντες
956 3326 1251 3379 ἐνέκλιναν.
1284 3326 1394 3378 Καὶ
1418 3324 1720 3395 Μιθριδάτῃ
1786 3323 1879 3376 τοῦ
1938 3326 2272 3397 πταίσματος
2329 3330 2379 3382 οἱ
2424 3331 2719 3402 στρατηγοὶ
2767 3331 3094 3401 αὐτάγγελοι
3147 3331 3534 3402 παρεγένοντο,

276 3423 376 3474 καὶ
407 3420 544 3473 πολὺ
577 3418 778 3489 πλῆθος
803 3418 926 3472 τότε
950 3416 1058 3470 τῶν
1084 3416 1373 3488 βαρϐάρων
1410 3416 1680 3470 ἀπώλετο.

1235 3537 1366 3593 Car.
1409 3535 1593 3605 XLVI.
1630 3565 1701 3577 -
1738 3534 1892 3607 Fuga
1937 3536 2261 3592 Mithridatis
2298 3537 2612 3607 periculosa.

350 3661 511 3716 οὕτω
582 3658 886 3731 Μιθριδάτῃ
937 3659 1047 3713 τῶν
1109 3663 1451 3731 πραγμάτων
1526 3662 1842 3734 περιφανῶς

276 3752 730 3822 ἀποκεκλιμένων
764 3751 872 3804 τῶν
910 3768 969 3803 τε
1013 3750 1295 3821 βασιλίδων
1321 3738 1599 3820 γυναικῶν
1625 3755 1660 3825 ἡ
1692 3754 1851 3808 ἀναί-

281 3863 432 3918 ρεσις
459 3845 776 3914 ἐπεποίητο,
805 3844 901 3899 καὶ
929 3844 1156 3912 φεύγειν
1191 3846 1255 3898 ὲκ
1280 3845 1390 3898 τῶν
1421 3846 1699 3916 Καϐήρων
1741 3848 1850 3901 αὑ-

273 3940 390 4003 τὸς,
407 3940 466 3992 ὲν
490 3934 573 4000 οἷς
603 3937 861 4008 διέτριϐε,
888 3936 1065 4007 λάθρα
1089 3937 1201 3991 τῶν
1225 3937 1402 3992 ἄλλων
1430 3938 1687 4009 ὑπηκόων
1702 3938 1848 4011 ὁρμὴ

274 4030 494 4097 γέγονε.
540 4028 653 4081 Καὶ
700 4028 815 4097 ἥλω
839 4027 907 4082 ἂν
930 4030 990 4081 ὲν
1030 4030 1097 4098 τῇ
1131 4032 1276 4099 φυγῇ
1308 4029 1418 4083 τῶν
1450 4030 1706 4085 Γαλατῶν
1733 4032 1857 4085 ἑπι-

272 4122 605 4180 διωκόντων.
627 4121 830 4191 καίπερ
862 4120 953 4175 τὸν
995 4120 1267 4189 φεύγοντα
1304 4121 1665 4188 ἀγνοούντων,
1696 4124 1745 4175 εί
1781 4123 1856 4195 μὴ

277 4212 668 4282 περιτυχόντες
712 4212 923 4280 ἡμιόνῳ
966 4211 1168 4280 χρυσὸν
1208 4213 1304 4265 καὶ
1342 4211 1580 4282 ἄργυρον
1610 4212 1722 4264 τῶν
1752 4213 1860 4266 Μι-

277 4302 600 4373 θριδατείων
652 4303 950 4371 χρημάτων
996 4303 1241 4374 φερούσῃ
1284 4304 1412 4374 περὶ
1462 4303 1564 4374 τὴν
1600 4304 1859 4374 ἁρπαγὴν

273 4396 485 4449 τούτων
529 4396 855 4465 ἐσχόλασαν.
894 4396 1007 4450 Καὶ
1038 4397 1201 4460 αὐτὸς
1223 4397 1303 4459 είς
1344 4382 1635 4467 Ἀρμενίαν
1661 4396 1858 4450 διασώ-

272 4489 451 4551 (erat.

2031 3660 2185 3716 llune
2207 3663 2495 3718 admodum
2548 3663 2767 3718 fortuna
2805 3662 3138 3717 Mithridatis
3168 3661 3220 3715 in
3247 3661 3397 3730 pejus
3445 3661 3536 3716 de-

1960 3770 2240 3829 vergente,
2288 3770 2342 3814 et
2370 3760 2534 3827 regia:
2573 3774 2767 3813 uxores
2813 3769 3059 3813 necatae:
3101 3768 3156 3811 et
3182 3772 3247 3810 ex
3302 3755 3533 3818 Cabiris,

1961 3851 2053 3906 ubi
2080 3856 2219 3907 clam
2255 3854 2370 3906 suis
2393 3851 2712 3921 aliquandiu
2745 3866 2805 3905 se
2834 3850 3200 3914 continuerat,
3230 3862 3324 3901 rex
3355 3846 3535 3915 fugam

1963 3943 2227 4011 arripuit:
2269 3943 2322 3997 in
2359 3958 2463 4012 qua
2501 3943 2668 3998 etiam
2704 3952 2893 4013 captus
2927 3950 3095 4007 esset,
3145 3938 3537 3995 insectantibus

1964 4035 2154 4100 Gallis,
2189 4038 2277 4106 qui
2314 4049 2491 4090 tamen
2531 4051 2712 4105 regem
2745 4038 3095 4104 ignorabant,
3130 4034 3232 4088 nisi
3271 4032 3412 4086 mula
3441 4032 3537 4083 oh-

1963 4131 2106 4183 viam
2137 4129 2277 4184 facta
2316 4130 2459 4199 (quae
2498 4129 2831 4184 Mithridatis
2857 4128 3073 4198 Opibus,
3117 4134 3345 4195 argento
3377 4139 3539 4178 auro-

1965 4236 2072 4291 que
2100 4232 2294 4277 onusta
2327 4222 2468 4293 erat)
2496 4222 2800 4291 diripienda
2826 4238 3032 4276 moram
3058 4221 3395 4275 nexuissent.
3431 4217 3537 4270 Ita-

1967 4330 2073 4383 que
2107 4328 2201 4368 rex
2233 4315 2283 4367 in
2311 4314 2626 4368 Armeniam
2657 4313 2910 4369 elabitur.

1047 4607 1174 4663 Car.
1233 4600 1444 4661 XLVII.
1489 4636 1558 4646 —
1590 4604 1846 4659 Lucullus
1889 4604 2232 4674 Eupatoriam
2281 4614 2327 4657 et
2365 4602 2599 4656 Amisum
2624 4605 2784 4672 capit.

344 4734 652 4790 Λεύκολλος
699 4734 756 4787 δὲ
790 4735 882 4789 ἐπὶ
924 4733 1025 4805 μὲν
1074 4735 1166 4787 τὸν
1222 4730 1562 4802 Μιθριδάτην
1624 4730 1853 4800 Μάρκον

2028 4728 2288 4784 Lucullus
2331 4738 2513 4781 autem
2555 4727 2817 4783 adversus
2861 4726 3234 4781 Mithridatem
3286 4724 3529 4782 Marcum

276 4830 566 4900 Πομπήϊον
604 4829 851 4898 ἡγεμόνα
882 4825 1211 4896 ἐξέπεμψεν,
1241 4826 1400 4888 αὑτὸς
1448 4824 1503 4877 δὲ
1543 4824 1638 4877 ἐπὶ
1669 4823 1856 4895 Καϐή-

280 4939 388 4991 ρων
421 4922 543 4991 μεθ’
575 4922 703 4992 ὅλης
738 4921 999 4991 ἠπείγετο
1027 4922 1126 4992 τῆς
1158 4920 1462 4988 δυνάμεως.
1495 4920 1589 4972 καὶ
1625 4918 1727 4987 τὴν
1756 4917 1856 4970 πό-

273 5015 358 5067 λιν
399 5013 903 5085 περικαθισάμενος
964 5015 1103 5081 σφᾶς
1154 5014 1350 5075 αὑτοὺς
1406 5010 1856 5083 παραδεδωκότας

278 5107 402 5168 τοὺς
446 5104 760 5175 βαρϐάρους
800 5102 1168 5166 ὑποσπόνδους
1214 5104 1341 5172 ἔσχε
1384 5103 1479 5156 καὶ
1519 5102 1625 5155 τῶν
1659 5101 1854 5170 τειχῶν

274 5195 618 5265 ἐκυρίευσεν.
664 5194 900 5251 Ἐκεῖθεν
938 5194 995 5247 δὲ
1027 5190 1167 5263 πρὸς
1204 5193 1303 5264 τὴν
1349 5193 1570 5260 Ἀμισὸν
1604 5208 1853 5262 παραγε-

156 5284 175 5295 ’
276 5285 472 5354 γονὼς,
501 5286 598 5338 καὶ
623 5285 801 5354 λόγοις
828 5286 1107 5357 παραινῶν
1135 5285 1260 5349 τοὺς
1293 5286 1351 5338 ἐν
1377 5284 1513 5355 αύτῇ
1548 5283 1852 5353 Ῥωμαίους

1960 4820 2276 4891 Pompeium
2303 4820 2471 4872 mittit
2499 4818 2716 4881 ducem,
2743 4818 2965 4886 ipseque
2990 4833 3114 4872 cum
3146 4818 3418 4872 universis
3443 4834 3536 4870 co-

1959 4912 2062 4981 piis
2112 4913 2164 4965 in
2204 4910 2432 4965 Cabiros
2463 4918 2660 4972 movet,
2689 4910 2928 4977 urbeque
2972 4910 3361 4976 circumsessa,
3407 4910 3531 4964 dum

1959 5006 2178 5061 barbari
2203 5014 2353 5059 certo
2378 5020 2437 5058 se
2469 5012 2628 5073 pacto
2681 5004 2729 5057 ci
2767 5001 3108 5072 permittunt,
3141 5009 3196 5056 et
3225 5002 3367 5069 ipsos
3392 5002 3443 5053 in
3470 5003 3533 5053 li-

1958 5104 2080 5154 dem
2114 5098 2331 5169 accipit,
2365 5108 2421 5151 et
2450 5096 2676 5151 castello
2710 5095 2933 5165 potitur.
2968 5093 3104 5149 Hinc
3128 5093 3372 5148 Amisum
3407 5107 3535 5160 pro-

1960 5192 2157 5257 fectus,
2199 5202 2253 5245 et
2283 5192 2349 5244 ad
2401 5192 2726 5245 deditionem
2757 5204 2854 5245 eos
2907 5190 3245 5251 cohortatus,
3276 5185 3367 5241 ubi
3423 5199 3532 5239 non

1962 5286 2272 5353 persuadet,
2328 5285 2532 5340 omissa
2561 5283 2672 5351 illa,
2702 5284 2768 5338 ad
2802 5281 3146 5352 Eupatoriatu
3194 5278 3529 5334 obsidionem

1576 5399 1816 5456 VARIA‘J
1844 5399 2262 5457 LECTIONES.

350 5497 396 5527 ⁸⁵
426 5495 782 5568 πολύτροποι]
825 5498 948 5549 ἐπεὶ
990 5497 1318 5568 πολύτροποι
1352 5500 1678 5568 Stephanus.

282 5567 420 5640 μένη
449 5568 495 5620 Α
538 5584 554 5623 :
608 5567 942 5639 βοηθουμένη
984 5586 1043 5633 ς.
1119 5567 1173 5602 ὀί
1200 5567 1569 5642 γεγενημένης
1604 5589 1663 5637 ς.

1786 5498 1831 5532 ’⁵⁷
1854 5500 1916 5555 τὸ
1961 5504 2069 5557 τῶν
2116 5503 2374 5576 ρωμαίων
2409 5522 2469 5569 ς.

2579 5503 2622 5537 ⁸³
2644 5500 3054 5573 συμϐαλλόντων
3083 5515 3142 5563 ς.
3247 5496 3290 5529 ‘9
3313 5494 3531 5567 όδηγου-
