3972 6248
234 334 337 399 925

1268 342 1784 404 BIBLIOTIIECA.
1827 370 1895 379 -
1931 344 2095 405 COD.
2128 345 2415 405 CCXXIV.

3383 344 3491 408 99.6

943 454 1096 507 CAP.
1139 454 1202 508 L.
1255 486 1323 496 —
1358 456 1595 511 Triarius
1637 459 1896 526 reliquam
1926 458 2261 513 Mithridatis
2303 461 2519 512 classem
2565 457 2778 527 subigit.

306 544 419 615 Πρὸ
450 544 682 615 βραχέος
700 546 743 577 ⁸⁷
762 544 819 598 δὲ
873 544 1145 617 Ὀριάριος
1196 549 1287 601 τὸν
1340 550 1643 622 Ῥωμαϊκὸν
1690 552 1810 605 στόσ

1986 554 2056 607 At
2087 554 2232 608 brevi
2273 565 2399 607 ante
2458 552 2705 607 Triarius
2725 591 2739 615 ,
2770 549 3010 604 Romana
3041 548 3214 604 classe
3286 549 3489 603 instru-

237 645 327 690 ).ον
350 631 491 706 ἔχων
526 638 785 708 ὥρμησεν
816 637 922 690 ἀπὸ
961 639 1325 711 Νικομηδείας
1357 642 1449 696 ἐπὶ
1491 643 1590 706 τὰς
1620 646 1810 698 Ποντι-

236 730 341 791 κάς
369 731 644 799 τριήρεις,
682 727 749 791 ἃς
798 732 1057 800 προεῖπεν
1083 733 1112 784 ό
1140 732 1297 799 λόγος
1342 732 1470 802 περί
1496 751 1557 787 τε
1587 736 1812 807 Κρήτην

237 822 337 874 καὶ
372 820 615 891 Ἰϐηρίαν
658 820 1113 892 ὲξαποσταλῆναι.
1140 823 1346 878 Μαθὼν
1377 824 1435 878 δὲ
1462 824 1561 890 τὰς
1593 826 1810 880 ὑπολοί-

237 930 377 976 πους
420 915 476 976 ἐς
524 915 615 967 τὸν
668 916 870 969 Πόντον
928 917 1412 987 ἀνακεχωρηκέναι
1462 919 1675 991 (πολλαὶ
1703 920 1813 993 γὰρ

236 1005 423 1057 αὐτῶν
455 1006 549 1058 καὶ
582 1006 811 1076 χειμῶνι
845 1008 940 1059 καὶ
972 1011 1091 1071 ταῖς
1114 1009 1255 1063 κατά
1286 1012 1453 1080 μέρος
1483 1015 1814 1085 ναυμαχίαις

235 1096 321 1159 εἰς
348 1095 645 1168 διαφθορὰν
672 1096 888 1166 ἔδυσαν)
923 1100 1334 1170 καταλαμὸάνει
1367 1120 1425 1156 τε
1452 1103 1682 1169 ταύτας,
1717 1106 1812 1158 καὶ

234 1190 337 1261 τὴν
362 1190 545 1260 μάχην
573 1191 702 1260 περὶ
729 1190 829 1261 τὴν
867 1192 910 1244 Τ
913 1192 1092 1245 ένεδον
1131 1197 1441 1264 συγκροτεῖ,
1465 1194 1507 1248 o'
1535 1196 1635 1265 μὲν
1666 1196 1813 1266 ἔχων

234 1283 486 1353 τριήρεις
546 1282 729 1345 αὐτὸς,
790 1282 901 1335 τῶν
945 1284 1002 1336 δὲ
1052 1284 1331 1339 Ποντικῶν
1369 1271 1611 1356 ἀγόντων
1635 1286 1809 1359 βραχὺ

237 1372 470 1436 δεούσας
513 1373 621 1425 τῶν
658 1378 732 1427 π’.
774 1372 901 1444 [745
930 1373 1023 1447 3.]
1056 1376 1209 1429 Ἐπεὶ
1238 1378 1295 1430 δὲ
1334 1380 1562 1451 συνέστη
1593 1383 1622 1433 ό
1652 1381 1813 1433 πόλε-

236 1478 363 1531 μος,
394 1461 519 1515 κατ’
540 1461 715 1533 ἀρχάς
740 1462 841 1532 μὲν
870 1464 1118 1534 ἀντεῖχον
1142 1466 1191 1518 οἱ
1215 1467 1309 1519 τοῦ
1338 1466 1624 1536 βασιλέως,
1658 1469 1815 1523 ὔστε-

234 1572 334 1626 ρον
379 1553 440 1607 se
470 1555 679 1628 τροπῆς
720 1555 902 1609 αὐτῶν
945 1555 1203 1629 λαμπρᾶς
1251 1563 1549 1633 γενομένης
1590 1563 1651 1616 τὸ
1687 1564 1813 1616 Ῥω-

235 1649 417 1718 μαίων
470 1649 573 1702 ἀνά
621 1649 824 1719 κράτος
870 1650 1089 1721 ἐνίκησε
1136 1654 1471 1723 στράτευμα,
1516 1655 1609 1708 καὶ
1642 1654 1815 1720 οὔτως

231 1742 386 1803 ᾰπας
418 1742 448 1793 ό
496 1740 880 1810 Μιθριδάτειος
917 1741 1122 1809 στόλος,
1171 1742 1294 1806 ὅσος
1351 1744 1444 1797 ἐπὶ
1490 1746 1591 1815 τὴν
1634 1746 1815 1801 Ἀσίαν

232 1831 388 1903 αὐτῷ
419 1832 864 1899 συνεξέπλευσεν,
893 1832 1057 1889 ἑάλω.

1913 656 2054 711 ctus,
2080 662 2111 699 a
2142 644 2463 700 Nicomedea
2486 646 2744 712 impetum
2778 642 2980 696 fecerat
3010 640 3062 695 in
3094 640 3347 695 Ponticas
3396 640 3492 692 tri-

1914 753 2111 803 remes,
2174 754 2307 808 quas
2356 753 2516 806 supra
2554 736 2757 790 dictum
2796 743 2881 788 est
2926 749 3117 787 versus
3171 733 3385 787 Cretam
3435 741 3491 785 et

1911 831 2226 901 Hispaniam
2278 831 2530 886 emissas.
2581 832 2651 885 At
2701 845 2824 885 cum
2872 828 3112 897 reliquas
3142 827 3194 881 in
3253 826 3486 880 Pontum

1911 933 2058 978 retro
2095 924 2245 979 abire
2299 923 2611 979 rescivisset
2650 921 2854 994 (multa:
2883 920 3027 975 enim
3062 920 3128 973 de
3164 919 3249 974 his
3273 927 3330 971 et
3365 932 3490 985 pro-

1911 1017 2047 1072 cella
2071 1026 2126 1071 et
2155 1018 2371 1086 pugnis,
2397 1031 2497 1071 suo
2529 1029 2756 1085 qumque
2792 1014 2929 1077 loco,
2952 1011 3238 1066 navalibus
3269 1010 3491 1064 interie-

1910 1110 2077 1179 rant),
2108 1108 2305 1180 236a
2351 1118 2635 1162 assecutus
2680 1106 2797 1161 illas
2842 1107 2908 1159 ad
2940 1103 3239 1168 Tenedum,
3298 1120 3490 1157 manus

1910 1201 2186 1265 conserit;
2246 1198 2313 1252 70
2360 1197 2460 1266 ipsi
2499 1197 2749 1251 triremes
2810 1204 2993 1258 erant,
3045 1192 3255 1247 Pontici
3306 1200 3487 1246 autem

1911 1290 2195 1361 pauciores
2222 1290 2500 1360 aliquanto
2546 1286 2616 1342 80
2641 1288 2894 1356 agebant.
2931 1284 3227 1355 Postquam
3277 1282 3488 1337 infestis

1910 1394 2298 1441 concursatum
2350 1394 2435 1439 est
2467 1381 2669 1452 proris,
2704 1382 2834 1450 regii
2865 1382 2932 1435 ad
2977 1389 3191 1449 tempus
3224 1377 3330 1431 vim
3378 1377 3493 1431 lto-

1912 1478 2079 1533 stium
2108 1476 2262 1532 initio
2318 1475 2637 1529 sustinent:
2680 1484 2863 1543 postea
2894 1470 3163 1525 universis
3202 1469 3257 1523 in
3306 1467 3488 1537 fugam

1911 1561 2116 1627 effusis,
2148 1563 2359 1631 plenam
2395 1560 2669 1615 Romanus
2687 1558 2971 1613 victoriam
2994 1568 3048 1613 et
3071 1558 3340 1614 celebrem
3364 1570 3488 1609 con-

1912 1657 2177 1724 sequitur.
2213 1654 2390 1721 Atque
2414 1654 2487 1707 ita
2512 1652 2705 1708 classis
2737 1651 3066 1706 Mithridatis
3120 1660 3262 1716 tota,
3289 1656 3488 1718 quanta

1914 1748 1968 1803 in
2000 1748 2181 1801 Asiam
2209 1760 2332 1802 cum
2370 1747 2483 1818 ipsa
2520 1746 2784 1809 exiverat,
2816 1744 3042 1800 subacta
3074 1751 3176 1799 est.

929 1944 1059 2000 CAP.
1100 1942 1186 1999 ιι.
1210 1975 1281 1986 -
1307 1944 1461 2001 Cotta
1486 1949 1556 2002 ad
1587 1948 1926 2006 obsidendam
1944 1949 2252 2006 Heracleam
2282 1947 2549 2003 Triarium
2577 1950 2805 2003 asciscit.

301 2061 519 2125 Κόττας
547 2061 607 2115 δὲ
648 2061 799 2131 παρά
834 2062 932 2133 τὴν
976 2061 1305 2134 Ἡράκλειαν
1354 2067 1798 2137 στρατοπεδεύων

1972 2068 2131 2124 Cotta
2161 2066 2290 2123 vero
2319 2067 2385 2121 ad
2416 2065 2724 2121 Heracleam
2759 2074 2937 2120 castra
2969 2064 3176 2118 habens
3202 2103 3218 2129 ,
3249 2062 3488 2117 nondum

227 2155 339 2225 ὅλῳ
359 2155 459 2225 μὲν
488 2155 549 2208 οὐ
579 2153 887 2225 προσέϐαλε
913 2156 980 2223 τῇ
1000 2155 1285 2227 πολιορκίᾳ
1310 2156 1450 2222 τέως
1478 2158 1555 2230 τῷ
1574 2159 1808 2231 στρατῷ,

228 2247 377 2301 κατά
418 2247 583 2318 μέρος
636 2247 695 2300 δὲ
746 2246 1043 2317 προσῆγεν,
1100 2248 1275 2313 ὲνίους
1338 2252 1437 2321 μὲν
1499 2251 1609 2306 τῶν
1674 2254 1806 2306 Ῥω-

229 2337 435 2407 μαίων,
485 2338 716 2403 πολλοὺς
775 2339 833 2392 δὲ
896 2338 1338 2411 προϐαλλόμενος
1390 2342 1500 2396 τῶν
1548 2343 1807 2402 Βιθυνῶν.

226 2432 455 2486 Πολλῶν
482 2433 539 2486 δὲ
572 2433 667 2485 καὶ
688 2433 1140 2503 τιτρωσκομένων
1186 2434 1282 2487 καὶ
1328 2435 1737 2507 ἀναιρουμένων
1761 2437 1809 2470 ⁸⁸

229 2521 488 2592 μηχανάς
521 2522 755 2585 ἐπενόει,
796 2516 871 2576 ὧν
912 2522 1088 2576 ἐδόκει
1117 2526 1229 2586 τοῖς
1264 2524 1809 2599 πολιορκουμένοιςή

226 2608 442 2681 χελώνη
480 2610 848 2682 φοϐερωτέρα.
904 2611 1132 2680 Ἐπάγει
1160 2612 1290 2680 γοῦν
1312 2612 1518 2685 ταύτην
1557 2614 1683 2685 ὅλην
1711 2615 1810 2688 τὴν

224 2704 466 2775 δύναμιν
510 2706 840 2774 συγκινήσας
880 2703 1075 2777 πύργῳ
1103 2703 1229 2777 [587
1266 2705 1364 2777 ΙΙ.]
1396 2707 1504 2758 τινὶ
1551 2707 1810 2770 ὑπόπτως

224 2797 411 2868 ἔχοντι
455 2798 593 2869 πρὸς
634 2799 694 2852 τὸ
738 2798 930 2852 παθεῖν
958 2816 971 2829 ·
1008 2799 1084 2861 ὡς
1125 2799 1183 2852 δὲ
1226 2799 1375 2865 ἅπαξ
1414 2800 1510 2853 καὶ
1546 2798 1808 2870 δεύτερον

226 2890 471 2959 πληγεὶς
502 2891 565 2944 οὐ
598 2890 755 2961 μόνον
790 2890 941 2959 παρά
964 2889 1120 2954 δόξαν
1149 2891 1514 2963 διεκαρτέρει,
1547 2893 1682 2945 ἀλλά
1714 2894 1809 2945 καί⁵

222 2982 256 3034 6
283 2981 438 3050 κριὸς
466 2982 567 3051 τῆς
598 2982 764 3053 άλλης
791 2981 1027 3052 ἐμϐολῆς
1061 2983 1509 3053 προαπεκλάσθη,
1543 2983 1808 3052 εὐθυμίαν

227 3072 335 3140 μὲν
360 3073 477 3136 τοῖς
512 3071 938 3142 Ἡρακλεώταις,
993 3073 1233 3140 ἀγωνίαν
1265 3072 1320 3125 δὲ
1346 3073 1586 3144 παρέσχε
1626 3074 1808 3145 Κόττα

219 3162 695 3232 διαταράττουσαν
737 3164 924 3228 αὑτὸν,
962 3164 1039 3228 ὡς
1078 3164 1179 3218 οὐκ
1208 3164 1274 3218 ἂν
1306 3166 1339 3236 ή
1372 3164 1527 3229 πόλις
1559 3164 1804 3238 αἱρεθείη

220 3253 385 3309 ποτέ.
445 3254 525 3325 Τῇ
583 3255 845 3326 ὑστεραίᾳ
904 3256 947 3308 δ’
998 3256 1091 3310 οὖν
1140 3258 1305 3310 πάλιν
1359 3258 1660 3327 ἐπαγαγὼν
1707 3260 1807 3330 τήν

225 3346 487 3416 μηχανήν
513 3345 608 3399 καὶ
638 3346 807 3416 μηδὲν
836 3346 1041 3410 ἀνύσας
1074 3348 1365 3401 κατακαιει
1401 3350 1498 3419 μὲν
1516 3348 1577 3402 τὸ
1622 3350 1804 3420 μηχά-

222 3454 405 3507 νημα,
427 3437 724 3506 ἀποτέμνει
762 3437 818 3491 δὲ
848 3439 1057 3502 καὶτὰς
1085 3439 1192 3492 τῶν
1221 3418 1608 3511 μηχανοποιῶν
1625 3418 1807 3511 ήκεφα-
1832 3418 1877 3474 C‘

220 3527 351 3593 λάς,
401 3532 497 3582 καὶ
530 3531 776 3601 φρουρὰν
812 3533 926 3595 τοῖς
951 3531 1155 3601 τείχεσι
1186 3532 1499 3587 καταλιπὼν
1541 3533 1679 3604 μετά
1714 3532 1808 3587 τοῦ

222 3619 424 3674 λοιποῦ
455 3621 695 3692 πλήθους
720 3623 800 3685 εἰς
825 3622 886 3675 τὸ
920 3622 1256 3693 καλούμενον
1290 3624 1473 3677 πεδίον
1503 3625 1748 3679 Λύκαιαν
1761 3626 1807 3657 ⁵³

222 3713 529 3786 διέτριόεν,
591 3714 855 3784 ἀφθονίαν
904 3714 1119 3784 ἔχοντος
1180 3715 1289 3769 τῶν
1340 3717 1660 3783 ἐπιτηδείων
1712 3714 1808 3771 τοῦ

221 3812 458 3883 χωρίου.
506 3811 778 3865 Κάκεῖθεν
811 3810 911 3881 τήν
954 3814 1084 3883 περὶ
1116 3812 1219 3884 τὴν
1260 3812 1584 3883 Ἡράκλειαν
1626 3810 1810 3881 χώραν

224 3906 457 3957 ἃπασαν
496 3902 675 3974 ἐδῄου,
711 3904 793 3966 εἰς
840 3902 1040 3973 πολλὴν
1077 3903 1388 3974 ἀμηχανίαν
1424 3905 1551 3966 τοὺς
1588 3903 1811 3968 πολίτας

224 3994 596 4051 συνελαύνων.
624 3994 1053 4066 Διεπρεσδεύετο
1085 3994 1219 4064 γοῦν
1244 3995 1408 4049 πάλιν
1434 3995 1570 4067 πρός
1594 4014 1653 4049 τε
1683 3998 1811 4059 τοὺς

222 4089 286 4141 ἐν
326 4086 541 4155 Σκυθίᾳ
588 4086 1000 4157 Χερρονησίτας
1030 4087 1123 4139 καὶ
1154 4086 1536 4150 Θεοδοσιανοὺς
1564 4087 1809 4150 καὶτοὺς

225 4179 364 4251 περὶ
387 4178 482 4232 τὸν
513 4178 791 4257 Βόσπορον
823 4179 1091 4242 δυνάστας
1125 4179 1286 4249 οὑπὲρ
1330 4178 1649 4248 συμμαχίας
1669 4197 1682 4211 ·
1716 4180 1811 4233 καὶ

224 4273 261 4342 ή
296 4270 571 4343 πρεσϐεία
594 4271 925 4339 ἀνέστρεφεν
952 4270 1290 4341 ἔμπρακτος.
1314 4270 1436 4323 Τῶν
1454 4270 1509 4328 δὲ
1538 4270 1811 4339 πολεμίων

224 4348 603 4430 ἐπικειμένων
622 4366 688 4433 τῇ
716 4362 892 4423 πόλει,
932 4362 993 4414 ού
1023 4361 1157 4414 πολὺ
1202 4360 1425 4414 ἔλαττον
1454 4361 1592 4431 αύεεῇ
1619 4362 1688 4413 τὰ
1718 4360 1813 4412 λυ-

226 4455 441 4509 ποῦντα
486 4454 635 4507 ἔνδον
689 4454 969 4507 ἐπετίθετο
994 4470 1007 4485 ·
1041 4454 1103 4506 οὐ
1142 4452 1253 4524 γὰρ
1277 4452 1618 4530 ήρκοῦντοιοί
1649 4470 1813 4523 φρου-

226 4546 316 4614 ροὶ
357 4540 442 4606 οἷς
470 4544 621 4613 διέζη
661 4544 723 4596 τὸ
750 4542 1063 4613 δημοτικὸν,
1097 4543 1395 4606 τύπτοντες
1426 4543 1483 4596 δὲ
1512 4546 1639 4607 τοὺς
1661 4544 1813 4597 πολί-

224 4654 330 4701 τας
378 4639 640 4708 χορηγεῖν
668 4636 705 4690 ἀ
745 4636 819 4706 μὴ
874 4637 1004 4707 ῥᾷον
1022 4638 1067 4667 ⁸⁸
1096 4632 1165 4707 ἦν
1216 4637 1400 4699 αὐτοῖς
1454 4634 1513 4701 ἐξ
1564 4635 1812 4705 ἀνάγκης

226 4729 503 4782 ἐκέλευον.
538 4728 647 4781 Καὶ
674 4727 781 4779 τῶν
810 4726 1067 4797 φρουρῶν
1097 4726 1178 4779 ἔτι
1214 4726 1417 4796 μᾶλλον
1463 4720 1529 4798 ἧν
1564 4724 1811 4795 χαλεπώ-

223 4835 385 4888 τερος
411 4819 441 4871 ό
469 4815 787 4887 ἐφεστηκὼς
832 4816 1012 4869 αὐτῶν
1052 4814 1426 4886 Κοννακόρηξ,
1478 4814 1579 4867 οὐκ
1623 4814 1814 4885 ἀπείρ-

224 4925 340 4976 γων
370 4908 491 4961 ἀλλ’
516 4907 828 4977 ἐπιτρέπων
851 4909 964 4968 τοῖς
985 4906 1029 4937 ⁶¹
1070 4904 1178 4958 ὑπὸ
1209 4906 1367 4975 χεῖρα
1404 4903 1501 4973 τήν
1534 4902 1675 4972 βίαν.
1711 4905 1814 4957 Τε-

227 5003 346 5068 μὼν
363 5000 409 5030 ⁶¹
440 4998 498 5051 δὲ
545 5001 644 5068 τὴν
698 4997 885 5069 χώραν
936 4999 966 5050 6
1022 4998 1232 5060 Κόττας
1276 4996 1435 5049 πάλιν
1485 4995 1813 5066 προσϐάλλει

223 5093 338 5154 τοῖς
389 5090 665 5160 τείχεσιν·
710 5088 953 5159 ἀθύμους
1003 5088 1061 5141 δὲ
1111 5089 1239 5150 τοὺς
1282 5087 1618 5157 στρατιώτας
1678 5088 1814 5158 πρὸς

226 5184 550 5253 πολιορκίαν
598 5182 741 5253 όρῶν
778 5182 982 5249 ἀπάγει
1006 5182 1104 5251 τῆς
1135 5180 1510 5250 τειχομαχίας,
1537 5180 1630 5232 καὶ
1674 5179 1815 5251 πέμ-

224 5292 319 5327 πει
366 5273 549 5327 καλῶν
613 5275 919 5344 ὐτριάριον
974 5276 1138 5343 τάχος
1186 5276 1307 5336 ταῖς
1354 5274 1639 5343 τριήρεσιν
1695 5273 1806 5341 ἀφ-

228 5366 499 5419 ικνεῖσθαι
526 5367 621 5419 καὶ
647 5365 880 5420 κωλύειν
904 5366 995 5420 τὸν
1022 5366 1111 5420 διὰ
1151 5365 1253 5436 τῆς
1286 5364 1562 5435 θαλάσσης
1590 5366 1817 5417 ἐπισιτι-

228 5459 365 5529 σμὸν
396 5461 464 5529 τῇ
495 5458 669 5514 πόλει.

1915 2168 2029 2215 toto
2078 2160 2533 2230 oppugnationem
2584 2158 2827 2213 exercitu
2878 2170 3165 2227 aggressus
3199 2164 3351 2219 erat,
3396 2169 3489 2209 sec

1910 2251 2122 2321 aliquos
2144 2251 2209 2306 de
2232 2250 2492 2305 Romanis
2524 2250 2889 2320 particulatim
2921 2248 3264 2311 admovebat,
3295 2245 3491 2300 multos

1911 2340 2127 2413 Bithyni
2150 2341 2382 2395 nominis
2402 2350 2646 2395 Statuens
2671 2342 2722 2393 in
2754 2339 2950 2394 fronte.
2972 2338 3217 2405 Dumque
3244 2337 3488 2403 complu-

1912 2449 2000 2490 res
2039 2432 2393 2487 vulnerantur
2428 2441 2483 2485 et
2504 2440 2799 2500 Oppelttnl,
2840 2430 3095 2499 operibus
3138 2436 3193 2482 et
3221 2428 3489 2481 machinis

1912 2527 2151 2582 animum
2190 2525 2417 2594 adjicit:
2466 2540 2693 2594 quarunt
2746 2524 2959 2577 testudo
2998 2538 3108 2593 pra:
3146 2522 3268 2575 aliis
3298 2519 3490 2575 formi-

1910 2618 2091 2673 dinem
2122 2617 2353 2672 incussit
2378 2615 2637 2671 obsessis.
2667 2613 2856 2667 Totam
2897 2614 3056 2682 igitur
3088 2612 3194 2665 vim
3234 2610 3487 2675 militum,

1911 2710 2105 2763 castris
2125 2709 2357 2763 excitam
2377 2748 2393 2770 ,
2435 2707 2689 2761 admovet
2717 2705 2854 2759 turri
2877 2705 3118 2769 cuidam,
3150 2704 3317 2759 ruina:
3339 2717 3489 2772 spem

1910 2799 2242 2870 prazferenti.
2272 2797 2469 2853 Verum
2497 2798 2587 2852 ubi
2610 2795 2775 2852 semel
2808 2808 2967 2865 atque
2993 2795 3189 2848 iterum
3210 2807 3490 2863 percussa,

1910 2907 2015 2946 non
2054 2894 2214 2947 modo
2242 2900 2433 2946 contra
2462 2890 2772 2959 opinionem
2807 2888 3156 2959 persisteret,
3193 2886 3287 2940 sed
3325 2886 3491 2941 etiam

1910 2985 2052 3039 aries
2084 3001 2113 3039 a
2151 2993 2344 3039 cmtera
2380 2983 2630 3039 machina
2667 2980 2949 3035 diffractos
2993 2979 3334 3045 avelleretur,
3376 2979 3495 3032 ani-

1908 3095 2029 3134 mus
2052 3077 2478 3133 Heracliensiutn
2508 3091 2777 3142 crescere,
2801 3085 2854 3130 et
2881 3074 3231 3145 perturbatus
3257 3086 3494 3127 maerore

1906 3170 2062 3226 Cotta
2107 3171 2299 3225 timere
2337 3170 2532 3239 cmpit,
2575 3182 2854 3237 nunquam
2901 3168 3030 3221 urhs
3074 3180 3139 3219 ne
3183 3173 3491 3234 caperetur.

1907 3260 2133 3316 Postero
2175 3261 2338 3314 etiam
2381 3261 2501 3324 die,
2546 3274 2668 3313 cum
2712 3258 2971 3313 machina
3015 3257 3216 3311 iterum
3262 3255 3493 3323 impacta

1907 3353 2044 3409 nihil
2080 3351 2396 3421 proficeret,
2429 3350 2856 3405 instrumentum
2901 3348 3029 3403 illud
3062 3351 3410 3410 concremat,
3440 3353 3496 3399 et

1915 3447 2085 3502 fabris
2100 3446 2275 3515 capita
2294 3443 2561 3513 praecidit,
2583 3444 2881 3511 relictoque
2900 3442 2966 3495 ad
2994 3440 3193 3495 moenia
3216 3438 3493 3507 praesidio,

1916 3553 2039 3592 cum
2074 3543 2269 3590 czetera
2303 3534 2534 3588 militum
2568 3534 2722 3587 turba
2751 3533 2805 3586 in
2834 3546 3028 3601 campo
3052 3531 3216 3601 (quod
3242 3529 3493 3599 Lycaeum

1915 3635 2134 3695 vocant)
2161 3625 2357 3681 stativa
2383 3623 2601 3694 delegit,
2633 3637 2740 3691 quo
2772 3622 2822 3676 in
2853 3621 2971 3676 loco
3004 3620 3151 3689 larga
3175 3630 3291 3674 erat
3321 3618 3495 3673 victus

1916 3721 2093 3789 copia.
2149 3720 2326 3789 Atque
2366 3718 2491 3772 inde
2528 3716 2675 3771 omni
2716 3715 2859 3770 circa
2904 3713 3222 3769 Heracleam
3274 3712 3493 3781 regione

1917 3813 2215 3876 devastata,
2233 3812 2283 3864 in
2306 3824 2553 3878 magnam
2577 3809 2723 3863 cives
2744 3805 3112 3861 diﬂicultatem
3130 3804 3293 3874 cogit.
3314 3803 3494 3869 Quare

1917 3907 2094 3961 denuo
2122 3905 2188 3958 ad
2209 3904 2462 3975 Scythas,
2486 3900 2815 3957 Chersonesi
2841 3897 3070 3963 incolas,
3094 3904 3148 3952 et
3165 3895 3499 3951 Theodosia-

1918 4014 2052 4063 nos,
2081 4006 2136 4052 et
2168 3996 2313 4052 circa
2342 3995 2677 4065 Bosphorum
2707 3995 2964 4064 dynastas
2986 4032 3003 4056 ,
3038 3990 3105 4045 de
3134 3991 3394 4045 societate
3420 3987 3498 4041 le-

1918 4091 2189 4156 gationem
2225 4089 2408 4152 mittit,
2439 4103 2559 4157 quze
2591 4102 2699 4141 non
2726 4086 2929 4157 absque
2961 4082 3152 4140 effectu
3185 4081 3493 4137 revertitur.

1918 4180 2165 4251 Dumque
2203 4181 2387 4235 hostes
2422 4179 2542 4233 urbi
2580 4179 2897 4234 incumbunt
2920 4217 2936 4242 ,
2972 4190 3077 4230 non
3112 4173 3280 4229 multo
3318 4172 3497 4227 minus

1919 4272 1989 4326 ah
2044 4272 2272 4327 internis
2314 4280 2545 4324 vexatur
2598 4268 2879 4324 molestiis.
2942 4263 3303 4322 Pra‘sidiariis
3350 4263 3493 4317 enim

1918 4364 2179 4419 militibus
2208 4361 2261 4417 id
2286 4378 2389 4416 non
2416 4361 2552 4418 satis
2582 4369 2693 4415 erat
2718 4374 2825 4429 quo
2855 4357 3007 4428 plebs
3043 4356 3249 4411 urbana
3278 4355 3495 4408 victita-

1918 4459 2032 4516 bat.
2078 4457 2407 4515 Verberibus
2439 4455 2602 4527 igitur
2639 4455 2896 4507 multatos
2930 4452 3111 4515 cives,
3147 4447 3496 4517 suppeditare

1919 4565 2041 4619 qua:
2071 4549 2125 4603 in
2160 4556 2408 4618 promptu
2448 4561 2555 4601 non
2587 4553 2770 4607 erant,
2812 4559 2907 4613 per
2937 4542 3044 4596 vim
3071 4540 3282 4610 iubent.
3316 4538 3495 4605 Quid?

1918 4642 2061 4711 quod
2095 4638 2445 4710 prmsidiariis
2479 4638 2639 4706 longe
2674 4634 3030 4706 importunior
3060 4641 3178 4687 erat
3211 4629 3497 4701 praefectus

1920 4733 2284 4796 Connacorix,
2317 4748 2424 4787 non
2458 4731 2615 4785 modo
2645 4745 2749 4783 non
2784 4727 3079 4798 prohibens
3110 4725 3216 4778 vim
3246 4723 3487 4783 suorum,

1918 4828 2012 4883 sed
2051 4826 2216 4881 etiam
2252 4826 2419 4880 libere
2457 4824 2803 4895 permittens.
2835 4818 2972 4874 Tum
3010 4833 3168 4888 agros
3206 4814 3496 4887 populatus

1918 4920 2103 4980 Cotta,
2152 4932 2336 4972 muros
2377 4916 2573 4970 iterum
2621 4910 2987 4967 adoritur.At
3024 4924 3146 4964 cum
3189 4922 3380 4977 segnes
3426 4908 3495 4962 ad

1918 5010 2370 5083 oppugnationem
2406 5006 2754 5075 remissisque
2789 5004 2986 5057 animis
3032 5001 3179 5056 videt
3211 5001 3427 5063 milites,
3461 5016 3492 5052 ει

1920 5115 2116 5161 conatu
2145 5103 2439 5166 tlesistens,
2469 5110 2716 5154 vocatum
2753 5098 2919 5151 mittit
2949 5095 3246 5157 Triarium,
3286 5106 3343 5146 ut
3374 5107 3494 5145 cnn:

1923 5196 2245 5251 triremihns‘
2276 5194 2676 5264 quamprimum
2744 5190 2990 5254 advolet,
3027 5188 3219 5258 23Gb
3257 5194 3311 5238 et
3348 5199 3497 5237 com-

1920 5296 2130 5344 meatus
2164 5287 2218 5341 in
2249 5286 2384 5340 mari
2418 5285 2727 5340 facultatem
2760 5280 3046 5353 oppidanis
3076 5275 3405 5346 intercipiat.

1487 5593 1725 5651 VARI/E
1752 5595 2157 5654 LECTIONES.

297 5693 343 5727 ’τ
382 5693 628 5763 βραχέως
671 5711 730 5756 ς.
808 5693 854 5723 ⁵⁸
889 5693 982 5747 καὶ
1012 5689 1418 5764 ἀναιρουμένων
1449 5689 1575 5745 add.
1619 5691 1685 5743 A.

228 5765 336 5817 τῶν
366 5781 424 5829 ς.
501 5766 545 5796 ⁸³
578 5765 788 5833 τέμνων
845 5783 882 5830 ς·

1766 5695 1810 5725 ’⁵⁵
1842 5692 2063 5748 ὶύκαιον
2094 5691 2419 5763 Stephanus.
2501 5692 2545 5723 σο
2580 5687 2849 5761 {Sirmium
2893 5688 3094 5759 ῥᾴδιον.

3173 5685 3214 5715 ει
3253 5682 3359 5745 τοῖς
3401 5684 3440 5739 Λ
3482 5698 3492 5732 ;
