3972 6248
490 317 592 380 927

1633 321 1895 382 ΡΗΟΤΙΙ
1921 322 2420 383 ΡΛΤΒΙΑΒΟΙΙςΕ
2454 323 2561 383 CP.

3629 320 3732 385 928

871 434 998 490 CAP.
1031 432 1143 490 ιιι.
1169 464 1236 474 -
1264 432 1463 493 Triarii
1503 436 1727 490 victoria
1770 439 1974 493 navalis
2009 439 2075 492 de
2113 437 2331 493 Heracl.
2366 447 2417 491 et
2448 438 2670 504 gravia.
2702 435 2848 488 urbis
2882 433 3046 502 {eum
3077 449 3139 485 ac
3162 431 3343 501 pestis.

559 552 866 618 Assumptis
893 565 1022 621 ergo
1049 550 1294 606 Triarius
1325 565 1461 621 quas
1498 551 1767 619 habebat,
1808 556 2055 621 navibus,

2231 554 2425 608 Λαϐὼν
2482 548 2576 605 οὖν
2605 551 2673 614 ἃς
2716 547 2864 621 εἶχεν
2913 547 3244 618 Ὀτριάριος,
3292 543 3388 597 καὶ
3421 538 3657 607 Ῥοδίους
3683 551 3733 597 κ’

491 656 549 697 et
579 644 648 697 20
680 643 937 707 Rhodiis,
979 657 1214 710 quarum
1248 657 1458 696 summa
1500 642 1572 699 45
1621 645 1974 709 conﬁciebat,
2008 645 2061 698 in

489 735 719 789 Pontum
751 732 979 800 trajicit,
1010 740 1067 786 et
1101 732 1333 785 adventu
1367 732 1485 802 ejus
1526 733 1579 786 in
1616 743 1857 802 tempore
1896 732 2064 787 Cottae

488 823 810 893 signiﬁcato,
840 823 1028 877 eodem
1061 823 1145 876 die
1180 823 1478 877 exercitum
1506 824 1575 877 ad
1614 826 1812 879 Incertis
1840 825 2065 894 appellit.

489 914 681 978 Cotta,
720 922 779 966 et
816 912 1106 967 imminens
1154 912 1349 966 Triarii
1397 913 1591 969 classis
1632 926 1874 984 apparet.
1923 914 2060 972 Tum

492 1004 772 1072 repentino
811 1004 1024 1058 navium
1062 1003 1294 1059 adventu
1329 1004 1703 1061 lleraclieuses
1732 1008 1958 1072 turbati,
1993 1010 2061 1066 50

482 1095 706 1163 quidem
743 1108 912 1149 naves
947 1095 999 1149 in
1026 1108 1176 1150 mare
1210 1096 1503 1159 deducunt,
1528 1098 1621 1149 sed
1661 1111 1757 1151 eas
1783 1110 1890 1153 non
1929 1103 2065 1154 satis

404 1200 419 1239 ι
489 1186 782 1256 complent.
821 1186 1044 1257 Reliqua
1086 1186 1370 1242 multitudo
1410 1189 1476 1242 ad
1512 1190 1958 1257 propugnandum
2000 1204 2061 1245 se

490 1281 783 1333 convertit.
837 1278 1082 1349 Dumque
1133 1280 1328 1334 classis
1383 1279 1814 1336 Heracliensium
1870 1293 2063 1339 contra

493 1368 813 1425 accedentes
855 1370 1093 1425 hostium
1133 1386 1297 1426 naves
1344 1371 1395 1425 in
1440 1371 1607 1426 altum
1655 1373 1859 1439 tendit,
1903 1374 2062 1444 primi

493 1457 714 1527 Rhodii,
744 1461 937 1528 peritia
959 1471 1015 1516 et
1037 1460 1351 1516 fortitudine
1377 1462 1501 1518 aliis
1531 1463 1844 1534 pmcellere
1876 1464 2066 1520 existi-

495 1553 651 1615 mati,
674 1551 726 1605 in
753 1549 1157 1608 lieracleoticas
1184 1553 1593 1623 impressionem
1617 1553 1841 1619 faciunt,
1867 1564 1922 1611 et
1949 1565 2064 1610 stas

498 1640 591 1693 tim
630 1650 742 1695 tres
784 1639 1118 1695 Rhodiorum
1153 1649 1209 1695 et
1242 1642 1481 1711 quinque
1512 1642 1935 1697 lleracliensium
1969 1644 2067 1698 de-

495 1731 822 1802 primuntur.
850 1729 916 1785 Et
947 1746 1136 1801 pugnas
1168 1732 1295 1788 hinc
1330 1734 1772 1800 supervenientes
1807 1733 2063 1801 Romani,

497 1826 678 1881 multis
738 1827 975 1897 acceptis
1030 1827 1277 1891 damnis,
1336 1826 1579 1896 pluribus
1638 1836 1817 1881 tamen
1876 1827 2060 1892 illatis,

495 1918 847 1975 lleracleotas
869 1918 1118 1982 fundunt,
1135 1920 1273 1973 etad
1299 1920 1484 1973 urbem
1504 1918 1688 1989 fugere
1710 1919 2060 1988 compellunt,
2095 1910 2137 1966 Β

493 2011 529 2064 4
581 2022 638 2065 et
682 2011 750 2066 10
803 2011 1028 2066 navibus
1077 2010 1394 2078 deperditis.
1455 2010 1720 2065 Victrices
1772 2023 1951 2067 autem
2003 2013 2061 2066 in

494 2102 743 2173 Magnum
782 2102 993 2157 subiere
1035 2112 1269 2171 portum.
1296 2099 1591 2156 Peditatum
1612 2103 1774 2156 etiam
1794 2102 1863 2157 ab
1890 2118 2061 2173 oppu-

494 2198 749 2262 gnatione
809 2205 1024 2248 revocat
1079 2193 1260 2249 Cotta.
1307 2191 1574 2249 Triariani
1633 2204 1812 2248 autem
1872 2196 2063 2252 indies

490 2285 730 2353 singulos
752 2300 782 2338 e
806 2294 966 2354 portu
997 2286 1260 2349 subvecti,
1288 2300 1384 2340 eos
1412 2286 1503 2355 qui
1531 2284 1798 2339 lrmnenta
1822 2285 2061 2340 circum-

491 2376 658 2430 sessis
702 2377 997 2443 importare
1034 2387 1400 2442 conarentur,
1445 2377 1826 2447 impedierunt.
1872 2378 2063 2449 Ingens

492 2467 655 2534 igitur
692 2483 920 2522 annona:
949 2466 1188 2522 Charitas
1243 2469 1429 2522 urbem
1477 2470 1673 2533 tenuit,
1731 2481 1790 2523 ut
1830 2469 2061 2527 Chwnix

489 2564 632 2629 (qua:
672 2560 888 2631 dicitur)
930 2561 994 2612 ad
1033 2561 1101 2615 80
1143 2561 1352 2614 Atticos
1417 2560 1757 2630 procederet.
1795 2562 1858 2616 Et
1896 2578 2061 2632 super

491 2652 627 2705 alias
666 2666 965 2713 aerumnas,
999 2652 1161 2705 etiam
1200 2652 1365 2719 pestis
1413 2652 1659 2706 homines
1704 2654 1928 2716 invasit,
1971 2651 2058 2706 vel

489 2756 555 2796 ex
589 2743 735 2797 acris
764 2742 1081 2807 mutatione,
1129 2743 1214 2796 vel
1265 2743 1580 2797 inconsueta
1630 2743 1803 2798 victus
1856 2745 2064 2798 ratione

492 2834 797 2896 exsistens,
840 2842 896 2887 et
926 2849 1019 2901 per
1052 2834 1230 2885 varias
1259 2830 1624 2886 calamitatum
1658 2832 1856 2887 formas
1886 2835 2063 2888 varios

492 2924 771 2978 hominum
812 2924 1062 2978 interitus
1093 2921 1378 2978 eﬂlcicbat.
1411 2920 1557 2977 Inter
1590 2941 1726 2993 quos
1766 2927 1929 2979 etiam
1960 2925 2063 2979 La-

493 3017 716 3069 machus
743 3016 898 3084 longe
921 3016 1200 3070 acerbiore
1221 3030 1382 3083 quam
1408 3014 1522 3080 alii,
1543 3026 1596 3070 et
1624 3018 1849 3071 lentiore
1874 3020 2062 3074 mortis

490 3108 734 3161 rru‘ciatu
770 3107 1149 3176 exstinguitur.
1189 3105 1328 3159 Lues
1367 3107 1481 3161 haec
1522 3106 1754 3161 maxime
1783 3110 2062 3178 priesidia-

492 3199 603 3253 rios
629 3200 981 3269 corripiebat,
1019 3208 1073 3251 ut
1106 3200 1171 3253 de
1199 3196 1340 3251 3000
1373 3200 1515 3253 mille
1549 3199 1857 3254 interirent.

2164 644 2316 709 ναῦς.
2346 638 2421 698 ὧν
2459 642 2678 713 σύμπαν
2716 641 2776 695 τὸ
2805 639 3009 708 πλῆθος
3038 638 3117 700 εἰς
3144 642 3193 704 γ’
3221 636 3316 689 καὶ
3362 639 3414 705 μ’
3441 634 3632 698 ἐτέλει,
3656 629 3733 696 εἰς

2162 742 2253 795 τὸν
2281 741 2478 794 Πόντον
2515 736 2797 803 διαϐαίνει,
2831 736 2926 789 καὶ
2952 731 3144 805 μηνύει
3168 731 3351 802 Κόττᾳ
3376 730 3472 783 καὶ¹
3497 729 3593 782 τον
3616 746 3735 782 και-

2165 835 2258 905 ρὸν
2295 833 2389 887 καὶ
2442 831 2542 897 τὴν
2605 830 2812 899 ἄφιξιν.
2875 826 3014 881 Ὑπὸ
3078 824 3135 879 δὲ
3193 825 3294 893 τὴν
3328 822 3496 891 αὐτὴν
3527 821 3734 891 ἡμέραν

2161 926 2373 989 Κόττας
2403 941 2461 978 τε
2512 925 2625 987 τοῖς
2673 924 2879 993 τείχεσι
2925 921 3018 975 τὸν
3053 918 3283 990 στρατὸν
3311 915 3560 985 προσῆγε
3590 913 3682 966 καὶ
3708 913 3735 965 ό

2162 1018 2473 1081 κατάπλους
2500 1016 2610 1071 τῶν
2636 1014 2897 1087 Τριαρίου
2947 1012 3084 1066 νεῶν
3143 1009 3486 1078 ἐπεφαίνετο.
3542 1004 3736 1057 Συντα-

2165 1110 2454 1184 ραχοέντες
2475 1107 2569 1162 οὖν
2595 1109 2644 1161 οἱ
2691 1104 3069 1178 Ἡρακλεῶται
3098 1102 3234 1173 πρὸς
3259 1100 3322 1153 τὸ
3353 1096 3619 1167 αἰφνίδιον
3641 1094 3736 1165 τῆς

2162 1198 2273 1255 τῶν
2305 1196 2449 1270 νηῶν
2480 1196 2670 1267 ἐφόδου
2697 1198 2827 1259 ναῦς
2859 1195 2957 1265 μὲν
2989 1192 3082 1248 ἐπὶ
3103 1193 3202 1262 τὴν
3235 1190 3512 1244 θάλασσαν
3533 1184 3580 1239 λ’
3604 1185 3736 1239 καθ-

2162 1291 2363 1354 εῖλκον,
2392 1288 2517 1343 οὐδὲ
2559 1287 2759 1350 ταύτας
2807 1283 3052 1357 ἀκριδῶς
3083 1280 3438 1354 πληροῦντες,
3465 1278 3527 1332 τδ
3550 1277 3608 1331 δὲ
3633 1275 3739 1329 λοι-

2164 1383 2266 1437 πὸν
2300 1381 2438 1453 πρὸς
2484 1379 2585 1451 τὴν
2620 1379 2941 1450 πολιορκίαν
2979 1376 3292 1448 ἐτρέποντο.
3335 1370 3592 1442 Ἀνήγετο
3642 1369 3737 1441 μὲν

2162 1473 2192 1526 ὁ
2237 1468 2675 1542 Ἡρακλεωτικδς
2712 1467 2897 1530 στόλος
2942 1465 3080 1537 πρὸς
3113 1464 3213 1520 τὰς
3238 1459 3607 1523 ὲπιπλεούσας
3632 1457 3739 1513 τῶν

2164 1562 2462 1634 πολεμίων.
2509 1560 2727 1635 Πρῶτοι
2772 1557 2905 1628 γοῦν
2957 1556 3149 1610 Ῥόδιοι
3199 1554 3318 1625 (καὶ
3366 1551 3475 1623 γὰρ
3521 1549 3737 1604 ἐδόκουν

2165 1653 2428 1726 ἐμπειρίᾳ
2454 1669 2515 1707 τε
2547 1650 2644 1707 καὶ
2681 1650 2904 1721 ἀνδρείᾳ
2929 1647 3039 1703 τῶν
3075 1648 3249 1703 ἄλλων
3293 1636 3567 1717 προέχειν)
3600 1643 3739 1715 ἐνερ-

2167 1745 2412 1819 ράγησαν
2462 1746 2581 1808 ταῖς
2624 1742 2684 1807 ἐξ
2717 1741 3060 1813 Ἡρακλείας,
3100 1740 3197 1793 καὶ
3253 1736 3599 1808 παραχρῆμα
3636 1735 3735 1803 μὲν

2166 1836 2470 1891 κατέδυσαν
2504 1835 2724 1888 Ῥοδίων
2757 1834 2855 1902 μὲν
2876 1832 2935 1900 γ’
2965 1827 3393 1900 Ἠρακλεώτιδες
3410 1828 3468 1881 δὲ
3498 1824 3562 1880 ε’.
3587 1825 3740 1879 Ἐπι-

2163 1928 2443 1999 γενόμενοι
2483 1927 2541 1981 δὲ
2589 1924 2657 1999 τῇ
2685 1925 2962 1996 ναυμαχίᾳ.
3006 1925 3101 1978 καὶ
3132 1922 3415 1995 Ῥωμαῖοι,
3440 1922 3537 1973 καὶ
3570 1918 3742 1971 πολλὰ

2162 2021 2430 2083 παθόντες
2460 2019 2557 2074 καὶ
2601 2018 2930 2089 ποιήσαντες
2985 2017 3100 2078 τοῖς
3150 2011 3451 2083 πολεμίοις,
3488 2009 3616 2082 [748
3649 2007 3739 2080 Μ

2163 2112 2324 2165 πλέον
2365 2111 2424 2165 δὲ
2450 2111 2601 2181 ὅμως
2629 2106 3002 2171 κακώσαντες,
3029 2105 3326 2177 ἐτρέψαντο
3354 2104 3452 2167 τὰς
3475 2102 3535 2167 ἐξ
3572 2103 3741 2174 Ἥρα-

2163 2198 2349 2265 κλείας
2379 2201 2477 2254 καὶ
2514 2200 2739 2269 φεύγειν
2772 2199 3094 2268 ἠνάγκασαν
3147 2196 3283 2268 πρὸς
3335 2195 3434 2265 τὴν
3486 2194 3666 2254 πόλιν.
3700 2193 3741 2246 ἃ

2162 2292 2540 2356 άποδαλούσας
2565 2291 2663 2345 καὶ
2696 2296 2749 2345 ι’.
2780 2291 2845 2344 Δί
2877 2288 3214 2360 τρεψάμεναι
3234 2286 3291 2340 δὲ
3324 2290 3460 2357 πρὸς
3512 2286 3606 2339 τὸν
3650 2286 3744 2356 μέ.

2162 2402 2266 2454 γαν
2328 2382 2690 2455 ὲνωρμίζοντο
2731 2380 2947 2451 λιμένα.
2982 2379 3195 2449 ’Δνίστη
3230 2378 3275 2432 δ’
3303 2377 3397 2431 οὖν
3423 2378 3518 2431 καὶ
3550 2377 3614 2429 τὸ
3651 2392 3748 2428 πε-

2164 2476 2256 2541 ζὸν
2290 2474 2391 2544 τῆς
2420 2472 2737 2543 πολιορκίας
2767 2472 2797 2524 ό
2822 2471 3054 2532 Κόττας.
3088 2470 3150 2522 οι
3179 2467 3236 2520 δὲ
3271 2466 3402 2537 περὶ
3436 2466 3744 2537 Ὀτριάριον

2161 2564 2486 2635 ἀναγόμενοι
2501 2561 2620 2617 καθ’
2637 2561 2873 2630 ἑκάστην
2888 2561 2996 2613 ἀπὸ
3012 2559 3108 2612 τοῦ
3125 2560 3340 2627 λιμένος
3358 2558 3483 2620 τοὺς
3501 2558 3745 2626 σιτηγεῖν

2161 2656 2526 2728 ὡρμημένους
2575 2656 2685 2719 τοῖς
2712 2653 2839 2726 [588
2868 2650 2962 2724 1L]
2997 2652 3477 2722 πολιορκουμένοις
3530 2647 3747 2701 ὰπεκώ·

2161 2747 2307 2811 λυον,
2347 2747 2444 2801 καὶ
2487 2745 2683 2808 σπάνις
2708 2742 2918 2815 χαλεπὴ
2960 2741 3059 2812 τὴν
3097 2740 3253 2794 πόλιν
3289 2743 3560 2808 κατεῖχεν,
3593 2737 3669 2801 ὡς
3693 2742 3745 2789 τ.’

2173 2839 2433 2893 Ἀττικῶν
2466 2838 2566 2908 τὴν
2591 2836 2891 2906 λεγομένην
2923 2834 3139 2906 χοίνικα
3192 2832 3287 2885 τοῦ
3337 2831 3485 2884 σίτου
3538 2830 3744 2897 προκόο

2158 2930 2281 3001 ψαι.
2329 2932 2455 2985 Ἐπὶ
2484 2930 2543 2985 δὲ
2579 2931 2693 2992 τοῖς
2720 2928 2902 2991 ἄλλοις
2928 2929 3120 2990 κακοῖς
3152 2927 3241 2980 καὶ
3271 2924 3456 2995 λοιμὸς
3481 2924 3529 2957 ⁸⁸
3558 2924 3746 2987 αὐτάς

2161 3021 2447 3075 ἐπιπεσὼν
2480 3022 2611 3093 (εἴτε
2637 3024 2702 3074 ὲκ
2730 3020 2942 3091 τροπῆς
2974 3019 3153 3089 ἀέρων
3178 3017 3290 3071 είτε
3320 3019 3383 3071 ἐκ
3416 3015 3516 3086 τῆς
3543 3013 3744 3085 ἀσυνή-

2166 3110 2290 3176 θους
2337 3110 2571 3182 διαίτης)
2619 3110 2874 3182 ποικίλην
2924 3111 3019 3163 ἐπὶ
3071 3108 3349 3171 ποικίλαις
3402 3108 3747 3177 παθημάτων

2163 3198 2327 3262 ἰδέαις
2360 3201 2459 3271 τὴν
2490 3199 2698 3270 φθορὰν
2728 3198 3096 3272 ἀπειργάζετο
3115 3215 3130 3230 ·
3162 3200 3220 3253 ὲν
3252 3193 3336 3262 οἷς
3359 3198 3455 3252 καὶ
3482 3199 3746 3268 Λάμαχος

492 3294 801 3362 πικροτέρῳ
830 3293 924 3346 καὶ
969 3291 1292 3363 μακροτέρῳ
1335 3291 1444 3345 τῶν
1477 3292 1650 3347 ἄλλων
1678 3288 1884 3363 ὀλέθρῳ
1912 3291 2227 3364 διέφθαρτο.
2273 3292 2567 3361 Ἥψατοδὲ
2622 3290 2965 3362 μάλιστακαὶ
3014 3290 3124 3343 τῶν
3178 3290 3433 3362 φρουρῶν
3478 3289 3518 3360 ἡ
3564 3288 3720 3353 νόσος

492 3387 568 3447 ὡς
602 3385 709 3437 ἀπὸ
761 3383 1077 3455 τρισχιλίων
1124 3383 1329 3455 χιλίους
1386 3380 1707 3440 ἀποθανεῖν.
1765 3384 1903 3448 Τοὺς
1946 3383 2254 3455 Ῥωμαίους
2289 3381 2347 3437 δὲ
2369 3383 2432 3436 τὸ
2460 3383 2633 3448 πάθος
2657 3384 2758 3438 οὐκ
2780 3383 3071 3438 ἐλάνθανεν
3086 3382 3156 3437 ⁸⁸.

1148 3500 1277 3555 CAP.
1302 3499 1520 3555 I.Ill.—
1539 3499 1811 3556 Heraclea:
1835 3502 2088 3570 proditio,
2116 3500 2392 3570 direptio.:
2419 3498 2701 3553 dissidium
2724 3497 3100 3553 Romanorum.

562 3586 723 3658 Atqui
743 3586 1105 3655 Connacorix,
1121 3589 1225 3644 hac
1246 3589 1593 3646 aﬂlictionum
1621 3593 1763 3647 mole
1782 3594 2055 3655 fatiscens,

2232 3592 2344 3646 Καὶ
2389 3591 2420 3645 ό
2473 3588 2826 3659 Κοννακόρηξ
2882 3586 3214 3641 κακοπαθῶν
3257 3587 3381 3649 ταῖς
3435 3586 3744 3656 συμφοραῖς

496 3678 682 3732 urbem
718 3679 977 3735 Romanis
1016 3684 1281 3751 prodere,
1322 3693 1379 3738 et
1417 3683 1861 3739 Heracleotarum
1898 3685 2066 3740 exitio

494 3784 647 3822 suam
677 3780 988 3838 permutare
1017 3774 1245 3828 salutem
1285 3778 1493 3829 statuit.
1535 3775 1767 3847 Operam
1800 3778 1907 3832 huc
1933 3793 2066 3832 con-

494 3860 703 3914 ferebat
724 3861 885 3915 etiam
909 3861 1271 3920 Heracliensis
1300 3867 1514 3935 quidam
1538 3908 1554 3934 ,
1586 3868 1932 3924 consiliorum
1962 3868 2068 3923 La-

495 3952 674 4006 macbi
712 3953 1027 4020 aemulator,
1070 3957 1157 4011 cui
1193 3973 1387 4013 nomen
1429 3960 1781 4029 Damophile,
1810 3962 2066 4031 pra‘sidio

496 4043 648 4096 urbis
684 4053 739 4097 et
777 4042 891 4111 ipse
924 4044 1186 4102 Lamachi
1227 4048 1446 4102 interitu
1480 4049 1786 4119 praefectus.
1820 4052 1891 4104 At
1924 4051 2067 4105 Con-

494 4133 716 4187 nacorix
739 4147 770 4186 a
792 4133 948 4188 Cotta
975 4151 1131 4203 sane,
1161 4146 1219 4190 ut
1243 4138 1459 4193 homine
1483 4138 1723 4193 moribus
1743 4140 2066 4205 importunis

492 4237 550 4281 et
589 4228 753 4284 dubia
797 4230 933 4299 (ide,
977 4232 1078 4286 sibi
1113 4243 1270 4288 cavet
1296 4256 1309 4289 :
1337 4250 1459 4289 cum
1495 4234 1707 4291 Triario
1740 4247 1919 4291 autem
1952 4252 2063 4292 rem

492 4321 861 4376 communicat
889 4339 906 4377 :
936 4335 1035 4377 nec
1067 4324 1286 4393 segnius
1309 4324 1361 4379 in
1394 4326 1585 4382 eodem
1616 4342 1739 4382 cum
1769 4329 1854 4383 his
1884 4329 2066 4383 studio

493 4410 839 4481 Damophiles
864 4413 1122 4479 decurrit,
1145 4425 1201 4470 et
1221 4417 1461 4486 acceptis
1486 4428 1767 4488 pactorum
1790 4421 2060 4475 conditio-

492 4502 681 4569 nibus,
710 4504 908 4576 237a
942 4507 1139 4575 quibus
1170 4523 1231 4563 se
1262 4508 1451 4565 beatos
1503 4508 1623 4566 fore
1654 4511 1963 4581 sperabant,
1994 4512 2063 4567 ad

490 4596 852 4663 proditionem
880 4613 941 4653 se
965 4601 1275 4672 accingunt.
1303 4602 1491 4657 Obiter
1523 4612 1703 4657 autem
1729 4618 1851 4671 qum
1876 4619 1905 4656 a
1930 4619 2060 4671 pro-

2169 3683 2311 3752 έγνω
2340 3684 2452 3746 τοῖς
2493 3681 2789 3751 Ῥωμαίοις
2822 3680 3129 3751 προδιδόναι
3176 3676 3276 3749 τὴν
3324 3676 3485 3731 πόλιν
3529 3678 3627 3730 καὶ
3672 3678 3739 3745 τῇ

2167 3776 2276 3829 τῶν
2319 3774 2717 3845 Ἡρακλεωτῶν
2753 3773 3004 3844 ἀπωλείᾳ
3046 3771 3145 3843 τὴν
3177 3772 3313 3824 ἰδίαν
3351 3771 3631 3840 σωτηρίαν
3656 3770 3747 3822 ἀλ-

2166 3866 2434 3933 λάξασθαι
2456 3867 2525 3920 ⁸⁵.
2558 3864 3004 3935 Συνελαμδάνετο
3034 3864 3090 3917 δὲ
3117 3862 3268 3933 αὐτῷ
3296 3863 3392 3915 καὶ
3432 3860 3747 3932 Ἡρακλεώ-

2165 3976 2265 4029 της
2297 3958 2457 4029 ἁνὴρ,
2490 3957 2738 4028 ζηλωτὴς
2763 3957 2862 4028 τῆς
2910 3956 3176 4025 Λαμάχου
3204 3954 3607 4024 προαιρέσεως,
3635 3956 3745 4005 Δα-

2170 4050 2428 4121 μωφέλης
2450 4050 2496 4081 “
2536 4049 2732 4119 ὄνομα,
2765 4046 3112 4118 φρούραρχος
3157 4045 3255 4099 καὶ
3289 4044 3451 4107 αὐτὸς
3485 4045 3554 4116 τῇ
3589 4043 3745 4097 πόλει

2170 4140 2307 4210 μετὰ
2331 4141 2431 4210 τὴν
2459 4138 2720 4208 Λαμάχου
2750 4135 2957 4206 φθορὰν
2981 4135 3279 4197 καταστάς.
3317 4134 3376 4186 Ὀ
3397 4131 3578 4185 τοίνυν
3605 4132 3747 4184 Κον-

2166 4233 2404 4304 νακόρηξ
2440 4232 2533 4285 τὸν
2568 4232 2779 4284 Κότταν
2810 4227 2909 4299 μὲν
2952 4228 3027 4291 ὡς
3057 4227 3227 4298 βαρὺν
3251 4227 3295 4258 ⁸⁷
3356 4224 3417 4278 τὸ
3465 4220 3599 4296 ἦθος
3648 4223 3745 4276 καὶ

2166 4325 2394 4381 ἄπιστον
2428 4320 2777 4390 ἐφυλάττετο,
2803 4320 2941 4391 πρὸς
2987 4319 3294 4391 Ὀτριάριον
3312 4316 3371 4370 δὲ
3396 4315 3706 4370 συνετίθετο
3726 4330 3740 4344 ·

2166 4414 2453 4486 συνέτρεχε
2481 4415 2537 4467 δὲ
2561 4412 2772 4475 τούτοις
2824 4413 2919 4466 καὶ
2950 4410 3295 4481 Δαμωφέλης
3337 4410 3440 4462 οὐκ
3470 4408 3747 4461 ἐνδεέστε-

2167 4525 2280 4579 ρον.
2313 4508 2423 4560 Καὶ
2452 4506 2713 4569 λαόόντες
2759 4504 3057 4575 συνθήκας,
3085 4499 3173 4568 αἷς
3200 4503 3616 4574 εὐδαιμονήσειν
3640 4501 3742 4555 αύ-

2161 4598 2247 4653 τοὶ
2286 4598 2532 4670 ἤλπιζον,
2581 4596 2717 4669 πρὸς
2766 4597 2867 4666 τὴν
2912 4596 3207 4667 προδοσίαν
3236 4593 3743 4665 παρεσκευάζοντο.

2174 4693 2268 4759 Ἐξ
2299 4692 2565 4761 ἐπιπολῆς
2609 4685 2706 4746 οὖν
2759 4692 2829 4744 τὰ
2872 4688 3228 4760 πραττόμενα
3281 4689 3396 4751 τοῖς
3450 4685 3746 4757 προδόταις

2161 4784 2446 4838 διέπιπτεν
2476 4785 2557 4846 εἰς
2582 4783 2675 4835 τὸν
2715 4781 2911 4851 δῆμον.
2946 4781 3041 4843 Εἰς
3066 4779 3370 4850 ἐκκλησίαν
3397 4773 3494 4831 οὖν
3519 4776 3553 4847 ἡ
3581 4775 3746 4839 πόλις

489 4688 757 4745 ditoribus
783 4691 1106 4761 agebantur,
1140 4694 1192 4747 in
1230 4694 1418 4764 vulgus
1441 4704 1721 4750 emanant.
1758 4696 1813 4751 In
1842 4697 2064 4751 concio-

488 4796 612 4834 nem
662 4782 826 4851 igitur
865 4785 996 4839 urbs
1041 4786 1350 4853 concurrit,
1386 4788 1729 4857 praasidiique
1775 4788 2064 4859 praefectus

487 4872 802 4927 advocatur.
848 4874 983 4929 Tum
1033 4876 1422 4946 Britbagoras,
1461 4879 1546 4933 vir
1589 4878 1730 4933 inter
1771 4881 2059 4950 populares

2164 4874 2498 4945 συνέδραμον
2537 4874 2634 4927 καὶ
2664 4872 2757 4926 τὸν
2789 4871 3137 4942 φρούραρχον
3180 4870 3429 4926 ἐκάλουν.
3470 4867 3747 4940 Βριθαγό-

487 4963 765 5031 przccipuae
803 4967 1139 5021 auctoritatis
1161 5006 1177 5031 ,
1210 4945 1580 5037 Connacorige
1611 4945 1913 5033 convento,
1951 4985 2058 5038 quo

2164 4984 2266 5037 ρας
2296 4967 2353 5020 δὲ
2378 4967 2486 5020 τῶν
2515 4968 2573 5019 ὲν
2611 4964 2691 5036 τῷ
2716 4966 2874 5037 δήμῳ
2903 4964 3044 5036 ἀνὴρ
3071 4962 3340 5034 ἐπιφανὴς
3366 4961 3503 5035 πρὸς
3531 4962 3746 5014 Κοννα-

484 5052 606 5106 loco
636 5054 706 5107 sit
732 5051 995 5109 Heraclea
1024 5057 1301 5123 edisserit,
1337 5067 1392 5113 et
1424 5060 1468 5113 si
1504 5060 1591 5113 ille
1622 5061 1959 5127 comprobet,
1988 5063 2055 5117 de

2164 5061 2377 5130 κόρηκα
2429 5059 2823 5128 παραγεγονὼς
2870 5058 2940 5111 τά
2992 5073 3052 5109 τε
3105 5056 3405 5125 κατέχοντα
3435 5053 3536 5125 τὴν
3578 5053 3746 5125 ’Πρά-

485 5146 755 5200 cmmnnni
788 5149 1027 5212 omnium
1062 5150 1239 5205 salute
1263 5166 1384 5204 cum
1412 5149 1628 5206 Triario
1664 5151 2052 5207 conferendum

2164 5150 2350 5204 κλειαν
2400 5149 2621 5222 διεξῄει.
2667 5149 2763 5202 καὶ
2810 5150 2861 5203 εἰ
2904 5147 3207 5219 κάκείνῳθθ
3238 5148 3407 5211 δοκεῖ,
3443 5146 3539 5199 ἐπὶ
3584 5148 3740 5215 κοινῇ

485 5252 608 5291 csse
633 5248 841 5293 censet.
865 5236 989 5294 llaec
1010 5255 1129 5293 cum
1183 5241 1582 5309 miserabiliter,
1606 5242 1788 5297 multis
1813 5242 2057 5296 intermi-

2164 5244 2384 5297 πάντων
2439 5240 2685 5312 σωτηρίᾳ
2735 5239 3095 5310 διελάμϐανεν
3151 5238 3443 5310 Ὀτριαρίῳ
3489 5236 3742 5302 διαλέξα-

484 5331 583 5383 stis
620 5329 901 5398 precibus,
937 5341 1243 5400 perorasset
1271 5330 1881 5403 Britbagoras,surgens
1911 5333 2056 5388 Cou-

2166 5334 2313 5389 σθαι.
2344 5333 2532 5387 Ταῦτα
2561 5332 2897 5403 Βριθαγόρου
2935 5331 3076 5403 μετὰ
3110 5330 3312 5400 πολλῆς
3350 5328 3740 5398 οἱκτισαμένου

484 5424 743 5489 uacorix,
796 5425 1226 5493 paciﬁcationem
1286 5440 1406 5480 eam
1468 5425 1873 5495 suscipiendam
1932 5439 2055 5479 esse

2164 5425 2418 5497 δεήσεως,
2440 5424 2732 5488 διαναστὰς
2759 5425 2788 5477 ὁ
2811 5421 3162 5495 Κοννακόρηξ
3186 5420 3447 5492 τοιαύτην
3479 5420 3580 5490 μὲν
3608 5435 3739 5473 συν-

1765 5560 1995 5616 νΑιιιΑε
2026 5561 2433 5618 LEC'l'lONES.

558 5650 796 5727 '3};qu
827 5670 889 5716 ς.
950 5654 1031 5727 μοι
1058 5653 1325 5723 ἐλάμϐανε
1366 5673 1424 5720 ς.
1533 5656 1576 5687 ⁸³
1606 5655 2017 5724 ἀπαλλάξαςοαι
2077 5674 2136 5721 ς.
2261 5653 2307 5686 ⁸⁸
2342 5652 2649 5726 δαμοφελὴς
2695 5657 2739 5708 Δ
2774 5652 3122 5727 εΔσιμοφιλὴς
3153 5670 3213 5719 ς·

3318 5654 3361 5684 ⁸⁷
3401 5650 3574 5723 βαρὺν
3629 5652 3675 5706 Δ
3714 5663 3731 5700 ε

493 5720 763 5791 Βάρδαρον
800 5739 864 5787 ς.
924 5724 967 5755 ⁸⁸
994 5720 1211 5778 κακεῖνο
1245 5743 1303 5788 ς.
