3972 6248
236 256 345 320 929

1298 248 1818 312 BIBLIOTHECA.
1850 273 1920 284 -
1954 248 2118 310 COD.
2150 248 2443 309 CCXXIV.

3386 254 3490 317 930

236 375 413 443 Θήκην
460 367 666 423 ἀπεῖπε
718 367 1070 440 πράττεσθαι,
1123 366 1411 439 ἔχεσθαιη
1442 368 1500 420 δὲ
1531 367 1630 438 τῆς
1658 368 1809 420 ἐλευ-

1925 375 2106 433 negat,
2155 366 2249 419 sed
2307 374 2363 418 ut
2404 361 2672 417 libertatis
2714 372 2772 417 et
2815 362 3057 417 melioris
3100 362 3332 418 fortuna:
3373 370 3487 436 apri

237 464 426 534 Θερίας
476 460 573 514 καὶ
606 458 716 513 τῶν
770 461 1099 529 κρειττόνων
1153 460 1486 531 ὑπεκρίνατο
1540 457 1770 511 ἐλπίδων
1791 475 1807 489 ο

238 556 335 608 καὶ
365 553 475 623 γὰρ
505 553 601 605 καὶ
628 551 722 604 τὸν
753 550 976 621 βασιλέα
1007 551 1198 621 μαθεῖν
1221 551 1308 605 διά
1338 550 1682 621 γραμμάτων
1707 549 1813 603 ὑπὸ

236 643 539 714 Τιγράνους
592 657 656 694 τε
700 640 795 694 τοῦ
836 640 1089 712 γαμϐροῦ
1144 640 1481 712 φιλοφρόνως
1543 637 1810 710 δεδέχθαι,

236 737 336 790 καὶ
363 736 466 787 οὐκ
492 734 569 797 εἰς
603 732 818 804 μακρὰν
850 733 1060 786 ἐκεῖθεν
1091 733 1400 804 προσδοκᾷν
1426 731 1524 802 τὴν
1564 729 1817 802 ἀποχρῶ-

240 839 342 874 σαν
372 820 647 891 βοήθειαν.
694 819 834 872 Ἀλλ’
868 820 1098 883 ἐκείνοις
1154 821 1252 891 μὲν
1285 821 1457 874 ταῦτα
1485 821 1514 873 ὁ
1538 818 1813 874 Κοννακό-

242 911 346 982 ρηξ
390 910 809 981 ἐσκηνικεύετο·
848 912 899 965 οἱ
932 911 991 965 δὲ
1035 911 1409 982 Ἡρακλεῶται
1453 911 1661 975 τούτοις
1705 913 1815 975 τοῖς

1928 456 2274 521 inhaererent,
2322 470 2417 524 per
2458 455 2857 510 simulationem
2901 455 3092 510 suasit.
3137 455 3344 510 Etenim
3395 474 3493 526 per

1924 547 2138 602 litteras
2163 562 2222 602 se
2249 540 2560 616 cognovisse
2601 562 2779 617 regem
2819 562 2848 601 a
2888 546 3120 615 Tigrane
3161 562 3363 618 genero
3395 550 3489 604 be.

1913 637 2077 708 nigne
2125 647 2455 707 susceptum,
2492 650 2592 691 nec
2622 635 2837 705 longum
2870 646 2990 705 post
3020 636 3357 691 intervallum
3381 640 3495 692 su“-

1916 727 2112 783 ﬁciens
2145 727 2272 783 inde
2299 735 2618 796 exspectare
2648 727 2932 780 auxilium.
2961 725 3109 780 Hanc
3141 737 3251 780 tutu
3283 728 3489 783 larvam

1913 819 2182 874 scenicam
2228 819 2334 873 illis
2360 818 2728 887 prmteudebat
2767 819 3127 873 Counacorix.
3175 818 3357 885 Quare
3407 821 3493 875 his

1916 910 2097 964 verbis
2155 910 2368 978 decepti
2414 910 2792 965 Ileraclienses
2846 910 3096 980 (Semper
3147 913 3292 966 enim
3347 927 3487 980 quor.

237 1003 419 1069 λόγοις
470 1001 876 1072 ἐξηπατημένοι
904 1003 1014 1071 (ἀεὶ
1041 1001 1151 1074 γὰρ
1180 1002 1398 1073 αἱρετὸν
1442 1001 1504 1055 τὸ
1530 1002 1814 1072 ἐράσμιον)

237 1096 317 1156 ὡς
345 1091 571 1163 ἀληθέσι
587 1093 702 1154 τοῖς
727 1092 1134 1164 τερατευθεῖσιν
1157 1095 1463 1146 ἐπίστευον.
1501 1092 1563 1144 '0
1591 1091 1649 1143 δὲ
1683 1092 1811 1144 Κον-

239 1183 503 1255 νακόρηξ,
531 1184 607 1247 ὡς
637 1184 1020 1254 ἠπατημένους
1049 1185 1211 1253 ἔγνω,
1240 1185 1382 1238 κατά
1413 1184 1583 1255 μέσας
1615 1181 1817 1247 νύκτας

1917 1002 2119 1056 atllibet
2167 1001 2457 1071 expetitur)
2503 1011 2678 1056 astute
2717 1002 2984 1067 conﬁctis,
3030 1010 3089 1054 ut
3135 1003 3301 1064 veris,
3332 1003 3490 1056 ﬁdem

1917 1093 2236 1149 adhibuere.
2291 1092 2660 1157 Connacorix,
2716 1102 2776 1147 ut
2833 1093 2884 1146 in
2942 1091 3182 1146 fraudem
3234 1093 3494 1148 deductos

1916 1186 2082 1244 videt.
2114 1194 2274 1239 nocte
2323 1185 2668 1253 intempesta,
2703 1185 2942 1239 exercitu
2983 1183 3212 1237 navibus
3242 1184 3493 1253 imposito

240 1276 570 1339 ἐπιὸιὸάσας
613 1275 829 1346 ἡσύχως
881 1277 1001 1337 ταῖς
1039 1276 1288 1346 τριήρεσι
1316 1276 1378 1327 τὸ
1404 1275 1721 1346 στράτευμα
1743 1273 1820 1344 (αί

1925 1273 2036 1344 (per
2063 1272 2238 1327 itedus
2272 1274 2415 1327 enim
2440 1290 2561 1329 cum
2587 1273 2801 1329 Triario
2828 1275 3021 1331 initum
3052 1277 3216 1329 salvis
3241 1276 3412 1340 abire,
3437 1287 3493 1331 et

239 1369 356 1439 γάρ
379 1362 519 1436 πρὸς
554 1367 862 1437 ὐτριάριον
892 1365 1162 1436 συνθῆκαι
1188 1365 1372 1419 κακῶν
1403 1365 1636 1429 ἀπαθεῖς
1662 1365 1820 1418 ἀπιέ-

1925 1366 1963 1418 si
1998 1365 2125 1434 quid
2177 1365 2308 1418 lucri
2356 1365 2646 1432 fecissent,
2693 1380 2875 1421 secum
2922 1379 3203 1436 asportare
3249 1367 3492 1438 licebat),

240 1478 351 1524 ναι,
377 1461 472 1513 καὶ
523 1460 575 1512 εί
597 1477 650 1512 τι
688 1459 1122 1530 κεκερδαγκότες
1142 1459 1190 1490 ⁷⁸
1212 1456 1426 1528 εἴησαν,
1460 1456 1578 1527 μεθ’
1612 1457 1821 1509 ἑαυτῶν

1925 1455 2035 1521 ipse
2057 1470 2178 1509 cum
2205 1455 2462 1511 militibus
2484 1457 2734 1513 discedit.
2761 1458 3106 1526 Damophiles
3127 1470 3328 1522 autem,
3348 1463 3490 1514 soln-

240 1551 401 1619 ἄγειν
453 1549 781 1620 ἐπέτρεπον)
830 1550 924 1602 καὶ
958 1550 1119 1612 αὐτὸς
1166 1546 1379 1611 τούτοις
1410 1547 1821 1611 συνεξέπλευσε.

1925 1546 1991 1601 tis
2043 1546 2275 1619 portis”
2306 1546 2628 1602 introfusum
2674 1548 3040 1604 Romanorum
3095 1549 3388 1604 exercitum
3438 1560 3493 1603 et.

250 1640 595 1711 Δαμωφέλης
622 1640 679 1693 δὲ
710 1641 810 1703 τὰς
856 1639 1030 1702 πύλας
1080 1638 1296 1703 ἀνοίξας
1344 1637 1686 1708 εἰσχεόμενον
1732 1639 1821 1692 τὸν

1925 1638 2195 1694 Triarium
2236 1643 2462 1710 recipit:
2498 1659 2728 1712 quorum
2772 1646 2867 1699 alii
2915 1662 3011 1714 per
3053 1657 3264 1715 portam
3299 1647 3494 1701 irrum-

249 1733 562 1803 Ῥωμαῖκδν
593 1731 823 1802 στρατὸν
865 1731 961 1785 καὶ
1007 1729 1099 1782 τὸν
1140 1728 1446 1800 ὐτριάριον
1498 1729 1819 1798 είσεδέχετο,

1928 1742 2079 1799 punt,
2106 1722 2343 1788 nonnulli
2372 1736 2537 1789 etiam
2583 1737 2718 1789 muri
2757 1739 3038 1806 pinnacula
3077 1740 3489 1793 transcendunt.
3526 1736 3533 1753 ¹

235 1827 369 1887 τοὺς
401 1826 501 1894 μὲν
536 1824 627 1876 διὰ
655 1827 753 1895 τῆς
791 1823 989 1893 πύλης,
1018 1823 1193 1885 ένίους
1239 1823 1299 1876 δὲ
1345 1822 1441 1875 καὶ
1483 1822 1582 1891 τὴν
1618 1821 1820 1889 στεφά-

238 1932 340 1984 νην
369 1914 822 1985 ὑπερϐαίνοντας.
852 1913 963 1967 Καὶ
979 1911 1100 1966 τότε
1124 1913 1223 1984 τῆς
1244 1914 1537 1984 προδοσίας
1568 1913 1618 1965 οἱ
1651 1913 1821 1983 Ἡρα·-

236 2007 476 2060 κλεῶται
512 2006 828 2079 ἐπῄσθοντο.
882 2008 993 2059 Καὶ
1026 2007 1075 2059 οί
1111 2006 1210 2076 μὲν
1241 2008 1381 2075 σφᾶς
1427 2007 1624 2069 αὐτοὺς
1684 2023 1825 2076 παρ-

238 2099 511 2165 εδίδοσαν,
562 2102 610 2152 οἱ
655 2100 711 2152 δὲ
748 2098 1069 2164 ἐκτείνοντο,
1092 2099 1161 2152 τά
1190 2115 1250 2151 τε
1305 2097 1559 2169 κειμήλια
1606 2099 1701 2151 καλ⁸
1757 2099 1824 2156 τὰ

235 2192 449 2245 ἔπιπλα
478 2191 829 2263 διηρπάζετο,
867 2194 960 2243 καὶ
990 2189 1162 2261 πολλὴ
1187 2191 1313 2253 τοὺς
1346 2190 1569 2253 πολίτας
1598 2190 1818 2260 ὠμότης

234 2283 541 2353 ἐλάμϐανε,
579 2282 944 2353 μεμνημένων
977 2281 1263 2351 Ῥωμαίων
1307 2282 1407 2334 ὅσα
1448 2299 1506 2334 τε
1541 2283 1692 2352 παρά
1721 2283 1822 2352 τὴν

234 2374 554 2443 ναυμαχίαν
585 2373 709 2446 [589
741 2372 834 2444 11.]
865 2371 1090 2425 πάθοιεν
1130 2370 1254 2442 [749
1284 2370 1376 2442 R.]
1412 2372 1504 2426 καὶ
1526 2373 1625 2425 ὅσα
1662 2390 1822 2425 τετα-

235 2466 666 2536 λαιπωρηκότες
720 2465 813 2517 ἐπὶ
871 2467 938 2535 τῇ
992 2463 1279 2536 πολιορκίᾳ
1334 2465 1667 2536 ὑπέστησαν.
1710 2464 1824 2519 Οὐκ

234 2559 533 2628 ἀπείχοντο
577 2556 707 2625 γοῦν
744 2556 863 2610 οὐδὲ
909 2555 1019 2609 τῶν
1063 2557 1157 2610 ἐπὶ
1201 2559 1313 2619 τοῖς
1367 2557 1530 2627 ἱεροῖς
1565 2557 1825 2625 πεφευγό-

234 2666 371 2712 των,
403 2648 540 2700 άλλά
568 2646 721 2717 παρά
744 2664 803 2699 τε
835 2647 951 2708 τοῖς
982 2646 1187 2715 βωμοῖς
1229 2647 1323 2699 καλ⁵
1363 2649 1476 2710 τοῖς
1513 2647 1824 2717 ἀγάλμασιν

235 2738 444 2799 αὐτοὺς
492 2737 779 2804 ἔσφαττον.
830 2738 922 2789 Διὸ
945 2736 1130 2791 πολλοὶ
1177 2737 1560 2802 διαπίπτοντες
1606 2741 1671 2792 ὲκ
1717 2739 1824 2795 τῶν

241 2827 451 2897 τειχῶν
476 2828 627 2898 φόϐῳ
648 2826 743 2880 τοῦ
763 2827 1009 2894 ἀφύκτου
1037 2828 1269 2882 θανάτου
1302 2830 1443 2883 κατά
1458 2832 1634 2886 πᾶσαν
1665 2832 1826 2883 ἐσκε-

237 2916 502 2970 δάννυντο
529 2916 715 2988 χώραν
742 2932 754 2944 ·
784 2918 834 2969 οἱ
856 2917 912 2969 δὲ
946 2917 1267 2988 αὐτομολεῖν
1299 2919 1436 2988 πρὸς
1467 2922 1557 2973 τὸν
1602 2921 1816 2975 Κότταν

235 3007 637 3078 ἠναγκάζοντο.
674 3007 761 3073 Ἐξ
786 3001 860 3061 ὧν
889 3009 1094 3072 ἐκεῖνος
1118 3010 1218 3079 τήν
1246 3026 1305 3063 τε
1351 3009 1551 3063 ἅλωσιν
1584 3010 1676 3063 καὶ
1719 3011 1810 3064 τὸν

239 3075 448 3166 φθόρον
478 3095 587 3149 τῶν
625 3095 929 3166 ἀνθρώπων
971 3098 1065 3149 καὶ
1094 3075 1192 3166 τὴν
1216 3097 1523 3169 διαρπαγὴν
1555 3099 1661 3152 τῶν
1685 3117 1822 3173 χρηρ
1851 3075 1893 3132 C

240 3187 436 3256 μάτων
493 3186 859 3257 πυθόμενοςἨ
918 3187 1087 3257 ὀργῆς
1141 3189 1540 3258 ἀνεπίμπλατο,
1581 3192 1677 3245 καὶ
1734 3190 1826 3244 διά

237 3279 454 3349 ταχέων
484 3279 625 3355 πρὸς
650 3279 749 3349 τὴν
799 3278 953 3333 πόλιν
996 3280 1274 3350 ἠπείγετο.
1311 3283 1742 3352 Συνεχαλέπαινε
1768 3283 1826 3337 δὲ

237 3371 336 3422 καὶ
375 3369 437 3421 τὸ
469 3369 808 3439 στράτευμα,
837 3370 911 3433 ὡς
939 3371 999 3423 οὐ
1037 3370 1198 3440 μόνον
1227 3372 1323 3443 τὴν
1348 3373 1439 3425 ἐπὶ
1462 3376 1573 3436 τοῖς
1612 3390 1827 3444 κατωρ-

237 3459 518 3528 θωμένοις
544 3444 790 3527 εὐδοξίαν
821 3462 1193 3533 ἀφῃρημένων
1214 3466 1279 3529 ⁷⁸,
1312 3464 1448 3519 ἀλλά
1480 3450 1575 3518 καὶ
1604 3465 1709 3519 τῶν
1735 3466 1822 3519 λυ-

238 3550 533 3604 σιτελειῶν
579 3553 797 3615 ἁπάσας
848 3554 1001 3623 παρὰ
1033 3554 1141 3606 τῶν
1175 3555 1354 3609 αὐτῶν
1399 3556 1819 3627 διηρπασμένοι.

239 3644 356 3696 Καὶ
382 3645 465 3707 είς
494 3643 677 3715 μάχην
704 3644 770 3699 ἂν
799 3648 911 3709 τοῖς
932 3646 1220 3716 ὁμοφύλοις
1247 3649 1588 3718 κατέστησαν
1621 3651 1825 3703 imave

235 3736 329 3788 δον
363 3735 462 3787 καὶ
492 3720 884 3804 κατεκόπησαν
912 3736 981 3791 ἀν
1003 3738 1095 3790 ὑπ’
1122 3739 1388 3809 ἀλλήλων,
1414 3741 1461 3794 εί
1497 3741 1570 3812 μὴ
1613 3741 1825 3809 Ὀτριά-

240 3844 362 3894 ριος
388 3828 646 3893 ἐπιγνοὺς
674 3828 777 3897 τὴν
801 3828 979 3900 ὁρμὴν
1023 3830 1225 3892 αὐτῶν,
1264 3832 1479 3895 πολλοῖς
1508 3832 1824 3901 ὲκμειλίξας

1922 1824 2056 1878 Tum
2116 1827 2330 1880 demum
2390 1829 2632 1895 proditos
2695 1844 2753 1882 se
2805 1828 3181 1884 lleraclienses
3229 1832 3491 1893 sentiunt,

1920 1929 2154 1983 parsque
2210 1917 2399 1970 horum
2450 1933 2507 1973 se
2552 1919 2720 1985 dedit,
2766 1935 2888 1988 pars
2933 1921 3249 1975 trucidatur.
3296 1920 3405 1976 Res
3437 1923 3491 1975 in

1920 2009 2104 2061 abdito
2140 2010 2388 2077 repositae
2416 2021 2473 2063 et
2499 2012 2849 2079 supellectiiia
2906 2014 3253 2082 diripiuntur,
3289 2027 3344 2068 et
3372 2032 3491 2068 ma-

1921 2114 2025 2169 gna
2065 2101 2388 2155 crudelitate
2435 2102 2488 2155 iu
2535 2104 2681 2156 cives
2727 2103 3039 2160 desaevitnr.
3080 2105 3212 2159 Nam
3263 2109 3492 2160 recurrit

1923 2191 2103 2243 animo
2126 2189 2403 2257 Romanis,
2441 2202 2644 2260 quanta
2676 2193 2848 2248 navali
2876 2194 3126 2249 conﬂictu
3165 2197 3489 2249 detrimenta

1923 2282 2292 2348 accepissent,
2343 2289 2396 2335 et
2436 2294 2668 2350 quantas
2703 2285 3085 2340 sustinuissent
3127 2301 3393 2342 aerumnas
3438 2288 3488 2340 in

1922 2370 2339 2440 Oppugnntioue.
2362 2372 2594 2442 Ideoque
2621 2389 2717 2428 nec
2739 2377 2806 2431 ab
2831 2376 2912 2428 his
2938 2376 3027 2439 qui
3061 2377 3127 2429 ad
3150 2379 3308 2431 deum
3336 2393 3491 2432 sacra

1922 2461 2281 2531 confugerant
2311 2472 2689 2531 temperatum,
2721 2467 2812 2520 sed
2845 2466 2999 2535 juxta
3029 2482 3151 2523 aras
3184 2478 3239 2523 ct
3270 2468 3492 2522 delubra

1923 2553 2191 2623 supplices
2209 2555 2444 2608 nutctati.
2468 2554 2725 2622 Quocirca
2746 2556 2893 2610 multi
2912 2569 3060 2612 trans
3082 2573 3169 2611 mn
3180 2572 3266 2611 ros
3288 2558 3455 2627 elapsi
3471 2598 3487 2617 .

1924 2646 2114 2703 mortis
2165 2647 2489 2702 inevitabilis
2531 2657 2705 2712 metu,
2746 2662 2841 2717 per
2889 2656 3055 2703 totam
3111 2648 3493 2719 disperguntur

1927 2737 2198 2807 regionem
2233 2755 2246 2792 :
2286 2741 2560 2792 nonnullis
2603 2740 2765 2794 etiam
2798 2740 2861 2794 ad
2902 2739 3116 2795 Cottam
3152 2742 3494 2813 transfugere

1925 2830 2151 2884 coactis.
2182 2830 2223 2883 A
2257 2830 2450 2899 quibus
2483 2831 2574 2885 ille
2596 2831 2664 2885 de
2686 2833 3079 2905 expugnatione
3110 2833 3279 2899 urbis,
3313 2845 3369 2887 et
3394 2835 3492 2887 lto-

1927 2921 2129 2978 minum
2155 2931 2337 2990 strage
2365 2931 2419 2975 et
2437 2922 2743 2991 direptione
2768 2925 3052 2992 bonorum,
3071 2926 3271 2995 certior
3295 2924 3493 2990 factus,

1928 3013 2007 3066 ira
2053 3023 2195 3069 totus
2221 3015 2558 3081 exardescit,
2604 3023 2660 3070 et
2696 3031 2856 3083 quam
2896 3017 3178 3071 celerrime
3206 3019 3273 3072 ad
3307 3019 3495 3072 urbem

1928 3106 2167 3160 festinat.
2206 3094 2431 3162 moleste
2468 3108 2628 3162 etiam
2661 3108 2820 3162 simul
2868 3110 2988 3162 tulit
3024 3111 3319 3175 exercitus,
3352 3112 3496 3180 quod

1928 3211 2036 3251 non
2090 3198 2252 3252 modo
2309 3197 2478 3267 gloria
2536 3214 2714 3253 rerum
2769 3198 2982 3255 fortiter
3038 3211 3308 3265 gestarum
3362 3217 3495 3270 spo-

1926 3287 2061 3351 liati,
2117 3289 2313 3359 237!)
2338 3291 2429 3345 sed
2457 3291 2617 3344 etiam
2646 3291 2942 3346 commodis
2973 3293 3239 3346 universis
3262 3292 3494 3345 fraudati

1926 3391 2108 3434 essent
2148 3382 2215 3436 ab
2264 3382 2476 3435 iisdem.
2522 3382 2643 3436 Ideo
2691 3384 3012 3452 implacabili
3051 3399 3170 3437 cum
3204 3385 3499 3453 gentilibus

1928 3473 2223 3526 certamine
2269 3475 2533 3537 conserti,
2574 3474 2770 3528 mutuis
2798 3490 2857 3528 se
2884 3475 3124 3529 caedibus
3158 3477 3495 3544 hausissent,

1929 3563 2029 3617 nisi
2056 3563 2320 3624 Triarius,
2353 3565 2715 3619 concitatione
2745 3564 2955 3618 illorum
2988 3566 3277 3628 intellecta,
3313 3568 3496 3620 multis

1929 3663 2175 3721 parasset
2226 3656 2404 3709 verbis
2450 3655 2681 3720 Cottam,
2726 3666 2779 3710 et
2819 3657 2870 3709 in
2911 3672 3196 3711 commune
3243 3673 3302 3713 se
3345 3658 3497 3715 lucra

1929 3747 2299 3814 expositurum
2348 3760 2535 3803 sntit-te
2582 3747 2885 3818 promisso,
2940 3749 3133 3802 bellum
3180 3748 3501 3805 intestinum

1931 3835 2271 3893 inhibuisset.

236 3917 542 3987 λόγοις,τόν
589 3936 650 3971 τε
702 3920 918 3975 Κότταν
953 3921 1048 3975 καὶ
1076 3922 1167 3976 τὸν
1197 3912 1450 3995 στρατὸν,
1486 3925 1580 3978 καὶ
1622 3924 1704 3987 είς
1747 3923 1809 3976 τὸ
1836 3926 2019 3981 κοινὸν
2074 3927 2143 3981 τὰ
2200 3927 2369 3998 κέρδη
2421 3927 2733 3981 καταθεῖναι
2756 3928 2803 3960 ⁷³
2869 3926 3335 3999 βεϐαιωσάμενος,
3405 3927 3497 3981 τὸν

237 4007 511 4078 ἐμφύλιον
539 4008 849 4078 ἀνεχαίτισε
884 4009 1140 4077 πόλεμον.

310 4121 444 4175 Car.
477 4118 615 4177 LIV.
644 4120 896 4180 —Cotta
920 4122 1228 4179 Heracleam
1272 4126 1616 4194 exspolialam
1648 4128 1970 4209 incendia-ct
2016 4124 2074 4179 in
2122 4124 2292 4178 reditu
2343 4140 2589 4193 magnam
2642 4125 2837 4194 praeda:
2879 4136 3081 4194 partem
3128 4126 3425 4197 naufragiis

1736 4207 1951 4254 amittit.

322 4303 483 4359 Ἐπεὶ
510 4304 567 4358 δὲ
596 4303 953 4361 ἐπυνθάνοντο
1000 4304 1093 4360 τδν
1121 4308 1518 4380 Κοννακόρηκα
1558 4310 1813 4383 κατειλη-

238 4395 380 4466 φότα
407 4396 509 4465 τὴν
537 4395 663 4448 Τίον
690 4396 787 4451 καὶ
832 4397 932 4468 τὴν
988 4398 1325 4468 Ἀμαστριν,·
1373 4402 1573 4455 αὐτίκα
1604 4404 1815 4468 Κόττας

251 4486 567 4558 Ὀτριάριον
622 4487 897 4557 ἐκπέμπει
943 4490 1383 4561 ἀφαιρησόμενον
1436 4494 1617 4547 αὐτῶν
1646 4495 1694 4525 ⁷⁸
1721 4496 1819 4558 τὰς
1852 4472 1897 4528 θ

194 4592 195 4595 ‘
241 4578 451 4641 πόλεις.
484 4576 660 4640 Αὐτὸς
687 4577 745 4630 δὲ
779 4578 905 4641 τούς
953 4596 1014 4631 τε
1048 4584 1581 4653 προσκεχωρηκότας
1610 4584 1811 4656 ἄνδρας

240 4668 426 4725 λαϐὼν
457 4669 554 4721 καὶ
584 4670 804 4730 τοὺςιὲκ
837 4669 939 4738 τῆς
960 4672 1335 4740 αἰχμαλωσίας
1379 4674 1721 4744 ἀνθρώπους,
1752 4678 1822 4731 τά

241 4760 407 4815 λοιπὰ
441 4758 583 4829 μετά
608 4758 789 4828 πάσης
820 4760 1025 4814 διεῖπεν
1049 4763 1350 4834 ὠμότητος.
1392 4767 1663 4837 Χρήματα
1690 4768 1822 4835 γοῦν

243 4850 666 4920 διερευνώμενος
717 4849 838 4903 οὐδὲ
887 4851 994 4904 τῶν
1049 4853 1107 4906 ἐν
1163 4855 1323 4924 ἱεροῖς
1372 4857 1633 4923 ἐφείδετο,
1685 4857 1823 4910 ἀλλὰ

244 4945 371 5006 τούς
393 4960 457 4996 τε
502 4941 827 5010 ἀνδριάντας
861 4941 957 4996 καὶ
989 4942 1057 4996 τά
1102 4944 1392 5015 ἀγάλματα
1424 4947 1615 5015 ἐκίνει,
1652 4947 1823 5002 πολλά

246 5035 342 5091 καὶ
384 5031 588 5085 πιιαλάτ⁸
614 5029 763 5084 ὄντα.
798 5031 907 5083 Καὶ
935 5030 1000 5101 δὴ
1032 5032 1128 5084 καὶ
1159 5034 1250 5086 τὸν
1301 5036 1580 5103 Ἡρακλέα
1618 5039 1711 5090 τὸν
1758 5040 1824 5091 ὲκ

247 5122 346 5191 τῆς
374 5120 586 5190 ἀγορᾶς
620 5117 811 5190 ἀνῄρει
839 5118 935 5173 καὶ
970 5121 1174 5193 σκευὴν
1217 5125 1381 5177 αὑτοῦ
1434 5125 1534 5196 τὴν
1569 5127 1678 5179 ἀπὸ
1727 5129 1824 5196 τῆς

250 5211 580 5283 πυραμίδος,
621 5210 976 5274 πολυτελείας
1024 5213 1123 5266 καὶ
1175 5218 1438 5285 μεγέθους
1470 5219 1567 5271 καὶ
1730 5198 1825 5272 καὶ

253 5304 463 5376 ῥυθμοῦ
499 5303 597 5356 καὶ
625 5303 847 5373 χάριτος
892 5304 991 5358 ’καὶ
1042 5306 1237 5379 τέχνης
1265 5310 1476 5373 οὐδενὸς
1506 5309 1613 5365 τῶν
1669 5312 1826 5363 ἐπαιο

1997 4311 2098 4368 Ubi
2126 4324 2255 4365 vero
2278 4309 2486 4365 audivit
2507 4308 2928 4373 Connacoriaem
2963 4310 3118 4364 Tium
3142 4322 3198 4368 et
3218 4314 3491 4371 Amastrin

1922 4417 2235 4471 occupasse,
2262 4401 2381 4455 siue
2408 4415 2555 4455 mora
2589 4398 2856 4453 Triarium
2880 4401 3032 4456 Cotta
3056 4403 3286 4467 dimisit,
3318 4417 3375 4459 ιιι
3397 4409 3493 4461 has

1926 4494 2005 4547 eis
2033 4496 2194 4545 urbes
2219 4492 2503 4543 adimeret.
2538 4486 2655 4557 Ipse
2689 4488 2928 4550 interim,
2965 4490 3202 4557 acceptis
3230 4491 3491 4547 dedititiis

1926 4591 1978 4637 et
1999 4581 2248 4649 captivis,
2265 4587 2459 4632 caetera
2484 4592 2579 4646 per
2609 4590 2824 4630 omnem
2855 4576 3114 4629 szevitiam
3148 4576 3492 4629 administra-

1927 4673 2025 4727 vit.
2075 4670 2209 4724 Nam
2261 4671 2386 4723 dum
2430 4683 2561 4738 opes
2608 4668 2808 4737 passim
2856 4676 3160 4730 scrutatur,
3214 4682 3282 4722 ne
3323 4669 3494 4721 sacris

1928 4763 2142 4832 quidem
2174 4762 2364 4829 parcit.
2392 4761 2610 4815 Statuas
2638 4760 2778 4813 enim
2839 4768 2895 4811 et
2927 4758 3209 4826 imagines,
3236 4765 3345 4811 tam
3377 4759 3497 4827 pul-

1928 4857 2088 4909 cltras
2122 4870 2279 4922 quam
2315 4854 2530 4916 multas,
2565 4853 2682 4907 loco
2712 4851 2880 4905 movit
2909 4867 2924 4904 :
2954 4850 3085 4919 quin
3123 4861 3174 4904 et
3210 4849 3492 4907 Herculem

1921 4963 1951 5000 e
1974 4946 2110 5010 foro,
2140 4957 2193 5003 et
2215 4955 2465 4999 ornatum
2495 4944 2611 5013 ejus
2640 4959 2668 4997 a
2694 4943 2997 5012 pyratnidc,
3022 4953 3258 5009 smnptu.
3285 4938 3492 5010 magni-

1920 5038 2129 5099 tudine,
2158 5052 2256 5090 nec
2286 5052 2389 5089 non
2425 5036 2638 5102 opiﬁcio
2666 5044 2719 5087 et
2749 5043 2886 5096 arte,
2919 5031 3064 5086 nullo
3098 5032 3494 5085 laudatissimo-

1923 5144 2038 5181 rum
2069 5142 2291 5196 operum
2322 5126 2661 5192 inferiorem,
2698 5124 2941 5178 sustulit.
2979 5123 3105 5176 Erat
3134 5133 3312 5198 autem
3342 5122 3491 5175 clam

1925 5219 2117 5272 malleo
2150 5234 2278 5272 cusa
2313 5233 2376 5271 ex
2414 5232 2546 5269 auro
2570 5217 2859 5283 purissimo
2884 5234 2896 5269 :
2926 5226 2981 5270 et
3008 5216 3218 5270 leonina
3254 5215 3350 5282 ipsi
3384 5217 3495 5270 Cir-

1924 5312 2192 5378 cutnfnsa,
2221 5324 2549 5381 corytusque
2574 5326 2641 5365 ex
2673 5313 2860 5365 eadem
2900 5309 3148 5372 materia,
3179 5323 3305 5362 arcu
3331 5318 3384 5361 et
3409 5322 3496 5361 sa-

1517 5465 1750 5520 VARIAS
1786 5466 2191 5525 LECTIONES.

276 5650 291 5663 O
324 5583 368 5615 "
397 5581 652 5663 δέχεσθαι
680 5583 764 5663 _A_.
838 5586 885 5618 "°
911 5584 1298 5663 κεκερδακότες
1458 5589 1529 5663 _”_
1552 5588 1872 5663 πειθόμενος
1914 5608 1984 5663 ς.
2018 5590 2092 5663 u‘"
2124 5590 2480 5663 ἀφῃρημένον
2522 5589 2794 5662 Scaliger,
2827 5589 3168 5661 ἀφῃρημένοι
3236 5588 3496 5647 llmschc-

218 5685 229 5696 ι
256 5650 378 5707 lius.
452 5650 500 5685 υ
532 5653 845 5709 καταθεῖναι
888 5657 955 5710 τά
1007 5650 1172 5729 κέρδη
1202 5650 1289 5724 ς(
1338 5658 1382 5690 τι
1411 5658 1573 5712 αὑτὸν
1608 5650 1867 5730 Scaliger.
1924 5650 1985 5692 ⁷⁷⁵
2015 5660 2141 5713 ὄντα
2174 5650 2475 5713 ’κἀίκαλά
2503 5678 2563 5723 ς.
