3972 6248
476 208 577 273 931
1653 205 1918 268 PIIOTII
1951 202 2455 265 PATRIARCIL‘E
2482 203 2592 265 CP.
3640 206 3746 270 932

474 325 625 398 gittis
644 322 898 379 refertus.
920 321 1087 377 Multa
1114 320 1279 378 etiam
1312 320 1415 376 alia
1436 335 1592 392 atque
1625 321 1872 376 miranda
1908 330 2047 391 atqui

2175 318 2453 389 νουμένων
2480 317 2939 391 ἀπολειπομένην.
3007 317 3086 372 Ην
3115 316 3174 371 δὲ
3206 316 3440 390 ῥόπαλον
3469 321 3748 391 σφυρήλα-

477 418 726 489 pulchra,
746 429 779 470 e
804 415 942 470 fanis
967 424 1022 470 et
1044 414 1178 469 urbe
1205 413 1443 478 sublata,
1468 413 1695 467 navibus
1720 413 1955 468 intersit.
1979 412 2047 467 Ad

2162 427 2256 464 τον
2302 410 2549 481 ἀπέφθου
2602 412 2803 484 χρυσοῦ
2864 411 3255 482 πεποιημένον,
3300 412 3443 466 κατά
3468 412 3527 466 δὲ
3577 413 3745 469 αὐτοῦ

476 510 728 564 ultimum
773 508 943 577 jussis
989 508 1167 579 ignem
1209 506 1503 562 immittere
1543 505 1833 572 militibus,
1878 505 2047 561 multis

2169 502 2364 574 λεοντῆ
2397 504 2607 575 μεγάλη
2637 505 2886 575 ἐκέχυτο,
2920 504 3014 559 καὶ
3042 503 3289 576 γωρυτὸς
3323 506 3423 576 τῆς
3442 506 3613 578 αὐτῆς
3644 508 3746 579 μὲν

475 604 665 657 urbem
701 603 951 672 partibus
989 599 1293 655 succendit.
1335 597 1412 653 Ita
1441 608 1600 671 capta
1635 609 1690 656 et
1725 602 1947 656 subacta
1978 610 2047 655 est

2170 594 2325 665 ὕλης,
2361 593 2536 666 βελῶν
2564 595 2621 647 δὲ
2647 595 2836 666 γέμων
2861 594 2956 648 καὶ
2976 592 3154 659 τόξου.
3191 594 3371 648 Πολλά
3395 595 3453 649 δὲ
3482 597 3579 650 καὶ
3610 597 3745 652 ἀλλα

476 694 692 755 civitas,
729 707 851 747 cum
889 691 1026 746 duos
1062 690 1522 761 oppugnationem
1555 705 1727 746 annos
1766 689 2047 745 sustinuis-

2165 686 2309 741 καλὰ
2339 688 2436 742 καὶ
2462 687 2753 758 θαυμαστά
2785 687 3114 758 ἀναθήματα
3139 686 3203 741 ἐκ
3229 704 3289 741 τε
3318 686 3428 740 τῶν
3458 688 3623 760 ἱερῶν
3651 692 3746 744 καὶ

475 795 576 839 set.
623 783 737 838 Sub
782 784 898 837 haec
950 782 1198 837 Triarius
1241 781 1308 836 ad
1364 783 1527 837 urbes
1568 783 1667 837 sibi
1711 782 2047 837 demandata:

2163 779 2264 850 τῆς
2293 778 2508 843 πόλεως
2540 777 2758 849 ἀφελὼν
2796 781 2916 843 ταῖς
2952 780 3144 832 ναυσὶν
3174 778 3519 848 ἐγκατέθετο.
3553 782 3659 834 Καὶ
3684 782 3745 836 τὺ

473 875 771 944 profectus,
804 875 1165 945 Connacorigi
1202 874 1274 948 (is
1306 875 1450 930 enim
1485 876 1850 945 proditionem
1882 872 2060 930 Hera-

470 966 602 1019 cleae
634 966 863 1020 aliarum
910 966 1271 1034 occupatione
1307 963 1655 1020 dissimulare
1697 965 1880 1021 animo
1921 979 2061 1034 prat—

470 1061 820 1129 sumpserat),
850 1059 1143 1115 securitate
1188 1058 1419 1113 abeundi
1465 1059 1603 1112 facta
1627 1098 1643 1124 ,
1677 1059 1923 1113 civitates
1957 1057 2060 1112 sub

471 1154 875 1209 conditionibus
898 1153 1062 1207 certis
1085 1152 1300 1221 recipit.
1328 1152 1485 1207 Cotta
1516 1160 1697 1205 autem
1728 1153 1915 1218 rebus,
1937 1166 2045 1221 quo

470 1246 676 1300 dictum
717 1256 804 1302 est
830 1247 1025 1310 modo,
1075 1244 1374 1309 confectis,
1409 1243 1693 1314 pedestres
1729 1243 1915 1310 copias
1952 1255 2056 1295 una

470 1355 595 1396 eum
628 1339 870 1408 equitatu
905 1338 1134 1394 Lucullo
1165 1337 1354 1402 tradit,
1390 1347 1447 1390 et
1475 1336 1686 1390 socium
1735 1335 1967 1399 auxilia,
2002 1335 2056 1389 in

471 1447 625 1487 suam
670 1447 898 1503 qumque
942 1431 1214 1502 patriam,
1261 1427 1540 1483 dimittit:
1597 1428 1711 1497 ipse
1758 1443 1887 1482 vero
1935 1443 2058 1481 cunt

2162 871 2478 926 τελευταῖον
2502 871 2624 945 πῦρ·
2640 872 2839 925 ἐνεῖναι
2881 874 2995 935 τοῖς
3051 871 3416 940 στρατιώταις
3481 872 3744 938 κελεύσας

2160 966 2227 1035 τῇ
2263 963 2415 1017 πόλει
2437 962 2582 1018 κατά
2610 962 2783 1017 πολλά
2808 963 3016 1034 ταύτην
3039 962 3326 1035 ὑπέπρησε
3356 965 3521 1035 μέρη.
3563 964 3739 1020 Ἑάλω

2159 1055 2216 1108 δὲ
2265 1055 2299 1125 ἡ
2331 1054 2486 1119 πόλις
2518 1055 2610 1108 ἐπὶ
2663 1053 2759 1108 δύο
2803 1053 2898 1126 ἐτη
2938 1057 3002 1126 τῇ
3051 1055 3342 1127 πολιορκίᾳ
3385 1056 3736 1127 ἀντισχοῦσα.

2170 1145 2232 1199 '0
2276 1145 2334 1199 δὲ
2403 1146 2709 1218 Ὀτριάριος
2763 1145 3157 1215 παραγεγονὼς
3208 1148 3266 1199 ὲν
3303 1141 3393 1211 αἷς
3435 1139 3743 1204 ἀπέσταλτο

2165 1239 2378 1303 πόλεσι,
2407 1240 2792 1310 Κοννακόρηκι
2814 1234 2990 1310 (οὗτος
3020 1238 3129 1310 γὰρ
3151 1241 3251 1309 τὴν
3270 1240 3370 1310 τῆς
3413 1239 3742 1312 Ἡρακλείας

2159 1331 2453 1403 προδοσίαν
2512 1332 2717 1401 ἑτέρων
2780 1332 3106 1403 κατασχέσει
3122 1333 3168 1364 ⁷⁸
3200 1331 3606 1402 συγκαλύπτειν
3661 1334 3742 1388 δι-

2158 1423 2380 1495 ενοεῖτο)
2412 1423 2537 1488 δοὺς
2564 1424 2749 1477 ἄδειαν
2788 1422 2890 1493 τῆς
2931 1423 3351 1495 ἀναχωρήσεως,
3409 1424 3531 1479 καθ’
3554 1426 3742 1497 ὁμολο-

471 1525 644 1579 elasse
669 1524 942 1579 avehitur.
968 1522 1043 1577 lbi
1074 1522 1292 1576 navium
1328 1534 1448 1589 qua:
1478 1519 1630 1573 urbis
1654 1520 1824 1589 spolia
1855 1531 2043 1574 vecta-

2160 1515 2289 1584 γίαν
2312 1514 2355 1547 ⁷⁷
2381 1514 2650 1585 λαμϐάνει
2678 1514 2778 1578 τὰς
2809 1514 3019 1577 πόλεις.
3064 1514 3123 1569 Ὀ
3145 1515 3202 1568 δὲ
3228 1515 3437 1579 Κόττας
3490 1517 3635 1588 ἆπερ
3659 1516 3739 1568 εί-

470 1614 636 1680 haut,
675 1628 803 1684 pars
850 1628 1014 1683 supra
1058 1611 1276 1667 modum
1319 1618 1578 1674 onerata,
1627 1609 1767 1663 haud
1811 1609 2047 1677 procula

2164 1624 2327 1679 ρηται
2354 1606 2804 1679 διαπραξάμενος
2832 1605 2893 1659 τὸ
2920 1606 3019 1675 μὲν
3055 1604 3223 1670 πεζὸν
3248 1606 3345 1659 καὶ⁷
3379 1608 3512 1671 τοὺς
3550 1609 3738 1672 ἱππεῖς

470 1701 652 1757 littore
677 1674 940 1767 solvitur,
983 1716 1111 1772 pars
1156 1698 1411 1769 Aparctia
1457 1707 1616 1752 vento
1652 1711 1838 1753 contra
1867 1697 2047 1765 ﬂante,

2162 1674 2439 1772 ἐκπέμπει
2466 1674 2777 1771 Ᾰευκόλλῳ,
2832 1674 2931 1753 καί
2977 1699 3106 1762 τοὺς
3154 1700 3479 1772 συμμάχους
3529 1703 3739 1771 ἀφῆκεν

462 1794 521 1848 in
555 1796 690 1849 vada
734 1794 992 1865 procellis
1032 1793 1259 1863 cjectae,
1304 1789 1562 1859 pleraque
1602 1792 2047 1861 asportandorum

2160 1795 2254 1847 ἐπὶ
2281 1792 2390 1847 τῶν
2415 1792 2710 1864 πατρίδων,
2736 1792 2899 1857 αὐτὸς
2924 1792 2971 1847 δ’
3001 1793 3233 1864 ἀνήγετο
3261 1792 3340 1863 τῷ
3385 1793 3581 1860 στόλῳ.
3617 1794 3739 1846 Τῶν

468 1902 782 1943 excussere.

2158 1886 2217 1940 δὲ
2248 1885 2386 1939 νεῶν
2406 1884 2464 1938 αἳ
2488 1885 2558 1939 τὰ
2579 1886 2680 1954 τῆς
2708 1885 2921 1950 πόλεως
2946 1884 3168 1956 λάφυρα
3203 1880 3362 1958 ἦγον,
3404 1888 3460 1940 αἱ
3493 1886 3593 1955 μὲν
3634 1903 3735 1939 κα-

466 1976 729 2049 τάφορτοι
766 1979 1061 2051 γενόμεναι
1090 1979 1288 2050 μικρὸν
1313 1979 1517 2035 ἄποθεν
1569 1978 1671 2050 τῆς
1740 1975 1845 2046 γῆς
1888 1973 2235 2047 διελύθησαν,
2283 1975 2341 2029 αἱ
2383 1974 2441 2029 δὲ
2493 1973 2800 2048 ἀπαρκτίου
2873 1971 3207 2038 πνεύσαντος
3258 1972 3667 2047 ἐξεϐράσθησαν
3693 1981 3740 2013 ⁷⁸

466 2073 547 2137 είς
583 2073 653 2127 τὰ
678 2074 881 2144 τενάγη
934 2073 1033 2130 καὶ
1081 2074 1254 2129 πολλά
1309 2075 1420 2130 τῶν
1478 2074 1777 2145 ἀγωγίμων
1825 2070 2183 2131 ἀπεϐάλοντο.
3798 2058 3807 2065 ’

563 2226 691 2285 CAP.
723 2227 1244 2285 LV.—Cleocharis
1294 2227 1542 2299 Leonippi
1571 2237 1621 2283 et
1654 2226 1862 2284 Seleuci
1917 2224 2151 2296 prwfecl.
2186 2223 2428 2279 Mithrid.
2460 2219 2672 2292 Sinope
2697 2221 2996 2286 dissidium,
3032 2219 3271 2290 tyrannis
3318 2227 3364 2273 et
3394 2217 3644 2289 perﬁdia.

2223 2357 2340 2432 ['59I
2371 2357 2464 2430 IL]
2521 2356 2831 2419 Λεόνιππος
2889 2355 2946 2410 δὲ
2984 2356 3013 2408 ό
3073 2356 3172 2409 σὺν
3230 2353 3531 2425 Κλεοχάρει
3585 2353 3739 2420 παρὰ

470 2466 520 2508 et
544 2457 736 2510 lutatio
760 2456 1136 2512 commendata
1160 2456 1341 2511 fuerat
1363 2472 1391 2510 a
1415 2456 1748 2522 Mithridate,
1775 2471 1836 2510 re
1862 2455 2047 2524 despe-

2153 2451 2488 2520 Μιθριδάτου
2525 2450 2623 2522 τὴν
2674 2448 2927 2521 Σινώπην
2981 2447 3337 2519 ἐπιτραπεὶς,
3389 2446 3735 2515 ἀπεγνωκὼς

474 2557 610 2614 rata,
634 2547 700 2602 de
730 2547 1037 2616 proditione
1062 2551 1128 2600 ad
1155 2545 1441 2602 Lucullum
1472 2548 1661 2601 mittit.
1695 2547 1765 2600 At
1788 2545 2047 2600 Cleocha-

2153 2542 2260 2597 τῶν
2290 2544 2663 2615 πραγμάτων,
2699 2541 2910 2613 πέμπει
2938 2541 3069 2610 περὶ
3103 2540 3397 2611 προδοσίας
3431 2539 3571 2610 πρὸς
3598 2539 3741 2594 Λεύ-

467 2654 555 2694 tes
605 2654 728 2692 cum
767 2638 996 2694 Seleuco
1030 2640 1194 2710 (nam
1239 2650 1296 2695 et
1341 2640 1425 2693 hic.
1463 2638 1794 2693 Mithridatis
1824 2637 1992 2707 233
2019 2652 2047 2689 a

2153 2639 2362 2693 κολχον.
2403 2639 2462 2691 ’0
2492 2638 2549 2692 δὲ
2610 2637 2934 2708 Κλεοχάρης
2985 2635 3104 2705 ἃμα
3136 2633 3388 2702 Σελεύκῳ
3442 2633 3562 2703 (καὶ
3616 2635 3725 2705 γάρ

464 2739 583 2784 crat
605 2730 831 2800 h-gatus,
856 2730 1018 2785 ollicii
1040 2733 1372 2786 auctoritate
1397 2746 1521 2786 cum
1547 2730 1759 2785 caeteris
1785 2727 2047 2799 aequatus)

2157 2721 2313 2793 οὗτος
2337 2727 2450 2782 τῶν
2500 2727 2838 2798 Μιθριδάτου
2903 2720 3211 2798 στρατηγὸς
3263 2726 3572 2789 ἰσοστάσιος
3626 2726 3736 2779 τῶν

466 2818 726 2888 Leonippi
761 2821 1126 2889 proditionem
1169 2821 1377 2874 odorati
1405 2861 1421 2887 ,
1467 2821 1728 2874 advocata
1767 2818 2047 2885 concione,

2160 2821 2471 2893 εἰρημένων
2491 2816 2582 2890 ἦν)
2612 2821 2713 2891 τὴν
2754 2819 3063 2875 Λεονίππου
3115 2818 3379 2890 μαθόντες
3417 2818 3734 2889 προδοσίαν,

467 2913 743 2966 hominem
776 2923 1036 2967 accusant
1062 2931 1075 2968 :
1101 2914 1248 2969 cives
1274 2929 1400 2969 vero
1418 2914 1663 2968 criminis
1696 2911 1855 2979 hujus
1876 2913 2047 2965 actio-

2156 2911 2455 2981 ἐκκλησίαν
2484 2909 2842 2980 ἀθροίσαντες
2867 2909 3212 2983 κατηγόρουν
3236 2908 3423 2963 αὑτοῦ.
3453 2911 3517 2962 υἱ
3566 2909 3625 2963 δὲ
3671 2910 3735 2963 οὗ

469 3016 588 3055 nem
615 3018 717 3055 non
744 3001 1057 3067 admittunt,
1077 3005 1218 3072 quod
1247 3005 1470 3074 probum
1494 3019 1617 3059 esse
1638 3002 2047 3057 existimabant.

2157 3004 2482 3074 προσίεντοο
2516 3001 2694 3056 ἐδόκει
2721 3002 2829 3074 γὰρ
2850 3002 3035 3066 αὐτοῖς
3057 2996 3196 3055 εἶναι
3237 3001 3497 3074 χρηστός.
3529 3002 3639 3056 Καὶ
3683 3003 3737 3057 οι

467 3092 591 3147 Ideo
619 3092 937 3149 Cleocharis
970 3094 1170 3157 factio,
1219 3096 1452 3165 gratiam
1494 3094 1614 3164 ejus
1656 3096 1797 3164 apud
1841 3094 2047 3163 plebem

2155 3097 2285 3168 scapi.
2309 3095 2631 3168 Κλεοχάρην
2655 3094 2930 3159 δείσαντες
2967 3093 3065 3148 τοῦ
3092 3093 3331 3166 πλήθους
3376 3095 3478 3153 τὴν
3516 3095 3737 3151 εὔνοιαν

468 3193 753 3249 metuens,
812 3196 974 3240 noctu
1025 3200 1094 3240 ex
1149 3185 1362 3241 insidiis
1422 3188 1698 3242 hominem
1754 3187 2045 3241 trucidant.

2155 3190 2214 3256 ἐξ
2244 3190 2466 3261 ἐνέδρας
2493 3188 2690 3252 νυκτὸς
2710 3189 3116 3258 ἀποσφάττουσι
3146 3187 3239 3242 τὸν
3258 3188 3451 3262 ἀνδρα.
3481 3190 3614 3262 [752
3641 3189 3733 3263 IL]

541 2360 679 2417 Tum
714 2362 1048 2435 Lconippus,
1077 2363 1165 2419 cui
1187 2377 1311 2418 cum
1342 2363 1626 2419 Cleochari
1659 2362 1893 2433 Sin0pes
1915 2375 2046 2415 cura

465 3273 701 3345 Pupulus
732 3276 951 3345 quidem
986 3278 1129 3332 hunc
1163 3293 1347 3331 casum
1380 3294 1524 3349 aegre
1555 3278 1720 3343 ferre,
1748 3280 1844 3335 sed
1880 3280 2051 3339 Cleo-

465 3368 661 3422 chares
691 3382 815 3422 cum
846 3368 960 3423 suis
987 3384 1168 3423 rerum
1206 3371 1390 3440 potiri,
1420 3380 1478 3425 et
1524 3373 1803 3442 Iyrannice
1836 3387 1923 3426 res
1955 3371 2052 3426 ad-

467 3459 777 3514 ministrare
808 3478 821 3514 :
858 3462 955 3515 hac
988 3463 1074 3516 via
1102 3462 1378 3531 parricidii
1414 3465 1465 3517 in
1499 3463 1830 3533 Leouippnm
1862 3479 2052 3532 punias

464 3549 934 3623 subterhtgituros
957 3568 1017 3608 se
1037 3554 1432 3612 existimantes.
1458 3555 1676 3611 Interim
1698 3556 2049 3622 Censorinus,

464 3643 724 3699 Romanun
761 3644 953 3699 classis
996 3655 1230 3715 praetor,
1273 3646 1524 3702 triremes
1563 3663 1730 3718 agens
1768 3663 1839 3703 xv
1894 3663 2049 3703 cotu-

465 3744 704 3789 meatum
739 3750 769 3789 a
812 3735 1093 3804 Bosphoro
1131 3736 1502 3792 Romanorum
1536 3738 1733 3795 castris
1772 3738 2048 3793 advehen-

465 3833 569 3887 tes,
601 3837 771 3891 prope
796 3822 1035 3894 Sinopen
1061 3826 1305 3895 appellit.
1329 3827 1529 3882 Contra
1554 3843 1713 3896 quem
1736 3827 2049 3883 Cleocltaris

462 3924 518 3970 et
542 3915 756 3969 Seleuci
783 3916 1034 3972 triremes
1054 3918 1345 3988 Sinopicze,
1364 3920 1526 3974 ductu
1552 3920 1763 3976 Seleuci
1790 3936 2045 3992 egressae,

466 4006 638 4059 navali
670 4007 854 4076 prmlio
890 4008 1212 4076 decernunt,
1237 4019 1296 4065 et
1323 4011 1481 4066 victis
1512 4011 1682 4079 Italis,
1719 4028 1884 4067 naves
1915 4029 2049 4070 one-

464 4100 640 4153 rarias
669 4098 724 4152 in
754 4113 912 4154 suum
937 4101 1105 4155 duces
1130 4100 1338 4157 lucrum
1367 4103 1643 4160 auferunt.
1671 4105 1856 4159 Elatns
1884 4105 2048 4173 igitur

462 4190 567 4244 hac
610 4189 844 4245 fortuna:
891 4190 1227 4260 benignitate
1271 4189 1598 4248 Cleochares
1644 4209 1768 4248 cum
1816 4195 2044 4265 collega,

462 4283 746 4354 plusquam
785 4293 944 4339 antea
988 4283 1270 4355 tyrannica
1322 4287 1511 4340 urbem
1563 4286 1793 4357 imperio
1826 4288 2042 4358 premit.

458 4373 593 4428 Nam
611 4376 795 4432 causis
817 4376 1058 4447 legitimo
1074 4376 1279 4445 judicio
1302 4393 1407 4433 non
1433 4379 1774 4447 disceptatis,
1796 4381 1862 4435 ad
1885 4394 2046 4435 neces

458 4469 761 4538 Oppidanos
788 4469 1026 4538 rapiunt,
1053 4478 1109 4524 et
1139 4469 1205 4523 ad
1242 4470 1409 4524 multa
1450 4470 1554 4525 alia
1585 4472 1910 4527 crudelitate
1944 4488 2041 4528 sua

458 4560 773 4613 abutuntur.
801 4558 1016 4614 Accidit
1041 4567 1221 4615 autem
1250 4569 1310 4614 ut
1339 4561 1392 4614 in
1421 4563 1699 4618 contraria
1726 4564 2041 4619 seindereu-

459 4660 547 4704 tur
576 4651 752 4704 studia
780 4648 1108 4705 Cleochares
1154 4660 1209 4705 et
1244 4650 1525 4708 Seleucus.
1568 4652 1662 4708 llle
1693 4655 1837 4709 enim
1872 4655 2042 4725 persi-

458 4745 705 4799 stendum
738 4744 790 4798 iu
834 4744 1010 4811 bello,
1054 4744 1141 4800 hic
1169 4745 1453 4800 trucidatis
1495 4744 1886 4816 Sinopensibus
1920 4747 2042 4801 uni-

459 4835 651 4902 versis,
686 4836 874 4889 urbem
913 4833 1198 4900 Romanis,
1243 4837 1547 4907 magniﬁca:
1585 4838 2041 4893 remunerationis

459 4939 637 4995 pacto,
666 4927 977 4980 tradendam
1007 4928 1285 4983 censebat.
1309 4929 1473 4996 Atqui
1522 4938 1714 4984 neutra
1742 4931 2035 4985 sententia-

461 5034 578 5072 rntn
610 5017 995 5086 comprobata,
1038 5018 1299 5087 quidquid
1373 5019 1765 5088 possidebant,
1811 5022 2040 5077 navibus

456 5110 723 5164 onerariis
745 5110 1009 5179 ingestum
1038 5127 1053 5164 :
1076 5113 1143 5163 ad
1171 5110 1459 5168 Macharen
1487 5112 1659 5167 filium
1684 5112 2036 5180 Mithridatis,

459 5212 570 5257 tum
601 5204 860 5274 temporis
895 5202 947 5257 in
977 5201 1237 5258 Colchide
1273 5214 1545 5275 agentem,
1580 5204 1879 5261 dimittunt.

2156 3284 2269 3337 Καὶ
2295 3282 2355 3335 τὸ
2393 3283 2491 3354 μὲν
2520 3281 2816 3352 δημοτικὸν
2848 3280 3044 3353 ἤχθετο
3077 3279 3155 3351 τῷ
3208 3277 3395 3360 πάθει,
3418 3281 3469 3333 oi
3497 3280 3575 3335 ’δὲ
3606 3281 3738 3351 περὶ

2151 3374 2474 3446 Κλεοχάρην
2534 3375 2645 3428 τῶν
2694 3372 3041 3449 πραγμάτων
3115 3372 3298 3445 κύριοι
3357 3373 3737 3436 καταστάντες

2155 3467 2498 3538 τυραννικῶς
2517 3463 2711 3540 ἦρχον,
2730 3465 2905 3537 ταύτῃ
2949 3463 3264 3536 νομίζοντες
3294 3464 3581 3533 διαφυγεῖν
3636 3466 3737 3536 τῆς

2151 3563 2246 3615 ἐπὶ
2303 3561 2597 3631 Δεονίππῳ
2648 3560 2967 3632 μιαιφονίας
3010 3556 3113 3629 τὴν
3169 3555 3349 3627 δίκην.
3430 3555 3520 3608 Ἐν
3558 3555 3737 3625 τούτῳ

2150 3655 2499 3725 Κηνσωρῖνος
2525 3652 2800 3723 ναύαρχος
2842 3648 3160 3719 Ῥωμαίων,
3214 3646 3468 3719 τριήρεις
3494 3645 3649 3715 ἄγων
3674 3644 3736 3699 ιε’

2159 3748 2306 3800 σῖτον
2351 3745 2463 3799 ἀπὸ
2511 3744 2793 3813 Βοσπόρου
2831 3740 2909 3812 τῷ
2931 3741 2978 3772 ⁷⁸
3047 3738 3337 3809 Ῥωμαίων
3396 3736 3738 3807 κομιζούσας

2151 3837 2501 3909 στρατοπέδῳ
2531 3876 2547 3903 ,
2589 3835 2818 3908 πλησίον
2875 3831 3126 3900 Σινώπης
3185 3828 3393 3900 κατῆγε
3413 3829 3461 3860 ⁸⁸
3488 3843 3503 3858 ’
3536 3830 3634 3883 καὶ
3680 3830 3729 3881 οἱ

2151 3928 2283 4001 περὶ⁵
2321 3928 2642 3999 Κλεοχάρην
2675 3925 2774 3980 καὶ
2799 3923 3062 3977 Σέλευκον
3089 3920 3515 3991 ἀνταναχθέντες
3553 3921 3729 3973 Σινωο

2149 4019 2343 4082 πικαῖς
2371 4018 2676 4088 τριήρεσιν,
2704 4012 3016 4087 ἡγουμένου
3045 4010 3337 4074 Σελεύκου,
3367 4009 3731 4063 καθίστανται

2148 4112 2229 4174 είς
2249 4110 2582 4181 ναυμαχίαν,
2623 4109 2719 4163 καὶ
2771 4105 2965 4160 νικῶσι
2990 4105 3119 4169 τοὺς
3184 4103 3447 4168 Ἰταλοὺς,
3487 4103 3585 4156 καὶ
3628 4104 3732 4165 τὰς

2147 4203 2455 4275 φορτηγοὺς
2484 4202 2581 4256 ἐπὶ
2610 4200 2689 4272 τῷ
2720 4199 2871 4268 σφῶν
2894 4196 3254 4272 ἀφαιροῦνται
3277 4194 3485 4268 κέρδει,
3518 4195 3731 4266 Ἐπήρ-

2146 4297 2322 4366 θησαν
2349 4294 2444 4349 οὖν
2477 4296 2527 4348 οἱ
2559 4294 2687 4365 περὶ
2717 4292 3039 4364 Κλεοχάρην
3063 4289 3144 4361 τῷ
3168 4288 3579 4360 κατορθώματι,
3632 4289 3732 4341 καὶ

2145 4386 2616 4458 τυραννικώτερον
2644 4386 2725 4438 ἔτι
2775 4385 2875 4455 τῆς
2909 4383 3122 4447 πόλεως
3180 4376 3372 4452 ἦρχον,
3413 4381 3607 4448 φόνους
3664 4394 3729 4433 τε

2145 4479 2408 4551 ἀκρίτους
2434 4479 2544 4532 τῶν
2582 4476 2819 4532 πολιτῶν
2858 4473 3144 4536 ποιοῦντες
3201 4474 3297 4527 καὶ
3347 4472 3414 4526 τά
3486 4470 3623 4527 ἀλλα
3655 4474 3725 4543 τῇ

2145 4571 2393 4642 ὠμότητι
2421 4570 2828 4644 ἀποχρώμενοι.
2876 4568 3128 4636 Ἐγένετο
3142 4565 3200 4619 δὲ
3225 4564 3321 4618 καὶ
3368 4563 3557 4628 στάσις
3586 4564 3728 4633 πρὸς

2145 4661 2411 4734 ἀλλήλους
2460 4662 2749 4733 Κλεοχάρῃ
2801 4660 2897 4713 καὶ
2955 4656 3203 4725 Σελεύκῳ
3233 4673 3249 4686 ο
3297 4656 3378 4727 τῷ
3453 4655 3557 4727 μὲν
3612 4655 3728 4726 γὰρ

2145 4752 2348 4824 ήρεσκε
2376 4752 2756 4824 διακαρτερεῖν
2786 4751 2863 4822 τῷ
2902 4749 3144 4820 πολέμῳ,
3181 4747 3435 4819 Σελεύκῳ
3482 4748 3541 4801 δὲ
3584 4748 3730 4802 πάν-

2144 4857 2246 4905 τας
2272 4842 2535 4907 Σινωπεῖς
2564 4844 2811 4914 ἀναιρεῖν
2849 4845 2945 4896 καὶ
2983 4841 3284 4913 Ῥωμαίοις
3333 4840 3429 4893 ἐπὶ
3482 4840 3729 4911 δωρεαῖς

2143 4935 2408 5003 μεγάλαις
2424 4937 2727 5006 παρασχεῖν
2746 4936 2845 5006 τὴν
2904 4933 3082 4988 πόλιν.
3133 4932 3281 5004 Πλὴν
3328 4932 3559 5003 οὐδεμία
3607 4931 3725 4985 τῶν

2140 5026 2374 5095 γνωμῶν
2413 5027 2596 5097 κρίσιν
2643 5025 2790 5097 ἔσχε,
2841 5025 2912 5080 τά
2966 5025 3026 5079 δὲ
3078 5023 3395 5094 ὑπάρχοντα
3442 5022 3725 5093 λαθραίως

2139 5119 2299 5171 ναυσὶ
2334 5119 2695 5191 στρογγύλαις
2719 5119 2998 5190 ἐνθέμενοι
3039 5117 3178 5189 πρὸς
3205 5116 3474 5187 Μαχάρην
3494 5115 3589 5169 τὸν
3614 5117 3723 5169 Μι-

2140 5206 2393 5277 θριδάτου
2426 5210 2562 5273 υἱὸν,
2587 5210 2647 5274 ὃς
2674 5210 2796 5264 κατ’
2827 5211 3008 5265 ἐκεῖνο
3042 5207 3238 5279 καιροῦ
3270 5206 3402 5261 πεοὶ
3450 5208 3551 5280 τὴν
3583 5206 3721 5261 Κολ-

2140 5299 2265 5369 χίδα
2284 5295 2376 5365 ὗν,
2406 5299 2734 5366 ἐξέπεμποντ

1774 5494 2007 5556 VARUS
2047 5498 2453 5561 LECTIONES.

530 5614 575 5649 “
609 5615 969 5685 κατασχέσεσι
999 5634 1059 5682 ς.
1135 5617 1179 5652 ⁷⁷
1217 5613 1340 5670 καθ’
1367 5614 1411 5668 Λ
1451 5632 1467 5670 :
1508 5614 1601 5669 καὶ
1649 5613 1770 5669 καθ’
1804 5632 1866 5681 ς.
1940 5614 1987 5651 ’⁸⁸
2010 5619 2404 5694 ἐξεϐιάσοησαν
2435 5640 2495 5689 ς.
2582 5626 2626 5658 ’⁸
2654 5622 2729 5695 τῷ
2752 5625 2831 5681 A:
2862 5624 2971 5680 τῶν
3001 5642 3061 5690 ς.

3171 5624 3216 5658 ⁸⁸
3249 5624 3456 5699 κατῆρε
3477 5639 3623 5683 corr.
3644 5625 3717 5682 Δ.
