3972 6248
299 260 406 323 933

287 376 412 428 (λιιι.
452 369 586 425 LVI.
630 400 698 410 -—
737 368 986 423 Lucullus
1038 366 1347 437 Macharen,

1396 258 1919 320 BIBLIOTHECA.
1973 284 2039 294 --
2069 258 2233 320 COD.
2267 257 2565 318 CCXXI".

1425 366 1490 422 P.
1530 368 1775 426 Mitltrid.
1814 370 1870 421 in
1922 368 2209 421 amicitiam
2268 366 2473 436 recipit.
2527 362 2757 434 Tyranni
2816 361 3043 432 fugiunt.
3084 362 3278 433 Sinope
3335 364 3563 432 capitur.

3461 258 3566 321 934

373 486 464 540 Ἑν
501 483 682 555 τούτῳ
724 482 1109 547 δὲΛεύκολλος
1158 484 1186 537 ό
1217 482 1328 536 τῶν
1392 482 1683 554 Ῥωμαίων
1716 482 1875 536 αύτο-

2053 480 2165 535 Sub
2194 482 2335 536 idem
2370 490 2583 547 tempus
2608 478 2884 542 Luanns,
2920 477 3290 532 Romanorum
3326 478 3564 546 impera-

286 577 516 647 κράτωρ
547 575 917 645 παραγίνεται
944 576 1013 646 τῇ
1042 574 1221 640 πόλει,
1271 573 1367 627 καὶ
1424 574 1703 645 κραταιῶς
1755 572 1882 625 ὲπο-

284 669 516 739 λιόρκει.
563 665 957 737 Ἐπρεσὸεύετο
983 667 1042 721 δὲ
1100 666 1196 720 καὶ
1235 665 1505 738 Μαχάρης
1569 666 1597 718 ὁ
1628 662 1724 717 τοῦ
1775 664 1881 717 Μι-

287 760 541 831 θριδάτου
573 759 713 830 πρὸς
756 759 1061 814 Λεύκολλον
1096 759 1225 831 περὶ
1270 757 1457 828 φιλίας
1492 776 1551 811 τε
1592 756 1686 811 καὶ
1739 772 1880 827 συμ-

291 852 515 923 μαχίας.
553 851 614 904 ’0
649 850 705 902 δὲ
728 849 984 920 ἀσμένως
1016 849 1255 920 ἐδέχετο,
1298 848 1468 903 εἰπὼν
1490 847 1744 919 βεϐαίους
1788 864 1879 902 νο-

292 948 438 1017 μιεῖν
464 944 564 1008 τὰς
590 942 917 1015 συμϐάσεις,
949 944 1000 997 εί
1056 944 1132 1016 μὴ
1166 944 1260 999 καί
1323 961 1434 998 τισι
1455 944 1500 975 ⁸⁸
1541 943 1880 999 Σινωπεῦσιν

289 1037 507 1107 ἀγορὰν
540 1037 866 1105 διαπέμποι.
906 1035 967 1089 'U
1018 1034 1077 1089 δὲ
1108 1036 1170 1089 ού
1204 1035 1366 1106 μόνον
1413 1036 1474 1089 τδ
1522 1035 1878 1107 κελευόμενον

289 1131 585 1200 ἔπραττεν.
620 1128 759 1184 ἀλλά
793 1128 888 1181 καὶ
915 1126 952 1181 ἀ
983 1126 1404 1200 παρεσκεύαστο
1469 1128 1716 1199 πέμπειν
1764 1130 1878 1193 τοῖς

288 1218 724 1291 Μιθριδατεὶοις,
785 1216 1140 1284 ἐξαπέστειλε
1192 1218 1481 1291 Λευκόλλῳ
1500 1219 1567 1273 ⁸⁸.
1599 1218 1789 1273 Ταῦτα
1824 1221 1876 1273 οἱ

288 1315 422 1384 περὶ
451 1313 768 1385 Κλεοχάρην
795 1314 1125 1386 θεασάμενοι
1158 1315 1255 1368 κα*⁹
1282 1314 1468 1368 τέλεον
1518 1313 1870 1382 ἀπογνόντες,

288 1405 527 1460 πλοῦτον
552 1407 722 1461 πολὺν
745 1408 866 1470 ταῖς
894 1406 1088 1460 ναυσὶν
1127 1406 1405 1477 ἐνθέμενοι
1437 1405 1536 1460 καὶ
1568 1405 1669 1477 τὴν
1718 1406 1873 1459 πόλιν

287 1498 592 1570 διαρπάσαι
620 1501 733 1561 τοῖς
782 1498 1145 1568 στρατιώταις
1192 1498 1411 1567 ἐφέντες
1428 1498 1476 1531 ⁸³
1534 1499 1662 1568 (ὑπὸ
1701 1498 1873 1553 νύκτα

287 1593 347 1645 δὲ
377 1591 556 1645 ταῦτα
590 1591 916 1660 ἐπράττετο)
954 1590 1044 1645 διὰ
1081 1592 1192 1644 τῶν
1246 1589 1449 1645 πλοίων
1510 1589 1743 1660 ἔφευγον
1794 1591 1875 1655 εἰς

285 1687 359 1740 τὰ
404 1685 652 1757 ὲσώτερα
686 1684 785 1737 τοῦ
833 1685 1037 1739 Πόντου
1082 1686 1355 1756 (Σάνηγας
1405 1684 1463 1740 δὲ
1508 1686 1606 1739 καὶ
1658 1684 1874 1751 Λαζοὺς

290 1778 552 1839 ἐποίκους
592 1771 740 1846 εἶχον
769 1775 837 1829 τά
867 1777 1087 1846 χωρία),
1115 1778 1236 1839 ταῖς
1267 1774 1712 1845 ὑπολειφθείσαις
1764 1776 1873 1830 τῶν

1986 586 2090 638 tor,
2119 576 2184 628 ad
2216 576 2402 629 urbem
2435 572 2724 635 accedens,
2756 572 2932 626 valido
2958 587 3075 625 eam
3110 572 3240 624 nixu
3267 580 3562 640 oppugnat,

1983 685 2106 724 cum
2141 664 2424 720 Machares
2463 666 2624 720 etiam
2670 664 2924 718 amicitia:
2970 673 3025 717 et
3065 664 3343 717 societatis
3388 662 3565 717 {tedas

1980 776 2078 832 per
2124 758 2450 831 legationem
2498 761 2650 823 petit.
2695 754 2749 810 Is
2799 756 2985 825 igitur,
3035 756 3292 823 petitione
3335 756 3567 823 benigne

1980 852 2253 919 admissa,
2287 850 2467 904 foedus
2501 864 2597 917 pro
2639 848 2795 901 ﬁrmo
2824 863 2881 901 se
2913 847 3226 901 habiturum
3267 847 3564 913 reSpondit.

1979 945 2025 1000 si
2051 944 2226 998 nullos
2251 924 2633 1011 Sinopensium
2661 948 2964 993 commeatu
3014 939 3186 1007 juvet.
3217 937 3351 992 Tum
3390 939 3435 991 ls
3459 955 3564 991 non

1979 1037 2154 1092 solum
2186 1036 2449 1105 imperata
2475 1034 2626 1097 facit,
2661 1035 2753 1086 sed
2778 1033 2941 1085 etiam
2972 1032 3237 1084 destinata
3277 1030 3565 1084 Mithrida-

1981 1128 2123 1192 ticis,
2149 1128 2214 1179 ad
2247 1126 2527 1180 Lucullum
2558 1122 2845 1179 deferenda
2877 1123 3105 1178 curavit.
3137 1121 3262 1177 Ilaec
3290 1122 3378 1175 ubi
3407 1121 3565 1175 Cleo—

1977 1219 2159 1274 charis
2184 1218 2344 1271 factio
2368 1217 2535 1280 videt,
2567 1231 2717 1285 spem
2752 1229 2967 1271 omnem
2992 1213 3280 1284 abjiciunt,
3321 1214 3564 1281 magnis-

1976 1326 2086 1380 que
2129 1310 2181 1364 in
2216 1324 2381 1363 naves
2408 1308 2600 1378 opibus
2632 1308 2925 1377 congestis,
2956 1314 3009 1360 et
3038 1309 3171 1362 urbe
3206 1308 3272 1362 ad
3308 1308 3566 1375 direptio-

1976 1418 2101 1457 nem
2137 1401 2399 1455 militibus
2441 1415 2699 1455 concessa
2752 1399 2875 1469 (sub
2916 1409 3127 1453 noctem
3164 1400 3263 1453 ista
3309 1399 3561 1467 ﬁebant),

1976 1492 2208 1563 navigiis
2252 1493 2319 1546 ad
2368 1493 2624 1547 interiora
2665 1491 2860 1555 Ponti,
2912 1506 3033 1561 qua!
3078 1508 3104 1543 a
3152 1491 3459 1557 Sanegibns
3510 1501 3564 1543 et

1975 1583 2134 1640 Lazis
2164 1585 2492 1651 incoluntur,
2524 1585 2828 1655 aul’ugiunt,
2862 1600 2982 1637 cum
3015 1584 3282 1653 reliquam
3326 1584 3558 1637 classem

1976 1677 2363 1732 incendissent.
2401 1677 2650 1731 Excitata
2694 1676 2858 1745 igitur
2902 1676 3116 1727 llamma
3143 1716 3156 1737 ,
3206 1672 3331 1743 quid
3380 1683 3564 1725 actum

1977 1769 2047 1824 sit
2079 1768 2330 1823 Lucullus
2360 1768 2781 1833 animadvertit,
2814 1766 3093 1835 scalasque
3140 1767 3206 1817 ad
3239 1762 3434 1818 mantia
3468 1764 3563 1815 ad-

286 1870 431 1923 νεῶν
452 1869 565 1937 πῦρ
598 1871 812 1932 ἐνέντες
842 1887 855 1900 ·
889 1869 1185 1941 αἰρομένης
1204 1869 1261 1923 δὲ
1289 1870 1389 1940 τῆς
1430 1870 1647 1940 φλογὸς,
1687 1871 1875 1943 ᾔσθετο

1989 1860 2325 1926 hiberejussi
2359 1860 2559 1914 milites
2585 1859 3001 1913 trauscemlunt.
3027 1855 3111 1910 Fit
3134 1856 3364 1924 prinmm
3387 1853 3560 1906 cedes

286 1962 597 2026 Λεύκολλος
638 1960 731 2014 τοῦ
783 1960 945 2033 ἔργου
995 1963 1090 2016 καὶ
1124 1963 1400 2033 κλίμακας
1433 1963 1646 2017 κελεύει
1700 1980 1872 2035 προσ‹

285 2057 447 2125 ἀγειν
475 2054 553 2127 τῷ
582 2054 748 2124 τείχει
773 2070 787 2085 °
828 2056 876 2107 οἱ
914 2054 969 2108 δὲ
1004 2055 1381 2125 ὑπερέϐαινον.
1415 2057 1523 2111 Kal.
1553 2055 1750 2129 φθόρος
1804 2053 1873 2128 ἦν

286 2147 416 2202 κατ’
445 2146 622 2219 ἀρχὰς
655 2147 755 2201 οὐκ
797 2146 979 2213 ὀλίγος
1013 2163 1029 2180 ο
1063 2146 1201 2201 ἀλλὰ
1248 2148 1309 2200 τὸ
1360 2148 1534 2212 πάθος
1578 2148 1879 2213 Λεύκολλος

283 2238 572 2310 οἰκτείρας
601 2240 701 2307 τὴν
736 2238 951 2307 σφαγὴν
983 2238 1212 2308 ἐπέσχεν
1232 2255 1248 2271 ο
1280 2239 1424 2294 οὕτω
1475 2239 1576 2309 μὲν
1616 2236 1711 2294 οὖν
1752 2242 1869 2312 ἥλω

285 2332 388 2383 καὶ
418 2332 451 2399 ἡ
491 2329 732 2400 Σινώπη.
768 2329 889 2383 Ἔτι
916 2329 972 2382 δὲ
995 2331 1028 2400 ἡ
1050 2331 1318 2399 Ἀμάσεια
1349 2331 1617 2403 ἀντεῖχεν,
1656 2332 1780 2387 ἀλλ’
1811 2333 1874 2385 οὑ

288 2421 415 2492 μετ’
470 2421 531 2473 ού
553 2422 601 2454 ⁸⁸
664 2422 801 2475 πολὺ
858 2420 954 2475 καὶ
997 2421 1124 2493 [592
1147 2417 1245 2494 Η.]
1286 2422 1425 2495 αὑτὴ
1476 2422 1870 2496 προσεχώρησε

297 2512 621 2583 Ῥωμαίοις.

1981 1967 2087 2005 non
2120 1952 2315 2023 238i:
2364 1953 2597 2013 modica,
2629 1952 2719 2003 sed
2760 1949 3017 2003 misertus
3052 1947 3422 2007 calamitatum
3454 1943 3563 1997 Lu-

1977 2044 2173 2109 cullus,
2204 2058 2269 2098 ne
2298 2046 2551 2098 sazviatur
2579 2043 2805 2097 ulterius
2837 2040 3131 2096 interdicit.
3174 2038 3253 2092 Ad
3287 2039 3429 2092 hunc
3462 2037 3560 2105 igi-

1977 2144 2064 2189 tur
2096 2136 2312 2189 modum
2344 2136 2508 2191 etiam
2542 2137 2743 2204 Sinope
2776 2137 2829 2189 in
2878 2134 3242 2189 Rornanorum
3278 2130 3558 2184 arbitriuut

1976 2227 2147 2281 venit.
2192 2226 2545 2297 Repugnabat
2568 2229 2865 2301 etiamnum
2890 2226 3141 2287 Amasea,
3171 2223 3265 2277 sed
3293 2238 3395 2275 non
3422 2224 3559 2275 mul-

1981 2327 2093 2370 tum
2131 2320 2438 2373 intercessit
2475 2320 2658 2388 spatii,
2689 2334 2810 2373 cum
2843 2319 3005 2373 etiam
3038 2318 3153 2387 ipsa
3190 2313 3559 2368 Romanorum

1983 2411 2036 2464 in
2072 2411 2231 2466 Iidem
2262 2414 2553 2467 concessit.

882 2628 1010 2685 Car.
1058 2628 1210 2686 LVII.
1241 2659 1311 2670 —
1339 2628 1674 2685 Mithridates
1716 2648 1852 2701 (egre
1890 2635 2095 2691 tandem
2127 2654 2157 2690 α
2201 2636 2423 2707 Tigrane
2448 2639 2652 2693 auxilia
2684 2641 2948 2709 impetrat.

361 2744 702 2817 Μιθριδάτης
729 2746 787 2799 δὲ
814 2747 1058 2800 ἐνιαυτὸν
1088 2747 1182 2800 καὶ
1212 2746 1389 2816 μῆνας
1427 2743 1477 2817 η’
1507 2749 1566 2800 ἐν
1592 2750 1708 2810 τοῖς
1767 2747 1866 2817 μέ-

290 2857 415 2911 ρεσι
435 2841 535 2909 τῆς
574 2840 865 2910 ’Δρμενίας
882 2839 1175 2909 διατρίϐων
1201 2838 1353 2892 οὔπω
1381 2840 1461 2903 είς
1486 2839 1610 2909 ὄψιν
1633 2840 1872 2910 κατέστη

288 2932 571 3002 Τιγράνου
597 2947 611 2960 ⁸
648 2930 773 2984 ἐπεὶ
813 2931 870 2985 δὲ
908 2931 1185 3002 Τιγράνης
1251 2931 1578 3003 ἐδυσωπήθη
1627 2933 1705 2995 είς
1747 2930 1878 2984 θέαν

290 3024 462 3076 αὑτὸν
496 3024 862 3094 καταστῆσαι,
903 3023 1041 3094 μετά
1093 3022 1355 3095 λαμπρᾶς
1396 3041 1456 3076 τε
1504 3023 1605 3093 τῆς
1648 3024 1875 3093 πομπῆς

290 3116 513 3187 ἀπήντα
540 3116 634 3168 καὶ
664 3115 959 3185 βασιλικῶς
999 3114 1273 3179 ἐδεξιοῦτο
1308 3131 1321 3145 ⁶
1362 3118 1455 3169 ἐπὶ
1482 3116 1538 3170 δὲ
1563 3120 1713 3188 τρεῖς
1737 3118 1869 3187 ἡμέ-

293 3224 399 3277 ρας
433 3207 764 3278 ἀπορῤήτως
794 3207 945 3278 αύτῴ
963 3209 1255 3279 ὁμιλήσας,
1312 3209 1508 3264 ἔπειτα
1549 3210 1870 3283 λαμπροτά-

2055 2751 2226 2808 Porro
2254 2754 2589 2809 Mithridates
2621 2770 2820 2808 anmun
2850 2764 2905 2809 et
2935 2753 2967 2806 8
2991 2766 3204 2806 menses
3233 2752 3284 2804 in
3316 2747 3558 2820 partibus

1982 2845 2257 2899 Armeniae
2285 2846 2620 2910 demoratus,
2646 2846 2875 2899 necdum
2910 2845 2963 2897 in
2995 2843 3175 2912 generi
3206 2851 3557 2909 conspectum

1984 2936 2254 2991 admissus
2308 2947 2451 2992 erat.
2506 2937 2603 2992 llic
2656 2948 2834 2991 tamen
2880 2944 3138 2989 exoratus
3198 2934 3452 2996 tandem,
3503 2942 3559 2982 ut

1987 3044 2167 3082 coram
2201 3044 2260 3083 se
2294 3028 2520 3083 sistendi
2573 3038 2896 3098 potestatem
2935 3029 2984 3081 ei
3023 3026 3246 3088 faceret,
3280 3022 3557 3094 splendida

1979 3135 2101 3173 cum
2142 3135 2337 3190 pompa
2386 3122 2663 3183 occurrit.
2710 3132 2763 3175 et
2813 3121 2980 3189 regali
3022 3134 3271 3175 socerum
3310 3115 3563 3187 magniﬂ-
3658 3189 3668 3200 ι

1978 3214 2154 3268 centia
2181 3215 2397 3281 excipit.
2429 3215 2535 3269 Sed
2564 3215 2796 3269 tridumn
2826 3218 3027 3282 absque
3056 3212 3324 3281 colloquio
3347 3227 3468 3265 cum
3494 3226 3561 3261 eo

291 3314 418 3361 ταις
445 3298 725 3351 ἑστιάσεσι
779 3298 1324 3369 φιλοφρονησάμενος
1377 3300 1605 3372 μυρίους
1660 3300 1873 3354 δίδωσιν

1984 3306 2260 3376 transegit.
2294 3306 2637 3361 Lautissimis
2672 3309 2795 3361 inde
2816 3307 3186 3361 conviviorum
3214 3303 3563 3374 apparatibus

294 3390 485 3453 ἱππεῖς
521 3389 616 3443 καὶ⁵
653 3390 744 3443 ἐπὶ
764 3390 854 3443 τὸν
884 3390 1081 3444 Πόντον
1102 3391 1397 3461 ἐκπέμπει.

1992 3395 2419 3449 benevolentiam
2440 3397 2488 3450 ei
2513 3412 2665 3450 suam
2693 3412 2814 3449 eum
2840 3404 3185 3459 ostentasset,
3212 3394 3393 3447 decies
3419 3392 3565 3446 mille

1993 3485 2313 3540 instructum
2350 3486 2620 3556 equitibus
2646 3486 2698 3539 in
2736 3486 2961 3539 Pontum
2997 3486 3241 3539 remittit.

644 3593 773 3652 Car.
809 3595 987 3652 LVIII.
1012 3627 1083 3637 —
1113 3596 1362 3651 Lucullus
1404 3595 1705 3650 Armeniam
1748 3597 2063 3665 papttlatnr,
2112 3610 2161 3654 et
2201 3600 2430 3653 thesauri
2464 3599 2703 3669 Tignmis
2733 3600 2818 3653 via:
2851 3609 3143 3654 servantur.

367 3691 671 3753 Λεύκολλος
691 3691 747 3745 δὲ
774 3694 853 3755 εἰς
876 3691 975 3764 τὴν
995 3691 1392 3745 Καππαδοκίαν
1436 3690 1734 3759 ἐληλυθὼς,
1782 3691 1877 3743 καὶ

296 3786 454 3853 φίλον
492 3783 631 3853 ἔχων
681 3783 772 3835 τὸν
822 3762 1131 3853 ἐπάρχοντα
1160 3774 1362 3851 ταύτης
1425 3783 1872 3854 Ἀριοϐαρζάνην,

293 3876 448 3943 διέϐη
476 3891 535 3926 τε
567 3866 900 3944 παρὰδόξαν
933 3871 1073 3944 πεζῇ
1100 3873 1192 3926 τὸν
1229 3872 1540 3941 Εὐφράτην,
1579 3872 1674 3924 καὶ
1707 3888 1877 3941 προσ-

295 3966 399 4033 ῆγε
448 3963 496 3994 ⁸⁵
532 3964 623 4016 τὸ»
649 3965 881 4035 στρατὸν
921 3966 987 4033 τῇ
1023 3964 1197 4027 πόλει.
1230 3965 1287 4016 ὲν
1312 3956 1357 4032 ᾧ
1380 3964 1480 4026 τάς
1514 3979 1573 4016 τε
1602 3962 1875 4032 Τιγράνου

296 4056 636 4118 παλλακίδας
670 4056 1035 4123 φυλάττεσθαι
1065 4056 1379 4127 μεμαθήκει
1432 4055 1529 4109 καὶ
1560 4054 1732 4107 πολλὰ
1767 4053 1878 4107 τῶν

296 4150 509 4218 σφόδρα
541 4149 760 4218 τιμίων.
794 4149 1192 4202 Καταλελοίπει
1215 4148 1272 4201 δὲ
1302 4148 1398 4203 καὶ
1446 4149 1576 4210 τοὺς
1608 4145 1878 4217 Τιγρανόι

296 4258 469 4308 κερτα
511 4240 992 4310 πολιορκήσοντας.
1013 4240 1106 4293 καὶ
1137 4242 1457 4309 στράτευμα
1483 4238 1613 4291 ἄλλο
1646 4238 1741 4291 ἐπὶ
1768 4236 1879 4290 τῶν

296 4332 654 4402 πολισμάτων
686 4331 757 4384 τὰ
782 4331 1199 4402 σπουδαιότερα.
1236 4330 1364 4402 [753
1396 4330 1489 4402 8.]
1516 4330 1671 4385 Οὕτω
1697 4330 1752 4383 δὲ
1778 4330 1878 4399 τῆς

309 4424 605 4496 ’Λρμενίας
624 4425 764 4478 κατά
792 4423 964 4476 πολλὰ
993 4424 1136 4495 μέρη
1167 4424 1637 4495 πολιορκουμένης
1659 4423 1874 4493 ἔπεμπε

298 4518 580 4589 Τιγράνης
596 4518 883 4570 ἀνακαλῶν
904 4517 1265 4587 Μιθριδάτην.
1288 4517 1399 4570 Καὶ
1424 4516 1657 4587 στρατὸν
1669 4516 1726 4569 δὲ
1748 4516 1877 4585 περὶ

2053 3693 2195 3748 Inter
2228 3693 2341 3747 haec
2363 3693 2619 3747 Lucullus
2641 3694 2693 3746 in
2725 3692 3121 3762 Cappadociam
3151 3691 3473 3760 ingreditur.
3507 3699 3563 3744 et

1980 3787 2351 3840 Ariobarzane
2403 3797 2562 3840 teme
2611 3786 2798 3855 regulo
2839 3795 2997 3837 utens
3035 3784 3244 3846 amico,
3287 3784 3560 3851 inopinate

1982 3879 2313 3949 Euphratem
2341 3896 2462 3935 cum
2484 3881 2724 3947 equitatu
2750 3878 2966 3937 transit.
2994 3886 3048 3931 et
3070 3891 3259 3944 agmen
3283 3878 3349 3929 ad
3373 3876 3558 3929 urbem

1984 3973 2220 4034 adducit,
2254 3973 2342 4025 ubi
2378 3971 2627 4041 Tigranis
2662 3970 2901 4040 pellices,
2936 3981 2990 4023 et
3020 3970 3084 4022 de
3115 3969 3276 4022 rebus
3307 3969 3563 4037 pretiosis

1984 4078 2047 4116 ac
2092 4064 2276 4118 charis
2326 4079 2428 4116 non
2484 4078 2649 4131 pauca
2706 4062 2972 4116 asservari
3024 4060 3311 4114 didicerat.
3364 4060 3562 4127 Capias

1983 4156 2171 4219 etiam,
2203 4171 2321 4224 qnze
2360 4154 2745 4224 Tigranocerta
2784 4162 3090 4223 oppugnent
3112 4194 3126 4214 ,
3164 4162 3217 4205 et
3248 4153 3409 4217 alias,
3442 4169 3561 4220 qua:

1983 4242 2252 4312 praecipua
2290 4243 2399 4298 illic
2438 4246 2631 4314 oppida
2684 4254 2912 4306 tentent,
2966 4242 3235 4311 relinquit.
3283 4242 3416 4296 Dum
3460 4243 3561 4297 hoc

1985 4334 2144 4386 modo
2184 4333 2435 4388 Armenia
2484 4336 2665 4389 multis
2706 4347 3047 4403 Oppugnatnr
3092 4334 3353 4402 partibus,
3395 4334 3558 4385 mittit

1984 4421 2243 4491 Tigranes
2261 4429 2350 4495 qui
2376 4424 2738 4479 Mithridatem
2762 4435 3033 4479 revocent.
3063 4424 3368 4477 Exercitum
3393 4425 3555 4476 etiam

1984 4515 2049 4567 ad
2084 4516 2362 4567 tulamlmn
2394 4517 2578 4569 urbem
2613 4518 2661 4569 in
2695 4532 2797 4585 qua
2830 4516 3049 4585 pollices
3075 4525 3234 4569 erant
3261 4514 3554 4582 dispositze,

298 4610 396 4676 τὴν
427 4608 605 4671 πόλιν,
625 4610 685 4661 ὲν
714 4600 758 4675 ᾧ
797 4607 895 4672 τὰς
946 4608 1280 4670 παλλακίδας
1318 4607 1489 4672 ἔθετο,
1553 4606 1873 4676 διέπεμπεν,

1985 4605 2063 4658 ire
2084 4605 2256 4672 jubet.
2288 4606 2386 4672 Qui
2415 4623 2535 4660 cum
2563 4623 2628 4661 eo
2656 4608 2950 4670 venissent,
2992 4606 3298 4659 interclusis
3330 4606 3557 4674 sagitta-

299 4699 349 4751 οἳ
379 4701 473 4753 καὶ
526 4699 990 4770 παραγεγονότες,
1048 4700 1144 4752 καὶ
1200 4697 1385 4768 τοξείᾳ
1433 4695 1529 4749 τοῦ
1594 4695 1878 4764 Ῥωμαίων

302 4790 663 4860 στρατοπέδου
697 4792 798 4853 τὰς
825 4789 1039 4855 ἐξόδους
1067 4789 1494 4852 διακλείσαντες,
1527 4789 1624 4850 τάς
1646 4803 1705 4839 τε
1736 4784 1879 4838 παλ-

299 4879 526 4943 λακίδας
546 4881 641 4935 καὶ
665 4881 735 4934 τὰ
758 4881 1063 4951 τιμιώτατα
1094 4881 1204 4935 τῶν
1233 4879 1534 4951 κειμηλίων
1560 4880 1647 4931 διὰ
1677 4877 1875 4941 νυκτὸς

301 4972 755 5043 προεξέπεμψαν.
807 4974 1052 5043 Ἡμέρας
1084 4973 1143 5026 δὲ
1192 4973 1558 5042 ἀνασχούσης,
1625 4969 1720 5023 καὶ
1771 4969 1879 5023 τῶν

315 5067 600 5137 Ῥωμαίων
643 5068 757 5137 ἄμα
784 5065 893 5119 τῶν
938 5064 1172 5136 Θρακῶν
1225 5064 1486 5136 ἀνδρείως
1538 5060 1878 5130 ἀγωνιζομέ-

302 5176 426 5225 νων,
456 5159 617 5226 φόνος
660 5177 719 5212 τε
759 5158 926 5221 πολὺς
978 5158 1088 5210 τῶν
1145 5156 1447 5227 Ἀρμενίων
1502 5155 1736 5221 γίνεται,
1786 5152 1879 5206 καὶ

304 5251 535 5321 ζωγρίαι
587 5251 695 5303 τῶν
746 5250 1111 5321 ἀνῃρημένων
1143 5249 1391 5302 ἑάλωσαν
1421 5246 1521 5299 ούκ
1574 5246 1832 5307 ἐλάττους
1859 5261 1873 5274 ο

304 5344 370 5396 τὰ
402 5346 589 5411 μέντοι
617 5361 680 5412 γε
729 5341 1215 5413 προαποσταλέντα
1270 5338 1559 5403 διεσώζετο
1603 5338 1741 5409 πρὸς
1784 5338 1879 5389 Τι-

305 5436 530 5507 γράνην.

1982 4714 2101 4751 rum
2147 4698 2410 4766 grandine
2458 4699 2692 4752 exitibus
2736 4715 2766 4752 e
2813 4698 3181 4752 Romanorum
3231 4698 3459 4758 castris,
3503 4709 3559 4750 et

1980 4792 2310 4844 concubinas
2339 4800 2393 4843 et
2415 4807 2577 4858 gazas
2616 4790 2857 4860 periculo
2887 4799 3168 4859 exeutptas
3203 4798 3367 4844 noctu
3405 4805 3558 4858 prae-

1984 4883 2222 4936 mittunt.
2253 4882 2350 4937 Uhi
2387 4883 2580 4946 illuxit,
2616 4882 2841 4937 Romani
2873 4893 2927 4937 et
2963 4881 3225 4945 Thraces,
3259 4884 3557 4938 certamine

1984 4989 2105 5026 cum
2147 4974 2420 5028 Armeniis
2461 4974 2691 5028 feliciter
2737 4976 2896 5038 inito,
2942 4974 3205 5043 prolixam
3246 4974 3436 5028 horum
3481 4977 3529 5025 l‘a

1984 5067 2134 5118 ciunt
2178 5073 2435 5135 stragem,
2484 5082 2583 5119 nec
2630 5067 2914 5137 pauciores
2954 5069 3103 5121 vivos
3138 5068 3357 5135 capiunt
3394 5082 3554 5134 quam

1987 5162 2220 5211 czedunt.
2243 5157 2523 5212 Praanissa
2550 5169 2727 5212 tamen
2763 5159 2825 5211 ad
2852 5156 3164 5229 Tigranem,
3197 5167 3311 5213 tuta
3341 5165 3557 5211 manent

1986 5260 2039 5304 ct
2067 5252 2235 5305 salva.

1598 5517 1832 5571 VMIIE
1882 5513 2284 5570 LI-ICTIONI'LS.

374 5624 415 5653 ⁸¹
442 5622 532 5674 καί
588 5620 723 5691 τισι]
781 5622 889 5673 into
961 5619 1229 5679 καὶτοῖς.

307 5692 391 5764 οὐ]
421 5696 679 5748 alterutra
722 5693 933 5761 negatio
968 5691 1211 5745 delenda.

1305 5618 1349 5648 ⁸²
1398 5614 1685 5684 Λευκόλλῳ
1722 5614 2206 5684 Iihodmnannns:
2244 5611 2362 5662 labri
2422 5611 2681 5683 σελεύκῳ.

1288 5688 1333 5719 ⁸³
1370 5688 1609 5758 προσῆγε
1639 5683 1727 5739 τῖιν
1764 5684 2065 5739 Sciat-ferus
2102 5699 2112 5734 :
2164 5683 2282 5735 libri
2326 5685 2651 5751 προσήγετο-

2776 5613 2823 5645 ⁸³
2852 5614 3084 5683 ἀφέντες
3123 5631 3183 5679 ς.
3260 5612 3307 5645 ⁸⁸
3337 5616 3394 5669 ού
3440 5629 3560 5687 μετ’
