3972 6248
368 217 473 281 935

1524 220 1787 281 I’lIO'l‘lI
1815 218 2314 283 PATRIABCIIE
2344 221 2454 282 Cl‘.

3524 222 3632 286 936

822 329 952 386 CAP.
1013 327 1152 385 LIX.
1186 358 1258 370 -—-
1282 326 1487 385 Luculli
1507 330 1739 384 victoriis
1758 331 1823 384 de
1853 328 1962 399 Tigi

2068 331 2638 398 :ad,’l‘igranucerta;
2693 343 2743 384 et
2787 332 2932 385 urbis
2984 330 3204 389 deditio.
3255 314 3260 320 ’

446 423 548 480 llic
577 422 754 479 80000
786 423 1080 477 contractis
1105 462 1121 489 ,
1154 429 1213 475 ut
1245 421 1634 489 Tigranocerta
1672 422 1741 476 ab
1769 436 1961 491 urgen-

2136 422 2374 490 Δύναμιν
2405 421 2461 475 δὲ
2499 417 2653 486 οὗτος
2679 422 2940 494 ἁθροίσας
2983 422 3129 476 ὀκτὼ
3185 424 3452 496 μυριάδας
3504 443 3633 479 κατ-

375 518 521 572 tilms
560 516 719 571 malis
754 514 968 583 eripiat.
1002 513 1389 583 propulsetque
1415 512 1618 579 hostes,
1649 512 1949 567 descendit.

371 608 677 663 Confestim
706 620 838 659 vero
869 615 924 658 ut
958 606 1328 661 Romanorum
1358 606 1656 659 exilitatem
1679 607 1813 659 vidit
1863 620 1955 660 ca—

374 709 633 758 strorum,
683 696 920 764 superba
985 709 1082 764 per
1133 704 1499 763 contemptum
1552 696 1620 749 de
1668 696 1734 749 iis
1787 698 1953 749 verba

371 791 501 859 jacit
526 805 541 844 :
571 786 631 842 Si
663 788 819 858 legati
841 798 961 842 sunt
995 784 1235 858 (inquit)
1268 786 1420 840 multi
1459 786 1617 841 simul
1662 795 1905 840 venerunt
1934 801 1953 842 :

371 883 455 935 δίη
487 880 677 941 hostes,
712 881 980 950 perpauci.
1038 880 1247 945 Quibus
1287 880 1480 943 dictis,
1539 880 1735 933 castris
1778 879 1951 934 locum

371 974 577 1043 deligit.
616 975 683 1026 At
707 973 989 1035 Lucullus,
1019 972 1283 1043 singulari
1316 984 1432 1026 arte
1458 981 1514 1026 et
1544 973 1720 1025 studio
1751 972 1954 1026 instru-

372 1074 460 1117 cta
487 1065 625 1129 acie,
659 1063 881 1132 suisque
909 1063 1102 1116 fiducia
1130 1078 1226 1131 per
1253 1063 1685 1117 cohortationem
1728 1063 1950 1133 injecta,

372 1156 619 1209 dextrum
645 1170 812 1209 cornu
845 1155 1029 1209 statim
1074 1154 1127 1208 in
1160 1155 1342 1224 fugant
1385 1156 1536 1226 agit:
1573 1171 1693 1209 mox
1735 1156 1958 1210 inclina—-

376 1249 449 1300 tio
480 1248 536 1300 lit
566 1247 618 1301 in
644 1249 893 1316 proximo
942 1265 957 1302 :
1005 1248 1202 1302 dehinc
1271 1256 1418 1317 terga
1480 1257 1697 1303 vertunt
1746 1263 1956 1304 omnes.

373 1339 643 1395 Grandem
669 1342 854 1409 itaque
886 1350 943 1393 et
982 1340 1316 1410 praecipitem
1347 1340 1589 1394 Armenii
1653 1338 1834 1410 fugam
1867 1356 1960 1395 ca-

376 1442 617 1500 pessunt,
650 1445 704 1488 et
735 1448 832 1501 pro
887 1434 1162 1487 hominum
1211 1448 1437 1486 numero
1473 1432 1645 1489 credes
1690 1434 1954 1502 sequitur.

378 1525 640 1592 Tigranes
702 1526 900 1596 igitur,
987 1525 1292 1581 diademate
1343 1534 1398 1579 et
1450 1526 1597 1596 regni
1657 1525 1962 1596 insignibus

376 1618 572 1689 239a
620 1618 728 1672 lilio
759 1618 1044 1687 impositis,
1088 1617 1152 1670 ad
1181 1618 1457 1672 castellum
1483 1617 1748 1689 quoddam
1781 1618 1960 1689 fugam

378 1711 588 1779 arripit.
632 1710 888 1765 Lucullus
927 1725 1055 1765 vero
1090 1712 1536 1783 Tigranocertam
1598 1702 1786 1765 versus
1838 1728 1953 1765 mo-

2059 510 2266 577 ἐϐαινε,
2299 515 2398 584 τήν
2436 529 2496 565 τε
2526 512 2965 584 Τιγρανοκέρταν
2994 514 3414 585 ἐξαιρησόμενος
3434 516 3481 547 ⁸⁸
3521 516 3633 568 τῶν

2058 604 2505 674 συνεχόντωνααὶ
2530 604 2903 676 ἀμυνούμενος
2925 607 3053 670 τοὺς
3073 605 3385 675 πολεμίους.
3412 606 3633 672 Φθάσᾶς

2054 692 2229 745 δὲκαὶ
2265 690 2387 746 ἰδὼν
2415 694 2476 755 τὸ
2521 693 2805 763 Ῥωμαίων
2842 694 3019 763 ὀλίγον
3062 697 3418 765 στρατόπεδον
3455 699 3632 769 ὑπερ-

2054 784 2313 847 οπτικοὺς
2366 784 2517 853 ἠφίει
2571 785 2794 853 λόγους,
2834 787 2910 850 ὡς
2953 789 3022 841 Ei
3083 787 3201 857 μὲν
3269 790 3631 856 πρεσϐευταὶ

2055 876 2319 944 παρεῖεν,
2350 877 2588 943 πολλοὶ,
2623 878 2886 948 φάμενος,
2914 880 3228 947 συνῆλθον
3251 921 3267 945 ,
3313 883 3364 935 ει
3405 880 3474 936 δὲ
3525 898 3631 936 πο-

2056 970 2273 1039 λέμιοι,
2315 970 2626 1037 παντελῶς
2648 971 2860 1038 ὀλίγοι.
2894 973 3004 1026 Καὶ
3029 973 3200 1029 ταῦτα
3226 974 3394 1027 εἰπὼν
3433 976 3634 1045 ἐστρα-

2056 1062 2398 1117 τοπεδεύετο.
2429 1063 2733 1128 Λεύκολλος
2760 1065 2819 1121 δὲ
2875 1065 3039 1138 τέχνῃ
3096 1067 3191 1122 καὶ
3238 1066 3438 1138 μελέτῃ
3493 1068 3633 1138 πρὸς

2056 1153 2153 1225 τὴν
2188 1155 2368 1225 μάχην
2410 1140 2883 1227 παραταξάμενος,
2914 1158 3007 1212 καὶ
3053 1158 3325 1231 θαρρύνας
3365 1163 3495 1226 τοὺς
3534 1162 3632 1215 ὑπ’

2057 1246 2240 1309 αὑτὸν,
2275 1248 2467 1316 τρέπει
2490 1265 2548 1300 τε
2575 1248 2632 1302 τὸ
2659 1249 2832 1316 δεξιὸν
2877 1250 3040 1314 εὐθὺς
3079 1252 3268 1319 κέρας,
3302 1248 3422 1307 εἶτα
3452 1253 3631 1325 τούτῳ

2060 1336 2421 1391 συναπέκλινε
2440 1339 2501 1391 τὸ
2528 1340 2778 1409 πλησίον,
2824 1340 2950 1410 ἑξῆς
3002 1341 3060 1395 δὲ
3117 1340 3454 1409 σύμπαντες.
3520 1343 3631 1395 Καὶ

2057 1426 2203 1497 δεινή
2238 1442 2322 1491 τις
2350 1424 2445 1479 καὶ
2481 1427 2837 1499 ἀνεπίσχετος
2885 1431 3000 1491 τοῖς
3072 1427 3375 1498 Ἀρμενίοις
3427 1430 3628 1498 ἐπέσχε

2058 1519 2257 1590 τροπὴ,
2317 1521 2414 1573 καὶ
2458 1521 2599 1574 κατὰ
2638 1520 2796 1589 λόγον
2840 1521 2874 1591 ἡ
2926 1519 3037 1573 τῶν
3090 1519 3395 1591 ἀνθρώπων
3444 1520 3630 1573 εἵπετο

2062 1606 2258 1681 φθορά.
2284 1611 2562 1683 Τιγράνης
2589 1610 2645 1663 δὲ
2674 1612 2735 1663 τὸ
2788 1611 3027 1682 διάδημα
3055 1611 3151 1666 καὶ
3209 1611 3277 1665 τὰ
3317 1611 3629 1679 παράσημα

2061 1703 2159 1773 τῆς
2187 1704 2361 1773 ἀρχῆς
2386 1702 2592 1765 ἐπιθεὶς
2622 1702 2699 1772 τῷ
2731 1702 2882 1755 παιδὶ
2913 1702 3049 1773 πρός
3081 1721 3135 1755 τι
3180 1702 3287 1755 τῶν
3339 1702 3629 1774 ἐρυμάτων

379 1810 487 1860 tus.
515 1800 719 1869 majore
742 1809 939 1854 conatu
989 1801 1042 1855 in
1092 1802 1432 1857 obsidionem
1471 1802 1751 1857 incumbit.
1824 1801 1957 1855 Tum

2068 1793 2361 1862 διαφεύγει.
2405 1794 2463 1846 ’0
2510 1793 2567 1846 δὲ
2599 1793 2900 1857 Λεύκολλος
2949 1795 3041 1847 ἐπὶ
3092 1793 3159 1846 τὰ
3212 1793 3629 1864 Τιγρανόκερτα

380 1889 705 1945 Mithridatis
738 1892 789 1944 in
825 1893 958 1946 urbe
990 1893 1168 1962 legati.
1200 1895 1479 1964 desperata
1507 1908 1689 1948 rerum
1718 1909 1955 1959 summa,

381 1980 600 2037 Lucullo
629 1996 689 2035 se
712 1983 985 2047 dedidere,
1019 1983 1247 2038 salutem
1288 1984 1453 2053 pacti.

2056 1886 2405 1958 ἀναστρέψας
2458 1885 2873 1958 προθυμότερον
2925 1885 3251 1955 ἐπολιόρκει.
3279 1884 3343 1935 υἱ
3389 1883 3447 1937 δὲ
3488 1886 3630 1936 κατὰ

2053 1982 2153 2051 τὴν
2198 1979 2353 2033 πόλιν
2413 1977 2743 2048 Μιθριδάτου
2801 1979 3136 2049 στρατηγοὶ,
3179 1976 3288 2030 τῶν
3330 1977 3465 2029 ὅλων
3525 1978 3633 2029 άπ-

2055 2072 2376 2137 εγνωκότες,
2396 2071 2489 2123 ἐπὶ
2511 2070 2578 2142 τῇ
2614 2070 2854 2142 σφετέρᾳ
2884 2068 3130 2142 σωτηρίᾳ
3175 2068 3460 2138 Λευκόλλῳ
3482 2085 3629 2136 παρ-

2055 2161 2243 2214 έδοσαν
2271 2161 2371 2232 τὴν
2405 2161 2578 2214 πόλιν.

874 2272 1003 2328 CAP.
1041 2271 1155 2329 LX.
1179 2305 1251 2315 --
1275 2271 1516 2342 Tigranis
1550 2289 1670 2326 cum
1701 2272 1979 2331 Hii/ridete
2005 2288 2142 2341 acta,
2192 2287 2240 2330 et
2268 2276 2460 2346 legatio
2506 2278 2576 2329 ad
2628 2291 2797 2345 regem
2832 2275 3165 2330 Part/torum.

450 2388 783 2442 Mithridates
827 2400 1006 2442 autem
1044 2388 1110 2440 ad
1144 2386 1435 2457 Tigranem
1489 2402 1762 2449 reversus,
1822 2387 1965 2441 fidu-

379 2484 518 2535 ciam
556 2482 604 2535 ei
667 2481 837 2544 addit,
889 2490 943 2533 et
981 2489 1226 2533 ornatum
1290 2480 1515 2549 regium,
1577 2493 1792 2535 assueto
1855 2498 1962 2536 non

380 2575 644 2635 viliorem,
672 2574 998 2626 circumdat.
1024 2571 1314 2626 Exercitus
1338 2574 1502 2625 etiam
1528 2573 1811 2644 colligendi
1841 2591 1964 2644 pro-

381 2664 530 2732 ponit
556 2664 839 2718 consilium
885 2662 1025 2732 (cum
1058 2673 1111 2716 et
1150 2666 1265 2733 ipse
1310 2679 1532 2718 manum
1565 2680 1668 2719 non
1713 2675 1960 2720 eontem-

383 2757 611 2811 nendam
637 2754 901 2821 haberet),
927 2763 981 2808 ut
1014 2753 1252 2808 victoria:
1282 2753 1477 2808 damna
1505 2754 1644 2808 bello
1675 2770 1958 2826 recupera-

385 2858 523 2901 turn.
568 2847 763 2901 Verum
792 2846 878 2899 hic
908 2845 1032 2897 dum
1059 2845 1179 2913 plus
1208 2846 1427 2899 virtutis
1459 2856 1514 2899 et
1542 2846 1839 2916 prudentia:
1871 2847 1943 2901 illi

388 2940 599 3004 tribuit,
631 2950 685 2992 et
712 2940 882 3007 magis
908 2936 1271 2990 Romanorum
1301 2937 1457 2991 bellis
1514 2936 1765 2990 idoneum
1812 2939 1960 2992 arbi-

387 3042 584 3097 tratur,
627 3030 808 3085 omnia
867 3028 1161 3082 Mithridati
1224 3027 1509 3098 permittit.
1571 3029 1685 3099 Ipse
1743 3029 1959 3083 interim

387 3123 650 3193 legatione
668 3123 734 3175 ad
772 3120 1096 3176 Phradatem
1136 3121 1396 3176 Parthum
1425 3122 1611 3186 missi,
1655 3118 1960 3190 Mesopota-

2146 2391 2204 2444 Ὀ
2245 2392 2428 2462 μέντοι
2471 2392 2806 2464 Μιθριδάτης
2832 2392 2969 2462 πρὸς
3014 2390 3292 2461 Τιγράνην
3326 2407 3639 2463 παραγεγο-

2063 2481 2170 2546 νὼς
2220 2483 2563 2554 ἀνελάμϐανέ
2610 2501 2671 2535 τε
2714 2485 2898 2546 αὑτὸν,
2947 2482 3043 2536 καὶ
3092 2481 3376 2553 βασιλικὴν
3429 2483 3636 2552 ἐσθῆτα

2062 2568 2359 2645 περιετίθει
2387 2576 2488 2646 τῆς
2512 2576 2776 2646 συνήθους
2796 2577 2897 2629 οὐκ
2921 2575 3343 2644 ἐλαττουμένην,
3379 2575 3473 2628 καὶ
3504 2573 3636 2626 λαὸν

2061 2666 2336 2736 ἁθροίζειν
2366 2668 2769 2730 συνεϐούλευεν,
2801 2668 2940 2739 ἔχων
2964 2668 3058 2720 καὶ
3090 2665 3252 2729 αὐτὸς
3281 2664 3512 2736 δύναμιν
3537 2667 3639 2718 οὐκ

2059 2759 2271 2830 ὀλίγην,
2318 2760 2392 2823 ὡς
2422 2760 2583 2813 πάλιν
2627 2760 3081 2831 ἀναμαχούμενον
3122 2758 3222 2830 τὴν
3258 2758 3436 2827 νίκην.
3476 2753 3538 2810 '0
3581 2756 3642 2808 δὲ

2060 2852 2238 2904 πάντα
2266 2849 2392 2921 [595
2425 2848 2519 2921 [1.]
2559 2850 2635 2921 τῷ
2681 2850 2993 2922 Μιθριδάτῃ
3038 2850 3337 2922 ἐπέτρεπεν
3361 2847 3430 2911 ⁸⁷,
3475 2846 3536 2900 ἐν
3577 2864 3638 2898 τε

2059 2942 2138 3012 τῷ
2170 2944 2400 3013 γενναίῳ
2443 2945 2538 2996 καὶ
2580 2943 2786 3014 συνετῷ
2830 2942 2892 2996 τὸ
2937 2942 3097 2996 πλέον
3134 2943 3313 3011 νέμων
3358 2938 3508 3006 αύτῷ
3541 2939 3640 2992 καὶ

2064 3036 2262 3106 μᾶλλον
2293 3036 2505 3106 ἀνέχειν
2534 3038 2613 3099 εἰς
2642 3037 2732 3090 τὸν
2784 3037 2922 3108 πρὸς
2963 3034 3267 3106 Ῥωμαίους
3290 3032 3527 3101 πόλεμον
3549 3029 3642 3084 δυ-

2061 3128 2313 3198 νάμενον.
2347 3128 2514 3190 Αὐτὸς
2555 3128 2614 3180 δὲ
2662 3127 2798 3198 πρὸς
2841 3127 2932 3179 τὸν
2972 3126 3190 3198 Πάρθον
3237 3123 3522 3197 Φραδάτην
3562 3122 3642 3175 δι·-

390 3215 551 3268 miam
581 3224 636 3268 et
664 3214 998 3279 Adiabenum,
1050 3221 1105 3268 et
1154 3229 1377 3284 magnas
1424 3213 1595 3284 (quas
1649 3212 1958 3283 nominant)

2068 3219 2431 3292 επρεσϐεύετο
2477 3221 2828 3292 παραχωρεῖν
2878 3218 3026 3289 αὐτῷ
3065 3217 3163 3288 τὴν
3212 3214 3643 3285 Μεσοποταμίαν

388 3306 557 3359 valles
588 3305 782 3360 ditioui
829 3321 941 3360 sua:
973 3315 1032 3358 ut
1080 3306 1359 3376 permittat
1417 3306 1678 3375 exposcit.
1727 3304 1970 3373 Cumque

388 3403 549 3456 etiam
579 3398 785 3455 Luculli
813 3400 878 3453 ad
910 3398 1164 3453 Parthum
1201 3396 1358 3467 legati
1383 3397 1678 3462 venissent,
1710 3396 1972 3451 Romanis

391 3509 632 3548 seorsum
662 3493 894 3548 amicum
918 3502 971 3545 et
1001 3492 1204 3546 socium
1255 3505 1313 3545 se
1342 3504 1467 3544 esse
1512 3489 1683 3560 lingit,
1723 3503 1967 3544 seorsum

389 3588 550 3641 etiam
578 3588 763 3641 eadem
794 3586 860 3638 ad
891 3584 1216 3637 Armenium
1250 3583 1487 3637 simulat.

2065 3313 2161 3365 καὶ
2203 3312 2301 3383 τὴν
2362 3311 2682 3382 Ἀδιαϐηνὴν
2730 3311 2825 3364 καὶ
2871 3309 3000 3372 τοὺς
3056 3308 3324 3380 μεγάλους
3368 3306 3641 3368 αὐλῶνας.

2076 3402 2447 3473 ’Λφικομένων
2469 3402 2527 3456 δέ
2559 3403 2691 3473 πρὸς
2730 3401 2823 3454 τὸν
2860 3401 3074 3472 Πάρθον
3103 3401 3198 3453 καὶ
3225 3398 3375 3470 παρὰ
3404 3397 3643 3451 Λευκόλ-

2064 3496 2161 3549 λου
2209 3496 2492 3565 πρέσϐεων
2534 3496 2649 3557 τοῖς
2692 3494 2789 3565 μὲν
2838 3494 3135 3564 Ῥωμαίοις
3172 3492 3279 3565 ἰδίᾳ
3325 3491 3477 3561 φίλος
3504 3486 3646 3543 εἶναι

2074 3588 2403 3658 ὑπεκρίνατο
2442 3586 2539 3640 καὶ
2585 3586 2873 3657 σύμμαχος
2895 3626 2909 3650 ,
2950 3586 3056 3658 ἰδίᾳ
3086 3586 3154 3652 λδέ
3190 3584 3261 3639 τὰ
3294 3583 3434 3639 αὐτὰ
3471 3586 3568 3640 καὶ
3594 3582 3644 3616 ⁸⁸

2077 3679 2214 3751 πρὸς
2241 3680 2367 3743 τοὺς
2406 3678 2722 3749 Ἀρμενίους
2745 3677 3024 3730 διετίθετο.

830 3796 957 3851 CAP.
991 3797 1122 3852 LXI.
1151 3826 1221 3836 —
1257 3798 1445 3851 Odium
1480 3798 1655 3853 Itonia:
1691 3800 1743 3851 in
1769 3798 1997 3862 Cottam,
2025 3807 2091 3855 et.
2111 3794 2270 3854 actio,
2292 3801 2570 3847 accusante
2602 3787 2975 3843 Tltrausimede
3008 3786 3221 3842 Heracl.

461 3910 669 3965 Interea
695 3910 926 3964 Romam
979 3911 1141 3966 Cotta
1175 3929 1446 3979 reversus,
1485 3918 1691 3971 honore
1719 3932 1747 3970 a
1776 3925 1964 3971 senatu

393 4002 640 4063 abicitur,
671 4010 724 4054 et
768 4001 974 4057 Pontici
1027 4015 1402 4073 cognomento,
1458 4010 1600 4077 quod
1652 4008 1967 4063 Heracleam

393 4095 648 4163 cepisset,
688 4094 1019 4150 nobilitatur.
1050 4099 1118 4151 At
1152 4098 1237 4151 ubi
1264 4100 1485 4155 sinistra
1520 4100 1635 4169 ejus
1666 4102 1805 4154 fama
1854 4099 1964 4153 Ro-

396 4202 536 4238 mam
571 4186 837 4256 pervenit,
889 4186 939 4240 in
974 4188 1187 4257 publico
1240 4200 1361 4244 erat
1410 4192 1554 4256 odio,
1607 4192 1972 4260 invidiamth

399 4287 555 4329 tanta:
582 4276 631 4329 ei
655 4290 785 4344 opes
815 4276 1172 4347 adaugebaul.
1225 4278 1394 4350 Cujus
1446 4280 1773 4336 declinanda:
1805 4296 1968 4336 causa

397 4366 652 4433 pleraque
685 4366 740 4420 in
784 4365 1037 4419 aerariqu
1093 4367 1261 4435 Spolia
1297 4367 1497 4432 retulit,
1535 4367 1744 4421 tametsi
1797 4366 1969 4420 nihilo

399 4458 638 4513 mitiores
661 4459 715 4512 in
739 4473 798 4514 se
832 4456 1107 4514 Romanos
1149 4460 1250 4515 hoc
1277 4460 1528 4526 eﬂiceret,
1557 4461 1679 4513 dum
1719 4475 1750 4514 e
1792 4460 1962 4528 pluri-

398 4550 500 4604 mis
520 4566 643 4604 eutn
676 4565 849 4620 pauca
892 4552 1092 4605 referre
1115 4566 1433 4621 persuasum
1470 4551 1747 4605 haberent.
1789 4548 1967 4618 Capti-

397 4658 491 4696 vos
527 4644 688 4697 etiam
755 4642 1032 4698 Heracleae
1105 4645 1285 4699 statim
1343 4643 1690 4697 dimittendos
1748 4642 1966 4696 decreto

2150 3912 2208 3965 Ὀ
2240 3910 2296 3963 δὲ
2325 3909 2392 3980 δὴ
2417 3909 2648 3972 Κόττας,
2677 3907 2753 3970 ὡς
2788 3908 2870 3971 είς
2894 3907 2992 3978 τὴν
3031 3907 3251 3977 Ῥώμην
3275 3905 3527 3976 ἀφίκετο,
3563 3924 3645 3960 τι-

2072 4003 2177 4073 μῆς
2208 4000 2359 4070 παρὰ
2397 4001 2498 4070 τῆς
2532 3998 2836 4069 συγκλήτου
2881 3997 3142 4067 τυγχάνει
3183 3998 3443 4060 Ποντικὸς
3486 3998 3648 4051 αύτο-

2069 4097 2291 4167 κράτωρ
2332 4090 2616 4146 καλεῖσθαι
2638 4131 2653 4156 ,
2683 4091 2767 4143 ὅτι
2801 4089 2911 4143 ἕλοι
2938 4089 3039 4161 τὴν
3077 4088 3429 4159 Ἡράκλειαν.
3455 4090 3648 4142 Διαϐοο
3751 4134 3764 4144 ,

2068 4190 2164 4259 λῆς
2205 4188 2263 4240 δέ
2307 4188 2387 4249 είς
2426 4183 2525 4255 τὴν
2584 4183 2804 4255 Ῥώμην
2852 4182 3258 4253 ἀφικνουμένης
3303 4182 3380 4246 ὡς
3426 4183 3650 4236 οἰκείων

2069 4278 2278 4351 κερδῶν
2315 4277 2477 4333 ἓνεκα
2510 4274 2846 4347 τηλικαύτην
2887 4274 3042 4329 πόλιν
3075 4274 3455 4343 ἐξαφανίσειε,
3489 4276 3647 4345 μῖσὸ;

2069 4389 2130 4424 τε
2178 4371 2437 4442 δημόσιον
2474 4365 2785 4438 ἐλάμϐανε,
2832 4367 2925 4420 καὶ
2964 4368 2993 4419 ό
3024 4365 3157 4437 περὶ
3190 4365 3353 4420 αὐτὸν
3393 4365 3648 4428 τοσοῦτος

2075 4462 2304 4524 πλοῦτος
2333 4459 2528 4529 φθόνον
2556 4459 2815 4513 ἀνεκίνει.
2870 4458 2962 4511 Διὸ
3004 4458 3097 4511 καὶ
3130 4457 3300 4512 πολλὰ
3330 4456 3443 4511 τῶν
3471 4457 3649 4526 λαφύο

2080 4570 2187 4624 ρων
2209 4554 2287 4615 εἰς
2310 4551 2370 4604 τὸ
2393 4550 2502 4604 τῶν
2535 4548 2821 4619 Ῥωμαίων
2847 4549 3156 4620 είσεκόμιζε
3180 4551 3430 4619 ταμιεῖον
3451 4548 3523 4615 ⁸³,
3554 4549 3648 4601 τὸν

2076 4645 2169 4697 ἐπὶ
2193 4644 2271 4713 τῷ
2291 4642 2505 4711 πλούτῳ
2528 4641 2720 4710 φθόνον
2738 4639 3041 4711 ἐκκρούων,
3067 4642 3115 4692 εί
3138 4640 3231 4693 καὶ
3257 4640 3422 4709 μηδὲν
3448 4640 3646 4702 αὐτοὺς

399 4733 611 4802 publico
637 4733 932 4789 sciverunt.
960 4734 1361 4804 Thrasyinedes
1388 4734 1625 4802 insuper,
1660 4733 1962 4790 lleraclien-

2078 4711 2410 4803 πραοτέρους
2443 4731 2811 4802 ἀπειργάζετο
2830 4771 2845 4797 ,
2889 4731 2998 4784 ἀπὸ
3024 4730 3237 4784 πολλῶν
3262 4730 3421 4800 ὀλίγα
3458 4732 3648 4802 νέμειν

401 4825 539 4876 sium
583 4840 741 4888 unus,
770 4840 863 4892 pro
897 4827 1156 4879 concione
1178 4825 1390 4878 Cottam
1416 4825 1624 4891 ptililice
1657 4834 1896 4887 accusat,
1917 4831 1970 4879 et

402 4913 638 4965 civitatis
667 4927 780 4966 Sute
813 4928 939 4984 erga
968 4912 1241 4967 Romanas
1263 4911 1688 4967 benevolentiam
1734 4926 1972 4966 comme—

408 5013 583 5057 tnorat
614 5021 629 5059 :
664 5017 740 5069 et,
770 5005 970 5076 siquid
998 5009 1066 5058 ab
1096 5007 1199 5059 hac
1238 5006 1564 5067 remiserint,
1607 5021 1709 5058 non
1740 5005 1974 5059 civitatis

402 5094 709 5163 voluntate,
736 5098 829 5152 sed
873 5097 1283 5164 magistratuum
1320 5096 1509 5150 fraude
1534 5106 1588 5148 et
1638 5095 1975 5148 adversario-

406 5203 524 5240 rum
552 5188 603 5241 vi
660 5186 859 5241 factum
895 5203 1036 5243 esse.
1072 5187 1363 5241 Miserabili
1413 5189 1574 5241 etiam
1635 5184 1855 5254 querela
1904 5176 1974 5239 ob

405 5279 590 5335 oculos
648 5284 800 5349 ponit
864 5281 1013 5335 urbis
1072 5280 1579 5341 inflammationem,
1633 5290 1868 5346 quotque
1920 5287 1976 5330 et

407 5380 605 5439 quanta
639 5371 944 5427 incendium
991 5372 1271 5438 evastarit,
1300 5382 1463 5441 utque
1493 5368 1778 5424 simulacra
1814 5369 1969 5423 C0tta

2068 4824 2549 4894 ὑπολαμϐάνοντας
2570 4824 2639 4878 ⁹⁰.
2685 4823 3053 4893 Ἐψηφίσαντο
3082 4823 3140 4876 δὲ
3171 4823 3371 4877 αὐτίκα
3401 4826 3495 4876 καὶ
3520 4824 3650 4888 τοὺς

2069 4915 2447 4986 αἰχμαλώτους
2470 4916 2570 4986 τῆς
2606 4914 2935 4984 Ἡρακλείας
2978 4914 3258 4983 ἀφίεσθαι.
3283 4914 3651 4985 Θρασυμήδης

2070 5006 2127 5059 δὲ
2149 5006 2256 5058 τῶν
2282 5004 2342 5070 ἐξ
2373 5004 2701 5077 Ἡρακλείας
2724 5004 2805 5071 εἷς
2830 5006 3210 5077 κατηγόρησεν
3240 5007 3325 5058 ἐπ’
3352 5005 3651 5075 ἐκκλησίας

2073 5098 2165 5151 τοῦ
2194 5098 2374 5151 Κόττα
2396 5137 2414 5164 ,
2444 5099 2542 5161 τάς
2571 5115 2631 5151 τε
2674 5098 2774 5173 τῆς
2822 5100 3031 5162 πόλεως
3072 5098 3465 5168 εἰσηγούμενος
3512 5097 3652 5168 πρὸς

2092 5188 2395 5260 Ῥωμαίους
2426 5188 2657 5259 εὐνοίας,
2700 5187 2951 5264 [75684
2976 5192 3071 5245 καὶ
3104 5191 3159 5244 εί
3183 5208 3237 5243 τι
3264 5189 3471 5260 ταύτης
3507 5190 3650 5242 ἁπο-

2079 5280 2332 5348 κλίνοιεν,
2361 5282 2482 5352 οὐχὶ
2508 5281 2705 5358 γνώμῃ
2723 5284 2825 5355 τῆς
2848 5285 3055 5349 πόλεως
3086 5283 3242 5339 τοῦτο
3270 5284 3425 5355 δρᾷν,
3471 5281 3588 5336 ἀλλ’
3612 5282 3653 5352 ἧ,

2078 5390 2221 5436 τινος
2236 5374 2347 5426 τῶν
2367 5375 2744 5444 ἐφεστηκότων
2758 5378 2868 5439 τοῖς
2887 5375 3204 5448 πράγμασιν
3225 5375 3471 5446 ἐξαπάτῃ
3500 5372 3534 5443 ἢ
3555 5374 3649 5427 καὶ

1673 5478 1904 5535 ΫΛΒΙΑΞ
1935 5479 2333 5542 LECTIONES.

484 5573 531 5605 ⁸⁸
555 5573 1023 5650 ιὲξαιρησόμενοςς
1052 5604 1117 5650 -ς
1144 5572 1528 5650 ἀμυνούμενος
1586 5587 1730 5650 corr.
1763 5574 1802 5623 Α
1854 5588 1868 5625 :
1905 5571 2337 5648 ἐξαιρησάμενος
2370 5608 2434 5621 -—
2465 5578 2803 5650 ἀμυνόμενος
2850 5595 2911 5643 ς.

410 5639 458 5674 ⁸⁸
485 5644 576 5698 καὶ
595 5639 704 5699 oin:
729 5639 795 5699 Ᾱ.
831 5639 843 5647 ’
869 5643 916 5680 ⁸⁸)
937 5647 1159 5699 ταμεῖον
1186 5639 1247 5703 ξ’.
1323 5639 1373 5678 9‘
1410 5642 1882 5699 ὑπολαμϐάνοντες
1910 5659 1973 5695 ς’.

3021 5578 3065 5613 ⁸⁷
3111 5578 3419 5650 ὑπέτρεπεν
3456 5594 3539 5650 pr.
3579 5575 3638 5630 A.
