3972 6248
333 279 435 345 937

1392 292 1915 356 BIBLIOTHECA.
1953 321 2024 332 -
2060 296 2218 358 COD.
2259 296 2554 357 CCXXIV.

3479 299 3583 363 938

334 398 422 469 βία
458 396 569 450 τῶν
596 396 1009 475 ἐπιτιθεμένων.
1051 401 1416 472 Ἀπῳκτίζετο
1437 403 1500 457 δὲ
1523 405 1613 458 τόν
1638 423 1696 459 τε
1721 407 1764 438 ⁹¹
1797 407 1897 476 τῆς

2013 407 2271 463 lestructa
2305 407 2539 474 praedam
2568 404 2670 461 sibi
2700 405 2908 472 fecerit,
2931 414 2986 460 et
3021 405 3162 462 aedes
3185 419 3370 464 sacras
3392 410 3577 465 dirue-

335 487 538 550 πόλεως
567 477 921 562 ἐμπρησμὸν,
956 493 1050 545 καὶ
1073 494 1171 547 ὅσα
1199 495 1259 546 τὸ
1291 493 1403 564 πῦρ
1435 497 1710 565 ἁφανίσοι,
1751 499 1899 562 ὅπως

328 596 388 632 τε
413 579 482 633 τὰ
504 580 796 652 ἀγάλματα
820 583 1035 648 Κόττας
1066 585 1296 657 καθῄρει
1327 589 1420 640 καὶ
1448 587 1600 645 λείαν
1623 590 1860 642 ἐποιεῖτο
1884 628 1902 652 ,

329 672 454 737 τούς
486 691 547 727 τε
593 677 753 742 ναοὺς
783 677 1032 731 κατέσπα
1051 717 1067 743 ,
1099 679 1194 732 καὶ
1219 679 1318 733 ὅσα
1349 681 1484 735 ἄλλα
1511 681 1579 734 δι’
1623 681 1905 752 ὠμότητος

330 762 504 817 ἐλθὼν
547 767 890 838 ἐπεπράγει,
919 769 1013 821 τόν
1051 787 1112 823 τε
1155 772 1354 841 χρυσὸν
1394 775 1489 825 καὶ
1531 773 1621 825 τὸν
1668 772 1906 844 ἄργυρον

329 858 428 926 τῆς
457 859 664 923 πόλεως
693 860 1025 931 ἀναγράφων
1052 863 1443 934 ἀναρίθμητον,
1495 864 1589 920 καὶ
1615 864 1716 935 τὴν
1738 865 1906 934 ἄλλην

328 951 428 1019 τῆς
451 952 780 1023 Ἡρακλείας
794 954 861 1024 ἢν
877 955 1265 1025 ἐσφετερίσατο
1285 957 1651 1025 εὐδαιμονίαν.
1673 956 1907 1010 Τοιαῦτα

327 1042 423 1095 τοῦ
466 1042 861 1115 Θρασυμήδους
895 1047 1016 1114 μετ’
1042 1047 1290 1116 οἰμωγῆς
1323 1048 1418 1102 καὶ
1447 1049 1697 1116 δακρύων
1725 1048 1904 1119 διελη-

327 1133 549 1196 λυθότος
570 1174 584 1198 ,
616 1135 712 1187 καὶ
735 1135 846 1189 τῶν
872 1137 1156 1207 ἡγεμόνων
1179 1137 1616 1192 ἐπικλασθέντων
1635 1139 1715 1209 τῷ
1743 1139 1904 1194 πάθει

328 1225 456 1296 (καὶ
486 1227 595 1298 γὰρ
637 1228 883 1299 παρῆλθε
915 1232 1098 1283 καὶτὸ
1134 1230 1244 1283 τῶν
1282 1231 1642 1302 αἰχμαλώτων
1667 1233 1869 1302 πλῆθος
1889 1271 1905 1296 ,

326 1317 518 1388 ἄνδρες
543 1319 678 1388 ὁμοῦ
709 1324 800 1372 καὶ
821 1323 1080 1388 γυναῖκες
1106 1321 1246 1389 μετὰ
1267 1323 1492 1388 τέκνων,
1527 1324 1584 1376 ἐν
1613 1323 1904 1393 πενθίμοις

327 1413 587 1485 ἐσθήσεσι
619 1414 849 1479 θαλλοὺς
904 1416 1145 1480 ἱκεσίους
1195 1419 1311 1486 μετ’
1337 1418 1660 1489 ὀλοφυρμῶν
1693 1418 1911 1490 προτεί-

324 1508 544 1576 νοντες)
589 1508 1000 1580 ἀντιπαρελθὼν
1033 1511 1060 1561 ό
1094 1510 1306 1573 Κόττας
1351 1510 1557 1582 βραχέα
1600 1514 1666 1579 τῇ
1695 1511 1908 1581 πατρίῳ

2003 498 2094 560 rit,
2123 507 2178 553 et
2215 507 2466 554 sexcenta
2496 497 2600 552 alia
2619 496 3044 552 crudelissimum
3089 502 3141 552 in
3188 500 3407 556 modum
3453 515 3582 571 per-

2003 593 2194 661 egerit.
2257 591 2338 645 Ad
2391 591 2506 646 haec
2569 591 2687 646 auri
2739 599 2794 644 et
2850 591 3056 662 argenti
3109 591 3380 648 inﬁnitum
3415 608 3584 664 prope

2005 699 2310 750 numerum,
2351 694 2708 754 czeteramque
2743 684 2892 739 urbis
2941 683 3280 750 felicitatem,
3307 702 3469 756 quam
3520 689 3574 743 in

2004 791 2158 832 suum
2191 779 2279 834 ille
2310 781 2648 835 commodum
2681 781 2976 846 averterit,
3027 782 3362 837 recensebat.
3421 781 3518 838 His
3546 797 3579 837 a

2005 868 2390 942 Thrasymede,
2449 886 2570 925 cum
2618 870 2868 926 lamentis
2913 881 2968 926 et
3006 870 3153 939 ﬂetu,
3186 887 3581 928 commemora-

2009 964 2099 1027 tis,
2135 971 2190 1016 et
2228 963 2577 1030 optimatibus
2617 961 2982 1017 Romanorum
3032 965 3098 1017 ad
3149 965 3581 1020 commiseratio-

2009 1068 2130 1107 nem
2162 1068 2324 1108 casus
2373 1054 2514 1108 illius
2557 1054 2764 1109 inﬂexis
2816 1054 3150 1126 (accesserat
3189 1055 3385 1128 239i:
3433 1058 3579 1112 enim

2012 1144 2349 1213 captivorum
2381 1158 2596 1212 quoque
2618 1144 2921 1208 multitudo,
2956 1145 3055 1197 viri
3087 1155 3140 1198 et
3169 1157 3430 1200 matronae
3452 1160 3578 1203 cum

2010 1235 2217 1301 liberis,
2244 1235 2560 1305 lugubribus
2600 1236 2930 1289 vestimentis
2957 1237 3160 1302 amicti,
3188 1246 3242 1291 et
3266 1238 3580 1306 deprecato-

2008 1327 2140 1390 rios,
2176 1342 2295 1381 cum
2328 1325 2550 1394 eiulatu,
2591 1342 2700 1396 prae
2726 1342 2784 1380 se
2834 1328 3111 1382 tendentes
3171 1329 3302 1382 oleae
3333 1343 3508 1382 ramos
3530 1327 3574 1397 ).

2011 1431 2330 1486 progressus
2387 1427 2575 1472 contra
2625 1418 2678 1472 in
2743 1421 2978 1473 medium
3033 1420 3208 1485 Cotta,
3277 1421 3364 1474 ubi
3409 1435 3578 1490 pauca

2014 1509 2188 1578 lingua
2226 1510 2397 1578 patria
2453 1510 2820 1573 disseruisset,
2875 1512 3074 1565 resedit
3126 1529 3139 1565 :
3192 1519 3246 1566 et
3284 1526 3581 1581 exsurgens

323 1597 572 1669 διελέχθη
605 1601 650 1630 θ’
701 1597 954 1670 γλώττῃ,
1008 1597 1127 1654 εἶτα
1171 1601 1462 1674 ἐκαθέσθη.
1511 1604 1620 1656 Καὶ
1672 1603 1906 1673 Κάρϐων

2013 1597 2232 1653 Carbo:
2267 1597 2402 1662 Nos,
2457 1599 2653 1668 inquit,
2705 1599 2882 1663 Cotta,
2931 1601 3238 1669 capiendam
3300 1601 3414 1666 tibi,
3477 1617 3581 1655 non

326 1691 586 1757 ἀλαστὰς,
622 1690 840 1760 Ἡμεῖς,
867 1687 914 1745 ὦ
942 1694 1153 1756 Κόττα,
1187 1693 1341 1764 φησὶ,
1377 1697 1558 1749 πόλιν
1585 1695 1749 1748 ἑλεῖν
1774 1695 1906 1749 ἀλλ’

2014 1692 2437 1755 exscindendam,
2473 1692 2651 1745 urbem
2710 1693 3139 1747 demandavimus
3169 1710 3188 1751 :
3221 1703 3272 1748 et
3303 1704 3425 1763 post
3456 1709 3581 1748 eum

324 1781 460 1850 οὐχὶ
503 1753 1344 1854 καθελεῖντέπετρέῄοαρεοίηλ
1372 1786 1491 1857 μετ’
1533 1788 1694 1839 αὐτὸν
1727 1788 1784 1840 δέ
1815 1787 1906 1838 καὶ

2014 1783 2105 1836 alii
2131 1782 2397 1837 consimili
2428 1783 2480 1836 in
2511 1782 2722 1840 Cottam
2769 1785 3149 1840 criminatione
3195 1795 3321 1840 sunt
3358 1785 3578 1840 invecti.

325 1872 477 1926 ἄλλοι
519 1875 719 1944 ὁμοίως
767 1875 978 1930 Κότταν
1026 1878 1339 1947 ᾐτιάσαντο.
1399 1878 1620 1941 Πολλοῖς
1671 1879 1770 1949 μὲν
1815 1874 1906 1931 οὖν

2016 1873 2192 1927 Multis
2229 1874 2389 1944 igitur
2414 1873 2606 1928 exsilio
2630 1875 2820 1943 dignus
2869 1876 3168 1930 videbatur.
3215 1875 3582 1930 Moderatinne

324 1964 477 2028 ἄξιος
498 1968 527 2019 ό
570 1967 785 2029 Κόττας
819 1968 992 2022 ἐδόκει
1023 1971 1220 2039 φυγῆςο
1269 1971 1661 2041 μετριάσαντες
1689 1971 1733 2022 δ’
1759 1971 1906 2038 ὅμως

2020 1975 2196 2019 tamen
2229 1966 2488 2029 adhibita,
2543 1967 2709 2020 latum
2751 1968 2799 2021 ei
2835 1968 3046 2022 clavum
3094 1971 3372 2040 abrogant.
3415 1969 3584 2023 Hera-

322 2056 744 2127 ἀπεψηφίσαντο
768 2060 868 2130 τὴν
895 2061 1141 2130 πλατύση
1152 2078 1250 2125 μον
1271 2061 1460 2116 αὐτοῦ.
1500 2060 1906 2132 Ἡρακλεώταις

2013 2054 2311 2108 cleensibus
2335 2069 2464 2108 vero
2500 2070 2685 2126 agrum
2720 2064 2775 2111 et
2811 2071 2957 2111 mare
2983 2066 3038 2112 ut
3057 2067 3244 2126 portus
3270 2059 3579 2122 restituunt,

321 2148 383 2201 δὲ
407 2151 507 2220 τήν
539 2167 598 2202 τε
624 2149 808 2220 χώραν
840 2151 933 2204 καὶ
976 2150 1074 2222 τὴν
1099 2152 1375 2206 θάλασσαν
1406 2153 1502 2206 καὶ
1530 2153 1656 2215 τοὺς
1684 2152 1906 2224 λιμένας

2015 2147 2295 2214 rogatione
2323 2147 2552 2218 perlata,
2595 2155 2654 2201 ut
2683 2162 2844 2203 nemo
2877 2149 3068 2204 horum
3104 2150 3352 2205 servituti
3386 2149 3458 2204 sit
3489 2149 3583 2203 ad-

321 2241 796 2310 ἀποκατέστησαν,
821 2244 913 2296 καὶ
939 2243 1145 2313 μηδένα
1166 2243 1440 2297 δουλεύειν
1466 2244 1646 2314 ψῆφον
1674 2243 1880 2296 ἐθεντο.
2010 2241 2203 2292 dictus.

563 2354 691 2410 Car.
733 2354 886 2410 LXII.
923 2356 964 2409 Τ
967 2357 1292 2427 hrasymedis
1323 2366 1371 2412 et
1402 2357 1730 2428 Brithagoraa
1754 2355 1985 2410 studium
2023 2353 2161 2404 circa
2186 2351 2622 2406 instaurationem
2649 2351 2918 2407 Heraclea
2948 2362 2998 2408 et
3036 2353 3342 2409 libertatem.

395 2473 586 2529 Ταῦτα
611 2472 1005 2546 Θρασυμήδους
1029 2475 1474 2547 διαπραξαμένου
1493 2518 1508 2541 ,
1540 2476 1634 2530 ἐπὶ
1671 2475 1769 2547 τὴν
1800 2493 1906 2528 πα-

322 2567 482 2638 τρίδα
522 2567 620 2636 μὲν
649 2566 776 2630 τοὺς
807 2567 1037 2631 πολλοὺς
1083 2568 1416 2639 ἐξέπεμψεν,
1458 2569 1621 2632 αὐτὸς
1662 2567 1718 2620 δὲ
1770 2567 1906 2637 μετὰ

328 2658 662 2728 Βριθαγόρου
688 2675 747 2710 τε
774 2659 868 2712 καὶ
894 2658 1175 2728 Προπύλου
1210 2661 1372 2731 (³παίς
1401 2661 1446 2714 δ’
1475 2655 1542 2731 ἦν
1569 2661 1598 2712 ὁ
1625 2659 1908 2730 Πρόπυλος

325 2749 706 2822 Βριθαγόρου)
737 2753 878 2806 κατὰ
911 2751 1040 2815 τοὺς
1066 2751 1193 2822 ἑξῆς
1215 2753 1490 2823 ἐπιμένων
1513 2752 1640 2824 [394
1664 2751 1755 2824 IL]
1783 2752 1908 2821 χρό-

325 2858 452 2905 νους
478 2844 546 2896 τὰ
586 2841 751 2896 λοιπὰ
771 2842 881 2896 τῶν
910 2844 1243 2910 ἐπειγόντων
1269 2844 1583 2898 καθίστατο.
1616 2843 1724 2897 Καί
1743 2861 1906 2896 τινων

326 2935 465 2987 ἐτῶν
492 2933 834 2988 ἁνυσθέντων
880 2935 1058 3006 τρισὶν
1087 2935 1413 3005 ἐπακτρίσιν
1456 2938 1536 2998 είς
1581 2935 1680 3005 τὴν
1740 2935 1906 3006 Ἡρά-

326 3029 519 3083 κλειαν
550 3028 882 3093 ἐπανάγεται
911 3027 978 3080 ⁸⁸.
1025 3028 1380 3097 Ἀφικόμενος
1416 3028 1473 3082 δέ
1501 3028 1680 3082 πάντα
1706 3026 1907 3098 τρόπον

327 3120 540 3173 ἐπενόει
573 3117 943 3183 ἀνοικίζεσθαι
971 3119 1016 3151 ’⁵
1063 3116 1163 3189 τὴν
1192 3117 1371 3183 πόλιν,
1402 3117 1654 3187 καθάπερ
1687 3118 1765 3179 είς
1797 3134 1904 3168 πα-

2083 2468 2182 2523 liis
2208 2484 2338 2540 ergo
2370 2470 2772 2540 Thrasymedes
2799 2473 3080 2536 confectis,
3117 2473 3322 2542 plebem
3372 2477 3584 2532 remisit

2015 2559 2066 2612 in
2109 2559 2336 2626 patriam
2371 2577 2384 2614 :
2416 2559 2530 2628 ipse
2557 2575 2684 2614 vero
2729 2577 2852 2616 cum
2893 2562 3208 2632 Brithagora
3240 2575 3295 2618 et
3330 2563 3579 2637 PrOpylo,

2014 2651 2348 2720 Brithagorze
2401 2652 2533 2712 tilio.
2603 2653 2669 2706 ad
2734 2663 2945 2725 tempus
3007 2656 3203 2710 dehinc
3253 2658 3580 2720 subsiSIens.

2003 2756 2122 2811 qua:
2147 2743 2336 2810 patrize
2375 2758 2504 2797 usus
2558 2745 2801 2814 exigeret
2841 2747 3256 2802 administravit.
3310 2748 3582 2804 Peractis-

2002 2849 2106 2904 que
2135 2835 2339 2904 aliquot
2363 2836 2542 2899 annis,
2581 2852 2701 2891 cum
2734 2838 2905 2893 tribus
2943 2841 3204 2894 onerariis
3254 2843 3479 2895 navibus
3527 2842 3580 2895 in

2001 2928 2230 2996 patriam
2287 2943 2586 2998 regressus,
2621 2945 2719 2984 ceu
2745 2931 2810 2983 ad
2847 2933 3071 2985 alterum
3120 2943 3425 2987 revocatam
3481 2949 3582 2987 na-

2015 3020 2172 3072 talem
2205 3021 2351 3074 omni
2383 3021 2562 3074 studio
2596 3009 2850 3089 reparare
2897 3024 3193 3078 contendit.
3229 3023 3421 3078 Verum
3453 3025 3581 3079 dum

2013 3111 2191 3164 omnia
2224 3113 2470 3175 molitur,
2509 3127 2596 3166 Vtx
2629 3121 2686 3166 ut
2714 3111 2854 3167 8000
2881 3114 3060 3170 vernis
3084 3117 3246 3168 etiam
3269 3132 3586 3172 annumera-

327 3211 676 3280 λιγγενεσίαν
717 3180 1179 3280 ἀνακαλούμενος.
1227 3180 1386 3264 Ἀλλόι
1427 3180 1906 3278 πάντα-πράττων

2015 3206 2103 3266 tis,
2129 3205 2530 3273 colligerentur,
2559 3204 2754 3260 eﬂecit.
2798 3207 3145 3277 Brithagoras
3189 3220 3387 3270 autem,
3445 3211 3582 3264 civi-

331 3303 486 3372 μόλις
525 3303 606 3366 είς
668 3301 1106 3371 ὀκτακισχιλίους
1129 3343 1144 3364 ,
1184 3301 1302 3372 ἅμα
1335 3305 1449 3366 τοῖς
1481 3304 1771 3364 οἰκετικοῖς
1803 3302 1909 3356 σώ-

331 3410 503 3462 μασι,
543 3392 872 3460 συλλεγῆναι
902 3391 1304 3462 κατεπράξατο.
1333 3391 1675 3463 Βριθαγόρας
1702 3391 1779 3455 δέ,
1805 3391 1906 3461 ἥδη

326 3485 430 3554 τῆς
481 3485 690 3547 πόλεως
741 3483 1084 3554 αὐξομένης,
1149 3484 1377 3550 ἐλπίδας.
1427 3485 1720 3553 ἐποιήσατο
1773 3483 1908 3553 πρὸς

330 3575 646 3647 ἐλευθερίαν
675 3576 767 3629 τὸν
808 3575 980 3646 δῆμον
1011 3577 1347 3643 ἀνενεγκεῖν,
1382 3575 1478 3630 καὶ
1515 3574 1907 3642 διαγεγονότων

332 3667 432 3737 μὲν
465 3666 680 3720 πολλῶν
709 3666 866 3730 ἐτῶν,
901 3666 1004 3737 ἤδη
1051 3666 1110 3719 δὲ
1142 3666 1243 3735 τῆς
1295 3665 1580 3736 Ῥωμαίων
1612 3663 1908 3733 ἡγεμονίας

329 3761 408 3821 είς
428 3759 526 3810 ἐνα
547 3757 976 3828 περιισταμένης
997 3757 1167 3827 ἄνδρα
1191 3757 1350 3810 Γάϊον
1383 3756 1600 3817 Ἰούλιον
1631 3756 1905 3825 Καίσαρα,

330 3848 468 3918 πρὸς
495 3848 683 3902 τοῦτον
711 3849 991 3917 ἠπείγετο.
1025 3849 1465 3919 Συνεπρέσϐευον
1492 3848 1549 3901 δὲ
1579 3846 1728 3917 αὑτῷ
1756 3847 1906 3900 ἄλλοι

329 3942 390 3994 τέ
419 3957 566 4005 τινες
590 3941 700 3994 τῶν
748 3942 1031 4010 ἐπιφανῶν
1077 3941 1170 3994 καὶ
1201 3943 1228 3993 ό
1266 3942 1379 4004 υἱὸς
1427 3941 1729 4013 Πρόπυλος.
1764 3941 1907 3994 Γνω-

334 4034 480 4096 σθεὶς
507 4029 600 4086 οὖν
628 4032 706 4103 τῷ
735 4033 974 4103 Καίσαρι
1007 4032 1371 4104 Βριθαγόρας,
1403 4034 1498 4086 καὶ
1528 4033 1907 4102 διαπραξάμε-

330 4142 418 4186 νος
447 4125 731 4196 ἐγγυτέρω
763 4127 831 4196 τῇ
867 4124 1022 4195 φιλίᾳ
1058 4124 1399 4194 προσελθεῖν,
1449 4124 1514 4178 δι’
1560 4124 1906 4193 ὑποσχέσεως

330 4219 569 4285 ἐγένετο,
607 4218 669 4270 οὐ
699 4217 805 4288 μὴν
835 4217 896 4281 ἐξ
927 4217 1118 4286 ἐφόδου
1144 4233 1208 4285 γε
1235 4217 1418 4269 λαϐεῖν
1456 4217 1554 4288 τὴν
1592 4216 1906 4286 ἐλευθερίαν

329 4305 606 4374 ἠδυνήθη,
642 4305 738 4359 ἆτε
787 4305 852 4377 δὴ
889 4306 988 4359 οὐκ
1021 4307 1080 4358 ἐν
1126 4308 1192 4375 τῇ
1247 4304 1435 4376 Ῥώμῃ
1473 4306 1587 4359 ἀλλ’
1624 4305 1710 4374 ἐφ’
1743 4305 1906 4375 ἕτερα

332 4396 424 4450 τοῦ
460 4398 620 4450 Γαΐου
654 4397 1097 4468 περιτρέχοντας.
1129 4397 1246 4450 Οὐκ
1296 4399 1565 4465 ἀφίστατο
1610 4398 1793 4468 μέντοι
1841 4413 1906 4466 γε

2012 3306 2122 3350 tate
2147 3297 2255 3363 jam
2285 3308 2636 3366 augescente.
2661 3299 2914 3367 populum
2948 3301 2999 3353 in
3029 3301 3311 3366 pristinam
3364 3303 3584 3358 liberta-

2010 3394 2114 3440 tem
2155 3387 2461 3444 vindicandi
2500 3405 2651 3456 spem
2710 3391 2862 3456 facit,
2921 3393 3186 3462 annisque
3213 3395 3407 3464 elapsis
3437 3395 3582 3448 haud

2009 3479 2220 3546 paucis,
2250 3479 2614 3536 Romanorum
2647 3483 2871 3551 imperio
2891 3484 3000 3553 jam
3029 3486 3095 3537 ad
3150 3502 3313 3539 unum
3369 3487 3432 3541 C.
3471 3485 3580 3541 Jul.

2014 3568 2280 3623 Caesarem
2312 3571 2586 3637 devoluto,
2619 3575 2686 3628 ad
2709 3589 2832 3628 eum
2889 3577 3188 3630 contendit.
3239 3577 3581 3643 Legationem

2007 3675 2131 3713 cum
2159 3677 2225 3716 eo
2257 3663 2499 3727 obibant,
2532 3681 2655 3719 cum
2689 3666 2778 3718 alii
2810 3681 2874 3720 ex
2905 3668 3204 3734 nobilitate,
3235 3680 3345 3722 tum
3376 3668 3584 3739 Propy-

2009 3750 2110 3806 lus.
2145 3751 2216 3806 lhi
2251 3755 2429 3810 notior
2451 3754 2626 3810 factus
2653 3756 2851 3811 Caesari
2881 3757 3250 3830 Brithagoras,
3286 3773 3339 3816 et
3367 3763 3586 3832 propius

2010 3845 2062 3897 in
2092 3847 2387 3900 amicitiam
2421 3847 2713 3914 admissus,
2755 3851 3174 3919 promissionem
3205 3855 3422 3923 quidem
3451 3855 3589 3911 acci-

2009 3937 2106 4005 pit,
2137 3941 2229 3992 sed
2255 3939 2552 3996 libertatem
2581 3943 2753 4010 prima
2803 3946 3085 4000 occasione
3134 3962 3453 4015 recuperare
3502 3963 3591 4002 ne-

2012 4029 2152 4097 quit,
2186 4033 2328 4098 quod
2371 4047 2474 4085 non
2505 4032 2708 4099 Roma,
2741 4036 2834 4088 sed
2856 4035 2982 4090 alibi
3014 4046 3306 4102 terrarum,
3336 4036 3510 4093 Julius
3535 4039 3587 4091 in

2009 4123 2348 4191 negotiorum
2374 4124 2724 4180 distractione
2775 4128 3115 4182 versabatur.
3163 4127 3278 4182 Non
3309 4138 3488 4184 tamen
3521 4132 3589 4184 ab

2009 4213 2224 4283 incepto
2249 4215 2454 4270 destitit
2481 4216 2858 4286 Brithagoras,
2905 4220 2997 4273 sed
3025 4234 3122 4288 per
3148 4229 3315 4276 touun
3353 4222 3463 4275 fere
3507 4236 3592 4274 or.

2008 4307 2129 4362 bem
2168 4323 2292 4361 cum
2344 4308 2560 4364 Caesare
2605 4311 3034 4376 circumductus,
3071 4314 3184 4381 ipse
3229 4324 3283 4367 et
3326 4312 3592 4381 Propylus

2008 4399 2062 4451 in
2095 4398 2265 4453 oculis
2302 4397 2417 4466 ejus
2443 4411 2562 4454 erat
2588 4419 2602 4454 :
2643 4411 2700 4455 ut
2723 4418 2826 4456 non
2847 4405 3078 4458 obscure
3109 4405 3402 4472 imperator
3422 4405 3590 4473 signi-

335 4487 696 4559 Βριθαγόρας,
721 4489 856 4542 ἀλλὰ
885 4490 1014 4555 περὶ
1045 4490 1226 4542 πᾶσαν
1262 4489 1360 4560 τὴν
1389 4491 1714 4560 οἰκουμένην
1743 4491 1904 4554 αὐτός

2015 4488 2223 4555 ﬁcaret,
2263 4491 2580 4558 petitionem
2617 4493 2852 4547 hominis
2898 4509 2956 4548 se
2995 4497 3314 4562 approbare.
3380 4493 3592 4548 Duode-

333 4595 390 4631 τε
418 4582 514 4633 καὶ
542 4580 823 4650 [Ιρόπυλος
847 4579 1357 4650 συμπεριαγόμενος
1375 4580 1454 4649 τῷ
1484 4581 1727 4650 Καίσαρι
1753 4583 1906 4635 ἐϐλέ-

334 4690 464 4726 πετο
493 4674 623 4742 παρ’
663 4673 859 4737 αὑτοῦ,
891 4673 966 4738 ὡς
1000 4673 1493 4745 ἐπισημειούμενον
1522 4674 1614 4727 τὸν
1643 4675 1909 4744 αὐτοκρά-

332 4781 464 4834 τορα
495 4766 597 4834 τῆς
638 4765 990 4837 λιπαρήσεως
1035 4767 1200 4820 αὑτὸν
1247 4765 1641 4836 ἁποδέχεσθαι.·
1666 4767 1912 4820 Δωδεκα-

2014 4583 2118 4636 cim
2183 4585 2401 4638 tandem
2459 4601 2632 4640 annos
2691 4587 2742 4639 in
2795 4585 3163 4640 familiaritate
3219 4587 3591 4642 Romanorum

2013 4684 2293 4740 emensus,
2342 4691 2464 4732 cum
2495 4677 2608 4745 jam
2656 4678 2836 4731 redire
2877 4677 3060 4732 Caesar
3111 4679 3430 4733 instituisset
3479 4677 3594 4731 Ro-

2017 4781 2187 4831 mam,
2221 4777 2444 4824 senecta
2479 4779 2534 4824 et
2594 4769 2839 4823 laborum
2913 4770 3233 4825 assiduitate
3294 4771 3592 4827 exhaustus

333 4857 480 4920 ετίας
514 4858 571 4910 δέ
604 4859 704 4929 τὴν
736 4860 1039 4932 παρεδρίαν
1061 4861 1489 4930 διαμετρούσης,
1519 4860 1616 4912 καὶ
1643 4861 1771 4930 περὶ
1811 4860 1906 4930 τῆς

2021 4857 2392 4930 Brithagoras,
2434 4864 2616 4917 vivere
2655 4863 2873 4926 desinit,
2905 4871 2960 4916 ct
2999 4865 3254 4933 grandem
3299 4865 3486 4934 patria:
3514 4863 3593 4918 lu-

333 4949 411 5009 εἰς
468 4947 690 5021 Ῥώμην
727 4952 986 5004 ἐπανόδου
1032 4951 1128 5004 τοῦ
1169 4952 1446 5022 Καίσαρος
1492 4951 1911 5021 διανοουμένου,

334 5036 436 5089 ὑπό
471 5056 530 5090 τε
579 5038 673 5092 τοῦ
703 5041 905 5111 γὴρους
956 5041 1052 5094 καὶ
1096 5041 1204 5096 τῶν
1240 5041 1481 5111 συνεχῶν
1529 5043 1711 5096 πόνων
1745 5060 1913 5096 κατα-

2021 4965 2165 5008 ctum
2196 4970 2223 5006 a
2255 4970 2314 5008 se
2348 4957 2626 5025 relinquit.
2667 4957 2846 5024 Atque
2880 4955 2953 5009 ita
2989 4971 3078 5009 xw
3117 4957 3277 5009 etiam
3329 4955 3461 5010 liber
3486 4957 3589 5011 Hi-

2021 5047 2308 5100 storiarum
2337 5045 2638 5100 Memnonis
2667 5047 3009 5101 abbreviatus
3045 5047 3205 5100 ﬁnem
3231 5047 3414 5101 habet.

331 5129 629 5199 τρυχωθεὶς
661 5131 999 5203 Βριθαγόρας
1022 5133 1268 5205 τελευτᾷ,
1307 5134 1447 5203 μέγα
1476 5133 1668 5198 πένθος
1693 5137 1758 5206 τῇ
1793 5138 2006 5208 πατρίδι
2059 5139 2398 5194 καταλιπών.
2439 5141 2533 5201 Εἰς
2557 5138 2796 5192 τοιοῦτον
2821 5140 2867 5170 ⁸³
2916 5139 3016 5208 μὲν
3078 5137 3230 5201 τέλος
3283 5139 3380 5191 καὶ
3430 5139 3459 5190 ό
3518 5144 3594 5204 ις’

333 5224 483 5294 λόγος
512 5227 615 5296 τῆς
643 5227 923 5300 Μέμνονος
952 5230 1191 5300 ἱστορίας
1221 5231 1470 5302 τελευτᾷ.

405 5321 564 5373 Ἐστι
593 5320 649 5372 δέ
678 5323 712 5392 ή
745 5324 1036 5394 συγγραφὴ
1061 5326 1319 5395 νουνεχὴς
1355 5327 1453 5397 μὲν
1484 5327 1579 5380 καὶ
1611 5328 1701 5380 τον
1728 5331 1904 5400 ἰσχνὸν

2087 5327 2282 5400 24οα
2310 5326 2549 5381 Prudens
2571 5336 2656 5379 est
2702 5325 2918 5393 quidem
2952 5325 3066 5379 haec
3115 5323 3370 5388 Historia,
3397 5331 3454 5377 et
3479 5325 3598 5377 exi-

336 5410 750 5478 ιιεταδιώκουσα
780 5419 1106 5487 χαρακτῆρα
1126 5455 1141 5480 ,
1189 5417 1250 5469 ού
1289 5416 1394 5488 μὴν
1425 5418 1544 5472 ούδέ
1569 5421 1663 5473 τοῦ
1710 5423 1906 5490 σαφοῦς

2027 5421 2130 5475 lem
2199 5433 2499 5486 asscquens
2559 5419 2952 5470 characterem.
3014 5413 3422 5482 Perspicuitatts
3485 5428 3596 5468 non

1621 5537 1854 5592 VARle
1887 5538 1905 5591 Ι
1917 5534 2295 5591 .ECTIONES.

401 5625 452 5701 οι
470 5641 530 5678 τε
567 5624 788 5701 δαδὶ-Α.
857 5626 904 5701 ⁸-⁸
932 5625 1168 5697 πατρῴῳ
1207 5628 1472 5701 διειλέχθη
1502 5649 1561 5696 ς.

337 5694 520 5758 ζεσθαι
547 5713 607 5760 ς.
684 5697 730 5727 ⁸⁸
750 5694 962 5749 τοιοῦτο
992 5694 1052 5761 ςζ

608 5791 884 5854 Parnm"
917 5794 1036 5856 Cu.
1073 5796 1230 5860 Clil.

1639 5633 1683 5664 ’³
1710 5629 2128 5701 ἐπεστρέψαμεν
2157 5646 2218 5693 ς.

2358 5624 2404 5658 ⁸⁸
2430 5622 2766 5693 ἐπανάγεται
2821 5625 2862 5679 A
2898 5625 3132 5718 :‘d'tysca:
3157 5643 3219 5689 ς.
3323 5626 3370 5657 ⁸⁸
3397 5626 3596 5681 ἐνοικίη

3129 5787 3200 5849 30
