3972 6248
400 297 504 362 939
1538 299 1798 360 PlIOTII
1842 301 2342 362 PATRIARCH/E
2373 305 2477 362 cr.
3520 308 3626 373 940

401 415 720 478 incuriosus,
755 412 1175 484 digressionibus
1223 422 1398 468 tamen
1444 413 1626 481 utitur,
1663 415 1956 482 prmsertim

2059 415 2332 482 ἀμελοῦσα
2351 456 2365 479 ,
2397 415 2764 486 εὐλαϐουμένη
2797 415 2852 468 δὲ
2883 417 2976 470 καὶ
3002 419 3096 480 τάς
3133 417 3380 482 ἐκϐολὰς,
3413 417 3552 488 πλὴν
3577 420 3627 471 εί

397 505 720 560 necessitate
746 505 987 569 adactus,
1011 513 1066 558 et
1114 505 1349 558 externis
1405 505 1663 560 addendis
1693 506 1797 560 huc
1830 507 1957 558 hor-

2066 509 2138 577 μή
2189 507 2290 560 πού
2336 525 2421 570 τις
2467 508 2680 577 ἀνάγκη
2733 509 3080 578 συνυφαίνειν
3129 507 3252 580 [757
3297 507 3389 581 8.]
3419 511 3510 563 καὶ
3556 510 3625 564 τὰ

400 597 659 652 tantibus.
691 596 874 665 Neque
905 597 954 650 id
987 596 1181 650 accidit
1213 597 1542 666 frequenter,
1576 599 1667 652 sed
1721 598 1810 651 tibi
1862 598 1958 651 sti-

2063 597 2260 662 ἔξωθεν
2290 597 2636 665 ὲγκελεύεται
2667 599 2764 668 τῆς
2798 598 3130 670 προθέσεως.
3167 598 3302 654 Οὐδὲ
3333 600 3474 672 πρὸς
3499 600 3631 653 ταύ-

399 685 590 738 mulari
622 700 681 740 se
714 685 894 738 sentit.
927 683 1090 738 Redit
1117 700 1242 740 vero
1266 687 1330 740 ad
1357 689 1712 756 pmpositum.
1747 685 1954 752 Verbis,

2062 706 2161 758 την
2188 689 2246 742 δὲ
2271 690 2367 742 ἐπὶ
2397 689 2458 742 τὸ
2489 690 2682 760 συχνὸν
2713 691 3016 755 ἀποκλίνει,
3045 691 3181 746 ἀλλά
3207 691 3268 745 τὸ
3302 693 3630 760 κατεπεῖγον

396 777 498 830 nisi
534 791 656 830 raro
690 776 1005 839 immutatis,
1038 778 1250 832 usitatis
1298 780 1484 833 utitur.
1545 778 1618 833 De
1652 790 1775 832 octo
1804 779 1956 834 libris

2064 780 2458 850 ὲπιμνησθεῖσα
2496 780 2682 850 ἔχεται
2712 781 2874 834 πάλιν
2909 782 3318 852 εὐεπιστρόφως
3346 781 3449 852 τῆς
3490 798 3632 854 προ-

393 876 588 933 praater
615 866 866 930 sedecim,
903 870 1044 936 quod
1061 882 1154 922 eos
1182 871 1414 924 nondum
1434 871 1613 924 videre
1645 870 1950 939 contigerit,

2063 870 2307 941 τεθείσης
2341 873 2476 942 αὐτῇ
2503 873 2622 925 κατ’
2648 872 2822 944 ἀρχὰς
2849 871 3095 944 γνώμης.
3131 875 3238 927 Καὶ
3266 873 3444 939 λέξεσι
3471 873 3550 935 δὲ,
3581 873 3631 926 εί

392 973 499 1012 non
527 957 697 1012 habeo
727 957 925 1014 dicere.

2067 966 2140 1033 μή
2202 981 2303 1017 που
2357 965 2601 1028 σπανίως
2651 965 3139 1032 ἐξαλλαττούσαις,
3197 967 3318 1031 ταῖς
3375 966 3632 1036 συνήθεσι

389 1055 591 1124 χρᾶται
617 1053 686 1106 ⁸⁷.
728 1052 840 1116 Τάς
871 1052 928 1106 δὲ
965 1053 1188 1124 πρώτας
1217 1055 1266 1127 η’
1302 1057 1538 1126 ἱστορίας
1574 1057 1668 1110 καὶ
1696 1058 1793 1120 τὰς
1826 1057 1963 1128 μετὰ
1989 1057 2086 1128 τὴν
2143 1065 2222 1124 ις’
2277 1059 2428 1114 οῦπω
2480 1063 2655 1116 εἰπεῖν
2721 1062 2802 1124 είς
2884 1062 3013 1114 θέαν
3093 1061 3251 1132 ἡμῶν
3322 1061 3633 1132 ἀφιγμένας

390 1147 607 1217 ἔχομεν.

1223 1245 1298 1299 De
1327 1244 1576 1299 Clearcho
1603 1257 1825 1316 tyranno
1866 1243 2133 1297 Heraclea:
2166 1241 2418 1296 Pontiam.
2455 1241 2537 1296 Ex
2569 1241 2758 1297 Suida.

463 1334 755 1390 Clearchus
803 1336 1056 1394 Ponticus
1103 1338 1341 1392 Athenas
1388 1338 1534 1392 venit
1569 1335 1816 1390 audiendi
1867 1333 2107 1406 Platonis
2139 1343 2202 1406 _Ot
2254 1331 3296 1406 doctrinaehphilosophiemcupiditate.
3355 1333 3457 1406 sed
3510 1337 3629 1406 ejus

400 1406 928 1483 tzonsiietudine__non
972 1409 1075 1483 diu
1130 1423 1266 1483 usus
1303 1407 1443 1478 (erat
1478 1407 1621 1460 enim
1669 1409 1772 1483 diis
1817 1402 2101 1483 inimicus).
2129 1403 2194 1483 Diu
2226 1404 2428 1483 somnis
2452 1401 2584 1456 vidit
2621 1401 2910 1483 mulierem
2934 1405 3036 1459 sibi
3058 1401 3333 1483 ‘diceutem
3366 1423 3379 1458 :
3415 1401 3628 1483 Excede

399 1474 705 1548 academia,
721 1485 774 1530 et
793 1476 933 1548 lfuge
968 1470 1358 1548 phiIOSOphiain
1390 1493 1405 1528 :
1435 1491 1605 1545 neque
1636 1477 1779 1528 enim
1813 1490 1874 1527 ea
1915 1470 2138 1548 l‘rnitibi
2171 1470 2254 1524 fas
2274 1481 2376 1548 est,
2401 1485 2521 1548 qua!
2544 1485 2597 1527 te
2652 1473 3008 1528 infestissimo
3034 1477 3184 1529 vultu
3213 1477 3468 1548 intuetur.
3499 1476 3634 1548 Quig

399 1543 498 1597 bus
542 1545 760 1610 auditis,
795 1541 1040 1602 redit—in
1071 1541 1463 1614 expeditionem
1499 1541 1596 1599 {et
1621 1558 1910 1614 Oppressus
1944 1541 2162 1614 invidia,
2190 1543 2360 1614 patria
2410 1541 2618 1614 relicta,
2665 1559 3071 1614 conscensaque
3112 1560 3267 1609 nave,
3309 1546 3432 1598 dum
3479 1547 3633 1601 exsul

401 1615 639 1684 oberrat,
680 1618 928 1682 pervenit
977 1619 1042 1670 ad
1091 1610 1481 1678 Mithridatem,
1507 1610 1809 1682 castrisque
1839 1613 1977 1682 apud
2014 1627 2132 1663 eum
2163 1612 2372 1684 positis,
2422 1610 2843 1684 la_t_tdatttr.7Non
2896 1610 3064 1668 multo
3113 1625 3235 1684 post
3281 1615 3462 1684 gravis
3491 1619 3634 1669 inter

402 1679 750 1755 [leracleot'as
793 1689 1006 1740 exsistit
1049 1687 1261 1741 seditio.
1297 1687 1497 1739 Deinde
1539 1686 1591 1737 in
1625 1679 1852 1755 graiiain
1878 1679 1956 1734 ’et
1997 1681 2352 1755 concordiam
2384 1679 3340 1755 redirecupientesppaciliéatorein
3389 1687 3634 1755 deligunt

397 1751 734 1826 Clearchum.
784 1755 832 1808 ls
865 1757 915 1809 in
953 1758 1150 1818 reditu,
1185 1756 1236 1807 in
1293 1755 1590 1809 diversorio
1611 1749 1852 1826 quodam
1872 1766 2063 1826 rursus
2095 1752 2148 1802 in
2185 1749 2696 1826 somnisEvopinm',
2733 1749 3172 1826 Heracleotarum
3211 1749 3631 1826 tyrannum—sibi

397 1821 661 1895 dicentem
691 1826 837 1877 audit
865 1844 878 1879 :
912 1826 1135 1893 Oportet
1157 1836 1209 1879 te
1240 1836 1525 1895 tyrannum
1565 1820 1682 1877 esse
1719 1823 1926 1891 patriae.
1961 1823 2160 1895 Sedet
2186 1821 2270 1873 hic
2302 1820 2695 1895 p_hi_l050phiam
2723 1837 3069 1895 eutncavere
3096 1820 3340 1892 jubebat,
3374 1837 3630 1879 renovata

396 1893 593 1944 somnii
639 1890 983 1948 Atheniensis
1035 1890 1314 1949 memoria.
1366 1893 1567 1947 Rerum
1625 1890 1845 1963 potitus.
1884 1890 2442 1963 crudelissituus__fuit,
2477 1901 2533 1944 et
2558 1893 2904 1961 insuperabili
2937 1890 3189 1963 superbia
3222 1896 3491 1956 incensus,
3527 1896 3632 1948 liu-

397 1975 552 2033 inana
587 1963 894 2017 conditione
935 1971 1266 2033 contempta,
1310 1964 1526 2018 adorari
1574 1961 1655 2026 se,
1685 1971 1739 2018 et
1782 1963 1993 2033 divinos
2038 1961 2222 2015 haberi
2238 1961 2370 2033 _sibi
2415 1963 2654 2033 honores
2683 1961 3090 2031 postulavit,_et
3122 1974 3302 2019 vestes
3332 1965 3436 2019 diis
3467 1967 3632 2018 fami-

402 2030 570 2086 liares
623 2033 818 2096 induit,
851 2049 931 2087 eor
949 2029 1167 2101 umque'
1189 2029 1381 2088 statuis
1422 2034 1648 2103 decoras
1683 2050 1697 2086 :
1733 2043 1794 2103 et
1830 2031 1997 2084 lilium
2041 2045 2199 2103 suum
2227 2029 2535 2103 Qerautiuu,
2573 2032 2622 2085 id
2651 2029 2736 2087 est
2763 2033 2991 2103 fulmen,
3015 2035 3320 2103 appellavit.
3359 2034 3634 2089 lnterfecit

396 2110 738 2174 autetnﬂeum
780 2099 1282 2174 primtltnvindicla
1317 2121 1331 2158 :
1365 2104 1558 2158 deinde
1603 2101 1828 2174 Chionis
1875 2115 2087 2174 manus,
2123 2099 2406 2174 lanuliaris
2447 2099 2715 2174 Platonis,
2761 2113 2817 2157 et
2857 2102 2974 2174 ejus
3005 2099 3314 2174 ad'tempus
3341 2105 3632 2174 auditoris,

394 2171 495 2241 qui
530 2173 654 2241 odio
686 2168 896 2241 tyranni
928 2175 977 2226 in
1021 2173 1164 2228 illius
1193 2174 1397 2228 aedibus
1426 2174 1621 2227 hausto
1653 2173 1883 2240 patriam
1916 2171 2187 2225 liberavit.
2214 2168 2344 2223 Tam
2373 2170 2620 2240 praeclari
2649 2168 2910 2227 facinoris
2952 2174 3087 2227 socii
3121 2168 3342 2230 fuerunt
3365 2168 3633 2230 Leonides

392 2249 446 2292 et
470 2239 782 2308 Antithetis,
817 2244 918 2312 ipsi
946 2258 1163 2313 quoque
1196 2243 1523 2313 philosophi.
1559 2239 1744 2298 JuStas
1774 2251 1952 2295 autem
1988 2241 2257 2296 scelerum
2287 2239 2480 2309 poenas
2511 2256 2636 2296 eum
2666 2243 2902 2308 dedisse,
2930 2242 3136 2298 dictum
3169 2253 3273 2300 est.

1270 2333 1354 2388 Ea:
1385 2333 1617 2388 Diodoro
1642 2330 1843 2397 Siculo,
1877 2331 1970 2384 lib.
2001 2347 2090 2397 xv,
2127 2331 2204 2385 De
2233 2332 2412 2386 eodem
2439 2333 2716 2390 Cleorcho.

470 2421 670 2476 Eadem
705 2437 834 2477 vero
873 2433 1188 2494 tempestate
1216 2426 1536 2496 Clearchus,
1566 2441 1630 2480 ex
1670 2425 1932 2496 Heraclea
1968 2423 2190 2478 Pontica
2219 2425 2503 2496 oriundus,
2539 2425 2884 2496 tyrannidem
2919 2425 3220 2496 affectavit,
3261 2441 3325 2481 ac
3353 2425 3460 2482 voti
3481 2439 3632 2480 com-

398 2507 495 2561 pos
537 2497 708 2547 lactus
731 2534 746 2558 ,
777 2497 1058 2549 aetnulatus
1093 2507 1175 2549 est
1213 2495 1451 2566 Dionysii
1495 2499 1712 2566 tyranni
1763 2495 2034 2560 instituta,
2077 2506 2131 2548 et
2163 2495 2443 2564 splendide
2491 2497 2834 2566 tyrannidem
2875 2497 2928 2550 in
2963 2495 3309 2552 Heracleotas
3343 2510 3629 2559 exercens,

397 2578 679 2630 imperium
719 2566 886 2618 tenuit
919 2580 1014 2634 per
1046 2579 1220 2621 annos
1249 2569 1554 2620 duodecim.

1625 2659 1708 2714 Ea:
1733 2664 1911 2716 eodem
1933 2659 2165 2714 Diodoro
2192 2661 2282 2714 lib.
2317 2675 2427 2712 xvr.

459 2747 752 2826 Qiearchns
810 2749 1083 2804 Heraclea
1118 2761 1398 2826 tyrannus,
1455 2768 1577 2826 cum
1604 2755 1856 2826 Dionysia
1889 2754 1966 2823 (id
2001 2765 2083 2809 est
2117 2753 2492 2820 Bacchanalia)
2518 2759 2726 2816 essent,
2758 2752 2883 2806 dum
2913 2757 2980 2807 ad
3013 2754 3321 2824 spectacula
3340 2753 3508 2820 vadit,
3535 2753 3633 2808 itt-

395 2819 650 2872 terl'ectus
673 2828 780 2884 est,
813 2835 911 2890 per
944 2835 1114 2874 annos
1142 2819 1428 2875 duodecim
1467 2823 1694 2893 imperio
1720 2819 1944 2894 p'otitus.

1046 2912 1132 2966 Ea:
1156 2911 1480 2983 Theopompo
1509 2914 1658 2980 Chio,
1681 2916 1746 2970 de
1781 2917 1959 2970 eodem
1986 2914 2256 2980 Clearclto,
2282 2913 2421 2980 apud
2446 2914 2751 2969 Athenwum
2775 2913 2866 2967 lib.
2891 2929 2972 2968 ιιι.

464 3001 660 3077 Multos
692 3015 867 3059 morte
898 3004 1130 3077 violenta
1155 3020 1184 3058 e
1217 3006 1394 3059 medio
1463 3006 1702 3072 tollebat,
1733 3023 1798 3060 ac
1876 3006 2570 3077 quamplurimiscicutam
2633 3005 2926 3077 bibendam
2947 3006 3275 3075 porrigebat.
3326 3008 3462 3063 Cum
3502 3023 3633 3063 vero

390 3075 720 3130 innotuisset
763 3075 1011 3129 omnibus
1044 3075 1156 3147 hic_
1180 3077 1391 3144 tyranni
1443 3093 1581 3140 mos,
1616 3074 1931 3147 propinandi
1970 3074 2232 3131 venenum
2281 3074 2432 3138 illud,
2466 3084 2721 3143 tanquam
2776 3074 3025 3143 poculum
3060 3078 3202 3147 quod
3241 3079 3494 3133 amicitias
3518 3089 3631 3132 tes-

389 3154 565 3218 tandaa
593 3160 724 3218 ergo
770 3147 1042 3218 propitiari
1081 3145 1341 3218 solert,4_ex
1365 3147 1571 3202 aedibus
1605 3145 2160 3215 non’egrediebantnr
2219 3147 2530 3214 priusquam
2567 3152 2742 3198 rutam
2773 3147 3032 3200 edisserit.
3063 3146 3176 3201 l‘loc
3205 3149 3349 3202 enim
3383 3151 3474 3218 qui
3502 3150 3629 3204 edc-

399 3217 529 3280 rint,
567 3215 674 3269 illis
703 3216 903 3270 aconiti
937 3223 1120 3284 potum
1154 3215 1288 3268 nihil
1326 3232 1524 3272 nocere
1545 3218 1638 3272 ait.

861 3307 940 3362 De
967 3307 1232 3361 Timotheo
1262 3317 1487 3378 tyranno
1522 3309 1792 3364 Heraclea:
1821 3308 2080 3374 Ponticw,
2107 3307 2349 3362 Clearchi
2377 3307 2512 3377 ﬁlio,
2549 3307 2636 3362 Ea:
2665 3306 2900 3362 Diodoro
2923 3308 3018 3364 lib.
3049 3323 3162 3364 ut.

458 3402 686 3470 Imperio
711 3400 960 3456 Clearchi
993 3416 1116 3457 cum
1148 3402 1503 3458 successisset
1527 3402 1669 3458 filius
1695 3403 2031 3468 Timotheus,
2061 3419 2126 3458 eo
2152 3405 2352 3472 potitus
2377 3412 2461 3456 est
2482 3417 2576 3472 per
2604 3417 2776 3457 annos
2808 3416 2896 3455 xv.

1510 3499 1597 3554 Ea:
1623 3501 1805 3556 eodem
1842 3501 2099 3564 Diodoro,
2129 3501 2308 3554 eodem
2351 3499 2505 3553 libro.

460 3584 746 3660 Dnmﬂhmc
774 3595 1053 3660 geruntur,
1089 3587 1403 3660 Timotheus
1458 3587 1732 3643 Heraclea:
1768 3589 2006 3644 Ponticae
2039 3601 2300 3660 tyrannus
2327 3588 2463 3660 obit,
2504 3602 2629 3660 cum
2659 3602 2758 3658 per
2783 3589 3094 3658 quindecim
3130 3604 3300 3646 annos
3325 3591 3632 3650 dominatus

387 3667 554 3711 esset.
593 3657 654 3712 Ei
687 3655 948 3712 successit
975 3655 1145 3712 frater
1176 3659 1479 3728 Dionysius,
1513 3660 1602 3727 qui
1633 3674 1730 3726 per
1766 3660 1901 3714 duos
1931 3669 1986 3714 et
2013 3655 2232 3728 triginta
2257 3674 2426 3714 annos
2448 3655 2736 3728 imperium
2764 3655 3018 3714 obtinuit.

1363 3749 1447 3804 Ea:
1483 3751 1732 3807 Athenwo
1763 3752 1896 3806 libro
1923 3767 2023 3816 xu,
2049 3754 2114 3804 de
2143 3751 2394 3806 Clearcho
2419 3753 2668 3806 secundo.

469 3839 732 3916 rlynipbis
759 3839 1108 3916 Heracleotes
1138 3841 1275 3916 lihro
1323 3844 1559 3916 secundo
1593 3844 1659 3898 de
1703 3842 2208 3916 lleraclea‘scribit,
2243 3843 2805 3916 Clearchum,_patriac
2829 3857 2942 3898 sua:
2977 3854 3286 3914 tyrannum,
3315 3847 3435 3916 ejus
3461 3849 3630 3908 lilium

389 3913 480 3982 qui
518 3911 860 3982 tyrannidem
924 3913 1132 3981 primus
1177 3913 1478 3979 invaserat,
1514 3913 1643 3966 luxu
1693 3925 1746 3968 et
1785 3913 2100 3983 quotidiana
2128 3914 2426 3983 voracitate
2461 3911 2662 3967 sensim
2707 3915 2759 3966 in
2793 3911 3011 3967 tantam'
3036 3916 3228 3970 molem
3257 3911 3439 3973 carnis
3473 3932 3630 3976 extu-

389 3982 614 4060 inui‘sse,
639 3991 696 4034 ut
736 3990 956 4060 propter
1000 3983 1328 4060 crassitiem,
1359 3993 1413 4036 et
1436 3982 2097 4060 obesitatem,’anhelitus
2125 3982 2748 4060 dilIicultate_correptus
2781 3984 2851 4037 sit
2888 3993 2944 4036 et
2989 3985 3358 4060 straugttlatu,
3398 3990 3630 4060 ideoque

388 4053 628 4128 medicos
653 4052 994 4128 praicepisse,
1020 4063 1077 4107 ut
1107 4055 1360 4128 tenuibus
1385 4053 1448 4106 ad
1480 4053 1533 4105 id
1554 4057 1769 4128 paratis
1791 4056 2014 4128 acubus,
2039 4063 2094 4108 et
2118 4053 2427 4128 prailongis,
2457 4053 2626 4128 latera
2656 4064 2715 4106 et
2740 4064 2984 4128 ventrem
3023 4052 3384 4128 conﬁgerent,
3414 4052 3632 4128 quoties

389 4122 444 4194 in
497 4117 898 4194 profundiorem
933 4135 1178 4177 somnum
1220 4123 1521 4194 laberetur.
1551 4117 1729 4178 Carne
1759 4125 1810 4176 in
1870 4117 2068 4178 callum
2097 4117 2424 4194 spissata'ob
2455 4123 2677 4176 nimiam
2722 4123 3120 4194 pinguedinem,
3147 4117 3463 4194 aiiqnandiu
3499 4133 3634 4185 nihil

392 4190 481 4242 ille
514 4189 836 4268 sentiebat_;_
864 4206 986 4268 eum
1017 4207 1143 4246 vero
1169 4192 1235 4268 ad
1268 4208 1452 4268 puram
1481 4194 1671 4246 adacta
1696 4209 1915 4248 carnem
1947 4208 2078 4247 acus
2108 4189 2462 4268 perforasset,
2485 4202 2595 4244 tum
2621 4189 3117 4268 expergiscebatur.
3147 4195 3220 4248 lis
3238 4189 3334 4266 qui
3366 4213 3632 4268 responsa

388 4261 667 4328 petebant,
710 4259 991 4340 reddebat,
1020 4266 1235 4340 corpori
1263 4259 1478 4334 objecta
1504 4277 1654 4329 arca,
1684 4278 1803 4332 quae
1827 4273 2014 4333 partes
2050 4259 2287 4332 reliquas
2319 4263 2620 4332 obtegeret,
2652 4259 2712 4317 ut
2747 4259 2887 4316 facie
2912 4271 3120 4316 tantum
3144 4259 3332 4335 aperta
3355 4259 3632 4340 colloque-

389 4340 542 4402 retur
569 4344 691 4383 cum
721 4331 785 4384 iis
813 4331 904 4400 qui
932 4331 1348 4402 compellabant.

456 4399 748 4476 Aliquanto
799 4399 921 4470 post
949 4419 964 4455 :
994 4399 1168 4456 annos
1193 4404 1587 4473 quinquaginta
1608 4404 1868 4476 quinque
1903 4412 2060 4457 natus
2090 4403 2232 4458 diem
2267 4401 2436 4476 obiit,
2456 4403 2741 4473 tyrannide
2775 4418 2871 4473 per
2898 4418 3071 4458 annos
3103 4406 3324 4476 triginta
3361 4419 3473 4464 tres
3503 4425 3632 4467 con-

386 4468 614 4537 tinuata,
644 4468 968 4540 prioresque
999 4486 1058 4524 se
1093 4468 1360 4542 tyrannos
1391 4468 1706 4529 atitecelluit
1733 4468 1987 4527 comitate
2011 4484 2066 4527 et
2101 4468 2531 4527 mansuetudine.

914 4562 994 4617 De
1023 4562 1223 4618 Zathra
1247 4575 1294 4618 et
1331 4563 1585 4621 Clearcho
1617 4567 1896 4636 fratribus,
1938 4566 2177 4636 tyrannis
2210 4564 2500 4629 Heracleae,
2525 4580 2590 4619 ea:
2617 4564 2850 4620 Diodoro
2883 4566 2977 4621 lib.
3012 4582 3102 4620 xx.

460 4656 592 4709 Dum
629 4655 743 4709 hazc
773 4666 1058 4732 geruntur,
1087 4656 1375 4732 Dionysius
1397 4657 1668 4732 Ileraelese
1691 4657 1927 4732 Pontica
1960 4670 2220 4732 tyrannus
2254 4656 2408 4732 obiit,
2445 4672 2568 4711 cum
2629 4659 2846 4728 triginta
2900 4663 3035 4715 duos
3077 4676 3250 4715 annos
3290 4663 3630 4732 imperasset.

385 4726 782 4780 Successerunt
805 4734 982 4780 autem
1011 4730 1128 4795 eius
1161 4728 1384 4795 imperio
1417 4727 1648 4784 Zathras
1682 4740 1736 4782 et
1766 4726 2086 4791 Clearchus,
2117 4727 2249 4794 lilii;
2283 4729 2443 4796 idque
2470 4741 2568 4796 per
2596 4726 2980 4796 sepietiidecini
3018 4747 3189 4785 anima
3216 4726 3526 4791 tenuerunt.

1044 4841 1304 4896 ccxxv.
1990 4829 2032 4883 Β
2755 4845 2924 4899 ZKE'.

383 4930 594 5000 Eulogii
643 4932 804 5000 φῦσε.
836 4933 1190 4987 Alexandrini
1232 4935 1364 4988 liber
1401 4948 1586 4990 contra
1630 4935 1881 4991 Severum
1910 4946 1951 4988 et

2067 4931 2365 5000 Εὑλογίου
2395 4932 2565 4986 mina
2610 4934 3055 5004 Ἀλεξανδρείας
3074 4934 3318 5001 ,βιϐλίον
3355 4941 3508 4995 κατὰ
3547 4948 3635 4998 Τι-

860 5007 1182 5058 Tt'motheum
1207 5007 1501 5060 haereticos.

2514 5005 2734 5072 μοθέου
2765 5008 2861 5060 καὶ
2888 5010 3173 5080 Σευῆρον.

456 5093 586 5166 Legi
615 5094 757 5149 beati
783 5093 992 5165 Eulogii
1020 5099 1258 5166 episcopi
1286 5098 1621 5153 Alexandrni
1645 5112 1782 5166 opus
1804 5095 1956 5150 libris

2137 5091 2264 5163 [760
2313 5091 2405 5162 IL]
2482 5096 2821 5168 Ἀνεγνώσθη
2869 5100 2964 5153 τοῦ
3017 5103 3075 5155 ἐν
3144 5107 3320 5175 ἁγίοις
3375 5107 3635 5176 Εὐλογίου

381 5187 1091 5257 duobus;comprehensum,
1105 5200 1294 5259 estque
1309 5190 1552 5246 defensio
1570 5190 1741 5244 sancti
1761 5188 1949 5242 Leonis

2067 5186 2225 5237 πὰπα
2253 5185 2659 5257 Ἀλεξανδρείας
2678 5189 2881 5258 βιϐλίον
2897 5194 2954 5246 ὲν
2974 5194 3152 5262 λόγοις
3169 5197 3235 5267 β’.
3261 5199 3335 5252 Τὸ
3353 5199 3411 5252 δὲ
3432 5199 3635 5268 βιϐλίον

381 5278 656 5346 pontificis
703 5279 957 5336 Romani.
1025 5282 1318 5337 Accusatio
1388 5298 1514 5337 vero
1583 5279 1857 5336 Timothei
1904 5289 1949 5332 et

2067 5277 2363 5346 συνηγορία
2395 5279 2493 5346 μέν
2518 5279 2635 5332 ἐστι
2667 5280 2774 5334 τῶν
2794 5283 2853 5333 ἐν
2880 5283 2958 5354 τῷ
2999 5286 3153 5358 τόμῳ
3197 5290 3425 5353 Λέοντος
3449 5291 3545 5344 τοῦ
3579 5292 3635 5343 ὲν

381 5364 593 5434 Severi,
625 5371 717 5439 qui
770 5368 994 5424 Tomum
1027 5371 1512 5442 reprehendebant.
1545 5370 1755 5425 Etenim
1786 5372 1949 5424 haere-

2067 5368 2240 5435 ἁγίοις
2274 5369 2373 5439 τῆς
2418 5369 2635 5442 Ῥώμης
2678 5375 2979 5446 ἀρχιερέως
3002 5419 3018 5445 ,
3042 5381 3262 5450 ἔλεγχος
3281 5381 3340 5435 δὲ
3371 5381 3635 5452 Τιμοθέου

383 5457 460 5511 sis
497 5469 785 5529 utrumque
829 5463 1060 5530 superbe
1102 5463 1367 5534 synodum
1400 5478 1465 5516 ac
1513 5459 1742 5516 Tomunt
1787 5475 1951 5529 oppu-

2065 5461 2158 5511 καὶ
2185 5459 2427 5530 Σεϐήρου
2463 5462 2570 5517 τῶν
2597 5468 2964 5522 κατειπόντων
2993 5470 3088 5524 τοῦ
3111 5471 3301 5542 τόμου·
3331 5474 3427 5524 καὶ
3461 5473 3569 5542 γὰρ
3599 5475 3630 5541 ἡ

382 5562 548 5617 gnare
585 5552 842 5620 compulit
879 5571 892 5608 :
941 5554 1201 5610 Severum
1244 5555 1463 5622 quidem
1508 5554 1835 5622 planiorem,
1865 5567 1950 5605 ac-

2065 5553 2276 5620 αῖρεσις
2317 5555 2582 5624 ἑκάτερον
2615 5559 2756 5613 κατὰ
2795 5559 2892 5630 τῆς
2937 5561 3158 5617 συνόδου
3193 5563 3290 5617 καὶ
3331 5561 3428 5617 τοῦ
3468 5562 3630 5633 τόμου

1684 5645 1714 5698 ἲ
1729 5643 1914 5698 ΑιιιίΕ
1956 5641 2358 5698 LECTIUNILS.

459 5731 500 5761 ‘-”
534 5733 724 5801 χρῆται
753 5751 809 5795 τ.
