3972 6248
348 316 448 380 941

1408 306 1931 371 BIBLIOTHECA.
1954 327 2028 342 -
2053 303 2215 367 COD.
2244 302 2509 365 CCXXV.

3469 295 3579 362 9&2

353 429 521 502 μέγα)
532 427 687 497 αυχεῖ
713 424 1112 492 ἀγωνίσασθαι,
1151 423 1287 478 ἀλλὰ
1318 424 1557 493 Σεϐἧρον
1580 422 1680 492 μὲν
1709 419 1916 473 πλατύ-

2022 414 2344 469 curatiorem
2406 425 2537 467 vero
2604 405 2971 464 Timotheum.
3036 405 3344 465 Domitiano
3396 419 3581 465 autem

347 538 526 591 τερον,
556 517 823 588 Ττμόθεον
866 515 924 569 δὲ
965 515 1371 586 ἀκριϐέστερον.
1414 513 1731 585 Προσφωνεῖ
1756 511 1813 565 δὲ
1855 510 1917 564 τδ

350 611 558 681 βιϐλίον
585 608 899 681 Δομετιανῷ
926 606 1004 677 τῷ
1036 606 1343 677 Μελιτηνῆς
1374 605 1637 676 ἀρχιερεῖ.

436 702 496 755 '0
544 702 645 771 μὲν
679 696 772 754 οὖν
805 705 855 755 α’
892 699 1049 767 λόγος
1093 699 1153 751 ὲν
1197 697 1511 766 κεφαλαίοις
1556 692 1917 764 ἀπαρτίζεται

345 796 409 859 δ’,
443 800 498 860 ς’
525 794 581 847 δὲ
613 792 929 861 κεφαλαίοις
958 791 1053 845 καὶ
1090 788 1120 841 t'
1146 790 1175 842 6
1206 789 1271 857 β’.
1292 788 1568 859 Διηγεῖται
1589 786 1645 839 δὲ
1671 784 1798 856 [595
1823 781 1911 854 H.]

350 884 491 956 μετὰ
519 884 588 936 τὰ
625 882 888 952 προοίμια
910 881 971 934 τὸ
1018 878 1069 934 α’
1114 878 1315 948 βιϐλίον
1344 878 1443 947 τὴν
1477 876 1654 929 αἰτίαν
1684 873 1751 928 δι’
1782 874 1851 943 ἢν
1879 876 1914 943 ἡ

344 976 540 1047 γραφὴ
586 973 848 1045 προῆλθε,
891 972 987 1026 καὶ
1011 972 1089 1034 ὡς
1116 969 1325 1040 ἀνδρῶν
1361 968 1603 1021 εύλαϐὦν
1632 966 1911 1036 προτροπῇ

344 1068 551 1136 ταύτην
584 1064 883 1135 ἐπράξατο.
928 1060 1045 1131 Ἐφ’
1074 1056 1154 1123 οἷς
1183 1059 1456 1114 ἐκτίθεται
1483 1059 1644 1127 νόμον
1673 1057 1767 1109 καὶ
1811 1073 1913 1109 κα-

344 1158 473 1209 νόνα
494 1198 508 1223 ,
547 1154 623 1225 μὴ
650 1155 761 1207 δεῖν
789 1155 851 1206 ὲκ
889 1152 1089 1223 μέρους
1116 1151 1185 1204 τὰ
1233 1149 1637 1219 συγγράμματα
1684 1146 1909 1216 κρίνειν,

347 1246 473 1316 μηδ’
501 1244 987 1314 ἀποσπαράγματά
1009 1260 1132 1295 τινα
1174 1240 1549 1310 λαμϐάνοντας
1582 1238 1669 1291 διὰ
1708 1236 1913 1289 τούτων

340 1338 441 1407 τὴν
470 1337 599 1406 ὃλην
621 1335 714 1388 τοῦ
758 1335 1061 1405 γράφοντος
1100 1331 1464 1386 ὲνδιαϐάλλειν
1504 1330 1761 1383 διάνοιανο
1801 1329 1914 1389 τοῖς

342 1427 453 1494 γὰρ
487 1424 749 1487 τοιούτοις
777 1424 872 1476 καὶ
918 1424 946 1475 6
992 1422 1277 1491 προφήτης
1309 1418 1574 1488 ἐπαφίησι
1620 1420 1719 1487 τὴν
1749 1418 1910 1486 ἀρὰν,

345 1515 549 1569 οὺαὶ⁹⁸
566 1514 688 1579 τοῖς
705 1514 1170 1583 προφητεύουσι,
1184 1512 1377 1579 λέγων,
1399 1510 1517 1564 ἀπὸ
1542 1509 1788 1576 καρδίας
1804 1510 1914 1561 αὺ-

343 1604 488 1671 τῶν,
521 1605 621 1659 καί
654 1606 721 1658 τὸ
752 1606 1011 1658 καθόλου
1032 1602 1119 1673 μὴ
1143 1602 1469 1666 βλέπουσι.
1508 1600 1707 1653 Τοῦτον
1738 1600 1795 1652 δὲ
1822 1599 1913 1651 τὸν

342 1697 507 1766 νόμον
548 1697 643 1749 καὶ
668 1695 868 1748 κανόνα
902 1695 996 1748 καὶ
1025 1694 1134 1746 τῶν
1168 1692 1326 1764 ίερῶν
1356 1690 1510 1761 ἡμῶν
1548 1690 1808 1760 Πατέρων
1854 1690 1909 1741 αἱ

2012 506 2289 561 Melitena:
2324 518 2459 574 opus
2486 501 2718 557 dedicat.

2088 683 2301 738 Primus
2328 683 2545 753 quidem
2581 681 2722 737 liber
2765 689 3006 750 quatuor
3032 678 3304 748 capitibus
3340 675 3582 734 absolvi-

2018 776 2124 837 tur,
2159 773 2297 827 alter
2325 788 2451 828 vero
2478 772 2733 828 sedecim.
2765 772 2922 827 Initio
2944 781 3124 826 autem
3153 770 3335 841 operis
3358 786 3578 827 causam

2018 868 2193 920 reddit
2221 866 2452 935 suscepti
2485 866 2702 930 laboris,
2731 880 2836 933 quo
2867 874 2923 918 et
2960 864 3034 933 pii
3067 864 3312 919 homines
3336 863 3580 918 scriben-

2018 966 2123 1011 tem
2157 957 2473 1010 invitarunt.
2513 958 2718 1023 Quibus
2764 957 2933 1025 legem
2986 958 3268 1010 constituit
3305 966 3361 1011 et
3408 972 3577 1012 cano-

2017 1062 2162 1111 nem,
2196 1047 2395 1116 scripta
2441 1048 2734 1115 dijutlicare
2759 1062 2863 1099 non
2887 1058 3136 1116 oportere
3174 1062 3238 1101 ex
3281 1055 3452 1117 parte,
3480 1064 3577 1105 ne-

2016 1153 2125 1206 que
2177 1136 2478 1208 fragmenta
2520 1139 2763 1206 quaedam
2822 1138 3102 1204 sumendo,
3144 1153 3209 1193 ex
3245 1140 3328 1193 his
3362 1142 3427 1195 de
3466 1148 3576 1195 tota

2016 1230 2297 1299 scriptoris
2322 1238 2497 1283 mente
2520 1228 2783 1296 judicium
2831 1226 3134 1283 ferendum.
3153 1228 3260 1283 Hos
3285 1231 3427 1284 enim
3449 1229 3581 1286 Pro-

2018 1321 2173 1387 pheta
2196 1324 2536 1386 exsecratur;
2582 1317 2667 1372 Va:
2687 1317 2975 1387 prophetis,
3001 1319 3092 1388 qui
3115 1330 3406 1389 sequuntur
3424 1321 3579 1388 spiri-

2015 1423 2123 1463 tum
2159 1426 2334 1475 suum,
2368 1419 2419 1463 et
2463 1409 2594 1464 nihil
2637 1407 2885 1465 videnth
2921 1410 3068 1466 Hanc
3101 1411 3270 1482 legem
3308 1428 3372 1467 ac
3415 1429 3576 1483 regu-

2008 1497 2122 1552 lam
2174 1506 2229 1553 et
2285 1499 2503 1553 Patrum
2562 1510 2873 1555 nostrorum
2932 1502 3154 1557 decreta
3220 1504 3573 1559 conﬁrmant.

2013 1591 2225 1647 Etenim
2257 1592 2571 1648 Eustathius
2616 1593 2983 1647 Antiochenus
3034 1595 3321 1664 episcopus
3371 1596 3425 1650 in
3483 1611 3579 1650 sex

2014 1686 2261 1738 adversus
2313 1685 2538 1738 Arianos
2598 1682 2752 1739 libris
2798 1684 2882 1739 his
2953 1684 3132 1739 verbis
3171 1687 3357 1741 scribit
3401 1704 3414 1740 :
3474 1686 3576 1742 Sed

339 1788 514 1857 ψῆφοι
549 1786 896 1857 κρατύνουσι.
950 1785 1059 1838 Καὶ
1108 1783 1215 1853 γὰρ
1264 1783 1359 1836 καὶ
1408 1781 1757 1843 Εὑστάθιοςό
1801 1779 1909 1832 τῶν

2022 1777 2221 1831 Arianae
2276 1784 2442 1830 scence
2490 1774 2765 1829 saltatores
2815 1785 3080 1841 peccatum
3100 1775 3281 1841 fecisse
3313 1776 3579 1831 Christum

356 1879 674 1948 Ἀντιοχέων
734 1878 1024 1949 ἀρχιερεὺς
1080 1877 1138 1929 έν
1195 1875 1254 1941 ἓξ
1305 1875 1484 1944 λόγοις
1538 1872 1583 1905 ³⁸
1640 1872 1711 1926 τὰ
1772 1873 1913 1926 κατὰ

354 1971 654 2041 ’Λρειανῶν
683 1972 865 2032 αὐτοῖς
887 1971 1127 2039 ῥήμασιν
1143 1968 1285 2021 οὕτω
1311 1967 1497 2038 φησίν·
1536 1966 1689 2022 Ἀλλ’
1715 1968 1769 2019 ol
1799 1982 1916 2018 πα-

338 2062 588 2131 ράδοξοι
634 2060 742 2128 τῆς
782 2061 1001 2129 Ἀρείου
1031 2058 1293 2129 θυμέλης
1332 2060 1654 2127 μεσόχοροι
1696 2058 1761 2109 τὸ
1799 2058 1916 2126 μὲν

340 2152 638 2221 ἁμαρτίαν
653 2150 737 2220 μὴ
758 2154 774 2181 ¹
804 2150 1190 2219 πεποιηκέναι
1206 2151 1313 2204 τὸν
1331 2150 1585 2218 Χριστὸν
1608 2146 1913 2217 φράζουσι,

342 2244 443 2295 καὶ
478 2242 597 2313 μετ’
630 2242 785 2309 ὀλίγα
810 2258 825 2273 ·
864 2242 935 2296 Τὸ
962 2241 1030 2293 δὲ
1053 2281 1069 2305 ,
1121 2241 1211 2295 ὅτι
1263 2241 1405 2307 Θεὸς
1455 2236 1533 2310 ἥν
1565 2240 1636 2293 ἐν
1679 2238 1943 2308 Χριστῷτ

341 2336 579 2403 κόσμον
605 2333 1054 2388 καταλλάσσων
1080 2333 1290 2399 ἑαυτῷ,
1326 2334 1463 2388 οὔτε
1497 2334 1566 2386 ἐν
1585 2333 1791 2403 μνήμῃ
1811 2334 1915 2401 φέ-

339 2444 561 2494 ρουσιν
585 2427 723 2481 οὔτε
750 2426 873 2493 τοῖς
900 2425 1012 2495 τῆς
1036 2425 1299 2495 γλώττης
1323 2425 1600 2496 ὀργάνοις
1624 2425 1920 2493 ἐκφωνοῦ’

341 2532 474 2582 σιν,
505 2518 645 2571 ἀλλ’
673 2517 875 2586 ὥσπερ
906 2516 1087 2570 δεινοί
1124 2516 1505 2585 συκοφάνται
1538 2516 1636 2569 καὶ
1664 2518 1918 2584 κατήγο-

342 2623 439 2673 ροι
484 2606 1038 2673 ἀκρωτηριάσαντες
1083 2606 1151 2657 τὸ
1184 2605 1402 2673 χωρίον
1430 2606 1537 2657 τὸν
1565 2602 1764 2673 ἀγῶνα
1806 2603 1919 2670 τῆς

346 2698 708 2764 κατηγορίας
758 2695 1093 2748 ποιοῦνται.
1127 2691 1261 2747 Εἶτα
1305 2694 1401 2747 καὶ
1430 2695 1463 2763 ἡ
1496 2693 1673 2763 ψῆφος
1706 2694 1738 2762 ἡ
1778 2693 1919 2761 ὑπὲρ

346 2785 445 2839 τοῦ
483 2788 671 2855 νόμου·
701 2785 798 2839 Δεῖ
826 2786 895 2838 δὲ
919 2784 1263 2854 φιλαλήθως
1286 2784 1425 2849 τοὺς
1455 2784 1749 2852 ἐννόμους
1778 2784 1921 2852 ἀγω-

347 2880 586 2943 νιστὰς,
619 2876 813 2931 πάντα
850 2878 1410 2947 συμπεριλαὸόντας
1440 2878 1917 2943 ἀπαραλείπτως,

348 2967 511 3020 ἀλλὰ
534 2966 621 3034 μὴ
638 2966 788 3035 πρὸς
813 2966 1050 3033 ἀπάτην
1074 2966 1257 3043 μέρος
1269 2964 1387 3033 μὲν
1410 2962 1787 3031 ἀποσιωπᾷν,
1816 2964 1919 3032 μέ-

342 3076 456 3126 ρος
483 3058 552 3110 δὲ
571 3056 1348 3125 ἁποσπῶνταςοπροςρέρειν.
1387 3055 1658 3118 Ὡσαύτως
1692 3057 1785 3109 καὶ
1815 3056 1920 3106 Βα-

2022 1870 2250 1938 jactant.
2286 1867 2350 1921 Et
2381 1875 2504 1934 post
2535 1880 2640 1920 non
2686 1867 2842 1935 longe
2874 1867 3040 1921 illud:
3070 1865 3231 1921 Deum
3278 1868 3332 1921 in
3370 1866 3579 1923 Christo

2019 1959 2269 2010 mundum
2304 1957 2403 2010 sibi
2444 1956 2791 2021 conciliasse,
2842 1973 3005 2027 neque
3056 1959 3311 2012 memoria
3381 1968 3575 2021 tenent,

2021 2067 2111 2103 nec
2135 2052 2324 2119 lingua:
2361 2051 2571 2120 organis
2611 2051 2885 2116 conferunt
2920 2065 2940 2104 :
2979 2051 3069 2104 sed
3096 2052 3250 2105 veluti
3286 2067 3462 2122 graves
3489 2070 3580 2106 ca-

2020 2142 2360 2195 lumniatores
2383 2152 2431 2195 et
2457 2152 2790 2196 accusatores
2813 2142 2981 2195 locum
3005 2142 3403 2212 labefactantes,
3425 2163 3580 2199 accu-

2023 2235 2245 2287 sationis
2288 2244 2548 2288 certamen
2574 2234 2877 2289 instituunt.
2916 2235 3119 2289 Deinde
3151 2246 3208 2289 et
3233 2236 3365 2305 legis
3388 2238 3579 2291 decre-
3618 2228 3621 2231 ⁷

2022 2338 2134 2381 tum
2169 2344 2181 2379 :
2218 2325 2433 2394 Oportet
2476 2342 2597 2381 vero
2641 2329 2875 2381 ueritatis
2903 2330 3077 2383 studio
3106 2329 3335 2400 legitime
3358 2330 3522 2402 240
3549 2331 3579 2384 b

2022 2428 2320 2481 certantes,
2366 2419 2541 2472 omnia
2590 2419 2795 2473 abunde
2840 2420 3167 2490 accipientes,
3222 2425 3312 2476 sed
3358 2440 3461 2477 non
3510 2425 3580 2478 ad

2024 2510 2290 2579 fraudem,
2330 2512 2521 2578 partim
2544 2510 2751 2580 quidem
2776 2509 2947 2575 silere,
2976 2512 3168 2577 partim
3192 2530 3310 2567 vero
3333 2515 3584 2583 arripien-

2024 2615 2098 2655 tes
2135 2602 2347 2670 oﬂ‘erre.
2395 2602 2485 2655 Sic
2530 2603 2744 2657 divinus
2781 2601 3020 2669 Basilius
3057 2604 3124 2658 ad
3172 2603 3313 2659 hunc
3363 2606 3579 2661 modum

2025 2694 2349 2763 Sozopolitis
2375 2695 2616 2749 scribens
2649 2713 2663 2748 :
2700 2693 2823 2747 Non
2854 2711 3031 2749 recens
3054 2696 3315 2764 opinionis
3347 2705 3457 2752 lucc
3478 2700 3581 2752 im-

2023 2785 2204 2849 pietas,
2232 2783 2386 2837 sedet
2418 2784 2543 2836 olint
2571 2784 2635 2837 ab
2696 2784 2919 2838 absurdo
2952 2786 3139 2839 insano
3190 2785 3463 2842 Valentino
3502 2790 3601 2843 ιιι-η

2024 2875 2234 2937 choata,
2262 2875 2351 2943 qui
2371 2891 2543 2941 pauca
2568 2876 2802 2941 Apostoli
2826 2876 2976 2929 verba
3000 2878 3330 2944 contrahens,
3364 2880 3585 2950 impium

2026 2967 2125 3019 sibi
2160 2966 2467 3035 ﬁgmentum
2493 2974 2831 3036 praeparavit.
2863 2967 2935 3023 Ut
2963 2970 3204 3025 haeretici
3229 2982 3472 3028 amentes
3496 2988 3587 3028 so-

2030 3058 2139 3112 lent
2185 3068 2392 3127 partem
2447 3058 2677 3128 aliquam
2712 3058 3007 3130 Scriptura;
3056 3062 3297 3132 arripere
3343 3073 3399 3118 et
3447 3065 3587 3121 hanc

352 3151 551 3214 σίλειος
604 3153 633 3203 6
688 3150 829 3213 θεῖος
890 3151 1093 3203 οὑτωσὶ
1143 3147 1541 3213 Σωζοπολίταις
1597 3147 1917 3201 ἐπιστέλλων

2027 3152 2341 3219 depravare,
2367 3163 2591 3220 propter
2618 3150 2757 3206 hanc
2780 3163 2977 3207 caetera
3010 3156 3392 3223 condemnare,
3423 3165 3479 3212 et
3518 3158 3588 3212 sb

353 3242 577 3310 γράφει·
600 3242 682 3293 Οὐ
708 3240 997 3308 νεώτερον
1020 3240 1193 3293 τοῦτο
1216 3239 1326 3307 τῆς
1354 3238 1660 3307 δοκήσεως
1685 3239 1751 3291 τὸ
1780 3237 1923 3292 ἀσέ-

359 3334 537 3398 ϐημα,
564 3329 726 3384 ἀλλὰ
746 3328 931 3384 πάλαι
957 3331 1076 3384 ἀπὸ
1093 3330 1199 3383 τοῦ
1208 3332 1647 3399 ματαιόφρονος
1668 3330 1922 3399 ἀρξάμε-

354 3440 466 3475 νον
497 3422 921 3485 Οὐαλεντίνου,
962 3422 1029 3487 ὸς
1056 3422 1264 3489 ὀλίγας
1283 3421 1389 3474 τοῦ
1420 3420 1783 3475 Ἀποστόλου
1820 3419 1921 3474 λέ-

358 3514 484 3579 ξεις
535 3511 972 3580 ἀποσπαράξας
1034 3511 1100 3565 τὸ
1164 3512 1460 3577 δυσσεϐὲς
1525 3509 1715 3575 ἐαυτῷ
1781 3526 1921 3563 κατ-

358 3605 661 3657 εσκεύασε
687 3604 958 3672 πλάσμα.
987 3602 1150 3655 Ὥστε
1180 3602 1277 3673 τῆς
1312 3602 1421 3654 τῶν
1458 3600 1751 3671 αίρετικῶν
1776 3601 1922 3653 ὲστιν

358 3695 654 3759 ἀπονοίας,
704 3696 867 3764 μέρος
911 3711 963 3747 τι
1006 3694 1387 3762 παραλαϐόντα
1430 3694 1530 3763 τῆς
1574 3693 1792 3763 γραφῆς
1826 3694 1921 3746 καὶ⁹

353 3786 517 3838 τοῦτο
554 3786 1048 3857 παραχαράσσοντα
1075 3786 1141 3838 δι’
1167 3785 1332 3837 αὑτοῦ
1381 3802 1441 3837 τε
1473 3786 1825 3851 συκοφαντεῖν
1852 3785 1922 3837 τὰ

352 3876 542 3941 λοιπὰ,
588 3878 682 3929 καὶ
710 3877 798 3929 διὰ
831 3878 929 3948 τῆς
964 3878 1073 3929 τῶν
1124 3877 1283 3946 ἱερῶν
1322 3875 1530 3943 Δογίων
1561 3876 1921 3943 συκοφαντίας

352 3972 449 4022 καὶ
509 3969 823 4039 κατατομῆς
866 3970 1187 4039 συγκροτεῖν
1242 3970 1454 4030 ἑαυτοῖς
1500 3967 1598 4039 τὴν
1644 3967 1916 4021 ἀσέϐειαν.

352 4058 513 4113 Οὕτω
537 4059 583 4112 δ’
613 4059 680 4113 ἂν
704 4060 1107 4130 κατηγορηθείη
1136 4061 1249 4120 τοῖς
1278 4059 1500 4112 ἀσεϐέσι
1536 4060 1630 4111 κα)⁵
1665 4059 1866 4129 Πέτρος
1892 4059 1921 4111 6

352 4153 652 4222 κορυφαῖος
704 4152 811 4203 τῶν
847 4150 1177 4215 ἀποστόλων,
1210 4150 1286 4213 ὡς
1327 4149 1544 4219 διαιρῶν
1580 4149 1671 4203 τὸν
1709 4149 1919 4218 Ἐμμα-

350 4245 535 4314 νουήλ⁸
562 4261 744 4312 φησιν·
764 4243 1007 4311 Ἰησοῦν
1030 4243 1135 4297 τὸν
1153 4242 1273 4296 ἀπὸ
1295 4240 1562 4309 Ναζαρὲθ
1576 4241 1657 4307 ὡς
1671 4240 1921 4308 ἔχρισεν

351 4333 543 4387 αὑτὸν
558 4336 590 4387 ό
609 4334 751 4399 Θεὸς
775 4334 1071 4400 Πνεύματι
1092 4331 1236 4398 ἁγίῳ
1252 4331 1348 4384 καὶ
1365 4330 1633 4399 δυνάμει,
1663 4329 1733 4388 ὃς
1760 4327 1920 4395 διῆλ-

2028 3254 2305 3294 sacrarum
2339 3240 2631 3294 lectionum
2663 3240 2951 3298 calumniis
2992 3251 3048 3297 et
3087 3244 3440 3302 divisionibus
3481 3248 3585 3302 im-

2024 3331 2166 3399 pium
2193 3331 2386 3399 dogma
2443 3330 2699 3387 conﬂare.
2734 3333 2825 3387 Sic
2851 3341 2905 3387 et
2926 3335 3293 3403 apostolorum
3331 3339 3585 3408 princeps

2021 3423 2088 3477 ab
2121 3423 2299 3492 impiis
2338 3432 2623 3479 accusatus
2675 3433 2779 3490 est,
2821 3434 2880 3479 ut
2933 3426 3176 3483 dividens
3218 3427 3583 3489 Emmanuel:

2022 3515 2195 3584 inquit
2224 3514 2443 3569 :Jesum
2474 3513 2835 3579 Nazarenunt,
2877 3518 3135 3586 quomodo
3172 3523 3384 3574 unxerit
3416 3523 3587 3593 ipsum

2024 3605 2160 3659 Deus
2189 3616 2371 3659 sancto
2409 3603 2613 3673 Spiritu
2643 3608 2704 3673 {et
2746 3607 2959 3672 uirtute,
3002 3610 3092 3679 qui
3123 3612 3255 3664 venit
3282 3612 3584 3682 benefactu-

2020 3713 2109 3750 rus
2136 3706 2183 3750 et
2224 3697 2454 3750 liberans
2508 3714 2684 3753 omnes
2724 3700 3001 3769 tyrannide
3047 3718 3313 3770 oppressos
3360 3706 3580 3771 diaboli,

2020 3790 2139 3859 quia
2154 3788 2291 3842 Deus
2301 3799 2414 3843 erat
2426 3806 2540 3843 cum
2553 3806 2611 3844 eo
2626 3791 2675 3829 h‘
2686 3830 2700 3843 .
2719 3791 2782 3845 Et
2799 3791 3036 3860 profecto
3048 3792 3268 3848 Paulum
3282 3796 3466 3851 orbem
3484 3808 3582 3853 ter-

2022 3896 2199 3934 rarum
2224 3882 2434 3949 pietatis
2452 3884 2717 3951 praeconio
2736 3898 2895 3952 percu
2906 3887 3428 3953 rrentem,similibus
3447 3890 3581 3957 inju-

2021 3971 2114 4023 riis
2149 3981 2201 4023 et
2238 3972 2520 4025 calumniis
2550 3972 2888 4041 perstringit,
2926 3972 2978 4026 in
3000 3975 3194 4042 quibus
3231 3978 3581 4033 concionatus

2018 4061 2433 4118 Atheniensibus
2458 4064 2666 4119 locutus
2684 4066 2804 4119 esti
2838 4082 2853 4119 :
2884 4067 3174 4121 Annuntiat
3199 4069 3495 4124 hominibus
3524 4084 3581 4125 ut

2019 4171 2200 4210 omnes
2219 4155 2406 4224 ubique
2421 4156 2772 4223 paenitentiam
2797 4166 3048 4227 agant,eo
3062 4159 3199 4228 quod
3220 4162 3401 4213 statuit
3415 4162 3576 4227 diem,

2022 4247 2077 4299 in
2095 4260 2197 4309 quo
2211 4244 2552 4315 judicaturus
2575 4258 2649 4300 est
2667 4249 2840 4301 orbem
2859 4249 2913 4301 in
2930 4252 3175 4317 (equitate
3196 4251 3251 4303 in
3269 4253 3397 4318 uiro,
3416 4253 3471 4306 in
3484 4270 3584 4323 que

2018 4334 2200 4387 statuit
2232 4334 2389 4401 [idem
2413 4334 2647 4402 prmbens
2666 4334 2922 4399 omnibus,
2949 4337 3209 4392 suscitans
3235 4354 3355 4391 eum
3385 4356 3418 4393 a
3444 4357 3583 4393 mor-

352 4429 460 4479 θεν
487 4425 815 4494 εὐεργετῶν
844 4425 940 4478 καὶ
965 4425 1211 4493 ἰώμενος
1231 4423 1461 4488 πάντας
1488 4423 1630 4488 τοὺς
1659 4421 1917 4476 καταδυ-

2022 4424 2143 4477 tuis.
2187 4422 2264 4478 De
2295 4424 2491 4492 quibus
2534 4424 2727 4478 iterum
2770 4424 2839 4478 ad
2880 4425 3135 4482 Hebraeos
3169 4430 3412 4483 scribens
3455 4432 3526 4483 ait
3564 4451 3578 4485 :

352 4515 833 4584 ναστευομένους
860 4515 981 4569 ὑπὸ
1024 4514 1130 4567 τοῦ
1159 4513 1458 4576 διαϐόλου,
1490 4512 1579 4566 ὅτι
1599 4516 1632 4567 ό
1668 4512 1812 4576 Θεὸς
1838 4509 1917 4581 ἦν

2022 4514 2123 4579 Qui
2167 4515 2223 4567 in
2253 4513 2434 4567 diebus
2472 4515 2646 4567 carnis
2702 4531 2813 4569 sum
2852 4532 3027 4584 preces
3064 4518 3581 4589 supplicationesque

349 4608 476 4675 μετ’
505 4605 711 4660 αὑτοῦ.
730 4605 837 4659 Ναὶ
863 4606 929 4676 δὴ
948 4608 1044 4658 καὶ
1066 4604 1298 4667 Παῦλον,
1322 4604 1411 4657 τὸν
1432 4604 1795 4673 περιλαϐόντα
1818 4603 1917 4673 τὴν

2022 4607 2087 4657 ad
2119 4620 2235 4658 eum
2264 4605 2354 4673 qui
2386 4605 2549 4671 possit
2584 4604 2734 4658 illum
2764 4606 2966 4660 soluunt
2992 4608 3165 4675 facere
3187 4626 3219 4662 a
3250 4619 3413 4665 morte
3441 4609 3489 4677 ἱ,
3526 4621 3581 4665 et

353 4698 682 4767 οίκουμένην
710 4696 788 4767 τῷ
802 4697 901 4766 τῆς
924 4696 1202 4759 εὐσεϐείας
1229 4695 1565 4766 κηρύγματι,
1583 4697 1693 4757 τοῖς
1711 4693 1913 4764 ὁμοίοις

2022 4695 2297 4762 deinceps.
2341 4693 2715 4748 Calumniator
2757 4695 2921 4765 igitur
2953 4698 3155 4766 proprii
3192 4699 3321 4753 furti
3350 4709 3409 4754 et
3436 4700 3579 4756 lacc-

353 4789 809 4860 ἀκρωτηριαστὴς
830 4790 924 4843 καὶ
937 4789 1272 4857 συκοφάντης
1288 4790 1307 4818 ¹
1324 4787 1648 4850 αἰτιάσεται,
1667 4787 1724 4839 ὲν
1741 4780 1819 4848 οἷς
1834 4785 1917 4855 δη-

2022 4785 2253 4840 rationis
2279 4784 2516 4856 judicent
2548 4786 2785 4855 seipsum
2810 4788 3164 4850 constituens,
3199 4804 3307 4844 non
3342 4799 3401 4844 ut
3439 4792 3580 4847 nullo

358 4881 617 4950 μηγορῶν
640 4884 775 4951 πρὸς
791 4880 1104 4949 Ἀθηναίους
1131 4880 1153 4911 ⁸
1178 4879 1302 4949 ἔφη·
1331 4876 1735 4947 Παραγγέλλω
1752 4876 1772 4906 ⁵
1795 4878 1917 4941 τοῖς

2025 4876 2296 4931 hominem
2336 4875 2579 4932 dicentes
2608 4875 2893 4933 Dominum
2928 4888 3170 4935 nostrum
3202 4879 3386 4938 Jesum
3413 4882 3574 4940 Chri-

355 4971 689 5039 ἀνθρώποις
713 4968 863 5026 πᾶσι
891 4968 1222 5040 μετανοεῖν,
1243 4970 1447 5023 καθότι
1478 4969 1743 5035 ἔστησεν
1776 4966 1917 5035 ἡμέ-

2026 4978 2188 5033 stum,
2234 4976 2609 5023 contemneret
2660 4983 2939 5039 praecones
2996 4971 3187 5040 ipsius,
3228 4976 3324 5030 sed
3369 4990 3476 5031 non
3505 4979 3586 5032 sic

353 5078 468 5129 par
486 5063 557 5115 ἐν
577 5062 616 5129 ᾖ
630 5062 840 5131 μέλλει
863 5064 1090 5131 κρίνειν
1108 5061 1223 5129 τὴν
1239 5062 1597 5130 οἰκουμένην
1615 5061 1683 5114 ἐν
1698 5059 1917 5113 δικαιο-

2026 5059 2272 5114 veritatis
2311 5058 2541 5113 amicus.
2587 5057 2656 5112 Et
2690 5059 2966 5128 prmdictis
3004 5059 3325 5131 adiungens,
3371 5079 3491 5134 quae
3516 5082 3585 5120 ex

357 5153 538 5219 σύνῃ,
567 5153 639 5205 ἐν
658 5154 828 5222 ἀνδρὶ
851 5148 900 5221 ᾧ
919 5152 1117 5221 ὥρισε,
1139 5153 1349 5207 πίστιν
1363 5150 1690 5221 παρασχὼν
1709 5151 1917 5213 πᾶσιν,

2028 5150 2133 5205 alia
2167 5158 2321 5220 parte
2363 5150 2429 5204 de
2476 5149 2761 5206 Salvatore
2782 5165 2813 5205 a
2845 5151 3064 5221 pietatis
3102 5167 3349 5222 praeone
3373 5156 3585 5210 denun-

358 5242 711 5310 ἀναστήσας
746 5248 932 5300 αὐτὸν
955 5246 1025 5299 ἐκ
1062 5245 1311 5313 νεκρῶν.
1358 5244 1448 5297 Ἐν
1473 5237 1553 5306 οἷς
1589 5242 1747 5297 πάλιν
1786 5243 1917 5311 πρὸς

2028 5244 2160 5299 tiats
2210 5251 2357 5308 sunt.
2408 5250 2565 5297 extra
2599 5257 2817 5299 omnem
2866 5244 3120 5315 injuriam
3163 5245 3380 5316 pietatis
3416 5250 3587 5317 magi-

427 5394 457 5434 ιι
483 5394 685 5450 Ezech.
713 5411 831 5463 xm,
868 5398 902 5452 5
982 5397 1029 5437 δ’
1053 5399 1173 5453 Act.
1204 5414 1257 5464 ιι,
1294 5396 1383 5454 38.
1470 5397 1486 5438 ι
1519 5397 1640 5451 Act.
1670 5410 1803 5458 xvtt,
1834 5395 1917 5451 30.

2058 5395 2220 5453 Hebr.
2245 5354 2302 5462 ν,
2336 5398 2384 5454 7.

1663 5512 1700 5560 V
1712 5512 1896 5567 ΑΒΙᾹΞ
1943 5512 2345 5570 LECTIONES.

427 5626 475 5701 ξδ
503 5626 651 5699 οὐαί]
686 5627 882 5701 Ezech.
915 5646 1033 5697 xm,
1064 5632 1117 5686 5.
1226 5631 1270 5663 ’⁸
1298 5629 1358 5694 ἒξ
1384 5627 1585 5701 λόγοις]
1607 5627 1750 5701 ἕκτῳ
1781 5629 1923 5701 λόγῳ
1959 5630 2261 5701 Fabricius.
2340 5631 2356 5661 ¹
2384 5632 2460 5701 μὴ
2505 5633 2627 5688 add.
2688 5646 2831 5688 corr.
2892 5633 2958 5687 Α.

689 5636 1117 5710 βιοθῑιηχιιιζὸ.
1162 5701 1174 5710 _
1226 5636 1358 5710 'fAEE
1384 5636 1585 5710 λόγοις)
1607 5636 1750 5710 ἓκτω
1782 5636 1923 5710 λόγῳ
1960 5636 2261 5710 Fabricius.
2340 5636 2356 5661 ‘
2384 5636 2460 5701 μὴ
2505 5636 2627 5710 a_dt_l.
2688 5646 2831 5688 corr.
3062 5636 3583 5707 ’ἀκρωτηριαουαῐς

369 5698 463 5754 καὶ
500 5698 858 5767 συκοφάνταις
878 5703 941 5757 Δ.
1031 5702 1052 5734 ³
1083 5701 1217 5773 πρὸς
1238 5701 1523 5782 αθηναίυυς
1551 5698 1593 5751 Α
1618 5715 1633 5753 :
1666 5700 1757 5754 καὶ
1784 5700 2059 5771 ὰοηναίοις
2090 5718 2151 5767 ς.
2228 5702 2251 5735 ⁵
2272 5698 2540 5776 παραπέσῃ]
2571 5706 2692 5762 Act.
2718 5720 2850 5773 xvn,
2876 5704 2966 5761 50.
3186 5698 3199 5707 ’
3249 5749 3257 5770 ,
