3972 6248
320 292 426 405 sta

1468 334 1731 396 PHOTII
1760 329 2264 394 PATRIARCHAZ
2308 329 2416 390 ΕΡ.

3461 329 3566 392 944

320 463 465 506 atros
491 447 748 513 oswmlit,
777 453 837 502 ut
870 443 999 500 illud
1037 443 1279 513 adjnngit
1312 460 1325 496 :
1381 441 1567 497 Patres
1603 458 1667 496 ea:
1699 443 1880 512 quibus

2005 415 2280 510 Ἐϐραίους
2303 437 2324 468 ⁸
2346 436 2572 507 γράφων
2607 435 2789 507 φησίνο
2813 434 2931 509 [761
2954 435 3048 508 3.]
3077 439 3171 504 Ὃς
3191 436 3260 490 ἐν
3279 436 3408 503 ταῖς
3422 437 3566 506 ἡμεο

318 553 394 596 est
422 539 664 608 Christus
709 538 993 593 secundum
1037 551 1271 601 carnem,
1298 535 1386 603 qui
1425 544 1502 588 est
1532 551 1688 604 super
1715 537 1890 589 omnia

2005 545 2119 592 >αις
2139 525 2248 594 τῆς
2259 525 2482 595 σαρκὸς
2499 527 2680 580 αὐτοῦ
2704 526 2944 594 δεήσεις
2971 527 3071 582 καί
3102 527 3403 596 ίκετήρίας
3418 527 3570 596 πρὸς

322 631 619 686 benedictus
650 630 706 681 in
731 626 947 686 swcula.
978 624 1146 680 Amen
1193 626 1244 681 ιι.
1287 623 1450 680 Certe
1487 635 1543 678 et
1581 625 1708 680 illud
1738 642 1752 679 :
1786 624 1889 690 Qui

325 739 444 777 cum
484 722 550 776 sit
605 719 853 789 splendor
878 717 1086 789 gloriaz,
1125 728 1173 772 et
1208 717 1382 788 ﬁgura
1423 718 1726 772 substantiis
1753 718 1885 785 ejus,

327 823 643 883 portamque
703 810 879 864 omnia
951 807 1116 864 Verbo
1160 810 1369 864 uirtutis
1418 826 1528 865 sure
1572 807 1614 865 ι.
1659 807 1892 880 Haecque

320 905 511 976 primis
561 903 1002 968 accommodans,
1042 911 1098 957 et
1133 900 1445 956 Nestorium
1468 901 1689 972 impium
1732 901 1785 955 in
1809 899 1892 956 bis

321 996 622 1060 accusabit,
677 994 875 1066 zﬁla
923 1004 976 1049 et
1032 995 1291 1064 pietatem
1344 994 1632 1048 clariorem
1684 994 1889 1047 reddet.

321 1091 390 1144 Et
420 1089 498 1144 sic
525 1103 740 1142 rursum
780 1089 992 1142 divinus
1023 1086 1252 1142 Basilius
1302 1087 1416 1141 fieri
1454 1089 1520 1142 de
1557 1087 1892 1142 orationibus

319 1181 580 1250 judicium
621 1179 835 1246 suadet,
887 1178 1083 1248 quibus
1111 1178 1177 1232 ad
1209 1176 1505 1232 monachos
1545 1176 1793 1246 ambigue
1821 1177 1894 1230 di-

323 1282 409 1327 cta
458 1271 773 1340 perscribit,
823 1280 878 1326 et
923 1271 1153 1325 obscure
1200 1269 1341 1323 dicta
1382 1268 1437 1322 in
1483 1267 1690 1336 aliquot
1729 1281 1896 1322 sacrae

326 1365 620 1432 Scriptura:
654 1363 788 1419 locis
818 1363 955 1431 visa,
985 1372 1043 1416 ut
1073 1361 1174 1414 alia
1208 1360 1353 1417 clare
1383 1360 1526 1416 dicta
1561 1359 1677 1414 loca
1709 1371 1892 1414 osten-

323 1458 459 1510 dunt
487 1471 505 1512 :
546 1454 669 1509 Non
698 1465 937 1522 oportere
968 1470 1059 1522 per
1094 1452 1293 1522 aliquot
1326 1452 1629 1521 fragmenta
1658 1461 1703 1505 et
1726 1451 1896 1504 divul-

324 1547 498 1599 siones
524 1543 797 1610 scriptoris
829 1544 1075 1613 pietatem
1099 1541 1364 1610 judicare,
1393 1539 1529 1595 adeo
1568 1539 1774 1595 clarum
1807 1555 1895 1594 ra-

327 1635 475 1691 dium
526 1633 729 1691 emittit
781 1634 1002 1699 veritas,
1053 1643 1113 1687 ut
1171 1631 1430 1687 Severum
1490 1631 1545 1687 in
1596 1632 1680 1686 his
1722 1647 1896 1687 οπεο-

332 1731 577 1792 tientem,
624 1738 808 1782 tamen
855 1739 1180 1781 consensum
1212 1725 1475 1780 suasisse.
1519 1725 1722 1780 Scribit
1751 1726 1896 1779 enim

1989 619 2096 672 τὸν
2109 618 2450 688 δυνάμενον
2467 616 2676 679 σώζειν
2693 618 2876 672 αὐτὸν
2891 619 2961 672 ἐκ
2982 620 3260 684 θανάτου,
3295 620 3388 672 καὶ
3419 618 3566 689 έξῆς.

1989 708 2114 782 'Ap‘
2141 712 2169 764 ὁ
2198 711 2540 780 συκοφάντης
2574 711 2671 763 καὶ
2711 711 2817 764 τῶν
2845 711 3062 764 οἰκείων
3103 712 3435 782 κλεμμάτων
3473 713 3570 764 καὶ

1992 806 2405 876 σπαραγμάτων
2445 804 2636 876 κριτὴν
2663 805 2858 858 ἑαυτὸν
2899 803 3071 859 ποιῶν
3101 806 3198 875 ούχ
3238 805 3314 869 ὡς
3359 803 3571 875 ἄνθρω-

1992 915 2092 951 πον
2126 898 2391 966 λεγόντων
2414 897 2567 967 ψιλὸν
2607 897 2698 951 τὸν
2726 897 2930 968 Κύριον
2959 896 3118 967 ἡμῶν
3172 898 3382 966 Ἰησοῦν
3432 897 3571 968 Χρι-

1995 991 2137 1056 στὸν,
2166 992 2265 1044 ούκ
2293 989 2358 1044 ἂν
2392 989 2692 1060 καταγνοίη
2727 989 2835 1042 τῶν
2865 989 3123 1058 κηρύκων
3151 990 3252 1060 τῆς
3280 987 3575 1060 θεότητος·

1992 1082 2156 1137 αὑτοῦ
2180 1102 2194 1148 ;
2227 1083 2345 1136 ἁλλ’
2368 1083 2468 1154 ούχ
2499 1081 2644 1136 οὕτω
2680 1098 2745 1151 γε
2772 1081 2874 1152 τῆς
2902 1081 3163 1152 ἀληθείας
3187 1084 3215 1134 ὁ
3243 1081 3394 1151 φίλος
3415 1120 3429 1144 .
3456 1081 3574 1137 ἀλλ’

1993 1174 2330 1244 έπισυνάψας
2351 1177 2462 1237 τοῖς
2491 1173 2908 1245 προειρημένοις
2934 1173 3062 1246 [596
3084 1171 3214 1244 Η.]ἃ
3237 1172 3358 1226 καθ’
3387 1173 3577 1246 ἕτερον

1998 1266 2159 1337 μέρος
2191 1265 2322 1337 περὶ
2350 1265 2444 1318 τοῦ
2477 1266 2733 1336 Σωτῆρος
2763 1267 2874 1329 τοῖς
2907 1265 3008 1336 τῆς
3036 1262 3318 1328 εὐσεϐείας
3345 1265 3577 1335 κήρυξιν

1995 1355 2349 1427 ὲθεολογήθη,
2384 1357 2566 1427 πάσης
2600 1356 2812 1427 ὕϐρεως
2864 1356 3170 1426 ἀνωτέρους
3202 1356 3329 1419 τοὺς
3357 1357 3456 1426 τῆς
3487 1355 3578 1408 εύ-

1997 1449 2210 1514 σεόείας
2253 1448 2528 1514 ἀποδείξει
2577 1447 2956 1511 διδασκάλους.
3017 1440 3144 1500 Οἷον
3192 1445 3426 1516 συνάψει
3465 1448 3580 1507 τοῖς

1997 1541 2413 1614 προειρημένοις
2464 1542 2544 1607 τὸ,
2575 1535 2724 1595 Ὦντ
2778 1543 2834 1594 οί
2862 1538 3117 1608 πατέρες
3139 1581 3153 1604 ,
3182 1540 3280 1592 καί
3319 1539 3387 1603 ἐξ
3429 1531 3517 1592 ὧν
3545 1540 3582 1592 ὁ

1997 1636 2248 1705 Χριστὸς
2277 1635 2343 1689 τὸ
2390 1635 2541 1689 κατὰ
2567 1634 2788 1703 σάρκα,
2823 1639 2855 1690 ό
2888 1635 2973 1688 ὢν
3014 1633 3115 1687 ἐπὶ
3147 1633 3390 1687 πάντων
3436 1633 3582 1697 Θεὸς

1997 1725 2323 1796 εὐλογητὸς
2345 1726 2431 1790 είς
2453 1725 2474 1756 ⁸
2498 1724 2640 1791 τοὺς
2665 1723 2907 1791 αἰῶνας,
2929 1724 3134 1794 Ἀμήν·
3158 1725 3246 1777 ναὶ
3275 1724 3340 1793 δὴ
3369 1723 3465 1776 καὶ
3499 1723 3581 1783 τὸ,

331 1824 395 1875 ad
426 1819 698 1875 Julianum
741 1818 1228 1874 Halicarnassazum
1260 1833 1275 1870 :
1332 1814 1549 1886 Oportet
1573 1817 1736 1886 igitur
1759 1831 1896 1882 pra:-

2005 1819 2130 1904 Ὂςξ
2162 1814 2246 1869 ὢν
2273 1818 2641 1887 ἀπαύγασμα
2670 1814 2778 1885 τῆς
2804 1817 2990 1883 δόξης
3017 1815 3119 1869 καί
3136 1813 3439 1885 χαρακτὴρ
3469 1813 3583 1883 τῆς

330 1913 591 1982 ceptiones
629 1923 932 1966 sanctorum
981 1919 1179 1964 sancta:
1215 1908 1467 1964 Ecclesia:
1506 1910 1778 1963 doctorum
1809 1925 1900 1978 per

327 2005 654 2058 occasionem
707 2003 934 2072 perfecte
971 2003 1158 2071 legere,
1184 2011 1231 2055 et
1263 2018 1367 2056 non
1395 2001 1698 2071 singulatim
1725 2004 1901 2055 omnia

328 2095 584 2165 proferre,
617 2105 666 2149 et
692 2097 755 2148 de
799 2105 907 2148 toto
935 2111 1089 2147 sensu
1114 2093 1408 2163 periculose
1435 2095 1752 2163 conjectare.
1785 2093 1900 2147 Hoc

327 2191 383 2242 in
431 2189 735 2257 apostolicis
774 2197 928 2258 atque
959 2189 1269 2257 euangelicis
1307 2189 1540 2254 scriptis,
1588 2197 1742 2258 atque
1772 2188 1901 2241 adeo

329 2282 381 2333 in
430 2282 572 2336 omni
618 2281 875 2334 divinitus
928 2281 1194 2349 inspirata
1244 2280 1525 2350 Scriptura
1587 2279 1902 2334 servandum

329 2380 428 2435 est,
455 2371 666 2441 quando
697 2387 801 2425 non
829 2371 882 2424 in
910 2386 1016 2424 una
1044 2387 1163 2426 voce
1189 2373 1386 2426 scilicet
1413 2370 1646 2440 epistolae
1675 2369 1751 2425 vel
1779 2386 1903 2440 ope-

331 2465 402 2516 ris
443 2462 753 2517 collocanda
794 2473 867 2516 est
916 2464 1184 2530 scriptoris
1223 2465 1409 2533 pietas.
1449 2461 1542 2518 Sic
1581 2471 1637 2518 et
1675 2461 1788 2518 veri
1813 2477 1906 2517 ca-

331 2556 489 2608 nonis
519 2554 697 2624 fulgur
731 2553 993 2609 Severum
1018 2569 1218 2610 caecum
1245 2557 1463 2626 proprio
1489 2555 1696 2627 fulgore
1723 2565 1902 2610 tamen

329 2645 437 2700 ι’τοὶ
473 2646 624 2712 sinit,
652 2647 746 2701 sed
784 2645 1167 2718 inexplicabile
1197 2646 1331 2720 legis
1368 2647 1534 2703 robur
1575 2662 1907 2720 cognoscere

332 2738 503 2793 licuit.
561 2737 652 2793 Uti
699 2753 828 2795 vero
882 2749 1142 2794 consueta
1185 2740 1457 2796 sententia
1500 2740 1760 2811 neglexit.
1794 2741 1906 2796 Pite

332 2827 474 2883 enim
505 2828 780 2883 memoria:
811 2827 956 2882 beati
987 2826 1186 2884 Leonis
1227 2829 1425 2883 librum
1457 2843 1565 2885 non
1595 2829 1713 2899 lege
1743 2845 1906 2899 quam

334 2919 670 2988 praedicavit,
701 2919 798 2974 sed
827 2921 1100 2974 contraria
1145 2921 1458 2990 expendens
1492 2920 1696 2991 lingua,
1731 2932 1785 2977 et
1812 2934 1909 2990 per

336 3011 640 3081 fragmenta
683 3010 928 3081 quaedam
957 3021 1012 3066 et
1041 3011 1360 3081 perniciosis
1389 3013 1733 3069 sermonibus
1769 3028 1908 3083 prae-

338 3103 518 3167 fando,
575 3101 725 3156 visus
769 3112 854 3157 est
899 3102 967 3157 de
1011 3103 1286 3170 impietate
1329 3104 1414 3173 pie
1462 3103 1744 3160 scribere:
1796 3106 1909 3174 ipse

339 3208 466 3250 reus
488 3209 616 3248 vero
657 3196 926 3252 exslstens
947 3210 1133 3250 eorum
1169 3211 1288 3266 qua:
1322 3197 1443 3253 aliis
1467 3195 1709 3267 obiicere
1748 3211 1914 3252 ausus

338 3295 443 3340 est.
470 3285 622 3352 ,Qnis
660 3286 806 3340 enim
853 3287 990 3343 alius
1029 3289 1244 3343 acutius
1294 3290 1456 3342 telum
1506 3291 1559 3343 in
1599 3288 1915 3345 Nestorium

342 3378 565 3446 impium
604 3379 782 3442 torsit,
812 3393 973 3448 quam
1009 3393 1140 3433 voce
1183 3381 1403 3434 robusta
1447 3379 1592 3436 Leo?
1624 3379 1918 3451 lmpatibi-

342 3471 407 3524 iis
438 3468 576 3524 Deus
603 3470 851 3540 dignatus
877 3481 952 3525 est
981 3470 1133 3524 homo
1163 3471 1300 3540 ﬁeri,
1340 3483 1388 3526 et
1423 3473 1738 3528 immortalis
1777 3489 1920 3527 mor-

343 3563 409 3616 tis
452 3577 636 3631 parere
689 3560 910 3632 legibus.
948 3561 1073 3618 Haec
1121 3565 1457 3634 sycophanta
1510 3568 1915 3636 praetermittit:

344 3654 447 3708 alia
481 3668 608 3709 vero
650 3654 897 3723 quaedam
950 3655 1094 3708 dicta
1143 3670 1396 3711 reserans
1435 3658 1499 3710 ad
1531 3674 1688 3714 suum
1727 3660 1918 3729 dogma

345 3745 509 3814 rapit,
568 3760 670 3802 nec
729 3747 896 3816 pudet
952 3748 1106 3801 vocis
1164 3747 1308 3802 illius
1368 3751 1669 3818 praedictae;
1745 3766 1921 3822 neque

349 3853 648 3906 agnoscere
680 3840 748 3894 ab
787 3839 905 3907 ipso
951 3839 1150 3893 cultam
1199 3841 1313 3894 vult
1346 3841 1537 3910 legem.
1571 3823 1627 3897 Si
1664 3846 1806 3898 enim
1839 3847 1919 3899 in-

349 3941 497 4002 tegra
549 3930 746 3985 Leonis
791 3931 1017 4000 epistola
1089 3947 1184 4000 per
1239 3934 1616 4003 ambiguitates
1679 3939 1921 3992 ambula-

346 4023 443 4084 vit,
492 4023 656 4083 etiam
695 4038 763 4077 ex
818 4037 926 4092 quo
977 4024 1262 4093 Acepbali,
1297 4026 1458 4081 unius
1492 4041 1740 4096 personae
1785 4031 1921 4083 divi-

351 4113 559 4168 sionem
590 4113 874 4181 damnant,
906 4115 1121 4170 facilem
1156 4117 1223 4172 iis
1256 4115 1526 4187 imperitia
1561 4119 1922 4176 calumniandi

349 4205 691 4260 occasionem
737 4203 1016 4262 aﬂerebat.
1047 4207 1338 4278 Postquam
1379 4224 1507 4264 vero
1533 4225 1628 4280 per
1659 4213 1924 4267 inmune-

350 4297 540 4352 rabilia
590 4299 763 4368 pietas
813 4309 1029 4356 ostensa
1077 4311 1184 4367 est,
1235 4304 1507 4372 quomodo
1547 4319 1653 4360 non
1707 4305 1863 4378 241
1895 4308 1924 4360 b

350 4387 698 4458 schphanta:
721 4389 990 4458 arripiunt
1014 4389 1240 4445 alteram
1276 4407 1306 4446 a
1337 4395 1510 4462 prima
1545 4395 1926 4464 impietatem?

348 4481 444 4534 sed
475 4481 526 4533 in
560 4480 644 4536 bis
672 4482 848 4551 capita
880 4481 1006 4535 duo.

2000 1909 2399 1977 ὑποστάσεως
2449 1909 2668 1976 αὺτοῦ,
2706 1908 2904 1978 φέρων
2937 1925 3000 1962 τε
3026 1909 3099 1963 τὰ
3135 1907 3332 1962 πάντα
3364 1906 3444 1971 τῷ
3468 1907 3584 1975 ρή-

1995 2021 2138 2073 ματι
2168 2002 2278 2072 τῆς
2304 2003 2614 2073 δυνάμεως
2663 2003 2871 2058 αὑτοῦ.
2912 2003 2972 2055 '0
2995 2003 3170 2055 ταῦτα
3196 2005 3312 2066 τοῖς
3347 2002 3586 2075 πρώτοις

2004 2097 2356 2168 συναρμόσας
2403 2099 2519 2158 ,καὶ
2570 2097 2868 2166 Νεστόριον
2910 2095 3123 2158 τούτοις
3159 2093 3463 2148 ἀσεϐοῦντα
3504 2094 3589 2146 δι·

2002 2191 2244 2262 ελέγξει,
2280 2193 2372 2247 καὶ
2412 2195 2511 2265 τὴν
2541 2193 2825 2247 εὐσέϐειαν
2853 2193 3242 2264 λαμπροτέραν
3291 2192 3580 2259 ἐπιδείξει.

2003 2285 2160 2339 Οὕτω
2189 2286 2247 2339 δὲ
2278 2286 2374 2339 καὶ
2403 2287 2431 2339 ὁ
2476 2285 2780 2356 θαυμάσιος
2811 2286 2973 2340 πάλιν
3005 2285 3285 2350 Βασίλειος
3325 2284 3425 2354 τὴν
3460 2285 3589 2355 περὶ

2001 2379 2112 2432 τῶν
2162 2379 2337 2447 λόγων
2381 2379 2564 2450 κρίσιν
2607 2378 2855 2448 γίνεσθαι
2903 2379 3179 2449 παραινεῖ,
3226 2379 3284 2431 έν
3330 2371 3412 2440 οἷς
3449 2377 3592 2446 πρὸς

2005 2472 2128 2534 τοὺς
2149 2471 2418 2540 μοναχοὺς
2441 2470 2665 2542 γράφειο
2697 2470 2774 2524 Τὰ
2797 2471 3142 2540 ἀμφιϐόλως
3166 2471 3463 2539 λεγόμενα
3486 2467 3589 2523 καί

2004 2563 2573 2632 ἐπικεκαλυμμένως
2591 2560 2868 2630 εἰρῆσθαι
2901 2560 3202 2616 δοκοῦντα
3239 2562 3310 2614 ἓν
3337 2575 3458 2614 τισι
3495 2561 3592 2613 τό-

2006 2671 2141 2719 ποις
2162 2653 2273 2723 τῆς
2302 2654 2706 2708 θεοπνεύστου
2729 2651 2974 2722 Γραφῆς
2994 2654 3114 2708 ὑπὸ
3136 2651 3255 2706 τῶν
3283 2652 3354 2706 ἐν
3373 2651 3589 2716 ἄλλοις

2006 2749 2211 2812 τόποις
2267 2744 2762 2815 ὁμολογουμένων
2800 2743 3208 2813 σαφηνίζεται.
3244 2745 3364 2798 Ὅτι
3403 2742 3472 2795 δὲ
3516 2743 3592 2796 οὐ

2008 2839 2122 2908 χρὴ
2139 2837 2236 2893 διά
2251 2855 2428 2892 τινων
2443 2837 2884 2908 σπαραγμάτων
2898 2838 2996 2891 καί
3015 2835 3464 2906 περικομμάτιον
3477 2835 3595 2903 τὴν

2007 2933 2114 2987 τοῦ
2137 2947 2218 2986 συ
2228 2931 2524 3002 γ-τραςρέως
2545 2931 2769 2999 κρίνειν
2800 2929 3134 2992 εὐσέϐειαν,
3155 2929 3296 2982 οὕτω
3334 2929 3592 2999 λαμπρὰν

2008 3025 2200 3094 ἀφίησι
2225 3023 2322 3094 τὴν
2353 3025 2549 3077 ἀκτῖνα
2575 3023 2610 3091 ἡ
2632 3020 2865 3092 ἀλήθεια
2886 3021 2962 3084 ὡς
2994 3021 3091 3073 καὶ
3120 3019 3361 3090 Σεὸἧρον
3396 3019 3588 3078 αὐτὸν,

2014 3117 2191 3170 καίτοι
2219 3115 2350 3186 περὶ
2374 3113 2550 3168 ταῦτα
2578 3113 2981 3183 τυφλώττοντα,
3029 3112 3181 3182 ὅμως
3211 3113 3400 3165 πεῖσαι
3433 3109 3594 3164 τοῦτο

2016 3209 2263 3263 συνιδεῖν·
2297 3208 2496 3277 γράφει
2534 3207 2641 3277 γάρ
2691 3206 2828 3276 πρὸς
2867 3203 3153 3258 Ἰουλιανὸν
3203 3204 3297 3257 τὸν
3339 3202 3596 3272 Ἁλικαρ·

2013 3299 2196 3355 νασοῦ·
2237 3299 2337 3354 Δεῖ
2361 3300 2570 3353 τοίνυν
2602 3297 2711 3365 τὰς
2741 3298 2863 3350 τῶν
2909 3297 3099 3350 όσίων
3147 3295 3298 3348 κατὰ
3345 3293 3591 3362 καιροὺς

2012 3392 2124 3461 τῆς
2139 3391 2468 3463 ἁγιωτάτης
2485 3390 2848 3456 Ἑκκλησίας
2872 3387 3284 3458 μυσταγωγῶν
3311 3386 3596 3438 διδασκα-

2012 3484 2151 3548 λίας
2187 3480 2442 3545 ἐντελῶς
2471 3481 2931 3551 ἀναγινώσκειν,
2965 3480 3064 3534 καὶ
3090 3477 3175 3547 μὴ
3207 3479 3275 3531 ἐκ
3303 3476 3524 3544 μέρους
3550 3474 3594 3506 ⁸⁸

2015 3572 2089 3626 τὰ
2124 3572 2373 3626 ἐκείνων
2401 3569 2723 3640 προφέρειν
2755 3569 2854 3624 καί
2882 3569 2993 3638 τῆς
3039 3569 3191 3636 ὅλης
3235 3565 3436 3622 αὐτῶν
3465 3567 3594 3620 δια-

2016 3666 2186 3732 νοίας
2205 3664 2602 3731 ἐπικινδύνως
2675 3662 3242 3730 καταστοχάζεσθαι.
3286 3661 3469 3715 Τοῦτο
3525 3659 3594 3712 δὲ

2017 3757 2117 3812 καί
2147 3758 2246 3811 ἐπὶ
2275 3757 2394 3811 τῶν
2422 3755 2848 3812 ἁποστολικῶν
2877 3757 2978 3810 καί
3011 3753 3422 3824 enarrastth
3451 3769 3601 3822 cvr-

2017 3848 2372 3919 γραμμάτων
2401 3851 2498 3903 καὶ
2521 3849 2621 3904 ἐπί
2652 3848 2858 3915 πάσης
2881 3849 2996 3917 τῆς
3023 3847 3432 3902 θεοπνεύστου
3453 3847 3601 3912 Γρα-

2017 3940 2139 4010 φῆς
2164 3941 2459 4010 προσήκει
2490 3942 2704 4007 ποιεῖν,
2743 3941 2872 3996 ἐπεὶ
2897 3939 3055 4010 μηδὲ
3083 3939 3152 3992 ἐκ
3180 3935 3326 4007 μιᾶς
3352 3936 3596 4005 ῥήσει-,ις

2018 4033 2212 4103 ἤγουν
2235 4031 2565 4103 ἐπιστολῆς
2593 4035 2631 4103 ἢ
2665 4033 3086 4102 συντάγματος
3114 4031 3247 4085 ἐστι
3291 4028 3600 4098 παραστῆι

2020 4144 2124 4180 σαι
2149 4127 2264 4194 τὴν
2291 4127 2446 4193 ὅλην
2485 4125 2592 4180 τοῦ
2628 4126 3022 4195 συγγραφέως
3051 4124 3387 4178 εὐσέϐειαν.
3443 4122 3602 4176 Οὕτω

2024 4221 2184 4292 μὲνὴ
2233 4221 2332 4290 τῆς
2369 4219 2631 4290 ἀληθείας
2667 4219 2761 4271 τοῦ
2806 4217 3032 4280 κανόνος
3079 4215 3338 4287 ἀστραπὴ
3387 4213 3602 4268 καὶτὸν

2021 4314 2281 4383 Σεὸῆρον,
2340 4313 2517 4368 καίτοι
2569 4310 2771 4381 τυφλὸν
2820 4310 2968 4373 ὅντα,
3027 4309 3129 4378 τῆς
3173 4307 3382 4370 οἰκείας
3430 4307 3602 4374 αὐγῆς

2024 4405 2174 4475 ὅμως
2222 4403 2529 4457 ἀπολαῦσαι
2571 4402 3005 4474 παρεσκεύασεν.
3050 4399 3213 4454 Ἀλλὰ
3236 4399 3346 4470 γὰρ
3374 4397 3470 4450 τοῦ
3503 4397 3604 4467 μὲν

1950 4489 2004 4550 Ι)
2030 4495 2195 4565 νόμου
2221 4495 2283 4548 τὸ
2304 4494 2514 4565 ἄμαχον
2546 4496 2747 4565 κράτος
2779 4493 3010 4546 συνιδεῖν
3036 4491 3183 4562 ἔσχε,
3211 4489 3519 4562 χρήσασθαι
3545 4488 3604 4542 δὲ

349 4573 426 4644 τῷ
455 4576 700 4648 ἀσυνέτῳ
749 4577 848 4647 τῆς
893 4575 1120 4648 γνώμης
1167 4577 1268 4632 ούκ
1302 4580 1623 4650 ἐμελέτησε.
1656 4583 1761 4636 Τὸν
1806 4589 1916 4661 γὰρ
1947 4592 2042 4646 τοῦ
2071 4593 2128 4646 ἐν
2162 4591 2284 4662 ὁσίᾳ
2329 4593 2394 4661 τῇ
2426 4592 2616 4662 μνήμῃ
2641 4590 2870 4652 Λέοντος
2898 4587 3063 4658 τόμον
3091 4587 3153 4640 ού
3201 4584 3283 4656 τῷ
3346 4583 3499 4653 νόμῳ
3543 4581 3604 4634 δν

349 4663 603 4733 ἐκήρυξε.
639 4667 706 4736 τῇ
737 4665 795 4718 δὲ
834 4664 935 4735 τῆς
978 4665 1335 4729 ἀντιπαθείας
1390 4667 1614 4742 γλώσσῃ
1647 4670 2021 4747 ζυγοστατῶν,
2073 4682 2168 4734 καὶ
2221 4679 2311 4734 διά
2367 4697 2549 4734 τινων·
2585 4680 2996 4750 σπαραγμάτων
3048 4677 3144 4731 καὶ
3199 4673 3468 4744 κιϐδήλων
3519 4670 3606 4725 λό-

349 4774 462 4826 γων
494 4759 719 4828 προῖὼν.
753 4759 931 4824 ἔδοξεν
976 4762 1063 4814 ἐπ’
1103 4760 1331 4833 ἀσεϐείᾳ
1363 4764 1597 4833 γράφειν
1651 4767 1690 4798 ιι
1751 4771 1845 4825 τὸν
1891 4776 2112 4846 εὐσεϐῆ,
2153 4776 2314 4838 αὐτὸς
2342 4774 2419 4829 ὢν
2461 4773 2677 4844 ἀληθῶς
2753 4773 2788 4827 ε
2835 4773 3144 4826 διαϐάλλειν
3209 4771 3404 4832 ἄλλους
3449 4768 3602 4821 ἐτόλ-

353 4871 516 4925 μησε.
541 4855 638 4918 Τίς
666 4855 775 4925 γὰρ
804 4853 1060 4925 ὀξύτερον
1085 4855 1245 4920 ἄλλος
1297 4857 1451 4927 βέλος
1490 4864 1632 4916 κατὰ
1707 4867 1801 4919 τοῦ
1851 4867 2150 4935 δυσσεδοῦς
2220 4871 2400 4940 ἀφῆκε
2447 4870 2747 4941 Νεστορίω
2794 4870 2892 4941 τῆς
2949 4871 3182 4940 στερρᾶς
3245 4867 3461 4936 ἐκείνης
3512 4865 3606 4920 καὶ

350 4946 623 5040 λεοντείας
665 4946 872 5016 φωνῆς,
906 4945 961 4999 Ὀ
993 4947 1231 5016 ἀπαθὴς
1264 4950 1410 5016 Θεὸς
1459 4955 1572 5007 οὐκ
1619 4956 1928 5025 ἀπηξίωσε
1954 4963 2223 5030 παθητὸς
2252 4961 2535 5032 γενέσθαι
2561 4960 2894 5030 ἅνθρωπος,
2924 4964 3022 5015 καὶ
3073 4964 3107 5014 ὀ
3161 4959 3457 5026 ἀθάνατος
3504 4961 3608 5012 νό-

351 5060 486 5122 μοις
517 5041 871 5096 ὑποκεῖσθαι
909 5043 1212 5108 θανάτου;
1256 5044 1392 5098 ἀλλὰ
1435 5049 1608 5104 ταῦτα
1655 5053 1753 5122 μὲν
1781 5057 1810 5108 ὁ
1843 5059 2184 5129 συκοφάντης
2227 5059 2602 5129 παρατρέχει,
2635 5057 2771 5110 ἄλλα
2829 5056 2886 5109 δέ
2963 5074 3084 5109 τινα
3135 5059 3274 5128 ῥητά
3341 5055 3478 5124 πρὸς
3548 5055 3610 5105 τὸ

353 5137 553 5189 οἰκεῖον
580 5134 928 5206 περικόπτων
959 5151 1019 5188 τε
1042 5137 1140 5188 καὶ
1157 5139 1499 5210 διαστρέφων
1526 5143 1774 5217 βούλημα
1803 5148 1930 5204 οὔτε
1949 5153 2045 5222 τὴν
2080 5154 2491 5223 προειρημένην
2523 5153 2703 5223 φωνὴν
2759 5153 3107 5216 δυσωπεῖται,
3157 5150 3280 5204 οὕτε
3335 5147 3426 5202 τὸν
3478 5139 3611 5217 παρ’

356 5225 522 5281 αὑτοῦ
568 5227 746 5296 λόγοις
773 5225 1073 5296 τιμηθέντα
1117 5228 1279 5296 νόμον
1305 5229 1385 5284 ἔτι
1417 5231 1664 5302 βούλεται
1705 5239 1928 5294 εἰδέναι.
1962 5242 2022 5294 El
2057 5244 2156 5312 μὲν
2185 5242 2294 5313 γὰρ
2325 5242 2573 5312 ἃπασαὴ
2616 5241 2706 5295 τοῦ
2738 5244 2795 5295 ὲν
2847 5243 3021 5309 ἁγίοις
3073 5241 3303 5302 Λέοντος
3351 5238 3611 5307 ἐπιστολὴ

354 5324 420 5377 δι’
447 5323 764 5393 ἀμφιδόλων
810 5321 972 5375 τινῶν
1001 5320 1204 5388 ὥδευε,
1254 5327 1347 5378 καὶ
1385 5327 1444 5394 ἐξ
1476 5329 1602 5400 [597
1637 5330 1729 5404 ΠΣ]
1767 5329 1842 5388 ὧν
1873 5337 1923 5388 οἱ
1950 5338 2216 5407 ἀκέφαλοι
2243 5339 2343 5409 τὴν
2391 5338 2492 5408 τῆς
2544 5339 2672 5408 μιᾶς
2718 5337 3068 5398 ὑποστάσεως
3138 5335 3421 5389 αἰτιῶνται
3471 5332 3612 5387 διαί-

420 5467 444 5506 ιι
484 5463 640 5521 Rom.
689 5480 767 5528 ιχ,
801 5465 854 5520 5.
939 5463 956 5502 ι
995 5463 1160 5518 Hebr.
1202 5481 1239 5530 ι,
1273 5465 1361 5518 ⁵51.

1667 5559 1902 5617 νΛΙῖΙίΕ
1942 5564 2350 5620 LECTIONES.

399 5764 409 5775 η
498 5693 687 5775 Ἐδρο]
710 5709 762 5757 ν,
796 5696 849 5747 ’7ο
926 5693 1424 5775 {rasile-6711mm
1451 5695 1680 5775 Yauadd.
1713 5697 1780 5751 Α.
1807 5768 1818 5775 ⁸
1856 5699 1876 5730 ⁷
1907 5693 2004 5775 diu]
2046 5699 2208 5775 Rom.
2238 5716 2316 5764 Ix,
2341 5700 2432 5775 β.-
2533 5699 2616 5775 είς
2644 5700 2709 5754 Λ.
2742 5718 2755 5754 :
2791 5661 2842 5752 εί
2867 5699 2946 5762 είς
2971 5715 3032 5762 ς’.
3109 5699 3129 5731 ⁸
3158 5695 3241 5770 ὃς]
3284 5696 3445 5752 Hebr.
3478 5713 3517 5762 ι,
3545 5697 3598 5754 '5.

365 5764 409 5798 ιδ
446 5765 509 5816 ὲκ
540 5763 736 5833 μέριῒυς
787 5779 893 5833 mg.
927 5765 970 5815 Α
1005 5782 1016 5816 :
1054 5765 1342 5834 ἑκατέρους
1379 5781 1438 5827 ς.
1519 5766 1562 5796 ¹¹
1595 5780 1683 5819 an.
1717 5763 2043 5836 γράφεσθαι,
2096 5772 2217 5823 coll.
2253 5763 2308 5840 p.’
2335 5769 2438 5825 949
2470 5768 2553 5823 B?
