3972 6248
329 256 435 322 945

1338 277 1862 346 BIBLIOTHECA.‘
1904 309 1976 319 -
2010 286 2171 348 COD.
2230 289 2494 352 CCXXV.

3422 291 3536 357 946

327 387 500 480 95“”:
516 389 671 480 ffo
692 376 1091 480 nnciam-issi];
1113 379 1366 456 διαὸολῆς
1388 390 1422 458 ὴ
1463 389 1656 458 ἄγνοια
1680 395 1973 464 πρόφασις·
1996 397 2117 452 ἐπεὶ
2139 398 2196 453 δὲ
2230 399 2320 454 διὰ
2342 401 2552 471 μυρίων
2589 402 2620 471 ἠ
2669 400 2924 458 εὐσέϐεια
2963 403 3250 475 πρόδηλος.
3304 403 3432 476 [764
3454 406 3548 478 R.\

323 469 442 571 ξιξῖλς
475 469 606 571 οὐχὶ
623 470 882 544 δευτέραν
906 475 1000 529 ἐπὶ
1021 477 1089 548 τῇ
1115 479 1306 552 πρώτῃ
1334 481 1618 557 δυσσεϐεῖς
1687 490 1736 541 οἱ
1765 492 2096 560 συκοφάνται
2142 469 2688 567 προσλαμϐάνουσινς
2739 497 2879 552 Ἀλλ’
2945 469 3020 554 ἐν-
3047 469 3255 564 retinet;
3305 469 3425 571 -μὲν
3484 469 3556 556 τά

325 562 424 617 δύο
447 565 738 634 κεφάλαια.

402 655 592 748 τρίτον
627 658 671 748 δ’
691 659 766 748 ,ἂν
794 662 880 730 εἴη
927 663 1036 716 τῶν
1080 665 1516 740 διαϐαλλομένων
1564 673 1744 742 ῥητῶν
1798 674 1893 728 τοῦ

2065 678 2306 736 Tertium
2338 683 2628 739 verborum
2673 683 3140 748 calumniantium,
3184 685 3366 740 sancti
3411 684 3556 741 Leo-

326 745 389 845 ἐν
427 745 604 845 ἁγίοις
631 745 858 845 Λέοντος
886 750 919 820 ἢ
950 754 1250 845 παράθεσις
1284 759 1379 812 καὶ
1405 759 1440 828 ἠ
1475 760 1540 814 ὲκ
1589 761 1682 814 τοῦ
1729 762 1894 817 αὐτοῦ

2005 769 2084 826 nis
2130 773 2478 842 comparatio,
2527 783 2584 830 et
2627 789 2694 828 ex
2731 775 2920 830 eodem
2963 774 3102 830 libro
3126 745 3392 839 redditio,
3443 791 3550 845 qua

327 837 496 908 τόμου
528 839 973 912 ἀπιπαράϐεσις,
999 844 1066 898 δι’
1089 841 1157 917 ἧς
1200 850 1234 918 ἡ
1265 849 1447 916 ἄδικος
1485 851 1593 906 τῶν
1627 869 1897 923 συκοφαν-

324 927 436 982 τῶν
457 928 650 1000 γνώμη
679 930 942 1002 λαμπρῶς
965 936 1354 1007 στηλιτεύεται.

407 1020 561 1073 Ἐστι
604 1021 665 1075 δὲ
694 1023 806 1076 τῶν
836 1031 1358 1099 συκοφαντουμένων
1388 1033 1605 1104 πρῶτον
1629 1050 1642 1063 ·
1667 1035 1896 1092 Φυλότ-

324 1127 419 1166 τει
440 1112 484 1144 ¹²
507 1111 619 1183 τὰρ
645 1115 894 1185 ἑκατέρα
921 1121 1107 1188 φύσις
1141 1123 1483 1192 ἀνελλιπῶς
1519 1127 1634 1196 τὴν
1676 1128 1898 1198 ἑαυτῆς

330 1206 620 1274 ίδιότητα,
655 1209 757 1264 καὶ
785 1209 986 1281 ὥσπερ
1018 1215 1128 1268 οὐκ
1151 1216 1382 1283 ἀναιρεῖ
1404 1217 1520 1286 τὴν
1547 1219 1653 1273 τοῦ
1673 1220 1897 1274 δούλου

323 1296 574 1366 μορφὴν
597 1300 636 1367 ἠ
667 1301 871 1370 μορφὴ
905 1303 1013 1358 τοῦ
1050 1305 1222 1372 Θεοῦ,
1262 1307 1415 1360 οὕτω
1470 1307 1585 1376 τὴν
1611 1309 1719 1364 τοῦ
1749 1311 1896 1365 Θεοῦ

327 1389 636 1457 μορφὴνή
662 1393 770 1448 τοῦ
800 1393 1028 1450 δούλου
1053 1398 1362 1467 μόρφωσις
1383 1400 1493 1454 οὐκ
1522 1400 1788 1469 ἐμείωσε.
1823 1401 1897 1455 Τὸ

335 1479 438 1548 μὲν
469 1475 562 1534 οὖν
594 1483 756 1554 ῥητὸν
778 1485 876 1538 καὶ
907 1487 1031 1540 καθ’
1061 1489 1221 1542 ἑαυτὸ
1242 1490 1498 1555 εὐσεϐοῦς
1517 1491 1754 1552 διανοίας
1780 1493 1898 1547 ἐστὶ

334 1572 648 1645 βλάστημα,
679 1575 820 1646 πλὴν
853 1577 970 1630 ἀλλ’
1003 1578 1480 1649 ἀντιπαρακείσθω
1505 1583 1677 1653 τούτῳ
1705 1585 1770 1636 ἐκ
1797 1584 1897 1653 τῆς

295 1664 507 1734 ,αὐτῆς
550 1667 868 1738 ἐπιπολῆς·
913 1667 1056 1723 οὓτω
1105 1670 1214 1742 γὰρ
1266 1671 1334 1725 ἂν
1385 1671 1584 1742 μᾶλλον
1613 1674 1896 1746 ἐλεγχθείη

331 1756 434 1826 τῆς
467 1757 782 1824 δυσσεϐείας
828 1760 890 1813 τὺ
932 1761 1318 1835 κακούργημα.
1363 1764 1518 1835 Ἔχει
1546 1766 1653 1836 γὰρ
1702 1766 1894 1830 οὕτως·

343 1848 409 1900 ὀ
433 1847 502 1901 δὲ
528 1850 710 1917 αὐτὸς
745 1852 851 1906 τοῦ
879 1852 1076 1908 ἀϊδίου
1108 1856 1339 1924 Πατρὸς
1353 1857 1688 1926 μονογενὴς
1709 1857 1897 1925 ἀΐδιος

330 1938 547 2007 ἐτέχθη
608 1940 679 1994 ἐκ
735 1942 1080 2012 Πνεύματος
1127 1946 1300 2014 ἁγίου
1359 1948 1459 2000 καὶ
1511 1948 1738 2016 Μαρίας·
1785 1947 1894 2016 τῆς

332 2030 660 2096 Παρθένου,
698 2033 833 2101 ³ἣτις
866 2035 1151 2104 γέννησις
1178 2037 1427 2106 χρονικὴ
1460 2038 1571 2107 τῆς
1601 2039 1761 2109 θείας
1791 2043 1895 2096 αὺ-
1922 2019 1966 2077 Β

326 2120 442 2174 τοῦ
484 2123 584 2178 καὶ
612 2124 810 2180 ἀϊδίου
867 2128 1210 2196 γεννήσεως
1248 2129 1385 2185 οὔτε
1419 2147 1476 2184 τι
1527 2132 1900 2200 ἀπεμείωσεν

329 2212 473 2266 οὔτε
516 2213 646 2283 μήν
682 2232 738 2270 τι
773 2218 961 2286 ταύτῃ
993 2220 1384 2288 προσέθηκεν.
1415 2222 1561 2285 Ἕως
1581 2222 1698 2286 τοῦ,
1743 2227 1900 2278 Συν-

328 2303 568 2373 ελήφθη
592 2306 709 2375 μὲν
747 2303 861 2363 οὖν
892 2309 1088 2378 δῆλον
1119 2312 1208 2366 ὅτι
1251 2312 1319 2366 ὲκ
1353 2314 1698 2384 Πνεύματος
1729 2315 1902 2384 ἁγίου

328 2397 405 2450 ἐν
438 2399 649 2467 γαστρὶ
698 2401 1009 2468 Παρθένου
1051 2403 1299 2473 μητρὸς,
1337 2404 1472 2473 ἥτις
1514 2406 1668 2460 οὕτω
1709 2409 1903 2475 φυλα-

329 2490 584 2558 χθείσης
608 2491 716 2560 τῆς
740 2494 1064 2561 παρθενίας
1087 2495 1275 2551 αὑτὸν
1302 2496 1670 2565 ἀπεκύησεν,
1699 2497 1902 2565 ὥσπερ

329 2577 449 2635 οὖν
475 2583 575 2636 καὶ
609 2583 888 2652 ἀκεραίου
908 2588 1201 2656 μεινάσης
1242 2587 1352 2656 τῆς
1389 2591 1716 2656 παρθενίας
1746 2604 1899 2644 συν-

329 2670 573 2727 έλαϐεν.
633 2669 757 2746 Ἆρ’
798 2677 1050 2747 ἐνενόησε
1088 2677 1261 2733 ταῦτα
1297 2696 1428 2733 ποτε
1469 2681 1514 2711 ¹³
1563 2680 1893 2750 Νεστόριος;

331 2757 425 2832 ἆρ’
473 2765 696 2836 εὑρήσει
745 2783 831 2831 τις
875 2767 1020 2822 κατὰ
1069 2769 1275 2824 τούτων
1307 2769 1562 2841 διαϐολήν
1606 2788 1748 2837 τινα,
1794 2770 1899 2824 κᾶν

332 2853 502 2906 αὑτὸν
525 2855 857 2924 ἐνεργοῦντα
897 2859 958 2912 ἐν
994 2858 1174 2930 ἐαυτῷ
1200 2860 1292 2913 τδν
1337 2860 1433 2912 ἀπ’
1473 2859 1650 2931 ἀρχῆς
1693 2860 1904 2931 ἀνθρω-

1997 861 2196 930 iniusta
2261 864 2706 921 calumniantium
2758 866 3031 926 sententia
3081 864 3282 923 clarius
3341 865 3544 922 refelli-

1999 963 2102 1007 "11'.

2066 1040 2192 1095 Haec
2221 1050 2398 1096 autem
2440 1042 2881 1099 calumniantur:
2917 1029 3164 1099 Primum
3208 1044 3352 1100 enim
3379 1052 3554 1102 servat

1997 1132 2163 1186 altera
2224 1142 2417 1186 natura
2465 1133 2822 1202 indeﬁcienter
2894 1135 2978 1188 sui
3033 1135 3426 1204 proprietatem.
3483 1137 3556 1190 Et

1995 1223 2433 1293 quemadmodum
2472 1239 2574 1278 non
2612 1224 2748 1278 tollit
2796 1226 2930 1279 servi
2963 1225 3184 1296 formam
3211 1226 3308 1280 Dei
3339 1227 3511 1296 {arma
3533 1267 3551 1289 ,

1994 1315 2072 1368 sic
2119 1322 2170 1366 et
2222 1314 2356 1367 servi
2387 1313 2561 1383 forma
2607 1331 2712 1369 non
2754 1316 2948 1370 ntinuit
2981 1315 3080 1370 Dei
3112 1315 3358 1386 formant.
3399 1317 3552 1384 Quod

1997 1405 2160 1475 igitur
2191 1405 2393 1460 dictum
2438 1413 2522 1461 est
2564 1406 2858 1464 secundum
2905 1421 2964 1464 se
2997 1409 3084 1476 ple
3113 1409 3310 1464 mentis
3336 1423 3555 1478 germen

1995 1506 2107 1564 est;
2155 1498 2253 1553 nisi
2300 1497 2431 1568 quid
2460 1508 2649 1554 contra
2697 1497 2988 1567 objiciatur
3032 1515 3101 1556 ex
3141 1501 3258 1571 ipsa
3306 1500 3552 1570 epistola.

1949 1613 1951 1615 ι
1997 1587 2091 1644 Sic
2127 1589 2268 1644 enim
2311 1589 2502 1644 melius
2547 1588 2841 1660 impietatis
2884 1589 3206 1659 improbitas
3249 1603 3552 1646 accusetur.

1997 1680 2090 1735 Sic
2130 1681 2274 1735 enim
2319 1679 2519 1735 habet:
2551 1679 2672 1746 Ipse
2699 1682 3000 1748 sempiterni
3033 1680 3210 1736 Patris
3257 1683 3555 1752 unigenitus

1993 1771 2358 1840 sempiternus,
2389 1771 2592 1841 genitus
2619 1786 2686 1825 ea:
2714 1769 2916 1840 Spiritu
2954 1781 3134 1827 sancto
3157 1783 3206 1828 et
3232 1773 3407 1827 Maria
3441 1773 3560 1828 Vir-

1993 1861 2132 1931 gine.
2163 1857 2294 1924 Quae
2331 1860 2598 1928 generatio
2645 1860 2948 1928 temporalis
2988 1861 3221 1916 divinam
3274 1862 3438 1930 ipsius
3495 1879 3560 1918 ac

1995 1949 2362 2019 sempiternam
2413 1949 2796 2018 generationem
2860 1951 2992 2004 nihil
3041 1951 3312 2017 diminuit,
3397 1968 3560 2023 neque

1998 2041 2096 2109 ipsi
2132 2041 2262 2110 quid
2307 2039 2590 2108 postponit,
2635 2055 2806 2110 usque
2837 2041 2906 2096 ad
2953 2041 3080 2097 illud
3112 2061 3127 2098 :
3163 2041 3450 2112 Conceptus
3477 2054 3558 2099 est

1999 2129 2232 2185 uidelicet
2265 2129 2330 2184 de
2360 2127 2565 2197 Spiritu
2592 2140 2775 2185 sancto
2812 2131 2866 2183 in
2903 2143 3049 2186 utero
3080 2131 3312 2202 Virginis
3351 2134 3560 2195 matris,

2001 2231 2058 2276 ut
2090 2237 2208 2290 quae
2233 2221 2322 2275 sic
2335 2235 2542 2276 seruata
2567 2221 2873 2290 integritate
2899 2223 3073 2289 ipsum
3099 2222 3355 2292 genuerit,
3381 2239 3564 2292 quem-

1999 2312 2284 2366 admodum
2325 2321 2373 2367 ot
2407 2323 2646 2366 manente
2674 2313 2975 2382 uirginitate
3013 2314 3264 2381 concepit.
3299 2312 3566 2368 Intellexit

2003 2405 2106 2461 hoc
2131 2403 2420 2473 aliquando
2446 2403 2766 2459 Nestorius?
2791 2402 3116 2472 Reperiatne
3156 2405 3339 2473 itaque
3367 2408 3560 2458 contra

2003 2497 2119 2552 haec
2153 2496 2350 2565 aliquis
2389 2497 2530 2566 quod
2564 2496 2690 2567 jure
2721 2494 3099 2560 calumnietur,
3136 2494 3348 2549 etiamsi
3378 2495 3560 2564 ipsum

2002 2585 2271 2642 diabolum
2299 2587 2496 2642 habeat
2516 2594 2895 2655 cooperantem
2922 2586 2976 2639 in
3001 2583 3105 2639 hac
3129 2598 3190 2639 re
3211 2584 3280 2638 ab
3296 2583 3446 2638 initio
3468 2585 3566 2640 bo-

2001 2677 2292 2734 micidam?
2334 2677 2514 2745 Quare
2542 2679 2707 2749 igitur
2742 2693 2850 2732 non
2893 2677 2961 2731 ad
2988 2676 3122 2742 huic,
3157 2674 3260 2730 etsi
3293 2675 3424 2744 quid
3455 2690 3567 2730 am-

2003 2770 2220 2840 biguum
2243 2776 2350 2837 est,
2378 2769 2716 2840 adaptamus,
2735 2769 2828 2825 sed
2856 2770 2972 2825 haec
2999 2766 3178 2838 potius
3204 2766 3330 2822 inde
3354 2781 3568 2823 sumere

2007 2862 2284 2917 audemus.

333 2948 598 3002 ποκτόνον
621 2949 734 3021 ἔχει
778 2951 1057 3019 διάϐολον;
1105 2953 1194 3008 διὰ
1223 2955 1280 3007 τι
1309 2951 1404 3010 οὖν
1434 2955 1509 3025 μὴ
1550 2955 1688 3026 πρὸς
1733 2953 1906 3008 ταῦτα
1929 2953 2022 3008 καὶ
2066 2954 2134 3010 ,εί
2176 2973 2230 3010 τι
2291 2954 2590 3026 ἀμφίϐολον
2659 2952 3108 3026 μεθαρμόζομεν,
3185 2949 3321 3007 ἀλλὰ
3393 2950 3569 3006 ταῦτα

337 3043 542 3115 μᾶλλον
570 3046 780 3100 ἐκεῖθεν
807 3048 1211 3104 συνδιαϐάλλειν
1247 3049 1661 3120 θρασυνόμεθα;

408 3134 553 3203 Ὅρα
581 3135 646 3205 δὴ
683 3137 776 3190 τὸν
818 3137 1111 3207 Ἀκέφαλον
1135 3139 1252 3202 πῶς
1277 3139 1444 3194 πάλιν
1476 3139 1667 3209 ἐτέρας
1697 3140 1798 3192 οὐκ
1821 3139 1907 3193 αἱ·

339 3223 597 3292 σχύνεται
619 3228 971 3298 κατατρέχων
995 3231 1207 3300 ρήσεως
1229 3230 1294 3297 “,
1327 3231 1363 3301 ἤ
1386 3247 1548 3300 φησιν
1578 3229 1681 3284 Ἐν
1716 3230 1841 3294 ὅσῳ
1862 3229 1906 3261 ⁸⁸

336 3309 414 3362 τὰ
441 3313 869 3382 συναμφότερα
903 3317 1031 3384 μετ’
1055 3317 1344 3386 ἀλλήλων
1377 3319 1518 3383 εισι,
1538 3320 1636 3372 καὶ
1666 3318 1772 3372 τοῦ
1798 3318 1905 3373 ἀν-

341 3399 580 3468 θρώπου
623 3403 690 3456 τὸ
722 3405 1008 3459 ταπεινὸν
1043 3406 1145 3460 καὶ
1193 3408 1261 3462 τὸ
1285 3409 1536 3478 μέγεθος
1571 3408 1682 3479 τῆς
1711 3411 1909 3478 θεότη-

343 3509 475 3557 τος·
500 3491 703 3562 ὥσπερ
745 3494 859 3565 γὰρ
887 3495 960 3550 ἐν
998 3495 1081 3562 τῷ
1116 3496 1312 3552 ἐλεεῖν
1337 3499 1380 3531 ³⁸
1417 3501 1450 3554 ό
1495 3500 1640 3566 Θεὸς
1681 3499 1911 3568 τροπὴν

345 3585 457 3651 οὐκ
512 3586 854 3652 ὑφίσταται,
890 3589 1078 3655 οὕτως
1120 3591 1155 3643 ό
1203 3589 1514 3658 ἄνθρωπος
1563 3589 1643 3656 τῷ
1679 3591 1912 3660 μεγέθει

346 3671 458 3740 τῆς
488 3673 667 3740 ἀξίας
690 3673 802 3742 τῆς
836 3675 998 3742 θείας
1026 3679 1139 3731 οὐκ
1180 3678 1592 3734 ἀναλίσκεται.
1634 3680 1758 3744 Πῶς
1804 3682 1912 3750 γαρ

346 3764 450 3816 οὐκ
492 3762 816 3835 ἐδυσωπήθη
866 3765 968 3835 τὴν
1013 3765 1279 3834 λέγουσαν
1306 3767 1695 3838 ἀντιπαραθεὶς
1729 3768 1912 3839 φωνὴν

348 3854 446 3906 καὶ
473 3854 611 3924 πρὸς
659 3854 724 3906 τὸ
764 3857 1209 3926 χρεωστούμενον
1239 3857 1460 3928 ὄφλημα
1497 3859 1595 3928 τῆς
1643 3860 1913 3929 ἡμετέρας

350 3943 568 4012 φύσεως
606 3945 944 4014 ἐκτισθῆναι,
985 3947 1055 4001 Ἡ
1087 3949 1216 4003 θεία
1247 3949 1435 4018 φύσις
1466 3948 1663 4017 ᾐνώθη
1698 3948 1772 4017 τῇ
1800 3951 1913 4018 ερύ-

349 4048 447 4087 σει
493 4033 568 4102 τῇ
594 4036 852 4104 παθητῇ,
885 4037 986 4091 ἵνα
1013 4039 1192 4092 τοῦτο
1228 4039 1304 4106 δὴ
1332 4041 1397 4093 τὸ
1438 4041 1571 4106 ταῖς
1607 4041 1916 4110 ἡμετέραις

351 4123 593 4178 ίάσεσιν
618 4124 894 4194 ὑπάρχον
932 4127 1238 4197 ἁρμόδιον,
1276 4124 1366 4195 εἷς
1410 4129 1509 4184 καί
1542 4133 1576 4184 ὁ
1620 4130 1803 4197 αὐτὸς
1833 4131 1918 4185 ὢν

345 4217 603 4284 μεσίτης
637 4218 785 4272 Θεοῦ
815 4219 914 4272 καὶ
945 4219 1292 4287 ἀνθρώπων,
1334 4221 1642 4292 ἅνθρωπος
1681 4223 1918 4291 Ἰησοῦς

350 4308 625 4374 Χριστὸς,
672 4311 772 4361 καί
813 4309 1231 4378 ἀποθνήσκειν
1262 4311 1332 4365 ἐκ
1371 4313 1477 4367 τοῦ
1515 4313 1653 4379 ἐνὸς
1684 4311 1918 4383 δυνηθῇ

353 4399 450 4451 καί
484 4398 776 4468 τελευτᾷν
798 4401 868 4454 ἐκ
895 4402 1001 4456 τοῦ
1025 4401 1232 4470 ἑτέρου
1259 4403 1346 4473 μὴ
1375 4403 1630 4474 δυνηθῇ.

424 4489 596 4543 Πάλιν
641 4490 826 4560 τρίτον
869 4492 911 4522 ¹⁷
969 4492 1048 4556 εἰς
1111 4494 1444 4564 κατηγορίαν
1505 4494 1916 4566 προτείνουσιν·

367 4579 631 4649 Ἔνεργεῖ
655 4579 766 4649 γὰρ
812 4581 1064 4650 ἑκατέρᾳ
1094 4582 1300 4652 μορφῇ
1324 4583 1473 4654 μετὰ
1517 4583 1628 4652 τῆς
1669 4584 1918 4652 θατέρου

2093 3135 2267 3192 Cerne
2291 3131 2621 3204 Acepbalum
2651 3131 2918 3203 quomodo
2961 3145 3067 3185 non
3114 3129 3306 3184 iterum
3343 3128 3569 3183 alterum

2013 3226 2211 3282 dictum
2248 3226 2503 3279 omittens
2532 3224 2802 3278 erubescit
2834 3239 2849 3275 :
2896 3220 3048 3286 Qum.
3098 3219 3293 3290 inquit,
3337 3220 3394 3272 in
3423 3217 3571 3291 [uni-

1933 3352 1976 3410 c
2007 3316 2180 3390 uersa]
2225 3319 2518 3386 quantitate
2562 3317 2734 3369 relata
2780 3315 3024 3382 utrinque
3063 3321 3211 3377 sunt,
3255 3319 3304 3366 et
3342 3311 3569 3366 hominis

2007 3411 2182 3466 vilitas
2230 3419 2279 3464 et
2337 3407 2437 3462 Dei
2495 3417 2676 3462 contra
2728 3407 3056 3477 magnitudo.
3116 3404 3572 3469 Quemadmodum

2007 3501 2145 3556 enim
2175 3516 2289 3554 cum
2323 3499 2491 3552 dicit:
2527 3497 2667 3552 Deus
2697 3498 3037 3551 mutationem
3068 3511 3170 3550 non
3197 3496 3457 3564 suscipit;
3495 3497 3571 3548 sic

2009 3593 2162 3645 homo
2208 3592 2400 3645 divinas
2452 3589 2726 3659 dignitatis
2769 3605 2873 3644 non
2903 3591 3251 3643 consumitur.
3290 3585 3571 3653 Quomodo

2010 3684 2152 3739 enim
2196 3685 2401 3753 pudore
2432 3696 2538 3734 non
2569 3689 2651 3736 est
2691 3679 2914 3735 affectus
2945 3682 3146 3735 dictam
3187 3693 3376 3734 vocem
3406 3691 3574 3746 oppo-

2014 3791 2168 3838 nens,
2195 3784 2252 3828 et
2281 3773 2347 3828 ad
2378 3772 2612 3826 debitum
2636 3781 2837 3826 nostra:
2863 3781 3070 3825 natura:
3098 3771 3370 3826 conditum
3404 3782 3527 3824 esse
3553 3783 3570 3824 :

2013 3867 2205 3921 Divina
2232 3876 2422 3918 natura
2451 3864 2601 3916 unita
2638 3871 2716 3916 est
2750 3861 2959 3931 patibili
2989 3873 3215 3924 naturte,
3248 3871 3302 3914 ut
3339 3861 3434 3912 hoc
3461 3875 3574 3913 cer-

2013 3969 2062 4013 te
2098 3957 2286 4010 nostris
2339 3955 2608 4008 medicinis
2661 3963 2837 4020 aptum
2884 3953 3158 4015 assistens,
3208 3967 3343 4004 unus
3382 3960 3430 4004 et
3463 3951 3576 4018 ipse

2013 4050 2272 4102 mediator
2327 4045 2421 4099 Dei
2467 4055 2516 4101 et
2589 4045 2860 4098 hominum
2911 4045 3164 4096 exsistens
3212 4043 3363 4095 homo
3418 4040 3575 4095 Iesus

2016 4140 2254 4196 Christus
2308 4147 2368 4199 ιη,
2415 4149 2461 4192 et
2493 4139 2625 4190 mori
2657 4152 2748 4205 per
2790 4152 2949 4189 unam
2993 4135 3188 4204 potuit,
3222 4144 3268 4187 et
3317 4134 3460 4203 ﬁniri
3488 4149 3579 4201 per

2016 4233 2238 4287 atteram
2269 4247 2372 4286 non
2401 4229 2593 4298 potuit.

2087 4493 2280 4565 242a
2339 4491 2572 4546 Rursum
2641 4491 2860 4543 tertium
2915 4487 2980 4541 ad
3031 4486 3431 4541 accusationem
3469 4495 3583 4538 tra-

2022 4588 2194 4641 hunt:
2249 4582 2511 4652 Operatur
2557 4581 2692 4634 enim
2737 4590 2958 4648 utraque
2999 4578 3172 4647 forma
3222 4594 3313 4646 per
3366 4577 3582 4630 alterius

355 4672 695 4738 κοινωνίας,
725 4673 835 4740 ἕως
875 4674 1060 4728 καὶτὸ
1086 4676 1418 4745 μὲναὺτῶν
1449 4676 1768 4746 διαλάμπει
1797 4678 1907 4743 τοῖς

2021 4675 2562 4737 communicationem,
2594 4675 2756 4725 donec
2797 4670 3046 4723 divinitas
3068 4671 3277 4739 quidem
3306 4667 3582 4721 miraculis

356 4763 677 4831 θαύμασιν,
724 4765 791 4818 τὸ
836 4767 906 4818 δὲ
950 4766 1079 4833 ταῖς
1126 4769 1170 4800 ¹⁸
1211 4768 1460 4836 ὕϐρεσιν
1502 4769 1915 4822 ὺποπέπτωκε.

356 4850 459 4903 Δύο
523 4852 633 4923 γὰρ
699 4849 838 4906 εἶναι
883 4856 1009 4918 τοὺς
1065 4859 1421 4926 ἐνεργοῦντας
1476 4857 1810 4912 ἐκδιδάσκειν
1859 4859 1921 4911 τὸ

358 4942 521 5011 ῥητὸν
572 4941 699 5013 [598
740 4943 834 5017 Η.]
884 4947 935 4998 οἱ
981 4949 1274 5020 κατήγοροι
1305 4948 1740 5018 ψευδολογοῦσιν.
1782 4949 1920 5002 Ἀλλ’

356 5035 560 5097 ἐκεῖνος
611 5035 776 5090 πάλιν
815 5038 882 5089 δι’
915 5039 1107 5091 ἐαυτοῦ
1141 5041 1579 5112 ἀντιπαρατιθεὶς
1619 5044 1662 5074 ¹⁹
1699 5041 1797 5113 τὴν
1841 5044 1919 5094 oi-

357 5124 511 5177 κείαν
540 5125 724 5195 φωνὴν
755 5127 1058 5198 ἐμφράττει
1091 5128 1294 5183 τούτων
1325 5131 1392 5184 τὰ
1420 5131 1682 5201 στόματα,
1720 5131 1915 5199 λέγων·

351 5209 453 5281 Εἷς
480 5215 582 5268 καὶ
614 5220 647 5270 ό
689 5217 871 5283 αὐτὸς
911 5221 1041 5287 Υίός
1071 5239 1137 5275 τε
1183 5223 1289 5277 τοῦ
1346 5223 1492 5277 Θεοῦ
1545 5224 1782 5292 ἀληθῶς
1827 5223 1926 5276 καὶ

429 5339 471 5367 ω
506 5328 523 5380 l
557 5327 701 5382 Tim.
736 5344 798 5394 ιι,
825 5331 878 5386 5.
923 5349 937 5362 ·

2018 4769 2292 4830 clarescat,
2341 4762 2640 4816 humanitas
2687 4777 2808 4814 vero
2848 4759 3061 4828 injuriis
3100 4759 3412 4827 excipiatur.
3441 4757 3585 4812 Duos

2016 4857 2158 4910 enim
2189 4869 2307 4908 esse
2353 4861 2656 4921 operantes,
2695 4851 2891 4904 docere
2917 4849 3266 4911 sententiam,
3298 4859 3588 4902 accusato-

2022 4963 2108 5001 res
2161 4944 2514 4999 mentiuntur.
2555 4940 2659 4995 Sed
2717 4941 2804 4994 ille
2849 4955 3063 4994 rursum
3095 4953 3194 5010 per
3219 4938 3452 5006 seipsnm
3486 4952 3586 5006 op-

2028 5051 2228 5107 ponens
2259 5049 2442 5088 vocem
2473 5033 2764 5100 propriam,
2788 5030 3020 5086 obstruit
3057 5045 3120 5084 os
3147 5044 3330 5083 eorum
3363 5029 3584 5080 dicens:

2022 5128 2169 5182 Unus
2197 5128 2306 5194 ipse
2338 5132 2387 5177 et
2428 5120 2604 5175 Filius
2637 5120 2734 5174 Dei
2775 5139 2910 5183 vere.
2945 5132 2991 5176 et
3023 5137 3136 5175 vere
3170 5119 3346 5173 Filius
3363 5121 3587 5172 hominis

2037 5228 2134 5273 est.
2190 5217 2328 5270 Deus
2379 5215 2586 5284 quidem
2642 5223 2940 5281 quatenus:
2990 5231 3008 5264 ι
3072 5211 3141 5265 1η
3178 5212 3436 5282 principio
3475 5219 3587 5264 erat

1644 5422 1878 5480 VARl/E
1918 5419 2211 5476 LECTION
2220 5419 2323 5474 ES.

426 5517 474 5550 “
498 5518 608 5590 γὰρ
638 5519 898 5589 φυλάττει
937 5540 999 5586 ς’.
1075 5523 1118 5555 ¹³
1153 5539 1283 5576 ποτε
1312 5520 1485 5575 ταῦτα
1528 5539 1588 5584 ς.

361 5587 661 5723 ἓξὶςρὲὲὶϐῐ
685 5591 724 5644 Β
754 5602 808 5647 ει
838 5592 883 5646 ιι
910 5592 1036 5658 808,
1083 5592 1175 5647 56.

1698 5522 1741 5552 ⁸⁸
1769 5519 1831 5590 δὴ
1873 5519 2209 5591 ρήσεωςίτὺν
2242 5535 2302 5580 ς.
2370 5517 2425 5591 ,³⁵
2466 5517 2802 5591 ὲνβλφυδῖφ
2829 5534 2888 5591 ς’
2968 5514 3010 5591 Ῐ⁸
3032 5513 3359 5591 Elaﬁum“
3385 5513 3586 5573 λέγειν’
3616 5546 3620 5550 ’

1283 5595 1322 5625 ³⁷
1355 5591 1562 5664 τρίτον]
1589 5593 1686 5661 τὴν
1720 5593 1781 5644 Α.
1817 5589 1912 5659 τὴν
1950 5590 2160 5662 μορφὴν
2193 5603 2300 5656 mg.
2352 5589 2414 5641 A.

2532 5588 2573 5618 ⁸⁸
2609 5586 2749 5659 ταῖς]
2785 5588 2876 5640 καὶ
2900 5587 3020 5648 ταῖς
3049 5603 3109 5649 ς.
3219 5585 3262 5616 ³³
3287 5587 3590 5656 ἀντιπαραο
