3972 6248
384 335 489 400 943

1530 336 1794 397 PHOTII
1823 335 2327 397 PATRIARCILE
2371 335 2479 396 ΕΡ.

3526 341 3628 405 944

383 457 528 500 atros
552 444 810 509 oswndit,
839 450 899 499 ut
933 441 1062 498 illud
1099 441 1340 513 adjnngit
1375 461 1388 497 :
1442 442 1629 498 Patres
1665 460 1730 498 ea:
1761 445 1942 514 quibus

2056 420 2342 514 Ἑϐραίους
2365 443 2387 474 ⁸
2409 443 2634 513 γράφων
2670 410 2852 514 φησίνο
2876 442 2993 517 [761
3017 445 3110 518 R.]
3139 449 3235 514 Ὃς
3254 446 3323 500 ἐν
3342 448 3471 514 ταῖς
3486 449 3628 519 ἡμεο

380 547 456 590 est
483 534 725 602 Christus
771 536 1055 589 secundum
1099 550 1333 601 carnem,
1360 535 1448 603 qui
1487 545 1565 590 est
1594 553 1749 606 super
1778 540 1951 592 omnia

383 625 681 680 benedictus
712 625 766 677 in
793 623 1008 684 saecula,
1041 622 1207 678 Amen
1254 625 1305 680 ι.
1349 624 1511 681 Certe
1549 636 1604 680 et
1641 627 1770 681 illud
1799 645 1814 682 :
1848 627 1950 693 Qui

385 733 503 771 cum
545 718 611 770 sit
665 714 914 785 splendor
939 716 1147 786 gloriw,
1185 727 1234 771 et
1269 717 1442 787 ﬁgura
1483 719 1787 774 substantia:
1813 721 1946 788 ejus,

387 817 704 876 portansque
763 807 940 861 omnia
1011 805 1176 862 Verbo
1221 809 1429 864 uirtutis
1479 827 1588 866 sure
1632 809 1674 866 ι.
1720 809 1953 883 Hacque

379 899 571 971 primis
621 900 1061 966 accommodans,
1102 909 1158 956 et
1193 899 1504 956 Nestorium
1527 902 1749 973 impium
1793 904 1845 957 in
1868 903 1952 959 his

380 991 682 1055 accusabit,
736 989 934 1062 241α
982 1002 1036 1046 et
1092 993 1350 1062 pietatem
1404 994 1691 1049 clariorem
1743 997 1948 1050 reddet.

379 1084 448 1138 Et
478 1083 556 1138 sic
584 1098 800 1137 rursum
839 1085 1051 1139 divinus
1081 1083 1310 1141 Basilius
1360 1087 1474 1141 ﬁeri
1513 1089 1579 1143 de
1615 1089 1950 1145 orationibus

376 1175 638 1244 judicium
679 1175 894 1242 suadet,
946 1176 1142 1245 quibus
1169 1177 1234 1231 ad
1267 1177 1563 1232 monachos
1603 1179 1852 1248 ambigue
1879 1180 1952 1232 di-

379 1275 465 1320 cta
516 1267 832 1334 perscribit,
882 1277 936 1323 et
981 1268 1210 1323 obscure
1257 1268 1398 1322 dicta
1439 1269 1494 1322 in
1540 1268 1747 1338 aliquot
1787 1284 1954 1324 sacrze

382 1359 678 1428 Scriptura:
713 1357 846 1414 locis
877 1359 1013 1428 visa,
1043 1371 1100 1414 ut
1131 1359 1232 1413 alia
1265 1359 1411 1416 clare
1440 1361 1584 1416 dicta
1618 1360 1734 1417 loca
1765 1373 1949 1417 osten-

379 1452 515 1505 dunt
543 1466 561 1506 :
602 1449 727 1505 Non
756 1462 995 1519 oportere
1025 1468 1117 1520 per
1152 1450 1349 1520 aliquot
1383 1451 1686 1520 fragmenta
1714 1463 1760 1506 et
1782 1453 1953 1507 divul-

380 1541 554 1595 siones
580 1541 854 1608 scriptoris
887 1542 1131 1610 pietatem
1155 1539 1420 1609 judicare,
1448 1540 1585 1596 adeo
1624 1540 1830 1596 clarum
1863 1557 1951 1597 ra-

381 1631 530 1686 dium
581 1631 786 1687 emittit
838 1632 1058 1698 veritas,
1110 1641 1169 1686 ut
1226 1630 1485 1686 Severum
1546 1632 1600 1687 in
1651 1633 1736 1688 his
1778 1649 1952 1689 caecu-

387 1727 632 1789 tientem,
680 1734 863 1780 tamen
910 1738 1235 1780 consensum
1266 1725 1530 1781 suasisse.
1574 1726 1777 1782 Scribit
1807 1729 1950 1782 enim

2043 549 2182 600 ραις
2200 531 2309 600 τῆς
2321 535 2544 601 σαρκὸς
2561 533 2743 588 αὐτοῦ
2766 534 3007 602 δεήσεις
3033 536 3133 592 καὶ
3165 538 3467 607 ἱκετηρίας
3481 539 3630 608 πρὸς

2051 623 2157 676 τὸν
2171 623 2511 693 δυνάμενον
2528 623 2738 686 σώζειν
2754 627 2938 680 αὐτὸν
2952 627 3022 681 ἐκ
3043 630 3322 696 θανάτου,
3357 632 3450 684 καὶ
3481 631 3626 702 ἑξῆς.

2050 712 2175 787 Ἆρ’
2202 717 2230 770 ὁ
2259 717 2602 788 συκοφάντης
2636 718 2731 770 καὶ
2773 719 2878 771 τῶν
2906 720 3123 774 οἰκείων
3165 723 3497 792 κλεμμάτων
3535 726 3629 778 καὶ

2053 812 2465 881 σπαραγμάτων
2505 811 2696 884 κριτὴν
2723 813 2918 867 ἑαυτὸν
2959 813 3132 869 ποιῶν
3161 816 3258 885 οὐχ
3299 815 3376 880 ὡς
3420 815 3630 887 ἀνθρω-

2052 920 2152 955 πον
2186 903 2451 970 λεγόντων
2474 903 2627 974 ψιλὸν
2667 904 2758 958 τὸν
2785 905 2990 976 Κύριον
3019 905 3178 976 ἡμῶν
3233 908 3442 977 Ἰησοῦν
3492 909 3630 980 Χρι-

2054 995 2196 1060 στὸν,
2226 997 2324 1049 οὐκ
2352 995 2418 1050 ἂν
2451 996 2751 1068 καταγνοίη
2787 996 2894 1050 τῶν
2924 998 3182 1068 κηρύκων
3211 1000 3312 1070 τῆς
3340 999 3634 1072 θεότητος⁶

2051 1087 2215 1141 αὐτοῦ
2239 1107 2253 1153 ;
2285 1088 2404 1142 ἀλλ’
2427 1089 2526 1160 οῦχ
2558 1088 2703 1143 οὕτω
2739 1106 2803 1159 γε
2831 1089 2933 1160 τῆς
2960 1090 3221 1161 ἀληθείας
3246 1095 3274 1146 ὁ
3302 1091 3454 1162 φίλος
3474 1133 3488 1155 .
3515 1093 3632 1149 ἀλλ’

2052 1178 2388 1249 ὲπισυνάψας
2409 1182 2520 1244 τοῖς
2549 1181 2967 1252 προειρημένοις
2992 1182 3120 1255 [596
3143 1181 3272 1255 Η.]ἂ
3295 1183 3417 1238 καθ’
3446 1185 3634 1258 ἕτερον

2056 1270 2216 1340 μέρος
2249 1269 2380 1341 περὶ
2407 1270 2502 1324 τοῦ
2535 1273 2790 1343 Σωτῆρος
2820 1275 2932 1338 τοῖς
2965 1275 3065 1346 τῆς
3094 1273 3376 1339 εὐσεϐείας
3403 1277 3632 1348 κήρυξιν

2052 1361 2405 1432 ἐθεολογήθη,
2440 1364 2622 1434 πάσης
2657 1363 2868 1434 ὕϐρεως
2921 1365 3228 1436 ἀνωτὲρους
3259 1368 3386 1431 τοὺς
3415 1369 3513 1438 τῆς
3545 1369 3634 1422 εύ-

2054 1453 2266 1518 σεϐείας
2309 1454 2584 1520 ἀποδείξει
2634 1455 3013 1520 διδασκάλους.
3074 1451 3200 1510 Οἷον
3249 1457 3484 1528 συνάψει
3523 1461 3635 1519 τοῖς

2054 1545 2469 1618 προειρημένοις
2520 1548 2600 1613 τὸ,
2631 1542 2780 1602 Ὦντ
2834 1551 2890 1602 οἱ
2917 1547 3173 1618 πατέρες
3195 1591 3209 1615 ,
3239 1551 3337 1604 καὶ
3375 1551 3444 1616 ἑξ
3486 1544 3574 1604 ὧν
3601 1553 3636 1606 ό

2052 1640 2303 1708 Χριστὸς
2333 1640 2398 1695 τὸ
2445 1641 2596 1695 κατὰ
2623 1641 2843 1710 σάρκα,
2878 1647 2910 1697 ό
2943 1643 3028 1697 ὢν
3070 1643 3170 1696 ἐπὶ
3203 1643 3446 1698 πάντων
3492 1645 3636 1710 Θεὸς

2052 1729 2378 1800 εὐλογητὸς
2400 1732 2486 1796 είς
2507 1731 2528 1761 ⁸
2553 1731 2695 1798 τοὺς
2720 1731 2961 1799 αἰῶνας,
2984 1732 3189 1804 Ἀμήν
3213 1736 3302 1787 ναὶ
3330 1735 3395 1804 δὴ
3425 1736 3521 1788 καὶ
3554 1735 3635 1797 τὸ,

385 1819 449 1871 ad
480 1809 752 1871 Iulianum
796 1816 1283 1872 Halicarnassazum
1315 1833 1329 1870 :
1386 1814 1602 1887 Oportet
1628 1819 1790 1888 igitur
1812 1834 1951 1884 pra:-

2059 1823 2184 1908 Ὃςξ
2216 1819 2300 1874 ὢν
2328 1823 2695 1893 ἀπαύγασμα
2725 1822 2832 1892 τῆς
2858 1825 3044 1892 δόξης
3071 1825 3173 1879 καὶ
3190 1825 3495 1895 χαρακτὴρ
3523 1826 3635 1896 τῆς

383 1909 644 1976 ceptiones
683 1920 986 1962 sanctorum
1034 1918 1233 1962 sanctae
1268 1907 1521 1965 Ecclesia:
1560 1911 1832 1965 doctorum
1863 1929 1954 1982 per

381 2001 707 2053 occasionem
761 2001 988 2070 perfecte
1024 2002 1210 2070 legere,
1237 2011 1284 2055 et
1316 2018 1420 2055 non
1449 2003 1750 2072 singulatim
1779 2007 1954 2058 omnia

380 2091 636 2160 proferre,
669 2103 718 2145 et
745 2094 807 2146 de
853 2102 960 2146 toto
987 2109 1141 2145 sensu
1166 2093 1460 2162 periculose
1487 2096 1805 2164 conjectare.
1837 2095 1953 2150 Hoc

377 2186 435 2237 in
483 2185 788 2252 apostolicis
826 2194 980 2254 atque
1011 2187 1321 2255 euangelicis
1359 2188 1592 2255 scriptis,
1640 2199 1794 2259 atque
1824 2190 1953 2244 adeo

380 2277 432 2328 in
481 2278 623 2330 omni
671 2277 926 2331 divinitus
980 2278 1244 2347 inspirata
1295 2279 1576 2350 Scriptura
1638 2281 1953 2336 servandum

379 2375 479 2430 est,
505 2367 717 2436 quando
749 2384 852 2421 non
879 2369 933 2422 in
961 2384 1066 2422 una
1094 2385 1213 2424 voce
1239 2372 1437 2425 scilicet
1463 2371 1697 2442 epistolae
1726 2371 1802 2427 vel
1830 2389 1954 2442 ope-

381 2459 452 2511 ris
493 2457 803 2513 collocanda
844 2470 918 2513 est
967 2463 1234 2528 scriptoris
1272 2465 1459 2532 pietas.
1499 2461 1592 2519 Sic
1631 2473 1688 2519 et
1725 2463 1839 2520 veri
1863 2480 1956 2519 ca-

382 2551 540 2603 nonis
569 2550 746 2621 fulgur
781 2550 1043 2608 Severum
1067 2568 1268 2608 caecum
1294 2557 1513 2626 proprio
1539 2555 1746 2628 fulgore
1773 2567 1951 2613 tamen

378 2640 487 2695 frui
522 2642 673 2709 sinit,
702 2643 796 2698 sed
833 2643 1216 2715 inexplicabile
1245 2646 1381 2719 legis
1417 2648 1583 2704 robur
1624 2665 1956 2722 cognoscere

381 2732 552 2788 licuit.
610 2733 700 2790 Uti
748 2749 876 2792 vero
931 2747 1191 2793 consueta
1235 2741 1506 2796 sententia
1548 2741 1808 2813 neglexit.
1842 2743 1956 2799 Piae

381 2823 522 2878 enim
554 2825 828 2879 memoriae
859 2824 1003 2880 beati
1035 2824 1234 2884 Leonis
1276 2829 1474 2883 librum
1504 2844 1612 2886 non
1643 2831 1760 2902 lege
1791 2847 1953 2902 quam

383 2914 717 2982 praedicavit,
749 2915 845 2970 sed
875 2919 1147 2972 contraria
1193 2921 1506 2990 expendens
1539 2921 1742 2993 lingua,
1778 2934 1832 2980 et
1859 2938 1956 2994 per

383 3005 687 3075 frag-menta
729 3007 975 3077 quaedam
1004 3019 1059 3063 et
1088 3011 1408 3080 perniciosis
1435 3015 1780 3071 sermonibus
1816 3031 1955 3086 prae-

386 3097 565 3162 fando,
623 3097 770 3152 visus
815 3109 900 3154 est
945 3099 1014 3156 de
1058 3101 1332 3168 impietate
1375 3105 1459 3174 pie
1508 3104 1789 3162 scribere:
1843 3109 1954 3178 ipse

386 3203 513 3244 reus
534 3203 662 3243 vero
703 3192 971 3249 exsistens
993 3207 1179 3248 eorum
1215 3211 1333 3265 qua:
1367 3197 1488 3254 aliis
1513 3197 1754 3268 objicere
1793 3213 1960 3256 ausus

384 3289 489 3335 est.
516 3279 667 3348 _Quis
705 3283 850 3336 enim
898 3285 1035 3341 alius
1075 3288 1289 3342 acutius
1340 3290 1502 3342 telum
1551 3291 1604 3343 in
1644 3290 1960 3348 Nestorium

387 3372 610 3441 impium
649 3375 826 3439 torsit,
857 3390 1018 3445 quam
1054 3392 1185 3432 voce
1227 3380 1447 3434 robusta
1491 3380 1638 3436 Leo?
1668 3381 1963 3453 Impatibi-

387 3465 452 3518 tis
484 3463 620 3519 Deus
648 3465 896 3536 dignatus
922 3479 997 3522 est
1026 3469 1178 3523 homo
1207 3471 1344 3538 ﬁeri,
1384 3483 1431 3526 et
1466 3473 1782 3530 immortalis
1821 3493 1964 3530 mor-

387 3556 453 3610 tis
496 3572 680 3625 parere
733 3556 955 3628 legibus.
991 3558 1117 3616 Haec
1165 3565 1500 3634 sycophanta
1553 3571 1958 3637 praetermittit:

388 3647 490 3702 alia
525 3663 653 3703 vero
693 3650 940 3718 quaedam
993 3653 1138 3706 dicta
1185 3669 1438 3711 resecans
1477 3659 1542 3711 ad
1574 3675 1732 3716 suum
1771 3663 1960 3732 dogma

387 3740 552 3808 rapit,
612 3755 714 3797 nec
772 3744 939 3813 pudet
995 3747 1148 3799 vocis
1206 3746 1350 3802 illius
1409 3752 1711 3819 praedictae;
1787 3769 1964 3824 neque

392 3848 691 3900 agnoscere
723 3836 792 3890 ab
830 3835 948 3904 ipso
994 3837 1192 3892 cultam
1241 3841 1354 3894 vult
1388 3840 1579 3911 legem.
1613 3825 1669 3899 Si
1705 3848 1849 3901 enim
1881 3850 1962 3902 in-

390 3936 538 3997 tegra
590 3926 787 3982 Leonis
833 3928 1060 3998 epistola
1130 3945 1226 3999 per
1279 3934 1658 4004 ambiguitates
1721 3942 1963 3995 ambula-

387 4018 485 4080 vit,
533 4019 698 4072 etiam
737 4035 803 4074 ex
859 4035 966 4090 quo
1018 4023 1302 4091 Acephali,
1338 4027 1498 4082 unius
1533 4044 1780 4097 personae
1826 4033 1962 4086 divi-

392 4109 599 4164 sionem
631 4111 914 4180 damnant,
945 4113 1160 4170 faciletu
1196 4117 1263 4172 iis
1295 4116 1566 4188 imperitia
1601 4121 1962 4179 calumniandi

389 4201 732 4257 occasionem
777 4201 1055 4260 afferebat.
1086 4206 1377 4277 Postquam
1419 4224 1547 4265 vero
1573 4226 1669 4281 per
1699 4215 1963 4270 innume-

389 4293 580 4347 rabilia
631 4295 802 4364 pietas
851 4306 1068 4354 ostensa
1115 4309 1223 4365 est,
1273 4305 1546 4371 quomodo
1585 4321 1692 4361 non
1745 4308 1902 4381 241
1933 4312 1962 4364 ὁ

389 4382 736 4452 sycophantae
759 4387 1028 4455 arripiunt
1053 4387 1278 4444 alteram
1314 4406 1345 4446 a
1376 4395 1549 4462 prima
1583 4397 1964 4466 impietatem?

386 4476 482 4528 sed
514 4477 565 4528 in
598 4476 683 4531 his
710 4478 886 4548 capita
917 4479 1042 4532 duo.

2053 1913 2452 1982 ὑποστάσεως
2502 1915 2722 1984 αὐτοῦ,
2759 1916 2957 1986 φέρων
2991 1935 3054 1972 τε
3080 1918 3152 1973 τὰ
3189 1918 3387 1974 πάντα
3418 1918 3498 1984 τῷ
3522 1920 3637 1988 ρή-

2048 2025 2191 2076 ματι
2221 2007 2331 2077 τῆς
2357 2008 2668 2079 δυνάμεως
2717 2011 2925 2068 αὑτοῦ.
2965 2011 3025 2065 Ὀ
3049 2013 3224 2066 ταῦτα
3249 2016 3365 2077 τοῖς
3401 2014 3638 2087 πρώτοις

2056 2103 2408 2172 συναρμόσας
2456 2105 2572 2164 ,καὶ
2623 2105 2921 2174 Νεστόριον
2963 2105 3176 2169 τούτοις
3212 2106 3515 2160 ἀσεϐοῦντα
3557 2107 3641 2160 διυ-

2053 2196 2296 2266 ελέγξει,
2332 2199 2424 2253 καὶ
2464 2201 2563 2272 τὴν
2594 2201 2878 2256 εὐσέϐειαν
2905 2202 3294 2275 λαμπροτέραν
3343 2205 3632 2272 ἐπιδείξει.

2055 2289 2210 2344 Οὖτω
2241 2291 2297 2344 δὲ
2329 2291 2425 2345 καὶ
2454 2293 2483 2345 ὁ
2527 2292 2832 2364 Θαυμάσιος
2863 2295 3025 2349 πάλιν
3056 2296 3336 2361 Βασίλειος
3377 2296 3478 2368 τὴν
3511 2299 3640 2369 περὶ

2051 2383 2162 2436 τῶν
2213 2383 2388 2451 λόγων
2432 2386 2615 2456 κρίσιν
2659 2385 2906 2455 γίνεσθαι
2954 2390 3230 2459 παραινεῖ,
3277 2391 3335 2443 ὲν
3381 2384 3464 2452 οἷς
3501 2391 3641 2460 πρὸς

2055 2475 2178 2538 τοὺς
2199 2477 2468 2546 μοναχοὺς
2492 2477 2716 2548 γράφει’
2747 2478 2824 2532 Τὰ
2847 2480 3192 2549 ἀμφιϐόλως
3216 2483 3514 2551 λεγόμενα
3536 2481 3638 2536 καὶ

2053 2566 2623 2638 ἐπικεκαλυμμένως
2640 2568 2918 2638 εἰρῆσθαι
2951 2570 3251 2626 δοκοῦντα
3289 2574 3361 2626 έν
3388 2588 3508 2627 τισι
3546 2574 3642 2626 τό·

2054 2675 2190 2724 ποις
2210 2658 2322 2728 τῆς
2351 2661 2755 2715 θεοπνεύστου
2779 2660 3024 2731 Γραφῆς
3044 2665 3163 2718 ὑπὸ
3185 2662 3305 2717 τῶν
3332 2664 3404 2718 ἐν
3423 2663 3638 2730 ἄλλοις

2054 2753 2259 2817 τόποις
2316 2752 2811 2822 ὁμολογουμένων
2849 2753 3256 2822 σαφηνίζεται.
3293 2756 3413 2810 Ὅτι
3451 2755 3520 2808 δὲ
3565 2756 3641 2809 οὐ

2056 2844 2170 2913 χρὴ
2187 2842 2285 2898 διά
2299 2861 2476 2899 τινων
2491 2845 2932 2916 σπαραγμάτων
2947 2847 3044 2901 καὶ
3063 2847 3514 2918 περικομμάτιον
3526 2847 3642 2916 τὴν

2055 2937 2162 2992 τοῦ
2185 2937 2572 3008 συγγραφέως
2593 2940 2817 3007 κρίνειν
2848 2938 3181 3003 εὐσέϐειαν,
3203 2941 3344 2994 οὕτω
3382 2941 3641 3011 λαμπρὰν

2054 3029 2246 3099 ἀφίησι
2272 3029 2370 3101 τὴν
2400 3032 2596 3085 ἀκτῖνα
2623 3031 2656 3099 ἡ
2679 3029 2912 3101 ἀλήθεια
2933 3031 3010 3094 ὡς
3041 3032 3138 3084 καὶ⁹
3167 3030 3408 3101 Σεϐἧρον
3444 3032 3635 3093 αὑτὸν,

1985 3152 2030 3214 C
2060 3121 2237 3176 καίτοι
2266 3123 2396 3192 περὶ
2421 3121 2596 3176 ταῦτα
2624 3122 3027 3191 τυφλώττοντα,
3076 3123 3228 3194 ὅμως
3257 3125 3447 3177 πεῖσαι
3480 3123 3639 3177 τοῦτο

2061 3214 2308 3268 συνιδεῖν·
2343 3215 2542 3284 γράφει
2580 3215 2688 3285 γὰρ
2737 3215 2874 3286 πρὸς
2913 3213 3198 3269 Ἰουλιανὸν
3248 3216 3342 3268 τὸν
3385 3215 3642 3285 Ἀλικαρ-

2058 3305 2241 3360 νασοῦ·
2281 3305 2382 3360 Δεῖ
2406 3307 2616 3361 τοίνυν
2647 3305 2756 3374 τὰς
2788 3307 2908 3360 τῶν
2954 3307 3145 3361 ὁσίων
3192 3308 3343 3360 κατὰ
3390 3307 3636 3375 καιροὺς

2056 3397 2169 3466 τῆς
2183 3398 2513 3468 ἁγιωτάτης
2530 3399 2893 3465 Ἐκκλησίας
2916 3399 3328 3469 μυσταγωγῶν
3356 3399 3639 3452 διδασκαο

2057 3489 2195 3554 λιας
2231 3487 2486 3552 ἐντελῶς
2515 3489 2976 3558 ἀναγινώσκειν,
3010 3491 3108 3544 καὶ
3133 3489 3219 3558 μὴ
3250 3490 3318 3543 ἐκ
3347 3489 3567 3556 μέρους
3594 3488 3636 3520 ¹⁰

2059 3577 2132 3630 τὰ
2168 3578 2416 3631 ἐκείνων
2444 3577 2767 3646 προφέρειν
2799 3579 2899 3633 καὶ
2926 3579 3037 3648 τῆς
3083 3580 3234 3647 ὅλης
3278 3579 3479 3634 αὐτῶν
3508 3581 3637 3634 δια-

2059 3671 2228 3736 νοίας
2248 3670 2645 3738 ἐπικινδύνως
2717 3672 3284 3740 καταστοχάζεσθαι.
3329 3673 3511 3728 Τοῦτο
3567 3673 3635 3726 δὲ

2059 3762 2160 3816 καὶ
2188 3763 2287 3816 ἐπὶ
2316 3763 2436 3816 τῶν
2464 3763 2891 3818 άποστολικῶν
2919 3767 3021 3819 καὶ
3055 3765 3464 3836 εὐαγγελικῶν
3493 3782 3640 3835 συγ-

2058 3853 2414 3924 γραμμάτων
2443 3858 2539 3910 nat
2563 3857 2662 3910 ἐπὶ
2693 3856 2900 3925 πάσης
2923 3859 3038 3926 τῆς
3066 3858 3473 3912 θεοπνεύστου
3494 3861 3641 3926 Γρα-

2058 3945 2180 4014 φῆς
2205 3946 2500 4016 προσήκει
2531 3950 2744 4016 ποιεῖν,
2784 3951 2914 4004 ἐπεὶ
2938 3949 3096 4020 μηδὲ
3124 3950 3194 4004 ἐκ
3221 3947 3368 4019 μιᾶς
3393 3950 3636 4018 ρήσεως

2059 4037 2253 4106 ἤγουν
2276 4037 2606 4110 ἐπιστολῆς
2634 4043 2672 4111 ἢ
2706 4043 3126 4112 συντάγματος
3155 4043 3288 4096 ἔστι
3332 4041 3638 4110 παραστῆ-

2059 4147 2164 4184 σαι
2188 4131 2304 4199 τὴν
2331 4133 2486 4199 ὅλην
2525 4133 2633 4187 τοῦ
2669 4135 3061 4205 συγγραφέως
3092 4135 3428 4190 εὐσέϐειαν.
3484 4135 3640 4189 Οὕτω

2064 4225 2223 4296 μὲνὴ
2272 4227 2371 4296 τῆς
2408 4226 2670 4298 ἀληθείας
2707 4227 2801 4280 τοῦ
2845 4227 3072 4291 κανόνος
3118 4227 3378 4299 ἀστραπὴ
3427 4227 3640 4280 καὶτὸν

2061 4319 2319 4389 Σεϐἧρον,
2379 4319 2556 4374 καίτοι
2608 4319 2810 4389 τυφλὸν
2859 4320 3008 4383 ὄντα,
3067 4320 3168 4390 τῆς
3213 4320 3421 4382 οἰκείας
3469 4319 3640 4388 αὐγῆς

2062 4410 2213 4479 ὅμως
2261 4410 2568 4463 ἀπολαῦσαι
2609 4411 3044 4482 παρεσκεύασεν.
3089 4411 3252 4465 Ἀλλά
3275 4411 3384 4482 γάρ
3413 4409 3508 4463 τοῦ
3541 4411 3642 4480 μὲν

1987 4493 2042 4553 1)
2068 4499 2233 4570 νόμου
2258 4501 2321 4553 τὸ
2342 4500 2553 4571 ἄμαχον
2585 4503 2785 4572 κράτος
2817 4503 3048 4556 συνιδεῖν
3074 4501 3221 4572 ἔσχε,
3249 4502 3557 4574 χρήσασθαι
3583 4501 3642 4555 δὲ

386 4569 738 4670 Τῷ,ἀσῖνέτῗ
780 4573 885 4670 ξῆς
906 4573 1157 4670 ,γνάῖμης
1204 4577 1306 4670 of”?
1339 4581 1661 4670 ἐμελέτησε·
1694 4585 1798 4639 Τδν
1843 4592 1952 4664 γάρ
1984 4596 2078 4650 τοῦ
2107 4569 2165 4650 ἐν
2199 4596 2322 4667 ὁσία
2367 4569 2432 4668 τῇ
2463 4569 2653 4670 μνήμη
2679 4597 2907 4661 Λέοντος
2937 4597 3101 4669 τόμον
3343 4569 3354 4572 τ
3384 4595 3536 4667 νόμῳ
3581 4594 3641 4647 ὃν

385 4657 640 4728 ἐκήρυξε.
671 4662 743 4759 ῥυῇ
775 4661 836 4759 δὲ
871 4661 972 4759 τῆς
1015 4663 1372 4730 ἀντιπαθείας
1427 4669 1651 4744 γλώσσῃ
1684 4657 2057 4751 ζυγοστατῶν,
2110 4686 2205 4738 καὶ⁸
2257 4657 2348 4739 sic
2404 4657 2588 4740 ἓὲιὶσωᾴῗ
2621 4657 3034 4759 σπαραγμάτων
3086 4688 3181 4741 καὶ
3236 4657 3521 4756 κινϐδήλωί
3557 4683 3642 4738 λὸ-

385 4769 497 4822 γων
530 4755 755 4824 προῖὼν,
789 4756 968 4822 ἔδοξεν
1012 4761 1100 4813 ἐπ’
1139 4760 1368 4833 ἀσεϐείᾳ
1399 4765 1634 4834 γράφειν
1687 4769 1727 4800 ιι
1787 4774 1882 4828 τὸν
1926 4780 2147 4850 εὐσεϐῆ,
2189 4781 2351 4843 αὐτὸς
2379 4780 2455 4836 ὢν
2498 4755 2747 4850 ἀληθῶρ
2789 4782 2825 4836 ἃ.
2852 4755 3180 4835 διαϐάλλειν
3246 4755 3441 4845 ἄλλους
3486 4780 3638 4834 scot-

388 4852 674 4950 pnae.:l'lc
702 4851 1096 4950 γὰρ-ὀξύτερον
1121 4853 1281 4950 ἄλλος
1333 4856 1488 4927 βέλος
1526 4866 1668 4918 κατά
1741 4869 1838 4922 τοῦ
1887 4871 2186 4940 δυσσεϐοῦς
2255 4877 2436 4947 ἀφῆκε
2483 4877 2783 4948 Νεπορίου
2830 4879 2929 4950 τῆς
2986 4881 3218 4950 στερρᾶς
3281 4879 3497 4949 ἐκείνης
3547 4877 3641 4933 καὶ

387 4942 658 5036 λεοντείᾳς
700 4945 906 5014 φωνῆς,
942 4944 996 4998 Ὀ
1029 4946 1267 5016 ἀπαθὴς
1299 4950 1446 5016 Θεὸς
1494 4955 1607 5008 οὐκ
1655 4958 1964 5027 ἀπηξίωσε
1989 4968 2258 5035 παθητὸς
2287 4942 2571 5038 γενέσθαι
2597 4942 2930 5037 ἅνθρωπος,
2960 4973 3057 5025 καὶ
3197 4942 3492 5038 ἀθάνατος
3539 4974 3640 5025 νό-

385 5056 526 5140 μοις
550 5039 905 5140 ὑποκεῖσςθαι
943 5043 1247 5140 θανάτρυὶ
1290 5045 1426 5099 ἀλλὰ
1469 5050 1644 5105 ταῦτα
1690 5055 1788 5123 μὲν
1816 5060 1844 5111 ὁ
1877 5063 2218 5134 συκοφάντης
2261 5065 2636 5136 παρατρέχει,
2671 5064 2806 5118 ἄλλα
2864 5065 2923 5118 δέ
2998 5084 3120 5119 τινα
3170 5071 3310 5140 ρητά
3376 5067 3513 5137 πρὸς
3583 5068 3643 5118 τὸ

387 5133 968 5232 οἰκεῖον
992 5151 1052 5232 τε
1076 5137 1173 5189 καὶ
1191 5139 1533 5232 διαστρέφων
1559 5145 1809 5219 βούλημα
1837 5152 1965 5207 οὔτε
1983 5157 2080 5226 τὴν
2113 5133 2737 5232 προειρη-μένγηνφωνὴν
2793 5161 3142 5227 δυσωπεῖται,
3170 5133 3314 5214 ⁷οίιτε
3370 5133 3460 5214 «Iov
3513 5152 3643 5230 παρ’

389 5223 554 5276 αὐτοῦ
601 5225 779 5294 λόγοις
806 5225 1106 5296 τιμηθέντα
1150 5229 1312 5299 νόμον
1337 5231 1418 5284 ἑτι
1449 5233 1699 5303 βούλεται
1739 5242 1961 5298 εἰδέναι.
1994 5223 2056 5298 Ei.
2091 5223 2190 5317 μὲν
2219 5223 2606 5320 γάρ-ἀπασαη
2650 5223 2740 5304 τοῦ
2771 5253 2829 5304 ὲν
2881 5252 3056 5318 ἁγίοις
3107 5223 3337 5314 Λέοντος
3386 5223 3642 5319 ἐπιστολὴ

386 5320 451 5374 δι’
478 5321 796 5390 ἀμφιϐόλων
843 5321 1005 5374 τινῶν
1033 5321 1236 5391 ὥδευε,
1286 5329 1378 5381 καὶ
1417 5329 1476 5396 ἐξ
1508 5331 1635 5402 [597
1671 5333 1762 5407 ΗΣ]
1800 5331 1876 5391 ὦν
1905 5341 1955 5392 οἱ
1982 5342 2250 5412 ἀκέφαλοι
2276 5345 2376 5416 τὴν
2425 5345 2526 5416 τῆς
2577 5347 2706 5416 μιᾶς
2751 5346 3102 5408 ὑποστάσεως
3171 5347 3455 5401 αἰτιῶνται
3505 5346 3644 5399 διαί-

451 5464 474 5503 ι
515 5461 672 5518 Rom.
722 5478 798 5527 Ix,
832 5463 887 5519 5.
970 5463 988 5502 ι
1027 5463 1191 5519 Hebr.
1234 5481 1270 5531 ι,
1305 5466 1392 5521 51.

1698 5563 1934 5622 νΛΙῖΙιιΕ
1974 5569 2381 5626 LECTIONES.

429 5761 438 5772 κ
466 5691 487 5721 ⁵
528 5691 717 5814 Ἐϐρὲ
741 5709 793 5756 ν,
827 5696 879 5746 7.
956 5692 1092 5762 ⁶τῆς
1125 5692 1381 5762 θεότητος
1401 5705 1455 5749 et
1481 5713 1544 5761 γε
1585 5698 1711 5752 add.
1743 5699 1811 5754 A.
1887 5703 1908 5734 ’
1937 5697 2034 5775 ὧν]
2077 5705 2238 5760 Rom.
2269 5722 2347 5772 rx,
2379 5707 2433 5761 5.
2511 5707 2534 5737 ⁸
2569 5707 2647 5771 είς
2675 5708 2740 5762 Α.
2773 5727 2786 5763 :
2823 5705 2873 5762 εί
2898 5708 2978 5772 είς
3003 5725 3064 5773 ς.
3141 5710 3162 5741 ⁹
3190 5707 3272 5781 ὃς]
3315 5707 3476 5764 Hebr.
3509 5724 3549 5776 ι,
3578 5710 3629 5766 5.

395 5761 438 5794 ιν
476 5762 539 5813 ὲκ
571 5762 674 5814 μέο
705 5779 766 5814 υς
816 5778 923 5814 mu.
957 5764 1000 5814 A
1035 5781 1046 5814 :
1083 5766 1372 5814 éxacéoom
1408 5783 1468 5814 ς.
1550 5768 1592 5799 ιι
1626 5783 1713 5814 an-
1747 5772 2048 5814 γηάωρηηιιρ
2126 5778 2223 5814 mn
2283 5792 2316 5814 η
2366 5777 2469 5814 om
2503 5776 2584 5814 In

422 5762 438 5793 θ
476 5762 539 5813 ὲκ
570 5762 766 5832 μὲρδυς
816 5778 923 5832 mg.
957 5764 1000 5814 A
1035 5781 1046 5816 :
1083 5766 1372 5836 ἑκατέρους,
1408 5783 1468 5829 ς.
1550 5768 1592 5799 ⁸⁸
1626 5783 1713 5822 an.
1747 5762 2074 5842 γράφεσοεῖι,
2126 5778 2247 5830 coll.
2283 5762 2469 5846 p.'949
2501 5776 2584 5831 B?
