3972 6248
322 263 416 328 945

1311 282 1836 351 BIBLIOTHECA;
1877 313 1948 324 -
1983 291 2144 354 COD.
2203 293 2466 357 CCXXV.

3395 296 3510 362 946

320 393 644 483 ρε-σιν,.ταχα
665 381 1064 483 ηνρὺτιιῖςᾲτῆς
1085 384 1338 461 διαϐολῆς
1361 395 1395 462 ἡ
1437 394 1629 463 ἄγνοια
1653 399 1946 468 πρόφασις⁹
1969 402 2090 456 ἐπεὶ
2112 403 2168 458 δὲ
2203 404 2292 458 διὰ
2314 405 2526 476 μυρίων
2560 407 2594 476 ἡ
2641 405 2896 463 εὐσέϐεια
2936 407 3222 481 πρόδηλος.
3277 408 3404 481 μοι
3427 411 3526 483 R.\.

317 471 424 576 πιῖις
453 473 580 576 οὐχί
597 475 855 548 δευτέραν
879 479 972 533 ἐπὶ
993 482 1062 552 τῇ
1088 483 1280 556 πρώτῃ
1305 486 1590 562 δυσσεϐείᾳ
1659 494 1708 546 οἱ
1737 497 2069 565 συκοφάνται
2115 471 2661 572 προσλάμϐάνουσίη
2711 503 2852 557 Ἀλλ’
2918 471 2993 559 ἐν.
3020 471 3228 569 τοιξτοις
3277 471 3398 576 ’μὲν
3457 471 3529 562 τά

317 569 406 623 δύο
426 569 712 638 κεφάλαια.

383 661 566 753 τρίτον
601 662 645 753 δ’
665 663 738 753 -ἂν
767 666 854 734 εἴη
900 667 1009 721 τῶν
1053 669 1489 744 διαϐαλλομένων
1536 677 1717 746 ῥητῶν
1770 679 1865 733 τοῦ

2037 683 2278 740 Tertium
2311 687 2602 744 verborum
2647 688 3112 753 calumniantium,
3156 690 3338 745 sancti
3384 689 3528 746 Leo-

316 753 369 804 ἐν
406 750 577 818 ἁγίοις
604 750 832 816 Λέοντος
859 755 892 825 ἢ
922 759 1223 826 παράθεσις
1257 763 1352 816 καὶ
1378 764 1412 834 ἠ
1449 764 1512 818 ἐκ
1562 765 1654 819 τοῦ
1701 767 1867 821 αὑτοῦ

317 843 471 913 τόμου
502 843 945 915 ἀντιπαράθεσις,
972 848 1038 903 δι’
1062 845 1130 921 ἧς
1173 855 1207 923 ἡ
1238 854 1420 920 ἄδικος
1457 855 1566 910 τῶν
1599 874 1870 928 συκοφαν-

314 933 413 986 τῶν
433 933 622 1004 γνώμη
651 933 914 1006 λαμπρῶς
937 941 1326 1012 στηλιτεύεται.

386 1025 534 1078 Ἔστι
577 1025 638 1080 δὲ
667 1027 778 1080 τῶν
809 1036 1331 1104 συκοφαντουμένων
1361 1038 1578 1108 πρῶτον
1601 1054 1615 1067 ·
1639 1039 1870 1096 Φυλάτ-

312 1132 396 1171 τει
417 1116 457 1148 ⁸³
481 1115 592 1187 γὰρ
618 1119 867 1189 ἑκατέρα
893 1125 1080 1192 φύσις
1114 1128 1455 1197 ἁνελλιπῶς
1492 1131 1606 1200 τὴν
1649 1133 1870 1203 ἑαυτῆς

319 1211 594 1278 ίδιότητα,
629 1213 730 1268 καί
758 1213 960 1285 ὥσπερ
991 1221 1102 1272 οὐκ
1124 1220 1355 1288 ἀναιρεῖ
1377 1222 1492 1290 τὴν
1519 1223 1626 1278 τοῦ
1645 1225 1869 1278 δούλου

311 1300 548 1370 μορφὴν
570 1305 609 1372 ἡ
641 1305 844 1375 μορφὴ
878 1308 986 1362 τοῦ
1023 1310 1198 1376 Θεοῦ,
1236 1312 1388 1365 οὕτω
1443 1312 1558 1380 τὴν
1583 1313 1692 1368 τοῦ
1721 1316 1869 1370 Θεοῦ

313 1392 610 1462 μορφὴνή
635 1397 743 1452 τοῦ
774 1397 1000 1454 δούλου
1025 1403 1334 1471 μόρφωσις
1355 1405 1466 1459 οὐκ
1495 1405 1760 1474 ἐμείωσε.
1796 1406 1870 1460 Τὸ

319 1484 412 1553 μὲν
441 1479 536 1539 οὖν
567 1487 729 1558 ῥητὸν
751 1490 848 1544 καὶ
880 1491 1003 1545 καθ’
1033 1493 1194 1547 ἑαυτὸ
1215 1494 1471 1560 εὐσεϐοῦς
1489 1497 1726 1557 διανοίας
1753 1498 1870 1552 ἐστὶ

317 1577 622 1650 βλάστημα,
653 1579 794 1650 πλὴν
826 1582 942 1635 ἀλλ’
975 1583 1453 1654 άντιπαρακείσθω
1477 1587 1650 1657 τούτῳ
1678 1590 1742 1641 ἐκ
1769 1589 1869 1658 τῆς

285 1670 476 1739 ,αὐτῆς
521 1671 841 1742 ἐπιστολῆς⁸
885 1672 1028 1728 οὕτω
1079 1675 1187 1746 γὰρ
1239 1675 1306 1730 ἂν
1357 1676 1557 1746 μᾶλλον
1585 1679 1868 1751 ἐλεγχθείη

314 1761 404 1831 τῆς
434 1761 755 1828 δυσσεϐείας
801 1764 864 1818 τὸ
904 1765 1290 1839 κακούργημα.
1335 1769 1490 1840 Ἔχει
1519 1770 1626 1840 γὰρ
1675 1771 1867 1835 οὕτως’

323 1852 381 1904 '0
403 1851 470 1904 δὲ
495 1853 683 1922 αὐτὸς
717 1856 824 1910 τοῦ
852 1857 1049 1913 ἀϊδίου
1081 1860 1312 1928 Πατρὸς
1325 1861 1661 1931 μονογενὴς
1681 1862 1870 1930 ἀΐδιος

313 1942 516 2011 ἐτέχθη
580 1944 652 1999 ἐκ
709 1947 1054 2016 Πνεύματος
1100 1949 1272 2018 ἁγίου
1332 1952 1432 2005 καὶ
1483 1952 1711 2021 Μαρίας
1758 1951 1866 2021 τῆς

315 2034 633 2101 Παρθένου,
671 2037 806 2105 ῆτις
838 2039 1123 2109 γέννησις
1151 2041 1400 2111 χρονικὴ
1433 2043 1543 2112 τῆς
1574 2044 1734 2110 θείας
1763 2047 1868 2100 αὺ-
1893 2023 1938 2081 Β

310 2125 412 2179 τοῦ
454 2127 554 2183 καὶ
584 2128 784 2184 ἀϊδίου
840 2132 1182 2201 γεννήσεως
1221 2134 1357 2190 οὔτε
1392 2152 1448 2190 τι
1499 2136 1872 2204 ἁπεμείωσεν

312 2216 442 2270 οὔτε
484 2217 619 2287 μήν
655 2237 711 2274 τι
747 2223 933 2290 ταύτῃ
965 2225 1357 2293 προσέθηκεν.
1387 2226 1532 2289 Ἕως
1553 2226 1671 2290 τοῦ,
1716 2231 1871 2282 Συν-

310 2307 537 2377 ελήεοθη
563 2310 682 2379 μὲν
720 2307 834 2367 οὖν
865 2314 1061 2382 δῆλον
1092 2316 1181 2370 ὅτι
1223 2316 1292 2370 ἐκ
1325 2319 1670 2388 Πνεύματος
1702 2319 1875 2388 ἁγίου

310 2401 378 2454 ἐν
408 2403 622 2472 γαστρὶ
671 2405 982 2472 Παρθένου
1024 2407 1272 2477 μητρὸς,
1310 2408 1444 2477 ἥτις
1487 2410 1641 2464 οὕτω
1681 2414 1876 2479 φυλα-

311 2494 554 2562 χθείσης
580 2496 689 2565 τῆς
713 2498 1036 2566 παρθενίας
1059 2499 1247 2555 αὐτὸν
1275 2501 1642 2569 ἀπεκύησεν,
1671 2501 1876 2569 ὥσπερ

310 2580 418 2639 οὗν
443 2587 543 2640 καὶ
580 2587 860 2656 ἀκεραίου
880 2592 1174 2660 μεινάσης
1214 2591 1325 2660 τῆς
1362 2595 1689 2661 παρθενίας
1719 2609 1872 2648 συν-

311 2674 540 2732 έλαϐεν.
605 2674 730 2750 Ἆρ’
771 2683 1022 2751 ἐνενόησε
1060 2681 1233 2737 ταῦτά
1269 2700 1400 2737 ποτε
1441 2685 1486 2716 ³⁸
1536 2685 1866 2755 Νεστόριος;

311 2761 396 2836 ἄρ’
441 2769 670 2840 εὑρήσει
718 2787 804 2836 τις
848 2772 992 2827 κατὰ
1041 2773 1247 2828 τούτων
1279 2773 1534 2846 διαϐολήν
1579 2792 1721 2841 τινα,
1767 2775 1872 2829 κᾶν

312 2857 469 2910 αὐτὸν
491 2859 830 2929 ἐνεργοῦντα
868 2864 930 2916 ἐν
966 2862 1147 2934 ἐαυτῷ
1172 2864 1264 2918 τὸν
1309 2864 1405 2916 ἀπ’
1446 2864 1622 2936 ἀρχῆς
1665 2864 1876 2935 ἀνθρωο

1970 774 2057 830 nis
2103 777 2451 846 comparatio,
2500 787 2556 835 et
2600 793 2667 834 es
2703 780 2894 835 eodem
2936 779 3075 835 libro
3113 780 3366 844 redditio,
3415 796 3522 850 qua

1969 866 2168 935 iniusta
2233 869 2678 926 calumniantium
2731 871 3004 932 sententia
3053 869 3255 928 clarius
3315 870 3516 928 refelli-

1973 967 2075 1012 tur.

2039 1045 2165 1100 Haec
2194 1055 2370 1101 autem
2413 1047 2811 1103 calumniantur
2839 1066 2854 1104 :
2889 1033 3136 1104 Primum
3181 1050 3325 1106 enim
3352 1057 3527 1106 servat

1969 1137 2136 1191 altera
2196 1147 2390 1190 natura
2438 1138 2794 1207 inde/icienter
2867 1140 2951 1192 sui
3005 1140 3399 1209 proprietatem.
3456 1142 3528 1195 Et

1967 1228 2406 1298 quemadmodum
2444 1244 2548 1282 non
2585 1229 2721 1282 tollit
2769 1230 2903 1284 servi
2935 1230 3156 1300 formam
3183 1231 3280 1285 Dei
3312 1231 3484 1300 forma
3506 1273 3524 1294 ,

1967 1320 2044 1373 sic
2092 1327 2142 1371 et
2195 1318 2330 1372 serui
2360 1317 2533 1387 [arma
2580 1336 2684 1374 non
2727 1321 2920 1376 minuit
2953 1319 3052 1374 Dei
3084 1320 3331 1390 formam.
3372 1322 3525 1388 Quod

1970 1410 2132 1480 igitur
2163 1410 2366 1464 dictum
2411 1418 2495 1466 est
2537 1411 2830 1468 secundum
2878 1426 2937 1468 se
2969 1413 3056 1480 ple
3085 1413 3282 1468 mentis
3309 1429 3528 1484 germen

1966 1511 2079 1568 est;
2128 1503 2226 1558 nisi
2273 1502 2404 1573 quid
2433 1512 2622 1558 contra
2670 1502 2961 1572 obiiciatur
3005 1519 3074 1561 ex
3113 1505 3232 1576 ipsa
3279 1505 3524 1575 epistola.

1970 1592 2062 1648 Sic
2099 1594 2240 1649 enim
2283 1593 2474 1648 melius
2520 1593 2814 1666 impietatis
2857 1595 3180 1664 improbitas
3222 1607 3524 1652 accusetur.

1969 1685 2063 1740 Sic
2103 1686 2248 1739 etiim
2291 1684 2491 1740 habet:
2523 1685 2644 1751 Ipse
2672 1687 2973 1753 sempiterni
3005 1685 3183 1741 Patris
3229 1688 3528 1756 unigenitus

1965 1776 2330 1844 sempiternus,
2361 1776 2564 1845 genitus
2592 1791 2658 1830 ea;
2687 1774 2890 1845 Spiritu
2927 1787 3107 1832 sancto
3129 1788 3178 1832 et
3205 1777 3380 1832 Maria
3413 1777 3533 1832 Vir-

1966 1866 2104 1936 gine.
2135 1862 2267 1929 Qua:
2305 1865 2570 1932 generatio
2618 1865 2921 1932 temporalis
2961 1865 3193 1920 divinam
3247 1867 3410 1935 ipsius
3468 1883 3532 1922 ac

1967 1953 2334 2022 sempiternam
2386 1954 2769 2022 generationem
2833 1956 2965 2009 nihil
3015 1955 3285 2022 diminuit,
3370 1973 3532 2028 neque

1970 2045 2069 2114 ipsi
2104 2045 2234 2114 quid
2280 2044 2562 2113 postponit,
2607 2059 2779 2115 usque
2810 2046 2878 2100 ad
2926 2046 3053 2102 illud
3085 2065 3100 2103 :
3135 2045 3422 2117 Conceptus
3449 2059 3530 2104 est

1971 2133 2205 2189 uidelicet
2237 2134 2302 2190 de
2333 2133 2538 2202 Spiritu
2565 2145 2748 2189 sancto
2785 2136 2840 2188 in
2875 2148 3022 2190 utero
3053 2135 3284 2206 Virginis
3324 2139 3532 2200 matris,

1973 2235 2030 2280 ut
2063 2241 2180 2295 quae
2206 2226 2295 2280 sic
2308 2239 2514 2281 seruata
2540 2225 2846 2294 integritate
2872 2227 3046 2294 ipsum
3072 2227 3328 2297 genuerit,
3354 2244 3537 2297 quem-

1972 2317 2258 2371 admodum
2297 2326 2346 2372 et
2379 2327 2618 2371 manente
2647 2317 2948 2386 virginitate
2986 2319 3237 2386 concepit.
3271 2317 3538 2372 lntellexit

1975 2410 2078 2465 hoc
2103 2408 2393 2478 aliquando
2419 2407 2739 2464 Nestorius?
2764 2407 3088 2478 Reperiatne
3128 2410 3311 2478 itaque
3339 2413 3533 2464 contra

1975 2501 2091 2557 haec
2124 2500 2323 2570 aliquis
2362 2501 2502 2570 quod
2536 2501 2662 2572 jure
2693 2499 3072 2565 calumnietur,
3108 2499 3320 2554 etiamsi
3350 2499 3532 2568 ipsum

1975 2590 2244 2646 diabolum
2272 2591 2468 2647 habeat
2489 2599 2868 2660 cooperantem
2895 2591 2948 2644 in
2975 2588 3078 2644 bac
3102 2602 3162 2644 re
3185 2589 3252 2643 ab
3268 2588 3419 2644 initio
3441 2589 3539 2644 bo-

1974 2682 2265 2738 micidam?
2307 2682 2486 2750 Quare
2515 2683 2680 2754 igitur
2715 2697 2822 2737 non
2866 2681 2934 2736 ad
2960 2681 3094 2747 haec,
3128 2679 3232 2735 etsi
3266 2680 3397 2749 quid
3428 2695 3540 2734 am-

1975 2775 2192 2844 biguum
2215 2781 2323 2842 est,
2350 2773 2689 2844 adaptamus,
2707 2773 2802 2830 sed
2829 2774 2944 2830 haec
2972 2771 3151 2842 potius
3177 2771 3303 2827 inde
3327 2785 3540 2828 sumere

1979 2866 2256 2921 audemus.

313 2953 567 3006 ποκτόνον
593 2954 707 3025 ἔχει
751 2955 1029 3023 διάϐολον;
1078 2957 1167 3012 διὰ
1196 2959 1252 3012 τί
1281 2955 1376 3014 οὖν
1407 2960 1482 3029 μὴ
1522 2959 1660 3031 πρὸς
1705 2958 1878 3013 ταῦτα
1902 2958 1995 3013 καὶ
2039 2959 2106 3016 ,εί
2149 2977 2203 3015 τι
2264 2959 2562 3030 ἀμφίϐολον
2631 2957 3080 3030 μεθαρμόζομεν,
3157 2953 3294 3012 ἀλλὰ
3367 2955 3542 3012 ταῦτα

315 3047 508 3118 μᾶλλον
538 3050 752 3106 ἐκεῖθεν
779 3052 1184 3108 συνδιαϐάλλειν
1219 3053 1634 3124 θρασυνόμεθα;

379 3137 519 3207 Ὅρα
547 3140 618 3210 δὴ
655 3141 748 3194 τὸν
790 3141 1082 3211 Ἀκέφαλον
1107 3143 1224 3206 πῶς
1249 3143 1417 3198 πάλιν
1449 3144 1640 3214 ἐτέρας
1669 3145 1771 3197 οὐκ
1794 3144 1880 3198 αἰ·

317 3227 566 3296 σχύνεται
591 3232 944 3303 κατατρέχων
967 3235 1179 3305 ρήσεως
1202 3234 1266 3301 ⁸⁵,
1299 3235 1335 3305 ἦ
1358 3252 1521 3305 φησιν
1551 3234 1654 3288 Ἔν
1689 3235 1813 3299 ὅσῳ
1834 3234 1878 3265 ⁸⁵

313 3313 384 3365 τὰ
404 3317 842 3414 συναμφότερα
875 3321 1004 3388 μετ’
1027 3321 1317 3390 ἀλλήλων
1349 3323 1490 3388 εισι,
1512 3324 1609 3376 καὶ
1639 3322 1745 3376 τοῦ
1770 3323 1877 3377 ἁν-
1906 3357 1948 3414 c

317 3403 547 3472 θρώπου
595 3407 662 3460 τὸ
695 3409 980 3463 ταπεινὸν
1015 3410 1117 3464 καί
1165 3412 1233 3466 τὸ
1257 3413 1509 3483 μέγεθος
1544 3413 1655 3483 τῆς
1683 3415 1882 3482 θεότη-

317 3512 442 3561 τοςο
466 3495 676 3566 ὥσπερ
718 3498 832 3569 γὰρ
858 3500 932 3554 ἐν
971 3499 1053 3566 τῷ
1088 3501 1284 3556 ἐλεεῖν
1309 3503 1352 3536 ⁸⁸
1390 3506 1424 3558 ό
1467 3505 1613 3570 Θεὸς
1653 3503 1883 3573 τροπὴν

318 3589 425 3655 οὐχ
477 3591 827 3658 ὑφίσταται,
862 3593 1050 3659 οὕτως
1092 3596 1127 3648 ὁ
1175 3593 1486 3662 ἄνθρωπος
1535 3593 1616 3660 τῷ
1651 3595 1884 3665 μεγέθει

318 3675 425 3744 τῆς
455 3677 639 3744 ἀξίας
662 3677 774 3746 τῆς
808 3679 970 3746 θείας
999 3683 1111 3735 οὐκ
1152 3682 1564 3738 ἀναλίσκεται.
1607 3684 1730 3748 Πῶς
1777 3687 1884 3755 γὰρ

318 3768 416 3819 οὐκ
458 3767 788 3839 ἐδυσωπήθη
838 3769 940 3839 τὴν
985 3769 1251 3838 λέγουσαν
1278 3771 1668 3842 ἀντιπαραθεὶς
1701 3773 1884 3844 φωνὴν

319 3858 413 3910 καὶ
440 3859 581 3928 πρὸς
631 3858 696 3910 τὸ
736 3861 1181 3930 χρεωστούμενον
1211 3861 1432 3933 ὄφλημα
1470 3864 1568 3932 τῆς
1615 3864 1886 3934 ἡμετέρας

321 3947 536 4015 φύσεως
575 3949 916 4018 ἐκτισθῆναι,
956 3951 1027 4005 Ἠ
1059 3953 1189 4008 θεία
1219 3955 1407 4022 φύσις
1439 3953 1636 4022 ήνώθη
1671 3953 1744 4022 τῇ
1773 3956 1885 4023 φύ-

320 4052 413 4090 σει
460 4038 536 4107 τῇ
563 4039 825 4109 παθητῇ,
857 4041 958 4095 ἵνα
986 4043 1165 4097 τοῦτο
1200 4044 1276 4110 δὴ
1305 4045 1370 4098 τὸ
1411 4045 1543 4111 ταῖς
1579 4045 1889 4114 ἡμετέραις

322 4127 562 4182 ίὰσεσιν
588 4128 866 4198 ὑπάρχον
904 4132 1211 4202 ἁρμόδιον,
1249 4129 1338 4200 εἷς
1383 4134 1481 4188 καί
1515 4138 1548 4189 ὁ
1592 4135 1775 4202 αὐτὸς
1805 4135 1891 4190 ὢν

314 4221 572 4288 μεσίτης
608 4223 757 4276 Θεοῦ
787 4223 886 4277 καί
917 4224 1265 4292 ἀνθρώπων,
1306 4225 1614 4297 ἄνθρωπος
1653 4228 1890 4296 Ἰησοῦς

320 4311 597 4377 Χριστὸς,
644 4315 744 4366 καί
786 4314 1204 4383 ἀποθνήσκειν
1234 4316 1304 4370 ἐκ
1343 4317 1450 4372 τοῦ
1487 4317 1626 4384 ἐνὸς
1657 4317 1890 4387 δυνηθῇ

321 4402 416 4455 καί
450 4402 748 4473 τελευτᾷν
770 4405 840 4459 ἐκ
867 4407 973 4462 τοῦ
997 4407 1205 4475 ἐτέρου
1231 4407 1318 4478 μὴ
1348 4408 1603 4479 δυνηθῇ.

391 4493 567 4548 Πάλιν
613 4495 799 4564 τρίτον
841 4497 884 4527 ¹⁷
941 4497 1021 4561 εἰς
1084 4499 1416 4568 κατηγορίαν
1477 4499 1888 4570 προτείνουσιν·

335 4582 604 4654 Ἐγεργεῖ
627 4584 738 4654 γὰρ
785 4585 1036 4655 ἑκατέρᾳ
1067 4587 1272 4658 μορφῇ
1297 4588 1445 4658 μετὰ
1490 4587 1600 4656 τῆς
1642 4589 1890 4656 θατέρου

2065 3139 2240 3196 Cerne
2264 3136 2594 3208 Acephalum
2623 3135 2891 3207 quomodo
2934 3150 3040 3190 non
3087 3133 3279 3189 iterum
3315 3133 3542 3188 alterum

1985 3231 2183 3286 dictum
2221 3231 2475 3284 omittens
2504 3228 2775 3282 erubescit
2807 3243 2821 3280 :
2869 3225 3020 3291 Quae,
3071 3224 3265 3294 inquit,
3310 3225 3366 3277 in
3395 3222 3544 3296 [uni—

1979 3321 2153 3394 versa]
2197 3323 2491 3390 quantitate
2535 3321 2707 3374 relata
2753 3320 2997 3387 utrinque
3036 3325 3183 3382 sunt,
3227 3324 3277 3371 et
3315 3316 3542 3370 hominis

1980 3415 2154 3470 vilitas
2203 3424 2252 3468 et
2310 3411 2410 3466 Dei
2467 3422 2648 3467 contra
2701 3411 3029 3482 magnitudo.
3089 3409 3544 3474 Quemadmodum

1980 3506 2118 3561 enim
2147 3520 2261 3558 cum
2295 3503 2464 3556 dicit:
2499 3502 2640 3556 Deus
2669 3503 3010 3556 mutationem
3040 3517 3143 3555 non
3169 3501 3386 3569 suscipit
3409 3515 3429 3564 ;
3467 3502 3544 3553 sic

1982 3598 2135 3650 homo
2180 3597 2372 3649 divinae
2425 3594 2698 3664 dignitatis
2742 3609 2846 3648 non
2875 3597 3224 3647 consumitur.
3262 3589 3544 3657 Quomodo

1982 3689 2124 3744 enim
2169 3689 2374 3758 pudore
2405 3700 2511 3739 non
2542 3693 2624 3740 est
2664 3684 2887 3740 affectus
2917 3687 3118 3739 dictam
3160 3698 3348 3738 vocem
3379 3696 3547 3752 oppo-

1987 3795 2141 3842 nens,
2168 3788 2225 3832 et
2253 3778 2319 3832 ad
2351 3777 2585 3832 debitum
2609 3786 2810 3830 nostra:
2837 3785 3042 3830 naturae
3070 3775 3342 3831 conditum
3377 3787 3499 3828 esse
3525 3788 3543 3828 :

1985 3871 2177 3926 Divina
2205 3880 2394 3922 natura
2424 3868 2574 3921 unita
2611 3875 2688 3921 est
2722 3866 2932 3936 patibili
2961 3877 3188 3929 naturae,
3220 3875 3274 3919 ut
3311 3865 3406 3918 hoc
3433 3879 3546 3918 cer-

1986 3973 2035 4018 te
2070 3962 2259 4014 nostris
2312 3959 2580 4013 medicinis
2633 3968 2809 4025 aptum
2856 3958 3130 4020 assistens,
3180 3972 3315 4009 unus
3354 3965 3403 4009 et
3435 3956 3549 4022 ipse

1986 4055 2244 4108 mediator
2300 4049 2394 4104 Dei
2439 4060 2488 4106 et
2562 4050 2832 4103 hominum
2883 4049 3136 4101 exsistens
3185 4048 3335 4100 homo
3391 4044 3548 4099 Iesus

1989 4145 2226 4201 Christus
2281 4152 2342 4204 ιιι,
2387 4154 2434 4196 et
2466 4143 2597 4195 mori
2630 4157 2720 4210 per
2762 4157 2921 4194 unam
2966 4140 3160 4209 potuit,
3195 4149 3241 4192 et
3289 4139 3432 4208 ﬁniri
3460 4154 3552 4206 per

1989 4238 2211 4292 alteram
2242 4252 2344 4290 non
2373 4234 2566 4302 potuit.

2059 4497 2252 4570 242a
2312 4496 2544 4550 Rursum
2614 4496 2833 4548 tertium
2887 4491 2952 4546 ad
3004 4491 3404 4546 accusationem
3442 4500 3555 4542 tra-

1995 4593 2166 4646 hunt:
2221 4587 2483 4656 Operatur
2529 4586 2665 4639 enim
2709 4595 2931 4653 utraque
2972 4582 3145 4652 {arma
3194 4599 3286 4651 per
3339 4582 3555 4635 alterius

323 4677 667 4743 κοινωνίας,
697 4678 807 4745 ἕως
847 4679 1037 4734 καὶτὸ
1058 4680 1390 4749 μὲναύτῶν
1421 4681 1740 4751 διαλάμπει
1769 4682 1881 4748 τοῖς

1993 4680 2534 4742 communicationem,
2567 4679 2728 4730 donec
2770 4675 3018 4728 divinitas
3040 4675 3250 4744 quidem
3280 4673 3555 4726 miraculis

323 4767 649 4835 θαύμασιν,
697 4770 763 4823 τὸ
809 4771 878 4822 δὲ
922 4771 1052 4837 ταῖς
1098 4773 1142 4804 ³³
1183 4773 1432 4841 ὕϐρεσιν
1474 4773 1887 4826 ὺποπέπτωκε.

1990 4773 2265 4836 clarescat,
2313 4767 2613 4820 humanitas
2661 4782 2780 4819 vero
2820 4764 3034 4832 injuriis
3073 4763 3385 4832 excipiatur.
3413 4762 3557 4817 Duos

325 4855 427 4907 Δύο
491 4856 606 4928 γὰρ
671 4854 810 4912 εἶναι
855 4861 982 4922 τοὺς
1037 4864 1394 4932 ἐνεργοῦντας
1448 4862 1782 4916 ἐκδιδάσκειν
1831 4864 1881 4916 τὶ

1988 4861 2131 4915 enim
2161 4874 2279 4913 esse
2325 4865 2628 4926 operantes,
2668 4855 2863 4908 docere
2889 4854 3238 4916 sententiam,
3270 4863 3560 4907 accusato~

325 4946 489 5015 ῥητὸν
542 4946 671 5018 [398
711 4948 806 5021 H.]
857 4951 908 5002 οἱ
953 4953 1246 5024 κατήγοροι
1277 4953 1712 5022 ψευδολογοῦσιν.
1754 4953 1892 5006 Ἀλλ’

325 5039 530 5101 ἐκεῖνος
583 5040 748 5094 πάλιν
787 5042 854 5094 δι’
888 5043 1080 5096 ἐαυτοῦ
1113 5046 1551 5117 ἀντιπαρατιθεὶς
1591 5048 1634 5079 ’⁸
1671 5045 1769 5118 τὴν
1813 5049 1891 5099 ol-

325 5127 480 5181 κείαν
509 5129 695 5199 φωνὴν
727 5131 1030 5202 ἐμφράττει
1064 5133 1266 5188 τούτων
1298 5136 1364 5188 τὰ
1392 5137 1654 5206 στόματα,
1693 5135 1887 5204 λέγων’

1995 4968 2081 5006 res
2133 4949 2486 5003 mentiuntur.
2528 4945 2632 5000 Sed
2689 4945 2776 4999 ille
2821 4960 3035 4999 rursum
3068 4958 3169 5015 per
3191 4943 3425 5012 seipsum
3459 4957 3559 5011 op-

2000 5056 2200 5111 ponens
2231 5053 2414 5092 vocem
2445 5037 2737 5105 propriam,
2761 5035 2992 5091 obstruit
3030 5050 3092 5088 os
3120 5049 3302 5088 eorum
3336 5034 3556 5085 (licens:

1995 5133 2142 5187 Unus
2170 5133 2279 5198 ipse
2311 5137 2360 5182 et
2400 5125 2576 5180 Filius
2609 5125 2706 5179 Dei
2747 5144 2883 5188 vere.
2917 5137 2963 5181 et
2995 5142 3109 5180 vere
3143 5124 3192 5178 F
3196 5126 3319 5178 ilius
3336 5125 3560 5176 hominis

320 5213 421 5284 Εἷς
449 5220 553 5273 καὶ
586 5224 621 5274 ό
661 5222 844 5288 αὐτὸς
883 5226 1013 5292 Υἱός
1045 5243 1109 5280 τε
1155 5228 1262 5282 τοῦ
1318 5228 1464 5282 Θεοῦ
1517 5228 1754 5297 ἀληθῶς
1800 5247 1881 5282 καλ

2009 5233 2106 5278 est.
2163 5222 2300 5276 Deus
2351 5220 2558 5289 quidem
2615 5229 2913 5286 quatenus:
2963 5237 2981 5269 ι
3044 5216 3114 5270 In
3150 5217 3409 5286 principio
3447 5224 3560 5269 erat

397 5342 439 5370 ω
475 5333 492 5385 l
528 5331 673 5387 Tim.
708 5349 770 5398 ιι,
797 5335 849 5390 5.
895 5355 909 5367 ·

1615 5426 1851 5485 VARI/[3
1891 5425 2296 5480 LECTIONES.

394 5520 443 5552 “
467 5521 581 5592 γὰρ
613 5523 870 5592 φυλάττει
909 5544 971 5590 ς.
1047 5528 1091 5560 ¹³
1127 5543 1256 5581 ποτε
1285 5525 1457 5580 ταῦτα
1500 5543 1560 5589 ς.

327 5590 402 5663 εί.
431 5609 490 5661 ρ.
520 5590 636 5648 9'61‘
658 5595 697 5647 Β
726 5605 780 5651 et
811 5596 855 5651 ιι
883 5596 1008 5663 808,
1055 5596 1147 5652 56.

332 5660 450 5723 θεὶξ
471 5679 536 5724 ς.

1255 5599 1294 5629 ¹⁷
1327 5596 1533 5669 τρίτον]
1561 5597 1657 5666 τὴν
1692 5598 1753 5649 Α.
1789 5593 2132 5666 τῆνμορφὴν
2167 5608 2271 5659 ing.
2325 5593 2386 5646 Α.

1670 5527 1713 5556 ⁸⁸
1741 5525 1803 5596 δὴ
1846 5523 2182 5596 ρήσεως-τὸν
2215 5539 2275 5585 ς.
2342 5523 2398 5596 Α¹⁵
2439 5521 2774 5596 ἐνΑϐλῳ-ὅσῳ
2801 5539 2860 5596 ς,
2940 5519 2982 5596 ξ’
3004 5519 3176 5574 ἐλεεῖν
3194 5519 3332 5596 libri
3359 5518 3558 5578 λέγειν.
3590 5551 3593 5556 -

2505 5593 2546 5623 ίδ
2581 5590 2721 5663 ταῖς]
2757 5591 2848 5643 καὶ
2872 5590 2992 5652 ταῖς
3021 5607 3081 5654 ς.
3192 5591 3234 5622 ³³
3259 5592 3563 5661 ἀντιπαραο
