3972 6248
414 233 522 304 917

1554 235 1818 298 ΡΗΟΤΠ
1854 233 2356 300 ΡΑΤΗΙΑΗΟΗίΕ
2394 241 2500 300 CP.

3538 237 3640 297 943

429 348 673 412 Verbum,
705 354 754 401 et
786 343 1012 401 Verbum
1043 352 1154 399 erat
1185 358 1324 414 apua
1369 343 1556 412 Deum,
1611 355 1659 400 et
1685 345 1826 400 Dens
1862 358 1964 400 erat

2073 347 2309 414 ἀληθῶς
2349 349 2481 416 Υἱὸς
2510 347 2822 416 ἀνθρώπου
2848 349 3148 416 τυγχάνει,
3176 318 3320 411 Θεὸς
3350 346 3468 416 μὲν
3487 345 3635 400 κατὰ

429 439 662 500 γεγόνοι,
688 449 755 493 ιιι
815 454 836 490 r
891 436 1062 492 Homo
1100 450 1218 490 vero
1253 435 1539 490 secundum
1587 437 1744 501 illud,
1777 455 1797 489 t
1841 436 1969 491 Ver-

414 533 539 587 bum
592 546 718 586 caro
767 528 966 598 factum
1019 534 1118 594 cst,
1169 536 1222 581 et
1272 527 1519 581 habitavit
1557 528 1614 582 in
1665 529 1814 582 nobis
1854 537 1903 592 ο,
1946 547 1966 581 r

412 641 576 692 usque
601 623 670 676 ad
695 621 867 677 illud:
903 639 924 673 ι
962 619 1127 686 Quem
1167 627 1224 673 ut
1260 620 1539 674 hominem.
1576 639 1595 672 ι
1639 619 1787 676 Certe
1825 619 1972 674 audit

411 714 666 768 daemonis
721 715 946 775 astutia,
985 711 1108 765 huic
1161 712 1312 780 quasi
1355 710 1496 766 Deus
1560 713 1630 767 sit
1669 710 1972 782 angelorum

411 804 540 858 ordo
579 803 862 858 ministrat.
902 801 1028 858 Haec
1071 803 1216 860 enim
1267 812 1396 857 tunc
1427 803 1570 858 dicta
1610 802 1847 858 dilucide
1876 815 1972 856 ex-

411 895 596 966 plicat,
638 903 696 950 et
735 908 1068 964 quaecunque
1113 893 1338 950 haeresis
1364 893 1686 949 calumniari
1728 892 1975 964 aggredi-

415 999 523 1054 tur,
551 994 608 1045 et
638 986 788 1043 omni
809 985 1080 1044 calumnia
1109 985 1348 1042 ostendit
1389 985 1690 1054 superiora.

476 1260 680 1329 Quarto
707 1271 936 1333 carpunt
958 1263 1095 1319 hanc
1123 1263 1486 1332 sententiamj:
1519 1262 1744 1328 Quando
1775 1280 1808 1316 a
1834 1279 1974 1331 prte-

408 1369 622 1408 cursore
656 1352 866 1410 Joanne
913 1356 1064 1423 carpit
1104 1355 1418 1424 baptismus,
1453 1370 1516 1408 ne
1547 1355 1825 1424 ignoretur
1853 1355 1977 1424 quia

2073 441 2268 507 τοῦτο,
2287 441 2452 506 καθὸ,
2467 460 2485 491 ι
2507 440 2611 494 Ἐν
2627 439 2784 510 ἀρχῇ
2805 436 2882 510 ἦν
2909 443 2942 494 ό
2960 440 3149 510 Λόγος
3170 438 3267 493 real
3286 442 3319 493 ό
3342 439 3529 508 Λόγος
3561 436 3640 506 ἦν

2073 532 2222 599 πρὸς
2262 532 2368 586 τὸν
2405 531 2555 586 Θεὸν
2591 533 2688 586 καὶ
2721 531 2866 598 Θεὸς
2893 528 2970 599 ἦν
2992 534 3026 586 ό
3059 531 3303 600 Λόγος,ι
3331 529 3642 597 ἄνθρωπος

2071 621 2141 675 δὲ
2172 623 2321 676 κατὰ
2350 623 2544 688 τοῦτο,
2564 624 2708 677 καθὸ
2742 640 2762 674 ι
2802 623 2863 675 ’0
2892 624 3081 692 Λόγος
3101 621 3257 690 σὰρξ
3276 620 3514 691 ἐγένετο
3544 619 3642 674 real

2071 714 2427 782 ἐσκήνωσεν
2448 716 2518 770 ἐν
2545 715 2740 785 ἡμῖν.»
2768 715 2911 778 Ἕως
2935 713 3058 777 τοῦ,
3076 716 3185 768 ’ον
3220 713 3302 780 ὡς
3332 711 3644 782 ἄνθρωπον

2071 806 2384 874 τοιγαροῦν
2419 805 2671 876 πειράζει
2708 806 2744 874 ἠ
2791 805 2901 860 τοῦ
2950 805 3235 860 διαϐόλου
3286 803 3640 872 πανουργία,

2071 897 2262 962 τούτῳ
2309 897 2411 952 ἅτε
2448 897 2525 962 δὴ
2583 896 2705 963 Θεῷ
2737 897 2863 950 ὄντι
2898 896 2937 964 ἡ
2996 895 3114 950 τῶν
3159 895 3434 967 ἀγγέλων
3472 893 3642 961 τάξις

2071 987 2346 1042 διακονεῖ.
2390 989 2472 1042 Τὰ
2497 988 2605 1061 γὰρ
2651 988 2885 1043 ἐνταῦθα
2936 988 3168 1061 ρηθέντα
3224 986 3413 1056 σαφῶς
3460 986 3642 1057 ἑρμη-

2075 1077 2220 1130 νεύει
2243 1079 2338 1131 καὶ
2376 1078 2518 1148 ἅπερ
2549 1081 2583 1150 ή
2630 1080 2840 1151 αἵρεσις
2878 1080 3236 1149 συκοφαντεῖν
3278 1075 3516 1149 ἐπήρθη,
3547 1075 3644 1130 καὶ

2075 1168 2326 1238 διαϐολῆς
2354 1171 2574 1243 ἁπάσης
2594 1171 2828 1225 δεικνύει
2859 1169 3127 1242 ἀνώτερα.

2146 1262 2419 1334 Τέταρτον
2446 1262 2793 1317 διαύὰλλουσι
2819 1263 2918 1335 τὴν
2941 1263 3172 1335 ἔχουσαν
3205 1263 3365 1335 ῥῆσιν
3395 1260 3524 1335 [765
3545 1258 3640 1332 R.]

2079 1353 2217 1407 Ὅτε
2239 1353 2308 1408 δὲ
2329 1356 2479 1424 πρὸς
2506 1355 2575 1410 τὸ
2598 1354 2706 1411 τοῦ
2738 1355 3080 1426 προδρόμου
3113 1353 3333 1409 ἑαυτοῦ
3359 1351 3643 1409 Ἰωάννου

410 1441 631 1497 obscuro
677 1445 853 1499 carnis
883 1444 1169 1498 velamento
1196 1444 1388 1515 tegitur
1419 1443 1689 1501 diuinitas.
1737 1442 1852 1498 Vox
1883 1443 1964 1498 Det

2077 1447 2310 1518 ἔρχεται
2337 1449 2676 1518 βάπτισμα,
2710 1449 2814 1504 ἵνα
2844 1447 2929 1519 μὴ
2965 1447 3120 1518 λάθῃ
3150 1446 3353 1515 ὅτιπερ
3388 1442 3468 1510 τῷ
3499 1460 3643 1513 προ-

407 1533 586 1588 Patris
610 1534 807 1589 caelitus
837 1536 1064 1590 demissa
1110 1537 1227 1592 ait:
1263 1555 1282 1589 ι
1315 1535 1415 1590 Hic
1440 1544 1516 1591 est
1541 1533 1714 1589 Filius
1733 1552 1878 1590 meus
1892 1537 1979 1590 di-

404 1625 566 1679 lectus
612 1625 667 1676 in
727 1639 827 1692 quo
866 1623 996 1676 mihi
1055 1623 1178 1678 bene
1229 1622 1519 1691 complacui
1551 1632 1600 1677 P.
1646 1641 1666 1675 ι
1700 1621 1807 1677 Sed
1853 1636 1974 1677 mox

2032 1539 2042 1554 '
2077 1540 2417 1610 καλύμματι
2461 1537 2572 1607 τῆς
2611 1538 2840 1609 σαρκὸς
2888 1539 2929 1608 ἡ
2980 1539 3190 1605 θεότης
3225 1537 3572 1606 ἐκρύπτετο,
3597 1534 3639 1602 ἠ

2077 1628 2186 1684 τοῦ
2223 1628 2451 1696 Πατρὸς
2474 1629 2643 1698 φωνὴ
2703 1630 3031 1698 οὐρανόθεν
3075 1625 3376 1683 ἐπιϐοῶσα
3424 1641 3638 1696 φησιν’

405 1715 570 1784 pudet
611 1715 730 1769 illos
780 1713 1000 1769 Romani
1036 1713 1303 1769 Pontiﬁcii
1362 1714 1658 1784 dignitatis.
1695 1714 1787 1770 Sic
1825 1715 1964 1768 enim

2075 1738 2095 1770 ‹
2133 1714 2320 1785 οὗτός
2362 1718 2533 1772 ἐστιν
2556 1722 2590 1773 ό
2614 1720 2743 1786 Υἱός
2766 1737 2886 1788 μου
2903 1723 2936 1774 ό
2960 1718 3370 1789 ἀγαπητὸς,ἐν
3393 1710 3638 1785 ᾧηὺδό-

403 1804 482 1859 ait
511 1820 528 1858 :
565 1802 715 1858 Venit
745 1804 907 1873 igitur
934 1805 990 1857 in
1017 1803 1154 1856 hanc
1177 1803 1362 1860 mundi
1390 1804 1646 1858 vilitatem
1673 1803 1766 1858 Dei
1793 1802 1967 1859 Filius

402 1911 432 1950 c
462 1894 655 1950 cmlesti
702 1894 1016 1949 descendens
1055 1893 1262 1961 throno,
1299 1902 1349 1948 et
1389 1910 1421 1947 a
1445 1895 1618 1963 patria
1661 1910 1764 1947 non
1797 1894 1967 1948 disce-

403 1987 530 2041 dens
563 1986 752 2056 gloria,
781 2003 912 2042 nouo
949 1989 1104 2042 modo
1156 2001 1386 2057 novaque
1420 1986 1760 2055 generatione
1787 1995 1963 2041 natus.

404 2074 556 2131 Nouo
583 2077 790 2147 quidem
832 2078 1008 2142 modo,
1041 2087 1096 2130 ut
1129 2077 1220 2148 qui
1262 2075 1540 2130 invisibilis
1574 2085 1710 2141 erat,
1742 2075 1964 2130 visibilis

402 2167 576 2235 [actus
623 2169 693 2222 sit
738 2167 878 2236 apud
925 2185 1038 2234 nos,
1076 2182 1246 2237 usque
1285 2168 1400 2222 ad:
1436 2166 1571 2222 Deus
1611 2183 1784 2235 verus,
1827 2168 1966 2222 idem

401 2263 562 2314 etiam
580 2276 729 2315 uerus
743 2260 914 2315 homo.
929 2261 996 2315 Et
1013 2269 1130 2330 post
1146 2260 1261 2315 haec
1279 2276 1294 2316 :
1315 2259 1762 2325 Quemadmodum
1783 2260 1962 2329 igitur,

401 2360 461 2405 ut
488 2350 653 2404 multa
686 2350 1024 2419 complectar,
1051 2367 1153 2405 non
1181 2351 1412 2419 ejusdem
1445 2359 1522 2404 est
1551 2360 1753 2405 naturte
1778 2353 1968 2421 deflere

398 2458 466 2497 ex
494 2443 943 2496 commiseratione
984 2443 1210 2497 amicum
1255 2451 1543 2506 mortuum,
1578 2451 1628 2496 et
1667 2458 1789 2496 mox
1823 2446 1965 2497 redi-

398 2533 589 2600 vivum,
629 2533 901 2603 divulgato
941 2550 1057 2602 1am
1087 2533 1230 2587 obitu
1258 2533 1604 2602 quatriduani
1639 2535 1856 2599 mortui,
1892 2535 1961 2588 ad

398 2626 536 2680 cocis
571 2625 783 2696 jussum
832 2641 1122 2694 resurgere,
1147 2634 1201 2680 et
1228 2634 1422 2679 caetera
1475 2634 1646 2695 usqu‘e
1676 2627 1744 2680 ad
1777 2626 1904 2680 illud
1936 2642 1952 2679 :

401 2716 708 2788 Quicunque
729 2732 820 2784 per
852 2716 1217 2770 reuelationem
1250 2712 1430 2769 Patris
1467 2715 1704 2770 eumdem
1736 2716 1833 2771 Dei
1861 2715 1964 2770 Fi-

395 2809 527 2862 lium
557 2809 826 2875 confessus
853 2817 904 2862 et
941 2803 1227 2860 Christum.

2071 1824 2254 1877 κησα.
2275 1828 2294 1860 ι
2356 1808 2496 1862 Ἀλλ’
2516 1809 2678 1874 εὐθὺς
2710 1810 2907 1882 αὐτοὺς
2942 1809 3293 1879 καταισχύνει
3350 1807 3451 1878 τῆς
3501 1807 3638 1861 Ῥω-

2074 1904 2278 1973 μαῖκῆς
2317 1899 2747 1973 Ἀρχιερωσύνης
2787 1901 2851 1954 τὸ
2897 1900 3300 1970 καλλώπισμα·
3325 1899 3472 1968 λέγει
3492 1897 3636 1969 γὰρ’

2070 1994 2426 2062 Προέρχεται
2461 1992 2673 2047 τοίνυν
2719 1994 2806 2059 εὶς
2850 1991 2919 2045 τὸ
2970 1989 3259 2044 ταπεινὸν
3311 1988 3490 2043 τοῦτο
3529 1985 3638 2042 τοῦ

2071 2084 2302 2152 κόσμου
2327 2086 2360 2138 ό
2375 2085 2506 2150 Υἱὸς
2533 2083 2641 2138 τοῦ
2659 2083 2827 2148 Θεοῦ,
2841 2083 2958 2137 ἀπὸ
2975 2081 3082 2136 τοῦ
3102 2080 3386 2149 οὐρανίου
3419 2081 3640 2147 θρόνου

2071 2175 2443 2229 καταϐαίνων
2462 2173 2559 2228 real
2582 2175 2699 2229 ἀπὸ
2728 2173 2840 2242 τῆς
2859 2173 3152 2242 πατρικῆς
3179 2171 3365 2238 δόξης
3384 2173 3494 2225 οὐκ
3521 2171 3638 2239 ἀφ-

2070 2266 2408 2334 ιστάμενος,
2434 2263 2614 2334 καινῇ
2636 2265 2710 2334 τῇ
2736 2265 2902 2329 τάξει
2931 2264 3030 2318 real
3049 2262 3230 2333 καινῇ
3260 2262 3334 2331 τῇ
3353 2263 3640 2333 γεννήσει

2071 2356 2410 2426 γενόμενος,
2451 2356 2634 2425 καινῇ
2667 2357 2784 2425 μὲν
2829 2355 2904 2425 τῇ
2936 2355 3134 2422 τάξει,
3159 2355 3362 2424 ὅτιπερ
3387 2355 3640 2423 ἀόρατος

2069 2445 2154 2500 ὢν
2179 2447 2250 2500 ἐν
2281 2447 2406 2513 τοῖς
2427 2446 2644 2502 ἑαυτοῦ
2671 2447 2884 2516 ὁρατὸς
2912 2446 3159 2518 γέγονεν
3180 2447 3248 2500 ἐν
3284 2446 3409 2512 τοῖς
3433 2445 3568 2514 παρ’
3590 2446 3639 2476 ⁸ο

2070 2537 2258 2604 ήμῶν.
2279 2537 2457 2607 Μέχρι
2485 2537 2580 2590 τοῦ
2599 2551 2613 2567 ο
2658 2537 2721 2591 '0
2750 2539 2862 2608 γὰρ
2895 2535 2981 2592 ὢν
3006 2538 3150 2604 Θεὸς
3173 2537 3428 2606 ἀληθὴς,
3453 2537 3665 2618 αὑτός.

2067 2627 2198 2681 ἐστι
2222 2629 2266 2659 ³³
2310 2628 2408 2682 real
2459 2627 2768 2696 ἅνθρωπος
2809 2628 3064 2696 ἀληθής.
3104 2629 3212 2682 Καὶ
3253 2629 3391 2698 μετὰ
3439 2627 3636 2680 ταῦτα’

2070 2719 2300 2788 Ὥσπερ
2328 2713 2464 2784 οὖν,
2495 2719 2595 2772 ἵνα
2631 2719 2704 2772 τὰ
2745 2719 2947 2773 πολλὰ
2987 2719 3336 2788 παραλείψω
3361 2758 3377 2783 ,
3413 2721 3494 2773 οὐ·
3528 2718 3643 2787 τῆς

2060 2807 2253 2878 αὐτῆς
2303 2809 2437 2862 ἐστι
2489 2809 2731 2877 φύσεως
2791 2809 2857 2862 τὸ
2904 2811 3139 2863 κλαίειν
3180 2809 3250 2863 ἐκ
3306 2809 3634 2874 διαθέσεως

395 2901 602 2956 οἴκτου
657 2900 768 2956 τὸν
815 2899 1265 2965 τελευτήσαντα
1321 2899 1526 2969 φίλον,
1589 2899 1690 2954 καὶ
1743 2901 1811 2955 τὸ
1857 2902 1964 2956 τὸν
2007 2903 2193 2958 αὐτὸν
2265 2903 2492 2973 ἀναζῇν
2552 2902 2857 2972 μέλλοντα
2927 2903 3467 2971 διασκεδασθέντος
3531 2904 3643 2958 τοῦ

394 2995 826 3067 προσχώματος
860 2993 973 3064 τῆς
1005 2994 1356 3064 τεταρταίας
1381 2994 1498 3063 ἢδη
1531 2995 1726 3066 ταφῆς
1753 2997 2170 3068 ἐξαναστῆσαι
2204 2999 2354 3068 πρὸς
2382 3000 2448 3053 τὸ
2501 3000 2810 3068 κέλευσμα
2867 2998 2981 3068 τῆς
3033 2999 3261 3069 φωνῆς.
3296 2999 3420 3068 λΚαὶ
3512 2997 3643 3068 ἑξῆς

397 3088 559 3160 μέχρι
589 3088 685 3144 τοῦ
705 3105 720 3122 ’
765 3089 974 3154 Ὅστις
1011 3086 1087 3142 δι’
1115 3087 1556 3156 ἀποκαλύψεως
1583 3087 1690 3142 τοῦ
1723 3089 1955 3158 Πατρὸς
1981 3090 2089 3144 τὸν
2117 3091 2305 3145 αὐτὸν
2334 3091 2432 3145 καὶ
2475 3091 2612 3145 reor
2639 3089 2790 3145 Θεοῦ
2835 3091 2880 3123 ³³
2929 3091 3283 3161 ὡμολόγησε
3345 3089 3444 3145 real
3500 3093 3640 3159 Χρι-

393 3185 568 3241 στόν.

465 3278 570 3334 Sed
596 3291 810 3332 rursum
854 3275 1077 3332 haeresis
1106 3275 1308 3331 dictum
1338 3277 1563 3332 verbum
1615 3277 1902 3346 discerpsit
1937 3297 1949 3332 :
1981 3280 2029 3343 ϐ

394 3369 513 3425 Etsi
560 3371 786 3424 maxime
823 3370 878 3422 in
928 3369 1154 3426 Domino
1181 3369 1308 3424 Jesu
1351 3367 1563 3424 Christo
1601 3370 1697 3424 Dei
1729 3369 1870 3424 Filio
1915 3381 1964 3424 et

391 3463 618 3516 hominis
647 3478 755 3516 una
781 3469 857 3516 est
880 3477 1103 3530 persona
1131 3501 1148 3528 ,
1209 3471 1382 3516 tamen
1413 3462 1558 3516 aliud
1603 3473 1679 3516 est
1710 3462 1864 3529 illud,
1901 3478 1967 3516 ea:

390 3554 569 3621 quoin
602 3564 818 3622 utroque
857 3555 1146 3609 communis
1183 3565 1260 3608 est
1313 3554 1518 3624 injuria
1555 3554 1773 3628 242b,
1801 3563 1851 3608 et
1879 3554 1964 3608 al-

393 3657 580 3712 terum,
614 3662 679 3700 ea“-
699 3662 802 3716 quo
827 3647 1118 3700 communis
1145 3647 1322 3716 opinio
1350 3657 1465 3700 orta
1492 3656 1589 3701 est.
1623 3647 1727 3700 Sed
1748 3653 1968 3700 sanctus

394 3738 476 3792 vir
528 3737 867 3806 impudentes
899 3753 995 3807 per
1057 3737 1161 3794 hoc
1203 3739 1470 3793 convertit
1529 3737 1744 3807 impios.
1811 3736 1963 3792 Dicit

388 3825 535 3882 enim
567 3841 582 3879 :
613 3824 743 3878 Post
768 3824 980 3880 Domini
1008 3829 1432 3881 resurrectionem
1461 3844 1576 3897 qua:
1603 3827 1836 3882 uidelicet
1859 3829 1963 3881 ueri

387 3917 623 3986 corporis
647 3919 811 3986 ipsius
836 3918 977 3987 facta
1002 3930 1101 3986 est,
1141 3937 1259 3974 cum
1286 3919 1424 3974 alius
1445 3937 1548 3974 non
1572 3929 1829 3990 resurgat,
1862 3919 1964 3973 nisi

387 4009 534 4064 cruci
565 4009 749 4081 agitus
799 4023 847 4065 et
892 4020 1152 4076 mortuus,
1185 4026 1357 4082 usque
1386 4013 1454 4069 ad
1487 4030 1500 4067 :
1536 4012 1626 4067 sed
1666 4028 1831 4065 unum
1865 4009 1961 4065 Dei

386 4097 588 4156 Filium
636 4102 941 4171 conﬁtemur
963 4114 1012 4158 ct
1037 4119 1266 4158 carnem.

2135 3272 2295 3327 Ἀλλά
2326 3271 2485 3326 πάλιν
2531 3271 2565 3341 ἡ
2592 3271 2801 3343 αἵρεσις
2843 3271 3088 3343 δ;ασύρει
3127 3271 3190 3324 τὸ
3237 3271 3394 3340 λέγον
3426 3271 3592 3342 ῥητόν
3621 3288 3636 3302 ·

2057 3366 2124 3418 El
2161 3363 2260 3418 real
2313 3366 2388 3417 τὰ
2428 3363 2696 3433 μάλιστα
2745 3364 2814 3418 ἐν
2867 3362 2947 3429 τῷ
2979 3364 3251 3432 Δεσπότη
3305 3364 3499 3432 Ἰησοῦ
3556 3363 3642 3429 τῷ

2062 3453 2292 3525 Χριστῷ
2331 3455 2439 3509 τοῦ
2494 3456 2642 3510 Θεοῦ
2687 3456 2786 3509 καὶ
2850 3456 2956 3511 τοῦ
3015 3455 3333 3524 ἀνθρώπου
3385 3456 3456 3509 ἓν
3506 3460 3639 3511 ἐστι

2061 3550 2406 3617 πρόσωπον,
2443 3547 2598 3618 ὅμως
2630 3547 2834 3616 ἕτερόν
2880 3548 3053 3602 ἐστιν
3102 3548 3297 3603 ἐκεῖνο
3330 3549 3400 3614 ἐξ
3437 3544 3509 3605 οὗ
3567 3550 3640 3602 ἐν

2062 3638 2319 3705 ἐκατέρῳ
2358 3641 2568 3694 κοινόν
2597 3640 2728 3693 ἐστι
2773 3639 2840 3693 τὸ
2867 3639 2977 3708 τῆς
3006 3639 3248 3708 ὕϐρεως,
3288 3639 3387 3693 real
3430 3638 3639 3707 ἕτερον

2064 3734 2134 3798 ἐξ
2161 3729 2234 3790 οὗ
2269 3732 2475 3787 κοινὸν
2513 3731 2580 3786 τὸ
2621 3732 2733 3800 τῆς
2774 3732 2962 3800 δόξης
2999 3732 3392 3800 καθέστηκεν.
3429 3733 3570 3785 Ἀλλ’
3608 3735 3638 3786 ὁ

2068 3825 2210 3895 ἱερὸς
2237 3825 2379 3896 ἀνὴρ
2422 3824 2518 3879 καὶ
2574 3824 2965 3895 ἀναισχύντους
2991 3823 3149 3887 ὄντας
3185 3824 3252 3876 δι’
3306 3822 3502 3878 ἑαυτοῦ
3542 3824 3634 3876 ὲν-

2064 3918 2254 3985 τρέπει
2303 3918 2431 3980 τοὺς
2466 3916 2782 3980 δυσσεὸεϊςο
2821 3914 2972 3983 λέγει
3000 3914 3136 3986 γάρ·
3198 3915 3360 3969 Μετὰ
3402 3913 3472 3967 δὲ
3519 3913 3636 3982 τὴν

2064 4009 2404 4064 ἀνάστασιν
2453 4009 2559 4063 τοῦ
2587 4007 2830 4077 Kvplov,
2869 4007 3001 4076 ἥτις
3051 4005 3294 4076 δηλαδὴ.
3334 4007 3441 4060 τοῦ
3485 4007 3635 4073 άλη-

2068 4099 2236 4155 θινοῦ
2286 4098 2558 4168 σώματος
2599 4098 2785 4154 αὑτοῦ
2857 4097 3200 4169 γεγένηται,
3249 4099 3456 4167 ἐπειδὴ
3518 4100 3631 4152 οὐκ

384 4192 576 4259 ἄλλος
603 4192 650 4224 ⁸³
679 4194 908 4262 ἀνέστη
949 4196 1001 4249 ei
1029 4194 1114 4265 μὴ
1179 4198 1214 4250 ό
1264 4192 1632 4262 σταυρωθεις
1672 4191 1771 4248 real
1813 4190 2148 4246 ἀποθανών.
2206 4189 2386 4261 Μέχρι
2410 4187 2526 4254 τοῦ,
2584 4190 2738 4243 Ἀλλ’
2794 4188 2905 4244 ἕνα
2973 4189 3108 4244 Υίὸν
3157 4188 3305 4243 Θεοῦ
3364 4190 3464 4244 real
3527 4194 3634 4248 τὸν

387 4287 580 4359 Λόγον
608 4291 1067 4360 ὁμολογήσομεν
1090 4290 1189 4345 real
1217 4288 1335 4359 τὴν
1363 4289 1585 4357 σάρκα.

457 4381 750 4452 Postquam
807 4398 935 4437 vero
987 4383 1184 4440 invasit
1230 4383 1484 4440 haeretica
1523 4383 1729 4453 opinio,
1758 4391 1814 4438 et
1852 4382 1960 4438 hoc

383 4474 642 4544 depravat
665 4490 679 4527 :
710 4473 815 4528 Per
836 4475 972 4527 hanc
1006 4475 1166 4543 igitur
1202 4491 1437 4542 persona:
1455 4475 1710 4529 unitatem
1728 4475 1784 4528 in
1811 4481 1961 4527 utra-

380 4581 480 4634 que
499 4573 688 4618 natura
707 4563 932 4617 debitam
964 4563 1200 4633 intelligi.
1231 4563 1456 4620 Etiamsi
1477 4580 1603 4619 vero
1621 4565 1708 4620 hic
1731 4562 1962 4634 propriis
1992 4591 2037 4648 ι)

381 4653 549 4710 armis
582 4653 914 4723 sycophanta
937 4654 1034 4708 hos
1060 4654 1282 4718 invadit,
1318 4655 1502 4710 dicens
1534 4673 1549 4710 :
1587 4653 1653 4710 In
1707 4657 1962 4725 importu-

2145 4373 2283 4427 Ἀλλ’
2309 4373 2389 4426 ἔτι
2422 4373 2665 4446 ὲπιπηδᾷ
2693 4373 2754 4427 τὸ
2781 4375 3055 4446 αἱρετικὸν
3072 4376 3349 4448 φρόνημα,
3381 4377 3475 4430 καὶ
3511 4377 3629 4432 δια-

2065 4465 2248 4520 ϐάλλει
2276 4465 2356 4517 τό·
2379 4465 2482 4518 Διὰ
2509 4466 2736 4533 ταύτην
2748 4467 2956 4520 τοίνυν
2977 4467 3084 4522 τοῦ
3100 4469 3427 4536 προσώπου
3454 4469 3568 4537 τὴν
3586 4471 3632 4502 ⁸⁸

2064 4559 2281 4612 ἕνωσιν
2319 4557 2389 4610 ἑν
2414 4555 2664 4625 ἑκατέρᾳ
2709 4557 2890 4626 φύσει
2931 4557 3198 4614 νοεῖσθαι
3235 4561 3629 4630 ὀφείλουσαν.

2077 4649 2236 4702 Ἀλλὰ
2260 4647 2540 4701 κάνταῦθα
2561 4649 2676 4711 τοῖς
2700 4648 2847 4712 ἰδίοις
2869 4649 3056 4710 ὅπλοις
3080 4653 3109 4704 ὁ
3132 4651 3632 4722 συκοφαντούμενος

382 4745 546 4800 nitate
574 4744 738 4814 igitur
764 4744 1009 4810 hominis,
1056 4753 1104 4798 et
1131 4745 1314 4800 ultima
1371 4758 1584 4811 natura,
1643 4746 1786 4802 Deus
1827 4761 1964 4800 veroo

2070 4743 2284 4804 τούτους
2332 4742 2684 4808 καταόάλλει,
2715 4742 2920 4810 λέγων’
2969 4745 3073 4798 Ἐν
3110 4746 3356 4816 ἀκεραίςι
3395 4765 3630 4817 τοιγαρ-

380 4843 537 4888 natus
562 4842 639 4886 est
667 4843 802 4887 totus
825 4835 879 4888 in
902 4835 991 4900 iis,
1015 4852 1132 4906 qua:
1173 4836 1338 4906 ipsius
1359 4877 1376 4902 ,
1398 4848 1445 4890 et
1469 4847 1606 4891 totus
1626 4838 1682 4892 in
1734 4835 1926 4891 nostris
1946 4873 1964 4899 ,

377 4935 437 4986 et
477 4924 730 4995 deinceps
755 4943 771 4982 :
801 4923 870 4979 Ut
910 4942 1123 4981 manens
1176 4929 1336 4997 igitur
1388 4929 1444 4982 in
1492 4929 1663 4997 [arma
1695 4928 1811 4993 Dei,
1837 4929 1964 4998 [erit

378 5020 636 5078 hominem
659 5062 675 5083 .
707 5023 781 5079 sic
813 5024 867 5078 in
892 5025 1021 5079 servi
1049 5021 1220 5093 forma
1246 5023 1419 5092 [actus
1436 5023 1588 5079 homo
1613 5034 1709 5078 est.

347 5317 351 5339 :
435 5291 638 5348 n.Ioan.
673 5307 712 5356 ι,
749 5292 799 5357 Ι,
833 5292 891 5346 2.
985 5299 1010 5327 ο
1039 5290 1272 5346 ibid”.
1359 5301 1388 5340 ι’
1413 5290 1601 5346 Matth.
1636 5290 1841 5353 xvtt,5.

2058 4835 2171 4889 οῦν
2217 4832 2532 4901 ἀνθρώπου
2579 4835 2679 4888 καὶ
2721 4835 2922 4901 τελείᾳ
2975 4837 3157 4904 φύσει
3206 4837 3350 4902 Θεὸς
3393 4835 3629 4905 άληθῶς

2057 4925 2268 4993 ἐτέχθη
2300 4923 2443 4990 ὅλος
2471 4924 2517 4956 ’⁵
2552 4924 2622 4977 ἐν
2653 4923 2776 4990 τοῖς
2802 4925 3018 4978 ἑαυτοῦ
3055 4925 3154 4978 real
3201 4924 3345 4992 ὅλος
3399 4926 3469 4980 ὲν
3508 4925 3628 4992 τοῖς

2063 5016 2248 5085 ήμῶν.
2280 5017 2392 5070 Καὶ
2414 5015 2541 5086 ἑξῆς
2558 5029 2574 5044 ⁶
2609 5013 2934 5084 Τοιγαροῦν
2955 5016 3035 5082 ὡς
3053 5018 3100 5048 ¹⁶
3125 5017 3328 5087 μένων
3344 5017 3416 5070 ἐν
3427 5016 3630 5087 μορφῇ

2063 5107 2212 5161 Θεοῦ
2249 5109 2580 5174 πεποίηκεν
2599 5106 2936 5174 ἄνθρωπον,
2965 5107 3152 5172 οὕτως
3171 5107 3243 5162 ἐν
3261 5106 3465 5181 μορφῇ
3492 5107 3628 5162 δού-

2060 5203 2176 5254 λου
2203 5201 2453 5271 γὲγονεν
2479 5199 2810 5270 ἅνθρωπος.

1661 5407 1894 5464 VARI/1?.
1926 5408 2328 5466 LECTIONES.

445 5563 506 5640 ”_
526 5562 656 5634 παρ’
698 5565 957 5634 expungi!
979 5563 1240 5636 Scaliger.
1263 5564 1358 5618 τοῦ
1399 5568 1428 5620 ὁ
1473 5564 1602 5636 γὰρ]
1642 5565 1749 5637 γὰρ
1772 5564 1865 5618 τοῦ
1887 5565 1916 5617 ὁ
1952 5565 2058 5635 γὰρ
2097 5565 2138 5618 Α
2165 5563 2320 5631 ειγὰρ
2347 5563 2438 5616 τοῦ
2468 5565 2497 5614 ὁ
2522 5580 2582 5626 ς’.
2691 5564 2730 5594 ¹¹
2767 5564 2855 5616 ὲστ

449 5647 510 5683 ου
540 5649 600 5696 ς.
664 5635 708 5666 ³³
745 5635 901 5698 ἄλλος
930 5637 1030 5689 οὐκ
1060 5652 1119 5700 ς.
1190 5635 1236 5668 ³³
1255 5636 1354 5705 τὴν
1383 5638 1505 5693 add.
1544 5640 1606 5693 A.
1687 5640 1731 5670 "
1755 5637 1890 5701 ὅλως
1921 5669 1985 5678 -
2015 5636 2148 5698 ὅλως
2175 5634 2326 5703 ΡΐιΑ·
2403 5635 2450 5668 ³⁵
2479 5631 2578 5705 ὡς]
2610 5631 2664 5697 δὲ
2696 5650 2777 5705 Pl‘.
2815 5633 2855 5688 Α

372 5629 510 5683 Θεοῦ
540 5629 617 5696 ς.’
664 5635 708 5666 ³³
745 5629 908 5698 ἅλλοξ
930 5637 1030 5689 οὐκ
1060 5629 1156 5700 ς.’
1190 5635 1236 5668 ³³
1255 5636 1354 5706 τὴν
1383 5629 1505 5693 add.
1544 5629 1606 5693 Ᾰῖ

2691 5564 2730 5594 ¹¹
2767 5564 2885 5616 ἐστι
2916 5562 2960 5618 Α
2997 5581 3008 5618 :
3040 5561 3119 5618 ἔτι
3149 5581 3207 5628 ς.
3288 5562 3331 5594 ²¹
3362 5561 3487 5616 Υιδν
3521 5558 3610 5616 τοῦ
