  <div class='ocr_page' id='page_1' title='image "/cluster/home/n/w/nwhite01/storage/ocr_20150623/103 pt.3/mdp.39015061933738/492.png"; bbox 0 0 3972 6248; ppageno 0'>
   <div class='ocr_carea' id='block_1_1' title="bbox 317 233 439 299">
    <p class='ocr_par' dir='ltr' id='par_1_1' title="bbox 317 233 439 299">
     <span class='ocr_line' id='line_1_1' title="bbox 317 233 439 299; baseline -0.008 -1"><span class='ocrx_word' id='word_1_1' title='bbox 317 233 439 299; x_wconf 70' lang='grc'><strong>949.</strong></span> 
     </span>
    </p>
   </div>
   <div class='ocr_carea' id='block_1_2' title="bbox 1333 242 2496 313">
    <p class='ocr_par' dir='ltr' id='par_1_2' title="bbox 1333 242 2496 313">
     <span class='ocr_line' id='line_1_2' title="bbox 1333 242 2496 313; baseline 0.009 -11"><span class='ocrx_word' id='word_1_2' title='bbox 1333 242 1859 305; x_wconf 83' lang='lat' dir='ltr'><strong>BIBLIOTHECA.</strong></span> <span class='ocrx_word' id='word_1_3' title='bbox 1900 271 1968 280; x_wconf 93' lang='grc'><strong>-</strong></span> <span class='ocrx_word' id='word_1_4' title='bbox 2004 247 2168 308; x_wconf 92' lang='lat' dir='ltr'><strong>COD.</strong></span> <span class='ocrx_word' id='word_1_5' title='bbox 2203 250 2496 313; x_wconf 82' lang='lat' dir='ltr'><strong>CCXXVI.</strong></span> 
     </span>
    </p>
   </div>
   <div class='ocr_carea' id='block_1_3' title="bbox 3458 263 3566 329">
    <p class='ocr_par' dir='ltr' id='par_1_3' title="bbox 3458 263 3566 329">
     <span class='ocr_line' id='line_1_3' title="bbox 3458 263 3566 329; baseline 0 -1"><span class='ocrx_word' id='word_1_6' title='bbox 3458 263 3566 329; x_wconf 83' lang='lat'><strong>950</strong></span> 
     </span>
    </p>
   </div>
   <div class='ocr_carea' id='block_1_4' title="bbox 389 344 1904 436">
    <p class='ocr_par' dir='ltr' id='par_1_4' title="bbox 389 344 1889 423">
     <span class='ocr_line' id='line_1_4' title="bbox 389 344 1889 423; baseline 0.005 -24"><span class='ocrx_word' id='word_1_7' title='bbox 389 344 561 400; x_wconf 84' lang='grc' dir='ltr'><em>Πάλιν</em></span> <span class='ocrx_word' id='word_1_8' title='bbox 589 347 857 420; x_wconf 74' lang='grc' dir='ltr'><em>ἡαῑρεσις</em></span> <span class='ocrx_word' id='word_1_9' title='bbox 890 349 1174 416; x_wconf 76' lang='grc' dir='ltr'><em>ὁπλίζεται</em></span> <span class='ocrx_word' id='word_1_10' title='bbox 1203 351 1346 406; x_wconf 72' lang='grc' dir='ltr'><em>κατὰ</em></span> <span class='ocrx_word' id='word_1_11' title='bbox 1373 352 1489 417; x_wconf 83' lang='grc' dir='ltr'><em>τοῦ,</em></span> <span class='ocrx_word' id='word_1_12' title='bbox 1523 355 1674 408; x_wconf 88' lang='grc' dir='ltr'><em>Ποία</em></span> <span class='ocrx_word' id='word_1_13' title='bbox 1703 355 1889 423; x_wconf 72' lang='grc' dir='ltr'><em>φύσις</em></span> 
     </span>
    </p>
   </div>
   <div class='ocr_carea' id='block_1_5' title="bbox 2015 344 3570 436">
    <p class='ocr_par' dir='ltr' id='par_1_5' title="bbox 2062 357 3570 436">
     <span class='ocr_line' id='line_1_5' title="bbox 2062 357 3570 436; baseline 0.009 -23"><span class='ocrx_word' id='word_1_14' title='bbox 2062 357 2294 416; x_wconf 81' lang='lat' dir='ltr'><strong>Rursum</strong></span> <span class='ocrx_word' id='word_1_15' title='bbox 2344 364 2459 419; x_wconf 57' lang='lat' dir='ltr'><strong>haec</strong></span> <span class='ocrx_word' id='word_1_16' title='bbox 2504 365 2724 421; x_wconf 68' lang='lat' dir='ltr'><strong>haeresis</strong></span> <span class='ocrx_word' id='word_1_17' title='bbox 2774 377 3082 436; x_wconf 87' lang='lat' dir='ltr'><strong>oppugnat:</strong></span> <span class='ocrx_word' id='word_1_18' title='bbox 3132 370 3318 436; x_wconf 82' lang='lat' dir='ltr'><strong>Qualis</strong></span> <span class='ocrx_word' id='word_1_19' title='bbox 3375 383 3570 427; x_wconf 82' lang='lat' dir='ltr'><strong>natura</strong></span> 
     </span>
    </p>
   </div>
   <div class='ocr_carea' id='block_1_6' title="bbox 309 438 1890 518">
    <p class='ocr_par' dir='ltr' id='par_1_6' title="bbox 309 438 1890 518">
     <span class='ocr_line' id='line_1_6' title="bbox 309 438 1890 518; baseline 0.006 -25"><span class='ocrx_word' id='word_1_20' title='bbox 309 438 738 510; x_wconf 73' lang='grc' dir='ltr'><em>ἑμπεπαρμένη</em></span> <span class='ocrx_word' id='word_1_21' title='bbox 759 443 884 509; x_wconf 84' lang='grc' dir='ltr'><em>τοῖς</em></span> <span class='ocrx_word' id='word_1_22' title='bbox 901 442 1076 512; x_wconf 78' lang='grc' dir='ltr'><em>ἣλοις</em></span> <span class='ocrx_word' id='word_1_23' title='bbox 1093 445 1163 498; x_wconf 81' lang='grc' dir='ltr'><em>ὲν</em></span> <span class='ocrx_word' id='word_1_24' title='bbox 1191 445 1318 518; x_wconf 78' lang='lat'><strong>[599</strong></span> <span class='ocrx_word' id='word_1_25' title='bbox 1344 447 1437 518; x_wconf 74' lang='lat'><strong>[1.]</strong></span> <span class='ocrx_word' id='word_1_26' title='bbox 1462 445 1542 512; x_wconf 82' lang='grc' dir='ltr'><em>τῷ</em></span> <span class='ocrx_word' id='word_1_27' title='bbox 1568 448 1675 502; x_wconf 90' lang='grc' dir='ltr'><em>τοῦ</em></span> <span class='ocrx_word' id='word_1_28' title='bbox 1705 465 1890 502; x_wconf 85' lang='grc' dir='ltr'><em>σταυ-</em></span> 
     </span>
    </p>
   </div>
   <div class='ocr_carea' id='block_1_7' title="bbox 305 529 1891 608">
    <p class='ocr_par' dir='ltr' id='par_1_7' title="bbox 305 529 1891 608">
     <span class='ocr_line' id='line_1_7' title="bbox 305 529 1891 608; baseline 0.004 -22"><span class='ocrx_word' id='word_1_29' title='bbox 305 529 419 598; x_wconf 84' lang='grc' dir='ltr'><em>ροῦ</em></span> <span class='ocrx_word' id='word_1_30' title='bbox 454 530 622 599; x_wconf 76' lang='grc' dir='ltr'><strong>ξύλῳ</strong></span> <span class='ocrx_word' id='word_1_31' title='bbox 636 534 941 603; x_wconf 79' lang='grc' dir='ltr'><strong>κρέμαται.</strong></span> <span class='ocrx_word' id='word_1_32' title='bbox 959 535 1070 589; x_wconf 77' lang='grc' dir='ltr'><strong>Καὶ</strong></span> <span class='ocrx_word' id='word_1_33' title='bbox 1089 536 1250 590; x_wconf 88' lang='grc' dir='ltr'><em>πάλιν</em></span> <span class='ocrx_word' id='word_1_34' title='bbox 1265 539 1293 590; x_wconf 92' lang='lat'><strong>6</strong></span> <span class='ocrx_word' id='word_1_35' title='bbox 1307 537 1406 608; x_wconf 84' lang='grc' dir='ltr'><em>τῆς</em></span> <span class='ocrx_word' id='word_1_36' title='bbox 1421 538 1703 602; x_wconf 81' lang='grc' dir='ltr'><em>εὐσεϐείας</em></span> <span class='ocrx_word' id='word_1_37' title='bbox 1725 556 1891 608; x_wconf 85' lang='grc' dir='ltr'><em>στρα-</em></span> 
     </span>
    </p>
   </div>
   <div class='ocr_carea' id='block_1_8' title="bbox 314 621 1891 700">
    <p class='ocr_par' dir='ltr' id='par_1_8' title="bbox 314 621 1891 700">
     <span class='ocr_line' id='line_1_8' title="bbox 314 621 1891 700; baseline 0.006 -27"><span class='ocrx_word' id='word_1_38' title='bbox 314 621 482 693; x_wconf 81' lang='grc' dir='ltr'><em>τηγὸς</em></span> <span class='ocrx_word' id='word_1_39' title='bbox 517 624 711 696; x_wconf 81' lang='grc' dir='ltr'>τρέπει</span> <span class='ocrx_word' id='word_1_40' title='bbox 741 625 803 678; x_wconf 84' lang='grc' dir='ltr'><em>τὸ</em></span> <span class='ocrx_word' id='word_1_41' title='bbox 838 627 1116 697; x_wconf 90' lang='grc' dir='ltr'><em>πολέμιον,</em></span> <span class='ocrx_word' id='word_1_42' title='bbox 1166 627 1396 689; x_wconf 79' lang='grc' dir='ltr'><em>πολλοὺς</em></span> <span class='ocrx_word' id='word_1_43' title='bbox 1439 629 1618 700; x_wconf 79' lang='grc' dir='ltr'><em>ἑαυτῷ</em></span> <span class='ocrx_word' id='word_1_44' title='bbox 1657 647 1891 684; x_wconf 85' lang='grc' dir='ltr'><em>συνεπα-</em></span> 
     </span>
    </p>
   </div>
   <div class='ocr_carea' id='block_1_9' title="bbox 313 712 1893 788">
    <p class='ocr_par' dir='ltr' id='par_1_9' title="bbox 313 712 1893 788">
     <span class='ocr_line' id='line_1_9' title="bbox 313 712 1893 788; baseline 0.007 -24"><span class='ocrx_word' id='word_1_45' title='bbox 313 712 546 782; x_wconf 87' lang='grc' dir='ltr'><em>γόμενος</em></span> <span class='ocrx_word' id='word_1_46' title='bbox 578 715 903 787; x_wconf 83' lang='grc' dir='ltr'>συμμάχους</span> <span class='ocrx_word' id='word_1_47' title='bbox 921 733 934 749; x_wconf 72' lang='grc' dir='ltr'>σ</span> <span class='ocrx_word' id='word_1_48' title='bbox 975 718 1117 788; x_wconf 81' lang='grc' dir='ltr'><em>πλὴν</em></span> <span class='ocrx_word' id='word_1_49' title='bbox 1138 718 1274 772; x_wconf 84' lang='grc' dir='ltr'><em>ἀλλὰ</em></span> <span class='ocrx_word' id='word_1_50' title='bbox 1307 721 1402 773; x_wconf 74' lang='grc' dir='ltr'><em>καὶ</em></span> <span class='ocrx_word' id='word_1_51' title='bbox 1424 720 1547 774; x_wconf 88' lang='grc' dir='ltr'><em>καθ’</em></span> <span class='ocrx_word' id='word_1_52' title='bbox 1574 721 1765 775; x_wconf 80' lang='grc' dir='ltr'><em>ἑαυτὸν</em></span> <span class='ocrx_word' id='word_1_53' title='bbox 1789 713 1893 788; x_wconf 84' lang='grc' dir='ltr'><em>ᾦδε</em></span> 
     </span>
    </p>
   </div>
   <div class='ocr_carea' id='block_1_10' title="bbox 313 791 1891 882">
    <p class='ocr_par' dir='ltr' id='par_1_10' title="bbox 313 791 1891 882">
     <span class='ocr_line' id='line_1_10' title="bbox 313 791 1891 882; baseline 0.004 -25"><span class='ocrx_word' id='word_1_54' title='bbox 313 805 646 858; x_wconf 74' lang='grc' dir='ltr'><em>καταϐάλλει</em></span> <span class='ocrx_word' id='word_1_55' title='bbox 685 806 931 872; x_wconf 81' lang='grc' dir='ltr'><strong>τούτους.</strong></span> <span class='ocrx_word' id='word_1_56' title='bbox 961 809 1099 880; x_wconf 77' lang='grc' dir='ltr'><em>Περὶ</em></span> <span class='ocrx_word' id='word_1_57' title='bbox 1125 791 1236 881; x_wconf 82' lang='grc' dir='ltr'><em>γὰρ</em></span> <span class='ocrx_word' id='word_1_58' title='bbox 1272 810 1544 882; x_wconf 82' lang='grc' dir='ltr'><em>Εὐτυχοῦς</em></span> <span class='ocrx_word' id='word_1_59' title='bbox 1579 810 1752 880; x_wconf 90' lang='grc' dir='ltr'><em>λέγων</em></span> <span class='ocrx_word' id='word_1_60' title='bbox 1785 829 1891 881; x_wconf 88' lang='grc' dir='ltr'><em>φη-</em></span> 
     </span>
    </p>
   </div>
   <div class='ocr_carea' id='block_1_11' title="bbox 314 893 1894 972">
    <p class='ocr_par' dir='ltr' id='par_1_11' title="bbox 314 893 1894 972">
     <span class='ocr_line' id='line_1_11' title="bbox 314 893 1894 972; baseline 0.007 -25"><span class='ocrx_word' id='word_1_61' title='bbox 314 893 400 947; x_wconf 88' lang='grc' dir='ltr'><strong>σίν</strong></span> <span class='ocrx_word' id='word_1_62' title='bbox 420 911 434 925; x_wconf 78' lang='grc' dir='ltr'><strong>ο</strong></span> <span class='ocrx_word' id='word_1_63' title='bbox 468 897 574 961; x_wconf 85' lang='grc' dir='ltr'><em>’ος</em></span> <span class='ocrx_word' id='word_1_64' title='bbox 609 895 726 964; x_wconf 83' lang='grc' dir='ltr'><em>τὴν</em></span> <span class='ocrx_word' id='word_1_65' title='bbox 751 899 945 967; x_wconf 72' lang='grc' dir='ltr'><em>φύσιν</em></span> <span class='ocrx_word' id='word_1_66' title='bbox 965 899 1082 970; x_wconf 80' lang='grc' dir='ltr'><em>τὴν</em></span> <span class='ocrx_word' id='word_1_67' title='bbox 1113 901 1412 972; x_wconf 75' lang='grc' dir='ltr'><strong>ἡμετέραν</strong></span> <span class='ocrx_word' id='word_1_68' title='bbox 1431 902 1501 956; x_wconf 82' lang='grc' dir='ltr'><em>ἐν</em></span> <span class='ocrx_word' id='word_1_69' title='bbox 1534 901 1615 967; x_wconf 83' lang='grc' dir='ltr'><em>τῷ</em></span> <span class='ocrx_word' id='word_1_70' title='bbox 1639 919 1894 972; x_wconf 76' lang='grc' dir='ltr'><em>μονογε-</em></span> 
     </span>
    </p>
   </div>
   <div class='ocr_carea' id='block_1_12' title="bbox 309 985 1896 1062">
    <p class='ocr_par' dir='ltr' id='par_1_12' title="bbox 309 985 1896 1062">
     <span class='ocr_line' id='line_1_12' title="bbox 309 985 1896 1062; baseline 0.006 -22"><span class='ocrx_word' id='word_1_71' title='bbox 309 985 412 1040; x_wconf 86' lang='grc' dir='ltr'><em>νεῖ</em></span> <span class='ocrx_word' id='word_1_72' title='bbox 437 987 550 1052; x_wconf 83' lang='grc' dir='ltr'><strong>Υιῷ</strong></span> <span class='ocrx_word' id='word_1_73' title='bbox 585 989 691 1044; x_wconf 86' lang='grc' dir='ltr'><em>τοῦ</em></span> <span class='ocrx_word' id='word_1_74' title='bbox 709 990 858 1046; x_wconf 83' lang='grc' dir='ltr'><strong>Θεοῦ</strong></span> <span class='ocrx_word' id='word_1_75' title='bbox 882 993 1030 1048; x_wconf 85' lang='grc' dir='ltr'><em>οὔτε</em></span> <span class='ocrx_word' id='word_1_76' title='bbox 1050 993 1148 1049; x_wconf 82' lang='grc' dir='ltr'><em>διὰ</em></span> <span class='ocrx_word' id='word_1_77' title='bbox 1161 993 1270 1062; x_wconf 81' lang='grc' dir='ltr'><em>τῆς</em></span> <span class='ocrx_word' id='word_1_78' title='bbox 1299 994 1720 1062; x_wconf 77' lang='grc' dir='ltr'><strong>ταπεινότητος</strong></span> <span class='ocrx_word' id='word_1_79' title='bbox 1753 996 1896 1050; x_wconf 78' lang='grc' dir='ltr'><em>οὔτε</em></span> 
     </span>
    </p>
   </div>
   <div class='ocr_carea' id='block_1_13' title="bbox 310 1078 1894 1160">
    <p class='ocr_par' dir='ltr' id='par_1_13' title="bbox 310 1078 1894 1160">
     <span class='ocr_line' id='line_1_13' title="bbox 310 1078 1894 1160; baseline 0.008 -28"><span class='ocrx_word' id='word_1_80' title='bbox 310 1078 412 1132; x_wconf 81' lang='grc' dir='ltr'><strong>διὰ</strong></span> <span class='ocrx_word' id='word_1_81' title='bbox 441 1079 556 1149; x_wconf 79' lang='grc' dir='ltr'><em>τῆς</em></span> <span class='ocrx_word' id='word_1_82' title='bbox 581 1081 767 1150; x_wconf 79' lang='grc' dir='ltr'><em>δόξης</em></span> <span class='ocrx_word' id='word_1_83' title='bbox 790 1083 1023 1157; x_wconf 71' lang='grc' dir='ltr'><em>ἐπέγνω</em></span> <span class='ocrx_word' id='word_1_84' title='bbox 1053 1085 1164 1156; x_wconf 83' lang='grc' dir='ltr'><em>τῆς</em></span> <span class='ocrx_word' id='word_1_85' title='bbox 1192 1087 1606 1154; x_wconf 78' lang='grc' dir='ltr'><em>ἀναστάσεως.</em></span> <span class='ocrx_word' id='word_1_86' title='bbox 1633 1088 1744 1142; x_wconf 73' lang='grc' dir='ltr'><strong>Καὶ</strong></span> <span class='ocrx_word' id='word_1_87' title='bbox 1765 1088 1894 1160; x_wconf 80' lang='grc' dir='ltr'><strong>ἑξῆς</strong></span> 
     </span>
    </p>
   </div>
   <div class='ocr_carea' id='block_1_14' title="bbox 314 1171 1886 1248">
    <p class='ocr_par' dir='ltr' id='par_1_14' title="bbox 314 1171 1886 1248">
     <span class='ocr_line' id='line_1_14' title="bbox 314 1171 1886 1248; baseline 0.006 -24"><span class='ocrx_word' id='word_1_88' title='bbox 314 1171 480 1243; x_wconf 85' lang='grc' dir='ltr'><em>μέχρι</em></span> <span class='ocrx_word' id='word_1_89' title='bbox 522 1173 650 1226; x_wconf 78' lang='grc' dir='ltr'><strong>τοῦο</strong></span> <span class='ocrx_word' id='word_1_90' title='bbox 696 1175 757 1231; x_wconf 87' lang='lat' dir='ltr'><strong>Tl</strong></span> <span class='ocrx_word' id='word_1_91' title='bbox 782 1175 850 1230; x_wconf 84' lang='grc' dir='ltr'><strong>δέ</strong></span> <span class='ocrx_word' id='word_1_92' title='bbox 890 1177 1023 1232; x_wconf 82' lang='grc' dir='ltr'><em>ἐστι</em></span> <span class='ocrx_word' id='word_1_93' title='bbox 1077 1178 1146 1232; x_wconf 84' lang='grc' dir='ltr'><em>τὸ</em></span> <span class='ocrx_word' id='word_1_94' title='bbox 1181 1177 1450 1248; x_wconf 83' lang='grc' dir='ltr'><strong>διαιροῦν</strong></span> <span class='ocrx_word' id='word_1_95' title='bbox 1478 1179 1582 1232; x_wconf 80' lang='grc' dir='ltr'><em>τὸν</em></span> <span class='ocrx_word' id='word_1_96' title='bbox 1629 1180 1886 1248; x_wconf 82' lang='grc' dir='ltr'><strong>Ἰησοῦν,</strong></span> 
     </span>
    </p>
   </div>
   <div class='ocr_carea' id='block_1_15' title="bbox 311 1263 1880 1342">
    <p class='ocr_par' dir='ltr' id='par_1_15' title="bbox 311 1263 1880 1342">
     <span class='ocr_line' id='line_1_15' title="bbox 311 1263 1880 1342; baseline 0.001 -20"><span class='ocrx_word' id='word_1_97' title='bbox 311 1265 366 1317; x_wconf 80' lang='grc' dir='ltr'><strong>εὶ</strong></span> <span class='ocrx_word' id='word_1_98' title='bbox 393 1263 478 1333; x_wconf 80' lang='grc' dir='ltr'><em>μὴ</em></span> <span class='ocrx_word' id='word_1_99' title='bbox 513 1264 630 1334; x_wconf 82' lang='grc' dir='ltr'><em>τὴν</em></span> <span class='ocrx_word' id='word_1_100' title='bbox 655 1267 1044 1337; x_wconf 80' lang='grc' dir='ltr'><em>ἀνθρωπίνην</em></span> <span class='ocrx_word' id='word_1_101' title='bbox 1065 1270 1167 1326; x_wconf 82' lang='grc' dir='ltr'><em>ἀπ’</em></span> <span class='ocrx_word' id='word_1_102' title='bbox 1203 1271 1389 1326; x_wconf 79' lang='grc' dir='ltr'><em>αὑτοῦ</em></span> <span class='ocrx_word' id='word_1_103' title='bbox 1423 1271 1614 1342; x_wconf 68' lang='grc' dir='ltr'><em>φύσιν</em></span> <span class='ocrx_word' id='word_1_104' title='bbox 1653 1272 1880 1342; x_wconf 78' lang='grc' dir='ltr'><em>ἀποχωο</em></span> 
     </span>
    </p>
   </div>
   <div class='ocr_carea' id='block_1_16' title="bbox 1996 449 3569 528">
    <p class='ocr_par' dir='ltr' id='par_1_16' title="bbox 1996 449 3569 528">
     <span class='ocr_line' id='line_1_16' title="bbox 1996 449 3569 528; baseline 0.01 -28"><span class='ocrx_word' id='word_1_105' title='bbox 1996 449 2166 515; x_wconf 72' lang='lat' dir='ltr'><strong>inﬁxa</strong></span> <span class='ocrx_word' id='word_1_106' title='bbox 2200 451 2363 507; x_wconf 77' lang='lat' dir='ltr'><strong>clavis</strong></span> <span class='ocrx_word' id='word_1_107' title='bbox 2394 453 2537 523; x_wconf 85' lang='lat' dir='ltr'><strong>ligno</strong></span> <span class='ocrx_word' id='word_1_108' title='bbox 2565 454 2737 509; x_wconf 87' lang='lat' dir='ltr'><strong>crucis</strong></span> <span class='ocrx_word' id='word_1_109' title='bbox 2758 455 2966 524; x_wconf 88' lang='lat' dir='ltr'><strong>pendet.</strong></span> <span class='ocrx_word' id='word_1_110' title='bbox 2999 455 3065 510; x_wconf 87' lang='lat' dir='ltr'><strong>Et</strong></span> <span class='ocrx_word' id='word_1_111' title='bbox 3095 472 3308 512; x_wconf 85' lang='lat' dir='ltr'><strong>rursum</strong></span> <span class='ocrx_word' id='word_1_112' title='bbox 3349 459 3569 528; x_wconf 87' lang='lat' dir='ltr'><strong>pietatis</strong></span> 
     </span>
    </p>
   </div>
   <div class='ocr_carea' id='block_1_17' title="bbox 1998 543 3568 612">
    <p class='ocr_par' dir='ltr' id='par_1_17' title="bbox 1998 543 3568 612">
     <span class='ocr_line' id='line_1_17' title="bbox 1998 543 3568 612; baseline 0.007 -18"><span class='ocrx_word' id='word_1_113' title='bbox 1998 543 2152 598; x_wconf 87' lang='lat' dir='ltr'><strong>miles</strong></span> <span class='ocrx_word' id='word_1_114' title='bbox 2189 547 2384 600; x_wconf 75' lang='lat' dir='ltr'><strong>evertit</strong></span> <span class='ocrx_word' id='word_1_115' title='bbox 2421 547 2651 612; x_wconf 84' lang='lat' dir='ltr'><strong>hostem,</strong></span> <span class='ocrx_word' id='word_1_116' title='bbox 2687 548 2884 604; x_wconf 88' lang='lat' dir='ltr'><strong>multos</strong></span> <span class='ocrx_word' id='word_1_117' title='bbox 2932 549 2986 604; x_wconf 92' lang='lat' dir='ltr'><strong>in</strong></span> <span class='ocrx_word' id='word_1_118' title='bbox 3012 564 3072 606; x_wconf 84' lang='lat' dir='ltr'><strong>se</strong></span> <span class='ocrx_word' id='word_1_119' title='bbox 3099 551 3374 605; x_wconf 85' lang='lat' dir='ltr'><strong>adducens</strong></span> <span class='ocrx_word' id='word_1_120' title='bbox 3412 565 3568 605; x_wconf 90' lang='lat' dir='ltr'><strong>com-</strong></span> 
     </span>
    </p>
   </div>
   <div class='ocr_carea' id='block_1_18' title="bbox 1998 634 3574 713">
    <p class='ocr_par' dir='ltr' id='par_1_18' title="bbox 1998 634 3574 713">
     <span class='ocr_line' id='line_1_18' title="bbox 1998 634 3574 713; baseline 0.008 -27"><span class='ocrx_word' id='word_1_121' title='bbox 1998 634 2294 702; x_wconf 85' lang='lat' dir='ltr'><strong>militones,</strong></span> <span class='ocrx_word' id='word_1_122' title='bbox 2324 638 2427 692; x_wconf 88' lang='lat' dir='ltr'><strong>nisi</strong></span> <span class='ocrx_word' id='word_1_123' title='bbox 2453 639 2597 709; x_wconf 87' lang='lat' dir='ltr'><strong>quod</strong></span> <span class='ocrx_word' id='word_1_124' title='bbox 2628 650 2683 695; x_wconf 90' lang='lat' dir='ltr'><strong>et</strong></span> <span class='ocrx_word' id='word_1_125' title='bbox 2703 641 2784 695; x_wconf 85' lang='lat' dir='ltr'><strong>sic</strong></span> <span class='ocrx_word' id='word_1_126' title='bbox 2812 657 2908 710; x_wconf 90' lang='lat' dir='ltr'><strong>per</strong></span> <span class='ocrx_word' id='word_1_127' title='bbox 2941 657 3002 698; x_wconf 89' lang='lat' dir='ltr'><strong>se</strong></span> <span class='ocrx_word' id='word_1_128' title='bbox 3030 643 3130 698; x_wconf 92' lang='lat' dir='ltr'><strong>hos</strong></span> <span class='ocrx_word' id='word_1_129' title='bbox 3158 642 3574 713; x_wconf 88' lang='lat' dir='ltr'><strong>complectatur.</strong></span> 
     </span>
    </p>
   </div>
   <div class='ocr_carea' id='block_1_19' title="bbox 1998 727 3578 801">
    <p class='ocr_par' dir='ltr' id='par_1_19' title="bbox 1998 727 3578 801">
     <span class='ocr_line' id='line_1_19' title="bbox 1998 727 3578 801; baseline 0.005 -21"><span class='ocrx_word' id='word_1_130' title='bbox 1998 727 2071 782; x_wconf 92' lang='lat' dir='ltr'><strong>De</strong></span> <span class='ocrx_word' id='word_1_131' title='bbox 2123 728 2363 800; x_wconf 85' lang='lat' dir='ltr'><strong>Eutyche</strong></span> <span class='ocrx_word' id='word_1_132' title='bbox 2393 733 2472 785; x_wconf 90' lang='lat' dir='ltr'><strong>sic</strong></span> <span class='ocrx_word' id='word_1_133' title='bbox 2511 733 2654 787; x_wconf 87' lang='lat' dir='ltr'><strong>enim</strong></span> <span class='ocrx_word' id='word_1_134' title='bbox 2704 733 2978 801; x_wconf 88' lang='lat' dir='ltr'><strong>loquitur:</strong></span> <span class='ocrx_word' id='word_1_135' title='bbox 3013 735 3116 800; x_wconf 82' lang='lat' dir='ltr'><strong>Qui</strong></span> <span class='ocrx_word' id='word_1_136' title='bbox 3174 746 3422 789; x_wconf 81' lang='lat' dir='ltr'><strong>naturam</strong></span> <span class='ocrx_word' id='word_1_137' title='bbox 3481 751 3578 788; x_wconf 87' lang='lat' dir='ltr'><strong>uo-</strong></span> 
     </span>
    </p>
   </div>
   <div class='ocr_carea' id='block_1_20' title="bbox 1999 822 3581 897">
    <p class='ocr_par' dir='ltr' id='par_1_20' title="bbox 1999 822 3581 897">
     <span class='ocr_line' id='line_1_20' title="bbox 1999 822 3581 897; baseline 0.005 -25"><span class='ocrx_word' id='word_1_138' title='bbox 1999 830 2168 873; x_wconf 88' lang='lat' dir='ltr'><strong>stram</strong></span> <span class='ocrx_word' id='word_1_139' title='bbox 2195 822 2252 875; x_wconf 83' lang='lat' dir='ltr'><strong>in</strong></span> <span class='ocrx_word' id='word_1_140' title='bbox 2288 823 2555 892; x_wconf 85' lang='lat' dir='ltr'><strong>unigenito</strong></span> <span class='ocrx_word' id='word_1_141' title='bbox 2588 823 2686 879; x_wconf 87' lang='lat' dir='ltr'><strong>Dei</strong></span> <span class='ocrx_word' id='word_1_142' title='bbox 2730 823 2892 893; x_wconf 84' lang='lat' dir='ltr'><strong>Filio,</strong></span> <span class='ocrx_word' id='word_1_143' title='bbox 2932 844 3094 897; x_wconf 82' lang='lat' dir='ltr'><strong>neque</strong></span> <span class='ocrx_word' id='word_1_144' title='bbox 3118 828 3435 890; x_wconf 77' lang='lat' dir='ltr'><strong>humilitate,</strong></span> <span class='ocrx_word' id='word_1_145' title='bbox 3489 844 3581 880; x_wconf 83' lang='lat' dir='ltr'><strong>ne-</strong></span> 
     </span>
    </p>
   </div>
   <div class='ocr_carea' id='block_1_21' title="bbox 1999 913 3581 989">
    <p class='ocr_par' dir='ltr' id='par_1_21' title="bbox 1999 913 3581 989">
     <span class='ocr_line' id='line_1_21' title="bbox 1999 913 3581 989; baseline 0.004 -24"><span class='ocrx_word' id='word_1_146' title='bbox 1999 927 2096 980; x_wconf 77' lang='lat' dir='ltr'><strong>que</strong></span> <span class='ocrx_word' id='word_1_147' title='bbox 2117 913 2284 982; x_wconf 80' lang='lat' dir='ltr'><strong>gloria</strong></span> <span class='ocrx_word' id='word_1_148' title='bbox 2325 916 2532 984; x_wconf 84' lang='lat' dir='ltr'><strong>agnovit</strong></span> <span class='ocrx_word' id='word_1_149' title='bbox 2569 920 2984 987; x_wconf 77' lang='lat' dir='ltr'><strong>resurrectionis,</strong></span> <span class='ocrx_word' id='word_1_150' title='bbox 3015 929 3070 974; x_wconf 89' lang='lat' dir='ltr'><strong>et</strong></span> <span class='ocrx_word' id='word_1_151' title='bbox 3125 934 3247 989; x_wconf 77' lang='lat' dir='ltr'><strong>quae</strong></span> <span class='ocrx_word' id='word_1_152' title='bbox 3277 929 3581 989; x_wconf 88' lang='lat' dir='ltr'><strong>sequuntur</strong></span> 
     </span>
    </p>
   </div>
   <div class='ocr_carea' id='block_1_22' title="bbox 2001 1005 3579 1082">
    <p class='ocr_par' dir='ltr' id='par_1_22' title="bbox 2001 1005 3579 1082">
     <span class='ocr_line' id='line_1_22' title="bbox 2001 1005 3579 1082; baseline 0.003 -26"><span class='ocrx_word' id='word_1_153' title='bbox 2001 1019 2170 1070; x_wconf 89' lang='lat' dir='ltr'><strong>usque</strong></span> <span class='ocrx_word' id='word_1_154' title='bbox 2191 1007 2256 1058; x_wconf 91' lang='lat' dir='ltr'><strong>ad</strong></span> <span class='ocrx_word' id='word_1_155' title='bbox 2290 1005 2418 1061; x_wconf 91' lang='lat' dir='ltr'><strong>illud</strong></span> <span class='ocrx_word' id='word_1_156' title='bbox 2449 1024 2465 1062; x_wconf 90' lang='lat'><strong>:</strong></span> <span class='ocrx_word' id='word_1_157' title='bbox 2504 1007 2643 1074; x_wconf 85' lang='lat' dir='ltr'><strong>Quid</strong></span> <span class='ocrx_word' id='word_1_158' title='bbox 2677 1019 2886 1078; x_wconf 78' lang='lat' dir='ltr'><strong>separat</strong></span> <span class='ocrx_word' id='word_1_159' title='bbox 2913 1010 3113 1076; x_wconf 76' lang='lat' dir='ltr'><strong>Iesum,</strong></span> <span class='ocrx_word' id='word_1_160' title='bbox 3152 1012 3254 1066; x_wconf 85' lang='lat' dir='ltr'><strong>nisi</strong></span> <span class='ocrx_word' id='word_1_161' title='bbox 3277 1011 3579 1082; x_wconf 77' lang='lat' dir='ltr'><strong>mysterium</strong></span> 
     </span>
    </p>
   </div>
   <div class='ocr_carea' id='block_1_23' title="bbox 2000 1096 3579 1171">
    <p class='ocr_par' dir='ltr' id='par_1_23' title="bbox 2000 1096 3579 1171">
     <span class='ocr_line' id='line_1_23' title="bbox 2000 1096 3579 1171; baseline 0.005 -25"><span class='ocrx_word' id='word_1_162' title='bbox 2000 1096 2284 1149; x_wconf 85' lang='lat' dir='ltr'><strong>humanam</strong></span> <span class='ocrx_word' id='word_1_163' title='bbox 2330 1098 2394 1151; x_wconf 86' lang='lat' dir='ltr'><strong>ab</strong></span> <span class='ocrx_word' id='word_1_164' title='bbox 2430 1099 2540 1167; x_wconf 86' lang='lat' dir='ltr'><strong>ipso</strong></span> <span class='ocrx_word' id='word_1_165' title='bbox 2568 1108 2818 1154; x_wconf 88' lang='lat' dir='ltr'><strong>naturam</strong></span> <span class='ocrx_word' id='word_1_166' title='bbox 2844 1103 3133 1171; x_wconf 81' lang='lat' dir='ltr'><strong>sejungere,</strong></span> <span class='ocrx_word' id='word_1_167' title='bbox 3164 1119 3256 1170; x_wconf 86' lang='lat' dir='ltr'><strong>per</strong></span> <span class='ocrx_word' id='word_1_168' title='bbox 3287 1118 3441 1171; x_wconf 88' lang='lat' dir='ltr'><strong>quem</strong></span> <span class='ocrx_word' id='word_1_169' title='bbox 3490 1117 3579 1154; x_wconf 86' lang='lat' dir='ltr'><strong>so-</strong></span> 
     </span>
    </p>
   </div>
   <div class='ocr_carea' id='block_1_24' title="bbox 1996 1185 3580 1265">
    <p class='ocr_par' dir='ltr' id='par_1_24' title="bbox 1996 1185 3580 1265">
     <span class='ocr_line' id='line_1_24' title="bbox 1996 1185 3580 1265; baseline 0.006 -28"><span class='ocrx_word' id='word_1_170' title='bbox 1996 1185 2104 1238; x_wconf 91' lang='lat' dir='ltr'><strong>lum</strong></span> <span class='ocrx_word' id='word_1_171' title='bbox 2149 1188 2338 1242; x_wconf 86' lang='lat' dir='ltr'><strong>salvati</strong></span> <span class='ocrx_word' id='word_1_172' title='bbox 2381 1206 2584 1256; x_wconf 88' lang='lat' dir='ltr'><strong>sumus,</strong></span> <span class='ocrx_word' id='word_1_173' title='bbox 2636 1195 2816 1247; x_wconf 84' lang='lat' dir='ltr'><strong>conari</strong></span> <span class='ocrx_word' id='word_1_174' title='bbox 2853 1195 3074 1248; x_wconf 85' lang='lat' dir='ltr'><strong>stultum</strong></span> <span class='ocrx_word' id='word_1_175' title='bbox 3115 1209 3208 1262; x_wconf 84' lang='lat' dir='ltr'><strong>per</strong></span> <span class='ocrx_word' id='word_1_176' title='bbox 3255 1195 3580 1265; x_wconf 83' lang='lat' dir='ltr'><strong>impudentes</strong></span> 
     </span>
    </p>
   </div>
   <div class='ocr_carea' id='block_1_25' title="bbox 1997 1273 2495 1345">
    <p class='ocr_par' dir='ltr' id='par_1_25' title="bbox 1997 1273 2495 1345">
     <span class='ocr_line' id='line_1_25' title="bbox 1997 1273 2495 1345; baseline 0.018 -19"><span class='ocrx_word' id='word_1_177' title='bbox 1997 1273 2232 1340; x_wconf 83' lang='lat' dir='ltr'><strong>ﬁctiones</strong></span> <span class='ocrx_word' id='word_1_178' title='bbox 2268 1280 2495 1345; x_wconf 86' lang='lat' dir='ltr'><strong>operari.</strong></span> 
     </span>
    </p>
   </div>
   <div class='ocr_carea' id='block_1_26' title="bbox 307 1352 3580 1444">
    <p class='ocr_par' dir='ltr' id='par_1_26' title="bbox 307 1352 3580 1444">
     <span class='ocr_line' id='line_1_26' title="bbox 307 1352 3580 1444; baseline 0.008 -39"><span class='ocrx_word' id='word_1_179' title='bbox 307 1352 496 1438; x_wconf 75' lang='grc' dir='ltr'><em>ρίζειν</em></span> <span class='ocrx_word' id='word_1_180' title='bbox 521 1357 568 1388; x_wconf 77' lang='grc'><strong>⁸⁷</strong></span> <span class='ocrx_word' id='word_1_181' title='bbox 607 1355 672 1408; x_wconf 85' lang='grc' dir='ltr'><em>τὸ</em></span> <span class='ocrx_word' id='word_1_182' title='bbox 704 1356 1066 1426; x_wconf 80' lang='grc' dir='ltr'><em>μυστήριον,</em></span> <span class='ocrx_word' id='word_1_183' title='bbox 1104 1358 1178 1412; x_wconf 86' lang='grc' dir='ltr'><em>δι’</em></span> <span class='ocrx_word' id='word_1_184' title='bbox 1241 1356 1428 1430; x_wconf 85' lang='grc' dir='ltr'><em>οὗπερ</em></span> <span class='ocrx_word' id='word_1_185' title='bbox 1471 1360 1781 1428; x_wconf 82' lang='grc' dir='ltr'><strong>ἐσώθημεν</strong></span> <span class='ocrx_word' id='word_1_186' title='bbox 1819 1363 2034 1431; x_wconf 84' lang='grc' dir='ltr'><strong>μόνου,</strong></span> <span class='ocrx_word' id='word_1_187' title='bbox 2103 1365 2419 1434; x_wconf 84' lang='grc' dir='ltr'><em>πειρᾶσθαι</em></span> <span class='ocrx_word' id='word_1_188' title='bbox 2452 1369 2707 1438; x_wconf 80' lang='grc' dir='ltr'><em>μάταιον</em></span> <span class='ocrx_word' id='word_1_189' title='bbox 2763 1372 2862 1427; x_wconf 87' lang='grc' dir='ltr'><strong>διὰ</strong></span> <span class='ocrx_word' id='word_1_190' title='bbox 2911 1373 3282 1444; x_wconf 80' lang='grc' dir='ltr'><em>πλασμάτων</em></span> <span class='ocrx_word' id='word_1_191' title='bbox 3323 1373 3580 1432; x_wconf 78' lang='grc' dir='ltr'><em>ἀναιδῶν</em></span> 
     </span>
    </p>
   </div>
   <div class='ocr_carea' id='block_1_27' title="bbox 311 1431 763 1517">
    <p class='ocr_par' dir='ltr' id='par_1_27' title="bbox 311 1431 763 1517">
     <span class='ocr_line' id='line_1_27' title="bbox 311 1431 763 1517; baseline 0.007 -15"><span class='ocrx_word' id='word_1_192' title='bbox 311 1431 763 1517; x_wconf 77' lang='grc' dir='ltr'><em>ἀπεργάζεσθαι.</em></span> 
     </span>
    </p>
   </div>
   <div class='ocr_carea' id='block_1_28' title="bbox 387 1539 1890 1618">
    <p class='ocr_par' dir='ltr' id='par_1_28' title="bbox 387 1539 1890 1618">
     <span class='ocr_line' id='line_1_28' title="bbox 387 1539 1890 1618; baseline 0.005 -23"><span class='ocrx_word' id='word_1_193' title='bbox 387 1543 469 1595; x_wconf 81' lang='grc' dir='ltr'><strong>Τὰ</strong></span> <span class='ocrx_word' id='word_1_194' title='bbox 514 1543 612 1613; x_wconf 86' lang='grc' dir='ltr'><em>μὲν</em></span> <span class='ocrx_word' id='word_1_195' title='bbox 641 1539 734 1598; x_wconf 77' lang='grc' dir='ltr'><em>οὖν</em></span> <span class='ocrx_word' id='word_1_196' title='bbox 781 1545 922 1618; x_wconf 76' lang='grc' dir='ltr'><em>ῥητά</em></span> <span class='ocrx_word' id='word_1_197' title='bbox 967 1547 1062 1600; x_wconf 81' lang='grc' dir='ltr'><em>τοῦ</em></span> <span class='ocrx_word' id='word_1_198' title='bbox 1094 1549 1152 1600; x_wconf 84' lang='grc' dir='ltr'><em>ὲν</em></span> <span class='ocrx_word' id='word_1_199' title='bbox 1199 1546 1376 1614; x_wconf 85' lang='grc' dir='ltr'><strong>ἁγίοις</strong></span> <span class='ocrx_word' id='word_1_200' title='bbox 1424 1549 1675 1615; x_wconf 73' lang='grc' dir='ltr'><em>Λέοντος,</em></span> <span class='ocrx_word' id='word_1_201' title='bbox 1723 1549 1792 1603; x_wconf 88' lang='grc' dir='ltr'><strong>τά</strong></span> <span class='ocrx_word' id='word_1_202' title='bbox 1830 1565 1890 1602; x_wconf 88' lang='grc' dir='ltr'><em>τε</em></span> 
     </span>
    </p>
   </div>
   <div class='ocr_carea' id='block_1_29' title="bbox 312 1637 1893 1710">
    <p class='ocr_par' dir='ltr' id='par_1_29' title="bbox 312 1637 1893 1710">
     <span class='ocr_line' id='line_1_29' title="bbox 312 1637 1893 1710; baseline 0.003 -23"><span class='ocrx_word' id='word_1_203' title='bbox 312 1637 736 1706; x_wconf 67' lang='grc' dir='ltr'><em>ἑπηρεαζόμενα</em></span> <span class='ocrx_word' id='word_1_204' title='bbox 771 1638 949 1708; x_wconf 84' lang='grc' dir='ltr'><em>μάτην</em></span> <span class='ocrx_word' id='word_1_205' title='bbox 970 1640 1064 1693; x_wconf 73' lang='grc' dir='ltr'><em>καὶ</em></span> <span class='ocrx_word' id='word_1_206' title='bbox 1097 1639 1133 1692; x_wconf 75' lang='grc' dir='ltr'><strong>ά</strong></span> <span class='ocrx_word' id='word_1_207' title='bbox 1168 1641 1292 1703; x_wconf 80' lang='grc' dir='ltr'><em>τοὺς</em></span> <span class='ocrx_word' id='word_1_208' title='bbox 1322 1638 1736 1710; x_wconf 79' lang='grc' dir='ltr'><em>ὲπηρεάζοντας</em></span> <span class='ocrx_word' id='word_1_209' title='bbox 1756 1658 1893 1694; x_wconf 85' lang='grc' dir='ltr'><em>κατ-</em></span> 
     </span>
    </p>
   </div>
   <div class='ocr_carea' id='block_1_30' title="bbox 314 1726 1898 1800">
    <p class='ocr_par' dir='ltr' id='par_1_30' title="bbox 314 1726 1898 1800">
     <span class='ocr_line' id='line_1_30' title="bbox 314 1726 1898 1800; baseline 0.002 -21"><span class='ocrx_word' id='word_1_210' title='bbox 314 1726 674 1798; x_wconf 79' lang='grc' dir='ltr'><em>αισχύνουσι,</em></span> <span class='ocrx_word' id='word_1_211' title='bbox 727 1728 903 1782; x_wconf 83' lang='grc' dir='ltr'><em>ταῦτα</em></span> <span class='ocrx_word' id='word_1_212' title='bbox 934 1743 947 1757; x_wconf 86' lang='grc'>⁶</span> <span class='ocrx_word' id='word_1_213' title='bbox 1019 1729 1055 1784; x_wconf 82' lang='grc' dir='ltr'>ἂ</span> <span class='ocrx_word' id='word_1_214' title='bbox 1102 1730 1357 1783; x_wconf 77' lang='grc' dir='ltr'><em>τοσοῦτον</em></span> <span class='ocrx_word' id='word_1_215' title='bbox 1434 1730 1729 1798; x_wconf 85' lang='grc' dir='ltr'><em>συσφίγγει</em></span> <span class='ocrx_word' id='word_1_216' title='bbox 1800 1730 1898 1800; x_wconf 87' lang='grc' dir='ltr'><em>τὴν</em></span> 
     </span>
    </p>
   </div>
   <div class='ocr_carea' id='block_1_31' title="bbox 315 1817 1899 1891">
    <p class='ocr_par' dir='ltr' id='par_1_31' title="bbox 315 1817 1899 1891">
     <span class='ocr_line' id='line_1_31' title="bbox 315 1817 1899 1891; baseline 0.003 -22"><span class='ocrx_word' id='word_1_217' title='bbox 315 1817 537 1881; x_wconf 69' lang='grc' dir='ltr'><em>ἕνωσιν,</em></span> <span class='ocrx_word' id='word_1_218' title='bbox 561 1817 702 1872; x_wconf 84' lang='grc' dir='ltr'><em>ὥστε</em></span> <span class='ocrx_word' id='word_1_219' title='bbox 723 1819 1027 1891; x_wconf 76' lang='grc' dir='ltr'><strong>θαυμάζειν</strong></span> <span class='ocrx_word' id='word_1_220' title='bbox 1058 1820 1176 1884; x_wconf 89' lang='grc' dir='ltr'><strong>πῶς</strong></span> <span class='ocrx_word' id='word_1_221' title='bbox 1207 1821 1274 1874; x_wconf 78' lang='grc' dir='ltr'><em>ἐκ</em></span> <span class='ocrx_word' id='word_1_222' title='bbox 1297 1821 1505 1874; x_wconf 86' lang='grc' dir='ltr'><em>τούτων</em></span> <span class='ocrx_word' id='word_1_223' title='bbox 1543 1822 1593 1875; x_wconf 75' lang='grc' dir='ltr'><em>οἱ</em></span> <span class='ocrx_word' id='word_1_224' title='bbox 1629 1821 1899 1891; x_wconf 86' lang='grc' dir='ltr'><em>συκοφάν-</em></span> 
     </span>
    </p>
   </div>
   <div class='ocr_carea' id='block_1_32' title="bbox 313 1909 1901 1983">
    <p class='ocr_par' dir='ltr' id='par_1_32' title="bbox 313 1909 1901 1983">
     <span class='ocr_line' id='line_1_32' title="bbox 313 1909 1901 1983; baseline 0.003 -21"><span class='ocrx_word' id='word_1_225' title='bbox 313 1927 410 1963; x_wconf 87' lang='grc' dir='ltr'><strong>ται</strong></span> <span class='ocrx_word' id='word_1_226' title='bbox 449 1911 572 1980; x_wconf 78' lang='grc' dir='ltr'><em>οὐχὶ</em></span> <span class='ocrx_word' id='word_1_227' title='bbox 612 1911 876 1982; x_wconf 90' lang='grc' dir='ltr'><em>σύγχυσιν</em></span> <span class='ocrx_word' id='word_1_228' title='bbox 913 1912 1009 1967; x_wconf 79' lang='grc' dir='ltr'><em>τοῦ</em></span> <span class='ocrx_word' id='word_1_229' title='bbox 1062 1912 1256 1983; x_wconf 79' lang='grc' dir='ltr'><em>ἀνδρὸς</em></span> <span class='ocrx_word' id='word_1_230' title='bbox 1303 1914 1586 1977; x_wconf 83' lang='grc' dir='ltr'><em>κατεῖπον,</em></span> <span class='ocrx_word' id='word_1_231' title='bbox 1612 1909 1801 1983; x_wconf 87' lang='grc' dir='ltr'><em>ῶσπερ</em></span> <span class='ocrx_word' id='word_1_232' title='bbox 1836 1913 1901 1966; x_wconf 79' lang='grc' dir='ltr'><em>ὲκ</em></span> 
     </span>
    </p>
   </div>
   <div class='ocr_carea' id='block_1_33' title="bbox 315 1999 1902 2072">
    <p class='ocr_par' dir='ltr' id='par_1_33' title="bbox 315 1999 1902 2072">
     <span class='ocr_line' id='line_1_33' title="bbox 315 1999 1902 2072; baseline 0.001 -21"><span class='ocrx_word' id='word_1_233' title='bbox 315 1999 430 2052; x_wconf 89' lang='grc' dir='ltr'><strong>τῶν</strong></span> <span class='ocrx_word' id='word_1_234' title='bbox 459 2000 910 2071; x_wconf 83' lang='grc' dir='ltr'><em>ὲπηρεασθὲντων</em></span> <span class='ocrx_word' id='word_1_235' title='bbox 941 2002 1042 2070; x_wconf 82' lang='grc' dir='ltr'><em>τὴν</em></span> <span class='ocrx_word' id='word_1_236' title='bbox 1075 2001 1342 2072; x_wconf 79' lang='grc' dir='ltr'><em>διαίρεσιν</em></span> <span class='ocrx_word' id='word_1_237' title='bbox 1376 2001 1803 2056; x_wconf 84' lang='grc' dir='ltr'><em>συνεπλάσαντο.</em></span> <span class='ocrx_word' id='word_1_238' title='bbox 1828 2001 1902 2054; x_wconf 83' lang='grc' dir='ltr'><strong>Τὸ</strong></span> 
     </span>
    </p>
   </div>
   <div class='ocr_carea' id='block_1_34' title="bbox 317 2091 1902 2164">
    <p class='ocr_par' dir='ltr' id='par_1_34' title="bbox 317 2091 1902 2164">
     <span class='ocr_line' id='line_1_34' title="bbox 317 2091 1902 2164; baseline 0.001 -20"><span class='ocrx_word' id='word_1_239' title='bbox 317 2093 432 2162; x_wconf 86' lang='grc' dir='ltr'><strong>γάρ</strong></span> <span class='ocrx_word' id='word_1_240' title='bbox 465 2092 645 2160; x_wconf 84' lang='grc' dir='ltr'><em>λέγειν</em></span> <span class='ocrx_word' id='word_1_241' title='bbox 673 2091 750 2156; x_wconf 85' lang='grc' dir='ltr'><em>ὡς</em></span> <span class='ocrx_word' id='word_1_242' title='bbox 772 2095 802 2146; x_wconf 97' lang='lat'><strong>6</strong></span> <span class='ocrx_word' id='word_1_243' title='bbox 827 2093 1046 2164; x_wconf 82' lang='grc' dir='ltr'><em>ἀπαθὴς</em></span> <span class='ocrx_word' id='word_1_244' title='bbox 1069 2093 1203 2157; x_wconf 82' lang='grc' dir='ltr'>Θεὸς</span> <span class='ocrx_word' id='word_1_245' title='bbox 1223 2094 1323 2147; x_wconf 86' lang='grc' dir='ltr'><strong>οὐκ</strong></span> <span class='ocrx_word' id='word_1_246' title='bbox 1347 2091 1630 2162; x_wconf 78' lang='grc' dir='ltr'><em>ἀπηξίωσε</em></span> <span class='ocrx_word' id='word_1_247' title='bbox 1660 2093 1902 2163; x_wconf 81' lang='grc' dir='ltr'><em>παθητὸς</em></span> 
     </span>
    </p>
   </div>
   <div class='ocr_carea' id='block_1_35' title="bbox 315 2185 1901 2258">
    <p class='ocr_par' dir='ltr' id='par_1_35' title="bbox 315 2185 1901 2258">
     <span class='ocr_line' id='line_1_35' title="bbox 315 2185 1901 2258; baseline 0.001 -20"><span class='ocrx_word' id='word_1_248' title='bbox 315 2185 577 2254; x_wconf 86' lang='grc' dir='ltr'><em>γενέσθαι</em></span> <span class='ocrx_word' id='word_1_249' title='bbox 605 2186 912 2258; x_wconf 83' lang='grc' dir='ltr'><em>ἄνθρωπος,</em></span> <span class='ocrx_word' id='word_1_250' title='bbox 937 2187 1034 2241; x_wconf 76' lang='grc' dir='ltr'><em>καὶ</em></span> <span class='ocrx_word' id='word_1_251' title='bbox 1082 2188 1110 2239; x_wconf 91' lang='lat'><strong>6</strong></span> <span class='ocrx_word' id='word_1_252' title='bbox 1146 2187 1414 2252; x_wconf 84' lang='grc' dir='ltr'><em>ἀθάνατος</em></span> <span class='ocrx_word' id='word_1_253' title='bbox 1447 2189 1631 2258; x_wconf 88' lang='grc' dir='ltr'><em>νόμοις</em></span> <span class='ocrx_word' id='word_1_254' title='bbox 1680 2188 1901 2240; x_wconf 83' lang='grc' dir='ltr'><em>ὑποκεῖ-</em></span> 
     </span>
    </p>
   </div>
   <div class='ocr_carea' id='block_1_36' title="bbox 318 2276 1899 2352">
    <p class='ocr_par' dir='ltr' id='par_1_36' title="bbox 318 2276 1899 2352">
     <span class='ocr_line' id='line_1_36' title="bbox 318 2276 1899 2352; baseline -0.001 -20"><span class='ocrx_word' id='word_1_255' title='bbox 318 2278 450 2332; x_wconf 84' lang='grc' dir='ltr'><em>σθαι</em></span> <span class='ocrx_word' id='word_1_256' title='bbox 477 2277 725 2343; x_wconf 81' lang='grc' dir='ltr'><em>Θανάτου,</em></span> <span class='ocrx_word' id='word_1_257' title='bbox 755 2279 851 2333; x_wconf 77' lang='grc' dir='ltr'><em>καὶ</em></span> <span class='ocrx_word' id='word_1_258' title='bbox 874 2281 902 2333; x_wconf 95' lang='lat'><strong>6</strong></span> <span class='ocrx_word' id='word_1_259' title='bbox 922 2279 1149 2350; x_wconf 81' lang='grc' dir='ltr'><em>άχρονος</em></span> <span class='ocrx_word' id='word_1_260' title='bbox 1169 2276 1308 2333; x_wconf 79' lang='grc' dir='ltr'><em>εἶναι</em></span> <span class='ocrx_word' id='word_1_261' title='bbox 1329 2281 1532 2352; x_wconf 75' lang='grc' dir='ltr'><em>ἦρξατο</em></span> <span class='ocrx_word' id='word_1_262' title='bbox 1559 2279 1664 2334; x_wconf 72' lang='grc' dir='ltr'><strong>ἀπὸ</strong></span> <span class='ocrx_word' id='word_1_263' title='bbox 1684 2279 1899 2352; x_wconf 87' lang='grc' dir='ltr'><em>χρόνου,</em></span> 
     </span>
    </p>
   </div>
   <div class='ocr_carea' id='block_1_37' title="bbox 317 2369 1904 2442">
    <p class='ocr_par' dir='ltr' id='par_1_37' title="bbox 317 2369 1904 2442">
     <span class='ocr_line' id='line_1_37' title="bbox 317 2369 1904 2442; baseline 0.002 -21"><span class='ocrx_word' id='word_1_264' title='bbox 317 2369 444 2434; x_wconf 85' lang='grc' dir='ltr'><strong>πῶς</strong></span> <span class='ocrx_word' id='word_1_265' title='bbox 469 2369 627 2424; x_wconf 74' lang='grc' dir='ltr'><em>ἔλαθε</em></span> <span class='ocrx_word' id='word_1_266' title='bbox 669 2371 797 2434; x_wconf 79' lang='grc' dir='ltr'><em>τοὺς</em></span> <span class='ocrx_word' id='word_1_267' title='bbox 844 2372 1078 2439; x_wconf 78' lang='grc' dir='ltr'><em>πικροὺς</em></span> <span class='ocrx_word' id='word_1_268' title='bbox 1108 2373 1450 2441; x_wconf 77' lang='grc' dir='ltr'><em>συκοφάντας</em></span> <span class='ocrx_word' id='word_1_269' title='bbox 1485 2373 1558 2442; x_wconf 82' lang='grc' dir='ltr'><em>μὴ</em></span> <span class='ocrx_word' id='word_1_270' title='bbox 1585 2371 1904 2442; x_wconf 86' lang='grc' dir='ltr'><em>συγχύσεως</em></span> 
     </span>
    </p>
   </div>
   <div class='ocr_carea' id='block_1_38' title="bbox 197 2461 1904 2546">
    <p class='ocr_par' dir='ltr' id='par_1_38' title="bbox 197 2461 1904 2546">
     <span class='ocr_line' id='line_1_38' title="bbox 197 2461 1904 2546; baseline -0.001 -31"><span class='ocrx_word' id='word_1_271' title='bbox 197 2539 202 2546; x_wconf 33' lang='grc' dir='ltr'><strong>Ι</strong></span> <span class='ocrx_word' id='word_1_272' title='bbox 316 2463 417 2515; x_wconf 82' lang='grc' dir='ltr'><em>τὸν</em></span> <span class='ocrx_word' id='word_1_273' title='bbox 479 2461 648 2533; x_wconf 81' lang='grc' dir='ltr'><em>ἄνδρα</em></span> <span class='ocrx_word' id='word_1_274' title='bbox 699 2461 1014 2533; x_wconf 77' lang='grc' dir='ltr'><em>γράψασθαι</em></span> <span class='ocrx_word' id='word_1_275' title='bbox 1044 2463 1132 2516; x_wconf 78' lang='grc' dir='ltr'><em>διὰ</em></span> <span class='ocrx_word' id='word_1_276' title='bbox 1161 2463 1404 2528; x_wconf 85' lang='grc' dir='ltr'><em>τούτων;</em></span> <span class='ocrx_word' id='word_1_277' title='bbox 1452 2462 1582 2536; x_wconf 82' lang='lat'><strong>[768</strong></span> <span class='ocrx_word' id='word_1_278' title='bbox 1617 2461 1711 2534; x_wconf 66' lang='grc'><strong>8.]</strong></span> <span class='ocrx_word' id='word_1_279' title='bbox 1764 2464 1904 2532; x_wconf 79' lang='grc' dir='ltr'><em>πλὴν</em></span> 
     </span>
    </p>
   </div>
   <div class='ocr_carea' id='block_1_39' title="bbox 315 2553 1903 2627">
    <p class='ocr_par' dir='ltr' id='par_1_39' title="bbox 315 2553 1903 2627">
     <span class='ocr_line' id='line_1_39' title="bbox 315 2553 1903 2627; baseline 0.001 -20"><span class='ocrx_word' id='word_1_280' title='bbox 315 2553 464 2620; x_wconf 75' lang='grc' dir='ltr'><em>ἀλλ’,</em></span> <span class='ocrx_word' id='word_1_281' title='bbox 491 2553 681 2626; x_wconf 88' lang='grc' dir='ltr'><em>ῶσπερ</em></span> <span class='ocrx_word' id='word_1_282' title='bbox 714 2555 813 2625; x_wconf 75' lang='grc' dir='ltr'><em>τὴν</em></span> <span class='ocrx_word' id='word_1_283' title='bbox 838 2555 1102 2626; x_wconf 86' lang='grc' dir='ltr'><em>διαίρεσιν</em></span> <span class='ocrx_word' id='word_1_284' title='bbox 1146 2555 1502 2627; x_wconf 76' lang='grc' dir='ltr'><em>ἐπιρραπίξει</em></span> <span class='ocrx_word' id='word_1_285' title='bbox 1536 2556 1731 2622; x_wconf 78' lang='grc' dir='ltr'><em>ταῦτα,</em></span> <span class='ocrx_word' id='word_1_286' title='bbox 1763 2555 1903 2609; x_wconf 72' lang='grc' dir='ltr'><em>οὓτω</em></span> 
     </span>
    </p>
   </div>
   <div class='ocr_carea' id='block_1_40' title="bbox 202 2645 1483 2718">
    <p class='ocr_par' dir='ltr' id='par_1_40' title="bbox 202 2645 1483 2718">
     <span class='ocr_line' id='line_1_40' title="bbox 202 2645 1483 2718; baseline 0.006 -24"><span class='ocrx_word' id='word_1_287' title='bbox 202 2672 220 2694; x_wconf 66' lang='grc' dir='ltr'><strong>ς</strong></span> <span class='ocrx_word' id='word_1_288' title='bbox 320 2647 559 2699; x_wconf 84' lang='grc' dir='ltr'><em>κάκεῖνα</em></span> <span class='ocrx_word' id='word_1_289' title='bbox 596 2645 694 2718; x_wconf 84' lang='grc' dir='ltr'><em>τὴν</em></span> <span class='ocrx_word' id='word_1_290' title='bbox 727 2647 988 2717; x_wconf 89' lang='grc' dir='ltr'><em>σύγχυσιν</em></span> <span class='ocrx_word' id='word_1_291' title='bbox 1017 2648 1483 2712; x_wconf 77' lang='grc' dir='ltr'><em>άποσκευάζεται.</em></span> 
     </span>
    </p>
   </div>
   <div class='ocr_carea' id='block_1_41' title="bbox 398 2735 1904 2811">
    <p class='ocr_par' dir='ltr' id='par_1_41' title="bbox 398 2735 1904 2811">
     <span class='ocr_line' id='line_1_41' title="bbox 398 2735 1904 2811; baseline 0.003 -22"><span class='ocrx_word' id='word_1_292' title='bbox 398 2735 463 2789; x_wconf 92' lang='grc' dir='ltr'><em>Τί</em></span> <span class='ocrx_word' id='word_1_293' title='bbox 499 2737 702 2808; x_wconf 87' lang='grc' dir='ltr'><em>δήποτε</em></span> <span class='ocrx_word' id='word_1_294' title='bbox 742 2739 801 2793; x_wconf 86' lang='grc' dir='ltr'><em>δὲ</em></span> <span class='ocrx_word' id='word_1_295' title='bbox 838 2741 868 2792; x_wconf 90' lang='lat'><strong>6</strong></span> <span class='ocrx_word' id='word_1_296' title='bbox 911 2742 1262 2811; x_wconf 82' lang='grc' dir='ltr'><em>συγγραφεὺς</em></span> <span class='ocrx_word' id='word_1_297' title='bbox 1293 2740 1381 2795; x_wconf 74' lang='grc' dir='ltr'><em>διὰ</em></span> <span class='ocrx_word' id='word_1_298' title='bbox 1415 2741 1672 2794; x_wconf 82' lang='grc' dir='ltr'><em>τοιούτων</em></span> <span class='ocrx_word' id='word_1_299' title='bbox 1700 2741 1904 2795; x_wconf 81' lang='grc' dir='ltr'><em>ὥδευσε</em></span> 
     </span>
    </p>
   </div>
   <div class='ocr_carea' id='block_1_42' title="bbox 323 2830 1907 2905">
    <p class='ocr_par' dir='ltr' id='par_1_42' title="bbox 323 2830 1907 2905">
     <span class='ocr_line' id='line_1_42' title="bbox 323 2830 1907 2905; baseline 0.003 -22"><span class='ocrx_word' id='word_1_300' title='bbox 323 2830 632 2900; x_wconf 79' lang='grc' dir='ltr'><em>ρημάτων;</em></span> <span class='ocrx_word' id='word_1_301' title='bbox 687 2831 866 2896; x_wconf 77' lang='grc' dir='ltr'><em>διττὸς</em></span> <span class='ocrx_word' id='word_1_302' title='bbox 898 2832 1201 2905; x_wconf 81' lang='grc' dir='ltr'><em>τηνικαῦτα</em></span> <span class='ocrx_word' id='word_1_303' title='bbox 1248 2834 1390 2888; x_wconf 84' lang='grc' dir='ltr'><em>κατὰ</em></span> <span class='ocrx_word' id='word_1_304' title='bbox 1435 2835 1535 2903; x_wconf 81' lang='grc' dir='ltr'><em>τῆς</em></span> <span class='ocrx_word' id='word_1_305' title='bbox 1577 2835 1907 2905; x_wconf 86' lang='grc' dir='ltr'><em>Ἐκκλησίας</em></span> 
     </span>
    </p>
   </div>
   <div class='ocr_carea' id='block_1_43' title="bbox 323 2921 1907 2996">
    <p class='ocr_par' dir='ltr' id='par_1_43' title="bbox 323 2921 1907 2996">
     <span class='ocr_line' id='line_1_43' title="bbox 323 2921 1907 2996; baseline 0.003 -22"><span class='ocrx_word' id='word_1_306' title='bbox 323 2921 619 2976; x_wconf 76' lang='grc' dir='ltr'><em>συνίστατο</em></span> <span class='ocrx_word' id='word_1_307' title='bbox 650 2923 909 2996; x_wconf 84' lang='grc' dir='ltr'><em>πόλεμος,</em></span> <span class='ocrx_word' id='word_1_308' title='bbox 945 2925 1182 2979; x_wconf 78' lang='grc' dir='ltr'><em>ἐνταῦθα</em></span> <span class='ocrx_word' id='word_1_309' title='bbox 1210 2925 1307 2996; x_wconf 83' lang='grc' dir='ltr'><em>μὲν</em></span> <span class='ocrx_word' id='word_1_310' title='bbox 1331 2926 1421 2979; x_wconf 85' lang='grc' dir='ltr'><em>τὸν</em></span> <span class='ocrx_word' id='word_1_311' title='bbox 1447 2925 1691 2996; x_wconf 85' lang='grc' dir='ltr'><em>Εὐτυχέα</em></span> <span class='ocrx_word' id='word_1_312' title='bbox 1724 2925 1907 2995; x_wconf 81' lang='grc' dir='ltr'><em>φέρων</em></span> 
     </span>
    </p>
   </div>
   <div class='ocr_carea' id='block_1_44' title="bbox 320 3009 1909 3088">
    <p class='ocr_par' dir='ltr' id='par_1_44' title="bbox 320 3009 1909 3088">
     <span class='ocr_line' id='line_1_44' title="bbox 320 3009 1909 3088; baseline 0.004 -24"><span class='ocrx_word' id='word_1_313' title='bbox 320 3014 742 3084; x_wconf 80' lang='grc' dir='ltr'><em>πρωτοστάτην,</em></span> <span class='ocrx_word' id='word_1_314' title='bbox 793 3015 1005 3069; x_wconf 76' lang='grc' dir='ltr'><em>ἐκεῖθεν</em></span> <span class='ocrx_word' id='word_1_315' title='bbox 1046 3017 1102 3069; x_wconf 80' lang='grc' dir='ltr'><em>δὲ</em></span> <span class='ocrx_word' id='word_1_316' title='bbox 1137 3016 1232 3070; x_wconf 80' lang='grc' dir='ltr'><em>τὸν</em></span> <span class='ocrx_word' id='word_1_317' title='bbox 1277 3009 1616 3088; x_wconf 71' lang='grc' dir='ltr'><em>Νεστόριον,“</em></span> <span class='ocrx_word' id='word_1_318' title='bbox 1644 3018 1737 3069; x_wconf 82' lang='grc' dir='ltr'><em>καὶ</em></span> <span class='ocrx_word' id='word_1_319' title='bbox 1770 3017 1909 3088; x_wconf 84' lang='grc' dir='ltr'><em>μετὰ</em></span> 
     </span>
    </p>
   </div>
   <div class='ocr_carea' id='block_1_45' title="bbox 319 3102 1908 3180">
    <p class='ocr_par' dir='ltr' id='par_1_45' title="bbox 319 3102 1908 3180">
     <span class='ocr_line' id='line_1_45' title="bbox 319 3102 1908 3180; baseline 0.003 -25"><span class='ocrx_word' id='word_1_320' title='bbox 319 3102 427 3174; x_wconf 83' lang='grc' dir='ltr'><em>τὴν</em></span> <span class='ocrx_word' id='word_1_321' title='bbox 454 3105 673 3177; x_wconf 84' lang='grc' dir='ltr'><em>πληγὴν</em></span> <span class='ocrx_word' id='word_1_322' title='bbox 702 3106 796 3160; x_wconf 72' lang='grc' dir='ltr'><em>καὶ</em></span> <span class='ocrx_word' id='word_1_323' title='bbox 832 3107 892 3160; x_wconf 89' lang='grc' dir='ltr'><strong>τδ</strong></span> <span class='ocrx_word' id='word_1_324' title='bbox 931 3108 1132 3179; x_wconf 86' lang='grc' dir='ltr'><em>πτῶμα</em></span> <span class='ocrx_word' id='word_1_325' title='bbox 1163 3109 1470 3180; x_wconf 88' lang='grc' dir='ltr'><em>μαχόμενον</em></span> <span class='ocrx_word' id='word_1_326' title='bbox 1493 3108 1592 3164; x_wconf 76' lang='grc' dir='ltr'><em>ἔτι.</em></span> <span class='ocrx_word' id='word_1_327' title='bbox 1637 3107 1781 3178; x_wconf 77' lang='grc' dir='ltr'><em>Πρὸς</em></span> <span class='ocrx_word' id='word_1_328' title='bbox 1813 3102 1908 3161; x_wconf 81' lang='grc' dir='ltr'><em>οὖν</em></span> 
     </span>
    </p>
   </div>
   <div class='ocr_carea' id='block_1_46' title="bbox 2073 1550 3582 1626">
    <p class='ocr_par' dir='ltr' id='par_1_46' title="bbox 2073 1550 3582 1626">
     <span class='ocr_line' id='line_1_46' title="bbox 2073 1550 3582 1626; baseline 0.007 -22"><span class='ocrx_word' id='word_1_329' title='bbox 2073 1550 2138 1606; x_wconf 88' lang='lat' dir='ltr'><strong>Et</strong></span> <span class='ocrx_word' id='word_1_330' title='bbox 2159 1552 2376 1621; x_wconf 83' lang='lat' dir='ltr'><strong>quidem</strong></span> <span class='ocrx_word' id='word_1_331' title='bbox 2406 1553 2546 1608; x_wconf 87' lang='lat' dir='ltr'><strong>beati</strong></span> <span class='ocrx_word' id='word_1_332' title='bbox 2575 1553 2770 1609; x_wconf 88' lang='lat' dir='ltr'><strong>Leonis</strong></span> <span class='ocrx_word' id='word_1_333' title='bbox 2797 1555 2940 1610; x_wconf 91' lang='lat' dir='ltr'><strong>dicta</strong></span> <span class='ocrx_word' id='word_1_334' title='bbox 2977 1558 3222 1626; x_wconf 74' lang='lat' dir='ltr'><strong>quaedam</strong></span> <span class='ocrx_word' id='word_1_335' title='bbox 3261 1568 3466 1614; x_wconf 78' lang='lat' dir='ltr'><strong>temere</strong></span> <span class='ocrx_word' id='word_1_336' title='bbox 3493 1574 3582 1615; x_wconf 90' lang='lat' dir='ltr'><strong>re-</strong></span> 
     </span>
    </p>
   </div>
   <div class='ocr_carea' id='block_1_47' title="bbox 2003 1642 3577 1716">
    <p class='ocr_par' dir='ltr' id='par_1_47' title="bbox 2003 1642 3577 1716">
     <span class='ocr_line' id='line_1_47' title="bbox 2003 1642 3577 1716; baseline 0.007 -22"><span class='ocrx_word' id='word_1_337' title='bbox 2003 1642 2294 1708; x_wconf 89' lang='lat' dir='ltr'><strong>prehensa,</strong></span> <span class='ocrx_word' id='word_1_338' title='bbox 2339 1652 2395 1697; x_wconf 93' lang='lat' dir='ltr'><strong>et</strong></span> <span class='ocrx_word' id='word_1_339' title='bbox 2437 1658 2667 1713; x_wconf 79' lang='lat' dir='ltr'><strong>quorum</strong></span> <span class='ocrx_word' id='word_1_340' title='bbox 2713 1645 2916 1714; x_wconf 85' lang='lat' dir='ltr'><strong>pudeat</strong></span> <span class='ocrx_word' id='word_1_341' title='bbox 2955 1646 3102 1716; x_wconf 87' lang='lat' dir='ltr'><strong>ipsos</strong></span> <span class='ocrx_word' id='word_1_342' title='bbox 3161 1649 3577 1714; x_wconf 86' lang='lat' dir='ltr'><strong>calumniantes,</strong></span> 
     </span>
    </p>
   </div>
   <div class='ocr_carea' id='block_1_48' title="bbox 2006 1739 3586 1814">
    <p class='ocr_par' dir='ltr' id='par_1_48' title="bbox 2006 1739 3586 1814">
     <span class='ocr_line' id='line_1_48' title="bbox 2006 1739 3586 1814; baseline 0.006 -21"><span class='ocrx_word' id='word_1_343' title='bbox 2006 1739 2124 1793; x_wconf 70' lang='lat' dir='ltr'><strong>haec</strong></span> <span class='ocrx_word' id='word_1_344' title='bbox 2143 1747 2269 1794; x_wconf 89' lang='lat' dir='ltr'><strong>sunt</strong></span> <span class='ocrx_word' id='word_1_345' title='bbox 2296 1757 2310 1792; x_wconf 89' lang='lat'><strong>:</strong></span> <span class='ocrx_word' id='word_1_346' title='bbox 2337 1754 2457 1808; x_wconf 65' lang='lat' dir='ltr'><strong>quae</strong></span> <span class='ocrx_word' id='word_1_347' title='bbox 2488 1740 2650 1794; x_wconf 86' lang='lat' dir='ltr'><strong>talem</strong></span> <span class='ocrx_word' id='word_1_348' title='bbox 2678 1742 3057 1814; x_wconf 87' lang='lat' dir='ltr'><strong>constringunt</strong></span> <span class='ocrx_word' id='word_1_349' title='bbox 3089 1745 3372 1812; x_wconf 89' lang='lat' dir='ltr'><strong>unitatem,</strong></span> <span class='ocrx_word' id='word_1_350' title='bbox 3403 1756 3464 1802; x_wconf 91' lang='lat' dir='ltr'><strong>ut</strong></span> <span class='ocrx_word' id='word_1_351' title='bbox 3489 1749 3586 1802; x_wconf 84' lang='lat' dir='ltr'><strong>ad-</strong></span> 
     </span>
    </p>
   </div>
   <div class='ocr_carea' id='block_1_49' title="bbox 1930 1831 3618 1926">
    <p class='ocr_par' dir='ltr' id='par_1_49' title="bbox 1930 1831 3618 1926">
     <span class='ocr_line' id='line_1_49' title="bbox 1930 1831 3618 1926; baseline 0.007 -42"><span class='ocrx_word' id='word_1_352' title='bbox 1930 1870 1973 1926; x_wconf 78' lang='grc' dir='ltr'>Β</span> <span class='ocrx_word' id='word_1_353' title='bbox 2007 1832 2278 1926; x_wconf 85' lang='lat' dir='ltr'><strong>mirentur</strong></span> <span class='ocrx_word' id='word_1_354' title='bbox 2309 1831 2580 1901; x_wconf 87' lang='lat' dir='ltr'><strong>quomodo</strong></span> <span class='ocrx_word' id='word_1_355' title='bbox 2613 1834 2664 1926; x_wconf 88' lang='lat' dir='ltr'><strong>in</strong></span> <span class='ocrx_word' id='word_1_356' title='bbox 2691 1833 2776 1889; x_wconf 91' lang='lat' dir='ltr'><strong>his</strong></span> <span class='ocrx_word' id='word_1_357' title='bbox 2794 1836 3143 1906; x_wconf 69' lang='lat' dir='ltr'><strong>sycophantae</strong></span> <span class='ocrx_word' id='word_1_358' title='bbox 3170 1853 3278 1894; x_wconf 92' lang='lat' dir='ltr'><strong>non</strong></span> <span class='ocrx_word' id='word_1_359' title='bbox 3311 1839 3618 1895; x_wconf 50' lang='lat' dir='ltr'><strong>confusion</strong></span> 
     </span>
    </p>
   </div>
   <div class='ocr_carea' id='block_1_50' title="bbox 2006 1923 3583 1996">
    <p class='ocr_par' dir='ltr' id='par_1_50' title="bbox 2006 1923 3583 1996">
     <span class='ocr_line' id='line_1_50' title="bbox 2006 1923 3583 1996; baseline 0.006 -19"><span class='ocrx_word' id='word_1_360' title='bbox 2006 1937 2128 1978; x_wconf 89' lang='lat' dir='ltr'><strong>nem</strong></span> <span class='ocrx_word' id='word_1_361' title='bbox 2159 1923 2260 1978; x_wconf 88' lang='lat' dir='ltr'><strong>viri</strong></span> <span class='ocrx_word' id='word_1_362' title='bbox 2287 1925 2757 1994; x_wconf 88' lang='lat' dir='ltr'><strong>reprehenderint,</strong></span> <span class='ocrx_word' id='word_1_363' title='bbox 2780 1927 3232 1996; x_wconf 85' lang='lat' dir='ltr'><strong>quemadmodum</strong></span> <span class='ocrx_word' id='word_1_364' title='bbox 3255 1944 3286 1985; x_wconf 91' lang='lat' dir='ltr'><strong>e</strong></span> <span class='ocrx_word' id='word_1_365' title='bbox 3315 1932 3583 1987; x_wconf 87' lang='lat' dir='ltr'><strong>calumnia</strong></span> 
     </span>
    </p>
   </div>
   <div class='ocr_carea' id='block_1_51' title="bbox 2003 2016 3588 2090">
    <p class='ocr_par' dir='ltr' id='par_1_51' title="bbox 2003 2016 3588 2090">
     <span class='ocr_line' id='line_1_51' title="bbox 2003 2016 3588 2090; baseline 0.004 -19"><span class='ocrx_word' id='word_1_366' title='bbox 2003 2017 2281 2086; x_wconf 89' lang='lat' dir='ltr'><strong>oppressis</strong></span> <span class='ocrx_word' id='word_1_367' title='bbox 2322 2016 2642 2073; x_wconf 84' lang='lat' dir='ltr'><strong>divisionem</strong></span> <span class='ocrx_word' id='word_1_368' title='bbox 2697 2019 3030 2090; x_wconf 82' lang='lat' dir='ltr'><strong>conﬁngunt.</strong></span> <span class='ocrx_word' id='word_1_369' title='bbox 3083 2019 3274 2076; x_wconf 91' lang='lat' dir='ltr'><strong>Dicere</strong></span> <span class='ocrx_word' id='word_1_370' title='bbox 3305 2023 3472 2087; x_wconf 89' lang='lat' dir='ltr'><strong>enim,</strong></span> <span class='ocrx_word' id='word_1_371' title='bbox 3527 2034 3588 2078; x_wconf 85' lang='lat' dir='ltr'><strong>ut</strong></span> 
     </span>
    </p>
   </div>
   <div class='ocr_carea' id='block_1_52' title="bbox 2003 2106 3586 2178">
    <p class='ocr_par' dir='ltr' id='par_1_52' title="bbox 2003 2106 3586 2178">
     <span class='ocr_line' id='line_1_52' title="bbox 2003 2106 3586 2178; baseline 0.006 -18"><span class='ocrx_word' id='word_1_372' title='bbox 2003 2106 2318 2175; x_wconf 87' lang='lat' dir='ltr'><strong>impatibilis</strong></span> <span class='ocrx_word' id='word_1_373' title='bbox 2349 2107 2492 2163; x_wconf 90' lang='lat' dir='ltr'><strong>Deus</strong></span> <span class='ocrx_word' id='word_1_374' title='bbox 2515 2124 2620 2163; x_wconf 92' lang='lat' dir='ltr'><strong>non</strong></span> <span class='ocrx_word' id='word_1_375' title='bbox 2649 2110 2970 2178; x_wconf 77' lang='lat' dir='ltr'><strong>dedignatus</strong></span> <span class='ocrx_word' id='word_1_376' title='bbox 2991 2121 3076 2168; x_wconf 90' lang='lat' dir='ltr'><strong>est</strong></span> <span class='ocrx_word' id='word_1_377' title='bbox 3113 2112 3228 2169; x_wconf 86' lang='lat' dir='ltr'><strong>fieri</strong></span> <span class='ocrx_word' id='word_1_378' title='bbox 3255 2117 3414 2170; x_wconf 89' lang='lat' dir='ltr'><strong>homo</strong></span> <span class='ocrx_word' id='word_1_379' title='bbox 3435 2119 3586 2170; x_wconf 87' lang='lat' dir='ltr'><strong>mor-</strong></span> 
     </span>
    </p>
   </div>
   <div class='ocr_carea' id='block_1_53' title="bbox 2004 2198 3585 2274">
    <p class='ocr_par' dir='ltr' id='par_1_53' title="bbox 2004 2198 3585 2274">
     <span class='ocr_line' id='line_1_53' title="bbox 2004 2198 3585 2274; baseline 0.006 -22"><span class='ocrx_word' id='word_1_380' title='bbox 2004 2198 2148 2264; x_wconf 89' lang='lat' dir='ltr'><strong>talis,</strong></span> <span class='ocrx_word' id='word_1_381' title='bbox 2176 2209 2231 2254; x_wconf 91' lang='lat' dir='ltr'><strong>et</strong></span> <span class='ocrx_word' id='word_1_382' title='bbox 2258 2201 2447 2257; x_wconf 89' lang='lat' dir='ltr'><strong>mortis</strong></span> <span class='ocrx_word' id='word_1_383' title='bbox 2469 2216 2578 2256; x_wconf 91' lang='lat' dir='ltr'><strong>non</strong></span> <span class='ocrx_word' id='word_1_384' title='bbox 2609 2201 2820 2258; x_wconf 88' lang='lat' dir='ltr'><strong>horruit</strong></span> <span class='ocrx_word' id='word_1_385' title='bbox 2853 2204 3196 2274; x_wconf 90' lang='lat' dir='ltr'><strong>obsequium,</strong></span> <span class='ocrx_word' id='word_1_386' title='bbox 3230 2215 3286 2261; x_wconf 92' lang='lat' dir='ltr'><strong>et</strong></span> <span class='ocrx_word' id='word_1_387' title='bbox 3311 2207 3432 2263; x_wconf 87' lang='lat' dir='ltr'><strong>sine</strong></span> <span class='ocrx_word' id='word_1_388' title='bbox 3455 2218 3585 2263; x_wconf 89' lang='lat' dir='ltr'><strong>tem-</strong></span> 
     </span>
    </p>
   </div>
   <div class='ocr_carea' id='block_1_54' title="bbox 2004 2290 3585 2368">
    <p class='ocr_par' dir='ltr' id='par_1_54' title="bbox 2004 2290 3585 2368">
     <span class='ocr_line' id='line_1_54' title="bbox 2004 2290 3585 2368; baseline 0.008 -25"><span class='ocrx_word' id='word_1_389' title='bbox 2004 2305 2136 2360; x_wconf 91' lang='lat' dir='ltr'><strong>pore</strong></span> <span class='ocrx_word' id='word_1_390' title='bbox 2167 2290 2344 2347; x_wconf 89' lang='lat' dir='ltr'><strong>factus</strong></span> <span class='ocrx_word' id='word_1_391' title='bbox 2377 2301 2462 2348; x_wconf 90' lang='lat' dir='ltr'><strong>est</strong></span> <span class='ocrx_word' id='word_1_392' title='bbox 2502 2307 2624 2348; x_wconf 92' lang='lat' dir='ltr'><strong>cum</strong></span> <span class='ocrx_word' id='word_1_393' title='bbox 2655 2302 2918 2364; x_wconf 81' lang='lat' dir='ltr'><strong>tempore.</strong></span> <span class='ocrx_word' id='word_1_394' title='bbox 2954 2296 3235 2363; x_wconf 83' lang='lat' dir='ltr'><strong>Quomodo</strong></span> <span class='ocrx_word' id='word_1_395' title='bbox 3266 2298 3585 2368; x_wconf 77' lang='lat' dir='ltr'><strong>ignorarunt</strong></span> 
     </span>
    </p>
   </div>
   <div class='ocr_carea' id='block_1_55' title="bbox 2005 2383 3586 2460">
    <p class='ocr_par' dir='ltr' id='par_1_55' title="bbox 2005 2383 3586 2460">
     <span class='ocr_line' id='line_1_55' title="bbox 2005 2383 3586 2460; baseline 0.006 -23"><span class='ocrx_word' id='word_1_396' title='bbox 2005 2383 2131 2438; x_wconf 88' lang='lat' dir='ltr'><strong>mali</strong></span> <span class='ocrx_word' id='word_1_397' title='bbox 2183 2384 2624 2451; x_wconf 87' lang='lat' dir='ltr'><strong>calumniatores,</strong></span> <span class='ocrx_word' id='word_1_398' title='bbox 2659 2401 2764 2441; x_wconf 93' lang='lat' dir='ltr'><strong>non</strong></span> <span class='ocrx_word' id='word_1_399' title='bbox 2811 2388 3095 2457; x_wconf 88' lang='lat' dir='ltr'><strong>scripsisse</strong></span> <span class='ocrx_word' id='word_1_400' title='bbox 3116 2389 3292 2444; x_wconf 85' lang='lat' dir='ltr'><strong>virum</strong></span> <span class='ocrx_word' id='word_1_401' title='bbox 3349 2407 3444 2460; x_wconf 91' lang='lat' dir='ltr'><strong>per</strong></span> <span class='ocrx_word' id='word_1_402' title='bbox 3482 2393 3586 2447; x_wconf 92' lang='lat' dir='ltr'><strong>hoc</strong></span> 
     </span>
    </p>
   </div>
   <div class='ocr_carea' id='block_1_56' title="bbox 2006 2474 3582 2550">
    <p class='ocr_par' dir='ltr' id='par_1_56' title="bbox 2006 2474 3582 2550">
     <span class='ocr_line' id='line_1_56' title="bbox 2006 2474 3582 2550; baseline 0.005 -20"><span class='ocrx_word' id='word_1_403' title='bbox 2006 2474 2282 2540; x_wconf 92' lang='lat' dir='ltr'><strong>confundi,</strong></span> <span class='ocrx_word' id='word_1_404' title='bbox 2328 2477 2430 2531; x_wconf 91' lang='lat' dir='ltr'><strong>nisi</strong></span> <span class='ocrx_word' id='word_1_405' title='bbox 2454 2477 2599 2546; x_wconf 90' lang='lat' dir='ltr'><strong>quod</strong></span> <span class='ocrx_word' id='word_1_406' title='bbox 2640 2487 2700 2531; x_wconf 93' lang='lat' dir='ltr'><strong>ut</strong></span> <span class='ocrx_word' id='word_1_407' title='bbox 2730 2476 3049 2534; x_wconf 85' lang='lat' dir='ltr'><strong>divisionem</strong></span> <span class='ocrx_word' id='word_1_408' title='bbox 3079 2479 3414 2550; x_wconf 85' lang='lat' dir='ltr'><strong>redarguunt</strong></span> <span class='ocrx_word' id='word_1_409' title='bbox 3449 2483 3582 2548; x_wconf 71' lang='lat' dir='ltr'><strong>haec,</strong></span> 
     </span>
    </p>
   </div>
   <div class='ocr_carea' id='block_1_57' title="bbox 2006 2566 3012 2629">
    <p class='ocr_par' dir='ltr' id='par_1_57' title="bbox 2006 2566 3012 2629">
     <span class='ocr_line' id='line_1_57' title="bbox 2006 2566 3012 2629; baseline 0.002 -7"><span class='ocrx_word' id='word_1_410' title='bbox 2006 2569 2086 2622; x_wconf 92' lang='lat' dir='ltr'><strong>sic</strong></span> <span class='ocrx_word' id='word_1_411' title='bbox 2111 2577 2167 2622; x_wconf 92' lang='lat' dir='ltr'><strong>et</strong></span> <span class='ocrx_word' id='word_1_412' title='bbox 2196 2567 2285 2622; x_wconf 87' lang='lat' dir='ltr'><strong>illa</strong></span> <span class='ocrx_word' id='word_1_413' title='bbox 2313 2566 2691 2624; x_wconf 84' lang='lat' dir='ltr'><strong>confusionem</strong></span> <span class='ocrx_word' id='word_1_414' title='bbox 2725 2571 3012 2629; x_wconf 87' lang='lat' dir='ltr'><strong>adornant.</strong></span> 
     </span>
    </p>
   </div>
   <div class='ocr_carea' id='block_1_58' title="bbox 2077 2727 3585 2805">
    <p class='ocr_par' dir='ltr' id='par_1_58' title="bbox 2077 2727 3585 2805">
     <span class='ocr_line' id='line_1_58' title="bbox 2077 2727 3585 2805; baseline 0.005 -25"><span class='ocrx_word' id='word_1_415' title='bbox 2077 2727 2195 2794; x_wconf 88' lang='lat' dir='ltr'><strong>Quo</strong></span> <span class='ocrx_word' id='word_1_416' title='bbox 2223 2729 2435 2782; x_wconf 83' lang='lat' dir='ltr'><strong>tandem</strong></span> <span class='ocrx_word' id='word_1_417' title='bbox 2465 2730 2700 2798; x_wconf 89' lang='lat' dir='ltr'><strong>scriptor</strong></span> <span class='ocrx_word' id='word_1_418' title='bbox 2744 2729 2833 2785; x_wconf 85' lang='lat' dir='ltr'><strong>hic</strong></span> <span class='ocrx_word' id='word_1_419' title='bbox 2859 2731 3058 2805; x_wconf 57' lang='lat' dir='ltr'><strong>253a</strong></span> <span class='ocrx_word' id='word_1_420' title='bbox 3086 2735 3290 2800; x_wconf 89' lang='lat' dir='ltr'><strong>tendat,</strong></span> <span class='ocrx_word' id='word_1_421' title='bbox 3315 2737 3585 2805; x_wconf 87' lang='lat' dir='ltr'><strong>geminum</strong></span> 
     </span>
    </p>
   </div>
   <div class='ocr_carea' id='block_1_59' title="bbox 2007 2819 3585 2884">
    <p class='ocr_par' dir='ltr' id='par_1_59' title="bbox 2007 2819 3585 2884">
     <span class='ocr_line' id='line_1_59' title="bbox 2007 2819 3585 2884; baseline 0.006 -12"><span class='ocrx_word' id='word_1_422' title='bbox 2007 2819 2134 2874; x_wconf 88' lang='lat' dir='ltr'><strong>hinc</strong></span> <span class='ocrx_word' id='word_1_423' title='bbox 2164 2821 2420 2876; x_wconf 87' lang='lat' dir='ltr'><strong>adversus</strong></span> <span class='ocrx_word' id='word_1_424' title='bbox 2444 2819 2742 2877; x_wconf 83' lang='lat' dir='ltr'><strong>Ecclesiam</strong></span> <span class='ocrx_word' id='word_1_425' title='bbox 2769 2827 3017 2880; x_wconf 90' lang='lat' dir='ltr'><strong>nascitur</strong></span> <span class='ocrx_word' id='word_1_426' title='bbox 3041 2825 3260 2882; x_wconf 85' lang='lat' dir='ltr'><strong>bellum.</strong></span> <span class='ocrx_word' id='word_1_427' title='bbox 3287 2826 3424 2884; x_wconf 86' lang='lat' dir='ltr'><strong>Hinc</strong></span> <span class='ocrx_word' id='word_1_428' title='bbox 3441 2829 3585 2883; x_wconf 87' lang='lat' dir='ltr'><strong>enim</strong></span> 
     </span>
    </p>
   </div>
   <div class='ocr_carea' id='block_1_60' title="bbox 2007 2913 3592 2989">
    <p class='ocr_par' dir='ltr' id='par_1_60' title="bbox 2007 2913 3592 2989">
     <span class='ocr_line' id='line_1_60' title="bbox 2007 2913 3592 2989; baseline 0.006 -22"><span class='ocrx_word' id='word_1_429' title='bbox 2007 2913 2306 2986; x_wconf 88' lang='lat' dir='ltr'><strong>Eutychem</strong></span> <span class='ocrx_word' id='word_1_430' title='bbox 2363 2916 2607 2972; x_wconf 81' lang='lat' dir='ltr'><strong>referens</strong></span> <span class='ocrx_word' id='word_1_431' title='bbox 2652 2917 2979 2989; x_wconf 85' lang='lat' dir='ltr'><strong>principem,</strong></span> <span class='ocrx_word' id='word_1_432' title='bbox 3037 2921 3186 2976; x_wconf 92' lang='lat' dir='ltr'><strong>illinc</strong></span> <span class='ocrx_word' id='word_1_433' title='bbox 3219 2936 3350 2977; x_wconf 85' lang='lat' dir='ltr'><strong>vero</strong></span> <span class='ocrx_word' id='word_1_434' title='bbox 3397 2919 3592 2977; x_wconf 78' lang='lat' dir='ltr'><strong>Nesto-</strong></span> 
     </span>
    </p>
   </div>
   <div class='ocr_carea' id='block_1_61' title="bbox 2007 3007 3588 3085">
    <p class='ocr_par' dir='ltr' id='par_1_61' title="bbox 2007 3007 3588 3085">
     <span class='ocr_line' id='line_1_61' title="bbox 2007 3007 3588 3085; baseline 0.005 -24"><span class='ocrx_word' id='word_1_435' title='bbox 2007 3007 2168 3072; x_wconf 85' lang='lat' dir='ltr'><strong>rium,</strong></span> <span class='ocrx_word' id='word_1_436' title='bbox 2200 3017 2255 3064; x_wconf 90' lang='lat' dir='ltr'><strong>et</strong></span> <span class='ocrx_word' id='word_1_437' title='bbox 2285 3018 2404 3078; x_wconf 90' lang='lat' dir='ltr'><strong>post</strong></span> <span class='ocrx_word' id='word_1_438' title='bbox 2423 3018 2701 3080; x_wconf 87' lang='lat' dir='ltr'><strong>acceptam</strong></span> <span class='ocrx_word' id='word_1_439' title='bbox 2752 3012 2986 3083; x_wconf 80' lang='lat' dir='ltr'><strong>plagam,</strong></span> <span class='ocrx_word' id='word_1_440' title='bbox 3014 3012 3332 3084; x_wconf 89' lang='lat' dir='ltr'><strong>lapsumque</strong></span> <span class='ocrx_word' id='word_1_441' title='bbox 3357 3029 3588 3085; x_wconf 81' lang='lat' dir='ltr'><strong>pugnam</strong></span> 
     </span>
    </p>
   </div>
   <div class='ocr_carea' id='block_1_62' title="bbox 2009 3102 3590 3178">
    <p class='ocr_par' dir='ltr' id='par_1_62' title="bbox 2009 3102 3590 3178">
     <span class='ocr_line' id='line_1_62' title="bbox 2009 3102 3590 3178; baseline 0.004 -22"><span class='ocrx_word' id='word_1_442' title='bbox 2009 3102 2439 3166; x_wconf 84' lang='lat' dir='ltr'><strong>instaurantem,</strong></span> <span class='ocrx_word' id='word_1_443' title='bbox 2461 3119 2582 3159; x_wconf 89' lang='lat' dir='ltr'><strong>cum</strong></span> <span class='ocrx_word' id='word_1_444' title='bbox 2610 3114 2841 3177; x_wconf 85' lang='lat' dir='ltr'><strong>utroque</strong></span> <span class='ocrx_word' id='word_1_445' title='bbox 2857 3116 3103 3178; x_wconf 79' lang='lat' dir='ltr'><strong>pugnans</strong></span> <span class='ocrx_word' id='word_1_446' title='bbox 3120 3107 3337 3174; x_wconf 84' lang='lat' dir='ltr'><strong>pietatis</strong></span> <span class='ocrx_word' id='word_1_447' title='bbox 3357 3108 3446 3162; x_wconf 87' lang='lat' dir='ltr'><strong>hic</strong></span> <span class='ocrx_word' id='word_1_448' title='bbox 3463 3110 3590 3172; x_wconf 78' lang='lat' dir='ltr'><strong>dux,</strong></span> 
     </span>
    </p>
   </div>
   <div class='ocr_carea' id='block_1_63' title="bbox 323 3193 1904 3280">
    <p class='ocr_par' dir='ltr' id='par_1_63' title="bbox 323 3195 1904 3272">
     <span class='ocr_line' id='line_1_63' title="bbox 323 3195 1904 3272; baseline 0.004 -26"><span class='ocrx_word' id='word_1_449' title='bbox 323 3195 628 3269; x_wconf 80' lang='grc' dir='ltr'><em>ἑκατέρους</em></span> <span class='ocrx_word' id='word_1_450' title='bbox 650 3197 679 3248; x_wconf 93' lang='lat'><strong>6</strong></span> <span class='ocrx_word' id='word_1_451' title='bbox 707 3199 808 3268; x_wconf 80' lang='grc' dir='ltr'><em>τῆς</em></span> <span class='ocrx_word' id='word_1_452' title='bbox 842 3198 1125 3263; x_wconf 77' lang='grc' dir='ltr'><em>εὐσεϐείας</em></span> <span class='ocrx_word' id='word_1_453' title='bbox 1151 3200 1459 3271; x_wconf 84' lang='grc' dir='ltr'><em>στρατηγὸς</em></span> <span class='ocrx_word' id='word_1_454' title='bbox 1497 3200 1904 3272; x_wconf 80' lang='grc' dir='ltr'><em>διαμαχόμενος</em></span> 
     </span>
    </p>
   </div>
   <div class='ocr_carea' id='block_1_64' title="bbox 2015 3193 3594 3280">
    <p class='ocr_par' dir='ltr' id='par_1_64' title="bbox 2015 3193 3594 3265">
     <span class='ocr_line' id='line_1_64' title="bbox 2015 3193 3594 3265; baseline 0.003 -15"><span class='ocrx_word' id='word_1_455' title='bbox 2015 3196 2125 3251; x_wconf 87' lang='lat' dir='ltr'><strong>suis</strong></span> <span class='ocrx_word' id='word_1_456' title='bbox 2155 3193 2302 3265; x_wconf 92' lang='lat' dir='ltr'><strong>ipsos</strong></span> <span class='ocrx_word' id='word_1_457' title='bbox 2331 3209 2398 3252; x_wconf 90' lang='lat' dir='ltr'><strong>ac</strong></span> <span class='ocrx_word' id='word_1_458' title='bbox 2424 3199 2625 3254; x_wconf 90' lang='lat' dir='ltr'><strong>mutuis</strong></span> <span class='ocrx_word' id='word_1_459' title='bbox 2657 3198 2779 3254; x_wconf 90' lang='lat' dir='ltr'><strong>telis</strong></span> <span class='ocrx_word' id='word_1_460' title='bbox 2804 3198 3070 3254; x_wconf 85' lang='lat' dir='ltr'><strong>vulnerat.</strong></span> <span class='ocrx_word' id='word_1_461' title='bbox 3107 3199 3314 3255; x_wconf 88' lang='lat' dir='ltr'><strong>Etcum</strong></span> <span class='ocrx_word' id='word_1_462' title='bbox 3341 3199 3594 3257; x_wconf 82' lang='lat' dir='ltr'><strong>Nestorio</strong></span> 
     </span>
    </p>
   </div>
   <div class='ocr_carea' id='block_1_65' title="bbox 321 3287 1907 3362">
    <p class='ocr_par' dir='ltr' id='par_1_65' title="bbox 321 3287 1907 3362">
     <span class='ocr_line' id='line_1_65' title="bbox 321 3287 1907 3362; baseline 0.004 -24"><span class='ocrx_word' id='word_1_463' title='bbox 321 3287 550 3350; x_wconf 79' lang='grc' dir='ltr'><em>οἰκείοις</em></span> <span class='ocrx_word' id='word_1_464' title='bbox 576 3290 672 3342; x_wconf 72' lang='grc' dir='ltr'><em>καὶ</em></span> <span class='ocrx_word' id='word_1_465' title='bbox 700 3290 1058 3362; x_wconf 85' lang='grc' dir='ltr'><em>καταλλήλοις</em></span> <span class='ocrx_word' id='word_1_466' title='bbox 1076 3290 1254 3361; x_wconf 84' lang='grc' dir='ltr'><em>βέλεσι</em></span> <span class='ocrx_word' id='word_1_467' title='bbox 1283 3295 1412 3356; x_wconf 86' lang='grc' dir='ltr'><em>τοὺς</em></span> <span class='ocrx_word' id='word_1_468' title='bbox 1437 3292 1766 3356; x_wconf 78' lang='grc' dir='ltr'><em>ἀντιπάλους</em></span> <span class='ocrx_word' id='word_1_469' title='bbox 1795 3293 1907 3346; x_wconf 84' lang='grc' dir='ltr'><em>ὲτί-</em></span> 
     </span>
    </p>
   </div>
   <div class='ocr_carea' id='block_1_66' title="bbox 322 3379 1910 3452">
    <p class='ocr_par' dir='ltr' id='par_1_66' title="bbox 322 3379 1910 3452">
     <span class='ocr_line' id='line_1_66' title="bbox 322 3379 1910 3452; baseline 0.005 -23"><span class='ocrx_word' id='word_1_470' title='bbox 322 3393 569 3446; x_wconf 78' lang='grc' dir='ltr'><em>τρωσκε,</em></span> <span class='ocrx_word' id='word_1_471' title='bbox 603 3379 698 3431; x_wconf 76' lang='grc' dir='ltr'><em>καὶ</em></span> <span class='ocrx_word' id='word_1_472' title='bbox 749 3379 1030 3451; x_wconf 85' lang='grc' dir='ltr'><em>Νεστορίῳ</em></span> <span class='ocrx_word' id='word_1_473' title='bbox 1061 3381 1160 3450; x_wconf 87' lang='grc' dir='ltr'><em>μὲν</em></span> <span class='ocrx_word' id='word_1_474' title='bbox 1213 3381 1470 3452; x_wconf 85' lang='grc' dir='ltr'><em>πολεμῶν</em></span> <span class='ocrx_word' id='word_1_475' title='bbox 1520 3382 1783 3450; x_wconf 82' lang='grc' dir='ltr'><em>σύγχυσιν</em></span> <span class='ocrx_word' id='word_1_476' title='bbox 1821 3381 1910 3437; x_wconf 85' lang='grc' dir='ltr'><strong>διά</strong></span> 
     </span>
    </p>
   </div>
   <div class='ocr_carea' id='block_1_67' title="bbox 324 3467 1911 3540">
    <p class='ocr_par' dir='ltr' id='par_1_67' title="bbox 324 3467 1911 3540">
     <span class='ocr_line' id='line_1_67' title="bbox 324 3467 1911 3540; baseline 0.003 -21"><span class='ocrx_word' id='word_1_477' title='bbox 324 3467 432 3538; x_wconf 74' lang='grc' dir='ltr'><em>τὴν</em></span> <span class='ocrx_word' id='word_1_478' title='bbox 475 3467 774 3536; x_wconf 82' lang='grc' dir='ltr'><em>ὁμολογίαν</em></span> <span class='ocrx_word' id='word_1_479' title='bbox 823 3469 923 3538; x_wconf 83' lang='grc' dir='ltr'><em>τῆς</em></span> <span class='ocrx_word' id='word_1_480' title='bbox 967 3470 1142 3540; x_wconf 82' lang='grc' dir='ltr'><em>ἄκρας</em></span> <span class='ocrx_word' id='word_1_481' title='bbox 1188 3469 1433 3534; x_wconf 84' lang='grc' dir='ltr'><em>ένώσεως</em></span> <span class='ocrx_word' id='word_1_482' title='bbox 1478 3473 1591 3535; x_wconf 86' lang='grc' dir='ltr'><em>τοῖς</em></span> <span class='ocrx_word' id='word_1_483' title='bbox 1631 3469 1911 3534; x_wconf 81' lang='grc' dir='ltr'><em>ἀσυνέτοις</em></span> 
     </span>
    </p>
   </div>
   <div class='ocr_carea' id='block_1_68' title="bbox 324 3559 1912 3633">
    <p class='ocr_par' dir='ltr' id='par_1_68' title="bbox 324 3559 1912 3633">
     <span class='ocr_line' id='line_1_68' title="bbox 324 3559 1912 3633; baseline 0.001 -21"><span class='ocrx_word' id='word_1_484' title='bbox 324 3559 479 3612; x_wconf 85' lang='grc' dir='ltr'><em>δοκεί</em></span> <span class='ocrx_word' id='word_1_485' title='bbox 525 3560 914 3631; x_wconf 80' lang='grc' dir='ltr'><em>παρεισάγειν,</em></span> <span class='ocrx_word' id='word_1_486' title='bbox 943 3561 1178 3631; x_wconf 83' lang='grc' dir='ltr'><em>Εὐτυχεί</em></span> <span class='ocrx_word' id='word_1_487' title='bbox 1213 3561 1270 3615; x_wconf 85' lang='grc' dir='ltr'><strong>δε.</strong></span> <span class='ocrx_word' id='word_1_488' title='bbox 1315 3562 1763 3633; x_wconf 66' lang='grc' dir='ltr'><em>συμπλεκόμενος</em></span> <span class='ocrx_word' id='word_1_489' title='bbox 1819 3563 1912 3614; x_wconf 80' lang='grc' dir='ltr'><em>καὶ</em></span> 
     </span>
    </p>
   </div>
   <div class='ocr_carea' id='block_1_69' title="bbox 323 3651 1912 3724">
    <p class='ocr_par' dir='ltr' id='par_1_69' title="bbox 323 3651 1912 3724">
     <span class='ocr_line' id='line_1_69' title="bbox 323 3651 1912 3724; baseline 0.001 -20"><span class='ocrx_word' id='word_1_490' title='bbox 323 3652 429 3722; x_wconf 71' lang='grc' dir='ltr'><em>τὴν</em></span> <span class='ocrx_word' id='word_1_491' title='bbox 455 3651 566 3704; x_wconf 82' lang='grc' dir='ltr'><strong>τῶν</strong></span> <span class='ocrx_word' id='word_1_492' title='bbox 604 3651 821 3720; x_wconf 81' lang='grc' dir='ltr'><em>φύσεων</em></span> <span class='ocrx_word' id='word_1_493' title='bbox 865 3653 1129 3724; x_wconf 82' lang='grc' dir='ltr'><em>διαφορὰν</em></span> <span class='ocrx_word' id='word_1_494' title='bbox 1157 3653 1686 3724; x_wconf 75' lang='grc' dir='ltr'><em>ἀκριϐολογούμενος</em></span> <span class='ocrx_word' id='word_1_495' title='bbox 1725 3653 1912 3722; x_wconf 89' lang='grc' dir='ltr'><em>διαφο-</em></span> 
     </span>
    </p>
   </div>
   <div class='ocr_carea' id='block_1_70' title="bbox 329 3743 1916 3818">
    <p class='ocr_par' dir='ltr' id='par_1_70' title="bbox 329 3743 1916 3818">
     <span class='ocr_line' id='line_1_70' title="bbox 329 3743 1916 3818; baseline 0.001 -23"><span class='ocrx_word' id='word_1_496' title='bbox 329 3743 433 3813; x_wconf 83' lang='grc' dir='ltr'><em>ρὰν</em></span> <span class='ocrx_word' id='word_1_497' title='bbox 512 3743 868 3800; x_wconf 87' lang='grc' dir='ltr'><em>ὐποστάσεων</em></span> <span class='ocrx_word' id='word_1_498' title='bbox 942 3749 1334 3818; x_wconf 82' lang='grc' dir='ltr'><em>κατηγορεῖται</em></span> <span class='ocrx_word' id='word_1_499' title='bbox 1413 3747 1744 3817; x_wconf 81' lang='grc' dir='ltr'><em>προτείνειν.</em></span> <span class='ocrx_word' id='word_1_500' title='bbox 1820 3747 1916 3797; x_wconf 83' lang='grc' dir='ltr'><strong>Δεῖ</strong></span> 
     </span>
    </p>
   </div>
   <div class='ocr_carea' id='block_1_71' title="bbox 323 3833 1913 3909">
    <p class='ocr_par' dir='ltr' id='par_1_71' title="bbox 323 3833 1913 3909">
     <span class='ocr_line' id='line_1_71' title="bbox 323 3833 1913 3909; baseline 0.003 -24"><span class='ocrx_word' id='word_1_501' title='bbox 323 3833 382 3886; x_wconf 75' lang='grc' dir='ltr'><em>δὲ</em></span> <span class='ocrx_word' id='word_1_502' title='bbox 437 3833 534 3886; x_wconf 79' lang='grc' dir='ltr'><em>τὸν</em></span> <span class='ocrx_word' id='word_1_503' title='bbox 587 3834 885 3889; x_wconf 83' lang='grc' dir='ltr'><em>ἀδέκαστον</em></span> <span class='ocrx_word' id='word_1_504' title='bbox 943 3837 1220 3909; x_wconf 80' lang='grc' dir='ltr'><em>ἀκροατὴν</em></span> <span class='ocrx_word' id='word_1_505' title='bbox 1260 3837 1352 3892; x_wconf 78' lang='grc' dir='ltr'><em>τὸν</em></span> <span class='ocrx_word' id='word_1_506' title='bbox 1403 3837 1498 3891; x_wconf 80' lang='grc' dir='ltr'><em>τοῦ</em></span> <span class='ocrx_word' id='word_1_507' title='bbox 1549 3837 1913 3907; x_wconf 84' lang='grc' dir='ltr'><em>συγγραφέως</em></span> 
     </span>
    </p>
   </div>
   <div class='ocr_carea' id='block_1_72' title="bbox 329 3926 1917 4002">
    <p class='ocr_par' dir='ltr' id='par_1_72' title="bbox 329 3926 1917 4002">
     <span class='ocr_line' id='line_1_72' title="bbox 329 3926 1917 4002; baseline 0.003 -24"><span class='ocrx_word' id='word_1_508' title='bbox 329 3926 538 3980; x_wconf 86' lang='grc' dir='ltr'><em>σκοπδν</em></span> <span class='ocrx_word' id='word_1_509' title='bbox 609 3927 886 3992; x_wconf 73' lang='grc' dir='ltr'><em>ἐξετάζειν</em></span> <span class='ocrx_word' id='word_1_510' title='bbox 950 3930 1046 3983; x_wconf 79' lang='grc' dir='ltr'><em>καὶ</em></span> <span class='ocrx_word' id='word_1_511' title='bbox 1102 3930 1194 3982; x_wconf 79' lang='grc' dir='ltr'><em>τὸν</em></span> <span class='ocrx_word' id='word_1_512' title='bbox 1226 3929 1417 4002; x_wconf 80' lang='grc' dir='ltr'><em>εἱρμὸν</em></span> <span class='ocrx_word' id='word_1_513' title='bbox 1452 3929 1571 3983; x_wconf 84' lang='grc' dir='ltr'><em>ὅλον</em></span> <span class='ocrx_word' id='word_1_514' title='bbox 1623 3931 1722 3997; x_wconf 86' lang='grc' dir='ltr'><em>τῆς</em></span> <span class='ocrx_word' id='word_1_515' title='bbox 1787 3945 1917 3996; x_wconf 82' lang='grc' dir='ltr'><em>συγ-</em></span> 
     </span>
    </p>
   </div>
   <div class='ocr_carea' id='block_1_73' title="bbox 328 4019 1916 4094">
    <p class='ocr_par' dir='ltr' id='par_1_73' title="bbox 328 4019 1916 4094">
     <span class='ocr_line' id='line_1_73' title="bbox 328 4019 1916 4094; baseline 0.003 -24"><span class='ocrx_word' id='word_1_516' title='bbox 328 4019 553 4090; x_wconf 83' lang='grc' dir='ltr'><em>γραφῆς</em></span> <span class='ocrx_word' id='word_1_517' title='bbox 582 4020 627 4050; x_wconf 79' lang='grc'>³⁸</span> <span class='ocrx_word' id='word_1_518' title='bbox 653 4021 997 4076; x_wconf 81' lang='grc' dir='ltr'><em>ἐπισκοπεῖν.</em></span> <span class='ocrx_word' id='word_1_519' title='bbox 1032 4023 1156 4076; x_wconf 89' lang='grc' dir='ltr'><em>Ὅτι</em></span> <span class='ocrx_word' id='word_1_520' title='bbox 1203 4023 1262 4076; x_wconf 85' lang='grc' dir='ltr'><em>δὲ</em></span> <span class='ocrx_word' id='word_1_521' title='bbox 1303 4022 1697 4093; x_wconf 81' lang='grc' dir='ltr'><em>διχόθεν.αὐτῷ</em></span> <span class='ocrx_word' id='word_1_522' title='bbox 1745 4039 1916 4094; x_wconf 85' lang='grc' dir='ltr'><em>προσ-</em></span> 
     </span>
    </p>
   </div>
   <div class='ocr_carea' id='block_1_74' title="bbox 328 4110 1919 4186">
    <p class='ocr_par' dir='ltr' id='par_1_74' title="bbox 328 4110 1919 4186">
     <span class='ocr_line' id='line_1_74' title="bbox 328 4110 1919 4186; baseline 0.003 -24"><span class='ocrx_word' id='word_1_523' title='bbox 328 4111 492 4164; x_wconf 77' lang='grc' dir='ltr'><em>έϐαλε</em></span> <span class='ocrx_word' id='word_1_524' title='bbox 525 4110 588 4164; x_wconf 84' lang='grc' dir='ltr'><em>τὸ</em></span> <span class='ocrx_word' id='word_1_525' title='bbox 629 4111 918 4183; x_wconf 89' lang='grc' dir='ltr'><em>πολέμιον,</em></span> <span class='ocrx_word' id='word_1_526' title='bbox 965 4113 1127 4178; x_wconf 79' lang='grc' dir='ltr'><em>αὐτὸς</em></span> <span class='ocrx_word' id='word_1_527' title='bbox 1172 4116 1399 4186; x_wconf 87' lang='grc' dir='ltr'><em>γράφων</em></span> <span class='ocrx_word' id='word_1_528' title='bbox 1453 4113 1592 4186; x_wconf 79' lang='grc' dir='ltr'><em>πρὸς</em></span> <span class='ocrx_word' id='word_1_529' title='bbox 1623 4115 1716 4167; x_wconf 76' lang='grc' dir='ltr'><em>τὸν</em></span> <span class='ocrx_word' id='word_1_530' title='bbox 1766 4114 1919 4166; x_wconf 87' lang='grc' dir='ltr'><em>εὐσε-</em></span> 
     </span>
    </p>
   </div>
   <div class='ocr_carea' id='block_1_75' title="bbox 329 4201 1917 4277">
    <p class='ocr_par' dir='ltr' id='par_1_75' title="bbox 329 4201 1917 4277">
     <span class='ocr_line' id='line_1_75' title="bbox 329 4201 1917 4277; baseline 0.003 -23"><span class='ocrx_word' id='word_1_531' title='bbox 329 4201 593 4256; x_wconf 75' lang='grc' dir='ltr'><em>ϐέστατον</em></span> <span class='ocrx_word' id='word_1_532' title='bbox 647 4203 890 4274; x_wconf 75' lang='grc' dir='ltr'><em>Ιβασιλέα</em></span> <span class='ocrx_word' id='word_1_533' title='bbox 935 4206 1162 4274; x_wconf 81' lang='grc' dir='ltr'><em>Λέοντα,</em></span> <span class='ocrx_word' id='word_1_534' title='bbox 1218 4207 1312 4260; x_wconf 78' lang='grc' dir='ltr'><em>καὶ</em></span> <span class='ocrx_word' id='word_1_535' title='bbox 1362 4206 1665 4277; x_wconf 84' lang='grc' dir='ltr'><em>Νεστόριον</em></span> <span class='ocrx_word' id='word_1_536' title='bbox 1721 4204 1917 4260; x_wconf 85' lang='grc' dir='ltr'><em>ἀναθε-</em></span> 
     </span>
    </p>
   </div>
   <div class='ocr_carea' id='block_1_76' title="bbox 333 4292 1920 4368">
    <p class='ocr_par' dir='ltr' id='par_1_76' title="bbox 333 4292 1920 4368">
     <span class='ocr_line' id='line_1_76' title="bbox 333 4292 1920 4368; baseline 0.001 -22"><span class='ocrx_word' id='word_1_537' title='bbox 333 4292 580 4362; x_wconf 80' lang='grc' dir='ltr'><em>ματίζων</em></span> <span class='ocrx_word' id='word_1_538' title='bbox 634 4295 730 4349; x_wconf 78' lang='grc' dir='ltr'><em>καὶ</em></span> <span class='ocrx_word' id='word_1_539' title='bbox 782 4296 1067 4367; x_wconf 85' lang='grc' dir='ltr'><em>Εὐτυχέα,</em></span> <span class='ocrx_word' id='word_1_540' title='bbox 1116 4298 1302 4368; x_wconf 81' lang='grc' dir='ltr'><em>σαφῶς</em></span> <span class='ocrx_word' id='word_1_541' title='bbox 1346 4297 1674 4351; x_wconf 77' lang='grc' dir='ltr'><em>ἐκδιδάσκει.</em></span> <span class='ocrx_word' id='word_1_542' title='bbox 1724 4296 1920 4368; x_wconf 80' lang='grc' dir='ltr'><em>Ἐχρῆν</em></span> 
     </span>
    </p>
   </div>
   <div class='ocr_carea' id='block_1_77' title="bbox 329 4385 1917 4463">
    <p class='ocr_par' dir='ltr' id='par_1_77' title="bbox 329 4385 1917 4463">
     <span class='ocr_line' id='line_1_77' title="bbox 329 4385 1917 4463; baseline 0.002 -25"><span class='ocrx_word' id='word_1_543' title='bbox 329 4385 427 4439; x_wconf 79' lang='grc' dir='ltr'><em>οὖν</em></span> <span class='ocrx_word' id='word_1_544' title='bbox 470 4386 720 4452; x_wconf 74' lang='grc' dir='ltr'><em>εὐλαϐῶς</em></span> <span class='ocrx_word' id='word_1_545' title='bbox 764 4391 875 4453; x_wconf 81' lang='grc' dir='ltr'><em>τοῖς</em></span> <span class='ocrx_word' id='word_1_546' title='bbox 908 4391 1016 4442; x_wconf 91' lang='grc' dir='ltr'><strong>τῶν</strong></span> <span class='ocrx_word' id='word_1_547' title='bbox 1066 4391 1326 4463; x_wconf 87' lang='grc' dir='ltr'><em>Πατέρων</em></span> <span class='ocrx_word' id='word_1_548' title='bbox 1370 4391 1554 4454; x_wconf 83' lang='grc' dir='ltr'><em>πόνοις</em></span> <span class='ocrx_word' id='word_1_549' title='bbox 1609 4390 1917 4462; x_wconf 80' lang='grc' dir='ltr'><em>προσέχειν,</em></span> 
     </span>
    </p>
   </div>
   <div class='ocr_carea' id='block_1_78' title="bbox 337 4479 1917 4556">
    <p class='ocr_par' dir='ltr' id='par_1_78' title="bbox 337 4479 1917 4556">
     <span class='ocr_line' id='line_1_78' title="bbox 337 4479 1917 4556; baseline 0.001 -22"><span class='ocrx_word' id='word_1_550' title='bbox 337 4479 477 4534; x_wconf 77' lang='grc' dir='ltr'><em>ἀλλὰ</em></span> <span class='ocrx_word' id='word_1_551' title='bbox 511 4480 588 4551; x_wconf 79' lang='grc' dir='ltr'><em>μὴ</em></span> <span class='ocrx_word' id='word_1_552' title='bbox 634 4481 774 4551; x_wconf 79' lang='grc' dir='ltr'><em>πρὸς</em></span> <span class='ocrx_word' id='word_1_553' title='bbox 793 4483 1046 4552; x_wconf 76' lang='grc' dir='ltr'><em>διαϐολὴν</em></span> <span class='ocrx_word' id='word_1_554' title='bbox 1072 4485 1193 4538; x_wconf 78' lang='grc' dir='ltr'><em>ἀντὶ</em></span> <span class='ocrx_word' id='word_1_555' title='bbox 1233 4485 1329 4538; x_wconf 79' lang='grc' dir='ltr'><em>τοῦ</em></span> <span class='ocrx_word' id='word_1_556' title='bbox 1375 4486 1742 4556; x_wconf 80' lang='grc' dir='ltr'><em>εὐγνωμονεῖν</em></span> <span class='ocrx_word' id='word_1_557' title='bbox 1777 4483 1917 4537; x_wconf 77' lang='grc' dir='ltr'><em>ἑτοί-</em></span> 
     </span>
    </p>
   </div>
   <div class='ocr_carea' id='block_1_79' title="bbox 2013 3286 3593 3359">
    <p class='ocr_par' dir='ltr' id='par_1_79' title="bbox 2013 3286 3593 3359">
     <span class='ocr_line' id='line_1_79' title="bbox 2013 3286 3593 3359; baseline 0.004 -20"><span class='ocrx_word' id='word_1_558' title='bbox 2013 3286 2230 3354; x_wconf 89' lang='lat' dir='ltr'><strong>quidem</strong></span> <span class='ocrx_word' id='word_1_559' title='bbox 2297 3286 2585 3354; x_wconf 89' lang='lat' dir='ltr'><strong>dimicans,</strong></span> <span class='ocrx_word' id='word_1_560' title='bbox 2625 3289 2999 3344; x_wconf 80' lang='lat' dir='ltr'><strong>confusionem</strong></span> <span class='ocrx_word' id='word_1_561' title='bbox 3030 3293 3137 3359; x_wconf 90' lang='lat' dir='ltr'><strong>&#39;per</strong></span> <span class='ocrx_word' id='word_1_562' title='bbox 3195 3291 3593 3347; x_wconf 79' lang='lat' dir='ltr'><strong>confessionem</strong></span> 
     </span>
    </p>
   </div>
   <div class='ocr_carea' id='block_1_80' title="bbox 2011 3378 3594 3454">
    <p class='ocr_par' dir='ltr' id='par_1_80' title="bbox 2011 3378 3594 3454">
     <span class='ocr_line' id='line_1_80' title="bbox 2011 3378 3594 3454; baseline 0.004 -23"><span class='ocrx_word' id='word_1_563' title='bbox 2011 3392 2236 3432; x_wconf 75' lang='lat' dir='ltr'><strong>summa:</strong></span> <span class='ocrx_word' id='word_1_564' title='bbox 2259 3378 2483 3433; x_wconf 88' lang='lat' dir='ltr'><strong>unitatis</strong></span> <span class='ocrx_word' id='word_1_565' title='bbox 2513 3379 2692 3435; x_wconf 87' lang='lat' dir='ltr'><strong>stultis</strong></span> <span class='ocrx_word' id='word_1_566' title='bbox 2724 3381 2977 3436; x_wconf 87' lang='lat' dir='ltr'><strong>invehere</strong></span> <span class='ocrx_word' id='word_1_567' title='bbox 3007 3381 3236 3436; x_wconf 89' lang='lat' dir='ltr'><strong>videtur.</strong></span> <span class='ocrx_word' id='word_1_568' title='bbox 3266 3380 3401 3438; x_wconf 90' lang='lat' dir='ltr'><strong>Cum</strong></span> <span class='ocrx_word' id='word_1_569' title='bbox 3425 3382 3594 3454; x_wconf 84' lang='lat' dir='ltr'><strong>Euty-</strong></span> 
     </span>
    </p>
   </div>
   <div class='ocr_carea' id='block_1_81' title="bbox 2015 3469 3596 3540">
    <p class='ocr_par' dir='ltr' id='par_1_81' title="bbox 2015 3469 3596 3540">
     <span class='ocr_line' id='line_1_81' title="bbox 2015 3469 3596 3540; baseline 0.002 -16"><span class='ocrx_word' id='word_1_570' title='bbox 2015 3469 2117 3524; x_wconf 89' lang='lat' dir='ltr'><strong>che</strong></span> <span class='ocrx_word' id='word_1_571' title='bbox 2148 3485 2277 3524; x_wconf 90' lang='lat' dir='ltr'><strong>vero</strong></span> <span class='ocrx_word' id='word_1_572' title='bbox 2303 3480 2543 3535; x_wconf 89' lang='lat' dir='ltr'><strong>certans,</strong></span> <span class='ocrx_word' id='word_1_573' title='bbox 2574 3482 3002 3540; x_wconf 84' lang='lat' dir='ltr'><strong>naturarumque</strong></span> <span class='ocrx_word' id='word_1_574' title='bbox 3031 3473 3406 3528; x_wconf 85' lang='lat' dir='ltr'><strong>diversitatem</strong></span> <span class='ocrx_word' id='word_1_575' title='bbox 3440 3489 3596 3529; x_wconf 83' lang='lat' dir='ltr'><strong>accu-</strong></span> 
     </span>
    </p>
   </div>
   <div class='ocr_carea' id='block_1_82' title="bbox 2017 3557 3588 3630">
    <p class='ocr_par' dir='ltr' id='par_1_82' title="bbox 2017 3557 3588 3630">
     <span class='ocr_line' id='line_1_82' title="bbox 2017 3557 3588 3630; baseline 0.004 -18"><span class='ocrx_word' id='word_1_576' title='bbox 2017 3567 2136 3613; x_wconf 88' lang='lat' dir='ltr'><strong>rate</strong></span> <span class='ocrx_word' id='word_1_577' title='bbox 2155 3557 2471 3624; x_wconf 85' lang='lat' dir='ltr'><strong>defendens,</strong></span> <span class='ocrx_word' id='word_1_578' title='bbox 2505 3559 2866 3616; x_wconf 74' lang='lat' dir='ltr'><strong>dilferentiam</strong></span> <span class='ocrx_word' id='word_1_579' title='bbox 2889 3577 3244 3630; x_wconf 88' lang='lat' dir='ltr'><strong>personarum</strong></span> <span class='ocrx_word' id='word_1_580' title='bbox 3267 3563 3321 3617; x_wconf 92' lang='lat' dir='ltr'><strong>in</strong></span> <span class='ocrx_word' id='word_1_581' title='bbox 3353 3564 3588 3619; x_wconf 87' lang='lat' dir='ltr'><strong>medium</strong></span> 
     </span>
    </p>
   </div>
   <div class='ocr_carea' id='block_1_83' title="bbox 2029 3650 3596 3726">
    <p class='ocr_par' dir='ltr' id='par_1_83' title="bbox 2029 3650 3596 3726">
     <span class='ocr_line' id='line_1_83' title="bbox 2029 3650 3596 3726; baseline 0.005 -23"><span class='ocrx_word' id='word_1_582' title='bbox 2029 3650 2290 3706; x_wconf 88' lang='lat' dir='ltr'><strong>attulisse</strong></span> <span class='ocrx_word' id='word_1_583' title='bbox 2314 3661 2624 3708; x_wconf 87' lang='lat' dir='ltr'><strong>accusatur.</strong></span> <span class='ocrx_word' id='word_1_584' title='bbox 2661 3652 2888 3724; x_wconf 87' lang='lat' dir='ltr'><strong>Oportet</strong></span> <span class='ocrx_word' id='word_1_585' title='bbox 2909 3669 3039 3710; x_wconf 90' lang='lat' dir='ltr'><strong>vero</strong></span> <span class='ocrx_word' id='word_1_586' title='bbox 3087 3656 3354 3726; x_wconf 85' lang='lat' dir='ltr'><strong>integrum</strong></span> <span class='ocrx_word' id='word_1_587' title='bbox 3383 3656 3596 3711; x_wconf 89' lang='lat' dir='ltr'><strong>audito-</strong></span> 
     </span>
    </p>
   </div>
   <div class='ocr_carea' id='block_1_84' title="bbox 2019 3743 3596 3816">
    <p class='ocr_par' dir='ltr' id='par_1_84' title="bbox 2019 3743 3596 3816">
     <span class='ocr_line' id='line_1_84' title="bbox 2019 3743 3596 3816; baseline 0.003 -21"><span class='ocrx_word' id='word_1_588' title='bbox 2019 3756 2132 3795; x_wconf 90' lang='lat' dir='ltr'><strong>rem</strong></span> <span class='ocrx_word' id='word_1_589' title='bbox 2184 3743 2470 3812; x_wconf 88' lang='lat' dir='ltr'><strong>scriptoris</strong></span> <span class='ocrx_word' id='word_1_590' title='bbox 2503 3758 2724 3813; x_wconf 90' lang='lat' dir='ltr'><strong>scopum</strong></span> <span class='ocrx_word' id='word_1_591' title='bbox 2782 3745 3132 3816; x_wconf 89' lang='lat' dir='ltr'><strong>investigare,</strong></span> <span class='ocrx_word' id='word_1_592' title='bbox 3163 3754 3218 3800; x_wconf 91' lang='lat' dir='ltr'><strong>et</strong></span> <span class='ocrx_word' id='word_1_593' title='bbox 3262 3747 3426 3801; x_wconf 90' lang='lat' dir='ltr'><strong>totius</strong></span> <span class='ocrx_word' id='word_1_594' title='bbox 3459 3749 3596 3800; x_wconf 81' lang='lat' dir='ltr'><strong>scri-</strong></span> 
     </span>
    </p>
   </div>
   <div class='ocr_carea' id='block_1_85' title="bbox 2017 3832 3600 3903">
    <p class='ocr_par' dir='ltr' id='par_1_85' title="bbox 2017 3832 3600 3903">
     <span class='ocr_line' id='line_1_85' title="bbox 2017 3832 3600 3903; baseline 0.006 -18"><span class='ocrx_word' id='word_1_595' title='bbox 2017 3832 2217 3903; x_wconf 91' lang='lat' dir='ltr'><strong>ptionis</strong></span> <span class='ocrx_word' id='word_1_596' title='bbox 2236 3835 2430 3890; x_wconf 90' lang='lat' dir='ltr'><strong>seriem</strong></span> <span class='ocrx_word' id='word_1_597' title='bbox 2466 3834 2834 3892; x_wconf 87' lang='lat' dir='ltr'><strong>considerare.</strong></span> <span class='ocrx_word' id='word_1_598' title='bbox 2872 3835 3014 3891; x_wconf 91' lang='lat' dir='ltr'><strong>Duos</strong></span> <span class='ocrx_word' id='word_1_599' title='bbox 3045 3846 3224 3891; x_wconf 90' lang='lat' dir='ltr'><strong>autem</strong></span> <span class='ocrx_word' id='word_1_600' title='bbox 3266 3851 3387 3892; x_wconf 87' lang='lat' dir='ltr'><strong>sese</strong></span> <span class='ocrx_word' id='word_1_601' title='bbox 3416 3838 3600 3894; x_wconf 82' lang='lat' dir='ltr'><strong>hostes</strong></span> 
     </span>
    </p>
   </div>
   <div class='ocr_carea' id='block_1_86' title="bbox 2020 3929 3599 4000">
    <p class='ocr_par' dir='ltr' id='par_1_86' title="bbox 2020 3929 3599 4000">
     <span class='ocr_line' id='line_1_86' title="bbox 2020 3929 3599 4000; baseline 0.002 -19"><span class='ocrx_word' id='word_1_602' title='bbox 2020 3941 2268 3998; x_wconf 80' lang='lat' dir='ltr'><strong>nactum,</strong></span> <span class='ocrx_word' id='word_1_603' title='bbox 2291 3929 2535 3984; x_wconf 89' lang='lat' dir='ltr'><strong>scribens</strong></span> <span class='ocrx_word' id='word_1_604' title='bbox 2562 3929 2677 4000; x_wconf 91' lang='lat' dir='ltr'><strong>ipse</strong></span> <span class='ocrx_word' id='word_1_605' title='bbox 2705 3930 2770 3984; x_wconf 90' lang='lat' dir='ltr'><strong>ad</strong></span> <span class='ocrx_word' id='word_1_606' title='bbox 2803 3930 3195 4000; x_wconf 89' lang='lat' dir='ltr'><strong>pientissimum</strong></span> <span class='ocrx_word' id='word_1_607' title='bbox 3227 3929 3465 3986; x_wconf 79' lang='lat' dir='ltr'><strong>Leonem</strong></span> <span class='ocrx_word' id='word_1_608' title='bbox 3494 3933 3599 3985; x_wconf 79' lang='lat' dir='ltr'><strong>im-</strong></span> 
     </span>
    </p>
   </div>
   <div class='ocr_carea' id='block_1_87' title="bbox 2019 4020 3601 4092">
    <p class='ocr_par' dir='ltr' id='par_1_87' title="bbox 2019 4020 3601 4092">
     <span class='ocr_line' id='line_1_87' title="bbox 2019 4020 3601 4092; baseline 0.004 -16"><span class='ocrx_word' id='word_1_609' title='bbox 2019 4030 2330 4092; x_wconf 86' lang='lat' dir='ltr'><strong>peratorem</strong></span> <span class='ocrx_word' id='word_1_610' title='bbox 2353 4031 2410 4077; x_wconf 91' lang='lat' dir='ltr'><strong>et</strong></span> <span class='ocrx_word' id='word_1_611' title='bbox 2451 4020 2763 4078; x_wconf 88' lang='lat' dir='ltr'><strong>Nestorium</strong></span> <span class='ocrx_word' id='word_1_612' title='bbox 2791 4024 3138 4077; x_wconf 86' lang='lat' dir='ltr'><strong>anathemate</strong></span> <span class='ocrx_word' id='word_1_613' title='bbox 3164 4021 3368 4078; x_wconf 83' lang='lat' dir='ltr'><strong>feriens</strong></span> <span class='ocrx_word' id='word_1_614' title='bbox 3391 4032 3446 4078; x_wconf 87' lang='lat' dir='ltr'><strong>et</strong></span> <span class='ocrx_word' id='word_1_615' title='bbox 3491 4023 3601 4083; x_wconf 82' lang='lat' dir='ltr'><strong>Eu-</strong></span> 
     </span>
    </p>
   </div>
   <div class='ocr_carea' id='block_1_88' title="bbox 2027 4111 3604 4186">
    <p class='ocr_par' dir='ltr' id='par_1_88' title="bbox 2027 4111 3604 4186">
     <span class='ocr_line' id='line_1_88' title="bbox 2027 4111 3604 4186; baseline 0.003 -20"><span class='ocrx_word' id='word_1_616' title='bbox 2027 4112 2264 4185; x_wconf 83' lang='lat' dir='ltr'><strong>tychem,</strong></span> <span class='ocrx_word' id='word_1_617' title='bbox 2292 4112 2437 4168; x_wconf 92' lang='lat' dir='ltr'><strong>clare</strong></span> <span class='ocrx_word' id='word_1_618' title='bbox 2462 4113 2640 4169; x_wconf 90' lang='lat' dir='ltr'><strong>docet.</strong></span> <span class='ocrx_word' id='word_1_619' title='bbox 2694 4111 2988 4184; x_wconf 90' lang='lat' dir='ltr'><strong>Oportebat</strong></span> <span class='ocrx_word' id='word_1_620' title='bbox 3009 4125 3188 4168; x_wconf 90' lang='lat' dir='ltr'><strong>autem</strong></span> <span class='ocrx_word' id='word_1_621' title='bbox 3215 4113 3432 4170; x_wconf 88' lang='lat' dir='ltr'><strong>Patrum</strong></span> <span class='ocrx_word' id='word_1_622' title='bbox 3464 4116 3604 4186; x_wconf 89' lang='lat' dir='ltr'><strong>vigi-</strong></span> 
     </span>
    </p>
   </div>
   <div class='ocr_carea' id='block_1_89' title="bbox 2023 4202 3604 4274">
    <p class='ocr_par' dir='ltr' id='par_1_89' title="bbox 2023 4202 3604 4274">
     <span class='ocr_line' id='line_1_89' title="bbox 2023 4202 3604 4274; baseline 0.004 -18"><span class='ocrx_word' id='word_1_623' title='bbox 2023 4202 2124 4258; x_wconf 89' lang='lat' dir='ltr'><strong>lias</strong></span> <span class='ocrx_word' id='word_1_624' title='bbox 2153 4203 2548 4274; x_wconf 86' lang='lat' dir='ltr'><strong>circumspecte</strong></span> <span class='ocrx_word' id='word_1_625' title='bbox 2577 4204 2794 4270; x_wconf 77' lang='lat' dir='ltr'><strong>legisse,</strong></span> <span class='ocrx_word' id='word_1_626' title='bbox 2815 4214 2870 4260; x_wconf 90' lang='lat' dir='ltr'><strong>et</strong></span> <span class='ocrx_word' id='word_1_627' title='bbox 2910 4206 3362 4274; x_wconf 87' lang='lat' dir='ltr'><strong>quemadmodum</strong></span> <span class='ocrx_word' id='word_1_628' title='bbox 3383 4206 3604 4262; x_wconf 79' lang='lat' dir='ltr'><strong>Arionis</strong></span> 
     </span>
    </p>
   </div>
   <div class='ocr_carea' id='block_1_90' title="bbox 2023 4295 3602 4366">
    <p class='ocr_par' dir='ltr' id='par_1_90' title="bbox 2023 4295 3602 4366">
     <span class='ocr_line' id='line_1_90' title="bbox 2023 4295 3602 4366; baseline 0.003 -16"><span class='ocrx_word' id='word_1_629' title='bbox 2023 4295 2186 4350; x_wconf 85' lang='lat' dir='ltr'><strong>exilia</strong></span> <span class='ocrx_word' id='word_1_630' title='bbox 2238 4295 2424 4361; x_wconf 89' lang='lat' dir='ltr'><strong>verba,</strong></span> <span class='ocrx_word' id='word_1_631' title='bbox 2448 4297 2867 4366; x_wconf 88' lang='lat' dir='ltr'><strong>passionemque</strong></span> <span class='ocrx_word' id='word_1_632' title='bbox 2893 4299 2946 4352; x_wconf 89' lang='lat' dir='ltr'><strong>in</strong></span> <span class='ocrx_word' id='word_1_633' title='bbox 2975 4296 3098 4352; x_wconf 85' lang='lat' dir='ltr'><strong>Filii</strong></span> <span class='ocrx_word' id='word_1_634' title='bbox 3141 4297 3406 4354; x_wconf 89' lang='lat' dir='ltr'><strong>Deitatem</strong></span> <span class='ocrx_word' id='word_1_635' title='bbox 3459 4298 3602 4354; x_wconf 53' lang='lat' dir='ltr'><strong>refe-</strong></span> 
     </span>
    </p>
   </div>
   <div class='ocr_carea' id='block_1_91' title="bbox 2027 4389 3605 4459">
    <p class='ocr_par' dir='ltr' id='par_1_91' title="bbox 2027 4389 3605 4459">
     <span class='ocr_line' id='line_1_91' title="bbox 2027 4389 3605 4459; baseline 0.003 -17"><span class='ocrx_word' id='word_1_636' title='bbox 2027 4390 2292 4456; x_wconf 87' lang='lat' dir='ltr'><strong>rentibus,</strong></span> <span class='ocrx_word' id='word_1_637' title='bbox 2324 4399 2385 4444; x_wconf 94' lang='lat' dir='ltr'><strong>ut</strong></span> <span class='ocrx_word' id='word_1_638' title='bbox 2417 4389 2594 4459; x_wconf 91' lang='lat' dir='ltr'><strong>ipsum</strong></span> <span class='ocrx_word' id='word_1_639' title='bbox 2638 4391 2904 4446; x_wconf 87' lang='lat' dir='ltr'><strong>minorem</strong></span> <span class='ocrx_word' id='word_1_640' title='bbox 2932 4389 3138 4448; x_wconf 87' lang='lat' dir='ltr'><strong>faciant</strong></span> <span class='ocrx_word' id='word_1_641' title='bbox 3177 4390 3358 4456; x_wconf 82' lang='lat' dir='ltr'><strong>Patre,</strong></span> <span class='ocrx_word' id='word_1_642' title='bbox 3410 4390 3605 4446; x_wconf 88' lang='lat' dir='ltr'><strong>Patres</strong></span> 
     </span>
    </p>
   </div>
   <div class='ocr_carea' id='block_1_92' title="bbox 2031 4480 3606 4553">
    <p class='ocr_par' dir='ltr' id='par_1_92' title="bbox 2031 4480 3606 4553">
     <span class='ocr_line' id='line_1_92' title="bbox 2031 4480 3606 4553; baseline 0.002 -19"><span class='ocrx_word' id='word_1_643' title='bbox 2031 4480 2214 4536; x_wconf 87' lang='lat' dir='ltr'><strong>dicitis</strong></span> <span class='ocrx_word' id='word_1_644' title='bbox 2236 4481 2596 4536; x_wconf 87' lang='lat' dir='ltr'><strong>crassioribus</strong></span> <span class='ocrx_word' id='word_1_645' title='bbox 2618 4482 2694 4535; x_wconf 91' lang='lat' dir='ltr'><strong>uti</strong></span> <span class='ocrx_word' id='word_1_646' title='bbox 2719 4482 2924 4549; x_wconf 80' lang='lat' dir='ltr'><strong>verbis,</strong></span> <span class='ocrx_word' id='word_1_647' title='bbox 2958 4482 3302 4538; x_wconf 88' lang='lat' dir='ltr'><strong>Dominicum</strong></span> <span class='ocrx_word' id='word_1_648' title='bbox 3331 4483 3606 4553; x_wconf 60' lang='lat' dir='ltr'><strong>appellati-</strong></span> 
     </span>
    </p>
   </div>
   <div class='ocr_carea' id='block_1_93' title="bbox 337 4559 1904 4657">
    <p class='ocr_par' dir='ltr' id='par_1_93' title="bbox 337 4566 1904 4646">
     <span class='ocr_line' id='line_1_93' title="bbox 337 4566 1904 4646; baseline 0.003 -23"><span class='ocrx_word' id='word_1_649' title='bbox 337 4588 474 4640; x_wconf 88' lang='grc' dir='ltr'><em>μους</em></span> <span class='ocrx_word' id='word_1_650' title='bbox 501 4566 675 4625; x_wconf 75' lang='grc' dir='ltr'><em>εἶναι’</em></span> <span class='ocrx_word' id='word_1_651' title='bbox 710 4573 804 4626; x_wconf 78' lang='grc' dir='ltr'><em>καὶ</em></span> <span class='ocrx_word' id='word_1_652' title='bbox 833 4574 1086 4645; x_wconf 87' lang='grc' dir='ltr'><em>καθάπερ</em></span> <span class='ocrx_word' id='word_1_653' title='bbox 1110 4574 1222 4629; x_wconf 87' lang='grc' dir='ltr'><strong>τῶν</strong></span> <span class='ocrx_word' id='word_1_654' title='bbox 1255 4577 1550 4646; x_wconf 87' lang='grc' dir='ltr'><em>Ἀρειανῶν</em></span> <span class='ocrx_word' id='word_1_655' title='bbox 1583 4576 1652 4628; x_wconf 83' lang='grc' dir='ltr'><strong>τά</strong></span> <span class='ocrx_word' id='word_1_656' title='bbox 1679 4575 1904 4629; x_wconf 74' lang='grc' dir='ltr'><em>ταπεινὰ</em></span> 
     </span>
    </p>
   </div>
   <div class='ocr_carea' id='block_1_94' title="bbox 2015 4559 2946 4657">
    <p class='ocr_par' dir='ltr' id='par_1_94' title="bbox 2026 4575 2946 4644">
     <span class='ocr_line' id='line_1_94' title="bbox 2026 4575 2946 4644; baseline 0.002 -17"><span class='ocrx_word' id='word_1_657' title='bbox 2026 4584 2107 4629; x_wconf 88' lang='lat' dir='ltr'><strong>tes</strong></span> <span class='ocrx_word' id='word_1_658' title='bbox 2140 4575 2439 4640; x_wconf 90' lang='lat' dir='ltr'><strong>hominem,</strong></span> <span class='ocrx_word' id='word_1_659' title='bbox 2478 4575 2563 4629; x_wconf 88' lang='lat' dir='ltr'><strong>vel</strong></span> <span class='ocrx_word' id='word_1_660' title='bbox 2584 4584 2946 4644; x_wconf 88' lang='lat' dir='ltr'><strong>assumptum.</strong></span> 
     </span>
    </p>
   </div>
   <div class='ocr_carea' id='block_1_95' title="bbox 337 4665 3606 4743">
    <p class='ocr_par' dir='ltr' id='par_1_95' title="bbox 337 4665 3606 4743">
     <span class='ocr_line' id='line_1_95' title="bbox 337 4665 3606 4743; baseline 0.002 -26"><span class='ocrx_word' id='word_1_661' title='bbox 337 4666 563 4736; x_wconf 75' lang='grc' dir='ltr'><em>ῥήματα</em></span> <span class='ocrx_word' id='word_1_662' title='bbox 599 4665 694 4718; x_wconf 79' lang='grc' dir='ltr'><em>καὶ</em></span> <span class='ocrx_word' id='word_1_663' title='bbox 742 4667 803 4720; x_wconf 83' lang='grc' dir='ltr'><em>τὸ</em></span> <span class='ocrx_word' id='word_1_664' title='bbox 836 4669 1011 4732; x_wconf 84' lang='grc' dir='ltr'><em>πάθος</em></span> <span class='ocrx_word' id='word_1_665' title='bbox 1039 4671 1119 4733; x_wconf 87' lang='grc' dir='ltr'><strong>είς</strong></span> <span class='ocrx_word' id='word_1_666' title='bbox 1149 4671 1248 4743; x_wconf 84' lang='grc' dir='ltr'><em>τὴν</em></span> <span class='ocrx_word' id='word_1_667' title='bbox 1283 4673 1374 4726; x_wconf 73' lang='grc' dir='ltr'><em>τοῦ</em></span> <span class='ocrx_word' id='word_1_668' title='bbox 1405 4672 1538 4726; x_wconf 86' lang='grc' dir='ltr'><em>Υἱού</em></span> <span class='ocrx_word' id='word_1_669' title='bbox 1573 4671 1804 4741; x_wconf 86' lang='grc' dir='ltr'><em>θεότητα</em></span> <span class='ocrx_word' id='word_1_670' title='bbox 1831 4669 2274 4741; x_wconf 86' lang='grc' dir='ltr'><em>μεταφερόντων,</em></span> <span class='ocrx_word' id='word_1_671' title='bbox 2295 4669 2371 4732; x_wconf 85' lang='grc' dir='ltr'><em>ὡς</em></span> <span class='ocrx_word' id='word_1_672' title='bbox 2398 4668 2466 4722; x_wconf 82' lang='grc' dir='ltr'><em>ἂν</em></span> <span class='ocrx_word' id='word_1_673' title='bbox 2491 4668 2654 4722; x_wconf 88' lang='grc' dir='ltr'><em>αὐτὸν</em></span> <span class='ocrx_word' id='word_1_674' title='bbox 2702 4670 2781 4733; x_wconf 81' lang='grc' dir='ltr'><strong>είς</strong></span> <span class='ocrx_word' id='word_1_675' title='bbox 2841 4670 2902 4722; x_wconf 86' lang='grc' dir='ltr'><em>τὸ</em></span> <span class='ocrx_word' id='word_1_676' title='bbox 2962 4670 3187 4722; x_wconf 71' lang='grc' dir='ltr'><em>ἔλαττον</em></span> <span class='ocrx_word' id='word_1_677' title='bbox 3250 4670 3606 4738; x_wconf 81' lang='grc' dir='ltr'><em>καταγάγωσι</em></span> 
     </span>
    </p>
   </div>
   <div class='ocr_carea' id='block_1_96' title="bbox 331 4759 3608 4838">
    <p class='ocr_par' dir='ltr' id='par_1_96' title="bbox 331 4759 3608 4838">
     <span class='ocr_line' id='line_1_96' title="bbox 331 4759 3608 4838; baseline 0.003 -29"><span class='ocrx_word' id='word_1_678' title='bbox 331 4759 427 4811; x_wconf 74' lang='grc' dir='ltr'><em>τοῦ</em></span> <span class='ocrx_word' id='word_1_679' title='bbox 469 4759 706 4830; x_wconf 86' lang='grc' dir='ltr'><em>Πατρὸς,</em></span> <span class='ocrx_word' id='word_1_680' title='bbox 732 4763 859 4824; x_wconf 82' lang='grc' dir='ltr'><em>τοὺς</em></span> <span class='ocrx_word' id='word_1_681' title='bbox 901 4763 1152 4832; x_wconf 85' lang='grc' dir='ltr'><em>Πατέρας</em></span> <span class='ocrx_word' id='word_1_682' title='bbox 1183 4767 1320 4835; x_wconf 87' lang='grc' dir='ltr'><em>φατὲ</em></span> <span class='ocrx_word' id='word_1_683' title='bbox 1348 4765 1706 4838; x_wconf 75' lang='grc' dir='ltr'><em>βιαζομένους</em></span> <span class='ocrx_word' id='word_1_684' title='bbox 1768 4762 2105 4836; x_wconf 76' lang='grc' dir='ltr'><em>παχυτέραις</em></span> <span class='ocrx_word' id='word_1_685' title='bbox 2167 4761 2476 4833; x_wconf 83' lang='grc' dir='ltr'><em>χρήσασθαι</em></span> <span class='ocrx_word' id='word_1_686' title='bbox 2547 4761 2743 4829; x_wconf 73' lang='grc' dir='ltr'><em>λέξεσι,</em></span> <span class='ocrx_word' id='word_1_687' title='bbox 2803 4763 2894 4816; x_wconf 86' lang='grc' dir='ltr'><em>τὸν</em></span> <span class='ocrx_word' id='word_1_688' title='bbox 2936 4765 3219 4835; x_wconf 84' lang='grc' dir='ltr'><em>Κυριακὸν</em></span> <span class='ocrx_word' id='word_1_689' title='bbox 3241 4765 3608 4836; x_wconf 77' lang='grc' dir='ltr'><em>ὀνομάζοντας</em></span> 
     </span>
    </p>
   </div>
   <div class='ocr_carea' id='block_1_97' title="bbox 333 4853 1566 4928">
    <p class='ocr_par' dir='ltr' id='par_1_97' title="bbox 333 4853 1566 4928">
     <span class='ocr_line' id='line_1_97' title="bbox 333 4853 1566 4928; baseline 0.006 -20"><span class='ocrx_word' id='word_1_690' title='bbox 333 4853 624 4924; x_wconf 82' lang='grc' dir='ltr'><em>ἄνθρωπον</em></span> <span class='ocrx_word' id='word_1_691' title='bbox 656 4855 752 4910; x_wconf 77' lang='grc' dir='ltr'><em>καὶ</em></span> <span class='ocrx_word' id='word_1_692' title='bbox 780 4855 871 4911; x_wconf 82' lang='grc' dir='ltr'><em>τὸν</em></span> <span class='ocrx_word' id='word_1_693' title='bbox 896 4857 1274 4928; x_wconf 81' lang='grc' dir='ltr'><em>ἀναληφθέντα</em></span> <span class='ocrx_word' id='word_1_694' title='bbox 1297 4863 1365 4915; x_wconf 78' lang='grc'><strong>³⁸.</strong></span> <span class='ocrx_word' id='word_1_695' title='bbox 1399 4902 1412 4916; x_wconf 96' lang='grc'><strong>.</strong></span> <span class='ocrx_word' id='word_1_696' title='bbox 1450 4901 1464 4914; x_wconf 97' lang='grc'><strong>.</strong></span> <span class='ocrx_word' id='word_1_697' title='bbox 1500 4901 1514 4915; x_wconf 94' lang='grc'><strong>.</strong></span> <span class='ocrx_word' id='word_1_698' title='bbox 1551 4901 1566 4915; x_wconf 95' lang='grc'><strong>.</strong></span> 
     </span>
    </p>
   </div>
   <div class='ocr_carea' id='block_1_98' title="bbox 1039 4953 1228 5020">
    <p class='ocr_par' dir='ltr' id='par_1_98' title="bbox 1039 4953 1228 5020">
     <span class='ocr_line' id='line_1_98' title="bbox 1039 4953 1228 5020; baseline 0.016 -15"><span class='ocrx_word' id='word_1_699' title='bbox 1039 4953 1228 5020; x_wconf 72' lang='grc' dir='ltr'><em>Σκςν.</em></span> 
     </span>
    </p>
   </div>
   <div class='ocr_carea' id='block_1_99' title="bbox 342 5037 1928 5114">
    <p class='ocr_par' dir='ltr' id='par_1_99' title="bbox 342 5037 1928 5114">
     <span class='ocr_line' id='line_1_99' title="bbox 342 5037 1928 5114; baseline 0.004 -20"><span class='ocrx_word' id='word_1_700' title='bbox 342 5037 454 5094; x_wconf 84' lang='grc' dir='ltr'><strong>Τοῦ</strong></span> <span class='ocrx_word' id='word_1_701' title='bbox 506 5039 697 5095; x_wconf 84' lang='grc' dir='ltr'><em>αὐτοῦ</em></span> <span class='ocrx_word' id='word_1_702' title='bbox 731 5043 1028 5114; x_wconf 76' lang='grc' dir='ltr'><em>Εὐλογιου</em></span> <span class='ocrx_word' id='word_1_703' title='bbox 1074 5046 1236 5113; x_wconf 74' lang='grc' dir='ltr'><em>ἄλλη</em></span> <span class='ocrx_word' id='word_1_704' title='bbox 1261 5046 1481 5112; x_wconf 77' lang='grc' dir='ltr'><em>βίϐλος</em></span> <span class='ocrx_word' id='word_1_705' title='bbox 1534 5046 1686 5101; x_wconf 79' lang='grc' dir='ltr'><em>κατὰ</em></span> <span class='ocrx_word' id='word_1_706' title='bbox 1720 5044 1928 5101; x_wconf 82' lang='grc' dir='ltr'><em>Θεοδο-</em></span> 
     </span>
    </p>
   </div>
   <div class='ocr_carea' id='block_1_100' title="bbox 829 5115 1418 5185">
    <p class='ocr_par' dir='ltr' id='par_1_100' title="bbox 829 5115 1418 5185">
     <span class='ocr_line' id='line_1_100' title="bbox 829 5115 1418 5185; baseline 0.007 -18"><span class='ocrx_word' id='word_1_707' title='bbox 829 5116 976 5170; x_wconf 84' lang='grc' dir='ltr'><em>σίου</em></span> <span class='ocrx_word' id='word_1_708' title='bbox 1004 5115 1102 5170; x_wconf 78' lang='grc' dir='ltr'><em>καὶ</em></span> <span class='ocrx_word' id='word_1_709' title='bbox 1125 5119 1418 5185; x_wconf 81' lang='grc' dir='ltr'><em>Σευήρου.</em></span> 
     </span>
    </p>
   </div>
   <div class='ocr_carea' id='block_1_101' title="bbox 423 5201 1923 5277">
    <p class='ocr_par' dir='ltr' id='par_1_101' title="bbox 423 5201 1923 5277">
     <span class='ocr_line' id='line_1_101' title="bbox 423 5201 1923 5277; baseline 0.004 -21"><span class='ocrx_word' id='word_1_710' title='bbox 423 5201 765 5276; x_wconf 84' lang='grc' dir='ltr'><em>Ἀνεγνώσθη</em></span> <span class='ocrx_word' id='word_1_711' title='bbox 803 5206 1067 5276; x_wconf 85' lang='grc' dir='ltr'><em>Εὐλογίου</em></span> <span class='ocrx_word' id='word_1_712' title='bbox 1092 5209 1184 5262; x_wconf 84' lang='grc' dir='ltr'><em>τοῦ</em></span> <span class='ocrx_word' id='word_1_713' title='bbox 1206 5209 1511 5277; x_wconf 86' lang='grc' dir='ltr'><em>ἁγιωτάτου</em></span> <span class='ocrx_word' id='word_1_714' title='bbox 1541 5209 1697 5263; x_wconf 88' lang='grc' dir='ltr'><em>πάπα</em></span> <span class='ocrx_word' id='word_1_715' title='bbox 1740 5209 1923 5275; x_wconf 80' lang='grc' dir='ltr'><em>Ἀλεξ-</em></span> 
     </span>
    </p>
   </div>
   <div class='ocr_carea' id='block_1_102' title="bbox 342 5292 1918 5374">
    <p class='ocr_par' dir='ltr' id='par_1_102' title="bbox 342 5292 1918 5374">
     <span class='ocr_line' id='line_1_102' title="bbox 342 5292 1918 5374; baseline 0.007 -30"><span class='ocrx_word' id='word_1_716' title='bbox 342 5292 597 5366; x_wconf 83' lang='grc' dir='ltr'><em>ανδρείας</em></span> <span class='ocrx_word' id='word_1_717' title='bbox 638 5295 820 5366; x_wconf 78' lang='grc' dir='ltr'><em>βίϐλος</em></span> <span class='ocrx_word' id='word_1_718' title='bbox 841 5338 856 5363; x_wconf 94' lang='grc'><strong>,</strong></span> <span class='ocrx_word' id='word_1_719' title='bbox 896 5295 1016 5374; x_wconf 80' lang='grc' dir='ltr'>ὲνῇ</span> <span class='ocrx_word' id='word_1_720' title='bbox 1057 5299 1308 5370; x_wconf 90' lang='grc' dir='ltr'><em>φαίνεται</em></span> <span class='ocrx_word' id='word_1_721' title='bbox 1355 5302 1452 5373; x_wconf 79' lang='grc' dir='ltr'><em>μὲν</em></span> <span class='ocrx_word' id='word_1_722' title='bbox 1479 5302 1590 5354; x_wconf 91' lang='grc' dir='ltr'><strong>τῶν</strong></span> <span class='ocrx_word' id='word_1_723' title='bbox 1616 5301 1662 5333; x_wconf 80' lang='grc' dir='ltr'><strong>³ο</strong></span> <span class='ocrx_word' id='word_1_724' title='bbox 1694 5301 1797 5371; x_wconf 82' lang='grc' dir='ltr'><em>τῆς</em></span> <span class='ocrx_word' id='word_1_725' title='bbox 1827 5303 1918 5354; x_wconf 83' lang='grc' dir='ltr'><em>εὐ-</em></span> 
     </span>
    </p>
   </div>
   <div class='ocr_carea' id='block_1_103' title="bbox 345 5383 1910 5464">
    <p class='ocr_par' dir='ltr' id='par_1_103' title="bbox 345 5383 1910 5464">
     <span class='ocr_line' id='line_1_103' title="bbox 345 5383 1910 5464; baseline 0.006 -27"><span class='ocrx_word' id='word_1_726' title='bbox 345 5383 560 5449; x_wconf 73' lang='grc' dir='ltr'><em>σεϐείας</em></span> <span class='ocrx_word' id='word_1_727' title='bbox 592 5386 932 5460; x_wconf 81' lang='grc' dir='ltr'><em>ὑπερμαχῶν</em></span> <span class='ocrx_word' id='word_1_728' title='bbox 958 5390 1265 5464; x_wconf 86' lang='grc' dir='ltr'><em>δογμάτων,</em></span> <span class='ocrx_word' id='word_1_729' title='bbox 1292 5393 1419 5455; x_wconf 81' lang='grc' dir='ltr'><em>τοὺς</em></span> <span class='ocrx_word' id='word_1_730' title='bbox 1445 5393 1502 5446; x_wconf 80' lang='grc' dir='ltr'><em>δὲ</em></span> <span class='ocrx_word' id='word_1_731' title='bbox 1527 5395 1628 5464; x_wconf 81' lang='grc' dir='ltr'><em>τῆς</em></span> <span class='ocrx_word' id='word_1_732' title='bbox 1659 5393 1910 5456; x_wconf 77' lang='grc' dir='ltr'><em>ἀσεϐείας</em></span> 
     </span>
    </p>
   </div>
   <div class='ocr_carea' id='block_1_104' title="bbox 2689 4946 2968 5004">
    <p class='ocr_par' dir='ltr' id='par_1_104' title="bbox 2689 4946 2968 5004">
     <span class='ocr_line' id='line_1_104' title="bbox 2689 4946 2968 5004; baseline 0.007 -2"><span class='ocrx_word' id='word_1_733' title='bbox 2689 4946 2968 5004; x_wconf 78' lang='lat' dir='ltr'><strong>CCXXV].</strong></span> 
     </span>
    </p>
   </div>
   <div class='ocr_carea' id='block_1_105' title="bbox 2030 5041 3612 5111">
    <p class='ocr_par' dir='ltr' id='par_1_105' title="bbox 2030 5041 3612 5111">
     <span class='ocr_line' id='line_1_105' title="bbox 2030 5041 3612 5111; baseline 0.003 -12"><span class='ocrx_word' id='word_1_734' title='bbox 2030 5043 2245 5111; x_wconf 84' lang='lat' dir='ltr'><strong>Eulogii</strong></span> <span class='ocrx_word' id='word_1_735' title='bbox 2285 5041 2519 5111; x_wconf 84' lang='lat' dir='ltr'><strong>ejusdem</strong></span> <span class='ocrx_word' id='word_1_736' title='bbox 2567 5042 2696 5098; x_wconf 83' lang='lat' dir='ltr'><strong>liber</strong></span> <span class='ocrx_word' id='word_1_737' title='bbox 2739 5056 2923 5098; x_wconf 85' lang='lat' dir='ltr'><strong>contra</strong></span> <span class='ocrx_word' id='word_1_738' title='bbox 2963 5043 3310 5100; x_wconf 82' lang='lat' dir='ltr'><strong>Theodosium</strong></span> <span class='ocrx_word' id='word_1_739' title='bbox 3348 5055 3396 5099; x_wconf 90' lang='lat' dir='ltr'><strong>et</strong></span> <span class='ocrx_word' id='word_1_740' title='bbox 3460 5044 3612 5103; x_wconf 82' lang='lat' dir='ltr'><strong>Seve-</strong></span> 
     </span>
    </p>
   </div>
   <div class='ocr_carea' id='block_1_106' title="bbox 2750 5132 2886 5169">
    <p class='ocr_par' dir='ltr' id='par_1_106' title="bbox 2750 5132 2886 5169">
     <span class='ocr_line' id='line_1_106' title="bbox 2750 5132 2886 5169; baseline 0.007 -1"><span class='ocrx_word' id='word_1_741' title='bbox 2750 5132 2886 5169; x_wconf 87' lang='lat' dir='ltr'><strong>rum.</strong></span> 
     </span>
    </p>
   </div>
   <div class='ocr_carea' id='block_1_107' title="bbox 2094 5207 3610 5279">
    <p class='ocr_par' dir='ltr' id='par_1_107' title="bbox 2094 5207 3610 5279">
     <span class='ocr_line' id='line_1_107' title="bbox 2094 5207 3610 5279; baseline 0.002 -18"><span class='ocrx_word' id='word_1_742' title='bbox 2094 5207 2290 5264; x_wconf 88' lang='lat' dir='ltr'><strong>Lectus</strong></span> <span class='ocrx_word' id='word_1_743' title='bbox 2336 5207 2473 5263; x_wconf 90' lang='lat' dir='ltr'><strong>liber</strong></span> <span class='ocrx_word' id='word_1_744' title='bbox 2519 5207 2729 5278; x_wconf 79' lang='lat' dir='ltr'><strong>Eulogii</strong></span> <span class='ocrx_word' id='word_1_745' title='bbox 2792 5209 3144 5264; x_wconf 82' lang='lat' dir='ltr'><strong>Alexandrini</strong></span> <span class='ocrx_word' id='word_1_746' title='bbox 3193 5209 3454 5279; x_wconf 87' lang='lat' dir='ltr'><strong>episcopi,</strong></span> <span class='ocrx_word' id='word_1_747' title='bbox 3503 5223 3610 5279; x_wconf 88' lang='lat' dir='ltr'><strong>quo</strong></span> 
     </span>
    </p>
   </div>
   <div class='ocr_carea' id='block_1_108' title="bbox 2018 5300 3608 5371">
    <p class='ocr_par' dir='ltr' id='par_1_108' title="bbox 2018 5300 3608 5371">
     <span class='ocr_line' id='line_1_108' title="bbox 2018 5300 3608 5371; baseline 0.001 -16"><span class='ocrx_word' id='word_1_748' title='bbox 2018 5304 2122 5369; x_wconf 70' lang='lat' dir='ltr'><strong>pizc</strong></span> <span class='ocrx_word' id='word_1_749' title='bbox 2179 5300 2438 5355; x_wconf 72' lang='lat' dir='ltr'><strong>doctrina:</strong></span> <span class='ocrx_word' id='word_1_750' title='bbox 2468 5315 2684 5356; x_wconf 86' lang='lat' dir='ltr'><strong>causam</strong></span> <span class='ocrx_word' id='word_1_751' title='bbox 2730 5303 3037 5371; x_wconf 82' lang='lat' dir='ltr'><strong>suscepisse</strong></span> <span class='ocrx_word' id='word_1_752' title='bbox 3083 5302 3318 5365; x_wconf 85' lang='lat' dir='ltr'><strong>videtur,</strong></span> <span class='ocrx_word' id='word_1_753' title='bbox 3350 5302 3608 5370; x_wconf 82' lang='lat' dir='ltr'><strong>pudorem</strong></span> 
     </span>
    </p>
   </div>
   <div class='ocr_carea' id='block_1_109' title="bbox 2020 5391 3612 5464">
    <p class='ocr_par' dir='ltr' id='par_1_109' title="bbox 2020 5391 3612 5464">
     <span class='ocr_line' id='line_1_109' title="bbox 2020 5391 3612 5464; baseline 0.001 -18"><span class='ocrx_word' id='word_1_754' title='bbox 2020 5392 2512 5464; x_wconf 88' lang='lat' dir='ltr'><strong>propugnatoribus</strong></span> <span class='ocrx_word' id='word_1_755' title='bbox 2538 5392 2834 5462; x_wconf 88' lang='lat' dir='ltr'><strong>impietatis</strong></span> <span class='ocrx_word' id='word_1_756' title='bbox 2859 5393 3148 5448; x_wconf 87' lang='lat' dir='ltr'><strong>incutiens.</strong></span> <span class='ocrx_word' id='word_1_757' title='bbox 3192 5391 3450 5449; x_wconf 87' lang='lat' dir='ltr'><strong>lnscribit</strong></span> <span class='ocrx_word' id='word_1_758' title='bbox 3479 5409 3612 5450; x_wconf 89' lang='lat' dir='ltr'><strong>vero</strong></span> 
     </span>
    </p>
   </div>
   <div class='ocr_carea' id='block_1_110' title="bbox 1663 5509 2338 5568">
    <p class='ocr_par' dir='ltr' id='par_1_110' title="bbox 1663 5509 2338 5568">
     <span class='ocr_line' id='line_1_110' title="bbox 1663 5509 2338 5568; baseline 0.001 -3"><span class='ocrx_word' id='word_1_759' title='bbox 1663 5510 1896 5566; x_wconf 78' lang='lat' dir='ltr'><strong>VARUE</strong></span> <span class='ocrx_word' id='word_1_760' title='bbox 1930 5509 2226 5568; x_wconf 86' lang='lat' dir='ltr'><strong>LECTION</strong></span> <span class='ocrx_word' id='word_1_761' title='bbox 2235 5510 2338 5566; x_wconf 87' lang='lat' dir='ltr'><strong>ES.</strong></span> 
     </span>
    </p>
   </div>
   <div class='ocr_carea' id='block_1_111' title="bbox 419 5601 3614 5694">
    <p class='ocr_par' dir='ltr' id='par_1_111' title="bbox 419 5601 3614 5694">
     <span class='ocr_line' id='line_1_111' title="bbox 419 5601 3614 5694; baseline 0.002 -36"><span class='ocrx_word' id='word_1_762' title='bbox 496 5604 678 5688; x_wconf 77' lang='lat' dir='ltr'><strong>malim</strong></span> <span class='ocrx_word' id='word_1_763' title='bbox 697 5608 1177 5694; x_wconf 46' lang='lat' dir='ltr'><strong>&amp;7.toztu.plCo‘t‘fna.q.‘</strong></span> <span class='ocrx_word' id='word_1_764' title='bbox 1240 5608 1640 5694; x_wconf 45' lang='grc' dir='ltr'><em>²⁸⁴συγγραφῆς</em></span> <span class='ocrx_word' id='word_1_765' title='bbox 1671 5611 1713 5663; x_wconf 82' lang='grc' dir='ltr'>Α</span> <span class='ocrx_word' id='word_1_766' title='bbox 1737 5627 1763 5694; x_wconf 41' lang='grc' dir='ltr'><strong>ηε,</strong></span> <span class='ocrx_word' id='word_1_767' title='bbox 1781 5612 2000 5680; x_wconf 70' lang='grc' dir='ltr'><em>γραφῆς</em></span> <span class='ocrx_word' id='word_1_768' title='bbox 2019 5627 2077 5674; x_wconf 79' lang='grc' dir='ltr'><strong>ς.</strong></span> <span class='ocrx_word' id='word_1_769' title='bbox 2157 5610 2198 5640; x_wconf 82' lang='grc'><strong>²⁹</strong></span> <span class='ocrx_word' id='word_1_770' title='bbox 2225 5609 2761 5680; x_wconf 75' lang='grc' dir='ltr'><em>ροδι.ζάναληφοἐντα</em></span> <span class='ocrx_word' id='word_1_771' title='bbox 2780 5610 2830 5666; x_wconf 92' lang='lat' dir='ltr'><strong>in</strong></span> <span class='ocrx_word' id='word_1_772' title='bbox 2854 5610 2895 5666; x_wconf 87' lang='lat' dir='ltr'><strong>A</strong></span> <span class='ocrx_word' id='word_1_773' title='bbox 2916 5609 3181 5666; x_wconf 71' lang='lat' dir='ltr'><strong>columna:</strong></span> <span class='ocrx_word' id='word_1_774' title='bbox 3203 5619 3392 5666; x_wconf 84' lang='lat' dir='ltr'><strong>vacant</strong></span> <span class='ocrx_word' id='word_1_775' title='bbox 3421 5609 3456 5667; x_wconf 79' lang='lat'><strong>5</strong></span> <span class='ocrx_word' id='word_1_776' title='bbox 3489 5607 3614 5679; x_wconf 56' lang='lat'><strong>1/92</strong></span> 
     </span>
    </p>
   </div>
   <div class='ocr_carea' id='block_1_112' title="bbox 352 5671 1818 5752">
    <p class='ocr_par' dir='ltr' id='par_1_112' title="bbox 352 5671 1818 5752">
     <span class='ocr_line' id='line_1_112' title="bbox 352 5671 1818 5752; baseline 0.005 -27"><span class='ocrx_word' id='word_1_777' title='bbox 352 5671 403 5726; x_wconf 85' lang='lat' dir='ltr'><strong>in</strong></span> <span class='ocrx_word' id='word_1_778' title='bbox 433 5673 476 5729; x_wconf 67' lang='grc' dir='ltr'><strong>(Σ</strong></span> <span class='ocrx_word' id='word_1_779' title='bbox 506 5678 713 5747; x_wconf 74' lang='lat' dir='ltr'><strong>pagina:</strong></span> <span class='ocrx_word' id='word_1_780' title='bbox 743 5677 768 5731; x_wconf 82' lang='grc'><strong>1</strong></span> <span class='ocrx_word' id='word_1_781' title='bbox 804 5671 927 5747; x_wconf 60' lang='grc' dir='ltr'><strong>ΞΑ.</strong></span> <span class='ocrx_word' id='word_1_782' title='bbox 958 5671 972 5675; x_wconf 50' lang='grc'>⁷</span> <span class='ocrx_word' id='word_1_783' title='bbox 1043 5680 1086 5712; x_wconf 76' lang='grc' dir='ltr'><strong>³ο</strong></span> <span class='ocrx_word' id='word_1_784' title='bbox 1122 5671 1220 5750; x_wconf 80' lang='grc' dir='ltr'><em>μὲν</em></span> <span class='ocrx_word' id='word_1_785' title='bbox 1248 5671 1516 5752; x_wconf 53' lang='grc' dir='ltr'><em>τῶντὶἱιὶο</em></span> <span class='ocrx_word' id='word_1_786' title='bbox 1547 5671 1668 5733; x_wconf 79' lang='grc' dir='ltr'><em>’τῶν</em></span> <span class='ocrx_word' id='word_1_787' title='bbox 1700 5671 1818 5749; x_wconf 74' lang='grc' dir='ltr'><em>μέν.</em></span> 
     </span>
    </p>
   </div>
  </div>
