3972 6248
320 245 423 316 951
1473 256 1735 318 PHOTII
1765 252 2266 317 PATRIARCHFE
2298 252 2409 313 cr.
3474 234 3585 300 952

326 359 522 414 librum
545 358 776 428 primum
805 361 1041 432 pontitlci
1067 361 1255 429 Leoni,
1292 371 1580 418 accusatus
1617 377 1683 417 ac
1709 376 1898 431 repre—
1927 402 1936 422 ε

2039 358 2377 430 προασπιστάς
2411 355 2539 428 [400
2568 351 2664 427 Η.]
2704 348 3100 422 καταισχύνων.
3148 343 3478 417 Προτίθεται
3525 345 3587 400 δὲ

329 453 528 506 liensus
554 467 584 505 a
610 450 936 521 Theodosio,
967 453 1164 510 alicubi
1193 468 1323 512 vero
1353 471 1382 508 a
1409 455 1634 521 Severo,
1656 454 1907 523 Acepha-

2039 450 2157 521 ,ὑτῷ
2185 449 2279 504 τοῦ
2309 449 2366 502 ὲν
2401 448 2578 518 ἁγίοις
2611 447 2771 501 πάπα
2803 442 3030 506 Λέοντος
3073 440 3101 493 ό
3126 439 3312 508 τόμος,
3340 437 3586 508 ἐπηρεα-

330 543 418 598 lis.
450 544 775 614 Perstringit
803 561 931 602 vero
960 546 1172 602 illorum
1192 549 1536 605 dementiam
1582 547 1906 618 improbita-

2039 546 2235 616 ’ὁμενος
2286 541 2385 612 μὲν
2452 541 2548 594 καὶ
2591 535 3094 607 συκοφαντούμενος
3140 531 3246 585 ὑπὸ
3281 530 3584 595 Θεοδοσίου,

331 645 548 704 temque
603 635 738 690 nihil
793 637 1088 694 ostendens
1127 654 1317 694 verum
1361 655 1536 710 neque
1585 641 1910 696 concludere

2041 636 2226 708 νιαχοῦ
2259 636 2316 688 δὲ
2346 635 2441 689 καὶ
2471 632 2732 704 Σεϐήρου,
2758 630 2867 684 τῶν
2903 627 3215 698 Ἀκεφὰλων
3233 641 3247 654 '
3282 622 3591 695 στηλιτεύει

336 727 669 791 necessario,
698 726 928 782 conﬁcta
955 738 1011 783 et
1044 729 1178 785 falsa
1220 732 1525 796 mendacia,
1561 739 1614 786 et
1643 747 1748 786 non
1779 747 1911 786 con-

2039 731 2070 784 ὶὲ
2104 729 2202 801 τὴν
2229 727 2414 783 ἄνοιαν
2437 725 2617 780 αὑτῶν
2640 724 2732 778 καὶ
2755 721 3119 793 κακουργίαν,
3152 718 3307 772 οὐδὲν
3340 715 3439 785 μὲν
3467 717 3589 769 ἐπι-

333 826 413 871 tra
457 817 602 872 illum
632 818 804 889 magis
839 830 1100 887 armatos,
1142 823 1364 890 quicum
1401 833 1662 895 pugnent,
1710 823 1911 878 nihilo-

2039 822 2228 884 ἱεικνὺς
2269 817 2468 890 ἀληθὲς
2497 817 2531 885 ἢ
2563 816 2860 883 ἀναγκαῖον
2903 811 3186 881 λέγοντας,
3222 806 3480 877 διεψευσρ
3494 804 3591 858 ένα

335 907 513 962 minus
563 918 740 964 tamen
798 910 1058 966 adversus
1126 923 1342 968 sanctos
1400 929 1630 981 omnes,
1680 930 1912 985 quorum

2039 914 2072 967 ἑὲ
2112 913 2208 966 καὶ
2238 907 2733 982 συμπεπλασμένα,
2754 905 2849 958 καὶ
2881 903 2943 956 οὐ
2987 901 3111 956 κατ’
3151 899 3366 953 ἐκείνου
3390 895 3595 966 μᾶλλον

335 999 552 1052 nomina
578 1012 873 1070 respuunt:
906 1017 1011 1056 non
1034 1003 1198 1072 igitur
1230 1003 1560 1071 inficiantur,
1593 1012 1647 1059 et
1678 1021 1774 1075 pro
1802 1021 1918 1060 om-

2039 1003 2412 1074 ιπλιζομένους
2438 995 2482 1070 ᾧ
2508 996 3013 1070 διαπληκτίζονται,
3045 993 3161 1048 ἀλλ’
3195 991 3348 1046 οὐδὲν
3373 989 3596 1043 ἔλαττον

335 1091 496 1148 nibus
543 1093 800 1147 audacter
829 1093 949 1148 illos
974 1097 1248 1163 opposuit,
1283 1096 1480 1164 quibus
1510 1106 1754 1151 sanctum
1784 1097 1919 1152 Leo-

2039 1098 2164 1151 ιατὰ
2195 1096 2410 1149 πάντων
2440 1092 2577 1164 ὁμοῦ
2609 1092 2716 1147 τῶν
2756 1090 2953 1158 ἀγίων,
2986 1081 3061 1140 ὧν
3089 1083 3213 1140 οὐδὲ
3249 1084 3348 1146 τὰς
3373 1081 3598 1153 κλήσεις

338 1199 462 1239 nem
485 1194 817 1254 oppugnant,
867 1195 922 1241 et
945 1197 1133 1242 contra
1171 1189 1384 1242 beatum
1416 1190 1700 1259 Cyrillum,
1745 1192 1921 1259 quod-

2039 1190 2097 1254 bc;
2150 1189 2272 1260 οὐχὶ
2309 1185 2541 1258 τιμῶσιν
2591 1183 2856 1255 οὐμενοῦν
2886 1181 2985 1235 οὑκ
3014 1179 3154 1232 εἰσιν
3216 1175 3450 1247 ἔξαρνοι.
3487 1173 3601 1260 καὶ

336 1291 441 1345 que
467 1276 768 1332 mirandum
787 1279 976 1348 magis,
1005 1281 1258 1335 adversus
1278 1295 1388 1344 eos,
1412 1282 1500 1350 qui
1525 1282 1738 1336 decreta
1756 1296 1924 1352 oppo-

2039 1282 2131 1354 πρό
2175 1259 2240 1350 γε
2274 1280 2316 1312 ³¹
2358 1280 2575 1334 πάντων
2616 1276 2948 1348 παρίστησιν
2992 1271 3189 1335 αὐτοὺς
3217 1267 3484 1338 ἐναργῶς,
3517 1259 3600 1328 οἷς

340 1380 494 1425 ιιυιιι.
533 1368 640 1423 llas
672 1370 814 1424 enim
851 1385 1012 1426 voces
1063 1387 1199 1440 quas
1233 1373 1506 1440 allatrant,
1541 1373 1796 1445 Cyrillum
1822 1389 1923 1429 sa:-

342 1462 459 1530 pius
473 1463 730 1532 objiciunt
749 1463 942 1535 2431)
961 1476 1315 1532 asserentem,
1341 1467 1678 1534 aliorumque
1707 1479 1924 1522 saneto-

344 1571 461 1609 rum
495 1555 711 1609 Patrum
745 1566 1040 1610 catervam.
1071 1556 1186 1623 Quo
1227 1557 1281 1611 in
1317 1573 1539 1613 numero
1563 1558 1925 1625 Athanasius,

346 1646 616 1717 Gregorii,
666 1648 918 1710 Basilius,
986 1649 1306 1704 Ambrosius
1382 1659 1437 1704 et
1494 1650 1922 1716 Amphilochius.

348 1740 585 1809 Denique
616 1740 866 1794 amentiae
917 1740 1239 1807 confutatio,
1290 1741 1547 1796 Severum
1591 1742 1766 1811 ipsum
1799 1742 1922 1796 ubi-

2023 1374 2116 1426 τὸν
2144 1370 2340 1442 εὑσεὸἦ
2370 1368 2522 1424 διασύ
2533 1367 2921 1440 ρουσιΛέοντα,
2949 1365 3091 1419 κατά
3113 1380 3173 1416 τε
3193 1360 3288 1415 τοῦ
3311 1356 3601 1414 θεσπεσίου

2027 1464 2297 1535 Κυρίλλου
2332 1464 2427 1517 καὶ
2466 1462 2549 1533 (τὸ
2583 1457 3054 1530 Θαυμασιὼτερον)
3099 1455 3222 1510 καθ’
3261 1453 3470 1508 ἑαυτῶν
3502 1451 3602 1520 τὴν

2027 1556 2206 1627 ψῆφον
2235 1555 2526 1626 φέροντας·
2553 1552 2770 1616 ὲκείνας
2806 1551 2917 1622 γὰρ
2961 1550 3060 1613 τὰς
3112 1547 3317 1618 φωνὰς,
3347 1539 3425 1600 ὧν
3466 1543 3606 1598 καθ⁸

2031 1650 2342 1718 υλακτοῦσι,
2389 1647 2657 1720 Κύριλλόν
2698 1663 2758 1700 τε
2807 1641 3132 1715 προκομίζει
3171 1641 3264 1695 τὸν
3314 1639 3606 1694 Θεσπέσιον

2026 1742 2286 1806 πολλάκις
2313 1741 2539 1796 εἰπόντα
2563 1739 2628 1804 ³²,
2649 1739 2744 1792 καὶ
2767 1738 2874 1792 τῶν
2897 1737 3072 1791 ἀλλων
3107 1733 3397 1802 ἁγίωντδν
3419 1731 3603 1802 χορὸν,

348 1845 459 1899 que
507 1832 777 1901 dogmatis
815 1842 1090 1887 auctorem
1123 1831 1362 1888 adducit.
1396 1833 1606 1900 Quibus
1659 1848 1789 1888 usns
1842 1844 1926 1888 est

2039 1838 2084 1892 iv
2123 1833 2439 1898 Ἀθανάσιός
2470 1850 2531 1886 τε
2577 1832 2671 1886 καὶ
2719 1831 3012 1903 Γρηγόριοι
3061 1828 3154 1882 καὶ
3192 1825 3474 1887 Βασίλειος
3511 1824 3608 1876 καὶ

346 1923 535 1978 beatus
560 1922 668 1976 Leo
691 1921 712 1995 [
741 1923 794 1977 in
813 1924 1054 1978 numeris
1077 1925 1342 1980 haereseos
1371 1923 1391 1996 ]
1422 1925 1672 1979 convitiis
1691 1941 1718 1978 a
1751 1921 1925 1979 Theo-

2037 1926 2363 1998 Ἀμϐρόσιος
2385 1923 2479 1978 καὶ
2504 1920 2850 1992 ’Λμφιλόχιος
2880 1915 3170 1989 πληροῦσι.
3222 1915 3332 1970 Καὶ
3360 1918 3390 1976 ο
3419 1913 3607 1967 τελευ-

349 2014 501 2070 dosio
531 2025 586 2070 et
635 2015 836 2071 Severo
873 2016 1166 2086 excipitur.
1216 2016 1307 2071 Sic
1341 2017 1553 2071 illorum
1595 2017 1924 2071 deunentiam

2039 2021 2180 2081 ιαῖος
2223 2017 2324 2088 τῆς
2381 2012 2560 2069 αὐτῶν
2589 2013 2787 2084 μανίας
2839 2011 3086 2082 ἐλεγχος,
3136 2008 3299 2063 αὑτὸν
3336 2001 3608 2076 πολλαχοῦ

350 2108 604 2172 ostendit,
623 2117 677 2160 et
694 2108 913 2162 adversa
926 2109 1060 2162 riam
1103 2117 1316 2164 tuentes
1334 2119 1542 2178 partem
1565 2109 1732 2164 armis
1758 2109 1926 2172 exuit,

351 2207 412 2253 ut
444 2201 496 2253 in
523 2215 583 2254 se
611 2200 748 2254 ictus
767 2201 1018 2256 assiduos
1046 2201 1341 2256 inferentes
1369 2201 1502 2256 nihil
1530 2200 1808 2256 lazderent.
1830 2198 1930 2255 Est

352 2299 529 2344 autem
577 2291 660 2346 hic
687 2292 920 2360 scriptor
957 2307 1125 2360 purus
1145 2307 1212 2348 ac
1249 2293 1455 2357 suavis,
1485 2301 1540 2348 et
1563 2291 1806 2346 breviter
1865 2306 1930 2346 ac

353 2383 545 2437 leviter
599 2383 977 2438 accusationes
1005 2384 1318 2448 instituens,
1345 2396 1401 2440 et
1430 2386 1552 2441 sine
1595 2401 1758 2442 causa
1797 2384 1932 2439 nihil

353 2473 407 2526 in
441 2471 675 2526 medium
710 2470 1010 2540 proferens.
1056 2470 1116 2527 In
1161 2474 1570 2543 quatuordecim
1610 2477 1787 2547 capita
1819 2474 1930 2528 hae.-

350 2562 535 2617 reticis
564 2562 762 2617 librum
810 2563 952 2618 beati
1003 2564 1201 2621 Leonis
1243 2566 1630 2632 dividentibus,
1683 2583 1788 2622 non
1837 2582 1933 2622 ca-

357 2654 572 2723 ptiones
619 2656 1082 2721 accusationesve,
1137 2657 1668 2729 vituperationesque
1724 2661 1935 2730 ineptas

357 2742 609 2807 afferunt,
646 2755 700 2797 et
745 2744 859 2814 ipse
891 2745 1114 2800 totidem
1149 2746 1340 2801 dividit
1367 2747 1707 2804 refutationis
1735 2750 1934 2818 capita,

357 2838 549 2890 fortem
581 2851 644 2890 ac
674 2835 900 2890 validam
957 2837 1433 2907 reprehensionem
1464 2842 1746 2895 calumnia:
1798 2843 1937 2897 Ace-

360 2929 528 2997 phali.
582 2929 814 2982 Additur
873 2943 998 2983 vero
1065 2929 1149 2984 bis
1215 2929 1482 2986 absolutio
1547 2946 1577 2986 a
1639 2931 1938 2987 Chalcedo-

2028 2110 2268 2182 παράγει
2308 2107 2549 2179 Σεὸἧρον
2585 2105 2955 2177 δογματιοτῦψ
2990 2101 3239 2168 ἐκείνων,
3281 2097 3364 2163 οἷς
3407 2116 3612 2170 κεχρη-

2034 2202 2193 2274 μένος
2227 2201 2257 2254 ὁ
2288 2201 2345 2254 έν
2379 2199 2555 2268 ἁγίοις
2581 2197 2733 2252 Λέων
2766 2196 2988 2268 μυρίαις
3030 2193 3294 2266 αἱρέσεως
3320 2191 3616 2260 λοιδορίαις

2031 2294 2184 2366 παρά
2208 2311 2266 2347 τε
2303 2291 2584 2346 Θεοδοσίου
2638 2291 2733 2344 καὶ
2773 2288 2940 2344 αὑτοῦ
2970 2287 3212 2359 Σεὸήρου
3253 2283 3506 2356 βάλλεται
3531 2283 3610 2315 ³³·

2031 2385 2174 2440 οὑτω
2204 2382 2301 2455 τὴν
2343 2381 2542 2453 μανίαν
2597 2379 2915 2446 ἐπεδείξατο
2945 2377 3075 2440 τοὺς
3102 2375 3194 2429 ὑπ’
3223 2375 3391 2444 αὐτῆς
3419 2388 3614 2442 στρατ-

2035 2496 2170 2550 ηγου
2181 2477 2373 2549 μένους
2399 2475 2680 2541 ἐξοπλίσαι
2702 2473 2769 2539 ³⁸,
2801 2472 2942 2527 ὥστε
2962 2469 3085 2525 καθ’
3120 2468 3326 2522 ἑαυτῶν
3350 2464 3449 2529 τὰς
3477 2463 3618 2533 πλη-

2033 2575 2137 2644 γάς
2189 2570 2410 2642 καιρίας
2460 2570 2726 2641 φέροντας
2770 2564 3042 2637 μηδεμίαν
3088 2562 3135 2594 "
3183 2557 3486 2630 λαμϐάνειν
3519 2555 3614 2610 τοῦ

2036 2667 2241 2730 πάθους
2271 2662 2646 2736 συναίσθησιν.
2679 2661 2835 2713 Ἔστι
2875 2658 2973 2730 μὲν
3001 2651 3094 2710 οὖν
3121 2647 3277 2717 οὗτος
3298 2654 3326 2707 ὁ
3366 2667 3615 2720 συγγρα-

2037 2761 2171 2830 φεὺς
2198 2757 2438 2828 καθαρός
2464 2773 2525 2810 τε
2558 2754 2654 2808 καὶ
2709 2752 2862 2823 ἡδὺς,
2921 2749 3016 2804 καὶ
3062 2747 3149 2801 διά
3215 2745 3479 2814 συντόμου
3522 2741 3619 2795 καὶ

2037 2853 2186 2916 λείας
2204 2851 2325 2906 ὁδοῦ
2355 2851 2485 2912 τοὺς
2511 2848 2767 2917 ἐλέγχους
2787 2842 3132 2914 ποιούμενος,
3158 2840 3251 2893 καὶ
3285 2839 3422 2908 πρὸς
3453 2835 3621 2906 μηδὲν

2042 2945 2150 2998 τῶν
2181 2943 2286 3010 ἔξω
2311 2941 2404 2995 τοῦ
2437 2939 2738 3007 ἀναγκαίου
2763 2935 3109 3006 φερόμενος..
3130 2930 3226 2993 Εἰς
3258 2928 3321 2983 ιδ’
3355 2928 3412 2980 δὲ
3450 2925 3623 2995 κεφά-

363 3019 516 3073 nensi
551 3019 777 3088 synodo,
812 3033 972 3087 quam
1005 3020 1383 3077 haereticorum
1415 3022 1554 3077 mala
1599 3023 1778 3092 lingua
1808 3039 1936 3094 pro-

2040 3038 2167 3091 λαια
2199 3034 2306 3088 τῶν
2351 3030 2738 3104 αἱρετιζόντων
2768 3027 2897 3101 I769
3047 3020 3504 3122 κατατεμνόντων
3528 3019 3624 3072 τὸν

362 3111 582 3178 scindit,
617 3111 880 3167 unitatem
914 3127 1159 3182 persona:
1215 3115 1350 3184 ipsis
1378 3117 1556 3171 verbis
1585 3132 1692 3170 non
1716 3133 1940 3186 expres-

360 3218 496 3256 sam.
528 3203 798 3258 Plurimos
818 3204 960 3258 enim
980 3203 1172 3260 Patres
1196 3208 1457 3275 ostendit,
1491 3224 1599 3262 non
1628 3211 1784 3263 modo
1815 3219 1941 3264 ante

365 3297 626 3368 synodum
693 3298 1044 3365 Ephesinam,
1105 3301 1198 3354 sed
1267 3311 1323 3355 et
1353 3312 1666 3370 sequentes,
1701 3303 1799 3356 hac
1827 3303 1940 3371 ipsa

362 3402 496 3441 voce
527 3403 631 3442 non
666 3402 792 3444 usos
816 3387 832 3461 [
858 3405 952 3458 per
975 3390 1081 3445 alia
1106 3393 1270 3446 verba
1301 3391 1558 3460 pietatem
1577 3410 1729 3447 suam
1755 3404 1940 3448 osten-

364 3479 510 3534 disse
540 3479 560 3551 ]
591 3482 734 3550 quod
764 3493 818 3535 et
842 3482 1080 3552 synodus
1131 3483 1380 3552 perfecit.
1423 3482 1540 3538 Non
1573 3485 1744 3539 solum
1787 3500 1941 3550 vero,

364 3571 456 3624 sed
494 3579 550 3623 et
582 3572 796 3625 beatum
828 3572 1091 3643 Cyrillum
1141 3569 1195 3627 in
1252 3574 1457 3628 unione
1513 3589 1634 3627 eum
1677 3573 1944 3628 Occiden-

361 3663 566 3719 talibus
588 3665 892 3732 hujnsmodi
920 3666 1098 3721 verbis
1131 3681 1238 3721 non
1271 3681 1427 3720 usum
1457 3667 1714 3721 ostendit.
1736 3666 1946 3722 Asserit

367 3766 547 3811 autem
597 3758 855 3828 Cyrillum
892 3761 1179 3813 ostendere
1217 3761 1481 3814 unitatem
1520 3761 1778 3826 voluisse,
1826 3771 1949 3815 tano

366 3862 531 3916 quam
564 3845 724 3902 Verbi
777 3850 1087 3918 liypostasis
1126 3849 1374 3904 humanae
1399 3851 1607 3921 absque
1648 3850 1947 3906 mutatione

365 3939 589 3992 uniatur
624 3949 848 3993 naturae.
897 3939 1186 3995 Enimvero
1230 3941 1353 4010 quia
1401 3953 1590 4011 quarta
1631 3953 1820 3997 sancta
1855 3957 1947 4014 sy-

371 4033 546 4086 nodus
585 4034 790 4100 scripta
833 4033 1026 4104 Cyrilli
1065 4035 1131 4087 ad
1166 4032 1475 4089 Nestorium
1528 4037 1853 4103 verecunde,
1895 4045 1950 4091 et

371 4122 714 4177 laudabiliter
776 4123 917 4178 facta
963 4125 1042 4193 (in
1091 4124 1286 4194 quibus
1355 4142 1462 4180 non
1521 4129 1711 4188 semel,
1761 4127 1855 4181 sed
1896 4135 1951 4183 et

372 4213 481 4278 his,
518 4222 572 4267 et
603 4223 796 4280 quater
831 4229 1076 4283 persona:
1110 4217 1289 4272 unitas
1327 4216 1486 4270 Verbi
1513 4217 1656 4272 clare
1705 4217 1949 4273 declara-

2041 3127 2207 3197 τόμον
2229 3123 2322 3178 τοῦ
2349 3125 2408 3177 έν
2439 3121 2617 3190 ἁγίοις
2641 3120 2892 3184 Λέοντος,
2921 3111 2982 3171 οὗ
3013 3113 3185 3178 λαὸἀς
3220 3110 3315 3167 καὶ
3355 3111 3625 3174 αίτιάσεις

2043 3219 2138 3272 καὶ
2186 3215 2424 3286 μέμψεις
2476 3213 2708 3281 ἀλόγους
2768 3209 3128 3280 καταχέουσι,
3179 3205 3276 3259 καὶ
3330 3202 3493 3267 αὐτὸς
3543 3202 3628 3265 είς

2040 3307 2276 3362 τοσαῦτα
2303 3303 2636 3360 καταδιεῖλεν
2675 3299 2988 3370 ἀνατροπῆς
3023 3297 3163 3368 μέρη
3201 3294 3294 3348 τὸν
3322 3293 3424 3363 τῆς
3464 3292 3625 3346 Ἀκε-

2043 3402 2214 3471 φάλου
2246 3395 2610 3466 συκοφαντίας
2637 3393 2856 3465 ἰσχυρόν
2895 3409 2956 3444 τε
2996 3391 3090 3443 καὶ
3111 3390 3350 3457 ἄφυκτον
3379 3386 3625 3454 ἔλεγχον.

2057 3492 2446 3548 Ἐπισυνάπτει
2490 3489 2549 3542 δὲ
2604 3486 2818 3550 τούτοις
2866 3485 2960 3538 καὶ
3003 3481 3101 3553 τὴν
3134 3479 3383 3535 ἀθώωσιν
3426 3479 3526 3549 τῆς
3569 3477 3629 3530 ὲν

2046 3586 2353 3657 Καλχηδόνι
2385 3583 2428 3616 ³⁸
2469 3581 2688 3635 συνόδου
2732 3571 2807 3632 ῶν
2837 3575 3007 3645 αὑτὴν
3036 3575 3081 3607 ³⁷
3120 3575 3154 3645 ἡ
3200 3571 3454 3642 αίρετικὴ
3492 3586 3630 3624 κατ-

2045 3682 2239 3751 ηγορεί
2267 3674 2644 3747 γλωσσαλγία,
2669 3671 2768 3742 τὴν
2807 3669 2930 3726 καθ’
2963 3668 3261 3722 ὑπόστασιν
3293 3665 3491 3719 ἕνωσιν
3527 3662 3630 3716 αὑ-

2049 3773 2171 3834 ταῖς
2199 3769 2412 3834 λέξεσιν
2440 3767 2500 3820 οὐ
2538 3764 2791 3836 φαμένην
2833 3762 3038 3830 φωνήν.
3078 3757 3327 3812 Δείκνυσι
3360 3755 3470 3826 γὰρ
3497 3753 3630 3807 πολ-

2047 3863 2174 3926 λοὺς
2197 3861 2306 3914 τῶν
2337 3861 2508 3928 ἁγίων
2554 3857 2840 3927 Πατέρων,
2865 3855 2926 3907 οὑ
2961 3853 3120 3923 μόνον
3156 3851 3263 3904 τῶν
3299 3848 3408 3918 πρὸ
3431 3847 3534 3917 τῆς
3572 3847 3632 3898 ἐν

2063 3955 2273 4023 Ἐφέσῳ
2307 3953 2523 4006 συνόδου
2546 3951 2682 4004 ἀλλά
2708 3949 2802 4002 καὶ
2829 3946 2938 3999 τῶν
2963 3946 3078 4016 μετ’
3100 3943 3289 4013 αὐτὴν,
3309 3944 3376 4012 τῇ
3406 3935 3632 4009 τοιαύτῃ

2054 4048 2152 4117 μέν
2192 4044 2254 4097 οὑ
2304 4041 2682 4114 κεχρημένους
2719 4039 2893 4107 φωνῇ,
2923 4035 2991 4088 δι’
3034 4033 3234 4104 ἑτέρων
3272 4030 3330 4084 δὲ
3367 4029 3632 4100 ῥημάτων

2050 4133 2148 4204 τὴν
2190 4128 2362 4199 αὑτὴν
2391 4126 2831 4197 δογματίσαντας
2879 4123 3200 4176 εὐσέϐειανθ
3233 4120 3261 4173 ὃ
3297 4120 3391 4174 καὶ
3436 4120 3470 4188 ἡ
3505 4117 3630 4171 σύν-

2053 4225 2170 4286 οδος
2213 4220 2559 4292 διεπράξατο.
2593 4219 2668 4272 Οὑ
2705 4218 2863 4288 μόνον
2894 4216 2972 4281 δὲ,
3015 4215 3150 4269 ἀλλά
3195 4214 3289 4266 καλ¹
3333 4211 3497 4265 αὐτὸν
3540 4209 3631 4262 τὸν

371 4317 480 4376 tur)
513 4308 890 4362 haireticorum
937 4310 1171 4365 obstruit
1212 4325 1305 4364 ora
1342 4328 1357 4366 :
1395 4311 1593 4379 quibus
1622 4310 1792 4381 ipsam
1844 4327 1936 4366 nor

2056 4315 2358 4383 ἁγιώτατον
2386 4309 2654 4383 Κύριλλον
2686 4311 2745 4362 ὲν
2765 4311 2830 4378 τῇ
2865 4308 3003 4378 πρὸς
3040 4307 3167 4368 τοὺς
3196 4305 3241 4336 ³⁸
3278 4301 3632 4364 ἀνατολικοὺς

370 4411 587 4464 sapere,
615 4413 788 4467 neque
821 4400 873 4452 in
909 4414 1139 4468 persona
1173 4402 1441 4455 unitatem
1468 4403 1870 4468 confinxerunt,
1899 4416 1936 4457 el

2059 4407 2251 4461 ὲνώσει
2296 4407 2415 4466 ταῖς
2457 4404 2740 4466 τοιαύταις
2773 4401 3040 4473 προφέρει
3071 4398 3146 4468 μὴ
3175 4396 3516 4467 κεχρημένον
3547 4394 3632 4446 λέ-

371 4491 596 4544 omnino
639 4489 706 4544 de
767 4491 1178 4563 quibuscun‘que
1235 4491 1492 4560 Acephali
1523 4492 1703 4546 divum
1722 4491 1936 4547 Leonen

2058 4503 2193 4568 ξεσι.
2219 4499 2358 4570 Φησὶ
2388 4498 2446 4550 δὲ
2485 4499 2579 4551 καὶ
2617 4499 2702 4551 ὅτι
2746 4497 2780 4567 ὴ
2817 4495 2938 4549 καθ’
2981 4494 3282 4546 ὑπόστασιν
3312 4491 3507 4552 ἓνωσις
3556 4484 3633 4558 τῷ

371 4598 632 4639 accusare
691 4597 817 4639 sunt
855 4585 971 4639 ausi
1006 4624 1022 4649 ,
1067 4595 1122 4639 et
1175 4585 1677 4640 Chalcedonensem
1716 4598 1936 4642 sanctau

2056 4591 2327 4662 Θεσπεσίῳ
2355 4590 2605 4660 Κυρίλλῳ
2636 4588 2884 4660 βούλεται
2908 4585 3122 4656 δηλοῦν,
3149 4584 3225 4647 ὡς
3257 4585 3292 4654 ἡ
3327 4581 3420 4635 τοῦ
3454 4580 3631 4648 Λόγου

372 4677 660 4749 synodum,
691 4678 838 4731 brevi
891 4693 1145 4732 sermone
1171 4679 1552 4733 accusationes
1593 4678 1865 4747 refellens,
1904 4697 1932 4735 e

2055 4684 2352 4748 ὑπόστασις
2388 4681 2704 4752 ἀνθρωπεία
2752 4681 2912 4750 φύσει
2957 4677 3140 4748 ἡνώθη
3189 4676 3500 4746 ἀτρέπτως.
3556 4673 3631 4726 Οὐ

373 4768 757 4822 insolubilibus
803 4769 1136 4837 argumentis
1194 4770 1528 4823 adversariis
1560 4772 1819 4837 pudorem
1866 4772 1936 4826 in-

2059 4771 2167 4842 μὴν
2196 4771 2310 4823 ἀλλ’
2351 4772 2434 4824 ὅτι
2481 4771 2635 4841 καὶὴ
2667 4771 2902 4839 τετάρτη
2941 4769 3071 4838 ἁγία
3110 4767 3328 4830 σύνοδος
3376 4763 3445 4817 τὰ
3483 4763 3635 4836 παρά

370 4861 607 4924 cutiens,
637 4861 872 4913 ostendit
915 4862 1060 4929 ipsos
1092 4875 1275 4914 secum
1307 4861 1504 4929 potius,
1533 4861 1696 4933 244
1731 4879 1764 4915 a
1792 4879 1936 4933 quan

2056 4865 2323 4935 Κυρίλλου
2373 4865 2510 4935 πρὸς
2554 4865 2852 4935 Νεστόριον
2899 4862 3174 4934 γραφέντα
3211 4859 3280 4913 δι’
3321 4857 3506 4922 αἰδοῦς
3542 4857 3634 4911 καὶ

373 4966 498 5004 cum
529 4951 598 5005 iis
639 4966 778 5019 quos
812 4967 1144 5021 Oppttguattt,
1172 4962 1266 5005 aut
1299 4968 1422 5007 cum
1454 4957 1656 5008 sanetis
1681 4952 1934 5011 Patribus

2055 4956 2330 5027 ἀποδοχῆς
2361 4956 2729 5029 ποιησαμένη,
2758 4958 2814 5008 έν
2842 4950 2923 5019 οἷς
2953 4956 3050 5025 οὐχ
3089 4953 3238 5020 ἅπαξ
3270 4952 3406 5006 ἀλλὰ
3433 4951 3529 5004 καὶ
3555 4950 3634 5011 δὶς

371 5053 470 5097 aut.
502 5044 789 5098 nobiscum
813 5053 1090 5097 certamen
1125 5044 1353 5098 habere.

2057 5053 2152 5106 καὶ
2185 5054 2441 5123 τετράκις
2481 5055 2515 5122 ἡ
2564 5051 2689 5104 καθ’
2721 5052 3019 5105 ὑπόστασιν
3067 5049 3264 5111 ένωσις
3315 5045 3409 5099 τοῦ
3459 5044 3632 5110 Λόγου

376 5137 694 5205 περιφανῶς
721 5139 1073 5207 έκηρύττετο,
1096 5136 1166 5190 τὰ
1194 5138 1303 5192 τῶν
1326 5138 1620 5207 αἱρετικῶν
1649 5141 1950 5210 ἐμφράττει
1990 5146 2255 5216 στόματα,
2292 5143 2375 5210 οἷς
2407 5145 2578 5216 αὐτὴν
2625 5145 2685 5197 οὑ
2732 5146 2947 5215 φρονεῖν
2995 5141 3116 5194 οὑδὲ
3145 5141 3246 5212 τὴν
3320 5137 3441 5194 καθ’
3507 5134 3636 5187 ὑπό·
3722 5147 3724 5150 '

378 5249 570 5287 στασιν
629 5231 823 5284 ἕνωσιν
897 5230 1322 5284 συνεπλάσαντο.
1370 5230 1480 5283 Καὶ
1546 5231 1734 5296 ἁπλῶς
1783 5233 1885 5288 ὅσα
1917 5234 1984 5290 ἂν
2022 5239 2298 5293 αἰτιᾶσθαι
2349 5241 2399 5293 οἱ
2458 5238 2746 5307 Ἀκέφαλοι
2808 5236 2901 5290 τὸν
2956 5233 3261 5304 Θαυμάσιον
3318 5229 3637 5302 ἐπήρθησαν

375 5328 584 5383 Λέοντα
609 5327 703 5380 καὶ
723 5328 825 5398 τὴν
865 5328 924 5381 ὲν
954 5325 1260 5397 Καλχηδόνι
1290 5324 1543 5400 [401,Π.]
1577 5327 1742 5397 ἁγίαν
1812 5329 2080 5402 τετάρτην
2148 5333 2390 5398 σύνοδον,
2467 5332 2720 5404 συντόμῳ
2772 5330 2917 5401 λόγῳ
2962 5327 3057 5381 τοῦ
3118 5325 3443 5396 αἰτιάματος
3501 5323 3637 5375 ἀπο-

1679 5473 1907 5529 νΑΙὶΙᾹΞ
1962 5477 2372 5534 LECTIONES.

468 5630 591 5683 ³¹τε
625 5649 684 5692 ς’.
764 5632 808 5662 ³¹
837 5631 1043 5683 ὑπόντα
1075 5649 1133 5694 ς.
1214 5634 1257 5665 ³³
1295 5636 1652 5709 προϐάλλεται
1697 5657 1753 5702 ς.
1829 5637 1873 5670 ³⁵
1902 5635 2198 5701 ἐξοπλίζων
2237 5653 2296 5700 ς’.
2373 5635 2415 5668 ³⁵
2446 5633 2702 5706 οὐδεμίαν
2753 5650 2814 5697 ς’.
2889 5631 2934 5663 ³⁸
2964 5628 3265 5700 Χαλκηδόνι
3297 5644 3355 5691 ς.
3452 5623 3496 5658 ⁸⁷
3537 5621 3631 5675 αὖ·

378 5701 447 5783 τῇ
474 5700 540 5755 Λ.
621 5700 666 5732 ³⁸
698 5704 823 5766 τοὺς
851 5704 974 5759 add.
1007 5704 1073 5755 A.
