3972 6248
286 236 392 300 953

1292 248 1820 318 BIBLIOTHECA.
1852 284 1923 295 -
1947 259 2111 324 COD.
2151 263 2481 329 CCXXVII.

3421 278 3530 345 954

286 345 922 465 Ξύωᾶνὶάιῗντιρρητοις
965 350 1211 465 ἐλέγχοις
1241 359 1393 465 ’τοὺς
1428 363 2151 465 ἐπηρεαστάς-κατριισχύνει
2181 373 2274 426 καί
2301 374 2540 454 δείκνυσι
2585 379 2786 448 μᾶλλον
2839 381 3192 449 αὐτούςκαθ⁹
3222 387 3430 445 ἑαυτῶν
3493 394 3528 465 ἢ

287 438 428 547 add:
447 438 524 494 ὧν
550 442 928 547 παρετάξαντο
961 449 1093 547 καί
1126 452 1268 505 κατά
1315 453 1423 521 τῶν
1466 456 1636 524 ἁγίων
1687 459 1844 528 ἡμῶν
1890 459 2150 533 Πατέρων
2203 467 2236 538 ἢ
2276 451 2399 523 καθ’
2439 438 2597 542 ἡμῶν
2627 474 2864 546 πόλεμον
2896 438 3140 547 ἔχοντας,

355 532 523 644 (ἀῦτος
544 541 591 593 δ’
611 543 639 594 ὁ
661 543 718 593 ὲν
749 541 927 610 ἁγίοις
959 544 1213 613 Εὐλόγιος
1241 549 1616 622 πρεσϐυτέρου
1646 552 1855 624 βαθμὸν

2026 560 2290 619 Caeterum
2336 566 2426 623 hic
2471 567 2730 640 Eulogius
2778 571 2901 624 olim
2926 532 3246 627 "sacerdotii
3304 578 3530 644 gradum

284 630 344 683 ἐν
377 628 677 704 Ἀντιοχείᾳ
714 633 839 704 ἔσχε
865 635 925 688 τὸ
953 636 1235 709 πρότερον,
1283 639 1378 693 καὶ
1405 643 1573 714 μονῆς
1607 645 1854 716 ἡγήσατο

285 725 386 795 τῆς
418 725 690 794 παναγίας
714 728 976 782 Θεοτόκου
1012 730 1112 801 τῆς
1157 733 1457 807 λεγομένης
1484 735 1593 791 τῶν
1637 739 1862 793 Ἰουστι-

284 817 494 872 νιανοῦ.
525 819 872 874 Κατεϐάλετο
901 822 960 876 δὲ
989 824 1082 876 καὶ
1102 824 1299 895 ἑτέρας
1330 829 1431 882 οὐκ
1467 830 1682 898 ἀγενεῖς
1711 848 1857 902 πρα-

284 910 576 980 γματείας.
627 911 896 984 Ὕστερον
948 915 1133 986 μέντοι
1186 919 1282 974 καὶ
1319 920 1418 991 τῆς
1448 921 1860 995 Ἀλεξανδρείας

284 1003 577 1076 ἀρχιερεὺς
608 1005 1014 1077 ἐχρημάτισεν.⁴

994 1103 1162 1158 ΣΚΖ’.

537 1192 650 1248 Τοῦ
692 1195 882 1250 αὐτοῦ
918 1200 1373 1268 στηλιτευτικὸς
1404 1205 1611 1273 λόγος.

357 1281 702 1357 Ἀνεγνώσθη
767 1285 924 1357 λόγος
983 1291 1387 1361 στηλιτευτικὸς
1432 1294 1527 1347 τοῦ
1585 1296 1750 1351 αὐτοῦ
1799 1300 1861 1364 ὲν

285 1375 473 1445 ἁγίοις.
491 1376 683 1447 ἀνδρὸς
707 1378 852 1432 κατά
887 1380 988 1451 τῆς
1015 1384 1393 1455 γεγενημένης
1428 1389 1543 1450 τοῖς
1577 1387 1862 1444 Θεοδοσια·

285 1470 399 1530 νοίς
423 1484 485 1520 τε
508 1470 603 1522 καὶ
645 1469 920 1534 Γαϊνίταις
966 1475 1083 1538 τοῖς
1133 1475 1318 1540 αὐτοῖς
1357 1478 1652 1547 ἀκεφάλοις
1695 1499 1864 1554 προσ-

287 1560 486 1630 καίρου
531 1561 796 1626 ἑνὼσεως.
821 1557 980 1617 Οὗτοι
1008 1565 1118 1636 γὰρ
1163 1567 1494 1638 διιστάμενοι
1532 1572 1666 1644 πρὸς
1703 1575 1862 1648 ἀλλή-

285 1652 415 1715 λους
454 1653 742 1726 πρότερον,
771 1656 997 1729 ὕστερον
1018 1652 1094 1713 ὧν
1123 1661 1531 1733 ὑπερέθνησκον
1552 1665 1860 1736 δογμάτων,

285 1743 468 1798 ταῦτα
519 1745 807 1816 προδόντες
848 1749 1096 1818 ἀλλήλοις
1130 1753 1210 1814 εἰς
1247 1753 1513 1822 ἑνωτικήν
1551 1773 1673 1809 τινα
1727 1759 1864 1828 πρὸς

1959 650 2262 710 Antiochiae
2293 657 2486 712 habuit
2535 661 2791 727 primum,
2836 661 3112 732 iisdemque
3170 664 3346 719 solum
3390 669 3525 722 rexit

1961 744 2312 800 sanctissima:
2349 748 2590 818 Deiparte
2644 766 2762 820 qua:
2806 750 3109 808 Justiniana
3161 769 3528 827 nuncupatur.

1958 837 2258 908 Aggressus
2287 848 2371 895 est
2403 851 2459 895 et
2487 843 2591 896 alia
2623 859 2727 897 non
2775 844 3031 911 ignobilia
3069 862 3275 916 opera:
3313 852 3532 907 tandem

1959 933 2119 987 etiam
2151 933 2494 989 Alexandriae
2523 936 2717 1005 praesul
2750 939 3094 994 renuntiatus
3129 943 3254 1006 est.l

2593 1109 2894 1166 CCXXVII.

2237 1200 2452 1274 Eulogii
2487 1203 2723 1274 ejusdem
2752 1207 3004 1261 invectiva
3045 1209 3237 1260 oratio.

2033 1296 2197 1354 Lecta
2229 1308 2311 1354 est
2342 1299 2608 1356 invectiva
2637 1300 2882 1369 ejusdem
2918 1313 3109 1358 contra
3147 1303 3410 1359 unitatem
3438 1319 3535 1360 su-

1959 1392 2070 1447 bito
2095 1403 2335 1447 exortam
2358 1393 2516 1448 .inter
2546 1393 2976 1461 Theodosianos,
3021 1406 3076 1450 et
3130 1394 3374 1451 Cainitas
3412 1411 3536 1450 ace-

1960 1484 2168 1554 phalos.
2197 1485 2260 1539 Hi
2286 1485 2429 1540 enim
2461 1486 2692 1553 primum
2735 1486 2876 1540 inter
2912 1502 2970 1540 se
3001 1501 3122 1540 cum
3160 1486 3532 1550 dissedissent,

1961 1580 2300 1648 postmodum
2323 1593 2386 1632 ea
2438 1592 2552 1646 quae
2580 1579 2646 1633 ad
2681 1593 2866 1632 necem
2894 1577 3253 1633 defendebant
3283 1578 3533 1647 dogmata

1961 1669 2192 1724 invicem
2223 1669 2519 1733 tradentes,
2546 1668 2608 1722 in
2654 1684 2838 1732 unam,
2871 1669 2962 1722 sed
2995 1669 3210 1722 brevem
3246 1668 3534 1738 quamdam

1963 1759 2342 1826 conspirarunt
2399 1758 2756 1826 impietatem.-
2818 1757 2945 1812 lnde
3003 1757 3196 1811 iterum
3250 1755 3432 1811 refusa
3480 1757 3534 1809 in

285 1834 474 1902 ὀλίγον
501 1836 548 1870 ³³
605 1837 866 1893 ἀσέϐειαν
900 1840 1296 1913 συνεχύθησαν,
1341 1845 1552 1900 ἐκεῖθεν
1598 1846 1656 1900 δὲ
1701 1848 1862 1902 πάλιν

1974 1847 2197 1914 priorem
2256 1846 2584 1916 impietatem
2626 1862 2753 1916 pars
2788 1856 3050 1916 utraque,
3081 1848 3539 1901 discesseruntad

286 1928 656 1999 ἀναχυθέντες
687 1933 770 1993 εἰς
800 1931 902 2003 τὴν
933 1933 1207 2004 προτέραν
1242 1936 1500 1992 ἀσέϐειαν
1540 1939 1700 2012 μερὶς
1728 1941 1860 1995 ἑκασ-

285 2019 450 2085 τέρα,
509 2018 570 2084 ἐξ
610 2013 685 2073 ὧν
736 2021 1117 2094 ωνεφύρησαν
1145 2065 1161 2089 ,
1204 2026 1557 2100 διῃρέθησαν.
1621 2030 1864 2104 Ἐλέγχει

286 2115 473 2166 τοίνυν
498 2113 558 2166 ἐν
586 2114 725 2184 τῷδε
750 2115 828 2187 τῷ
859 2117 1172 2190 βιϐλιδαρίῳ
1201 2121 1300 2192 τὴν
1325 2122 1642 2180 δυσσέϐειαν
1664 2129 1863 2194 αὐτῶν,

287 2205 390 2257 καὶ
424 2203 695 2259 δείκνυσιν
753 2209 944 2278 ὅτιπερ
981 2211 1080 2281 οὐχ
1115 2211 1190 2274 ῶς
1234 2215 1464 2279 ἐκείνοις
1498 2215 1676 2285 ἔδοξεν
1721 2221 1865 2274 οίκο-

288 2294 488 2361 νομίαν
528 2294 574 2326 ⁸⁸
618 2296 804 2360 αὐτοῖς
836 2302 870 2369 ἡ
916 2297 1108 2363 ἓνωσις
1157 2301 1531 2373 ἐξειργάσατο,
1580 2307 1695 2361 ἀλλ’
1735 2308 1866 2380 ὅλης

287 2384 476 2438 αὐτῶν
522 2386 622 2456 τῆς
675 2387 909 2453 πίστεως
949 2391 1240 2462 προδοσίαν
1274 2395 1868 2471 ὲμεθώδευσε.Διαιρεῖ

286 2478 352 2532 δὲ
395 2478 490 2531 καὶ
534 2479 595 2533 τὸ
630 2481 734 2548 τῆς
786 2483 1096 2553 οἰκονομίας
1142 2481 1304 2552 εἶδος,
1345 2489 1481 2560 ὅπερ
1535 2493 1568 2562 ἡ
1603 2491 1697 2545 τοῦ
1729 2493 1865 2548 Θεοῦ

288 2567 435 2624 οἶδεν
473 2571 790 2642 Ἐκκλησία,
816 2575 966 2645 τρισὶ
1009 2575 1311 2648 διαφοραῖς,
1345 2582 1438 2634 καὶ
1465 2581 1547 2646 ὡς
1591 2584 1734 2638 κατά
1761 2603 1866 2657 μη-

287 2663 490 2733 δεμίαν
527 2665 640 2719 τῶν
667 2665 837 2735 τριῶν
895 2669 1163 2738 προῆλθον
1202 2671 1387 2735 αὐτοῖς
1419 2673 1499 2736 είς
1526 2674 1626 2746 τὴν
1657 2693 1869 2746 συμπε-

291 2757 582 2828 φυρμένην
631 2758 910 2825 ἀσέϐειαν,
949 2763 1182 2814 ποιεῖται
1213 2763 1306 2816 τὸν
1356 2764 1600 2836 ἔλεγχον,
1653 2771 1709 2822 αἱ
1757 2769 1868 2822 τῶν

289 2845 554 2914 ἀκράτων
615 2849 800 2911 αὐτοῖς
847 2847 1272 2920 δυσσεϐημάτων
1346 2856 1571 2909 σπονδαὶ
1606 2857 1688 2922 “,
1751 2859 1868 2914 ἀλλ’

293 2935 400 3003 (ὡς
441 2935 675 3006 ἔφημεν)
727 2940 828 3009 τῆς
881 2937 1015 3008 ὅλης
1065 2939 1243 2994 αὐτῶν
1285 2940 1582 3014 θρησκείας
1635 2945 1872 3017 ἑκατέρα

295 3026 461 3096 μερὶς
479 3027 567 3079 ἐπ’
591 3026 817 3096 ὀνόματι
845 3027 944 3097 τῆς
973 3028 1222 3092 ὲνώσεως
1268 3031 1558 3102 προδοσίαν
1587 3035 1682 3086 καὶ
1709 3035 1868 3106 ἐξάρ-

295 3135 458 3187 νησιν
478 3118 830 3189 διεπράξατο.
863 3119 978 3173 Καὶ
1018 3120 1236 3190 πρῶτον
1279 3122 1378 3192 μέν
1407 3139 1573 3192 φησιν
1612 3125 1689 3188 ὡς
1715 3127 1745 3178 ὁ
1771 3128 1872 3196 τῆς

1962 1952 2056 1994 eas
2088 1952 2152 1992 ex
2183 1937 2380 2008 quibus
2423 1939 2476 1993 in
2509 1955 2673 1993 unum
2704 1940 3044 2005 coaluerant,
3081 1940 3388 2009 opiniones.
3429 1939 3536 1994 Os-

1963 2029 2134 2084 tendit
2162 2029 2326 2100 igitur
2362 2030 2506 2100 quod
2535 2045 2640 2085 non
2672 2040 2730 2085 ut
2753 2031 2861 2086 illis
2891 2031 3068 2086 visum
3099 2039 3206 2096 est,
3230 2031 3360 2101 ipsis
3391 2037 3539 2085 oeco—

1965 2123 2200 2176 nomiam
2237 2121 2350 2192 (66)
2397 2137 2494 2177 sua
2546 2123 2724 2179 unitas
2765 2132 2985 2191 operata
3021 2133 3107 2177 est
3145 2139 3160 2178 :
3215 2121 3308 2177 sed
3359 2122 3538 2190 potius

1965 2210 2088 2265 ﬁdei
2117 2211 2324 2266 illorum
2368 2213 2728 2280 proditionem
2773 2214 3040 2282 integram
3083 2213 3411 2282 propalavit.
3445 2213 3536 2266 Di-

1965 2302 2096 2354 vidit
2145 2311 2324 2356 autem
2370 2304 2686 2358 oeconomiae
2717 2305 2995 2373 Speciem,
3033 2319 3193 2372 quam
3246 2303 3338 2358 Dei
3387 2305 3540 2358 novit

1967 2391 2203 2448 Ecclesia
2234 2392 2372 2465 (67),
2410 2395 2580 2449 tribus
2624 2394 2944 2450 dill'erentiis
2991 2412 3006 2449 :
3059 2396 3339 2465 arguitque
3400 2409 3537 2449 conv

1967 2494 2047 2539 tra
2085 2486 2518 2554 conduplicatam
2549 2501 2735 2540 eorum
2766 2487 3126 2556 impietatem,
3159 2489 3303 2556 quod
3341 2501 3539 2541 secun-

1967 2577 2092 2630 dum
2115 2577 2310 2631 nullam
2342 2577 2503 2632 trium
2533 2577 2742 2631 illarum
2769 2583 3123 2648 procederent
3154 2579 3288 2632 inita
3316 2578 3386 2631 ab
3406 2577 3538 2646 ipsis

1969 2667 2293 2721 immortalia
2350 2668 2643 2738 impietatis
2695 2668 2901 2723 hedera
2948 2688 2962 2724 :
3021 2670 3115 2725 sed
3164 2679 3221 2724 ut
3270 2669 3533 2733 diximus,

1969 2756 2234 2810 universa:
2285 2770 2476 2810 eorum
2525 2757 2803 2828 religionis
2833 2770 3064 2827 utraque
3115 2774 3287 2828 pars;
3321 2758 3540 2814 nomine

1970 2846 2192 2902 unitatis
2249 2847 2606 2917 proditionem
2663 2851 3117 2920 negationemque
3177 2850 3537 2920 perpetravit.

1969 2938 2037 2993 Et
2083 2941 2260 3009 primo
2306 2942 2522 3010 quidem
2577 2942 2654 2996 ait
2688 2945 2830 3012 quod
2867 2947 3187 3001 mconomia:
3236 2944 3376 2999 ratio
3430 2959 3540 2998 non

1969 3030 2162 3085 obvios
2181 3045 2425 3101 quosque
2449 3033 2524 3087 rei
2547 3034 2918 3102 speculatores
2946 3045 2999 3088 et
3021 3035 3255 3090 arbitros
3276 3035 3538 3099 admittit,

1973 3123 2066 3177 sed
2099 3121 2304 3178 Christi
2332 3125 2613 3180 ministros
2643 3134 2803 3195 atque
2835 3127 3242 3206 dispensatores
3267 3129 3544 3198 mysterio.

292 3210 618 3280 οἰκονομίας
665 3211 822 3278 λόγος
887 3210 948 3262 οὐ
997 3211 1067 3264 τά
1111 3211 1347 3282 τυχόντα
1402 3214 1511 3268 τῶν
1563 3215 1870 3285 προσώπων

1974 3229 2092 3268 rum
2137 3214 2230 3269 Dei
2276 3229 2332 3270 et
2371 3215 2568 3283 quibus
2617 3218 3004 3286 pontiﬁcalium
3047 3220 3364 3272 thronorum
3398 3217 3545 3288 leges

295 3303 549 3364 ἐπόπτας
577 3303 672 3355 καὶ
700 3301 981 3373 διαιτητὰς
1025 3301 1240 3367 καθίζει
1281 3305 1383 3373 τῆς
1413 3305 1684 3376 πράξεως,
1737 3307 1874 3362 ἀλλά

295 3396 431 3458 τοὺς
481 3395 765 3466 ὑπηρέτας
825 3395 1064 3466 Χριστοῦ
1103 3398 1198 3449 καὶ
1249 3398 1571 3469 οἰκονόμους
1620 3399 1732 3454 τῶν
1779 3400 1874 3454 τοῦ

297 3487 443 3542 Θεοῦ
477 3488 816 3558 μυστηρίων,
845 3490 940 3541 καὶ
977 3485 1059 3552 οἷς
1089 3488 1198 3542 τῶν
1241 3489 1643 3559 ἀρχιερατικῶν
1673 3489 1877 3562 θρόνων

297 3583 351 3635 οἰ
397 3581 556 3650 νόμοι
589 3579 1114 3649 κατεπιστεύθησαν,
1147 3577 1276 3651 [772
1307 3579 1400 3652 3.]
1429 3573 1504 3633 ὧν
1534 3583 1567 3651 ἡ
1609 3581 1876 3654 λεγομένη

299 3674 413 3726 τῶν
442 3672 706 3726 Γαῖνιτῶν
740 3671 838 3725 καὶ
864 3672 1228 3726 Θεοδοσιανῶν
1254 3672 1447 3735 ἓνωσις
1470 3673 1661 3726 οὐδένα
1689 3675 1879 3742 ἐγίνω-

303 3782 460 3819 σκεν.
490 3766 720 3818 Ἔπειτα
751 3764 808 3817 δὲ
855 3765 975 3817 τότε
1003 3765 1102 3827 τὰς
1133 3764 1444 3833 οἰκονομίας
1466 3767 1495 3818 ὁ
1528 3765 1686 3835 ὀρθὸς
1723 3765 1879 3835 λόγος

305 3858 774 3930 μεταχειρίζεται,
800 3857 887 3909 ὅτε
925 3855 989 3908 τὸ
1039 3857 1217 3927 δόγμα
1249 3856 1351 3926 τῆς
1396 3857 1680 3921 εὐσεϐείας
1726 3858 1880 3912 οὐδὲν

301 3946 761 4017 παραϐλάπτεται
783 3962 797 3976 ⁸
839 3946 1046 4001 ἐκείνου
1079 3947 1189 4017 γὰρ
1229 3947 1506 4019 ἀκηράτου
1540 3949 1636 4002 καὶ
1663 3950 1883 4020 ἀκαπη-

302 4039 502 4093 λεύτου
549 4038 822 4108 μένοντος,
859 4039 892 4109 ἡ
937 4038 1221 4108 οἰκονομία
1259 4039 1388 4109 περί
1435 4055 1490 4092 τι
1521 4039 1632 4093 τῶν
1677 4039 1878 4107 ἔξωθεν

304 4131 476 4186 αὐτοῦ
522 4129 704 4200 χώραν
744 4130 990 4202 εὑρίσκει
1015 4129 1062 4161 ’⁵³
1095 4129 1468 4185 συνίστασθαι.
1513 4130 1781 4195 Πολλάκις
1820 4132 1880 4186 δέ

303 4241 390 4286 τις
412 4223 508 4276 καὶ⁵
528 4222 862 4293 πρόσκαιρος
887 4222 1168 4293 οἰκονομία
1185 4222 1522 4293 προελήλυθε
1539 4224 1676 4294 πρὸς
1707 4223 1878 4295 βραχύ

306 4334 360 4368 τι
387 4317 498 4368 τῶν
544 4316 647 4368 οὐκ
684 4315 1008 4384 ὀφειλόντων
1043 4313 1387 4384 ἀνασχομένη
1427 4315 1524 4367 καὶ
1571 4315 1808 4381 στέξασα
1831 4314 1882 4347 ⁸³

307 4409 406 4462 ἐπὶ
436 4407 517 4477 τῷ
543 4407 592 4439 ⁸⁸
626 4407 872 4478 διηνεκὲς
903 4406 1004 4477 μὲν
1035 4409 1129 4460 καὶ
1154 4406 1452 4475 ἀκλόνητον
1473 4407 1571 4478 τὴν
1598 4409 1882 4462 εὐσέϐειαν

308 4498 610 4552 ἀπολαϐεῖν
656 4497 720 4550 τὸ
769 4498 1008 4569 κράτος,
1041 4499 1345 4552 ὑπεκλῦσαι
1381 4497 1441 4551 δὲ
1489 4500 1585 4553 καὶ
1637 4499 1736 4562 τὰς
1771 4500 1882 4553 τῶν

1975 3307 2344 3360 crediderunt.
2380 3306 2457 3359 De
2492 3306 2686 3375 quibus
2713 3307 2824 3377 jam
2854 3307 2996 3360 dicta
3022 3305 3251 3362 Cainitis
3275 3321 3338 3359 ac
3364 3305 3544 3358 Theo-

1975 3399 2216 3454 dosianis
2245 3399 2424 3453 unitas
2458 3399 2728 3452 neminem
2763 3399 3000 3468 agnovit.
3027 3397 3172 3452 Sane
3196 3412 3263 3451 ex
3294 3406 3423 3453 tunc
3462 3397 3545 3452 di-

1976 3497 2123 3543 recta
2162 3488 2228 3542 de
2281 3487 2395 3556 ipsa
2458 3487 2836 3540 incarnatione
2873 3487 3052 3540 oratio
3105 3486 3410 3550 inchoatur,
3451 3487 3544 3542 ubi

1971 3578 2082 3648 jam
2118 3580 2309 3648 dogma
2347 3579 2566 3646 pietatis
2617 3591 2724 3632 non
2759 3577 2994 3632 laeditur.
3041 3576 3136 3630 Illo
3176 3579 3322 3633 enim
3361 3579 3546 3632 incor-

1975 3679 2138 3740 rupto
2159 3685 2224 3724 ac
2255 3669 2468 3726 sincero
2499 3680 2870 3739 permanente,
2897 3669 3204 3724 incarnatio
3236 3684 3342 3723 non
3369 3679 3549 3739 potest

1978 3765 2123 3818 circa
2157 3762 2360 3832 aliquid
2395 3772 2699 3829 externum,
2731 3762 2906 3816 eidem
2941 3763 2992 3816 in
3028 3777 3137 3830 quo
3175 3762 3332 3816 sistat
3359 3761 3540 3816 locum

1979 3858 2239 3927 reperire.
2265 3856 2648 3926 Saepenumero
2677 3855 2822 3908 enim
2848 3854 3026 3923 aliqua
3053 3853 3376 3922 temporaria
3400 3867 3551 3908 (nco-

1979 3953 2162 4007 nomia
2207 3951 2274 4005 ad
2305 3951 2468 4005 breve
2501 3959 2712 4018 tempus
2760 3947 2957 4016 prodiit
3001 3945 3202 4015 aliquid
3249 3945 3546 3999 indebitum

1983 4043 2222 4097 tolerans
2251 4050 2305 4094 et
2327 4039 2678 4107 amplectens,
2708 4048 2765 4090 ut
2807 4036 3122 4092 continuum
3171 4044 3225 4088 et
3267 4035 3552 4090 inconcus-

1980 4149 2100 4188 sum
2147 4134 2312 4187 robur
2371 4130 2542 4200 pietas
2598 4129 2892 4196 acciperet,
2941 4136 2996 4182 et
3048 4126 3114 4180 ad
3178 4125 3553 4180 dissolvendos

1981 4223 2176 4296 2441)
2223 4239 2409 4278 eorum
2444 4223 2538 4292 qui
2591 4221 2805 4276 veritati
2843 4221 3244 4276 insidiabantur
3287 4219 3550 4274 insultus:

1982 4320 2073 4385 qui
2110 4316 2326 4384 quidem
2358 4327 2609 4381 magnam
2651 4311 2849 4365 illaturi
2886 4311 3183 4381 perniciem
3217 4311 3325 4364 lata
3357 4323 3552 4363 omnes

1983 4408 2069 4461 via
2108 4417 2524 4478 prorumpentes
2556 4403 2705 4475 (dum
2766 4404 2981 4482 interim
3031 4401 3284 4456 Ecclesia:
3310 4408 3552 4455 rectores

1985 4501 2054 4554 de
2113 4508 2365 4552 accurata
2417 4497 2647 4550 veritate
2702 4487 2837 4548 niliil
2899 4493 3190 4562 quidquam
3248 4491 3555 4556 remittunt)

313 4591 736 4663 σκευωρούντων
759 4591 901 4646 κατά
928 4594 1029 4657 τῆς
1065 4592 1324 4662 ἀληθείας
1363 4591 1560 4662 ὁρμὰς,
1599 4591 1656 4646 αἶ
1691 4592 1870 4646 πολλαί

1987 4605 2102 4644 rem
2132 4600 2295 4645 totam
2322 4591 2527 4656 absque
2558 4586 2926 4641 controversia
2952 4584 3273 4638 effecerunt.
3299 4581 3388 4636 Sic
3418 4581 3556 4635 Pau-

315 4687 616 4758 φερόμεναι
643 4689 708 4757 τῇ
754 4687 901 4757 ῥύμῃ
934 4686 1078 4757 μέγα
1103 4687 1150 4720 ⁸⁵
1195 4704 1249 4738 τι
1306 4686 1478 4740 κακὸν
1517 4685 1877 4757 ἐργάσασθαι,

321 4778 398 4847 μὴ
427 4777 565 4847 πρὸς
597 4775 771 4846 βραχύ
814 4794 868 4830 τι
903 4776 1014 4830 τῶν
1038 4777 1137 4848 τὴν
1174 4776 1502 4848 Ἐκκλησίαν
1531 4777 1882 4846 οἰκονομοῦν-

317 4884 429 4924 των
463 4869 870 4936 ὐπενδιδόντων,
903 4874 1162 4942 παρεῖχον
1183 4871 1245 4925 τὺ
1273 4870 1663 4941 ἀναμφίϐολον.
1696 4872 1884 4938 Οὕτως

395 4982 760 5086 ³ΡεεΙ..ιχνι,
789 4981 843 5036 1.
917 4983 939 5013 ³
972 4983 1134 5038 Eccli.
1168 4999 1279 5048 xu,
1304 4984 1387 5038 15.

1987 4683 2070 4735 lus
2102 4692 2320 4749 propter
2347 4676 2684 4732 inevitabiles
2715 4674 3024 4729 Judaeorum
3077 4674 3298 4727 insidias
3348 4681 3402 4726 et
3431 4687 3559 4740 pro-

1988 4787 2110 4844 pter
2142 4773 2459 4829 deiectionis
2487 4772 2802 4825 occasiones
2821 4769 3163 4824 Timotheum
3195 4767 3557 4822 circumcidit.

1988 4867 2265 4922 Tondetur
2294 4875 2348 4921 et
2377 4867 2492 4934 ipse
2523 4871 2704 4934 caput,
2741 4872 2795 4917 et
2834 4860 3166 4932 puriﬁeatur,
3200 4861 3293 4931 qui
3336 4861 3404 4934 ad
3450 4858 3561 4915 Ga-

1587 5093 1821 5148 vamm
1862 5057 2263 5148 LECTtoNEs.

394 5190 438 5222 "
471 5189 609 5259 πρὸς
634 5188 815 5260 ὀλίγον
843 5205 984 5245 corr.
1012 5190 1058 5243 A
1091 5208 1105 5244 :
1140 5189 1245 5260 πρὸ
1283 5190 1483 5258 ὀλίγων
1516 5209 1576 5255 ς.
1651 5190 1696 5221 ⁶⁰
1727 5192 1870 5244 οἰκον

1974 5188 2058 5260 αν]
2090 5189 2161 5242 cf.
2189 5186 2331 5260 Elias
2361 5181 2600 5260 Veielius
2629 5181 2706 5260 Ade
2735 5181 2900 5260 variis
2929 5177 3242 5260 (economim
3268 5191 3436 5260 sacrae
3470 5191 3564 5260 ge-

324 5253 563 5331 neribus.
636 5259 680 5331 ξι
702 5253 923 5331 σπονδαί
957 5275 1099 5315 corr.
1132 5253 1217 5315 A':
1261 5253 1485 5314 σπουδαὶ
1521 5253 1580 5325 ξ.
1639 5260 1682 5331 δέ
1721 5261 1870 5328 εὐρίο

1974 5260 1986 5331 ]
2025 5253 2123 5329 όύχ
2149 5257 2392 5328 εὑρίσκει
2432 5268 2490 5307 rc
2516 5253 2561 5305 A
2591 5258 2645 5306 et
2673 5269 2732 5316 ς.

2826 5251 2872 5282 ⁵³
2903 5251 2996 5303 καὶ
3023 5249 3253 5314 στέξασα
3282 5248 3328 5299 Α
3360 5263 3372 5299 :
3408 5248 3566 5316 στέρ-

241 5393 254 5407 ,
294 5330 461 5398 ,ξασα
484 5347 544 5395 ς.
621 5329 669 5363 ⁸⁸
687 5329 764 5400 τῷ
788 5331 1028 5399 Scaliger
1059 5348 1073 5384 :
1109 5332 1231 5386 libri
1269 5331 1352 5385 τό.
1432 5332 1477 5363 ⁸⁵
1511 5329 1676 5401 μέγα]
1716 5333 1810 5383 καὶ
1842 5349 1870 5399 μ

1974 5329 2081 5384 ΞΑ.

1795 5420 2026 5477 NOTAE.

398 5512 506 5582 (66)
541 5513 968 5570 lncarnationem
986 5531 1064 5571 sc.
1087 5517 1190 5571 hoc
1219 5513 1357 5580 loco,
1380 5513 1767 5568 incarnationis
1793 5529 1890 5568 ex-

329 5585 673 5656 positionem.

402 5653 512 5716 (67)
536 5655 708 5717 Quam
731 5653 875 5710 novit
901 5669 1019 5711 esse
1040 5654 1206 5712 divini
1223 5652 1383 5710 Verbi
1407 5653 1889 5724 dispensationem,

1998 5527 2102 5580 qua
2135 5526 2240 5565 una
2276 5523 2410 5564 voce
2460 5505 2936 5580 comprehenditur
2965 5501 3212 5580 ejusdem
3244 5501 3409 5580 Verbi
3445 5515 3566 5580 per-

1998 5571 2200 5638 sonalis
2244 5580 2432 5635 missio
2473 5571 2921 5634 seu'incarnatio,
2957 5571 3012 5630 et
3043 5572 3355 5630 doctrinalis
3397 5571 3568 5641 ipsius

1998 5651 2305 5710 distributio
2329 5658 2493 5720 atque
2521 5644 2942 5702 administratio.
