  <div class='ocr_page' id='page_1' title='image "/cluster/home/n/w/nwhite01/storage/ocr_20150623/103 pt.3/mdp.39015061933738/495.png"; bbox 0 0 3972 6248; ppageno 0'>
   <div class='ocr_carea' id='block_1_1' title="bbox 397 231 505 295">
    <p class='ocr_par' dir='ltr' id='par_1_1' title="bbox 397 231 505 295">
     <span class='ocr_line' id='line_1_1' title="bbox 397 231 505 295; baseline 0.009 -1"><span class='ocrx_word' id='word_1_1' title='bbox 397 231 505 295; x_wconf 80' lang='grc'>955</span> 
     </span>
    </p>
   </div>
   <div class='ocr_carea' id='block_1_2' title="bbox 1541 230 2488 292">
    <p class='ocr_par' dir='ltr' id='par_1_2' title="bbox 1541 230 2488 292">
     <span class='ocr_line' id='line_1_2' title="bbox 1541 230 2488 292; baseline 0.002 -2"><span class='ocrx_word' id='word_1_2' title='bbox 1541 230 1809 291; x_wconf 86' lang='grc' dir='ltr'>ΡΗΟΤΙΙ</span> <span class='ocrx_word' id='word_1_3' title='bbox 1837 231 2344 291; x_wconf 71' lang='grc' dir='ltr'>ΡΑΤΒΙΑΒΟΗΛΞ</span> <span class='ocrx_word' id='word_1_4' title='bbox 2375 231 2488 292; x_wconf 85' lang='lat' dir='ltr'>CP.</span> 
     </span>
    </p>
   </div>
   <div class='ocr_carea' id='block_1_3' title="bbox 3540 227 3647 295">
    <p class='ocr_par' dir='ltr' id='par_1_3' title="bbox 3540 227 3647 295">
     <span class='ocr_line' id='line_1_3' title="bbox 3540 227 3647 295; baseline 0.009 -1"><span class='ocrx_word' id='word_1_5' title='bbox 3540 227 3647 295; x_wconf 80' lang='lat'>956</span> 
     </span>
    </p>
   </div>
   <div class='ocr_carea' id='block_1_4' title="bbox 397 335 1973 408">
    <p class='ocr_par' dir='ltr' id='par_1_4' title="bbox 397 335 1958 408">
     <span class='ocr_line' id='line_1_4' title="bbox 397 335 1958 408; baseline -0.001 -16"><span class='ocrx_word' id='word_1_6' title='bbox 397 339 535 394; x_wconf 84' lang='lat' dir='ltr'><strong>latas</strong></span> <span class='ocrx_word' id='word_1_7' title='bbox 568 336 850 394; x_wconf 83' lang='lat' dir='ltr'><strong>scribens:</strong></span> <span class='ocrx_word' id='word_1_8' title='bbox 877 335 1012 392; x_wconf 74' lang='lat' dir='ltr'><strong>Ecce</strong></span> <span class='ocrx_word' id='word_1_9' title='bbox 1031 352 1125 408; x_wconf 82' lang='lat' dir='ltr'><strong>ego</strong></span> <span class='ocrx_word' id='word_1_10' title='bbox 1153 335 1354 391; x_wconf 86' lang='lat' dir='ltr'><strong>Paulus</strong></span> <span class='ocrx_word' id='word_1_11' title='bbox 1385 339 1504 392; x_wconf 90' lang='lat' dir='ltr'><strong>dico</strong></span> <span class='ocrx_word' id='word_1_12' title='bbox 1535 339 1958 404; x_wconf 81' lang='lat' dir='ltr'><strong>uobis,quoniam</strong></span> 
     </span>
    </p>
   </div>
   <div class='ocr_carea' id='block_1_5' title="bbox 2083 335 3649 408">
    <p class='ocr_par' dir='ltr' id='par_1_5' title="bbox 2085 335 3649 400">
     <span class='ocr_line' id='line_1_5' title="bbox 2085 335 3649 400; baseline 0.001 -9"><span class='ocrx_word' id='word_1_13' title='bbox 2085 340 2113 391; x_wconf 85' lang='grc' dir='ltr'><strong>ὁ</strong></span> <span class='ocrx_word' id='word_1_14' title='bbox 2157 337 2367 400; x_wconf 79' lang='grc' dir='ltr'>Παῦλος</span> <span class='ocrx_word' id='word_1_15' title='bbox 2395 337 2484 390; x_wconf 81' lang='grc' dir='ltr'>διὰ</span> <span class='ocrx_word' id='word_1_16' title='bbox 2531 336 2629 400; x_wconf 80' lang='grc' dir='ltr'>τὰς</span> <span class='ocrx_word' id='word_1_17' title='bbox 2682 336 2789 391; x_wconf 91' lang='grc' dir='ltr'>τῶν</span> <span class='ocrx_word' id='word_1_18' title='bbox 2839 335 3106 391; x_wconf 77' lang='grc' dir='ltr'>Ἰουδαίων</span> <span class='ocrx_word' id='word_1_19' title='bbox 3137 335 3478 400; x_wconf 87' lang='grc' dir='ltr'>ἀκαθέκτους</span> <span class='ocrx_word' id='word_1_20' title='bbox 3527 337 3649 392; x_wconf 73' lang='grc' dir='ltr'>ἐπι-</span> 
     </span>
    </p>
   </div>
   <div class='ocr_carea' id='block_1_6' title="bbox 395 428 1970 499">
    <p class='ocr_par' dir='ltr' id='par_1_6' title="bbox 395 428 1970 499">
     <span class='ocr_line' id='line_1_6' title="bbox 395 428 1970 499; baseline -0.001 -15"><span class='ocrx_word' id='word_1_21' title='bbox 395 431 442 484; x_wconf 88' lang='lat' dir='ltr'>si</span> <span class='ocrx_word' id='word_1_22' title='bbox 484 430 951 494; x_wconf 85' lang='lat' dir='ltr'><strong>circumcidamini,</strong></span> <span class='ocrx_word' id='word_1_23' title='bbox 995 428 1237 483; x_wconf 76' lang='lat' dir='ltr'>Christus</span> <span class='ocrx_word' id='word_1_24' title='bbox 1290 431 1430 484; x_wconf 81' lang='lat' dir='ltr'><strong>vobis</strong></span> <span class='ocrx_word' id='word_1_25' title='bbox 1487 432 1616 484; x_wconf 85' lang='lat' dir='ltr'><strong>nihil</strong></span> <span class='ocrx_word' id='word_1_26' title='bbox 1663 432 1894 499; x_wconf 85' lang='lat' dir='ltr'><strong>proderit</strong></span> <span class='ocrx_word' id='word_1_27' title='bbox 1923 441 1970 483; x_wconf 68' lang='lat' dir='ltr'>tt.</span> 
     </span>
    </p>
   </div>
   <div class='ocr_carea' id='block_1_7' title="bbox 398 518 1975 588">
    <p class='ocr_par' dir='ltr' id='par_1_7' title="bbox 398 518 1975 588">
     <span class='ocr_line' id='line_1_7' title="bbox 398 518 1975 588; baseline 0.001 -16"><span class='ocrx_word' id='word_1_28' title='bbox 398 519 508 573; x_wconf 84' lang='lat' dir='ltr'><strong>Sed</strong></span> <span class='ocrx_word' id='word_1_29' title='bbox 571 518 712 574; x_wconf 87' lang='lat' dir='ltr'><strong>hanc</strong></span> <span class='ocrx_word' id='word_1_30' title='bbox 763 520 1174 588; x_wconf 86' lang='lat' dir='ltr'><strong>praceptionem</strong></span> <span class='ocrx_word' id='word_1_31' title='bbox 1237 521 1302 574; x_wconf 87' lang='lat' dir='ltr'>ad</span> <span class='ocrx_word' id='word_1_32' title='bbox 1353 524 1518 576; x_wconf 86' lang='lat' dir='ltr'>breve</span> <span class='ocrx_word' id='word_1_33' title='bbox 1587 529 1800 588; x_wconf 79' lang='lat' dir='ltr'>tempus</span> <span class='ocrx_word' id='word_1_34' title='bbox 1845 536 1975 575; x_wconf 75' lang='lat' dir='ltr'><strong>con-</strong></span> 
     </span>
    </p>
   </div>
   <div class='ocr_carea' id='block_1_8' title="bbox 399 608 1974 678">
    <p class='ocr_par' dir='ltr' id='par_1_8' title="bbox 399 608 1974 678">
     <span class='ocr_line' id='line_1_8' title="bbox 399 608 1974 678; baseline 0.002 -15"><span class='ocrx_word' id='word_1_35' title='bbox 399 608 605 674; x_wconf 91' lang='lat' dir='ltr'><strong>stituit,</strong></span> <span class='ocrx_word' id='word_1_36' title='bbox 637 609 1088 678; x_wconf 89' lang='lat' dir='ltr'><strong>quemadmodum</strong></span> <span class='ocrx_word' id='word_1_37' title='bbox 1115 619 1171 664; x_wconf 90' lang='lat' dir='ltr'>et</span> <span class='ocrx_word' id='word_1_38' title='bbox 1191 613 1617 678; x_wconf 83' lang='lat' dir='ltr'><strong>experimentum</strong></span> <span class='ocrx_word' id='word_1_39' title='bbox 1655 611 1834 666; x_wconf 84' lang='lat' dir='ltr'><strong>docet.</strong></span> <span class='ocrx_word' id='word_1_40' title='bbox 1871 610 1974 666; x_wconf 85' lang='lat' dir='ltr'>Per</span> 
     </span>
    </p>
   </div>
   <div class='ocr_carea' id='block_1_9' title="bbox 401 698 1961 770">
    <p class='ocr_par' dir='ltr' id='par_1_9' title="bbox 401 698 1961 770">
     <span class='ocr_line' id='line_1_9' title="bbox 401 698 1961 770; baseline 0.001 -17"><span class='ocrx_word' id='word_1_41' title='bbox 401 699 580 754; x_wconf 87' lang='lat' dir='ltr'><strong>omnia</strong></span> <span class='ocrx_word' id='word_1_42' title='bbox 614 698 759 753; x_wconf 92' lang='lat' dir='ltr'><strong>enim</strong></span> <span class='ocrx_word' id='word_1_43' title='bbox 809 709 864 754; x_wconf 90' lang='lat' dir='ltr'>et</span> <span class='ocrx_word' id='word_1_44' title='bbox 913 711 1176 770; x_wconf 89' lang='lat' dir='ltr'><strong>perpetuo</strong></span> <span class='ocrx_word' id='word_1_45' title='bbox 1213 701 1454 757; x_wconf 86' lang='lat' dir='ltr'>Ecclesia</span> <span class='ocrx_word' id='word_1_46' title='bbox 1485 702 1778 757; x_wconf 83' lang='lat' dir='ltr'><strong>seditiones</strong></span> <span class='ocrx_word' id='word_1_47' title='bbox 1809 701 1961 768; x_wconf 85' lang='lat' dir='ltr'><strong>vitat,</strong></span> 
     </span>
    </p>
   </div>
   <div class='ocr_carea' id='block_1_10' title="bbox 400 797 1066 866">
    <p class='ocr_par' dir='ltr' id='par_1_10' title="bbox 400 797 1066 866">
     <span class='ocr_line' id='line_1_10' title="bbox 400 797 1066 866; baseline 0.003 -13"><span class='ocrx_word' id='word_1_48' title='bbox 400 807 457 853; x_wconf 90' lang='lat' dir='ltr'>et</span> <span class='ocrx_word' id='word_1_49' title='bbox 488 797 854 866; x_wconf 83' lang='lat' dir='ltr'><strong>integritatem</strong></span> <span class='ocrx_word' id='word_1_50' title='bbox 885 809 1066 855; x_wconf 88' lang='lat' dir='ltr'><strong>curat.</strong></span> 
     </span>
    </p>
   </div>
   <div class='ocr_carea' id='block_1_11' title="bbox 2082 427 3655 500">
    <p class='ocr_par' dir='ltr' id='par_1_11' title="bbox 2082 427 3655 500">
     <span class='ocr_line' id='line_1_11' title="bbox 2082 427 3655 500; baseline -0.001 -18"><span class='ocrx_word' id='word_1_51' title='bbox 2082 429 2277 493; x_wconf 81' lang='grc' dir='ltr'>ϐουλάς</span> <span class='ocrx_word' id='word_1_52' title='bbox 2325 430 2420 483; x_wconf 74' lang='grc' dir='ltr'>καὶ</span> <span class='ocrx_word' id='word_1_53' title='bbox 2475 429 2574 492; x_wconf 87' lang='grc' dir='ltr'>τὰς</span> <span class='ocrx_word' id='word_1_54' title='bbox 2620 430 2757 500; x_wconf 82' lang='grc' dir='ltr'>πρὸς</span> <span class='ocrx_word' id='word_1_55' title='bbox 2819 430 2920 500; x_wconf 82' lang='grc' dir='ltr'>τὴν</span> <span class='ocrx_word' id='word_1_56' title='bbox 2964 429 3302 484; x_wconf 75' lang='grc' dir='ltr'>ἀποστασίαν</span> <span class='ocrx_word' id='word_1_57' title='bbox 3353 427 3655 500; x_wconf 79' lang='grc' dir='ltr'>προφάσεις</span> 
     </span>
    </p>
   </div>
   <div class='ocr_carea' id='block_1_12' title="bbox 2081 521 3654 594">
    <p class='ocr_par' dir='ltr' id='par_1_12' title="bbox 2081 521 3654 594">
     <span class='ocr_line' id='line_1_12' title="bbox 2081 521 3654 594; baseline 0 -21"><span class='ocrx_word' id='word_1_58' title='bbox 2081 521 2400 591; x_wconf 88' lang='grc' dir='ltr'>περιτέμνει</span> <span class='ocrx_word' id='word_1_59' title='bbox 2434 522 2533 591; x_wconf 85' lang='grc' dir='ltr'>μὲν</span> <span class='ocrx_word' id='word_1_60' title='bbox 2560 521 2652 574; x_wconf 84' lang='grc' dir='ltr'>τὸν</span> <span class='ocrx_word' id='word_1_61' title='bbox 2675 522 2957 594; x_wconf 84' lang='grc' dir='ltr'>Τιμόθεον,</span> <span class='ocrx_word' id='word_1_62' title='bbox 2988 522 3216 593; x_wconf 81' lang='grc' dir='ltr'>ξυρᾶται</span> <span class='ocrx_word' id='word_1_63' title='bbox 3265 522 3323 576; x_wconf 82' lang='grc' dir='ltr'>δὲ</span> <span class='ocrx_word' id='word_1_64' title='bbox 3371 523 3466 582; x_wconf 72' lang='grc' dir='ltr'>καὶ</span> <span class='ocrx_word' id='word_1_65' title='bbox 3491 521 3654 585; x_wconf 80' lang='grc' dir='ltr'>αὐτὸς</span> 
     </span>
    </p>
   </div>
   <div class='ocr_carea' id='block_1_13' title="bbox 2081 609 3651 684">
    <p class='ocr_par' dir='ltr' id='par_1_13' title="bbox 2081 609 3651 684">
     <span class='ocr_line' id='line_1_13' title="bbox 2081 609 3651 684; baseline 0.003 -22"><span class='ocrx_word' id='word_1_66' title='bbox 2081 609 2178 680; x_wconf 83' lang='grc' dir='ltr'>τὴν</span> <span class='ocrx_word' id='word_1_67' title='bbox 2223 609 2467 680; x_wconf 84' lang='grc' dir='ltr'>κεφαλὴν</span> <span class='ocrx_word' id='word_1_68' title='bbox 2505 611 2600 665; x_wconf 67' lang='grc' dir='ltr'>καὶ</span> <span class='ocrx_word' id='word_1_69' title='bbox 2647 611 2950 680; x_wconf 77' lang='grc' dir='ltr'>ἀγνίζεται,</span> <span class='ocrx_word' id='word_1_70' title='bbox 2987 613 3016 665; x_wconf 87' lang='grc' dir='ltr'>ὁ</span> <span class='ocrx_word' id='word_1_71' title='bbox 3048 614 3184 684; x_wconf 84' lang='grc' dir='ltr'>πρὸς</span> <span class='ocrx_word' id='word_1_72' title='bbox 3240 612 3487 674; x_wconf 77' lang='grc' dir='ltr'>Γαλάτας</span> <span class='ocrx_word' id='word_1_73' title='bbox 3513 611 3651 682; x_wconf 81' lang='grc' dir='ltr'>γρά-</span> 
     </span>
    </p>
   </div>
   <div class='ocr_carea' id='block_1_14' title="bbox 2072 699 3637 774">
    <p class='ocr_par' dir='ltr' id='par_1_14' title="bbox 2072 699 3637 774">
     <span class='ocr_line' id='line_1_14' title="bbox 2072 699 3637 774; baseline 0.002 -22"><span class='ocrx_word' id='word_1_74' title='bbox 2072 717 2207 768; x_wconf 81' lang='grc' dir='ltr'>φων·</span> <span class='ocrx_word' id='word_1_75' title='bbox 2259 699 2382 754; x_wconf 82' lang='grc' dir='ltr'>Ἴδε</span> <span class='ocrx_word' id='word_1_76' title='bbox 2418 701 2532 770; x_wconf 83' lang='grc' dir='ltr'>ἐγὼ</span> <span class='ocrx_word' id='word_1_77' title='bbox 2574 702 2817 770; x_wconf 75' lang='grc' dir='ltr'>Παῦλος</span> <span class='ocrx_word' id='word_1_78' title='bbox 2852 702 3006 774; x_wconf 75' lang='grc' dir='ltr'>λέγω</span> <span class='ocrx_word' id='word_1_79' title='bbox 3041 703 3185 774; x_wconf 75' lang='grc' dir='ltr'>ὑμῖν</span> <span class='ocrx_word' id='word_1_80' title='bbox 3223 703 3331 768; x_wconf 84' lang='grc' dir='ltr'>ὅτι,</span> <span class='ocrx_word' id='word_1_81' title='bbox 3367 702 3445 758; x_wconf 80' lang='grc' dir='ltr'>ἂν</span> <span class='ocrx_word' id='word_1_82' title='bbox 3473 717 3637 769; x_wconf 82' lang='grc' dir='ltr'>περι-</span> 
     </span>
    </p>
   </div>
   <div class='ocr_carea' id='block_1_15' title="bbox 2064 797 3635 868">
    <p class='ocr_par' dir='ltr' id='par_1_15' title="bbox 2064 797 3635 868">
     <span class='ocr_line' id='line_1_15' title="bbox 2064 797 3635 868; baseline -0.001 -17"><span class='ocrx_word' id='word_1_83' title='bbox 2064 798 2386 868; x_wconf 80' lang='grc' dir='ltr'>τέμνησθε,</span> <span class='ocrx_word' id='word_1_84' title='bbox 2413 798 2667 868; x_wconf 84' lang='grc' dir='ltr'>Χριστὸς</span> <span class='ocrx_word' id='word_1_85' title='bbox 2702 797 2860 868; x_wconf 80' lang='grc' dir='ltr'>ὑμᾶς</span> <span class='ocrx_word' id='word_1_86' title='bbox 2893 799 3075 854; x_wconf 84' lang='grc' dir='ltr'>οὐδὲν</span> <span class='ocrx_word' id='word_1_87' title='bbox 3106 798 3430 868; x_wconf 73' lang='grc' dir='ltr'>ὠφελήσει.</span> <span class='ocrx_word' id='word_1_88' title='bbox 3473 797 3635 851; x_wconf 82' lang='grc' dir='ltr'>Ἀλλά</span> 
     </span>
    </p>
   </div>
   <div class='ocr_carea' id='block_1_16' title="bbox 400 891 3652 969">
    <p class='ocr_par' dir='ltr' id='par_1_16' title="bbox 400 891 3652 969">
     <span class='ocr_line' id='line_1_16' title="bbox 400 891 3652 969; baseline -0.001 -23"><span class='ocrx_word' id='word_1_89' title='bbox 400 891 602 964; x_wconf 81' lang='grc' dir='ltr'>ταύτην</span> <span class='ocrx_word' id='word_1_90' title='bbox 630 894 729 964; x_wconf 84' lang='grc' dir='ltr'>μὲν</span> <span class='ocrx_word' id='word_1_91' title='bbox 766 893 866 964; x_wconf 80' lang='grc' dir='ltr'>τὴν</span> <span class='ocrx_word' id='word_1_92' title='bbox 898 894 1210 966; x_wconf 80' lang='grc' dir='ltr'>οἰκονομίαν</span> <span class='ocrx_word' id='word_1_93' title='bbox 1262 894 1466 969; x_wconf 82' lang='grc' dir='ltr'>βραχύς</span> <span class='ocrx_word' id='word_1_94' title='bbox 1531 912 1618 960; x_wconf 85' lang='grc' dir='ltr'>τις</span> <span class='ocrx_word' id='word_1_95' title='bbox 1658 896 1849 967; x_wconf 79' lang='grc' dir='ltr'>χρόνος</span> <span class='ocrx_word' id='word_1_96' title='bbox 1927 893 2237 960; x_wconf 77' lang='grc' dir='ltr'>ἐπίσταται,</span> <span class='ocrx_word' id='word_1_97' title='bbox 2312 893 2456 948; x_wconf 87' lang='grc' dir='ltr'>καθά</span> <span class='ocrx_word' id='word_1_98' title='bbox 2475 893 2522 925; x_wconf 74' lang='grc'><strong><em>⁵⁸</em></strong></span> <span class='ocrx_word' id='word_1_99' title='bbox 2583 893 2710 965; x_wconf 72' lang='grc'>[402</span> <span class='ocrx_word' id='word_1_100' title='bbox 2759 892 2848 966; x_wconf 77' lang='grc'>[1.]</span> <span class='ocrx_word' id='word_1_101' title='bbox 2879 893 3118 947; x_wconf 82' lang='grc' dir='ltr'>διδάσκει</span> <span class='ocrx_word' id='word_1_102' title='bbox 3153 893 3250 947; x_wconf 75' lang='grc' dir='ltr'>καὶ</span> <span class='ocrx_word' id='word_1_103' title='bbox 3291 892 3353 946; x_wconf 80' lang='grc' dir='ltr'>τὸ</span> <span class='ocrx_word' id='word_1_104' title='bbox 3388 891 3652 962; x_wconf 82' lang='grc' dir='ltr'>παράδει-</span> 
     </span>
    </p>
   </div>
   <div class='ocr_carea' id='block_1_17' title="bbox 400 984 3097 1060">
    <p class='ocr_par' dir='ltr' id='par_1_17' title="bbox 400 984 3097 1060">
     <span class='ocr_line' id='line_1_17' title="bbox 400 984 3097 1060; baseline -0 -21"><span class='ocrx_word' id='word_1_105' title='bbox 400 1001 553 1056; x_wconf 74' lang='grc' dir='ltr'>γμαο</span> <span class='ocrx_word' id='word_1_106' title='bbox 603 985 692 1040; x_wconf 82' lang='grc' dir='ltr'>διὰ</span> <span class='ocrx_word' id='word_1_107' title='bbox 731 988 933 1051; x_wconf 74' lang='grc' dir='ltr'>παντὸς</span> <span class='ocrx_word' id='word_1_108' title='bbox 984 987 1043 1039; x_wconf 84' lang='grc' dir='ltr'>δὲ</span> <span class='ocrx_word' id='word_1_109' title='bbox 1073 989 1168 1042; x_wconf 80' lang='grc' dir='ltr'>καὶ</span> <span class='ocrx_word' id='word_1_110' title='bbox 1203 989 1378 1042; x_wconf 85' lang='grc' dir='ltr'>εἰσαεί</span> <span class='ocrx_word' id='word_1_111' title='bbox 1413 991 1448 1059; x_wconf 80' lang='grc' dir='ltr'>ἡ</span> <span class='ocrx_word' id='word_1_112' title='bbox 1493 988 1789 1060; x_wconf 79' lang='grc' dir='ltr'>Ἐκκλησία</span> <span class='ocrx_word' id='word_1_113' title='bbox 1828 987 1889 1042; x_wconf 86' lang='grc' dir='ltr'>τὸ</span> <span class='ocrx_word' id='word_1_114' title='bbox 1934 987 2298 1040; x_wconf 79' lang='grc' dir='ltr'>ἀστασίαστον</span> <span class='ocrx_word' id='word_1_115' title='bbox 2335 984 2631 1057; x_wconf 87' lang='grc' dir='ltr'>μεθοδεύει,</span> <span class='ocrx_word' id='word_1_116' title='bbox 2660 985 2756 1040; x_wconf 78' lang='grc' dir='ltr'>καὶ</span> <span class='ocrx_word' id='word_1_117' title='bbox 2784 985 3097 1055; x_wconf 87' lang='grc' dir='ltr'>ὁλόκληρον.</span> 
     </span>
    </p>
   </div>
   <div class='ocr_carea' id='block_1_18' title="bbox 475 1079 1978 1149">
    <p class='ocr_par' dir='ltr' id='par_1_18' title="bbox 475 1079 1978 1149">
     <span class='ocr_line' id='line_1_18' title="bbox 475 1079 1978 1149; baseline -0.003 -14"><span class='ocrx_word' id='word_1_118' title='bbox 475 1083 659 1135; x_wconf 85' lang='lat' dir='ltr'><strong>Altera</strong></span> <span class='ocrx_word' id='word_1_119' title='bbox 692 1095 824 1134; x_wconf 85' lang='lat' dir='ltr'><strong>vero</strong></span> <span class='ocrx_word' id='word_1_120' title='bbox 854 1081 1261 1148; x_wconf 78' lang='lat' dir='ltr'><strong>gubernationis</strong></span> <span class='ocrx_word' id='word_1_121' title='bbox 1309 1080 1487 1135; x_wconf 86' lang='lat' dir='ltr'><strong>forma</strong></span> <span class='ocrx_word' id='word_1_122' title='bbox 1521 1081 1576 1135; x_wconf 93' lang='lat' dir='ltr'>in</span> <span class='ocrx_word' id='word_1_123' title='bbox 1608 1081 1789 1135; x_wconf 82' lang='lat' dir='ltr'><strong>verbis</strong></span> <span class='ocrx_word' id='word_1_124' title='bbox 1831 1079 1978 1149; x_wconf 87' lang='lat' dir='ltr'><strong>capit</strong></span> 
     </span>
    </p>
   </div>
   <div class='ocr_carea' id='block_1_19' title="bbox 405 1158 1978 1241">
    <p class='ocr_par' dir='ltr' id='par_1_19' title="bbox 405 1158 1978 1241">
     <span class='ocr_line' id='line_1_19' title="bbox 405 1158 1978 1241; baseline 0 -17"><span class='ocrx_word' id='word_1_125' title='bbox 405 1158 737 1225; x_wconf 81' lang='lat' dir='ltr'><strong>ﬁrmitatem.</strong></span> <span class='ocrx_word' id='word_1_126' title='bbox 757 1169 982 1238; x_wconf 74' lang='lat' dir='ltr'><strong>Quando</strong></span> <span class='ocrx_word' id='word_1_127' title='bbox 1000 1172 1142 1226; x_wconf 89' lang='lat' dir='ltr'><strong>enim</strong></span> <span class='ocrx_word' id='word_1_128' title='bbox 1176 1171 1428 1227; x_wconf 86' lang='lat' dir='ltr'><strong>Ecclesia</strong></span> <span class='ocrx_word' id='word_1_129' title='bbox 1470 1171 1807 1241; x_wconf 78' lang='lat' dir='ltr'><strong>dogmatibus</strong></span> <span class='ocrx_word' id='word_1_130' title='bbox 1833 1179 1978 1224; x_wconf 88' lang='lat' dir='ltr'><strong>recte</strong></span> 
     </span>
    </p>
   </div>
   <div class='ocr_carea' id='block_1_20' title="bbox 405 1260 1977 1333">
    <p class='ocr_par' dir='ltr' id='par_1_20' title="bbox 405 1260 1977 1333">
     <span class='ocr_line' id='line_1_20' title="bbox 405 1260 1977 1333; baseline 0.001 -18"><span class='ocrx_word' id='word_1_131' title='bbox 405 1260 589 1326; x_wconf 80' lang='lat' dir='ltr'><strong>iactis,</strong></span> <span class='ocrx_word' id='word_1_132' title='bbox 631 1272 686 1317; x_wconf 92' lang='lat' dir='ltr'><strong>et</strong></span> <span class='ocrx_word' id='word_1_133' title='bbox 724 1277 819 1330; x_wconf 89' lang='lat' dir='ltr'>per</span> <span class='ocrx_word' id='word_1_134' title='bbox 853 1262 989 1318; x_wconf 87' lang='lat' dir='ltr'><strong>alias</strong></span> <span class='ocrx_word' id='word_1_135' title='bbox 1027 1278 1187 1318; x_wconf 83' lang='lat' dir='ltr'><strong>voces</strong></span> <span class='ocrx_word' id='word_1_136' title='bbox 1224 1263 1462 1318; x_wconf 86' lang='lat' dir='ltr'><strong>scaudali</strong></span> <span class='ocrx_word' id='word_1_137' title='bbox 1508 1262 1820 1333; x_wconf 82' lang='lat' dir='ltr'><strong>expertibus</strong></span> <span class='ocrx_word' id='word_1_138' title='bbox 1853 1277 1977 1332; x_wconf 92' lang='lat' dir='ltr'><strong>pro-</strong></span> 
     </span>
    </p>
   </div>
   <div class='ocr_carea' id='block_1_21' title="bbox 405 1352 1974 1423">
    <p class='ocr_par' dir='ltr' id='par_1_21' title="bbox 405 1352 1974 1423">
     <span class='ocr_line' id='line_1_21' title="bbox 405 1352 1974 1423; baseline 0.001 -17"><span class='ocrx_word' id='word_1_139' title='bbox 405 1352 694 1422; x_wconf 83' lang='lat' dir='ltr'><strong>mulgatas,</strong></span> <span class='ocrx_word' id='word_1_140' title='bbox 727 1353 940 1408; x_wconf 88' lang='lat' dir='ltr'><strong>tametsi</strong></span> <span class='ocrx_word' id='word_1_141' title='bbox 986 1369 1090 1409; x_wconf 91' lang='lat' dir='ltr'>non</span> <span class='ocrx_word' id='word_1_142' title='bbox 1135 1353 1269 1409; x_wconf 91' lang='lat' dir='ltr'><strong>bene</strong></span> <span class='ocrx_word' id='word_1_143' title='bbox 1316 1354 1444 1409; x_wconf 88' lang='lat' dir='ltr'><strong>dicti</strong></span> <span class='ocrx_word' id='word_1_144' title='bbox 1490 1355 1625 1408; x_wconf 81' lang='lat' dir='ltr'><strong>ﬁunt</strong></span> <span class='ocrx_word' id='word_1_145' title='bbox 1660 1365 1974 1423; x_wconf 80' lang='lat' dir='ltr'><strong>pratextus,</strong></span> 
     </span>
    </p>
   </div>
   <div class='ocr_carea' id='block_1_22' title="bbox 407 1445 1973 1514">
    <p class='ocr_par' dir='ltr' id='par_1_22' title="bbox 407 1445 1973 1514">
     <span class='ocr_line' id='line_1_22' title="bbox 407 1445 1973 1514; baseline 0.003 -16"><span class='ocrx_word' id='word_1_146' title='bbox 407 1445 570 1498; x_wconf 79' lang='lat' dir='ltr'><strong>taceri</strong></span> <span class='ocrx_word' id='word_1_147' title='bbox 612 1445 726 1499; x_wconf 81' lang='lat' dir='ltr'>hac</span> <span class='ocrx_word' id='word_1_148' title='bbox 756 1446 1040 1514; x_wconf 84' lang='lat' dir='ltr'><strong>contingit.</strong></span> <span class='ocrx_word' id='word_1_149' title='bbox 1073 1447 1172 1512; x_wconf 84' lang='lat' dir='ltr'><strong>Qui</strong></span> <span class='ocrx_word' id='word_1_150' title='bbox 1209 1463 1337 1502; x_wconf 91' lang='lat' dir='ltr'><strong>vero</strong></span> <span class='ocrx_word' id='word_1_151' title='bbox 1363 1461 1642 1503; x_wconf 90' lang='lat' dir='ltr'><strong>sermones</strong></span> <span class='ocrx_word' id='word_1_152' title='bbox 1683 1463 1812 1502; x_wconf 92' lang='lat' dir='ltr'><strong>suos</strong></span> <span class='ocrx_word' id='word_1_153' title='bbox 1861 1447 1973 1502; x_wconf 85' lang='lat' dir='ltr'><strong>dis-</strong></span> 
     </span>
    </p>
   </div>
   <div class='ocr_carea' id='block_1_23' title="bbox 405 1535 1976 1610">
    <p class='ocr_par' dir='ltr' id='par_1_23' title="bbox 405 1535 1976 1610">
     <span class='ocr_line' id='line_1_23' title="bbox 405 1535 1976 1610; baseline 0.001 -21"><span class='ocrx_word' id='word_1_154' title='bbox 405 1537 559 1606; x_wconf 84' lang='lat' dir='ltr'><strong>ponit</strong></span> <span class='ocrx_word' id='word_1_155' title='bbox 594 1537 646 1590; x_wconf 88' lang='lat' dir='ltr'>in</span> <span class='ocrx_word' id='word_1_156' title='bbox 670 1535 878 1607; x_wconf 91' lang='lat' dir='ltr'><strong>judicio</strong></span> <span class='ocrx_word' id='word_1_157' title='bbox 909 1547 962 1590; x_wconf 92' lang='lat' dir='ltr'>et</span> <span class='ocrx_word' id='word_1_158' title='bbox 996 1538 1232 1603; x_wconf 89' lang='lat' dir='ltr'><strong>silentio,</strong></span> <span class='ocrx_word' id='word_1_159' title='bbox 1257 1554 1446 1592; x_wconf 90' lang='lat' dir='ltr'><strong>sonum</strong></span> <span class='ocrx_word' id='word_1_160' title='bbox 1474 1541 1716 1609; x_wconf 86' lang='lat' dir='ltr'><strong>priorum</strong></span> <span class='ocrx_word' id='word_1_161' title='bbox 1750 1540 1976 1610; x_wconf 87' lang='lat' dir='ltr'><strong>dogma-</strong></span> 
     </span>
    </p>
   </div>
   <div class='ocr_carea' id='block_1_24' title="bbox 406 1630 1979 1699">
    <p class='ocr_par' dir='ltr' id='par_1_24' title="bbox 406 1630 1979 1699">
     <span class='ocr_line' id='line_1_24' title="bbox 406 1630 1979 1699; baseline 0.004 -19"><span class='ocrx_word' id='word_1_162' title='bbox 406 1636 520 1681; x_wconf 90' lang='lat' dir='ltr'>tum</span> <span class='ocrx_word' id='word_1_163' title='bbox 549 1643 646 1698; x_wconf 90' lang='lat' dir='ltr'>per</span> <span class='ocrx_word' id='word_1_164' title='bbox 665 1644 878 1682; x_wconf 91' lang='lat' dir='ltr'><strong>omnem</strong></span> <span class='ocrx_word' id='word_1_165' title='bbox 913 1639 1110 1683; x_wconf 86' lang='lat' dir='ltr'><strong>terram</strong></span> <span class='ocrx_word' id='word_1_166' title='bbox 1143 1631 1320 1684; x_wconf 87' lang='lat' dir='ltr'><strong>audiri</strong></span> <span class='ocrx_word' id='word_1_167' title='bbox 1347 1630 1496 1685; x_wconf 83' lang='lat' dir='ltr'><strong>facit.</strong></span> <span class='ocrx_word' id='word_1_168' title='bbox 1522 1631 1768 1699; x_wconf 83' lang='lat' dir='ltr'><strong>Qualiter</strong></span> <span class='ocrx_word' id='word_1_169' title='bbox 1787 1632 1979 1687; x_wconf 80' lang='lat' dir='ltr'><strong>fecisse</strong></span> 
     </span>
    </p>
   </div>
   <div class='ocr_carea' id='block_1_25' title="bbox 407 1720 1980 1792">
    <p class='ocr_par' dir='ltr' id='par_1_25' title="bbox 407 1720 1980 1792">
     <span class='ocr_line' id='line_1_25' title="bbox 407 1720 1980 1792; baseline 0.004 -21"><span class='ocrx_word' id='word_1_170' title='bbox 407 1734 660 1789; x_wconf 82' lang='lat' dir='ltr'><strong>magnum</strong></span> <span class='ocrx_word' id='word_1_171' title='bbox 684 1720 1034 1774; x_wconf 83' lang='lat' dir='ltr'><strong>Athanasium</strong></span> <span class='ocrx_word' id='word_1_172' title='bbox 1057 1720 1350 1792; x_wconf 81' lang='lat' dir='ltr'><strong>Gregorius</strong></span> <span class='ocrx_word' id='word_1_173' title='bbox 1374 1735 1732 1791; x_wconf 85' lang='lat' dir='ltr'><strong>cognomento</strong></span> <span class='ocrx_word' id='word_1_174' title='bbox 1753 1723 1980 1778; x_wconf 87' lang='lat' dir='ltr'><strong>Theolo-</strong></span> 
     </span>
    </p>
   </div>
   <div class='ocr_carea' id='block_1_26' title="bbox 405 1810 1971 1882">
    <p class='ocr_par' dir='ltr' id='par_1_26' title="bbox 405 1810 1971 1882">
     <span class='ocr_line' id='line_1_26' title="bbox 405 1810 1971 1882; baseline 0.002 -21"><span class='ocrx_word' id='word_1_175' title='bbox 405 1825 504 1879; x_wconf 84' lang='lat' dir='ltr'>gus</span> <span class='ocrx_word' id='word_1_176' title='bbox 529 1818 788 1864; x_wconf 83' lang='lat' dir='ltr'><strong>testatur:</strong></span> <span class='ocrx_word' id='word_1_177' title='bbox 815 1810 1125 1880; x_wconf 75' lang='lat' dir='ltr'><strong>Postquam,</strong></span> <span class='ocrx_word' id='word_1_178' title='bbox 1147 1812 1338 1882; x_wconf 90' lang='lat' dir='ltr'><strong>inquit,</strong></span> <span class='ocrx_word' id='word_1_179' title='bbox 1363 1813 1730 1866; x_wconf 80' lang='lat' dir='ltr'><strong>consentientes</strong></span> <span class='ocrx_word' id='word_1_180' title='bbox 1757 1813 1971 1877; x_wconf 84' lang='lat' dir='ltr'><strong>reperit,</strong></span> 
     </span>
    </p>
   </div>
   <div class='ocr_carea' id='block_1_27' title="bbox 2147 1071 3654 1150">
    <p class='ocr_par' dir='ltr' id='par_1_27' title="bbox 2147 1071 3654 1150">
     <span class='ocr_line' id='line_1_27' title="bbox 2147 1071 3654 1150; baseline -0.001 -19"><span class='ocrx_word' id='word_1_181' title='bbox 2147 1078 2221 1131; x_wconf 82' lang='grc' dir='ltr'>Τὸ</span> <span class='ocrx_word' id='word_1_182' title='bbox 2253 1078 2309 1130; x_wconf 84' lang='grc' dir='ltr'>δὲ</span> <span class='ocrx_word' id='word_1_183' title='bbox 2339 1078 2529 1150; x_wconf 79' lang='grc' dir='ltr'>ἓτερον</span> <span class='ocrx_word' id='word_1_184' title='bbox 2553 1071 2692 1142; x_wconf 83' lang='grc' dir='ltr'>εἶδος</span> <span class='ocrx_word' id='word_1_185' title='bbox 2729 1077 2829 1149; x_wconf 85' lang='grc' dir='ltr'>τῆς</span> <span class='ocrx_word' id='word_1_186' title='bbox 2851 1076 3166 1148; x_wconf 73' lang='grc' dir='ltr'>οἰκονομίας</span> <span class='ocrx_word' id='word_1_187' title='bbox 3189 1077 3317 1148; x_wconf 76' lang='grc' dir='ltr'>περὶ</span> <span class='ocrx_word' id='word_1_188' title='bbox 3354 1076 3456 1140; x_wconf 84' lang='grc' dir='ltr'>τὰς</span> <span class='ocrx_word' id='word_1_189' title='bbox 3477 1075 3654 1142; x_wconf 81' lang='grc' dir='ltr'>λέξεις</span> 
     </span>
    </p>
   </div>
   <div class='ocr_carea' id='block_1_28' title="bbox 2073 1168 3653 1239">
    <p class='ocr_par' dir='ltr' id='par_1_28' title="bbox 2073 1168 3653 1239">
     <span class='ocr_line' id='line_1_28' title="bbox 2073 1168 3653 1239; baseline -0.001 -17"><span class='ocrx_word' id='word_1_190' title='bbox 2073 1169 2344 1239; x_wconf 90' lang='grc' dir='ltr'>λαμϐάνει</span> <span class='ocrx_word' id='word_1_191' title='bbox 2369 1170 2468 1238; x_wconf 87' lang='grc' dir='ltr'>τὴν</span> <span class='ocrx_word' id='word_1_192' title='bbox 2507 1169 2791 1224; x_wconf 82' lang='grc' dir='ltr'>σύστασιν.</span> <span class='ocrx_word' id='word_1_193' title='bbox 2823 1169 2952 1222; x_wconf 87' lang='grc' dir='ltr'>Ὅτε</span> <span class='ocrx_word' id='word_1_194' title='bbox 2983 1168 3110 1239; x_wconf 82' lang='grc' dir='ltr'>γὰρ,</span> <span class='ocrx_word' id='word_1_195' title='bbox 3140 1168 3248 1222; x_wconf 90' lang='grc' dir='ltr'>τῶν</span> <span class='ocrx_word' id='word_1_196' title='bbox 3277 1168 3378 1238; x_wconf 82' lang='grc' dir='ltr'>τῆς</span> <span class='ocrx_word' id='word_1_197' title='bbox 3419 1168 3653 1237; x_wconf 87' lang='grc' dir='ltr'>Ἐκκλη-</span> 
     </span>
    </p>
   </div>
   <div class='ocr_carea' id='block_1_29' title="bbox 2074 1259 3654 1332">
    <p class='ocr_par' dir='ltr' id='par_1_29' title="bbox 2074 1259 3654 1332">
     <span class='ocr_line' id='line_1_29' title="bbox 2074 1259 3654 1332; baseline -0.001 -16"><span class='ocrx_word' id='word_1_198' title='bbox 2074 1262 2198 1324; x_wconf 89' lang='grc' dir='ltr'>σίας</span> <span class='ocrx_word' id='word_1_199' title='bbox 2221 1259 2508 1331; x_wconf 85' lang='grc' dir='ltr'>δογμάτων</span> <span class='ocrx_word' id='word_1_200' title='bbox 2543 1259 2717 1330; x_wconf 84' lang='grc' dir='ltr'>ὀρθῶς</span> <span class='ocrx_word' id='word_1_201' title='bbox 2748 1259 2980 1330; x_wconf 82' lang='grc' dir='ltr'>ἐχόντων</span> <span class='ocrx_word' id='word_1_202' title='bbox 3019 1260 3115 1314; x_wconf 75' lang='grc' dir='ltr'>καὶ</span> <span class='ocrx_word' id='word_1_203' title='bbox 3135 1259 3204 1312; x_wconf 85' lang='grc' dir='ltr'>δι’</span> <span class='ocrx_word' id='word_1_204' title='bbox 3228 1259 3430 1332; x_wconf 80' lang='grc' dir='ltr'>ἐτέρων</span> <span class='ocrx_word' id='word_1_205' title='bbox 3455 1259 3654 1329; x_wconf 87' lang='grc' dir='ltr'>φωνῶν</span> 
     </span>
    </p>
   </div>
   <div class='ocr_carea' id='block_1_30' title="bbox 2072 1350 3651 1423">
    <p class='ocr_par' dir='ltr' id='par_1_30' title="bbox 2072 1350 3651 1423">
     <span class='ocr_line' id='line_1_30' title="bbox 2072 1350 3651 1423; baseline -0.002 -16"><span class='ocrx_word' id='word_1_206' title='bbox 2072 1350 2620 1422; x_wconf 84' lang='grc' dir='ltr'>ἀνακηρυττομένων,</span> <span class='ocrx_word' id='word_1_207' title='bbox 2669 1350 2890 1421; x_wconf 77' lang='grc' dir='ltr'>ῥήματά</span> <span class='ocrx_word' id='word_1_208' title='bbox 2918 1367 3040 1403; x_wconf 90' lang='grc' dir='ltr'>τινα</span> <span class='ocrx_word' id='word_1_209' title='bbox 3078 1352 3191 1414; x_wconf 86' lang='grc' dir='ltr'>τοῖς</span> <span class='ocrx_word' id='word_1_210' title='bbox 3237 1352 3651 1423; x_wconf 85' lang='grc' dir='ltr'>ἀκεραιοτέροις</span> 
     </span>
    </p>
   </div>
   <div class='ocr_carea' id='block_1_31' title="bbox 2081 1441 3654 1514">
    <p class='ocr_par' dir='ltr' id='par_1_31' title="bbox 2081 1441 3654 1514">
     <span class='ocr_line' id='line_1_31' title="bbox 2081 1441 3654 1514; baseline -0.001 -17"><span class='ocrx_word' id='word_1_211' title='bbox 2081 1443 2382 1498; x_wconf 85' lang='grc' dir='ltr'>σκανδάλου</span> <span class='ocrx_word' id='word_1_212' title='bbox 2437 1443 2541 1498; x_wconf 81' lang='grc' dir='ltr'>κᾶν</span> <span class='ocrx_word' id='word_1_213' title='bbox 2600 1443 2701 1496; x_wconf 89' lang='grc' dir='ltr'>οὐκ</span> <span class='ocrx_word' id='word_1_214' title='bbox 2755 1441 2968 1510; x_wconf 82' lang='grc' dir='ltr'>εὐλογοι</span> <span class='ocrx_word' id='word_1_215' title='bbox 3027 1443 3284 1512; x_wconf 79' lang='grc' dir='ltr'>γίνωνται</span> <span class='ocrx_word' id='word_1_216' title='bbox 3332 1444 3654 1514; x_wconf 85' lang='grc' dir='ltr'>προφάσεις,</span> 
     </span>
    </p>
   </div>
   <div class='ocr_carea' id='block_1_32' title="bbox 2079 1533 3656 1604">
    <p class='ocr_par' dir='ltr' id='par_1_32' title="bbox 2079 1533 3656 1604">
     <span class='ocr_line' id='line_1_32' title="bbox 2079 1533 3656 1604; baseline 0.001 -15"><span class='ocrx_word' id='word_1_217' title='bbox 2079 1534 2502 1589; x_wconf 80' lang='grc' dir='ltr'>ἀποσιωπᾶσθαι</span> <span class='ocrx_word' id='word_1_218' title='bbox 2553 1533 2973 1604; x_wconf 84' lang='grc' dir='ltr'>συγκαταϐαίνει</span> <span class='ocrx_word' id='word_1_219' title='bbox 3019 1533 3213 1590; x_wconf 72' lang='grc' dir='ltr'>ταῦτα.</span> <span class='ocrx_word' id='word_1_220' title='bbox 3259 1535 3318 1589; x_wconf 85' lang='grc' dir='ltr'>Ὃ</span> <span class='ocrx_word' id='word_1_221' title='bbox 3347 1535 3405 1590; x_wconf 81' lang='grc' dir='ltr'>δὲ</span> <span class='ocrx_word' id='word_1_222' title='bbox 3435 1537 3479 1568; x_wconf 73' lang='grc'><strong>⁸⁷</strong></span> <span class='ocrx_word' id='word_1_223' title='bbox 3528 1536 3656 1598; x_wconf 84' lang='grc' dir='ltr'>τοὺς</span> 
     </span>
    </p>
   </div>
   <div class='ocr_carea' id='block_1_33' title="bbox 2081 1626 3656 1698">
    <p class='ocr_par' dir='ltr' id='par_1_33' title="bbox 2081 1626 3656 1698">
     <span class='ocr_line' id='line_1_33' title="bbox 2081 1626 3656 1698; baseline 0 -18"><span class='ocrx_word' id='word_1_224' title='bbox 2081 1627 2274 1696; x_wconf 86' lang='grc' dir='ltr'>λόγους</span> <span class='ocrx_word' id='word_1_225' title='bbox 2315 1626 2480 1681; x_wconf 82' lang='grc' dir='ltr'>αὐτοῦ</span> <span class='ocrx_word' id='word_1_226' title='bbox 2526 1626 2827 1696; x_wconf 80' lang='grc' dir='ltr'>οἰκονομῶν</span> <span class='ocrx_word' id='word_1_227' title='bbox 2867 1627 2925 1679; x_wconf 85' lang='grc' dir='ltr'>ὲν</span> <span class='ocrx_word' id='word_1_228' title='bbox 2966 1626 3144 1697; x_wconf 87' lang='grc' dir='ltr'>κρίσει</span> <span class='ocrx_word' id='word_1_229' title='bbox 3176 1627 3273 1681; x_wconf 78' lang='grc' dir='ltr'>καὶ</span> <span class='ocrx_word' id='word_1_230' title='bbox 3319 1629 3521 1698; x_wconf 83' lang='grc' dir='ltr'>σιωπῇ,</span> <span class='ocrx_word' id='word_1_231' title='bbox 3545 1627 3656 1680; x_wconf 90' lang='grc' dir='ltr'>τῶν</span> 
     </span>
    </p>
   </div>
   <div class='ocr_carea' id='block_1_34' title="bbox 2084 1711 3657 1790">
    <p class='ocr_par' dir='ltr' id='par_1_34' title="bbox 2084 1711 3657 1790">
     <span class='ocr_line' id='line_1_34' title="bbox 2084 1711 3657 1790; baseline 0 -19"><span class='ocrx_word' id='word_1_232' title='bbox 2084 1719 2324 1772; x_wconf 88' lang='grc' dir='ltr'>εὐσεϐῶν</span> <span class='ocrx_word' id='word_1_233' title='bbox 2358 1717 2646 1788; x_wconf 85' lang='grc' dir='ltr'>δογμάτων</span> <span class='ocrx_word' id='word_1_234' title='bbox 2677 1718 2771 1772; x_wconf 85' lang='grc' dir='ltr'>τὸν</span> <span class='ocrx_word' id='word_1_235' title='bbox 2812 1718 3049 1788; x_wconf 83' lang='grc' dir='ltr'>φθόγγον</span> <span class='ocrx_word' id='word_1_236' title='bbox 3099 1719 3179 1782; x_wconf 91' lang='grc' dir='ltr'>εἰς</span> <span class='ocrx_word' id='word_1_237' title='bbox 3215 1711 3397 1772; x_wconf 76' lang='grc' dir='ltr'>πᾶσαν</span> <span class='ocrx_word' id='word_1_238' title='bbox 3439 1719 3540 1790; x_wconf 81' lang='grc' dir='ltr'>τὴν</span> <span class='ocrx_word' id='word_1_239' title='bbox 3576 1719 3657 1772; x_wconf 87' lang='grc' dir='ltr'>οἰ-</span> 
     </span>
    </p>
   </div>
   <div class='ocr_carea' id='block_1_35' title="bbox 2085 1804 3656 1882">
    <p class='ocr_par' dir='ltr' id='par_1_35' title="bbox 2085 1804 3656 1882">
     <span class='ocr_line' id='line_1_35' title="bbox 2085 1804 3656 1882; baseline -0.002 -17"><span class='ocrx_word' id='word_1_240' title='bbox 2085 1810 2360 1880; x_wconf 88' lang='grc' dir='ltr'>κουμένην</span> <span class='ocrx_word' id='word_1_241' title='bbox 2413 1809 2818 1882; x_wconf 87' lang='grc' dir='ltr'>περιηχηθῆναι</span> <span class='ocrx_word' id='word_1_242' title='bbox 2873 1811 3492 1882; x_wconf 86' lang='grc' dir='ltr'>καταπραγματεύεται.</span> <span class='ocrx_word' id='word_1_243' title='bbox 3553 1804 3656 1864; x_wconf 76' lang='grc' dir='ltr'>Οἷα</span> 
     </span>
    </p>
   </div>
   <div class='ocr_carea' id='block_1_36' title="bbox 403 1900 1973 1996">
    <p class='ocr_par' dir='ltr' id='par_1_36' title="bbox 403 1900 1973 1970">
     <span class='ocr_line' id='line_1_36' title="bbox 403 1900 1973 1970; baseline 0.002 -16"><span class='ocrx_word' id='word_1_244' title='bbox 403 1912 455 1954; x_wconf 85' lang='lat' dir='ltr'>et</span> <span class='ocrx_word' id='word_1_245' title='bbox 479 1901 627 1953; x_wconf 82' lang='lat' dir='ltr'><strong>uerbo</strong></span> <span class='ocrx_word' id='word_1_246' title='bbox 651 1900 784 1952; x_wconf 85' lang='lat' dir='ltr'><strong>nihil</strong></span> <span class='ocrx_word' id='word_1_247' title='bbox 804 1901 1157 1970; x_wconf 75' lang='lat' dir='ltr'><strong>discrepantes</strong></span> <span class='ocrx_word' id='word_1_248' title='bbox 1179 1917 1197 1954; x_wconf 90' lang='lat'><strong><em>:</em></strong></span> <span class='ocrx_word' id='word_1_249' title='bbox 1219 1905 1430 1957; x_wconf 87' lang='lat' dir='ltr'><strong>nomina</strong></span> <span class='ocrx_word' id='word_1_250' title='bbox 1457 1905 1609 1957; x_wconf 81' lang='lat' dir='ltr'><strong>rebus</strong></span> <span class='ocrx_word' id='word_1_251' title='bbox 1635 1905 1973 1957; x_wconf 72' lang='lat' dir='ltr'><strong>commiscent</strong></span> 
     </span>
    </p>
   </div>
   <div class='ocr_carea' id='block_1_37' title="bbox 2083 1900 3658 1996">
    <p class='ocr_par' dir='ltr' id='par_1_37' title="bbox 2083 1901 3658 1973">
     <span class='ocr_line' id='line_1_37' title="bbox 2083 1901 3658 1973; baseline 0.001 -19"><span class='ocrx_word' id='word_1_252' title='bbox 2083 1901 2145 1972; x_wconf 80' lang='grc' dir='ltr'>δὴ</span> <span class='ocrx_word' id='word_1_253' title='bbox 2163 1901 2210 1934; x_wconf 69' lang='grc'>⁵⁸</span> <span class='ocrx_word' id='word_1_254' title='bbox 2240 1903 2334 1957; x_wconf 74' lang='grc' dir='ltr'>καί¹</span> <span class='ocrx_word' id='word_1_255' title='bbox 2357 1902 2449 1955; x_wconf 83' lang='grc' dir='ltr'>τὸν</span> <span class='ocrx_word' id='word_1_256' title='bbox 2475 1902 2648 1972; x_wconf 85' lang='grc' dir='ltr'>μέγαν</span> <span class='ocrx_word' id='word_1_257' title='bbox 2678 1901 2995 1958; x_wconf 87' lang='grc' dir='ltr'>Ἀθανάσιον</span> <span class='ocrx_word' id='word_1_258' title='bbox 3023 1903 3050 1955; x_wconf 82' lang='grc' dir='ltr'>ὁ</span> <span class='ocrx_word' id='word_1_259' title='bbox 3079 1901 3328 1971; x_wconf 81' lang='grc' dir='ltr'>θεολόγος</span> <span class='ocrx_word' id='word_1_260' title='bbox 3356 1903 3658 1973; x_wconf 86' lang='grc' dir='ltr'>Γρηγόριος</span> 
     </span>
    </p>
   </div>
   <div class='ocr_carea' id='block_1_38' title="bbox 405 1990 1973 2066">
    <p class='ocr_par' dir='ltr' id='par_1_38' title="bbox 405 1991 1973 2066">
     <span class='ocr_line' id='line_1_38' title="bbox 405 1991 1973 2066; baseline 0.001 -22"><span class='ocrx_word' id='word_1_261' title='bbox 405 1991 639 2062; x_wconf 83' lang='lat' dir='ltr'><strong>colligat.</strong></span> <span class='ocrx_word' id='word_1_262' title='bbox 672 1992 740 2046; x_wconf 90' lang='lat' dir='ltr'><strong>Et</strong></span> <span class='ocrx_word' id='word_1_263' title='bbox 758 1994 1002 2048; x_wconf 91' lang='lat' dir='ltr'><strong>oratione</strong></span> <span class='ocrx_word' id='word_1_264' title='bbox 1034 1995 1085 2048; x_wconf 91' lang='lat' dir='ltr'>in</span> <span class='ocrx_word' id='word_1_265' title='bbox 1112 1995 1451 2066; x_wconf 85' lang='lat' dir='ltr'><strong>Pentecoste,</strong></span> <span class='ocrx_word' id='word_1_266' title='bbox 1480 1994 1793 2066; x_wconf 76' lang='lat' dir='ltr'><strong>Magistrum</strong></span> <span class='ocrx_word' id='word_1_267' title='bbox 1820 2012 1973 2050; x_wconf 79' lang='lat' dir='ltr'><strong>eum-</strong></span> 
     </span>
    </p>
   </div>
   <div class='ocr_carea' id='block_1_39' title="bbox 2083 1990 3658 2066">
    <p class='ocr_par' dir='ltr' id='par_1_39' title="bbox 2083 1991 3658 2062">
     <span class='ocr_line' id='line_1_39' title="bbox 2083 1991 3658 2062; baseline 0 -16"><span class='ocrx_word' id='word_1_268' title='bbox 2083 1992 2421 2062; x_wconf 85' lang='grc' dir='ltr'>πεποιηκότα</span> <span class='ocrx_word' id='word_1_269' title='bbox 2454 1991 2848 2046; x_wconf 75' lang='grc' dir='ltr'>ἐπιδείκνυσιν·</span> <span class='ocrx_word' id='word_1_270' title='bbox 2891 1991 3132 2060; x_wconf 82' lang='grc' dir='ltr'>Ἐπειδὴ</span> <span class='ocrx_word' id='word_1_271' title='bbox 3161 1993 3294 2062; x_wconf 78' lang='grc' dir='ltr'>γὰρ,</span> <span class='ocrx_word' id='word_1_272' title='bbox 3331 1993 3658 2062; x_wconf 74' lang='grc' dir='ltr'>φησί,“συμ-</span> 
     </span>
    </p>
   </div>
   <div class='ocr_carea' id='block_1_40' title="bbox 407 2083 1972 2154">
    <p class='ocr_par' dir='ltr' id='par_1_40' title="bbox 407 2083 1972 2154">
     <span class='ocr_line' id='line_1_40' title="bbox 407 2083 1972 2154; baseline 0.002 -16"><span class='ocrx_word' id='word_1_273' title='bbox 407 2084 529 2138; x_wconf 90' lang='lat' dir='ltr'>dem</span> <span class='ocrx_word' id='word_1_274' title='bbox 586 2083 774 2138; x_wconf 83' lang='lat' dir='ltr'><strong>videas</strong></span> <span class='ocrx_word' id='word_1_275' title='bbox 825 2086 998 2153; x_wconf 89' lang='lat' dir='ltr'><strong>ipsum</strong></span> <span class='ocrx_word' id='word_1_276' title='bbox 1052 2087 1390 2154; x_wconf 84' lang='lat' dir='ltr'><strong>gubernandi</strong></span> <span class='ocrx_word' id='word_1_277' title='bbox 1442 2085 1671 2139; x_wconf 81' lang='lat' dir='ltr'><strong>formam</strong></span> <span class='ocrx_word' id='word_1_278' title='bbox 1715 2087 1972 2141; x_wconf 87' lang='lat' dir='ltr'><strong>vincere:</strong></span> 
     </span>
    </p>
   </div>
   <div class='ocr_carea' id='block_1_41' title="bbox 407 2172 1973 2246">
    <p class='ocr_par' dir='ltr' id='par_1_41' title="bbox 407 2172 1973 2246">
     <span class='ocr_line' id='line_1_41' title="bbox 407 2172 1973 2246; baseline 0.002 -18"><span class='ocrx_word' id='word_1_279' title='bbox 407 2172 512 2228; x_wconf 84' lang='lat' dir='ltr'><strong>Sed</strong></span> <span class='ocrx_word' id='word_1_280' title='bbox 543 2175 777 2244; x_wconf 80' lang='lat' dir='ltr'><strong>syllabis,</strong></span> <span class='ocrx_word' id='word_1_281' title='bbox 810 2177 1003 2246; x_wconf 90' lang='lat' dir='ltr'><strong>inquit,</strong></span> <span class='ocrx_word' id='word_1_282' title='bbox 1048 2178 1377 2246; x_wconf 61' lang='lat' dir='ltr'><strong>oﬂendimini</strong></span> <span class='ocrx_word' id='word_1_283' title='bbox 1409 2221 1424 2243; x_wconf 90' lang='lat'>,</span> <span class='ocrx_word' id='word_1_284' title='bbox 1457 2189 1502 2231; x_wconf 89' lang='lat' dir='ltr'>et</span> <span class='ocrx_word' id='word_1_285' title='bbox 1532 2194 1652 2232; x_wconf 81' lang='lat' dir='ltr'><strong>voce</strong></span> <span class='ocrx_word' id='word_1_286' title='bbox 1677 2195 1695 2241; x_wconf 89' lang='lat'><strong><em>;</em></strong></span> <span class='ocrx_word' id='word_1_287' title='bbox 1719 2177 1842 2232; x_wconf 89' lang='lat' dir='ltr'><strong>date</strong></span> <span class='ocrx_word' id='word_1_288' title='bbox 1869 2181 1973 2233; x_wconf 84' lang='lat' dir='ltr'><strong>vim</strong></span> 
     </span>
    </p>
   </div>
   <div class='ocr_carea' id='block_1_42' title="bbox 405 2264 1634 2332">
    <p class='ocr_par' dir='ltr' id='par_1_42' title="bbox 405 2264 1634 2332">
     <span class='ocr_line' id='line_1_42' title="bbox 405 2264 1634 2332; baseline 0.006 -17"><span class='ocrx_word' id='word_1_289' title='bbox 405 2264 718 2332; x_wconf 88' lang='lat' dir='ltr'><strong>divinitatis,</strong></span> <span class='ocrx_word' id='word_1_290' title='bbox 741 2276 791 2320; x_wconf 91' lang='lat' dir='ltr'>et</span> <span class='ocrx_word' id='word_1_291' title='bbox 815 2266 1056 2322; x_wconf 83' lang='lat' dir='ltr'><strong>dabimus</strong></span> <span class='ocrx_word' id='word_1_292' title='bbox 1082 2271 1221 2323; x_wconf 86' lang='lat' dir='ltr'><strong>vobis</strong></span> <span class='ocrx_word' id='word_1_293' title='bbox 1250 2272 1451 2324; x_wconf 67' lang='lat' dir='ltr'><strong>veniam</strong></span> <span class='ocrx_word' id='word_1_294' title='bbox 1475 2271 1634 2325; x_wconf 83' lang='lat' dir='ltr'><strong>vocis.</strong></span> 
     </span>
    </p>
   </div>
   <div class='ocr_carea' id='block_1_43' title="bbox 2080 2080 3661 2155">
    <p class='ocr_par' dir='ltr' id='par_1_43' title="bbox 2080 2080 3661 2155">
     <span class='ocr_line' id='line_1_43' title="bbox 2080 2080 3661 2155; baseline -0.003 -15"><span class='ocrx_word' id='word_1_295' title='bbox 2080 2084 2451 2155; x_wconf 74' lang='grc' dir='ltr'>φρονοῦντας</span> <span class='ocrx_word' id='word_1_296' title='bbox 2481 2080 2619 2153; x_wconf 86' lang='grc' dir='ltr'>εὗρε</span> <span class='ocrx_word' id='word_1_297' title='bbox 2659 2084 2760 2138; x_wconf 81' lang='grc' dir='ltr'>καὶ</span> <span class='ocrx_word' id='word_1_298' title='bbox 2790 2085 2970 2139; x_wconf 80' lang='grc' dir='ltr'>οὐδὲν</span> <span class='ocrx_word' id='word_1_299' title='bbox 2995 2083 3319 2149; x_wconf 83' lang='grc' dir='ltr'>διεστῶτας</span> <span class='ocrx_word' id='word_1_300' title='bbox 3360 2083 3514 2137; x_wconf 81' lang='grc' dir='ltr'>κατὰ</span> <span class='ocrx_word' id='word_1_301' title='bbox 3551 2084 3661 2136; x_wconf 85' lang='grc' dir='ltr'>τὸν</span> 
     </span>
    </p>
   </div>
   <div class='ocr_carea' id='block_1_44' title="bbox 2077 2176 3660 2249">
    <p class='ocr_par' dir='ltr' id='par_1_44' title="bbox 2077 2176 3660 2249">
     <span class='ocr_line' id='line_1_44' title="bbox 2077 2176 3660 2249; baseline -0.003 -16"><span class='ocrx_word' id='word_1_302' title='bbox 2077 2180 2296 2248; x_wconf 76' lang='grc' dir='ltr'>λόγον,</span> <span class='ocrx_word' id='word_1_303' title='bbox 2361 2179 2434 2232; x_wconf 83' lang='grc' dir='ltr'>τὰ</span> <span class='ocrx_word' id='word_1_304' title='bbox 2491 2178 2754 2247; x_wconf 76' lang='grc' dir='ltr'>ὀνόματα</span> <span class='ocrx_word' id='word_1_305' title='bbox 2801 2178 3213 2249; x_wconf 80' lang='grc' dir='ltr'>συγχωρήσας</span> <span class='ocrx_word' id='word_1_306' title='bbox 3266 2176 3485 2232; x_wconf 80' lang='grc' dir='ltr'>συνδεῖ</span> <span class='ocrx_word' id='word_1_307' title='bbox 3533 2176 3660 2242; x_wconf 84' lang='grc' dir='ltr'>τοῖς</span> 
     </span>
    </p>
   </div>
   <div class='ocr_carea' id='block_1_45' title="bbox 2078 2267 3662 2340">
    <p class='ocr_par' dir='ltr' id='par_1_45' title="bbox 2078 2267 3662 2340">
     <span class='ocr_line' id='line_1_45' title="bbox 2078 2267 3662 2340; baseline -0.002 -18"><span class='ocrx_word' id='word_1_308' title='bbox 2078 2269 2400 2339; x_wconf 78' lang='grc' dir='ltr'>πράγμασι.</span> <span class='ocrx_word' id='word_1_309' title='bbox 2437 2269 2549 2324; x_wconf 75' lang='grc' dir='ltr'>Καὶ</span> <span class='ocrx_word' id='word_1_310' title='bbox 2586 2270 2645 2322; x_wconf 78' lang='grc' dir='ltr'>ὲν</span> <span class='ocrx_word' id='word_1_311' title='bbox 2675 2272 2742 2340; x_wconf 85' lang='grc' dir='ltr'>τῇ</span> <span class='ocrx_word' id='word_1_312' title='bbox 2779 2270 3128 2340; x_wconf 84' lang='grc' dir='ltr'>Πεντηκοστῇ</span> <span class='ocrx_word' id='word_1_313' title='bbox 3153 2269 3213 2322; x_wconf 83' lang='grc' dir='ltr'>δὲ</span> <span class='ocrx_word' id='word_1_314' title='bbox 3257 2268 3419 2322; x_wconf 87' lang='grc' dir='ltr'>πάλιν</span> <span class='ocrx_word' id='word_1_315' title='bbox 3447 2267 3540 2321; x_wconf 76' lang='grc' dir='ltr'>τὸν</span> <span class='ocrx_word' id='word_1_316' title='bbox 3568 2268 3662 2320; x_wconf 87' lang='grc' dir='ltr'>αὐ-</span> 
     </span>
    </p>
   </div>
   <div class='ocr_carea' id='block_1_46' title="bbox 403 2360 3660 2438">
    <p class='ocr_par' dir='ltr' id='par_1_46' title="bbox 403 2360 3660 2438">
     <span class='ocr_line' id='line_1_46' title="bbox 403 2360 3660 2438; baseline 0.001 -22"><span class='ocrx_word' id='word_1_317' title='bbox 403 2361 500 2416; x_wconf 85' lang='grc' dir='ltr'>τὸν</span> <span class='ocrx_word' id='word_1_318' title='bbox 540 2362 856 2416; x_wconf 86' lang='grc' dir='ltr'>διδάσκαλον</span> <span class='ocrx_word' id='word_1_319' title='bbox 905 2364 1037 2428; x_wconf 85' lang='grc' dir='ltr'>ίδοις</span> <span class='ocrx_word' id='word_1_320' title='bbox 1083 2367 1151 2419; x_wconf 88' lang='grc' dir='ltr'>ἂν</span> <span class='ocrx_word' id='word_1_321' title='bbox 1189 2367 1288 2438; x_wconf 80' lang='grc' dir='ltr'>τῆς</span> <span class='ocrx_word' id='word_1_322' title='bbox 1335 2367 1506 2438; x_wconf 83' lang='grc' dir='ltr'>αὐτῆς</span> <span class='ocrx_word' id='word_1_323' title='bbox 1553 2366 1865 2436; x_wconf 89' lang='grc' dir='ltr'>οἰκονομίας</span> <span class='ocrx_word' id='word_1_324' title='bbox 1945 2365 2007 2419; x_wconf 85' lang='grc' dir='ltr'>τὸ</span> <span class='ocrx_word' id='word_1_325' title='bbox 2043 2360 2181 2428; x_wconf 79' lang='grc' dir='ltr'>εἶδος</span> <span class='ocrx_word' id='word_1_326' title='bbox 2227 2365 2560 2436; x_wconf 79' lang='grc' dir='ltr'>κρατύνονται</span> <span class='ocrx_word' id='word_1_327' title='bbox 2579 2365 2656 2398; x_wconf 68' lang='grc'>⁸⁸·</span> <span class='ocrx_word' id='word_1_328' title='bbox 2710 2364 2888 2420; x_wconf 78' lang='grc' dir='ltr'>Ἀλλὰ</span> <span class='ocrx_word' id='word_1_329' title='bbox 2935 2364 3064 2430; x_wconf 83' lang='grc' dir='ltr'>ταῖς</span> <span class='ocrx_word' id='word_1_330' title='bbox 3105 2364 3462 2430; x_wconf 72' lang='grc' dir='ltr'>συλλαϐαῖς,</span> <span class='ocrx_word' id='word_1_331' title='bbox 3502 2367 3660 2433; x_wconf 80' lang='grc' dir='ltr'>φησὶ,</span> 
     </span>
    </p>
   </div>
   <div class='ocr_carea' id='block_1_47' title="bbox 406 2454 3662 2529">
    <p class='ocr_par' dir='ltr' id='par_1_47' title="bbox 406 2454 3662 2529">
     <span class='ocr_line' id='line_1_47' title="bbox 406 2454 3662 2529; baseline -0.001 -18"><span class='ocrx_word' id='word_1_332' title='bbox 406 2457 854 2526; x_wconf 79' lang='grc' dir='ltr'>δυσχεραίνετε,</span> <span class='ocrx_word' id='word_1_333' title='bbox 899 2458 1000 2512; x_wconf 82' lang='grc' dir='ltr'>καί</span> <span class='ocrx_word' id='word_1_334' title='bbox 1048 2461 1447 2526; x_wconf 81' lang='grc' dir='ltr'>προσπταίετε</span> <span class='ocrx_word' id='word_1_335' title='bbox 1489 2460 1565 2527; x_wconf 79' lang='grc' dir='ltr'>τῇ</span> <span class='ocrx_word' id='word_1_336' title='bbox 1611 2458 1802 2529; x_wconf 73' lang='grc' dir='ltr'>φωνῇ.</span> <span class='ocrx_word' id='word_1_337' title='bbox 1843 2460 1984 2512; x_wconf 83' lang='grc' dir='ltr'>Δότε</span> <span class='ocrx_word' id='word_1_338' title='bbox 2019 2457 2135 2526; x_wconf 82' lang='grc' dir='ltr'>τὴν</span> <span class='ocrx_word' id='word_1_339' title='bbox 2188 2457 2444 2528; x_wconf 81' lang='grc' dir='ltr'>δύναμιν</span> <span class='ocrx_word' id='word_1_340' title='bbox 2476 2459 2587 2528; x_wconf 82' lang='grc' dir='ltr'>τῆς</span> <span class='ocrx_word' id='word_1_341' title='bbox 2633 2461 2912 2526; x_wconf 83' lang='grc' dir='ltr'>θεότητος</span> <span class='ocrx_word' id='word_1_342' title='bbox 2935 2498 2951 2522; x_wconf 85' lang='grc'>,</span> <span class='ocrx_word' id='word_1_343' title='bbox 3024 2459 3124 2512; x_wconf 78' lang='grc' dir='ltr'>καὶ</span> <span class='ocrx_word' id='word_1_344' title='bbox 3196 2456 3466 2528; x_wconf 82' lang='grc' dir='ltr'>δώσομεν</span> <span class='ocrx_word' id='word_1_345' title='bbox 3516 2454 3662 2527; x_wconf 80' lang='grc' dir='ltr'>ὑμῖν</span> 
     </span>
    </p>
   </div>
   <div class='ocr_carea' id='block_1_48' title="bbox 406 2549 1340 2621">
    <p class='ocr_par' dir='ltr' id='par_1_48' title="bbox 406 2549 1340 2621">
     <span class='ocr_line' id='line_1_48' title="bbox 406 2549 1340 2621; baseline 0.002 -16"><span class='ocrx_word' id='word_1_346' title='bbox 406 2549 520 2618; x_wconf 84' lang='grc' dir='ltr'>τῆς</span> <span class='ocrx_word' id='word_1_347' title='bbox 550 2549 756 2618; x_wconf 77' lang='grc' dir='ltr'>φωνῆς</span> <span class='ocrx_word' id='word_1_348' title='bbox 788 2551 902 2617; x_wconf 80' lang='grc' dir='ltr'>τὴν</span> <span class='ocrx_word' id='word_1_349' title='bbox 932 2552 1340 2621; x_wconf 82' lang='grc' dir='ltr'>συγχώρησιν.</span> 
     </span>
    </p>
   </div>
   <div class='ocr_carea' id='block_1_49' title="bbox 479 2645 1979 2719">
    <p class='ocr_par' dir='ltr' id='par_1_49' title="bbox 479 2645 1979 2719">
     <span class='ocr_line' id='line_1_49' title="bbox 479 2645 1979 2719; baseline 0.003 -19"><span class='ocrx_word' id='word_1_350' title='bbox 479 2645 543 2700; x_wconf 85' lang='grc' dir='ltr'>Ει</span> <span class='ocrx_word' id='word_1_351' title='bbox 571 2646 786 2700; x_wconf 90' lang='lat' dir='ltr'><strong>tertiam</strong></span> <span class='ocrx_word' id='word_1_352' title='bbox 826 2646 900 2701; x_wconf 87' lang='lat' dir='ltr'>ait</span> <span class='ocrx_word' id='word_1_353' title='bbox 932 2661 1054 2701; x_wconf 90' lang='lat' dir='ltr'><strong>esse</strong></span> <span class='ocrx_word' id='word_1_354' title='bbox 1098 2648 1432 2715; x_wconf 72' lang='lat' dir='ltr'><strong>gubernandi</strong></span> <span class='ocrx_word' id='word_1_355' title='bbox 1476 2651 1734 2714; x_wconf 82' lang='lat' dir='ltr'><strong>formam,</strong></span> <span class='ocrx_word' id='word_1_356' title='bbox 1762 2650 1979 2719; x_wconf 91' lang='lat' dir='ltr'><strong>quando</strong></span> 
     </span>
    </p>
   </div>
   <div class='ocr_carea' id='block_1_50' title="bbox 405 2731 1978 2809">
    <p class='ocr_par' dir='ltr' id='par_1_50' title="bbox 405 2731 1978 2809">
     <span class='ocr_line' id='line_1_50' title="bbox 405 2731 1978 2809; baseline 0 -15"><span class='ocrx_word' id='word_1_357' title='bbox 405 2754 550 2808; x_wconf 85' lang='lat' dir='ltr'><strong>sape</strong></span> <span class='ocrx_word' id='word_1_358' title='bbox 591 2753 838 2807; x_wconf 90' lang='lat' dir='ltr'><strong>persona</strong></span> <span class='ocrx_word' id='word_1_359' title='bbox 881 2731 1207 2804; x_wconf 86' lang='lat' dir='ltr'><strong>despiciunt,</strong></span> <span class='ocrx_word' id='word_1_360' title='bbox 1257 2740 1653 2809; x_wconf 83' lang='lat' dir='ltr'><strong>promulgatum</strong></span> <span class='ocrx_word' id='word_1_361' title='bbox 1700 2741 1978 2795; x_wconf 90' lang='lat' dir='ltr'><strong>decretum</strong></span> 
     </span>
    </p>
   </div>
   <div class='ocr_carea' id='block_1_51' title="bbox 406 2828 1978 2896">
    <p class='ocr_par' dir='ltr' id='par_1_51' title="bbox 406 2828 1978 2896">
     <span class='ocr_line' id='line_1_51' title="bbox 406 2828 1978 2896; baseline 0.001 -14"><span class='ocrx_word' id='word_1_362' title='bbox 406 2838 657 2884; x_wconf 85' lang='lat' dir='ltr'><strong>accurate</strong></span> <span class='ocrx_word' id='word_1_363' title='bbox 697 2837 883 2883; x_wconf 89' lang='lat' dir='ltr'><strong>contra</strong></span> <span class='ocrx_word' id='word_1_364' title='bbox 939 2828 1060 2883; x_wconf 90' lang='lat' dir='ltr'><strong>illos</strong></span> <span class='ocrx_word' id='word_1_365' title='bbox 1126 2831 1574 2896; x_wconf 87' lang='lat' dir='ltr'><strong>pronuntiatum,</strong></span> <span class='ocrx_word' id='word_1_366' title='bbox 1621 2830 1978 2884; x_wconf 86' lang='lat' dir='ltr'><strong>nihilominus</strong></span> 
     </span>
    </p>
   </div>
   <div class='ocr_carea' id='block_1_52' title="bbox 411 2919 1977 2990">
    <p class='ocr_par' dir='ltr' id='par_1_52' title="bbox 411 2919 1977 2990">
     <span class='ocr_line' id='line_1_52' title="bbox 411 2919 1977 2990; baseline -0.001 -16"><span class='ocrx_word' id='word_1_367' title='bbox 411 2931 562 2975; x_wconf 89' lang='lat' dir='ltr'><strong>recta</strong></span> <span class='ocrx_word' id='word_1_368' title='bbox 613 2919 939 2988; x_wconf 68' lang='lat' dir='ltr'><strong>praevalente</strong></span> <span class='ocrx_word' id='word_1_369' title='bbox 977 2919 1242 2973; x_wconf 88' lang='lat' dir='ltr'><strong>doctrina.</strong></span> <span class='ocrx_word' id='word_1_370' title='bbox 1292 2919 1600 2974; x_wconf 90' lang='lat' dir='ltr'><strong>Secundum</strong></span> <span class='ocrx_word' id='word_1_371' title='bbox 1649 2935 1836 2990; x_wconf 87' lang='lat' dir='ltr'><strong>quam,</strong></span> <span class='ocrx_word' id='word_1_372' title='bbox 1877 2921 1977 2986; x_wconf 89' lang='lat' dir='ltr'><strong>ait,</strong></span> 
     </span>
    </p>
   </div>
   <div class='ocr_carea' id='block_1_53' title="bbox 404 3009 1974 3080">
    <p class='ocr_par' dir='ltr' id='par_1_53' title="bbox 404 3009 1974 3080">
     <span class='ocr_line' id='line_1_53' title="bbox 404 3009 1974 3080; baseline 0.001 -15"><span class='ocrx_word' id='word_1_373' title='bbox 404 3011 764 3065; x_wconf 61' lang='lat' dir='ltr'><strong>oeconomiam</strong></span> <span class='ocrx_word' id='word_1_374' title='bbox 799 3009 1134 3080; x_wconf 87' lang='lat' dir='ltr'><strong>Theophilus</strong></span> <span class='ocrx_word' id='word_1_375' title='bbox 1170 3027 1293 3067; x_wconf 90' lang='lat' dir='ltr'>cum</span> <span class='ocrx_word' id='word_1_376' title='bbox 1327 3012 1546 3067; x_wconf 85' lang='lat' dir='ltr'><strong>Gelasio</strong></span> <span class='ocrx_word' id='word_1_377' title='bbox 1587 3012 1974 3077; x_wconf 88' lang='lat' dir='ltr'><strong>communicat,</strong></span> 
     </span>
    </p>
   </div>
   <div class='ocr_carea' id='block_1_54' title="bbox 407 3101 1975 3174">
    <p class='ocr_par' dir='ltr' id='par_1_54' title="bbox 407 3101 1975 3174">
     <span class='ocr_line' id='line_1_54' title="bbox 407 3101 1975 3174; baseline 0 -17"><span class='ocrx_word' id='word_1_378' title='bbox 407 3102 462 3157; x_wconf 88' lang='lat' dir='ltr'>in</span> <span class='ocrx_word' id='word_1_379' title='bbox 494 3103 686 3158; x_wconf 81' lang='lat' dir='ltr'><strong>tabulis</strong></span> <span class='ocrx_word' id='word_1_380' title='bbox 716 3104 946 3158; x_wconf 85' lang='lat' dir='ltr'><strong>habente</strong></span> <span class='ocrx_word' id='word_1_381' title='bbox 992 3103 1252 3174; x_wconf 90' lang='lat' dir='ltr'><strong>scriptum</strong></span> <span class='ocrx_word' id='word_1_382' title='bbox 1286 3102 1571 3157; x_wconf 87' lang='lat' dir='ltr'><strong>Eusebium</strong></span> <span class='ocrx_word' id='word_1_383' title='bbox 1610 3101 1975 3157; x_wconf 83' lang='lat' dir='ltr'><strong>Palastinum.</strong></span> 
     </span>
    </p>
   </div>
   <div class='ocr_carea' id='block_1_55' title="bbox 405 3193 1976 3264">
    <p class='ocr_par' dir='ltr' id='par_1_55' title="bbox 405 3193 1976 3264">
     <span class='ocr_line' id='line_1_55' title="bbox 405 3193 1976 3264; baseline -0.001 -15"><span class='ocrx_word' id='word_1_384' title='bbox 405 3193 643 3263; x_wconf 85' lang='lat' dir='ltr'><strong>Cyrillus</strong></span> <span class='ocrx_word' id='word_1_385' title='bbox 673 3209 800 3249; x_wconf 89' lang='lat' dir='ltr'><strong>vero</strong></span> <span class='ocrx_word' id='word_1_386' title='bbox 829 3211 857 3248; x_wconf 90' lang='lat' dir='ltr'>a</span> <span class='ocrx_word' id='word_1_387' title='bbox 888 3194 1160 3250; x_wconf 85' lang='lat' dir='ltr'><strong>Theodori</strong></span> <span class='ocrx_word' id='word_1_388' title='bbox 1197 3195 1538 3264; x_wconf 86' lang='lat' dir='ltr'><strong>Mopsuestia</strong></span> <span class='ocrx_word' id='word_1_389' title='bbox 1585 3195 1852 3264; x_wconf 90' lang='lat' dir='ltr'><strong>episcopi,</strong></span> <span class='ocrx_word' id='word_1_390' title='bbox 1879 3209 1976 3261; x_wconf 88' lang='lat' dir='ltr'>per</span> 
     </span>
    </p>
   </div>
   <div class='ocr_carea' id='block_1_56' title="bbox 2159 2639 3658 2712">
    <p class='ocr_par' dir='ltr' id='par_1_56' title="bbox 2159 2639 3658 2712">
     <span class='ocr_line' id='line_1_56' title="bbox 2159 2639 3658 2712; baseline -0.001 -16"><span class='ocrx_word' id='word_1_391' title='bbox 2159 2643 2272 2696; x_wconf 80' lang='grc' dir='ltr'>Καὶ</span> <span class='ocrx_word' id='word_1_392' title='bbox 2301 2642 2487 2712; x_wconf 83' lang='grc' dir='ltr'>τρίτον</span> <span class='ocrx_word' id='word_1_393' title='bbox 2524 2641 2580 2694; x_wconf 90' lang='grc' dir='ltr'>δέ</span> <span class='ocrx_word' id='word_1_394' title='bbox 2609 2657 2742 2711; x_wconf 88' lang='grc' dir='ltr'>φησι</span> <span class='ocrx_word' id='word_1_395' title='bbox 2782 2643 2983 2711; x_wconf 76' lang='grc' dir='ltr'>τρόπον</span> <span class='ocrx_word' id='word_1_396' title='bbox 3011 2639 3347 2710; x_wconf 84' lang='grc' dir='ltr'>οἰκονομίας,</span> <span class='ocrx_word' id='word_1_397' title='bbox 3379 2640 3470 2693; x_wconf 74' lang='grc' dir='ltr'>ὅτε</span> <span class='ocrx_word' id='word_1_398' title='bbox 3513 2655 3658 2709; x_wconf 89' lang='grc' dir='ltr'>παρ-</span> 
     </span>
    </p>
   </div>
   <div class='ocr_carea' id='block_1_57' title="bbox 2084 2731 3660 2806">
    <p class='ocr_par' dir='ltr' id='par_1_57' title="bbox 2084 2731 3660 2806">
     <span class='ocr_line' id='line_1_57' title="bbox 2084 2731 3660 2806; baseline -0.004 -16"><span class='ocrx_word' id='word_1_399' title='bbox 2084 2736 2320 2806; x_wconf 88' lang='grc' dir='ltr'>ορῶνται</span> <span class='ocrx_word' id='word_1_400' title='bbox 2367 2733 2634 2804; x_wconf 86' lang='grc' dir='ltr'>πρόσωπα</span> <span class='ocrx_word' id='word_1_401' title='bbox 2678 2731 2939 2794; x_wconf 84' lang='grc' dir='ltr'>πολλάκις</span> <span class='ocrx_word' id='word_1_402' title='bbox 2979 2732 3320 2802; x_wconf 81' lang='grc' dir='ltr'>ὲκκήρυκτον</span> <span class='ocrx_word' id='word_1_403' title='bbox 3349 2731 3532 2801; x_wconf 73' lang='grc' dir='ltr'>ψῆφον</span> <span class='ocrx_word' id='word_1_404' title='bbox 3557 2733 3660 2803; x_wconf 85' lang='grc' dir='ltr'>τῆς</span> 
     </span>
    </p>
   </div>
   <div class='ocr_carea' id='block_1_58' title="bbox 2086 2821 3663 2896">
    <p class='ocr_par' dir='ltr' id='par_1_58' title="bbox 2086 2821 3663 2896">
     <span class='ocr_line' id='line_1_58' title="bbox 2086 2821 3663 2896; baseline 0 -18"><span class='ocrx_word' id='word_1_405' title='bbox 2086 2823 2376 2896; x_wconf 90' lang='grc' dir='ltr'>ἀκριϐείας</span> <span class='ocrx_word' id='word_1_406' title='bbox 2396 2823 2518 2876; x_wconf 88' lang='grc' dir='ltr'>κατ’</span> <span class='ocrx_word' id='word_1_407' title='bbox 2541 2821 2720 2876; x_wconf 90' lang='grc' dir='ltr'>αὐτῶν</span> <span class='ocrx_word' id='word_1_408' title='bbox 2743 2823 3245 2892; x_wconf 85' lang='grc' dir='ltr'>άνακηρυττοὺσης,</span> <span class='ocrx_word' id='word_1_409' title='bbox 3264 2823 3416 2876; x_wconf 84' lang='grc' dir='ltr'>οὐδὲν</span> <span class='ocrx_word' id='word_1_410' title='bbox 3439 2823 3663 2878; x_wconf 76' lang='grc' dir='ltr'>ἔλαττον</span> 
     </span>
    </p>
   </div>
   <div class='ocr_carea' id='block_1_59' title="bbox 2083 2911 3658 2987">
    <p class='ocr_par' dir='ltr' id='par_1_59' title="bbox 2083 2911 3658 2987">
     <span class='ocr_line' id='line_1_59' title="bbox 2083 2911 3658 2987; baseline 0 -17"><span class='ocrx_word' id='word_1_411' title='bbox 2083 2918 2192 2970; x_wconf 89' lang='grc' dir='ltr'>τῶν</span> <span class='ocrx_word' id='word_1_412' title='bbox 2222 2915 2400 2987; x_wconf 82' lang='grc' dir='ltr'>ὀρθῶν</span> <span class='ocrx_word' id='word_1_413' title='bbox 2422 2911 2840 2985; x_wconf 88' lang='grc' dir='ltr'>κρατυνομένων</span> <span class='ocrx_word' id='word_1_414' title='bbox 2866 2913 3172 2982; x_wconf 87' lang='grc' dir='ltr'>δογμάτων.</span> <span class='ocrx_word' id='word_1_415' title='bbox 3190 2913 3327 2968; x_wconf 84' lang='grc' dir='ltr'>Καθ’</span> <span class='ocrx_word' id='word_1_416' title='bbox 3355 2915 3442 2985; x_wconf 80' lang='grc' dir='ltr'>ἢν,</span> <span class='ocrx_word' id='word_1_417' title='bbox 3469 2917 3658 2985; x_wconf 80' lang='grc' dir='ltr'>φησὶν,</span> 
     </span>
    </p>
   </div>
   <div class='ocr_carea' id='block_1_60' title="bbox 2085 3004 3660 3078">
    <p class='ocr_par' dir='ltr' id='par_1_60' title="bbox 2085 3004 3660 3078">
     <span class='ocr_line' id='line_1_60' title="bbox 2085 3004 3660 3078; baseline -0.001 -16"><span class='ocrx_word' id='word_1_418' title='bbox 2085 3007 2400 3078; x_wconf 85' lang='grc' dir='ltr'>οἰκονομίαν</span> <span class='ocrx_word' id='word_1_419' title='bbox 2431 3005 2690 3073; x_wconf 84' lang='grc' dir='ltr'>Θεόφιλος</span> <span class='ocrx_word' id='word_1_420' title='bbox 2727 3004 2825 3075; x_wconf 81' lang='grc' dir='ltr'>μὲν</span> <span class='ocrx_word' id='word_1_421' title='bbox 2857 3005 2933 3073; x_wconf 81' lang='grc' dir='ltr'>τῷ</span> <span class='ocrx_word' id='word_1_422' title='bbox 2964 3005 3203 3074; x_wconf 87' lang='grc' dir='ltr'>Γελασίῳ</span> <span class='ocrx_word' id='word_1_423' title='bbox 3235 3006 3537 3069; x_wconf 75' lang='grc' dir='ltr'>ἐκοινώνει,</span> <span class='ocrx_word' id='word_1_424' title='bbox 3564 3010 3660 3076; x_wconf 80' lang='grc' dir='ltr'>ὲγ-</span> 
     </span>
    </p>
   </div>
   <div class='ocr_carea' id='block_1_61' title="bbox 2085 3096 3664 3170">
    <p class='ocr_par' dir='ltr' id='par_1_61' title="bbox 2085 3096 3664 3170">
     <span class='ocr_line' id='line_1_61' title="bbox 2085 3096 3664 3170; baseline 0.001 -18"><span class='ocrx_word' id='word_1_425' title='bbox 2085 3099 2474 3170; x_wconf 83' lang='grc' dir='ltr'>γεγραμμένον</span> <span class='ocrx_word' id='word_1_426' title='bbox 2500 3096 2680 3165; x_wconf 78' lang='grc' dir='ltr'>ἐχοντι</span> <span class='ocrx_word' id='word_1_427' title='bbox 2703 3099 2818 3159; x_wconf 86' lang='grc' dir='ltr'>τοῖς</span> <span class='ocrx_word' id='word_1_428' title='bbox 2846 3097 3013 3166; x_wconf 85' lang='grc' dir='ltr'>ἰεροῖς</span> <span class='ocrx_word' id='word_1_429' title='bbox 3036 3096 3315 3167; x_wconf 77' lang='grc' dir='ltr'>διπτύχοις</span> <span class='ocrx_word' id='word_1_430' title='bbox 3339 3099 3431 3151; x_wconf 80' lang='grc' dir='ltr'>τὸν</span> <span class='ocrx_word' id='word_1_431' title='bbox 3456 3099 3664 3154; x_wconf 84' lang='grc' dir='ltr'>Παλαι-</span> 
     </span>
    </p>
   </div>
   <div class='ocr_carea' id='block_1_62' title="bbox 2086 3188 3662 3262">
    <p class='ocr_par' dir='ltr' id='par_1_62' title="bbox 2086 3188 3662 3262">
     <span class='ocr_line' id='line_1_62' title="bbox 2086 3188 3662 3262; baseline 0.001 -17"><span class='ocrx_word' id='word_1_432' title='bbox 2086 3194 2264 3245; x_wconf 88' lang='grc' dir='ltr'>στῖνον</span> <span class='ocrx_word' id='word_1_433' title='bbox 2297 3191 2344 3222; x_wconf 79' lang='grc' dir='ltr'><strong><em>⁸ο</em></strong></span> <span class='ocrx_word' id='word_1_434' title='bbox 2399 3188 2694 3254; x_wconf 79' lang='grc' dir='ltr'>Εὐσέϐιον,</span> <span class='ocrx_word' id='word_1_435' title='bbox 2741 3189 3010 3260; x_wconf 86' lang='grc' dir='ltr'>Κύριλλος</span> <span class='ocrx_word' id='word_1_436' title='bbox 3038 3190 3094 3243; x_wconf 81' lang='grc' dir='ltr'>δὲ</span> <span class='ocrx_word' id='word_1_437' title='bbox 3139 3190 3235 3244; x_wconf 79' lang='grc' dir='ltr'>τοῦ</span> <span class='ocrx_word' id='word_1_438' title='bbox 3284 3191 3662 3262; x_wconf 80' lang='grc' dir='ltr'>Μοψουεστίας</span> 
     </span>
    </p>
   </div>
   <div class='ocr_carea' id='block_1_63' title="bbox 406 3269 1973 3357">
    <p class='ocr_par' dir='ltr' id='par_1_63' title="bbox 406 3285 1971 3357">
     <span class='ocr_line' id='line_1_63' title="bbox 406 3285 1971 3357; baseline -0.001 -15"><span class='ocrx_word' id='word_1_439' title='bbox 406 3285 686 3342; x_wconf 88' lang='lat' dir='ltr'><strong>Orientem</strong></span> <span class='ocrx_word' id='word_1_440' title='bbox 717 3287 906 3342; x_wconf 89' lang='lat' dir='ltr'><strong>eodem</strong></span> <span class='ocrx_word' id='word_1_441' title='bbox 930 3289 1091 3343; x_wconf 93' lang='lat' dir='ltr'><strong>modo</strong></span> <span class='ocrx_word' id='word_1_442' title='bbox 1120 3290 1312 3343; x_wconf 88' lang='lat' dir='ltr'><strong>itermu</strong></span> <span class='ocrx_word' id='word_1_443' title='bbox 1338 3290 1682 3343; x_wconf 87' lang='lat' dir='ltr'><strong>anathemate</strong></span> <span class='ocrx_word' id='word_1_444' title='bbox 1705 3288 1971 3357; x_wconf 81' lang='lat' dir='ltr'><strong>percussi,</strong></span> 
     </span>
    </p>
   </div>
   <div class='ocr_carea' id='block_1_64' title="bbox 2083 3269 3660 3357">
    <p class='ocr_par' dir='ltr' id='par_1_64' title="bbox 2083 3282 3660 3357">
     <span class='ocr_line' id='line_1_64' title="bbox 2083 3282 3660 3357; baseline 0 -19"><span class='ocrx_word' id='word_1_445' title='bbox 2083 3283 2382 3355; x_wconf 80' lang='grc' dir='ltr'>Βεοδὼρου,</span> <span class='ocrx_word' id='word_1_446' title='bbox 2415 3283 2558 3337; x_wconf 85' lang='grc' dir='ltr'>κατά</span> <span class='ocrx_word' id='word_1_447' title='bbox 2588 3282 2688 3354; x_wconf 76' lang='grc' dir='ltr'>τὴν</span> <span class='ocrx_word' id='word_1_448' title='bbox 2724 3282 2867 3354; x_wconf 76' lang='grc' dir='ltr'>ἑῴαν</span> <span class='ocrx_word' id='word_1_449' title='bbox 2916 3283 3179 3348; x_wconf 86' lang='grc' dir='ltr'>ὡσαύτως</span> <span class='ocrx_word' id='word_1_450' title='bbox 3211 3287 3660 3357; x_wconf 84' lang='grc' dir='ltr'>ἀνακηρυττομέ-</span> 
     </span>
    </p>
   </div>
   <div class='ocr_carea' id='block_1_65' title="bbox 405 3379 1970 3435">
    <p class='ocr_par' dir='ltr' id='par_1_65' title="bbox 405 3379 1970 3435">
     <span class='ocr_line' id='line_1_65' title="bbox 405 3379 1970 3435; baseline -0.001 -1"><span class='ocrx_word' id='word_1_451' title='bbox 405 3379 789 3434; x_wconf 82' lang='lat' dir='ltr'><strong>comuunione</strong></span> <span class='ocrx_word' id='word_1_452' title='bbox 827 3395 932 3434; x_wconf 90' lang='lat' dir='ltr'>non</span> <span class='ocrx_word' id='word_1_453' title='bbox 965 3381 1245 3435; x_wconf 89' lang='lat' dir='ltr'><strong>abstinuit.</strong></span> <span class='ocrx_word' id='word_1_454' title='bbox 1298 3379 1524 3435; x_wconf 81' lang='lat' dir='ltr'><strong>Videbat</strong></span> <span class='ocrx_word' id='word_1_455' title='bbox 1561 3380 1705 3433; x_wconf 88' lang='lat' dir='ltr'><strong>enim</strong></span> <span class='ocrx_word' id='word_1_456' title='bbox 1733 3379 1970 3433; x_wconf 87' lang='lat' dir='ltr'><strong>sinceris</strong></span> 
     </span>
    </p>
   </div>
   <div class='ocr_carea' id='block_1_66' title="bbox 407 3469 1971 3540">
    <p class='ocr_par' dir='ltr' id='par_1_66' title="bbox 407 3469 1971 3540">
     <span class='ocr_line' id='line_1_66' title="bbox 407 3469 1971 3540; baseline -0.002 -15"><span class='ocrx_word' id='word_1_457' title='bbox 407 3469 751 3538; x_wconf 77' lang='lat' dir='ltr'><strong>dogmatibus</strong></span> <span class='ocrx_word' id='word_1_458' title='bbox 780 3470 982 3525; x_wconf 87' lang='lat' dir='ltr'><strong>servari</strong></span> <span class='ocrx_word' id='word_1_459' title='bbox 1034 3472 1335 3540; x_wconf 88' lang='lat' dir='ltr'><strong>pracipuos</strong></span> <span class='ocrx_word' id='word_1_460' title='bbox 1380 3469 1660 3538; x_wconf 78' lang='lat' dir='ltr'><strong>religionis</strong></span> <span class='ocrx_word' id='word_1_461' title='bbox 1691 3469 1971 3524; x_wconf 87' lang='lat' dir='ltr'><strong>articulos.</strong></span> 
     </span>
    </p>
   </div>
   <div class='ocr_carea' id='block_1_67' title="bbox 404 3561 1970 3631">
    <p class='ocr_par' dir='ltr' id='par_1_67' title="bbox 404 3561 1970 3631">
     <span class='ocr_line' id='line_1_67' title="bbox 404 3561 1970 3631; baseline -0.001 -16"><span class='ocrx_word' id='word_1_462' title='bbox 404 3562 485 3616; x_wconf 84' lang='lat' dir='ltr'><strong>Ad</strong></span> <span class='ocrx_word' id='word_1_463' title='bbox 509 3561 637 3616; x_wconf 91' lang='lat' dir='ltr'><strong>illud</strong></span> <span class='ocrx_word' id='word_1_464' title='bbox 664 3563 809 3616; x_wconf 88' lang='lat' dir='ltr'><strong>enim</strong></span> <span class='ocrx_word' id='word_1_465' title='bbox 841 3577 1012 3631; x_wconf 91' lang='lat' dir='ltr'><strong>usque</strong></span> <span class='ocrx_word' id='word_1_466' title='bbox 1037 3572 1249 3628; x_wconf 88' lang='lat' dir='ltr'><strong>tempus</strong></span> <span class='ocrx_word' id='word_1_467' title='bbox 1277 3577 1409 3617; x_wconf 85' lang='lat' dir='ltr'><strong>sana</strong></span> <span class='ocrx_word' id='word_1_468' title='bbox 1444 3563 1687 3616; x_wconf 89' lang='lat' dir='ltr'><strong>doctrina</strong></span> <span class='ocrx_word' id='word_1_469' title='bbox 1714 3561 1970 3622; x_wconf 87' lang='lat' dir='ltr'><strong>obtinuit.</strong></span> 
     </span>
    </p>
   </div>
   <div class='ocr_carea' id='block_1_68' title="bbox 405 3654 1974 3725">
    <p class='ocr_par' dir='ltr' id='par_1_68' title="bbox 405 3654 1974 3725">
     <span class='ocr_line' id='line_1_68' title="bbox 405 3654 1974 3725; baseline 0 -17"><span class='ocrx_word' id='word_1_470' title='bbox 405 3668 580 3723; x_wconf 83' lang='lat' dir='ltr'><strong>neque</strong></span> <span class='ocrx_word' id='word_1_471' title='bbox 608 3654 873 3710; x_wconf 86' lang='lat' dir='ltr'><strong>hactenus</strong></span> <span class='ocrx_word' id='word_1_472' title='bbox 893 3655 1167 3725; x_wconf 88' lang='lat' dir='ltr'><strong>quidpiam</strong></span> <span class='ocrx_word' id='word_1_473' title='bbox 1194 3655 1451 3710; x_wconf 73' lang='lat' dir='ltr'><strong>Ecclesiae</strong></span> <span class='ocrx_word' id='word_1_474' title='bbox 1473 3656 1787 3725; x_wconf 72' lang='lat' dir='ltr'><strong>dog’matum</strong></span> <span class='ocrx_word' id='word_1_475' title='bbox 1820 3655 1974 3708; x_wconf 89' lang='lat' dir='ltr'><strong>iuno-</strong></span> 
     </span>
    </p>
   </div>
   <div class='ocr_carea' id='block_1_69' title="bbox 404 3755 613 3800">
    <p class='ocr_par' dir='ltr' id='par_1_69' title="bbox 404 3755 613 3800">
     <span class='ocr_line' id='line_1_69' title="bbox 404 3755 613 3800; baseline 0.01 -2"><span class='ocrx_word' id='word_1_476' title='bbox 404 3755 613 3800; x_wconf 83' lang='lat' dir='ltr'><strong>vatum.</strong></span> 
     </span>
    </p>
   </div>
   <div class='ocr_carea' id='block_1_70' title="bbox 468 3833 1971 3906">
    <p class='ocr_par' dir='ltr' id='par_1_70' title="bbox 468 3833 1971 3906">
     <span class='ocr_line' id='line_1_70' title="bbox 468 3833 1971 3906; baseline 0 -15"><span class='ocrx_word' id='word_1_477' title='bbox 468 3833 672 3906; x_wconf 65' lang='lat' dir='ltr'>.245a</span> <span class='ocrx_word' id='word_1_478' title='bbox 725 3834 858 3891; x_wconf 91' lang='lat' dir='ltr'><strong>Tres</strong></span> <span class='ocrx_word' id='word_1_479' title='bbox 908 3836 1071 3906; x_wconf 83' lang='lat' dir='ltr'><strong>igitur</strong></span> <span class='ocrx_word' id='word_1_480' title='bbox 1114 3837 1166 3892; x_wconf 91' lang='lat' dir='ltr'>in</span> <span class='ocrx_word' id='word_1_481' title='bbox 1206 3849 1390 3906; x_wconf 85' lang='lat' dir='ltr'><strong>partes</strong></span> <span class='ocrx_word' id='word_1_482' title='bbox 1435 3840 1795 3895; x_wconf 78' lang='lat' dir='ltr'><strong>meonomiam</strong></span> <span class='ocrx_word' id='word_1_483' title='bbox 1832 3839 1971 3895; x_wconf 85' lang='lat' dir='ltr'><strong>divi-</strong></span> 
     </span>
    </p>
   </div>
   <div class='ocr_carea' id='block_1_71' title="bbox 404 3924 1976 3989">
    <p class='ocr_par' dir='ltr' id='par_1_71' title="bbox 404 3924 1976 3989">
     <span class='ocr_line' id='line_1_71' title="bbox 404 3924 1976 3989; baseline 0.004 -11"><span class='ocrx_word' id='word_1_484' title='bbox 404 3924 560 3989; x_wconf 89' lang='lat' dir='ltr'><strong>dens,</strong></span> <span class='ocrx_word' id='word_1_485' title='bbox 591 3934 645 3980; x_wconf 89' lang='lat' dir='ltr'>et</span> <span class='ocrx_word' id='word_1_486' title='bbox 671 3927 965 3982; x_wconf 89' lang='lat' dir='ltr'><strong>secundum</strong></span> <span class='ocrx_word' id='word_1_487' title='bbox 995 3929 1192 3983; x_wconf 89' lang='lat' dir='ltr'><strong>nullam</strong></span> <span class='ocrx_word' id='word_1_488' title='bbox 1225 3928 1726 3987; x_wconf 85' lang='lat' dir='ltr'><strong>Theodosianorum</strong></span> <span class='ocrx_word' id='word_1_489' title='bbox 1762 3941 1817 3985; x_wconf 90' lang='lat' dir='ltr'>et</span> <span class='ocrx_word' id='word_1_490' title='bbox 1847 3931 1976 3986; x_wconf 87' lang='lat' dir='ltr'><strong>Cai-</strong></span> 
     </span>
    </p>
   </div>
   <div class='ocr_carea' id='block_1_72' title="bbox 404 4017 1975 4093">
    <p class='ocr_par' dir='ltr' id='par_1_72' title="bbox 404 4017 1975 4093">
     <span class='ocr_line' id='line_1_72' title="bbox 404 4017 1975 4093; baseline 0.004 -25"><span class='ocrx_word' id='word_1_491' title='bbox 404 4017 640 4072; x_wconf 88' lang='lat' dir='ltr'><strong>nitarum</strong></span> <span class='ocrx_word' id='word_1_492' title='bbox 675 4018 934 4075; x_wconf 89' lang='lat' dir='ltr'><strong>unitatem</strong></span> <span class='ocrx_word' id='word_1_493' title='bbox 955 4024 1246 4089; x_wconf 83' lang='lat' dir='ltr'><strong>procedere</strong></span> <span class='ocrx_word' id='word_1_494' title='bbox 1278 4023 1678 4089; x_wconf 88' lang='lat' dir='ltr'><strong>demonstrans,</strong></span> <span class='ocrx_word' id='word_1_495' title='bbox 1709 4025 1762 4078; x_wconf 93' lang='lat' dir='ltr'>in</span> <span class='ocrx_word' id='word_1_496' title='bbox 1793 4023 1975 4093; x_wconf 88' lang='lat' dir='ltr'><strong>prodi-</strong></span> 
     </span>
    </p>
   </div>
   <div class='ocr_carea' id='block_1_73' title="bbox 405 4103 1968 4184">
    <p class='ocr_par' dir='ltr' id='par_1_73' title="bbox 405 4103 1968 4184">
     <span class='ocr_line' id='line_1_73' title="bbox 405 4103 1968 4184; baseline 0.006 -26"><span class='ocrx_word' id='word_1_497' title='bbox 405 4103 606 4160; x_wconf 89' lang='lat' dir='ltr'><strong>tionem</strong></span> <span class='ocrx_word' id='word_1_498' title='bbox 640 4107 946 4173; x_wconf 90' lang='lat' dir='ltr'><strong>conclusos,</strong></span> <span class='ocrx_word' id='word_1_499' title='bbox 965 4111 1202 4180; x_wconf 86' lang='lat' dir='ltr'><strong>singulas</strong></span> <span class='ocrx_word' id='word_1_500' title='bbox 1220 4124 1407 4183; x_wconf 85' lang='lat' dir='ltr'><strong>partes</strong></span> <span class='ocrx_word' id='word_1_501' title='bbox 1432 4114 1663 4183; x_wconf 85' lang='lat' dir='ltr'><strong>prepria</strong></span> <span class='ocrx_word' id='word_1_502' title='bbox 1687 4114 1968 4184; x_wconf 80' lang='lat' dir='ltr'><strong>religionis</strong></span> 
     </span>
    </p>
   </div>
   <div class='ocr_carea' id='block_1_74' title="bbox 407 4196 1973 4270">
    <p class='ocr_par' dir='ltr' id='par_1_74' title="bbox 407 4196 1973 4270">
     <span class='ocr_line' id='line_1_74' title="bbox 407 4196 1973 4270; baseline 0.008 -22"><span class='ocrx_word' id='word_1_503' title='bbox 407 4196 706 4263; x_wconf 86' lang='lat' dir='ltr'><strong>constituit,</strong></span> <span class='ocrx_word' id='word_1_504' title='bbox 753 4207 807 4252; x_wconf 91' lang='lat' dir='ltr'>et</span> <span class='ocrx_word' id='word_1_505' title='bbox 839 4198 1028 4254; x_wconf 90' lang='lat' dir='ltr'><strong>nullibi</strong></span> <span class='ocrx_word' id='word_1_506' title='bbox 1065 4203 1298 4270; x_wconf 88' lang='lat' dir='ltr'><strong>stetisse,</strong></span> <span class='ocrx_word' id='word_1_507' title='bbox 1335 4205 1429 4259; x_wconf 89' lang='lat' dir='ltr'>sed</span> <span class='ocrx_word' id='word_1_508' title='bbox 1468 4202 1752 4268; x_wconf 84' lang='lat' dir='ltr'><strong>confusos,</strong></span> <span class='ocrx_word' id='word_1_509' title='bbox 1784 4220 1973 4260; x_wconf 90' lang='lat' dir='ltr'><strong>rursus</strong></span> 
     </span>
    </p>
   </div>
   <div class='ocr_carea' id='block_1_75' title="bbox 407 4284 1972 4364">
    <p class='ocr_par' dir='ltr' id='par_1_75' title="bbox 407 4284 1972 4364">
     <span class='ocr_line' id='line_1_75' title="bbox 407 4284 1972 4364; baseline 0.006 -26"><span class='ocrx_word' id='word_1_510' title='bbox 407 4284 477 4340; x_wconf 87' lang='lat' dir='ltr'>ab</span> <span class='ocrx_word' id='word_1_511' title='bbox 505 4286 732 4342; x_wconf 89' lang='lat' dir='ltr'><strong>invicem</strong></span> <span class='ocrx_word' id='word_1_512' title='bbox 761 4287 1000 4345; x_wconf 89' lang='lat' dir='ltr'><strong>divulsos</strong></span> <span class='ocrx_word' id='word_1_513' title='bbox 1027 4306 1169 4358; x_wconf 90' lang='lat' dir='ltr'><strong>esse,</strong></span> <span class='ocrx_word' id='word_1_514' title='bbox 1205 4303 1262 4348; x_wconf 91' lang='lat' dir='ltr'>et</span> <span class='ocrx_word' id='word_1_515' title='bbox 1305 4305 1544 4348; x_wconf 92' lang='lat' dir='ltr'><strong>mutuum</strong></span> <span class='ocrx_word' id='word_1_516' title='bbox 1577 4297 1813 4364; x_wconf 87' lang='lat' dir='ltr'><strong>gessisse</strong></span> <span class='ocrx_word' id='word_1_517' title='bbox 1857 4294 1972 4348; x_wconf 84' lang='lat' dir='ltr'><strong>bel-</strong></span> 
     </span>
    </p>
   </div>
   <div class='ocr_carea' id='block_1_76' title="bbox 403 4375 1970 4454">
    <p class='ocr_par' dir='ltr' id='par_1_76' title="bbox 403 4375 1970 4454">
     <span class='ocr_line' id='line_1_76' title="bbox 403 4375 1970 4454; baseline 0.004 -24"><span class='ocrx_word' id='word_1_518' title='bbox 403 4375 538 4430; x_wconf 90' lang='lat' dir='ltr'><strong>lum.</strong></span> <span class='ocrx_word' id='word_1_519' title='bbox 572 4377 696 4434; x_wconf 88' lang='lat' dir='ltr'>Hac</span> <span class='ocrx_word' id='word_1_520' title='bbox 711 4387 765 4434; x_wconf 91' lang='lat' dir='ltr'>et</span> <span class='ocrx_word' id='word_1_521' title='bbox 785 4380 868 4435; x_wconf 88' lang='lat' dir='ltr'>his</span> <span class='ocrx_word' id='word_1_522' title='bbox 897 4381 1096 4436; x_wconf 88' lang='lat' dir='ltr'><strong>similia</strong></span> <span class='ocrx_word' id='word_1_523' title='bbox 1125 4385 1552 4454; x_wconf 90' lang='lat' dir='ltr'><strong>reprehendens,</strong></span> <span class='ocrx_word' id='word_1_524' title='bbox 1575 4387 1970 4454; x_wconf 82' lang='lat' dir='ltr'><strong>Acephalorum</strong></span> 
     </span>
    </p>
   </div>
   <div class='ocr_carea' id='block_1_77' title="bbox 403 4471 1972 4546">
    <p class='ocr_par' dir='ltr' id='par_1_77' title="bbox 403 4471 1972 4546">
     <span class='ocr_line' id='line_1_77' title="bbox 403 4471 1972 4546; baseline 0.006 -25"><span class='ocrx_word' id='word_1_525' title='bbox 403 4484 565 4538; x_wconf 89' lang='lat' dir='ltr'><strong>quam</strong></span> <span class='ocrx_word' id='word_1_526' title='bbox 604 4471 787 4526; x_wconf 86' lang='lat' dir='ltr'><strong>dicunt</strong></span> <span class='ocrx_word' id='word_1_527' title='bbox 823 4473 1083 4529; x_wconf 89' lang='lat' dir='ltr'><strong>unitatem</strong></span> <span class='ocrx_word' id='word_1_528' title='bbox 1113 4477 1382 4542; x_wconf 83' lang='lat' dir='ltr'><strong>referens,</strong></span> <span class='ocrx_word' id='word_1_529' title='bbox 1414 4491 1511 4546; x_wconf 88' lang='lat' dir='ltr'>per</span> <span class='ocrx_word' id='word_1_530' title='bbox 1554 4477 1661 4530; x_wconf 87' lang='lat' dir='ltr'><strong>alia</strong></span> <span class='ocrx_word' id='word_1_531' title='bbox 1699 4477 1862 4530; x_wconf 85' lang='lat' dir='ltr'><strong>multa</strong></span> <span class='ocrx_word' id='word_1_532' title='bbox 1891 4477 1972 4530; x_wconf 89' lang='lat' dir='ltr'><strong>di-</strong></span> 
     </span>
    </p>
   </div>
   <div class='ocr_carea' id='block_1_78' title="bbox 405 4559 1971 4622">
    <p class='ocr_par' dir='ltr' id='par_1_78' title="bbox 405 4559 1971 4622">
     <span class='ocr_line' id='line_1_78' title="bbox 405 4559 1971 4622; baseline 0.004 -9"><span class='ocrx_word' id='word_1_533' title='bbox 405 4559 582 4615; x_wconf 90' lang='lat' dir='ltr'><strong>lucide</strong></span> <span class='ocrx_word' id='word_1_534' title='bbox 609 4563 864 4618; x_wconf 91' lang='lat' dir='ltr'><strong>ostendit.</strong></span> <span class='ocrx_word' id='word_1_535' title='bbox 894 4564 1108 4620; x_wconf 87' lang='lat' dir='ltr'><strong>Nullum</strong></span> <span class='ocrx_word' id='word_1_536' title='bbox 1144 4566 1212 4621; x_wconf 91' lang='lat' dir='ltr'>ab</span> <span class='ocrx_word' id='word_1_537' title='bbox 1249 4568 1315 4621; x_wconf 91' lang='lat' dir='ltr'>iis</span> <span class='ocrx_word' id='word_1_538' title='bbox 1368 4567 1755 4622; x_wconf 87' lang='lat' dir='ltr'><strong>incarnationis</strong></span> <span class='ocrx_word' id='word_1_539' title='bbox 1805 4567 1971 4622; x_wconf 89' lang='lat' dir='ltr'><strong>vesti-</strong></span> 
     </span>
    </p>
   </div>
   <div class='ocr_carea' id='block_1_79' title="bbox 405 4652 1972 4730">
    <p class='ocr_par' dir='ltr' id='par_1_79' title="bbox 405 4652 1972 4730">
     <span class='ocr_line' id='line_1_79' title="bbox 405 4652 1972 4730; baseline 0.007 -26"><span class='ocrx_word' id='word_1_540' title='bbox 405 4652 549 4722; x_wconf 83' lang='lat' dir='ltr'><strong>gium</strong></span> <span class='ocrx_word' id='word_1_541' title='bbox 585 4653 854 4728; x_wconf 77' lang='lat' dir='ltr'><strong>relictum,</strong></span> <span class='ocrx_word' id='word_1_542' title='bbox 897 4659 992 4713; x_wconf 89' lang='lat' dir='ltr'>sed</span> <span class='ocrx_word' id='word_1_543' title='bbox 1025 4660 1307 4715; x_wconf 82' lang='lat' dir='ltr'><strong>manifesta</strong></span> <span class='ocrx_word' id='word_1_544' title='bbox 1357 4659 1594 4730; x_wconf 90' lang='lat' dir='ltr'><strong>proditio</strong></span> <span class='ocrx_word' id='word_1_545' title='bbox 1641 4667 1697 4715; x_wconf 92' lang='lat' dir='ltr'>et</span> <span class='ocrx_word' id='word_1_546' title='bbox 1738 4661 1972 4729; x_wconf 87' lang='lat' dir='ltr'><strong>negatio,</strong></span> 
     </span>
    </p>
   </div>
   <div class='ocr_carea' id='block_1_80' title="bbox 403 4744 1967 4822">
    <p class='ocr_par' dir='ltr' id='par_1_80' title="bbox 403 4744 1967 4822">
     <span class='ocr_line' id='line_1_80' title="bbox 403 4744 1967 4822; baseline 0.006 -24"><span class='ocrx_word' id='word_1_547' title='bbox 403 4759 505 4816; x_wconf 90' lang='lat' dir='ltr'>pro</span> <span class='ocrx_word' id='word_1_548' title='bbox 525 4744 720 4814; x_wconf 91' lang='lat' dir='ltr'><strong>quibus</strong></span> <span class='ocrx_word' id='word_1_549' title='bbox 741 4747 936 4804; x_wconf 89' lang='lat' dir='ltr'><strong>millies</strong></span> <span class='ocrx_word' id='word_1_550' title='bbox 955 4764 1014 4804; x_wconf 89' lang='lat' dir='ltr'>se</span> <span class='ocrx_word' id='word_1_551' title='bbox 1035 4761 1265 4806; x_wconf 88' lang='lat' dir='ltr'><strong>mortem</strong></span> <span class='ocrx_word' id='word_1_552' title='bbox 1284 4761 1538 4822; x_wconf 89' lang='lat' dir='ltr'><strong>oppetere</strong></span> <span class='ocrx_word' id='word_1_553' title='bbox 1558 4751 1692 4807; x_wconf 91' lang='lat' dir='ltr'><strong>velle</strong></span> <span class='ocrx_word' id='word_1_554' title='bbox 1707 4750 1967 4820; x_wconf 89' lang='lat' dir='ltr'><strong>jactabat.</strong></span> 
     </span>
    </p>
   </div>
   <div class='ocr_carea' id='block_1_81' title="bbox 404 4831 1885 4913">
    <p class='ocr_par' dir='ltr' id='par_1_81' title="bbox 404 4831 1885 4913">
     <span class='ocr_line' id='line_1_81' title="bbox 404 4831 1885 4913; baseline 0.009 -27"><span class='ocrx_word' id='word_1_555' title='bbox 404 4831 498 4888; x_wconf 80' lang='lat' dir='ltr'><strong>Sic</strong></span> <span class='ocrx_word' id='word_1_556' title='bbox 525 4833 639 4892; x_wconf 79' lang='lat' dir='ltr'><strong>fere</strong></span> <span class='ocrx_word' id='word_1_557' title='bbox 663 4837 731 4894; x_wconf 89' lang='lat' dir='ltr'>de</span> <span class='ocrx_word' id='word_1_558' title='bbox 766 4839 1051 4910; x_wconf 85' lang='lat' dir='ltr'><strong>Acephalis</strong></span> <span class='ocrx_word' id='word_1_559' title='bbox 1079 4842 1182 4899; x_wconf 89' lang='lat' dir='ltr'>hoc</span> <span class='ocrx_word' id='word_1_560' title='bbox 1211 4844 1328 4913; x_wconf 89' lang='lat' dir='ltr'><strong>ipso</strong></span> <span class='ocrx_word' id='word_1_561' title='bbox 1356 4843 1539 4898; x_wconf 91' lang='lat' dir='ltr'><strong>libello</strong></span> <span class='ocrx_word' id='word_1_562' title='bbox 1567 4853 1885 4912; x_wconf 89' lang='lat' dir='ltr'><strong>pertractat.</strong></span> 
     </span>
    </p>
   </div>
   <div class='ocr_carea' id='block_1_82' title="bbox 471 5011 1972 5094">
    <p class='ocr_par' dir='ltr' id='par_1_82' title="bbox 471 5011 1972 5094">
     <span class='ocr_line' id='line_1_82' title="bbox 471 5011 1972 5094; baseline 0.008 -26"><span class='ocrx_word' id='word_1_563' title='bbox 471 5011 862 5085; x_wconf 86' lang='lat' dir='ltr'><strong>Complectitur</strong></span> <span class='ocrx_word' id='word_1_564' title='bbox 881 5028 1060 5074; x_wconf 85' lang='lat' dir='ltr'><strong>autem</strong></span> <span class='ocrx_word' id='word_1_565' title='bbox 1117 5036 1252 5091; x_wconf 88' lang='lat' dir='ltr'><strong>opus</strong></span> <span class='ocrx_word' id='word_1_566' title='bbox 1279 5022 1568 5090; x_wconf 90' lang='lat' dir='ltr'><strong>epistolam</strong></span> <span class='ocrx_word' id='word_1_567' title='bbox 1596 5037 1813 5094; x_wconf 89' lang='lat' dir='ltr'><strong>quoque</strong></span> <span class='ocrx_word' id='word_1_568' title='bbox 1837 5025 1972 5080; x_wconf 88' lang='lat' dir='ltr'><strong>scri-</strong></span> 
     </span>
    </p>
   </div>
   <div class='ocr_carea' id='block_1_83' title="bbox 400 5103 1970 5184">
    <p class='ocr_par' dir='ltr' id='par_1_83' title="bbox 400 5103 1970 5184">
     <span class='ocr_line' id='line_1_83' title="bbox 400 5103 1970 5184; baseline 0.007 -26"><span class='ocrx_word' id='word_1_569' title='bbox 400 5118 549 5174; x_wconf 78' lang='lat' dir='ltr'><strong>ptam</strong></span> <span class='ocrx_word' id='word_1_570' title='bbox 601 5103 872 5178; x_wconf 83' lang='lat' dir='ltr'><strong>Eutychio</strong></span> <span class='ocrx_word' id='word_1_571' title='bbox 919 5110 1329 5179; x_wconf 86' lang='lat' dir='ltr'><strong>archiepiscopo</strong></span> <span class='ocrx_word' id='word_1_572' title='bbox 1354 5110 1970 5184; x_wconf 84' lang='lat' dir='ltr'><strong>Constantinopolitano,</strong></span> 
     </span>
    </p>
   </div>
   <div class='ocr_carea' id='block_1_84' title="bbox 401 5197 1967 5271">
    <p class='ocr_par' dir='ltr' id='par_1_84' title="bbox 401 5197 1967 5271">
     <span class='ocr_line' id='line_1_84' title="bbox 401 5197 1967 5271; baseline 0.008 -23"><span class='ocrx_word' id='word_1_573' title='bbox 401 5211 566 5265; x_wconf 87' lang='lat' dir='ltr'><strong>quam</strong></span> <span class='ocrx_word' id='word_1_574' title='bbox 611 5197 909 5268; x_wconf 80' lang='lat' dir='ltr'><strong>etiamnum</strong></span> <span class='ocrx_word' id='word_1_575' title='bbox 961 5202 1242 5271; x_wconf 84' lang='lat' dir='ltr'><strong>presbyter</strong></span> <span class='ocrx_word' id='word_1_576' title='bbox 1285 5203 1528 5271; x_wconf 85' lang='lat' dir='ltr'><strong>scripsit,</strong></span> <span class='ocrx_word' id='word_1_577' title='bbox 1583 5204 1967 5261; x_wconf 90' lang='lat' dir='ltr'><strong>certitudinem</strong></span> 
     </span>
    </p>
   </div>
   <div class='ocr_carea' id='block_1_85' title="bbox 402 5288 1973 5360">
    <p class='ocr_par' dir='ltr' id='par_1_85' title="bbox 402 5288 1973 5360">
     <span class='ocr_line' id='line_1_85' title="bbox 402 5288 1973 5360; baseline 0.005 -18"><span class='ocrx_word' id='word_1_578' title='bbox 402 5288 775 5344; x_wconf 88' lang='lat' dir='ltr'><strong>continentem</strong></span> <span class='ocrx_word' id='word_1_579' title='bbox 815 5291 1033 5360; x_wconf 85' lang='lat' dir='ltr'><strong>pietatis</strong></span> <span class='ocrx_word' id='word_1_580' title='bbox 1065 5301 1121 5347; x_wconf 90' lang='lat' dir='ltr'>et</span> <span class='ocrx_word' id='word_1_581' title='bbox 1155 5292 1278 5347; x_wconf 83' lang='lat' dir='ltr'><strong>ﬁdei</strong></span> <span class='ocrx_word' id='word_1_582' title='bbox 1312 5292 1629 5349; x_wconf 84' lang='lat' dir='ltr'><strong>orthodoxa</strong></span> <span class='ocrx_word' id='word_1_583' title='bbox 1673 5308 1737 5350; x_wconf 89' lang='lat' dir='ltr'>ac</span> <span class='ocrx_word' id='word_1_584' title='bbox 1783 5296 1973 5350; x_wconf 85' lang='lat' dir='ltr'><strong>catho-</strong></span> 
     </span>
    </p>
   </div>
   <div class='ocr_carea' id='block_1_86' title="bbox 401 5376 545 5434">
    <p class='ocr_par' dir='ltr' id='par_1_86' title="bbox 401 5376 545 5434">
     <span class='ocr_line' id='line_1_86' title="bbox 401 5376 545 5434; baseline -0.014 0"><span class='ocrx_word' id='word_1_585' title='bbox 401 5376 545 5434; x_wconf 85' lang='lat' dir='ltr'><strong>lica.</strong></span> 
     </span>
    </p>
   </div>
   <div class='ocr_carea' id='block_1_87' title="bbox 466 5486 868 5561">
    <p class='ocr_par' dir='ltr' id='par_1_87' title="bbox 466 5486 868 5561">
     <span class='ocr_line' id='line_1_87' title="bbox 466 5486 868 5561; baseline 0 -12"><span class='ocrx_word' id='word_1_586' title='bbox 466 5500 498 5542; x_wconf 66' lang='grc' dir='ltr'><strong>ει</strong></span> <span class='ocrx_word' id='word_1_587' title='bbox 519 5486 697 5550; x_wconf 81' lang='lat' dir='ltr'><strong>Calat.</strong></span> <span class='ocrx_word' id='word_1_588' title='bbox 727 5512 780 5561; x_wconf 89' lang='lat' dir='ltr'>v,</span> <span class='ocrx_word' id='word_1_589' title='bbox 811 5495 868 5549; x_wconf 60' lang='grc' dir='ltr'>εὶ.</span> 
     </span>
    </p>
   </div>
   <div class='ocr_carea' id='block_1_88' title="bbox 1997 4608 2052 4668">
    <p class='ocr_par' dir='ltr' id='par_1_88' title="bbox 1997 4608 2052 4668">
     <span class='ocr_line' id='line_1_88' title="bbox 1997 4608 2052 4668; baseline 0 0"><span class='ocrx_word' id='word_1_590' title='bbox 1997 4608 2052 4668; x_wconf 90' lang='lat' dir='ltr'><strong>D</strong></span> 
     </span>
    </p>
   </div>
   <div class='ocr_carea' id='block_1_89' title="bbox 2083 3374 3662 3448">
    <p class='ocr_par' dir='ltr' id='par_1_89' title="bbox 2083 3374 3662 3448">
     <span class='ocr_line' id='line_1_89' title="bbox 2083 3374 3662 3448; baseline 0.002 -19"><span class='ocrx_word' id='word_1_591' title='bbox 2083 3393 2199 3442; x_wconf 87' lang='grc' dir='ltr'>νου,</span> <span class='ocrx_word' id='word_1_592' title='bbox 2230 3377 2331 3445; x_wconf 90' lang='grc' dir='ltr'>τῆς</span> <span class='ocrx_word' id='word_1_593' title='bbox 2357 3375 2644 3438; x_wconf 88' lang='grc' dir='ltr'>κοινωνίας</span> <span class='ocrx_word' id='word_1_594' title='bbox 2672 3374 2773 3428; x_wconf 88' lang='grc' dir='ltr'>οὐκ</span> <span class='ocrx_word' id='word_1_595' title='bbox 2808 3374 3073 3445; x_wconf 83' lang='grc' dir='ltr'>ἀφίστατο</span> <span class='ocrx_word' id='word_1_596' title='bbox 3093 3393 3107 3407; x_wconf 77' lang='grc' dir='ltr'><strong><em>ο</em></strong></span> <span class='ocrx_word' id='word_1_597' title='bbox 3135 3376 3282 3446; x_wconf 82' lang='grc' dir='ltr'>ἑώρα</span> <span class='ocrx_word' id='word_1_598' title='bbox 3312 3378 3423 3448; x_wconf 84' lang='grc' dir='ltr'>γὰρ</span> <span class='ocrx_word' id='word_1_599' title='bbox 3447 3379 3662 3448; x_wconf 84' lang='grc' dir='ltr'>ἀκηρά-</span> 
     </span>
    </p>
   </div>
   <div class='ocr_carea' id='block_1_90' title="bbox 2080 3466 3658 3538">
    <p class='ocr_par' dir='ltr' id='par_1_90' title="bbox 2080 3466 3658 3538">
     <span class='ocr_line' id='line_1_90' title="bbox 2080 3466 3658 3538; baseline 0 -18"><span class='ocrx_word' id='word_1_600' title='bbox 2080 3483 2194 3530; x_wconf 88' lang='grc' dir='ltr'>τοις</span> <span class='ocrx_word' id='word_1_601' title='bbox 2239 3466 2524 3535; x_wconf 79' lang='grc' dir='ltr'>σωζόμενα</span> <span class='ocrx_word' id='word_1_602' title='bbox 2577 3466 2916 3536; x_wconf 88' lang='grc' dir='ltr'>δόγμασιτά</span> <span class='ocrx_word' id='word_1_603' title='bbox 2956 3468 3054 3537; x_wconf 84' lang='grc' dir='ltr'>τῆς</span> <span class='ocrx_word' id='word_1_604' title='bbox 3097 3467 3379 3531; x_wconf 88' lang='grc' dir='ltr'>εὐσεϐείας</span> <span class='ocrx_word' id='word_1_605' title='bbox 3429 3468 3658 3538; x_wconf 86' lang='grc' dir='ltr'>καιριώ-</span> 
     </span>
    </p>
   </div>
   <div class='ocr_carea' id='block_1_91' title="bbox 2077 3557 3661 3631">
    <p class='ocr_par' dir='ltr' id='par_1_91' title="bbox 2077 3557 3661 3631">
     <span class='ocr_line' id='line_1_91' title="bbox 2077 3557 3661 3631; baseline 0.001 -20"><span class='ocrx_word' id='word_1_606' title='bbox 2077 3576 2216 3613; x_wconf 88' lang='grc' dir='ltr'>τατα</span> <span class='ocrx_word' id='word_1_607' title='bbox 2235 3558 2302 3612; x_wconf 72' lang='grc'>³⁸.</span> <span class='ocrx_word' id='word_1_608' title='bbox 2336 3559 2516 3629; x_wconf 82' lang='grc' dir='ltr'>Μέχρι</span> <span class='ocrx_word' id='word_1_609' title='bbox 2550 3559 2658 3631; x_wconf 82' lang='grc' dir='ltr'>γὰρ</span> <span class='ocrx_word' id='word_1_610' title='bbox 2683 3557 2877 3611; x_wconf 86' lang='grc' dir='ltr'>τούτου</span> <span class='ocrx_word' id='word_1_611' title='bbox 2907 3558 2975 3611; x_wconf 83' lang='grc' dir='ltr'>τὰ</span> <span class='ocrx_word' id='word_1_612' title='bbox 2993 3558 3095 3628; x_wconf 86' lang='grc' dir='ltr'>τῆς</span> <span class='ocrx_word' id='word_1_613' title='bbox 3121 3559 3432 3629; x_wconf 89' lang='grc' dir='ltr'>οἰκονομίας</span> <span class='ocrx_word' id='word_1_614' title='bbox 3453 3561 3482 3612; x_wconf 86' lang='grc' dir='ltr'><strong>ὁ</strong></span> <span class='ocrx_word' id='word_1_615' title='bbox 3502 3560 3661 3630; x_wconf 83' lang='grc' dir='ltr'>ὀρθὸς</span> 
     </span>
    </p>
   </div>
   <div class='ocr_carea' id='block_1_92' title="bbox 2077 3649 3659 3722">
    <p class='ocr_par' dir='ltr' id='par_1_92' title="bbox 2077 3649 3659 3722">
     <span class='ocr_line' id='line_1_92' title="bbox 2077 3649 3659 3722; baseline 0 -18"><span class='ocrx_word' id='word_1_616' title='bbox 2077 3651 2242 3720; x_wconf 86' lang='grc' dir='ltr'>λόγος</span> <span class='ocrx_word' id='word_1_617' title='bbox 2283 3652 2554 3722; x_wconf 83' lang='grc' dir='ltr'>ἀνέχεται,</span> <span class='ocrx_word' id='word_1_618' title='bbox 2589 3651 2782 3722; x_wconf 85' lang='grc' dir='ltr'>μέχρις</span> <span class='ocrx_word' id='word_1_619' title='bbox 2814 3649 2881 3704; x_wconf 83' lang='grc' dir='ltr'>ἂν</span> <span class='ocrx_word' id='word_1_620' title='bbox 2907 3650 3060 3704; x_wconf 81' lang='grc' dir='ltr'>οὐδὲν</span> <span class='ocrx_word' id='word_1_621' title='bbox 3117 3653 3517 3722; x_wconf 83' lang='grc' dir='ltr'>καινοτομείται</span> <span class='ocrx_word' id='word_1_622' title='bbox 3550 3651 3659 3704; x_wconf 89' lang='grc' dir='ltr'>τῶν</span> 
     </span>
    </p>
   </div>
   <div class='ocr_carea' id='block_1_93' title="bbox 2077 3742 2884 3814">
    <p class='ocr_par' dir='ltr' id='par_1_93' title="bbox 2077 3742 2884 3814">
     <span class='ocr_line' id='line_1_93' title="bbox 2077 3742 2884 3814; baseline -0.002 -18"><span class='ocrx_word' id='word_1_623' title='bbox 2077 3743 2178 3814; x_wconf 83' lang='grc' dir='ltr'>τῆς</span> <span class='ocrx_word' id='word_1_624' title='bbox 2219 3742 2548 3813; x_wconf 87' lang='grc' dir='ltr'>Ἐκκλησίας</span> <span class='ocrx_word' id='word_1_625' title='bbox 2579 3742 2884 3812; x_wconf 87' lang='grc' dir='ltr'>δογμάτων.</span> 
     </span>
    </p>
   </div>
   <div class='ocr_carea' id='block_1_94' title="bbox 2147 3832 3660 3904">
    <p class='ocr_par' dir='ltr' id='par_1_94' title="bbox 2147 3832 3660 3904">
     <span class='ocr_line' id='line_1_94' title="bbox 2147 3832 3660 3904; baseline -0.001 -17"><span class='ocrx_word' id='word_1_626' title='bbox 2147 3834 2320 3904; x_wconf 90' lang='grc' dir='ltr'>Τριχῆ</span> <span class='ocrx_word' id='word_1_627' title='bbox 2342 3834 2519 3887; x_wconf 89' lang='grc' dir='ltr'>τοίνυν</span> <span class='ocrx_word' id='word_1_628' title='bbox 2540 3833 2638 3904; x_wconf 86' lang='grc' dir='ltr'>τὴν</span> <span class='ocrx_word' id='word_1_629' title='bbox 2659 3833 2969 3904; x_wconf 85' lang='grc' dir='ltr'>οἰκονομίαν</span> <span class='ocrx_word' id='word_1_630' title='bbox 2993 3832 3206 3896; x_wconf 87' lang='grc' dir='ltr'>διελὼν,</span> <span class='ocrx_word' id='word_1_631' title='bbox 3234 3833 3328 3886; x_wconf 73' lang='grc' dir='ltr'>καὶ</span> <span class='ocrx_word' id='word_1_632' title='bbox 3357 3832 3481 3887; x_wconf 89' lang='grc' dir='ltr'>κατ’</span> <span class='ocrx_word' id='word_1_633' title='bbox 3507 3834 3660 3887; x_wconf 87' lang='grc' dir='ltr'>οὐδε-</span> 
     </span>
    </p>
   </div>
   <div class='ocr_carea' id='block_1_95' title="bbox 2079 3924 3662 3996">
    <p class='ocr_par' dir='ltr' id='par_1_95' title="bbox 2079 3924 3662 3996">
     <span class='ocr_line' id='line_1_95' title="bbox 2079 3924 3662 3996; baseline -0.001 -18"><span class='ocrx_word' id='word_1_634' title='bbox 2079 3925 2207 3996; x_wconf 84' lang='grc' dir='ltr'>μίαν</span> <span class='ocrx_word' id='word_1_635' title='bbox 2231 3925 2412 3978; x_wconf 88' lang='grc' dir='ltr'>αὐτῶν</span> <span class='ocrx_word' id='word_1_636' title='bbox 2436 3925 2535 3996; x_wconf 86' lang='grc' dir='ltr'>τὴν</span> <span class='ocrx_word' id='word_1_637' title='bbox 2555 3924 2662 3978; x_wconf 91' lang='grc' dir='ltr'>τῶν</span> <span class='ocrx_word' id='word_1_638' title='bbox 2687 3925 3051 3978; x_wconf 88' lang='grc' dir='ltr'>Θεοδοσιανῶν</span> <span class='ocrx_word' id='word_1_639' title='bbox 3074 3925 3168 3978; x_wconf 77' lang='grc' dir='ltr'>καὶ</span> <span class='ocrx_word' id='word_1_640' title='bbox 3188 3925 3445 3978; x_wconf 85' lang='grc' dir='ltr'>Γαῖνιτῶν</span> <span class='ocrx_word' id='word_1_641' title='bbox 3468 3924 3662 3994; x_wconf 86' lang='grc' dir='ltr'>προελ-</span> 
     </span>
    </p>
   </div>
   <div class='ocr_carea' id='block_1_96' title="bbox 2076 4015 3659 4088">
    <p class='ocr_par' dir='ltr' id='par_1_96' title="bbox 2076 4015 3659 4088">
     <span class='ocr_line' id='line_1_96' title="bbox 2076 4015 3659 4088; baseline -0.002 -18"><span class='ocrx_word' id='word_1_642' title='bbox 2076 4018 2187 4071; x_wconf 85' lang='grc' dir='ltr'>θεῖν</span> <span class='ocrx_word' id='word_1_643' title='bbox 2205 4016 2610 4087; x_wconf 76' lang='grc' dir='ltr'>ἐπιδειξάμενος</span> <span class='ocrx_word' id='word_1_644' title='bbox 2633 4015 2848 4082; x_wconf 80' lang='grc' dir='ltr'>ἓνιυσιν,</span> <span class='ocrx_word' id='word_1_645' title='bbox 2868 4019 2946 4079; x_wconf 90' lang='grc' dir='ltr'>εἰς</span> <span class='ocrx_word' id='word_1_646' title='bbox 2967 4016 3256 4088; x_wconf 85' lang='grc' dir='ltr'>προδοσίαν</span> <span class='ocrx_word' id='word_1_647' title='bbox 3275 4015 3659 4084; x_wconf 81' lang='grc' dir='ltr'>συγκλεισθέν-</span> 
     </span>
    </p>
   </div>
   <div class='ocr_carea' id='block_1_97' title="bbox 2074 4107 3659 4179">
    <p class='ocr_par' dir='ltr' id='par_1_97' title="bbox 2074 4107 3659 4179">
     <span class='ocr_line' id='line_1_97' title="bbox 2074 4107 3659 4179; baseline -0.002 -17"><span class='ocrx_word' id='word_1_648' title='bbox 2074 4128 2172 4173; x_wconf 90' lang='grc' dir='ltr'>τας</span> <span class='ocrx_word' id='word_1_649' title='bbox 2192 4109 2450 4179; x_wconf 79' lang='grc' dir='ltr'>ἑκάτερον</span> <span class='ocrx_word' id='word_1_650' title='bbox 2475 4108 2641 4178; x_wconf 89' lang='grc' dir='ltr'>μέρος</span> <span class='ocrx_word' id='word_1_651' title='bbox 2662 4109 2761 4177; x_wconf 84' lang='grc' dir='ltr'>τῆς</span> <span class='ocrx_word' id='word_1_652' title='bbox 2781 4108 2986 4170; x_wconf 89' lang='grc' dir='ltr'>οἰκείας</span> <span class='ocrx_word' id='word_1_653' title='bbox 3007 4108 3301 4179; x_wconf 83' lang='grc' dir='ltr'>θρησκείας</span> <span class='ocrx_word' id='word_1_654' title='bbox 3323 4107 3659 4178; x_wconf 83' lang='grc' dir='ltr'>παρέστησε,</span> 
     </span>
    </p>
   </div>
   <div class='ocr_carea' id='block_1_98' title="bbox 2075 4199 3662 4270">
    <p class='ocr_par' dir='ltr' id='par_1_98' title="bbox 2075 4199 3662 4270">
     <span class='ocr_line' id='line_1_98' title="bbox 2075 4199 3662 4270; baseline -0.001 -16"><span class='ocrx_word' id='word_1_655' title='bbox 2075 4202 2168 4254; x_wconf 80' lang='grc' dir='ltr'>καὶ</span> <span class='ocrx_word' id='word_1_656' title='bbox 2213 4201 2407 4269; x_wconf 85' lang='grc' dir='ltr'>στῆναι</span> <span class='ocrx_word' id='word_1_657' title='bbox 2453 4200 2553 4269; x_wconf 84' lang='grc' dir='ltr'>μὲν</span> <span class='ocrx_word' id='word_1_658' title='bbox 2585 4199 2823 4270; x_wconf 82' lang='grc' dir='ltr'>οὐδαμοῦ</span> <span class='ocrx_word' id='word_1_659' title='bbox 2848 4240 2864 4265; x_wconf 88' lang='grc'>,</span> <span class='ocrx_word' id='word_1_660' title='bbox 2909 4199 3043 4253; x_wconf 86' lang='grc' dir='ltr'>ἀλλά</span> <span class='ocrx_word' id='word_1_661' title='bbox 3086 4199 3455 4269; x_wconf 81' lang='grc' dir='ltr'>συγχυθέντας</span> <span class='ocrx_word' id='word_1_662' title='bbox 3497 4200 3662 4253; x_wconf 86' lang='grc' dir='ltr'>πάλιν</span> 
     </span>
    </p>
   </div>
   <div class='ocr_carea' id='block_1_99' title="bbox 2075 4290 3660 4363">
    <p class='ocr_par' dir='ltr' id='par_1_99' title="bbox 2075 4290 3660 4363">
     <span class='ocr_line' id='line_1_99' title="bbox 2075 4290 3660 4363; baseline -0.002 -18"><span class='ocrx_word' id='word_1_663' title='bbox 2075 4293 2168 4345; x_wconf 83' lang='grc' dir='ltr'>ἀπ’</span> <span class='ocrx_word' id='word_1_664' title='bbox 2210 4291 2457 4362; x_wconf 88' lang='grc' dir='ltr'>ἀλλήλων</span> <span class='ocrx_word' id='word_1_665' title='bbox 2492 4291 2856 4363; x_wconf 74' lang='grc' dir='ltr'>διαρραγῆναι</span> <span class='ocrx_word' id='word_1_666' title='bbox 2905 4293 2998 4346; x_wconf 83' lang='grc' dir='ltr'>καὶ</span> <span class='ocrx_word' id='word_1_667' title='bbox 3038 4292 3158 4346; x_wconf 84' lang='grc' dir='ltr'>κατ’</span> <span class='ocrx_word' id='word_1_668' title='bbox 3191 4290 3439 4362; x_wconf 86' lang='grc' dir='ltr'>ἀλλήλων</span> <span class='ocrx_word' id='word_1_669' title='bbox 3473 4291 3660 4360; x_wconf 88' lang='grc' dir='ltr'>φέρειν</span> 
     </span>
    </p>
   </div>
   <div class='ocr_carea' id='block_1_100' title="bbox 2073 4383 3659 4454">
    <p class='ocr_par' dir='ltr' id='par_1_100' title="bbox 2073 4383 3659 4454">
     <span class='ocr_line' id='line_1_100' title="bbox 2073 4383 3659 4454; baseline -0.001 -17"><span class='ocrx_word' id='word_1_670' title='bbox 2073 4384 2166 4438; x_wconf 83' lang='grc' dir='ltr'>τὸν</span> <span class='ocrx_word' id='word_1_671' title='bbox 2197 4383 2455 4454; x_wconf 87' lang='grc' dir='ltr'>πόλεμον.</span> <span class='ocrx_word' id='word_1_672' title='bbox 2506 4383 2691 4437; x_wconf 81' lang='grc' dir='ltr'>Ταῦτα</span> <span class='ocrx_word' id='word_1_673' title='bbox 2723 4383 2818 4437; x_wconf 74' lang='grc' dir='ltr'>καὶ</span> <span class='ocrx_word' id='word_1_674' title='bbox 2844 4385 3070 4438; x_wconf 83' lang='grc' dir='ltr'>τοιαῦτα</span> <span class='ocrx_word' id='word_1_675' title='bbox 3101 4384 3284 4454; x_wconf 74' lang='grc' dir='ltr'>ἕτερα,</span> <span class='ocrx_word' id='word_1_676' title='bbox 3325 4383 3659 4452; x_wconf 58' lang='grc' dir='ltr'>στηῂτεύων</span> 
     </span>
    </p>
   </div>
   <div class='ocr_carea' id='block_1_101' title="bbox 2073 4475 3664 4547">
    <p class='ocr_par' dir='ltr' id='par_1_101' title="bbox 2073 4475 3664 4547">
     <span class='ocr_line' id='line_1_101' title="bbox 2073 4475 3664 4547; baseline 0 -18"><span class='ocrx_word' id='word_1_677' title='bbox 2073 4477 2174 4547; x_wconf 84' lang='grc' dir='ltr'>τὴν</span> <span class='ocrx_word' id='word_1_678' title='bbox 2197 4475 2307 4530; x_wconf 89' lang='grc' dir='ltr'>τῶν</span> <span class='ocrx_word' id='word_1_679' title='bbox 2335 4475 2648 4545; x_wconf 84' lang='grc' dir='ltr'>Ἀκεφάλων</span> <span class='ocrx_word' id='word_1_680' title='bbox 2672 4475 3202 4547; x_wconf 58' lang='grc' dir='ltr'>λεγομένηνένωσιν,</span> <span class='ocrx_word' id='word_1_681' title='bbox 3237 4475 3546 4542; x_wconf 77' lang='grc' dir='ltr'>διεξελθὼν,</span> <span class='ocrx_word' id='word_1_682' title='bbox 3574 4476 3664 4529; x_wconf 73' lang='grc' dir='ltr'>διὰ</span> 
     </span>
    </p>
   </div>
   <div class='ocr_carea' id='block_1_102' title="bbox 2079 4566 3663 4640">
    <p class='ocr_par' dir='ltr' id='par_1_102' title="bbox 2079 4566 3663 4640">
     <span class='ocr_line' id='line_1_102' title="bbox 2079 4566 3663 4640; baseline 0 -20"><span class='ocrx_word' id='word_1_683' title='bbox 2079 4567 2338 4622; x_wconf 88' lang='grc' dir='ltr'>πλειόνων</span> <span class='ocrx_word' id='word_1_684' title='bbox 2390 4566 2564 4622; x_wconf 77' lang='grc' dir='ltr'>ἄλλων</span> <span class='ocrx_word' id='word_1_685' title='bbox 2612 4567 2860 4640; x_wconf 66' lang='grc' dir='ltr'>ἐναργῶς</span> <span class='ocrx_word' id='word_1_686' title='bbox 2912 4566 3223 4634; x_wconf 72' lang='grc' dir='ltr'>ἐπεδείξατο</span> <span class='ocrx_word' id='word_1_687' title='bbox 3267 4566 3395 4640; x_wconf 78' lang='lat'>[773</span> <span class='ocrx_word' id='word_1_688' title='bbox 3443 4567 3537 4638; x_wconf 79' lang='lat' dir='ltr'>R.!</span> <span class='ocrx_word' id='word_1_689' title='bbox 3586 4568 3663 4631; x_wconf 88' lang='grc' dir='ltr'>ὡς</span> 
     </span>
    </p>
   </div>
   <div class='ocr_carea' id='block_1_103' title="bbox 2077 4659 3664 4730">
    <p class='ocr_par' dir='ltr' id='par_1_103' title="bbox 2077 4659 3664 4730">
     <span class='ocr_line' id='line_1_103' title="bbox 2077 4659 3664 4730; baseline -0.001 -17"><span class='ocrx_word' id='word_1_690' title='bbox 2077 4659 2227 4713; x_wconf 84' lang='grc' dir='ltr'>οὐδὲν</span> <span class='ocrx_word' id='word_1_691' title='bbox 2264 4659 2446 4724; x_wconf 83' lang='grc' dir='ltr'>αὐτοῖς</span> <span class='ocrx_word' id='word_1_692' title='bbox 2480 4659 2624 4730; x_wconf 80' lang='grc' dir='ltr'>ἰχνος</span> <span class='ocrx_word' id='word_1_693' title='bbox 2654 4660 2966 4730; x_wconf 82' lang='grc' dir='ltr'>οἰκονομίας</span> <span class='ocrx_word' id='word_1_694' title='bbox 3017 4659 3424 4730; x_wconf 85' lang='grc' dir='ltr'>διαπέπρακται</span> <span class='ocrx_word' id='word_1_695' title='bbox 3447 4700 3464 4726; x_wconf 92' lang='grc'>,</span> <span class='ocrx_word' id='word_1_696' title='bbox 3527 4659 3664 4713; x_wconf 81' lang='grc' dir='ltr'>ἀλλά</span> 
     </span>
    </p>
   </div>
   <div class='ocr_carea' id='block_1_104' title="bbox 2079 4745 3664 4824">
    <p class='ocr_par' dir='ltr' id='par_1_104' title="bbox 2079 4745 3664 4824">
     <span class='ocr_line' id='line_1_104' title="bbox 2079 4745 3664 4824; baseline 0 -19"><span class='ocrx_word' id='word_1_697' title='bbox 2079 4753 2257 4822; x_wconf 86' lang='grc' dir='ltr'>σαφὴς</span> <span class='ocrx_word' id='word_1_698' title='bbox 2285 4752 2545 4824; x_wconf 87' lang='grc' dir='ltr'>προδοσία</span> <span class='ocrx_word' id='word_1_699' title='bbox 2561 4753 2652 4807; x_wconf 79' lang='grc' dir='ltr'>καὶ</span> <span class='ocrx_word' id='word_1_700' title='bbox 2668 4752 2977 4824; x_wconf 77' lang='grc' dir='ltr'>ὲξάρνησις,</span> <span class='ocrx_word' id='word_1_701' title='bbox 2999 4752 3138 4823; x_wconf 84' lang='grc' dir='ltr'>ὑπὲρ</span> <span class='ocrx_word' id='word_1_702' title='bbox 3178 4745 3253 4805; x_wconf 82' lang='grc' dir='ltr'>ὧν</span> <span class='ocrx_word' id='word_1_703' title='bbox 3269 4753 3536 4823; x_wconf 85' lang='grc' dir='ltr'>πρότερον</span> <span class='ocrx_word' id='word_1_704' title='bbox 3567 4770 3664 4822; x_wconf 85' lang='grc' dir='ltr'>μυ-</span> 
     </span>
    </p>
   </div>
   <div class='ocr_carea' id='block_1_105' title="bbox 2077 4842 3664 4918">
    <p class='ocr_par' dir='ltr' id='par_1_105' title="bbox 2077 4842 3664 4918">
     <span class='ocr_line' id='line_1_105' title="bbox 2077 4842 3664 4918; baseline 0 -22"><span class='ocrx_word' id='word_1_705' title='bbox 2077 4845 2260 4918; x_wconf 85' lang='grc' dir='ltr'>ριάκις</span> <span class='ocrx_word' id='word_1_706' title='bbox 2286 4843 2534 4898; x_wconf 82' lang='grc' dir='ltr'>ὑπελθεῖν</span> <span class='ocrx_word' id='word_1_707' title='bbox 2563 4845 2652 4898; x_wconf 85' lang='grc' dir='ltr'>τὸν</span> <span class='ocrx_word' id='word_1_708' title='bbox 2676 4843 2902 4899; x_wconf 86' lang='grc' dir='ltr'>θάνατον</span> <span class='ocrx_word' id='word_1_709' title='bbox 2926 4844 3260 4898; x_wconf 87' lang='grc' dir='ltr'>διετείνοντο.</span> <span class='ocrx_word' id='word_1_710' title='bbox 3288 4842 3445 4898; x_wconf 78' lang='grc' dir='ltr'>Οὕτω</span> <span class='ocrx_word' id='word_1_711' title='bbox 3475 4844 3576 4912; x_wconf 84' lang='grc' dir='ltr'>μὲν</span> <span class='ocrx_word' id='word_1_712' title='bbox 3595 4844 3664 4898; x_wconf 75' lang='grc' dir='ltr'>τὰ</span> 
     </span>
    </p>
   </div>
   <div class='ocr_carea' id='block_1_106' title="bbox 2079 4934 3662 5006">
    <p class='ocr_par' dir='ltr' id='par_1_106' title="bbox 2079 4934 3662 5006">
     <span class='ocr_line' id='line_1_106' title="bbox 2079 4934 3662 5006; baseline 0.001 -18"><span class='ocrx_word' id='word_1_713' title='bbox 2079 4936 2208 5004; x_wconf 80' lang='grc' dir='ltr'>περὶ</span> <span class='ocrx_word' id='word_1_714' title='bbox 2233 4935 2340 4989; x_wconf 89' lang='grc' dir='ltr'>τῶν</span> <span class='ocrx_word' id='word_1_715' title='bbox 2374 4935 2685 5005; x_wconf 83' lang='grc' dir='ltr'>Ἀκεφάλων</span> <span class='ocrx_word' id='word_1_716' title='bbox 2705 4937 2762 4988; x_wconf 85' lang='grc' dir='ltr'>ἐν</span> <span class='ocrx_word' id='word_1_717' title='bbox 2784 4934 2861 5005; x_wconf 83' lang='grc' dir='ltr'>τῷ</span> <span class='ocrx_word' id='word_1_718' title='bbox 2879 4935 3188 5006; x_wconf 85' lang='grc' dir='ltr'>βιϐλιδαρίῳ</span> <span class='ocrx_word' id='word_1_719' title='bbox 3217 4934 3391 5005; x_wconf 85' lang='grc' dir='ltr'>τούτῳ</span> <span class='ocrx_word' id='word_1_720' title='bbox 3422 4934 3662 4998; x_wconf 80' lang='grc' dir='ltr'>διέξεισι.</span> 
     </span>
    </p>
   </div>
   <div class='ocr_carea' id='block_1_107' title="bbox 2089 5024 3664 5098">
    <p class='ocr_par' dir='ltr' id='par_1_107' title="bbox 2089 5024 3664 5098">
     <span class='ocr_line' id='line_1_107' title="bbox 2089 5024 3664 5098; baseline -0.001 -19"><span class='ocrx_word' id='word_1_721' title='bbox 2089 5044 2102 5056; x_wconf 76' lang='grc' dir='ltr'><strong><em>ο</em></strong></span> <span class='ocrx_word' id='word_1_722' title='bbox 2149 5029 2398 5098; x_wconf 86' lang='grc' dir='ltr'>Περιείχε</span> <span class='ocrx_word' id='word_1_723' title='bbox 2444 5028 2502 5080; x_wconf 86' lang='grc' dir='ltr'>δὲ</span> <span class='ocrx_word' id='word_1_724' title='bbox 2543 5027 2603 5080; x_wconf 79' lang='grc' dir='ltr'>τὸ</span> <span class='ocrx_word' id='word_1_725' title='bbox 2649 5026 2838 5098; x_wconf 82' lang='grc' dir='ltr'>τεῦχος</span> <span class='ocrx_word' id='word_1_726' title='bbox 2882 5027 2978 5080; x_wconf 76' lang='grc' dir='ltr'>καὶ</span> <span class='ocrx_word' id='word_1_727' title='bbox 3015 5024 3305 5097; x_wconf 83' lang='grc' dir='ltr'>ἐπιστολὴν</span> <span class='ocrx_word' id='word_1_728' title='bbox 3355 5025 3522 5079; x_wconf 84' lang='grc' dir='ltr'>αὐτοῦ</span> <span class='ocrx_word' id='word_1_729' title='bbox 3571 5043 3664 5095; x_wconf 81' lang='grc' dir='ltr'>γε-</span> 
     </span>
    </p>
   </div>
   <div class='ocr_carea' id='block_1_108' title="bbox 2077 5119 3664 5192">
    <p class='ocr_par' dir='ltr' id='par_1_108' title="bbox 2077 5119 3664 5192">
     <span class='ocr_line' id='line_1_108' title="bbox 2077 5119 3664 5192; baseline -0.001 -20"><span class='ocrx_word' id='word_1_730' title='bbox 2077 5120 2404 5192; x_wconf 81' lang='grc' dir='ltr'>γραμμένην</span> <span class='ocrx_word' id='word_1_731' title='bbox 2447 5120 2695 5190; x_wconf 87' lang='grc' dir='ltr'>Εὐτυχίῳ</span> <span class='ocrx_word' id='word_1_732' title='bbox 2730 5119 2808 5190; x_wconf 85' lang='grc' dir='ltr'>τῷ</span> <span class='ocrx_word' id='word_1_733' title='bbox 2849 5119 3266 5192; x_wconf 85' lang='grc' dir='ltr'>ἁρχιεπισκόπῳ</span> <span class='ocrx_word' id='word_1_734' title='bbox 3312 5119 3664 5172; x_wconf 77' lang='grc' dir='ltr'>Κωνσταντιο</span> 
     </span>
    </p>
   </div>
   <div class='ocr_carea' id='block_1_109' title="bbox 2078 5208 3664 5284">
    <p class='ocr_par' dir='ltr' id='par_1_109' title="bbox 2078 5208 3664 5284">
     <span class='ocr_line' id='line_1_109' title="bbox 2078 5208 3664 5284; baseline -0.003 -19"><span class='ocrx_word' id='word_1_735' title='bbox 2078 5211 2414 5276; x_wconf 81' lang='grc' dir='ltr'>νουπόλεως,</span> <span class='ocrx_word' id='word_1_736' title='bbox 2458 5212 2525 5282; x_wconf 80' lang='grc' dir='ltr'>ἢν</span> <span class='ocrx_word' id='word_1_737' title='bbox 2567 5211 2804 5284; x_wconf 79' lang='grc' dir='ltr'>ἔγραψεν</span> <span class='ocrx_word' id='word_1_738' title='bbox 2836 5213 2893 5266; x_wconf 82' lang='grc' dir='ltr'>ἐν</span> <span class='ocrx_word' id='word_1_739' title='bbox 2931 5213 3317 5283; x_wconf 89' lang='grc' dir='ltr'>πρεσϐυτέροις</span> <span class='ocrx_word' id='word_1_740' title='bbox 3352 5209 3430 5263; x_wconf 76' lang='grc' dir='ltr'>ἔτι</span> <span class='ocrx_word' id='word_1_741' title='bbox 3472 5208 3664 5270; x_wconf 81' lang='grc' dir='ltr'>τελῶν,</span> 
     </span>
    </p>
   </div>
   <div class='ocr_carea' id='block_1_110' title="bbox 2083 5299 3662 5376">
    <p class='ocr_par' dir='ltr' id='par_1_110' title="bbox 2083 5299 3662 5376">
     <span class='ocr_line' id='line_1_110' title="bbox 2083 5299 3662 5376; baseline -0.013 -1"><span class='ocrx_word' id='word_1_742' title='bbox 2083 5303 2456 5376; x_wconf 82' lang='grc' dir='ltr'>πληροφορίαν</span> <span class='ocrx_word' id='word_1_743' title='bbox 2495 5304 2857 5375; x_wconf 86' lang='grc' dir='ltr'>περιέχουσαν</span> <span class='ocrx_word' id='word_1_744' title='bbox 2900 5305 3000 5372; x_wconf 83' lang='grc' dir='ltr'>τῆς</span> <span class='ocrx_word' id='word_1_745' title='bbox 3038 5303 3316 5376; x_wconf 79' lang='grc' dir='ltr'>ὀρθοδόξου</span> <span class='ocrx_word' id='word_1_746' title='bbox 3363 5302 3459 5357; x_wconf 85' lang='grc' dir='ltr'>καὶ</span> <span class='ocrx_word' id='word_1_747' title='bbox 3500 5299 3662 5356; x_wconf 87' lang='grc' dir='ltr'>καθο-</span> 
     </span>
    </p>
   </div>
   <div class='ocr_carea' id='block_1_111' title="bbox 2087 5392 2968 5463">
    <p class='ocr_par' dir='ltr' id='par_1_111' title="bbox 2087 5392 2968 5463">
     <span class='ocr_line' id='line_1_111' title="bbox 2087 5392 2968 5463; baseline 0.002 -17"><span class='ocrx_word' id='word_1_748' title='bbox 2087 5392 2242 5463; x_wconf 80' lang='grc' dir='ltr'>λικῆς</span> <span class='ocrx_word' id='word_1_749' title='bbox 2275 5392 2558 5458; x_wconf 84' lang='grc' dir='ltr'>εὐσεϐείας</span> <span class='ocrx_word' id='word_1_750' title='bbox 2595 5397 2689 5450; x_wconf 73' lang='grc' dir='ltr'>καὶ</span> <span class='ocrx_word' id='word_1_751' title='bbox 2714 5395 2968 5458; x_wconf 84' lang='grc' dir='ltr'>πίστεως.</span> 
     </span>
    </p>
   </div>
   <div class='ocr_carea' id='block_1_112' title="bbox 1712 5597 2378 5657">
    <p class='ocr_par' dir='ltr' id='par_1_112' title="bbox 1712 5597 2378 5657">
     <span class='ocr_line' id='line_1_112' title="bbox 1712 5597 2378 5657; baseline 0.012 -8"><span class='ocrx_word' id='word_1_752' title='bbox 1712 5597 1939 5654; x_wconf 66' lang='lat' dir='ltr'><strong>VAllUE</strong></span> <span class='ocrx_word' id='word_1_753' title='bbox 1979 5598 2378 5657; x_wconf 79' lang='lat' dir='ltr'>LECTIONES.</span> 
     </span>
    </p>
   </div>
   <div class='ocr_carea' id='block_1_113' title="bbox 478 5679 3641 5772">
    <p class='ocr_par' dir='ltr' id='par_1_113' title="bbox 478 5679 3641 5772">
     <span class='ocr_line' id='line_1_113' title="bbox 478 5679 3641 5772; baseline 0.003 -25"><span class='ocrx_word' id='word_1_754' title='bbox 478 5679 526 5714; x_wconf 73' lang='lat'><strong>“</strong></span> <span class='ocrx_word' id='word_1_755' title='bbox 559 5683 692 5737; x_wconf 70' lang='grc' dir='ltr'>καθὸ</span> <span class='ocrx_word' id='word_1_756' title='bbox 717 5701 775 5747; x_wconf 78' lang='grc' dir='ltr'>ς-</span> <span class='ocrx_word' id='word_1_757' title='bbox 864 5685 907 5718; x_wconf 75' lang='lat'><strong>&quot;</strong></span> <span class='ocrx_word' id='word_1_758' title='bbox 942 5684 997 5738; x_wconf 83' lang='grc' dir='ltr'>δὲ</span> <span class='ocrx_word' id='word_1_759' title='bbox 1028 5700 1134 5742; x_wconf 78' lang='grc' dir='ltr'>οιιιο</span> <span class='ocrx_word' id='word_1_760' title='bbox 1158 5686 1221 5740; x_wconf 79' lang='grc' dir='ltr'>Α.</span> <span class='ocrx_word' id='word_1_761' title='bbox 1302 5687 1342 5721; x_wconf 68' lang='grc'>⁵⁸</span> <span class='ocrx_word' id='word_1_762' title='bbox 1372 5687 1434 5762; x_wconf 79' lang='grc' dir='ltr'>δὴ</span> <span class='ocrx_word' id='word_1_763' title='bbox 1458 5692 1500 5745; x_wconf 77' lang='grc' dir='ltr'>Λ</span> <span class='ocrx_word' id='word_1_764' title='bbox 1544 5707 1554 5746; x_wconf 90' lang='lat'><strong>:</strong></span> <span class='ocrx_word' id='word_1_765' title='bbox 1594 5692 1731 5766; x_wconf 50' lang='lat'>6‘33.</span> <span class='ocrx_word' id='word_1_766' title='bbox 1813 5694 1856 5727; x_wconf 75' lang='lat'><strong>&quot;</strong></span> <span class='ocrx_word' id='word_1_767' title='bbox 1889 5695 2216 5766; x_wconf 80' lang='grc' dir='ltr'>κρατύνοντσ</span> <span class='ocrx_word' id='word_1_768' title='bbox 2247 5696 2307 5751; x_wconf 65' lang='grc' dir='ltr'>τὸ</span> <span class='ocrx_word' id='word_1_769' title='bbox 2351 5695 2486 5760; x_wconf 78' lang='grc' dir='ltr'>εἶδος</span> <span class='ocrx_word' id='word_1_770' title='bbox 2506 5715 2566 5763; x_wconf 79' lang='grc' dir='ltr'>ς.</span> <span class='ocrx_word' id='word_1_771' title='bbox 2642 5700 2686 5735; x_wconf 79' lang='grc' dir='ltr'>⁵ο</span> <span class='ocrx_word' id='word_1_772' title='bbox 2725 5699 3020 5755; x_wconf 71' lang='grc' dir='ltr'>Παλατῖνον</span> <span class='ocrx_word' id='word_1_773' title='bbox 3049 5717 3105 5765; x_wconf 79' lang='grc' dir='ltr'>ς’.</span> <span class='ocrx_word' id='word_1_774' title='bbox 3185 5701 3226 5734; x_wconf 78' lang='grc'>⁸⁸</span> <span class='ocrx_word' id='word_1_775' title='bbox 3254 5702 3558 5772; x_wconf 80' lang='grc' dir='ltr'>κυριώτατα</span> <span class='ocrx_word' id='word_1_776' title='bbox 3585 5721 3641 5767; x_wconf 77' lang='grc' dir='ltr'>ς.</span> 
     </span>
    </p>
   </div>
  </div>
