3972 6248
324 223 437 289 957

1045 354 1217 408 ΣΚΗ’.

324 436 677 511 Ἐφραιμίου
723 441 1090 515 πατριάρχου
1130 451 1513 519 Θεουπόλεως·
1579 455 1749 529 λόγοι
1785 457 1909 513 διά-

1014 535 1207 587 scopa.

408 597 749 691 Ἀνεγνώσθη
802 606 898 660 τοῦ
955 608 1015 663 ἐν
1068 610 1244 678 ἁγίοις
1289 613 1647 689 Ἐφραιμίου,
1710 638 1904 691 πατρι-

315 687 498 758 άρχης
536 690 595 743 δὲ
640 688 797 759 οὗτος
846 697 1195 766 Θεουτοόλεως
1236 698 1326 774 ἦν,
1362 687 1541 775 Λόγοι
1597 687 1903 778 διάφοροι·

314 779 499 851 Σύρας
536 782 634 851 μὲν
666 786 909 855 γεγονὼς
950 791 1044 844 καὶ
1086 796 1269 864 φωνῆς
1305 797 1401 850 καὶ
1438 799 1650 866 γενεᾶς,
1682 801 1904 854 παιδευ-

314 868 434 934 θεὶς
483 871 612 944 [405
660 876 755 949 [1.]
804 878 863 931 δὲ
931 882 1024 935 καὶ
1071 883 1175 955 τὴν
1220 886 1457 958 Ἕλληνα
1503 890 1755 957 γλῶσσαν
1803 893 1905 948 οὐκ

312 963 577 1030 ἀγεννῶς,
624 965 765 1021 ἀλλά
812 972 907 1024 καὶ
947 972 1234 1040 πολιτικὰς
1278 981 1379 1032 οὑκ
1418 980 1601 1048 ὀλίγας
1645 999 1900 1053 μεταχει-

313 1055 611 1148 ρισάμενος
637 1059 830 1131 ἀρχάς,
864 1056 940 1117 ὧν
978 1065 1078 1136 τὴν
1121 1068 1460 1134 τελευταίαν,
1513 1073 1692 1144 κόμης
1731 1076 1898 1148 ἀναῤ-

311 1142 503 1215 ρηθεὶς
544 1147 646 1218 τῆς
675 1149 965 1222 ἀνατολῆς,
1007 1156 1216 1210 ἐκεῖθεν
1260 1159 1353 1212 ἐπὶ
1383 1161 1474 1214 τὸν
1514 1142 1898 1235 ἀρχιερατικδν

312 1238 625 1311 μετηνέχθη
657 1240 867 1313 θρόνον.
890 1246 1028 1299 Φασὶ
1045 1247 1102 1301 δέ
1125 1249 1285 1303 αὐτὸν
1312 1252 1382 1306 τά
1405 1270 1465 1305 τε
1495 1253 1631 1307 ἀλλα
1659 1256 1898 1313 ἐπαίνων

310 1330 440 1397 ἀξια
468 1334 771 1403 διαϐιῶναι,
802 1340 896 1394 καὶ
927 1341 1096 1396 πολὺν
1122 1345 1219 1416 τῆς
1256 1344 1623 1419 ἐλεημοσύνης
1657 1352 1897 1422 ἐργάτην

310 1423 589 1511 γενέσθαι.
607 1426 873 1497 Συνέταξε
898 1430 998 1502 μὲν
1017 1428 1110 1488 οὑν
1129 1437 1157 1488 6
1180 1435 1319 1508 ἀνὴρ
1342 1437 1632 1511 διαφόρους
1658 1440 1893 1510 βίϐλους,

308 1506 387 1568 ὧν
420 1517 502 1579 είς
534 1519 682 1588 ἡμᾶς
718 1521 857 1585 τέως
892 1526 1044 1594 τρεῖς
1077 1506 1388 1597 περιῆλθον.
1431 1506 1625 1600 Σχεδὸν
1658 1506 1719 1586 δέ
1760 1551 1817 1587 τι
1847 1506 1893 1568 δέ

307 1609 473 1663 αὑτοῦ
505 1611 724 1679 πάντες,
764 1613 861 1678 οὓς
890 1615 1195 1690 τεθεάμεθα
1224 1620 1439 1690 πόνους,
1471 1623 1612 1695 ὑπὲρ
1645 1626 1752 1680 τῶν
1793 1627 1894 1698 τῆς

1350 246 1867 312 BIBLIOTHECA.
1892 277 1964 289 -
1992 256 2153 317 COD.
2182 260 2539 326 CCXXVIII.

3476 269 3579 332 958

2628 380 2810 437 CCXX
2823 381 2954 440 VIII.

2082 465 2266 521 Sancti
2300 467 2543 534 Ephrrem
2579 470 2942 598 Théopoiitani
2970 476 3311 545 patriarcltce,
3344 476 3508 530 varia

2696 556 2943 598 rationes.

2696 556 2943 600 rationes.

2024 704 2045 717 ν
2079 630 2254 687 Lecta:
2272 643 2396 688 sunt
2414 636 2586 690 sancti
2610 635 2896 705 Ephraemii
2926 638 3032 709 (68)
3058 637 3380 706 patriarcha:
3401 634 3575 689 Theo-

2007 717 2228 785 politani
2259 719 2541 776 Orationes
2573 725 2752 778 varice.
2786 725 2956 795 Syrus
2978 727 3194 794 quidem
3224 725 3327 779 fuit
3362 738 3570 794 genere

2006 819 2072 857 ac
2094 820 2364 874 sermone,
2404 808 2644 864 Graecam
2672 825 2803 866 vero
2827 812 3064 881 linguam
3095 828 3200 867 non
3220 812 3571 866 mediocriter

2005 898 2208 953 calluit.
2245 899 2351 954 Sed
2384 911 2439 956 et
2472 902 2661 959 civiles
2689 903 2861 969 gessit
2890 905 3260 974 magistratus,
3296 919 3328 958 e
3373 903 3575 972 quibus

2004 1004 2186 1045 comes
2217 992 2430 1048 tandem
2458 996 2695 1051 Orientis
2735 998 3096 1062 renuntiatus,
3136 998 3260 1051 inde
3296 998 3365 1051 ad
3415 1012 3572 1050 sum-

2003 1096 2146 1135 mam
2181 1080 2435 1139 Ecclesiae
2457 1087 2765 1140 cathedram
2787 1096 3005 1142 evectus
3032 1098 3135 1143 est.
3162 1087 3368 1142 Ferunt
3391 1097 3575 1141 autem

2002 1186 2123 1226 cum
2156 1172 2259 1226 alia
2286 1174 2443 1228 laude
2471 1174 2631 1243 digna
2669 1176 2926 1245 gessisse,
2969 1186 3081 1229 tum
3112 1192 3242 1232 vero
3267 1177 3573 1247 eleemosy-

2002 1261 2086 1315 nis
2115 1261 2442 1329 elargiendis
2484 1263 2770 1318 enituisse.
2820 1262 3012 1318 Libros
3043 1277 3172 1317 vero
3218 1264 3397 1319 varios
3427 1278 3573 1318 com-

2000 1352 2200 1419 posuit,
2245 1365 2473 1421 quorum
2522 1351 2575 1406 in
2626 1367 2819 1408 manus
2873 1369 3020 1408 meas
3078 1337 3569 1409 tres‘inciderunt.

1998 1442 2190 1499 Omnia
2222 1459 2356 1513 pene
2393 1459 2556 1514 opera
2583 1444 2701 1514 ejus
2737 1459 2857 1513 qua:
2921 1443 3157 1499 vidimus
3184 1459 3281 1514 pro
3309 1445 3570 1500 ecclesia-

1999 1535 2153 1591 sticis
2174 1534 2520 1604 dogmatibus
2555 1544 2814 1603 pugnant,
2864 1533 3268 1604 defenduntque
3319 1546 3570 1589 sanctum

2003 1626 2442 1683 Chalcedonense
2467 1623 2758 1681 concilium
2789 1635 2941 1680 extra
2984 1639 3200 1678 omnem
3232 1639 3354 1680 esse
3399 1627 3571 1680 hazre-

319 1699 647 1801 Ἐκκλησίας
692 1705 1051 1771 σπουδάζουσι
1107 1709 1423 1781 δογμάτων,
1458 1715 1555 1769 καὶ
1584 1716 1681 1769 τοῦ
1716 1734 1887 1789 παρα-

2002 1717 2233 1773 ticorum
2274 1712 2775 1785 reprehensionem.

306 1792 505 1862 στῆσαι
556 1795 655 1866 τὴν
704 1797 846 1851 κατὰ
893 1799 1216 1871 Καλχηδόνα
1254 1804 1415 1872 ἁγίαν
1462 1806 1679 1861 σύνοδον
1712 1809 1895 1881 πάσης

307 1881 485 1951 λαϐῆς
512 1886 798 1959 αίρετικῆς
826 1889 1231 1963 ὑπερκειμένην
1260 1896 1356 1949 καὶ
1398 1898 1821 1969 ἐπικρατοῢσαν.

392 1974 481 2027 Ἑν
505 1977 605 2040 μὲν
634 1973 726 2033 οὖν
752 1981 819 2050 τῇ
850 1982 1041 2054 πρώτῃ
1072 1983 1239 2056 βίϐλῳ
1259 1988 1288 2039 6
1310 1988 1531 2058 πρῶτος
1561 1990 1709 2061 αὐτῷ
1737 1991 1895 2061 λόγος

300 2066 563 2139 ἐπιστολή
594 2070 711 2125 ἐστι
736 2073 871 2143 πρὸς
903 2074 1159 2146 Ζηνόϐιόν
1191 2097 1312 2133 τινα
1343 2082 1700 2153 σχολαστικὸν
1742 2086 1896 2157 Ἐμί-

304 2175 429 2227 σης,
486 2162 587 2233 τῆς
631 2163 933 2236 ’Λκεφάλου
991 2169 1186 2240 μοίρας
1240 2171 1390 2239 ὅντα,
1445 2173 1848 2246 διαπεμφθεῖσα
1873 2193 1887 2207 ⁸

303 2253 545 2325 σπουδὴν
617 2256 673 2310 δὲ
740 2262 977 2315 ποιεῖται
1051 2263 1183 2333 περὶ
1253 2264 1361 2319 τῶν
1433 2267 1891 2341 ἐπηρεαζομένων

304 2345 591 2414 ῥημάτων,
618 2348 655 2402 ἀ
676 2350 736 2403 ἐν
758 2353 824 2423 τῇ
844 2353 1104 2426 ἐπιστολῇ
1130 2357 1442 2426 περιέχεται
1465 2358 1561 2412 τοῦ
1585 2361 1888 2429 ἁγιωτάτου

299 2434 532 2501 Λέοντος
556 2439 826 2512 Προέδρου
866 2442 1105 2515 Ῥώμης.
1146 2448 1442 2516 Προτάττει
1471 2450 1527 2503 δὲ
1556 2454 1655 2522 τῆς
1680 2469 1892 2524 γυμνα-

301 2528 427 2591 σίας
484 2531 594 2583 τῶν
651 2534 959 2604 εἰρημένων
1018 2538 1282 2609 ῥημάτων
1338 2541 1549 2597 δίαιτάν
1613 2562 1733 2598 τινα
1793 2546 1887 2601 τοῦ

300 2621 598 2692 Τρισαγίου
645 2626 888 2697 ’Υμνου’
943 2629 1039 2682 καὶ
1086 2631 1196 2701 γάρ
1250 2632 1346 2686 καὶ
1401 2634 1430 2685 6
1482 2635 1739 2704 Ζηνόϐιος
1790 2639 1889 2708 τῆς

300 2712 491 2782 κοινῆς
516 2714 845 2786 Ἐκκλησίας
900 2718 1095 2773 ἐαυτὸν
1145 2721 1464 2794 ἀπορρήξας
1515 2727 1562 2758 ⁸³
1619 2728 1890 2799 πρόφασιν

299 2802 473 2857 ἐδίδου
513 2805 613 2876 τὴν
649 2808 779 2879 περὶ
824 2809 925 2880 τὴν
961 2812 1256 2882 Τρισάγιον
1297 2814 1606 2885 δοξολογίαν
1642 2836 1889 2874 καινοτο⁹

304 2895 455 2965 μίαν.
485 2898 624 2966 Φησὶ
648 2899 705 2953 δὲ
734 2901 762 2953 ὁ
800 2900 1125 2972 Ἐφραίμιος
1153 2904 1253 2975 τὴν
1278 2905 1539 2977 τοιαύτην
1565 2908 1889 2978 ὑμνολογίαν

299 2987 429 3050 τοὺς
478 2988 578 3055 μὲν
626 2988 730 3059 τὴν
777 2991 1041 3065 ἀνατολὴν
1085 2996 1367 3061 οἰκοῦντας
1419 2999 1501 3062 είς
1548 3000 1642 3054 τὸν
1686 3001 1889 3073 Κύριον

2064 1979 2227 2035 Libro
2263 1976 2481 2048 quidem
2510 1975 2690 2046 primo
2736 1973 2892 2029 initio
2921 1981 3005 2029 est
3032 1971 3261 2044 epistola
3297 1970 3363 2026 ad
3392 1970 3566 2025 Zeno-

1993 2069 2138 2125 bium
2173 2069 2457 2137 quemdam
2502 2064 2891 2121 scholasticum
2925 2063 3238 2118 Emisenum
3270 2059 3569 2130 Acephalo-

1994 2177 2113 2217 rum
2146 2160 2268 2216 labe
2300 2158 2582 2223 infectum,
2632 2156 2816 2210 missa.
2848 2154 3159 2224 Propugnat
3189 2168 3317 2207 vero
3346 2153 3566 2205 irrisum

1991 2255 2057 2309 de
2100 2252 2316 2308 infestis
2368 2262 2529 2322 atque
2558 2248 2771 2303 acerbis
2813 2236 3021 2311 verbis,
3056 2260 3178 2316 quae
3225 2245 3279 2299 in
3335 2244 3565 2312 epistola

1991 2346 2191 2401 Leonis
2255 2345 2485 2400 Romani
2537 2341 2818 2399 Pontiﬁcis
2868 2338 3231 2393 continentur.
3279 2336 3566 2392 Prwmittit

1989 2453 2117 2494 vero
2146 2437 2337 2490 horum
2370 2434 2658 2490 verborum
2688 2430 3059 2501 disputationi,
3084 2445 3239 2484 usum
3275 2429 3564 2498 quemdam

1990 2531 2130 2584 sacri
2157 2527 2201 2583 Τ
2209 2529 2386 2600 risagii
2422 2527 2629 2598 hymni.
2658 2524 2870 2579 Etenim
2907 2522 3193 2578 Zenohius
3225 2536 3255 2575 a
3291 2520 3564 2574 communi

1990 2631 2305 2692 segregatus
2354 2619 2620 2684 Ecclesia,
2649 2618 2884 2672 colorem
2933 2617 3076 2671 hunc
3115 2614 3387 2683 quaesivit,
3420 2617 3563 2682 quod

1990 2727 2179 2767 recens
2199 2711 2370 2765 divisa
2400 2719 2545 2764 esset
2572 2717 2653 2762 ter
2672 2706 2843 2760 sancti
2871 2705 3054 2775 hymni
3082 2702 3369 2758 sententia.
3403 2702 3566 2753 Asse-

1989 2805 2060 2859 rit
2092 2814 2281 2859 contra
2307 2803 2670 2874 Ephrazmius,
2693 2799 2941 2855 eumdem
2977 2800 3230 2869 hymnum
3258 2793 3563 2848 Orientales

1989 2895 2182 2968 245b
2209 2896 2424 2955 Christo
2463 2891 2591 2949 Jesu
2626 2891 2946 2956 attribuere,
2978 2897 3033 2943 et
3092 2897 3379 2958 propterea
3427 2885 3564 2939 nihil

1986 3004 2213 3058 peccare
2261 2986 2471 3043 tametsi
2523 2983 2818 3053 adjiciaut:
2860 2981 3159 3051 Cruci/imus
3210 2994 3305 3047 pro
3352 2979 3501 3032 nobis
3543 2994 3563 3031 :

299 3080 460 3151 ἡμῶν
499 3079 710 3152 Ἰησοῦν
760 3084 997 3155 Χριστὸν
1051 3087 1382 3159 ἀναφέρειν,
1440 3092 1533 3144 καὶ
1588 3092 1677 3146 διὰ
1729 3069 1887 3148 τοῦτο

1993 3078 2621 3147 Constantinopolitanos
2671 3090 2801 3131 vero
2848 3085 3011 3143 atque
3058 3070 3456 3137 Occidentales,
3508 3069 3561 3123 in

302 3170 472 3240 μηδὲν
503 3170 900 3245 ἐξαμαρτάνειν
936 3178 1403 3245 ἐπίσυνάπτοντας
1434 3184 1515 3250 τὸ,
1551 3184 1606 3237 Ὁ
1622 3200 1889 3256 σταυρω-

301 3265 429 3328 θεῑς
470 3263 549 3317 δι’
585 3264 774 3334 ἡμᾶς,
818 3268 945 3333 τοὺς
993 3270 1052 3324 δέ
1103 3272 1163 3324 τὸ
1211 3272 1505 3338 Βυζάντιόν
1543 3293 1604 3330 τε
1651 3278 1745 3332 καὶ
1788 3280 1887 3348 τὴν

301 3354 565 3425 ἐσπερίαν
590 3358 922 3427 νεμομένους
946 3362 1026 3426 είς
1048 3362 1153 3433 τὴν
1179 3364 1489 3438 ὑπερτάτην
1512 3370 1606 3421 καὶ
1629 3370 1889 3441 πανίερον

300 3444 487 3516 πηγὴν
532 3446 630 3517 τῆς
669 3448 1036 3521 ἀγαθότητος,
1062 3453 1163 3525 τὴν
1197 3456 1480 3525 ὁμοούσιον
1508 3459 1714 3529 Τριάδα
1738 3502 1753 3527 ,
1787 3463 1888 3532 τὴν

300 3535 611 3605 δοξολογίαν
662 3540 956 3597 ἀνάπτειν·
1012 3545 1092 3599 διὸ
1144 3548 1267 3619 μηδ’
1318 3549 1607 3619 ἀνέχεσθαι
1664 3554 1888 3619 τούτους

299 3628 690 3684 ἐπισυνάπτειν
709 3630 789 3697 τὸ,
834 3633 888 3685 '0
924 3638 1285 3706 σταυρωθεὶς
1330 3639 1408 3694 δι’
1451 3640 1630 3710 ἡμᾶς.
1679 3644 1764 3698 ἵνα
1810 3646 1885 3718 μὴ

299 3720 477 3785 πάθος
510 3724 577 3793 τῇ
621 3724 815 3794 Τριάδι
855 3728 1216 3797 περιάψωσιν.
1264 3731 1354 3784 Ἐν
1401 3733 1624 3794 πολλαῖς
1665 3735 1724 3788 δὲ
1766 3739 1888 3801 ταῖς

298 3813 443 3866 κατὰ
462 3814 564 3884 τὴν
597 3815 867 3887 Εὐρώπην
899 3820 1190 3891 ἐπαρχίαις
1210 3823 1331 3875 ἀντὶ
1366 3824 1482 3890 τοῦ,
1520 3826 1583 3878 '0
1615 3840 1886 3897 σταυρωυ

298 3905 426 3971 θεὶς
464 3906 542 3960 δι’
569 3905 727 3977 ἡμᾶς
757 3909 839 3977 τὸ,
882 3910 1036 3981 Ἅγια
1078 3915 1245 3982 Τριὰς
1281 3915 1544 3984 ἐλέησον
1579 3920 1887 3989 ἡμᾶςέπά-

296 4016 437 4066 γειψ
474 3998 535 4063 ἐξ
571 3994 645 4054 ὧν
673 4001 1058 4075 ἐπιδηλότερον
1088 4007 1182 4060 τὸν
1211 4009 1412 4061 σκοπὸν
1448 4010 1559 4063 τῶν
1595 4014 1885 4068 εὐσεϐούν-

295 4106 405 4144 των
435 4091 818 4158 καθίστασθαι,
844 4094 918 4159 ὼς
943 4098 1025 4159 είς
1051 4096 1148 4167 τὴν
1178 4099 1341 4167 ἁγίαν
1370 4101 1575 4170 Τριάδα
1596 4104 1656 4157 τὸ
1683 4106 1885 4176 Ἄγιος

296 4185 330 4234 ὁ
363 4182 532 4249 Θεὸς,
565 4183 731 4253 ἅγιος
768 4186 1037 4254 ἰσχυρὸς,
1071 4188 1237 4260 ἅγιος
1267 4192 1565 4260 ἀθάνατος
1588 4197 1880 4266 ἀνάγοντες

293 4274 517 4342 ἀκριϐεῖ
558 4276 652 4329 καὶ
691 4276 970 4350 ἀκολούθῳ
1007 4280 1148 4352 λόγῳ
1188 4282 1251 4335 τὸ
1308 4283 1370 4337 '0
1412 4289 1778 4358 σταυρωθεὶς
1809 4291 1885 4347 δι’

292 4363 454 4433 ἡμᾶς
491 4368 967 4440 παραγράφονται.
1006 4370 1163 4425 Οὑτω
1196 4374 1294 4442 μὲν
1329 4372 1424 4429 οὖν
1451 4379 1724 4450 ἐκατέραν
1762 4385 1883 4454 μοῖ-

1994 3188 2304 3242 supremum
2364 3168 2913 3237 sacratissimumque
2981 3166 3249 3220 bonorum
3320 3164 3562 3217 omnium

1991 3269 2223 3334 fontem,
2276 3262 2793 3322 consubstantialem
2847 3259 3197 3323 Trinitatem,
3232 3259 3561 3313 sententiam

1990 3360 2238 3425 referre;
2272 3358 2474 3413 idcirco
2517 3371 2626 3412 non
2675 3353 2944 3410 sustinere
2998 3350 3126 3405 illud
3159 3351 3322 3404 addi:
3371 3349 3562 3405 Cruci-

1989 3453 2127 3522 ﬁxus
2157 3468 2251 3519 pro
2273 3450 2444 3517 nobis,
2471 3463 2537 3503 ne
2569 3461 2676 3517 qua
2710 3445 2891 3516 passio
2920 3442 3173 3497 Trinitati
3206 3443 3558 3497 attribuatur.

1989 3541 2047 3597 lu
2078 3541 2262 3596 multis
2290 3540 2436 3595 enim
2462 3539 2690 3606 Europae
2730 3532 3025 3589 ditionibus
3051 3547 3149 3602 pro
3180 3531 3290 3595 illo,
3324 3532 3413 3602 qui
3441 3548 3561 3584 cru-

1988 3644 2178 3713 ciﬁxus
2211 3650 2287 3696 est
2327 3655 2424 3709 pro
2455 3637 2627 3700 nobis,
2652 3618 2764 3690 hoc
2798 3640 3107 3700 reponunt:
3144 3627 3345 3683 Sancta
3375 3630 3551 3683 Trini-

1989 3745 2093 3801 tas,
2140 3735 2385 3788 miserere
2415 3730 2581 3785 nobis.
2617 3725 2770 3782 Unde
2812 3725 3024 3794 piorum
3060 3722 3328 3777 sententia
3360 3722 3559 3775 clarius

1987 3829 2265 3893 elucescit,
2299 3833 2359 3880 ut
2406 3825 2461 3879 in
2495 3832 2738 3877 sanctam
2769 3818 3100 3872 Trinitatem
3136 3816 3278 3869 hoc:
3327 3813 3556 3868 Sanctus

1989 3921 2150 3985 Deus,
2181 3930 2393 3973 sanctus
2439 3916 2617 3986 fortis,
2644 3922 2862 3967 sanctus
2892 3907 3209 3963 immortalis
3252 3923 3558 3962 accommo-

1987 4015 2155 4080 dent;
2188 4002 2441 4067 accurata
2481 4024 2546 4063 ac
2570 4007 2923 4078 consequenti
2975 4006 3221 4062 oratione
3253 4002 3383 4057 illud
3416 4019 3431 4055 :
3465 4000 3556 4069 qui

1985 4123 2171 4176 passus
2205 4114 2280 4160 est
2320 4120 2414 4173 pro
2459 4102 2628 4164 nobis,
2670 4099 2971 4155 ascribunt.
3009 4098 3101 4152 Sic
3136 4096 3299 4165 igitur
3329 4094 3556 4148 alteram

1988 4211 2272 4270 utramque
2315 4207 2521 4266 partem
2574 4197 2639 4250 de
2691 4195 2777 4249 his
2830 4193 3036 4247 sentire
3082 4200 3245 4259 atque
3291 4203 3555 4251 asserere,

1986 4292 2205 4363 quando
2233 4292 2286 4345 in
2318 4290 2535 4344 caateris
2568 4288 2674 4356 piis
2709 4284 3056 4355 dogmatibus
3082 4281 3216 4335 nihil
3261 4280 3557 4349 depravare

1988 4383 2414 4453 comperiantur.
2443 4381 2609 4435 Recte
2639 4392 2770 4432 vero
2802 4376 2981 4430 facere
3010 4385 3268 4443 utrosque
3298 4374 3385 4427 hic
3412 4372 3556 4425 amr-

293 4473 395 4527 ραν
426 4458 555 4529 περὶ
590 4458 691 4529 τῆς
724 4461 1094 4533 προκειμένης
1135 4465 1443 4534 δοξολογίας
1483 4450 1789 4540 φρονοῦσάν
1817 4493 1877 4529 τε

1993 4450 2128 4536 mat,
2150 4483 2327 4538 neque
2376 4466 2539 4522 ullam
2580 4466 2824 4535 reperire
2854 4464 3117 4519 rationem
3156 4476 3257 4517 cur
3290 4462 3552 4516 alterutra

292 4549 387 4602 καὶ
425 4550 721 4618 λέγουσαν,
756 4553 976 4609 ἐπειδάν
1011 4556 1153 4610 κατὰ
1190 4558 1259 4612 τά
1285 4559 1422 4615 ἀλλα
1458 4562 1560 4633 τῆς
1593 4566 1877 4632 εὐσεϐείας

288 4638 535 4710 δόγματα
580 4643 846 4713 μηδαμῶς
903 4646 1072 4718 μηδὲν
1117 4650 1312 4720 ὁρᾶται
1352 4655 1874 4725 παραχαράττουσα,

288 4731 468 4800 ὀρθῶς
517 4751 578 4787 τε
624 4735 887 4806 πράττειν
938 4740 969 4793 6
1019 4739 1159 4811 ἀνὴρ
1213 4743 1529 4817 ἀμφοτέρας
1583 4747 1731 4816 λέγει
1780 4752 1875 4805 καὶ

289 4824 579 4897 οὐδετέραν
620 4828 805 4899 χώραν
847 4830 1123 4902 εὑρίσκειν
1170 4834 1276 4887 ὑπὸ
1327 4836 1519 4907 μῶμον
1556 4844 1730 4894 ποιεῖν
1772 4844 1873 4913 τὴν

291 4916 485 4985 ἐτέραν
538 4918 572 4989 ἦ
639 4919 746 4973 ὑπὸ
803 4923 1147 4992 κατάγνωσιν
1197 4925 1376 4982 ἐλκειν
1432 4929 1666 5002 ὕϐρεως.
1729 4933 1870 4988 Ἀλλ’

288 5008 495 5073 ἐκεῖνος
509 5010 609 5081 μὲν
626 5011 768 5066 οὑτω
788 5014 987 5086 διαιτᾷ·
1013 5015 1093 5071 ὅτι
1118 5018 1176 5071 δὲ
1196 5021 1312 5083 τοῖς
1327 5019 1645 5092 Ἀκεφάλοις
1666 5025 1871 5097 αἱρετι-

289 5099 425 5164 κοίς,
468 5100 659 5166 κακῶς
700 5102 802 5174 τὴν
841 5104 1150 5175 δοξολογίαν
1194 5108 1399 5182 ταύτην
1444 5112 1866 5185 ἐκλαμϐάνουσι,

1981 4558 2437 4628 reprehendatur,
2491 4556 2576 4611 vel
2639 4557 2692 4611 in
2760 4556 3191 4627 disquisitionem
3245 4561 3551 4607 revocetur.

1982 4651 2089 4707 Sed
2116 4652 2204 4707 hic
2241 4650 2458 4719 quidem
2488 4650 2559 4704 ita
2589 4658 2800 4713 censet,
2835 4652 2979 4719 quod
3019 4651 3088 4702 ab
3119 4646 3408 4716 Acephalis
3439 4647 3522 4723 hae

1978 4744 2168 4799 reticis
2202 4742 2342 4797 male
2370 4743 2511 4797 hanc
2545 4742 2867 4797 sententiam
2896 4738 3305 4810 accipientibus,
3328 4754 3554 4806 magnus

1979 4836 2075 4889 llat
2106 4835 2162 4890 in
2194 4835 2316 4904 pios
2366 4835 2619 4888 incursus
2647 4854 2658 4888 ε
2705 4833 2898 4887 merito
2931 4832 3113 4888 caeteri
3146 4831 3334 4886 Patres
3378 4831 3549 4884 nostri

1977 4927 2113 4982 illud
2163 4927 2541 4991 decreverunt,
2596 4942 2701 4979 non
2754 4936 3006 4995 oportere
3064 4924 3195 4979 illud
3241 4922 3442 4977 addere
3496 4922 3549 4975 in

1976 5036 2136 5078 sacro
2167 5022 2391 5093 hymno,
2423 5018 2529 5085 Qui
2568 5035 2759 5088 passus
2801 5028 2873 5071 est
2910 5032 3004 5086 pro
3049 5017 3222 5083 nobis,
3252 5025 3306 5069 et
3347 5020 3548 5068 cenve-

1976 5115 2217 5171 nientem
2256 5127 2381 5170 esse
2412 5113 2694 5182 hymnum,
2722 5112 2817 5181 qui
2855 5109 2922 5166 de
2955 5108 3224 5164 Trinitate
3270 5105 3547 5174 disputat:

1552 5255 1791 5317 VARUE
1825 5259 2233 5319 LECTIONES.

358 5357 405 5390 ³²
425 5374 481 5409 τι
508 5359 554 5411 Α
592 5376 605 5412 :
645 5376 805 5427 τοις.
881 5363 928 5396 ⁸³
955 5364 1265 5436 ἀπορρῆξαι
1296 5371 1362 5423 Α.

1807 5478 2037 5536 NOT/E.

360 5562 655 5653 alius
683 5566 770 5623 hic
825 5565 893 5622 ab
923 5564 1177 5638 prraim
1229 5571 1666 5642 ascetico,cujus
1736 5590 1899 5653 opera
1963 5573 2189 5632 Photius
2242 5575 2601 5642 cnumcravit,
2684 5582 2739 5632 et
2786 5582 3016 5641 exstant,
3090 5570 3303 5629 tametsi
3367 5571 3537 5645 Syrus

289 5641 537 5704 uterque.
