3972 6248
402 241 511 305 959
1549 234 1810 296 PHOTII
1841 231 2348 293 PATRIARCHAE
2378 232 2489 294 cr.
3538 236 3654 301 950

400 352 618 422 quando
653 349 958 406 Cherubma
995 348 1176 404 cautio
1215 348 1268 402 in
1296 331 1492 416 triplici
1522 362 1656 402 sono
1685 344 1962 401 sanctitati

2086 342 2276 413 ιεγάλη
2328 343 2536 411 γίνεται
2603 343 2743 398 κατὰ
2809 345 2910 416 τῆς
2963 343 3244 409 εὐσεϐείας
3307 347 3654 419 καταδρομὴ,

400 445 670 499 accedens
718 443 786 496 ab
832 443 1006 503 initio,
1056 456 1216 508 super
1252 456 1467 494 omnem
1523 442 1868 497 sanctitatem
1910 450 1966 494 et

2095 435 2283 498 ἰκότως
2313 436 2362 487 οἱ
2403 435 2550 488 ἄλλοι
2598 437 2842 508 Πατέρες
2871 437 3029 507 ἡμῶν
3057 435 3338 500 παντελῶς
3379 439 3657 508 περιεῖλον

400 536 696 590 bonitatem
740 533 1022 586 Trinitatis
1051 541 1244 587 cantus
1289 547 1410 587 esse
1440 533 1810 602 cognoscitur.
1858 531 1964 586 Sed

2092 528 2126 579 »δ
2164 527 2292 598 [77b
2334 527 2428 598 lt]
2472 529 2544 598 μὴ
2600 528 2709 582 δεῖν
2756 530 3095 599 προσάπτειν
3146 531 3205 582 ὲν
3250 533 3318 602 τῇ
3372 530 3660 600 Τρισαγίῳ

409 629 525 682 sive
552 627 688 681 bene
722 640 817 679 seu
847 639 1006 678 secus
1036 625 1102 677 de
1134 623 1378 692 'l'risagio
1408 623 1492 676 hic
1523 624 1599 676 sic
1626 624 1854 692 judicat,
1889 621 1968 675 fa-

2094 619 2340 691 οξολογίᾳ
2385 623 2444 674 τὸ
2490 621 2542 673 Ὁ
2593 623 2958 690 σταυρωθεὶς
3012 622 3090 676 δι’
3141 621 3335 690 ἡμᾶς*
3400 623 3503 693 τῆς
3547 624 3662 692 γὰρ

399 720 503 774 cile
568 719 713 772 enim
742 718 959 771 occasio
1023 717 1124 786 ipsi
1181 717 1252 770 ita
1310 715 1589 783 judicandi
1642 723 1966 784 praetextum

2091 711 2350 780 τριαδικῆς
2405 711 2684 778 θεολογίας
2745 711 2912 782 ὕμνον
2965 709 3105 768 εἶναι
3155 715 3216 768 τὸ
3266 714 3608 786 δοξολόγημα
3639 756 3659 781 ,

399 811 569 874 dedit,
602 826 704 864 non
739 826 954 879 possum
981 810 1231 879 equidem
1257 824 1402 863 nunc
1439 809 1506 863 de
1543 807 1710 863 altera
1741 818 1964 860 senten-

2091 804 2193 856 ιπεὶ
2233 791 2392 857 καὶό
2425 805 2758 875 Χερουϐικὸς
2801 804 2973 876 ὕμνος
3003 808 3062 859 ὲν
3100 809 3166 878 τῇ
3206 808 3468 879 Τριαδικῇ
3503 811 3659 879 φωνῇ

399 901 471 954 tia
521 911 728 956 certum
779 899 920 954 ferre
949 901 1220 969 judicium
1263 919 1276 954 :
1316 901 1416 955 uisi
1465 903 1608 970 quod
1659 915 1765 953 non
1814 897 1963 962 sinit,

2091 895 2170 964 τῆς
2220 896 2505 964 ἁγιότητος
2549 897 2952 968 προερχόμενος
2997 898 3092 952 ἀπ’
3139 898 3315 967 ἀρχῆς
3363 901 3464 968 τῆς
3515 898 3659 969 ὑπὲρ

399 989 799 1047 Scholasticum
829 994 1151 1057 admonens,
1197 992 1266 1047 ab
1306 993 1559 1048 Ecclesiae
1589 1006 1815 1061 corpore
1861 1003 1964 1044 non

2095 989 2254 1043 πᾶσαν
2296 991 2558 1062 ἀγιότητα
2601 993 2696 1044 καὶ
2734 992 3046 1063 ἀγαθότητα
3089 992 3320 1062 Τριάδος
3360 991 3663 1063 μελῴδημα

396 1084 666 1151 separari.
2073 1081 2417 1152 ἐγνωρὶζετο.
2452 1084 2595 1137 Ἀλλ’
2645 1085 2756 1138 εἴτε
2791 1084 2850 1138 εὖ
2885 1085 2996 1138 εῐτε
3025 1085 3121 1137 καὶ
3161 1085 3365 1154 ἑτέρως
3394 1083 3523 1152 περὶ
3562 1081 3661 1136 τοῦ

397 1179 693 1250 Τρισαγίου
724 1181 974 1252 διῄτησεν
1004 1182 1032 1233 ὁ
1063 1181 1200 1251 ἀνὴρ
1229 1180 1393 1250 (τάχα
1424 1181 1534 1250 γάρ
1565 1179 1691 1252 [404
1715 1176 1810 1248 Η.]
1844 1193 1964 1230 τινα
2002 1180 2263 1248 παρεῖχεν
2300 1180 2450 1250 αὐτῷ
2523 1182 2793 1252 πρόφασιν
2821 1182 2850 1234 ὁ
2883 1182 3074 1252 καιρὸς
3129 1179 3355 1234 τοιαῦτα
3403 1179 3660 1249 διαιτᾷν).

393 1271 495 1325 οὐκ
543 1273 650 1344 ἔχω
706 1275 802 1329 νῦν
854 1277 973 1328 οὐδὲ
1019 1275 1181 1346 ἑτέρᾳ
1231 1275 1422 1346 γνώμῃ
1475 1275 1657 1346 κρίσιν
1705 1272 1970 1326 ἐπιθεῖναι
2005 1270 2347 1329 ἀδίστακτον.
2376 1273 2524 1347 Πλὴν
2550 1275 2651 1328 οὐκ
2675 1275 2862 1346 ἀνίησι
2887 1274 2978 1328 τὸν
3036 1271 3389 1344 σχολαστικὸν
3447 1288 3660 1343 παραι-

396 1367 504 1419 νῶν
529 1364 606 1439 τῷ
631 1370 728 1438 τῆς
764 1370 1088 1440 Ἐκκλησίας
1122 1369 1457 1439 συναφθῆναι
1490 1369 1722 1440 σώματι.

469 1463 526 1517 lu
575 1465 674 1518 hac
714 1464 939 1533 epistola
989 1479 1251 1518 cauonem
1286 1477 1503 1531 quoque
1550 1462 1642 1531 qui
1693 1459 1965 1516 secundus

2153 1458 2241 1512 Ἐν
2273 1457 2448 1530 ταύτῃ
2473 1458 2532 1512 δὲ
2558 1460 2623 1530 τῇ
2655 1458 2910 1528 ἐπιστολῇ
2942 1455 3154 1511 καὶτὸν
3180 1456 3405 1518 κανόνα,
3439 1453 3499 1516 ὃς
3527 1452 3655 1506 δεύ-

395 1563 480 1609 est
512 1555 562 1609 iu
593 1559 823 1611 secunda
852 1559 1058 1626 synodo
1089 1556 1690 1623 Constantinopolitana
1725 1551 1826 1608 150
1855 1551 1958 1606 Pa-

2087 1570 2216 1626 ἐρος
2243 1550 2554 1620 ἀριθμεῖται
2586 1551 2643 1602 ὲν
2683 1553 2750 1622 τῇ
2778 1549 3006 1619 δευτέρᾳ
3035 1547 3146 1600 τῶν
3191 1548 3248 1600 ὲν
3293 1547 3655 1598 Κωνσταντι-

399 1654 564 1712 trum,
591 1648 702 1715 ipse
733 1648 836 1703 166
867 1664 1008 1712 esse,
1031 1649 1212 1702 nescio
1240 1663 1346 1716 quo
1376 1658 1618 1710 aucrore,
1645 1660 1818 1712 neque
1845 1656 1966 1696 cum

2092 1643 2319 1698 ιουπόλει
2351 1646 2426 1712 ρν¹
2455 1639 2726 1710 ίερωτάτῃ
2775 1638 3011 1707 συνόδῳ,
3049 1636 3211 1700 αὐτὸς
3268 1634 3391 1705 ρξς¹
3420 1629 3563 1687 εἶναι
3586 1635 3660 1688 ⁸⁵,

401 1738 523 1792 aliis
549 1740 893 1793 consentiens
921 1750 1202 1794 numerat:
1230 1754 1408 1805 neque
1446 1739 1498 1790 in
1523 1739 1623 1791 hac
1645 1737 1756 1805 ipsa
1785 1735 1964 1799 modo,

2091 1737 2167 1789 ιὺκ
2208 1729 2305 1786 οἷδ’
2343 1730 2467 1784 ὅθεν
2512 1729 2692 1783 λαϐὼν
2744 1728 2863 1782 οὐδὲ
2908 1728 3050 1781 τίσιν
3103 1726 3283 1789 ἄλλοις
3319 1725 3659 1789 συντάττων,

400 1831 494 1880 sed
525 1839 578 1882 et
607 1828 660 1882 in
691 1828 810 1884 aliis
841 1830 956 1899 ejus
995 1830 1168 1892 libris,
1221 1828 1466 1882 eamdem
1511 1829 1622 1896 ipse
1651 1824 1968 1896 quantitatis

2092 1826 2312 1897 ιριθμεῖ.
2351 1823 2465 1876 Οὐκ
2497 1823 2556 1874 ὲν
2589 1820 2763 1892 ταύτῃ
2791 1820 2848 1873 δὲ
2879 1819 3059 1889 μόνον,
3095 1817 3230 1872 ἀλλά
3257 1817 3352 1870 καὶ
3380 1818 3439 1868 ὲν
3474 1816 3660 1880 ἀλλοις

401 1919 662 1974 rationem
702 1921 820 1974 init.

2092 1917 2229 1972 ιὺτοῦ
2255 1917 2434 1985 λόγοις
2457 1913 2556 1985 τὴν
2581 1912 2750 1984 αὐτὴν
2773 1912 2920 1982 αὐτῷ
2941 1911 3042 1980 τῆς
3064 1910 3365 1980 ποσότητος
3388 1909 3660 1976 ἀπονέμει

2104 2009 2276 2064 ώοαν.

469 2095 796 2166 AuSpicatus
825 2109 956 2150 vero
987 2097 1221 2151 stadium
1246 2096 1560 2149 orthodoxa:
1594 2094 1743 2160 ﬁdei,
1767 2093 1966 2164 praefa-

2096 2027 2126 2046 ,ν
2225 2027 2276 2064 ν⁸

2096 2027 2475 2173 ’ωῗρχόμενος
2521 2098 2581 2152 δὲ
2630 2097 2732 2168 τῆς
2788 2095 2932 2166 ὑπὲρ
2983 2094 3095 2149 τῶν
3139 2093 3316 2164 ὀρθῶν
3373 2093 3664 2164 δογμάτων

402 2195 512 2251 tur,
541 2187 867 2240 conferenda
908 2201 1014 2240 non
1055 2201 1173 2240 esse
1204 2202 1321 2253 quae
1352 2187 1418 2240 de
1450 2185 1765 2256 theologicis
1795 2200 1824 2238 a
1863 2185 1970 2240 Pa-

2095 2195 2328 2263 moudi'jc,
2366 2189 2782 2264 προοιμιάζεται
2817 2188 2892 2259 μὴ
2937 2187 3050 2241 δεῖν
3094 2185 3409 2258 συγκρίνειν
3447 2185 3484 2239 ἀ
3527 2186 3663 2257 περὶ

403 2277 577 2330 tribus
629 2277 832 2332 nostris
882 2280 1098 2330 decreta
1144 2283 1293 2339 sunt,
1340 2290 1463 2330 cum
1513 2275 1670 2330 dictis
1712 2291 1742 2329 a
1786 2273 1969 2330 Leone

2094 2284 2346 2354 ιεολογίας
2391 2285 2607 2354 είρηται
2652 2283 2764 2344 τοῖς
2809 2279 3089 2350 Πατράσιν
3132 2278 3324 2347 ήμῶν,
3371 2279 3487 2340 τοῖς
3527 2278 3662 2346 περὶ

402 2368 656 2438 pontiﬁce
685 2368 750 2422 de
781 2367 1175 2423 incarnatione.
1202 2368 1312 2424 Sed
1337 2368 1494 2439 hujus
1525 2367 1820 2438 theologica
1845 2381 1967 2423 eum

2093 2373 2381 2443 ιίκονομίας
2426 2372 2737 2443 εἰρημένοις
2773 2369 2964 2424 Λέοντι
3006 2367 3084 2437 τῷ
3122 2365 3369 2437 Ῥώμης,
3413 2365 3549 2418 ἀλλά
3590 2364 3661 2418 τὰ

403 2457 743 2528 theologicis,
774 2473 892 2526 quae
921 2473 1051 2513 vero
1079 2457 1144 2512 de
1175 2459 1572 2522 incarnatione,
1600 2473 1719 2512 cum
1754 2457 1821 2511 iis
1849 2471 1970 2526 quae

2093 2469 2172 2520 ιὲν
2205 2467 2488 2534 Θεολογικά
2522 2463 2711 2518 τούτου
2757 2464 2869 2526 τοῖς
2923 2460 3280 2528 θεολογικοῖς,
3311 2457 3382 2512 τὰ
3421 2457 3480 2510 δὲ
3527 2456 3661 2528 περὶ

401 2546 702 2617 analogiam
775 2548 994 2604 habent.
1047 2547 1245 2619 256a
1310 2549 1587 2615 Quotquot
1648 2549 1969 2619 theologiam

2093 2558 2166 2628 πῆς
2200 2556 2509 2624 οἰκονομίας
2539 2556 2652 2618 τοῖς
2681 2553 2894 2622 ἔχουσιν
2931 2551 3227 2619 ἀναλόγως.
3272 2549 3428 2601 Ὅσοι
3464 2548 3521 2600 δὲ
3560 2547 3661 2618 τὴν

401 2649 678 2708 Oppouunt
710 2639 1098 2705 incarnatioui,
1136 2641 1188 2694 hi
1245 2641 1721 2709 reprehensionem
1760 2641 1969 2710 injustaa

2090 2647 2347 2716 θεολογίαν
2375 2643 2858 2716 ἀντιπαρατιθέασι
2887 2643 2954 2712 τῇ
2985 2639 3288 2710 οἰκονομίᾳ.
3319 2629 3484 2691 Οὗτοι
3513 2634 3658 2705 γνὼ-

404 2730 645 2797 praebent
690 2730 994 2797 sententiae,
1029 2731 1082 2783 iu
1129 2745 1246 2799 qua:
1278 2730 1514 2800 linguam
1559 2740 1853 2795 exacuunt,
1887 2730 1971 2786 his

2091 2756 2184 2810 ιης
2215 2739 2314 2809 μὲν
2334 2737 2521 2794 ἀδίκου
2545 2737 2646 2806 τῆς
2676 2733 2886 2788 ἑαυτῶν
2912 2732 3244 2803 παρέχονται
3275 2729 3498 2799 στήλην,
3531 2727 3659 2781 καθ’

402 2835 537 2873 vero
571 2821 922 2875 nihilominus
952 2821 1056 2875 uisi
1091 2830 1433 2884 moveantur,
1464 2820 1970 2890 irreprehensihiles

2088 2824 2144 2886 iw
2172 2830 2232 2884 δὲ
2261 2830 2358 2901 τὴν
2386 2829 2638 2898 γλῶσσαν
2669 2825 2910 2892 κινοῦσι,
2938 2822 3147 2886 τούτοις
3175 2821 3325 2875 οὐδὲν
3352 2817 3516 2894 ἧττον
3545 2819 3580 2889 ἢ
3606 2818 3656 2852 ⁸⁸

402 2923 553 2971 sunt.
601 2915 701 2969 His
758 2915 1068 2982 praemissis,
1117 2917 1260 2970 dicta
1317 2915 1562 2985 quredam
1621 2932 1686 2971 ex
1745 2915 1970 2986 epistola

2092 2925 2122 2976 Li
2177 2922 2251 2992 μὴ
2301 2920 2614 2990 ὲκεκίνηντο
2662 2919 2723 2971 τὸ
2775 2916 3008 2987 ἄμωμον
3064 2912 3418 2984 συντηροῦσι.
3471 2910 3660 2964 Ταῦτα

405 3005 604 3061 Leonis
639 3007 848 3074 recitat,
878 3022 1038 3077 quam
1071 3009 1136 3061 ad
1184 3017 1431 3063 sanctum
1463 3005 1774 3061 Flavianqu
1803 3009 1973 3073 dedit,

2093 3011 2544 3085 τροδιασκευάσας
2577 3011 2716 3081 ῥητά
2746 3008 2979 3082 προάγει
3011 3007 3133 3061 τινὰ
3162 3007 3263 3076 τῆς
3295 3005 3584 3074 ἐπιστολῆς
3612 3004 3661 3039 ⁸⁸

417 3115 482 3151 ex
508 3114 570 3154 ea
617 3099 743 3153 item
776 3115 936 3169 quam
973 3101 1037 3152 ad
1089 3098 1324 3154 Leonem
1368 3098 1754 3168 imperatorem
1805 3101 1972 3166 misit,

2096 3105 2168 3159 :06
2197 3103 2504 3172 ἁγιωτάτου
2531 3102 2792 3166 Λέοντος,
2822 3099 2890 3171 ἣν
2921 3100 3128 3162 ἐκεῖνος
3158 3096 3366 3168 ἔγραψε
3404 3096 3543 3163 πρὸς
3571 3095 3664 3148 τὸν

407 3192 602 3258 quibus
632 3191 839 3246 claram
870 3190 1110 3245 ostendit
1142 3190 1243 3244 viri
1263 3189 1617 3260 theologicam
1646 3190 1969 3254 doctrinam,

2101 3217 2134 3251 .v
2171 3197 2346 3265 ἁγίοις
2374 3193 2692 3254 Φλαϐιανὸν,
2719 3194 2815 3245 καὶ
2859 3191 2966 3263 μὴν
3002 3193 3097 3244 καὶ
3140 3189 3240 3259 τῆς
3274 3187 3411 3257 πρὸς
3458 3186 3669 3241 Λέοντα

407 3283 768 3352 eumdemque
796 3297 917 3337 esse
951 3282 1042 3336 Dei
1078 3279 1299 3347 Filium,
1324 3290 1378 3335 et
1413 3281 1670 3346 hominis,
1694 3280 1975 3348 magniﬁce

2091 3292 2166 3345 τὸν
2196 3289 2438 3361 βασιλέα,
2472 3289 2530 3341 ἐν
2555 3284 2644 3349 αἷς
2673 3283 2949 3352 θεολογίαν
2975 3299 3034 3334 τε
3059 3280 3320 3351 λαμπρὰν
3345 3278 3438 3332 τού
3465 3277 3659 3348 ἀνδρὸς

409 3375 692 3446 praedicat,
722 3375 1002 3442 patibilem
1042 3384 1098 3427 et
1122 3373 1502 3444 impatibilem,
1536 3373 1893 3429 immortalem
1921 3384 1977 3428 et

2100 3380 2422 3442 ,istxvﬁsz,
2486 3379 2582 3434 καὶ
2621 3379 2706 3432 ὅτι
2744 3377 2836 3430 τὸν
2879 3374 3039 3428 αὐτὸν
3084 3374 3213 3426 Υίὸν
3250 3372 3345 3426 τοῦ
3391 3371 3526 3424 Θεοῦ
3569 3371 3668 3424 καὶ

409 3469 566 3523 morti
633 3467 953 3524 obnoxium.
1011 3467 1077 3520 Et
1136 3481 1244 3520 uno
1295 3467 1484 3532 verbo,
1529 3481 1794 3520 summam
1857 3481 1977 3522 esse

2099 3474 2292 3543 ιληθῶς
2367 3471 2482 3525 υἱὸν
2557 3469 2848 3540 ἀνθρώπου
2928 3467 3185 3537 γενέσθαι
3263 3464 3667 3536 μεγαλοφώνως

411 3554 578 3609 Verbi
603 3566 654 3609 et
687 3554 925 3609 hominis
957 3557 1411 3620 unitatem,certo
1433 3564 1487 3610 et
1517 3556 1776 3612 divinitus
1798 3559 1979 3622 exula-

2104 3564 2468 3634 ινακηρύττει,
2505 3560 2750 3631 παθητόν
2785 3576 2846 3613 τε
2878 3559 2968 3613 τὸν
3009 3558 3172 3612 αὑτὸν
3205 3556 3298 3610 καὶ
3333 3555 3540 3624 ἀπαθῆ,
3572 3555 3672 3607 καὶ

408 3646 577 3699 navit.
635 3644 776 3712 Quin
823 3654 878 3702 et
927 3648 1112 3700 iisdem
1167 3646 1367 3701 litteris
1418 3645 1734 3702 Nestorium
1792 3660 1976 3716 aperte

2105 3659 2169 3710 ’ὸν
2201 3658 2471 3712 ἀθάνατον
2502 3656 2689 3728 νόμοις
2718 3653 2994 3722 ὑποκύψαι
3040 3651 3273 3706 θανάτου
3300 3690 3316 3726 ,
3357 3649 3455 3702 καὶ
3481 3648 3673 3710 ἁπλῶς

408 3742 792 3795 communione
818 3739 1247 3794 interdicendum
1278 3740 1510 3805 censuit,
1548 3741 1638 3810 qui
1673 3743 1884 3796 beatam
1917 3756 1976 3796 ac

2106 3753 2177 3822 'hv
2211 3751 2386 3822 ἄκραν
2417 3751 2610 3805 ’ἐνωσιν
2635 3747 2730 3802 τοῦ
2758 3746 2932 3815 Λόγου
2960 3745 3054 3799 καὶ
3081 3746 3180 3815 τῆς
3209 3743 3410 3813 σαρκὸς
3435 3741 3674 3812 ἀμωμή-

410 3833 694 3901 Deiparam
735 3831 1009 3902 Virginem
1065 3848 1170 3885 non
1219 3831 1338 3896 Dei,
1385 3833 1480 3887 sed
1532 3833 1768 3887 hominis
1805 3833 1978 3888 solum

2105 3862 2187 3908 τως
2234 3862 2295 3898 τε
2337 3848 2430 3898 καὶ
2478 3841 2799 3912 θεοπρεπῶς
2847 3840 3236 3910 διετράνωσεν.
3267 3837 3342 3889 Οὐ
3393 3834 3501 3905 μὴν
3535 3833 3673 3887 ἀλλά

415 3936 641 3979 luatlem
672 3926 940 3994 appellare
973 3937 1056 3980 est
1089 3941 1270 3980 ausus.
1320 3924 1556 3979 Primum
1605 3941 1822 3995 quoque
1856 3927 1980 3981 bea-

2106 3939 2177 3991 ιαὶ
2222 3937 2516 4008 Νεστόριον
2566 3933 2880 4005 λαμπρᾷτῇ
2923 3933 3076 4002 φωνῇ
3118 3931 3178 3981 ὲν
3219 3931 3342 3991 ταῖς
3391 3925 3674 3988 τοιαύταις

417 4030 527 4070 tum
562 4018 795 4072 Leonem
843 4020 1127 4088 perspicue
1162 4019 1292 4087 ipsis
1332 4019 1553 4074 vocibus
1581 4018 1981 4089 pronuntiasse,

2102 4029 2391 4092 ιπιστολαίς
2445 4027 2843 4096 ἀναθεματίσαι
2871 4063 2888 4087 ,
2944 4022 3020 4085 ὼς
3076 4020 3176 4091 τὴν
3231 4019 3509 4089 μακαρίαν
3575 4017 3670 4070 καὶ

413 4109 506 4164 Dei
563 4122 789 4165 matrem
845 4127 966 4166 esse
1021 4112 1236 4166 beatam
1293 4113 1540 4177 Mariam,
1579 4128 1703 4167 cum
1753 4114 1981 4170 aliorum

2106 4120 2330 4172 νεοτόκον
2363 4118 2583 4188 Μαρίαν
2614 4117 2737 4186 οὐχ).
2769 4113 2865 4167 τοῦ
2899 4111 3060 4178 Θεοῦ,
3090 4111 3382 4179 ἀνθρώπου
3412 4110 3471 4163 δὲ
3515 4109 3674 4179 μόνον

412 4208 538 4254 ante
565 4202 739 4269 ipsum
770 4201 989 4255 Patrum
1023 4218 1183 4257 nemo
1217 4203 1269 4257 id
1299 4213 1405 4256 tam
1439 4203 1586 4257 clare
1613 4203 1894 4269 extulerit,
1929 4214 1980 4260 et

2108 4210 2433 4281 τολμήσαντα
2466 4209 2644 4262 εἰπεῖν
2693 4207 2905 4278 μητέρα
2932 4222 2948 4236 ο
2986 4205 3080 4257 καὶ
3118 4205 3212 4271 ὅτι,
3235 4202 3453 4273 πρῶτος
3482 4202 3513 4253 ὁ
3540 4201 3584 4232 ⁵⁷
3617 4201 3676 4251 ὲν

415 4295 527 4347 haec
552 4295 767 4361 quidem
798 4295 973 4362 capite
997 4294 1174 4364 primo
1208 4293 1571 4364 persequitur.

2105 4272 2262 4370 ιγξὸιξ
2304 4301 2454 4354 Λέων
2492 4272 2866 4362 ίδικῶςνείπεν
2897 4297 3089 4358 αὐταῖς
3129 4272 3339 4357 λέξεσιν
3371 4293 3448 4355 ὡς
3486 4292 3673 4362 μήτηρ

410 4392 545 4444 Θεοῦ
591 4392 738 4444 ἐστιν
788 4391 822 4461 ἡ
878 4391 1006 4458 ἁγία
1049 4392 1332 4454 Θεοτόκος,
1381 4391 1490 4444 τῶν
1523 4391 1630 4461 πρὸ
1661 4390 1826 4446 αὐτοῦ
1871 4393 2134 4464 Πατέρων
2171 4396 2312 4450 οὕτω
2365 4394 2706 4465 διαπρυσίοις
2749 4393 2956 4464 ῥήμασι
3024 4389 3099 4461 μὴ
3168 4388 3324 4442 τοῦτο
3390 4386 3671 4457 φαμένων.

410 4479 485 4534 Τὸ
530 4478 630 4549 μὲν
681 4475 774 4534 οὖν
818 4481 1032 4553 πρῶτον
1090 4481 1238 4553 αὐτῷ
1292 4482 1589 4550 κεφάλαιον
1640 4481 1813 4535 ταῦτα
1866 4483 2160 4540 διατάττει.

487 4577 697 4647 Excipit
729 4579 830 4632 hoc
869 4579 1198 4646 proximum,
1241 4595 1348 4649 quo
1393 4579 1701 4634 ostenditur
1734 4589 1984 4634 sanctum

2153 4582 2415 4654 Δεύτερον
2439 4583 2497 4636 δὲ
2527 4582 2679 4653 αὐτῷ
2711 4582 3037 4653 προάγεται,
3065 4579 3132 4632 δι’
3160 4575 3221 4633 οὗ
3247 4578 3524 4631 δείκνυται
3553 4575 3629 4638 ὡς
3649 4577 3677 4628 ὁ

413 4669 649 4726 Leonem
681 4670 904 4740 reliquis
934 4672 1184 4726 Patribus
1204 4672 1654 4738 consentientem,
1691 4686 1856 4724 unum
1891 4670 1981 4725 Fi-

2108 4675 2375 4739 ισιώτατος
2423 4676 2575 4730 Λέων
2621 4677 2733 4738 τοῖς
2783 4672 3034 4743 Πατράσι
3091 4670 3403 4742 συμφωνῶν
3437 4670 3536 4722 ἕνα
3586 4669 3676 4721 τὸν

413 4763 544 4817 lium
595 4777 718 4818 esse
767 4763 1057 4817 conﬁteri:
1092 4773 1258 4832 atque
1311 4763 1471 4818 unius
1527 4771 1582 4817 et
1631 4764 1875 4833 ejusdem
1927 4771 1981 4817 ut

2109 4766 2246 4820 ιύτὸν
2274 4765 2527 4838 ὁμολογεῖ
2557 4765 2707 4829 Υίδν,
2743 4766 2838 4818 καὶ
2865 4763 2960 4817 τοῦ
3007 4762 3176 4816 αὐτοῦ
3211 4763 3303 4815 καὶ
3336 4760 3457 4824 ἐνὸς
3486 4758 3677 4829 ὥσπερ

414 4855 576 4909 aliam
625 4854 876 4919 formam,
907 4857 985 4910 sic
1014 4865 1069 4910 et
1106 4857 1375 4910 diversam
1426 4865 1636 4909 natura:
1683 4855 1982 4921 actionem,

2108 4861 2352 4930 νκατέραν
2409 4859 2644 4930 μορφὴν,
2691 4857 2833 4911 οὕτω
2862 4857 2956 4911 καὶ
3005 4855 3104 4925 τὴν
3145 4856 3403 4924 διάφορον
3436 4852 3676 4923 φυσικὴν

416 4962 683 5016 nusquam
724 4947 1045 5001 divisionem
1089 4948 1295 5000 unitate
1343 4947 1634 5009 adducens.
1682 4946 1777 4999 sed
1819 4962 1984 5000 unum

2103 4950 2386 5019 ενέργειαν,
2421 4949 2658 5019 οὐδαμοῦ
2683 4948 2947 5016 διαίρεσιν
2975 4949 3040 5015 τῇ
3073 4944 3264 4997 ένώσει
3297 4943 3671 5013 παρεισάγων,

416 5042 690 5095 hominem
725 5039 925 5094 factum
985 5041 1149 5094 Deum
1188 5040 1420 5094 Verbum
1479 5039 1762 5108 praedicat.
1789 5037 1984 5106 Adjicit

2102 5043 2199 5094 m'
2250 5043 2347 5094 ἕνα
2401 5043 2492 5095 τὸν
2546 5040 2967 5110 σεσαρκωμένον
3013 5039 3241 5107 ἀνυμνεί
3289 5035 3422 5090 Θεὸν
3475 5035 3670 5103 Λόγον.

413 5146 542 5185 vero
588 5129 784 5186 Leonis
810 5133 1091 5186 sententiae
1137 5143 1193 5185 et
1220 5130 1410 5200 Cyrilli
1466 5131 1737 5198 dogmata,
1772 5131 1981 5198 conspi-

2105 5132 2426 5203 Ιαρατίθησι
2472 5131 2529 5184 δὲ
2575 5133 2700 5192 ταῖς
2744 5133 2949 5198 φωναῖς
2998 5129 3092 5182 τοῦ
3140 5128 3288 5182 ὁσίου
3334 5127 3565 5190 Λέοντος
3606 5128 3673 5179 τὰ

420 5238 542 5277 rare
581 5223 721 5278 inter
768 5239 827 5279 se
879 5227 1192 5288 ostendens,
1227 5233 1283 5277 et
1329 5223 1573 5290 Gregorii
1625 5222 1874 5291 Nysseni,
1933 5231 1988 5276 et

2105 5226 2352 5295 ἰυρίλλου
2372 5225 2636 5293 δόγματα,
2654 5223 2868 5285 δεικνὺς
2895 5221 3034 5275 κατά
3054 5221 3231 5274 πάντα
3253 5219 3673 5288 συμφωνοῦντα,

415 5310 543 5368 Julii
574 5314 827 5370 Romani.
867 5318 1070 5370 Adhzec
1096 5329 1153 5370 et
1187 5317 1348 5370 verba
1385 5314 1556 5383 ponit,
1583 5314 1782 5382 quibus
1831 5324 1983 5369 utens

2107 5318 2180 5371 ιαὶ
2204 5318 2272 5383 δὴ
2296 5317 2386 5370 καὶ
2413 5315 2716 5387 Γρηγορίου
2745 5315 2836 5368 τοῦ
2871 5315 3114 5384 Νύσσης,
3150 5313 3288 5366 ἀλλά
3318 5311 3413 5364 καὶ
3454 5311 3675 5364 Ἰουλίου

1669 5428 1900 5484 νΑῐιιΑς
1934 5429 2342 5486 LECT‘IONES.

487 5523 540 5602 ξι
562 5520 731 5608 εἶναι]
763 5525 882 5608 καὶ
902 5519 1042 5608 eiqu
1067 5542 1126 5588 ς.
1189 5523 1250 5608 ’⁵⁵
1280 5523 1313 5593 ἢ
1349 5523 1480 5608 libri.
1507 5540 1616 5580 om.
1693 5526 1740 5558 "
1771 5525 2037 5608 προσάγει

2104 5526 2191 5608 ενά
2216 5528 2280 5608 τῇ
2329 5525 2587 5608 ὲπιὶστρλῇ
2621 5543 2680 5590 ς.
2775 5526 2870 5579 ’τό
2917 5525 3142 5608 atld1‘1ln.
3173 5504 3265 5604 q‘_ui
3293 5523 3350 5608 in
3384 5535 3518 5608 mgf:
3559 5517 3672 5608 πῷς

420 5593 593 5734 ἷρέὲὶ
614 5593 1106 5737 (ἕηεςζῗνᾏὲῗριλλος
1143 5595 1251 5667 γὰρ
1278 5596 1369 5650 καὶ
1399 5595 1546 5649 ἄλλοι
1583 5593 1864 5665 προεῖπον.
1906 5597 1974 5654 Ἢ
2002 5598 2084 5651 ὅτι
2101 5593 2347 5652 θεοτόκον
2374 5593 2760 5668 μὲνλέγουσιν,
2793 5596 3004 5668 μητέρα
3022 5595 3077 5650 δὲ
3103 5593 3228 5649 θεοῦ
3253 5594 3354 5648 οὐκ
3375 5593 3552 5655 εἶπον,
3571 5593 3670 5644 κᾶν
