3972 6248
250 320 353 388 961
1277 308 1801 372 BIBLIOTHECA.
1837 305 2092 365 --COD.
2131 300 2495 364 CCXXVIII.
3403 294 3509 358 962

239 433 335 486 τοῦ
375 428 614 500 Ῥώμης.
669 428 790 481 Ἔτι
836 425 940 497 μὴν
985 423 1282 496 παρίστησι
1319 424 1418 492 τὴν
1459 422 1603 488 λέξιν
1630 461 1645 485 ,
1687 415 1831 492 ᾗπερ

1960 425 2126 469 νεειυε
2156 411 2289 480 Leo,
2318 411 2538 482 impiam
2570 407 2987 464 Severianorum
3015 405 3342 461 calumniam
3373 407 3506 461 sub-

241 497 596 594 χρησάμενος
649 521 678 574 ὁ
729 520 788 572 ὲν
842 517 1021 584 ἁγίοις
1065 515 1218 569 Λέων
1269 514 1518 584 διαϐολὴν
1581 511 1836 576 ἀσεϐείας

1960 510 2075 575 icit,
2111 524 2214 564 non
2254 509 2420 564 semel
2471 517 2635 576 atque
2667 505 2861 559 itemm
2894 501 2987 556 sed
3022 500 3311 569 quinquies
3342 512 3370 550 a
3402 497 3506 568 Cy-

247 617 461 686 ὐπέστη
493 614 645 682 παρὰ
671 613 780 666 τῶν
811 609 918 664 ἀπὸ
947 609 1209 680 Σεϐἠρου,
1237 607 1408 678 αὐτὴν
1428 606 1632 674 ταύτην
1664 604 1710 636 ⁸⁸
1739 604 1838 674 οὐχ

249 707 405 771 ἅπαξ
431 707 552 759 οὐδὲ
575 707 654 768 δὶς
676 702 814 756 ἀλλὰ
839 701 934 756 καὶ
955 699 1216 761 πεντάκις
1242 699 1360 769 είρη
1371 697 1537 767 μένην
1564 694 1836 764 Κυρίλλῳ,

250 800 399 868 φημὶ
438 798 502 868 δὴ
558 797 618 850 τὸ
662 795 950 866 ἑκατέρας.
1001 792 1076 846 Οὐ
1125 791 1392 863 Κύριλλον
1437 789 1494 843 δὲ
1545 788 1705 858 μόνον
1747 787 1838 840 τὸν

251 887 550 959 νικηφόρον
583 886 817 956 χρῆσθαι
849 887 917 957 τῇ
961 884 1138 954 φωνῇ,
1167 883 1288 935 καθ’
1344 877 1412 952 ἧς
1442 878 1570 951 [405
1596 877 1690 950 ιι]
1739 895 1838 948 με-

259 981 497 1052 μηνότες
526 981 576 1033 οἱ
610 978 719 1032 ἀπὸ
741 977 981 1049 Σεϐήρου
1002 976 1318 1030 δυσσέϐειαν
1348 976 1424 1044 τῷ
1445 973 1689 1043 θεοφόρῳ
1718 975 1837 1024 ἐπι·

253 1071 530 1142 γράφουσι
557 1070 768 1136 Λέοντι,
800 1070 937 1124 ἀλλά
961 1070 1054 1122 καὶ
1079 1069 1170 1123 τὸν
1198 1068 1508 1136 θαυμαστὸν
1537 1064 1836 1119 Βασίλειον.

258 1164 378 1216 Οὐκ
411 1162 470 1215 ὲν
503 1162 676 1233 ταύτῃ
707 1161 764 1214 δὲ
795 1161 932 1234 μόνῃ
963 1162 1026 1232 τῇ
1069 1163 1221 1231 φωνῇ
1256 1160 1566 1229 συμφωνεῖν
1594 1161 1704 1221 τοῖς
1733 1157 1842 1210 τῶν

253 1253 520 1325 Πατέρων
562 1253 751 1321 λογάσι
783 1251 875 1305 τὸν
914 1253 970 1305 ὲν
1018 1251 1186 1313 ὁσίοις
1218 1249 1564 1304 ἀποδείκνυσι
1600 1250 1802 1302 Λέοντα
1824 1289 1839 1312 ,

262 1335 396 1403 ίἹἹἹ
434 1343 527 1417 IL]
561 1345 698 1398 ἀλλὰ
725 1345 820 1398 καὶ
854 1345 912 1396 ὲν
940 1345 1052 1407 τοῖς
1089 1344 1270 1405 ἄλλοις
1303 1344 1473 1396 ἅπασι
1510 1343 1741 1412 δόγμασί
1782 1359 1842 1395 τε

262 1437 362 1489 καὶ
388 1438 618 1506 ῥήμασι,
642 1434 764 1488 καθ’
785 1427 859 1487 ὧν
882 1434 1132 1487 ὑλακτεῖν
1154 1435 1204 1487 οἱ
1225 1435 1541 1504 αἰρεσιῶται
1565 1435 1626 1486 οὐ
1649 1433 1843 1503 πεφρί-

261 1541 414 1577 κασι·
450 1523 578 1586 τούς
621 1540 678 1575 τε
721 1523 830 1592 γὰρ
871 1523 1190 1592 εἰρημένους
1224 1521 1468 1590 Πατέρας
1496 1519 1766 1588 ὁμοδοξεῖν
1797 1521 1843 1552 ⁵⁸

261 1632 322 1667 τε
358 1615 453 1666 καί
499 1614 780 1683 ὁμολογεῖν
809 1613 885 1683 τῷ
913 1614 1096 1682 ἀνδρὶ,
1133 1613 1227 1666 καὶ
1269 1611 1374 1683 μὴν
1403 1613 1498 1665 καί⁹
1530 1610 1844 1664 Ἀθανάσιον

261 1704 356 1754 τὸν
411 1704 710 1757 πολύαθλον
737 1745 751 1767 ,
809 1704 905 1756 καὶ
959 1703 1049 1756 τὸν
1105 1704 1163 1755 ἐν
1219 1702 1469 1775 θεολογίᾳ
1524 1703 1845 1775 περιϐόητον

1939 602 2064 657 rillo
2130 603 2451 672 irrogatam,
2509 599 2720 663 ambas,
2788 597 3027 663 inquam,
3083 601 3325 646 naturas.
3387 587 3508 644 Non

1938 693 2198 766 Cyrillum
2244 693 2404 747 modo
2430 691 2690 746 victorem
2745 690 2848 742 hac
2895 687 2973 741 uti
3006 699 3159 750 voce,
3195 682 3351 748 cujus
3391 697 3512 736 me-

1939 800 2120 840 mores
2154 783 2339 840 Severi
2381 781 2626 845 asset-lae,
2655 780 2981 846 impietatem
3029 774 3196 828 Leoni
3245 773 3514 840 imputant

1940 880 2034 932 sed
2085 885 2141 931 et
2197 878 2413 930 beatum
2448 872 2728 934 Basilium,
2766 885 2869 922 non
2918 870 2969 921 in
3013 871 3112 921 hac
3151 865 3326 919 solum
3381 877 3511 916 voce

1941 983 2064 1024 cum
2093 967 2296 1022 sanctis
2337 965 2592 1020 Patribus
2637 960 2944 1015 consentire
2995 967 3242 1011 sanctum
3272 954 3510 1009 Leonem

1941 1059 2200 1118 ostendit,
2247 1070 2432 1109 verum
2484 1055 2646 1108 etiam
2694 1053 2746 1104 in
2789 1050 3039 1103 omnibus
3071 1050 3205 1102 adeo
3230 1057 3284 1100 et
3334 1045 3517 1100 verbis

1941 1170 1995 1214 et
2030 1157 2225 1229 24εὸ
2297 1154 2658 1222 dogmatibus,
2721 1150 2917 1218 quibus
2961 1147 3233 1200 ohlatrare
3275 1143 3516 1198 haeretici

1947 1265 2051 1303 non
2083 1251 2442 1302 cruhueruut.
2477 1245 2774 1299 Praedictos
2819 1243 2962 1296 enim
2989 1240 3182 1292 Patres
3209 1245 3354 1290 recte
3391 1250 3515 1289 cum

1949 1341 2040 1396 illo
2065 1340 2291 1402 sentire,
2317 1347 2378 1392 ut
2409 1345 2464 1393 et
2499 1335 2772 1390 laboribus
2795 1333 3092 1387 exercitum
3126 1327 3511 1388 Athanasium,

1943 1441 2000 1486 et
2045 1429 2278 1498 theologi
2318 1428 2635 1498 cognomine
2682 1425 2962 1494 praeditum
3003 1419 3344 1490 Gregorium,
3384 1417 3518 1471 Pro-

1945 1525 2082 1578 clum
2115 1537 2329 1592 quoque
2377 1517 2941 1584 ConstantinOpoleos,
2981 1524 3035 1568 et
3079 1511 3513 1582 Amphilochium

1945 1613 2111 1670 lconii
2178 1613 2474 1684 praesules,
2513 1619 2567 1665 ct
2621 1610 2992 1663 admirandum
3044 1605 3194 1658 illum
3254 1601 3517 1657 Joannem

1947 1708 2416 1777 Chrysostomum.
2451 1704 2520 1758 Et
2555 1704 2668 1756 haec
2690 1702 2906 1770 quidem
2939 1699 3118 1766 capite
3144 1695 3402 1750 secundo.

260 1794 586 1863 Γρηγὸριον,
639 1793 882 1865 Πρόκλον
904 1811 962 1847 τε
984 1794 1076 1847 τὸν
1103 1795 1725 1859 Κωνσταντινουπὸλεως
1751 1798 1842 1850 καὶ
1893 1798 2237 1869 Ἀμφιλόχιον
2262 1798 2352 1850 τὸν
2384 1795 2607 1850 Ἰκονίου
2627 1796 2723 1847 καὶ
2784 1792 2874 1846 τὸν
2935 1791 3232 1861 Θαυμάσιον
3267 1786 3520 1853 Ἰωάννην

271 1890 370 1942 τὸν
394 1891 434 1941 Χ
444 1889 795 1960 ρυσύστομον.
823 1888 985 1944 Ἀλλὰ
1008 1889 1178 1943 ταῦτα
1203 1891 1302 1961 μὲν
1330 1891 1424 1944 καὶ
1453 1891 1512 1943 τὸ
1533 1891 1780 1962 δεύτερον
1800 1893 1845 1924 ⁸⁸
1883 1893 2028 1964 αὐτῷ
2057 1891 2591 1962 διαπραγματεύεται
2620 1889 2932 1958 κεφάλαιον.

333 1981 412 2034 Τὸ
440 1981 496 2033 δὲ
543 1980 744 2051 τρίτον,
787 1980 868 2033 ὅτι
897 1979 968 2032 τὰ
1002 1981 1180 2051 άρθρα
1209 1986 1621 2053 προταττόμενα
1659 1985 1764 2037 τῶν
1798 1986 1852 2038 ὲν

2027 1986 2293 2048 Tertium,
2318 1983 2576 2038 articulos
2607 1983 2853 2053 prmlixos
2873 1989 3183 2034 naturarum
3203 1977 3254 2032 in
3279 1977 3519 2053 Christo,

260 2071 342 2143 τῷ
391 2071 616 2142 Χριστῷ
666 2071 880 2140 φύσεων
927 2072 1178 2142 οὐδαμῶς
1225 2073 1356 2126 υἰῶν
1400 2075 1562 2127 δυάδα
1615 2077 1847 2131 ἐπινοεῖν

261 2165 530 2235 οὐμενοῦν
578 2165 675 2234 οὐχ
727 2164 1080 2229 ὑποτίθεται,
1137 2166 1250 2220 ἀλλ’
1297 2153 1442 2220 ἔστιν
1498 2168 1692 2239 ἰδίωμα
1747 2170 1848 2239 τῆς

264 2255 418 2318 θείας
448 2255 491 2286 ⁶¹
522 2255 744 2325 Γραφῆς
773 2295 788 2320 ο
842 2255 905 2308 οὐ
960 2255 1266 2326 προσώπων
1316 2257 1414 2326 μὲν
1451 2258 1554 2330 (ὡς
1602 2259 1846 2328 είρηται)

263 2347 432 2399 δυάδα
459 2347 813 2416 παρεισάγον,
838 2349 935 2412 τὰς
963 2349 1252 2413 ἑνωθείσας
1275 2350 1330 2402 δὲ
1360 2351 1549 2417 φύσεις
1576 2353 1850 2422 ὰτμήτους

264 2451 326 2487 τε
356 2436 449 2487 καὶ
477 2436 820 2505 ἀδιαιρέτους
849 2437 1224 2506 διαφυλάττον.
1258 2439 1370 2490 Καὶ
1399 2439 1505 2510 γὰρ
1530 2441 1624 2493 καὶ
1648 2439 1852 2510 ταύτην

266 2530 368 2597 τὴν
417 2529 680 2598 ἐπήρειαν
731 2529 872 2582 κατὰ
919 2535 1018 2600 τῆς
1067 2529 1162 2584 τοῦ
1212 2530 1440 2593 Λέοντος
1487 2529 1774 2600 ἐπιστολῆς
1817 2532 1850 2602 ἠ

269 2621 517 2687 αἰρετικὴ
547 2618 721 2672 λύσσα
743 2620 1281 2690 κατέχεεν,εἰπόντος
1309 2621 1497 2673 αὐτοῦ·
1530 2622 1755 2690 Ὠσπερ
1784 2623 1854 2676 ἐν

269 2708 353 2772 τῷ
385 2707 580 2761 ἐλεεῖν
621 2711 654 2762 ὀ
687 2709 831 2775 Θεὸς
883 2711 1113 2777 τροπὴν
1145 2713 1258 2779 οὐχ
1292 2713 1633 2779 ὑφίσταται,
1666 2713 1854 2779 οὕτως

271 2801 305 2852 ὀ
345 2799 652 2866 ἄνθρωπος
682 2798 762 2864 τῷ
787 2799 1022 2869 μεγέθει
1059 2799 1168 2867 τῆς
1194 2800 1371 2867 ἀξίας
1397 2803 1507 2855 οὐκ
1538 2803 1856 2856 ἀναλίσκε-

272 2909 389 2945 ται.
425 2891 606 2959 Ὅπερ
634 2887 726 2944 οὖν
751 2892 986 2962 εἴρηται,
1013 2893 1155 2946 κατὰ
1183 2893 1244 2946 τὸ
1270 2893 1450 2964 τρίτον
1477 2892 1768 2962 κεφάλαιον
1792 2893 1856 2947 ἔκ

271 3001 331 3035 τε
360 2982 469 3037 τῶν
492 2983 874 3052 Εὐαγγελικῶν
900 2983 1094 3051 φωνῶν
1118 2986 1212 3037 καὶ
1237 2987 1300 3037 ὲκ
1323 2983 1432 3037 τῶν
1460 2985 1851 3051 ἀποστολικῶν,

273 3078 368 3128 καὶ
392 3076 456 3145 δὴ
469 3077 564 3128 καὶ
587 3079 652 3128 ἐκ
678 3075 784 3127 τῶν
812 3075 1098 3147 μακαρίων
1121 3075 1380 3146 Πατέρων
1399 3075 1577 3153 ἡμῶν,
1595 3075 1853 3142 Ἰγνατίου

273 3167 366 3220 τοῦ
411 3167 670 3237 θεοφόρου
717 3168 811 3220 καὶ
849 3167 1071 3219 Ἰουλίου
1103 3168 1198 3220 καὶ
1239 3166 1558 3220 Ἀθανασίου
1590 3169 1680 3220 καὶ
1713 3169 1856 3239 Γρη-

274 3258 478 3327 γυρίων
504 3259 597 3310 καὶ
629 3256 930 3322 Βασιλείου,
961 3255 1227 3326 διελέγχει
1259 3257 1387 3318 τούς
1417 3255 1696 3318 δυσσεϐεῖς
1721 3255 1796 3318 ὡς
1822 3255 1857 3326 ἡ

1956 2092 2292 2148 nequaquam
2341 2077 2484 2130 ﬁlios
2529 2051 2662 2128 duos
2693 2073 2970 2135 exhibere,
3018 2086 3122 2124 non
3158 2070 3322 2140 igitur
3350 2051 3526 2138 subji-

1956 2172 2117 2238 citur,
2161 2169 2254 2224 sed
2285 2180 2369 2224 est
2407 2168 2653 2238 proprius
2701 2164 2954 2235 loquendi
3001 2177 3170 2218 sacrae
3222 2161 3520 2227 Scriptum

1957 2263 2184 2325 modus;
2231 2277 2336 2323 non
2389 2261 2524 2314 duas
2563 2261 2779 2327 quidem
2839 2270 3123 2326 personas,
3161 2264 3221 2308 ut
3266 2255 3521 2314 diximus.

1957 2354 2288 2422 significans,
2322 2354 2418 2407 sed
2455 2353 2636 2405 unitas
2672 2361 2892 2403 naturas
2923 2347 3313 2416 iuseparahiles
3339 2356 3391 2400 et
3441 2345 3525 2398 in-

1961 2445 2206 2500 dividuus
2230 2459 2582 2499 conservans.
2610 2442 2817 2495 Etenim
2853 2439 3105 2493 haeretica
3138 2439 3316 2492 rahies
3337 2437 3527 2492 etIudit

1961 2537 2211 2604 injuriam
2265 2544 2456 2590 contra
2511 2533 2707 2588 Leonis
2757 2532 3038 2601 epistolam
3099 2530 3180 2586 sic
3239 2530 3524 2583 dicentis:

1963 2627 2414 2693 Quemadmodum
2477 2627 2774 2680 miserando
2831 2625 3172 2677 mutationem
3230 2621 3370 2676 Deus
3423 2637 3528 2674 non

1959 2721 2170 2787 suscipit
2197 2759 2213 2781 ,
2247 2721 2320 2772 sic
2350 2720 2502 2772 homo
2554 2718 2823 2788 dignitatis
2853 2717 3213 2787 magnitudine
3240 2731 3341 2767 non
3372 2715 3526 2782 peril.

1960 2811 2111 2878 Quod
2153 2812 2315 2880 igitur
2351 2813 2511 2866 tertio
2571 2811 2750 2878 capite
2782 2810 2981 2863 dictum
3015 2817 3096 2863 est
3122 2795 3188 2861 ex
3240 2805 3522 2873 Evangelii

1960 2911 2016 2952 et
2067 2901 2431 2969 apostolorum
2485 2915 2669 2960 sensu,
2701 2909 2863 2968 atque
2897 2898 3032 2952 adeo
3090 2913 3156 2952 ex
3217 2905 3527 2952 sanctorum

1963 2989 2182 3044 Patrum
2237 2992 2528 3057 sententia,
2561 2991 2727 3045 divini
2777 2987 3172 3061 lguatii,Julii,
3220 2986 3528 3049 Athanasii,

1961 3082 2368 3152 Gregoriorutu,
2407 3094 2462 3138 et
2512 3082 2722 3147 Basilii,
2753 3081 3102 3149 reprehendit
3139 3079 3355 3149 impios,
3388 3077 3533 3147 quod

1963 3175 2320 3230 articulorum
2375 3191 2503 3230 usus
2541 3177 2750 3244 (omnes
2800 3176 2942 3228 enim
2994 3174 3045 3227 lii
3083 3172 3190 3225 illis
3248 3171 3328 3224 usi
3386 3171 3532 3242 sunt)

1965 3269 2170 3320 nullam
2195 3268 2494 3322 sectionem
2530 3277 2626 3320 aut
2652 3267 2968 3320 divisionem
2999 3264 3221 3318 unitatis
3243 3263 3531 3332 significat,

276 3351 384 3402 τῶν
412 3351 631 3421 ἄρθρων
665 3351 862 3420 χρῆσις
887 3351 1109 3422 (πάντες
1145 3350 1252 3419 γὰρ
1282 3347 1426 3404 οὗτοι
1455 3350 1664 3413 τούτοις
1689 3350 1852 3421 ἐχρή-

1960 3360 2152 3426 quibus
2192 3359 2378 3412 addit:
2415 3357 2545 3422 Quae
2579 3370 2626 3412 et
2659 3369 2876 3426 utroque
2911 3371 3114 3410 versum
3167 3353 3334 3406 relata
3377 3360 3522 3404 sunt.

281 3451 464 3508 σαντο)
509 3445 761 3514 οὐδεμίαν
802 3445 1033 3515 τομὴνῆ
1063 3445 1326 3516 διαίρεσιν
1365 3447 1570 3497 ἐπινοεῖ
1625 3448 1721 3514 τῆς
1775 3445 1862 3497 ἐν·

279 3535 487 3598 ὡσεως.
525 3537 612 3589 Ἑν
647 3531 727 3600 οἷς
775 3537 1038 3607 ὑποφέρει
1102 3538 1183 3590 ὃτι
1223 3537 1317 3590 καὶ
1349 3537 1430 3599 τὺ,
1497 3537 1600 3590 Ἐν
1625 3536 1750 3598 ὅσῳ
1792 3534 1862 3589 τὰ

1974 3446 2083 3501 Hoc
2131 3461 2161 3500 a
2211 3448 2391 3502 Leone
2419 3463 2760 3517 expressum,
2820 3460 2925 3498 non
2981 3443 3239 3511 temporis
3288 3440 3532 3495 declara-

1969 3539 2191 3604 tionem,
2221 3541 2314 3594 sed
2341 3555 2436 3608 pro
2468 3540 2584 3603 illo,
2611 3555 2706 3607 per
2730 3537 2931 3598 omnia,
2967 3535 3249 3602 accipitur.

280 3630 707 3698 συναμφότερα
724 3632 872 3700 μετὰ
898 3631 1189 3699 ἀλλήλων
1207 3629 1378 3684 ἐστὶν
1405 3630 1712 3700 (εἰρημένον
1739 3629 1794 3681 δέ
1819 3631 1932 3685 ἐστι
1969 3631 2127 3685 τοῦτο
2163 3633 2241 3704 τῷ
2281 3632 2557 3703 ὁσιωτάτῳ
2599 3631 2817 3700 Λέοντι)
2862 3629 2924 3681 οὐ
2964 3629 3008 3659 θ’
3048 3627 3238 3698 χρόνου
3281 3625 3532 3702 δήλωσιν,

280 3721 395 3774 ἀλλ’
422 3721 544 3774 ἀντὶ
585 3721 678 3772 τοῦ
706 3721 795 3773 διὰ
825 3723 1026 3782 παντὸς
1060 3719 1570 3790 παραλαμϐάνεται.

347 3810 622 3880 Τέταρτον
657 3809 713 3860 δὲ
759 3809 1052 3877 κεφάλαιον
1083 3810 1162 3870 εἰς
1195 3808 1401 3878 μέμψιν
1445 3808 1596 3879 παρὰ
1623 3807 1734 3860 τῶν
1784 3809 1868 3862 αἰ-

285 3899 517 3968 ρετικῶν
577 3898 845 3970 προταθὲν
903 3897 1195 3952 ἀνεύθυνον
1247 3898 1529 3962 παντελῶς
1577 3897 1869 3967 ἀποφαίνει

280 3989 370 4042 διὰ
423 3990 522 4058 τῆς
572 3990 762 4059 ὁμοίας
819 3989 1066 4059 μεθόδου,
1120 3989 1304 4057 φωνὰς
1351 3988 1754 4057 συμϐαινούσας
1790 3987 1868 4059 τῷ

283 4080 585 4132 αἱτιαθέντι
618 4080 957 4150 παρατιθεὶς,
989 4074 1078 4144 αἷς
1114 4082 1142 4133 ὁ
1181 4080 1342 4150 χορὸς
1368 4081 1478 4134 τῶν
1522 4079 1869 4150 ἁγίων-ημῶν

284 4174 547 4242 Πατέρων
585 4172 820 4243 χρῆσθαι
865 4170 1107 4226 εἰώθασι.
1154 4172 1228 4225 Τὸ
1263 4171 1321 4224 δὲ
1364 4171 1656 4240 κεφάλαιον
1693 4170 1870 4239 φωναὶ

291 4266 388 4334 μέν
421 4267 528 4316 εἰσι
558 4264 651 4316 τού
683 4265 740 4316 ὲν
783 4264 962 4332 ἁγίοις
1003 4263 1230 4325 Λέοντος
1252 4301 1267 4326 ,
1313 4261 1529 4330 λέγουσι
1567 4261 1623 4314 δὲ
1652 4262 1826 4313 ταῦτα
1849 4276 1865 4296 ο

291 4353 378 4408 Τῶ
412 4353 531 4423 μὲν
560 4355 794 4407 κλαίειν
826 4353 941 4421 τὴν·
966 4354 1328 4422 βεϐαιότητα
1360 4352 1470 4422 τῆς
1499 4353 1685 4408 αὐτοῦ
1720 4369 1866 4420 σαρ-

285 4447 396 4511 κὸς
457 4445 840 4500 ἐπεδείκνυτο
865 4487 880 4510 ,
938 4444 1018 4511 τῷ
1073 4445 1144 4498 δὲ
1192 4444 1534 4514 ἀναστῆσαι
1593 4445 1742 4513 πρὸς
1797 4446 1864 4499 τὸ

286 4521 594 4602 κέλευσμα
623 4533 732 4601 τῆς
757 4533 945 4588 αὐτοῦ
982 4534 1186 4604 φωνῆς
1211 4533 1326 4602 τὴν
1349 4534 1652 4602 ἄχραντον
1675 4534 1862 4589 αὐτοῦ

289 4626 535 4691 θεότητα
559 4623 800 4689 ἐδήλου.
835 4623 1008 4690 Ἐνὸς
1035 4625 1080 4656 ⁸³
1107 4624 1176 4677 δὲ
1199 4625 1297 4678 καί
1324 4626 1432 4678 τοῦ
1459 4625 1643 4679 αὐτοῦ
1669 4625 1861 4694 ἀμφό-

285 4731 426 4782 τερα
461 4715 792 4783 πέπρακταί
823 4733 888 4769 τε
914 4715 1014 4770 καὶ
1040 4717 1339 4772 λέλεκται.

359 4807 613 4878 Πέμπτον
653 4808 711 4860 δὲ
742 4809 910 4879 λαϐὴν
948 4810 1311 4881 προταθεῖσαν
1350 4809 1501 4878 παρὰ
1541 4809 1650 4862 τῶν
1681 4808 1859 4861 αὐτῶν

1885 4695 1935 4756 ι)

2027 3809 2310 3876 ⁹(ὶυιινῐιηη
2345 3821 2475 3860 vero
2504 3814 2667 3875 capttt
2699 3814 2889 3861 contra
2925 3804 3399 3873 reprehensionem
3431 3803 3536 3856 luc-

1969 3902 2290 3956 reticorum.
2324 3899 2672 3953 lunoceutem
2722 3909 3111 3967 usquequaque
3155 3894 3395 3949 ostendit
3439 3909 3535 3963 per

1972 3991 2207 4047 similem
2241 3988 2573 4053 methodum,
2601 4001 2761 4041 voces
2790 4000 2921 4040 vero
2946 3986 3344 4041 consentientes
3375 3999 3536 4039 accu-

1971 4091 2089 4135 sato
2116 4080 2403 4149 adjiciens,
2433 4079 2632 4146 quibus
2681 4086 2738 4130 ut
2771 4077 2912 4131 solet
2957 4086 3268 4130 sanctorum
3313 4073 3534 4129 Patrum

1970 4182 2143 4226 ccetus
2199 4171 2386 4225 utitur.
2442 4169 2552 4223 Hoc
2595 4180 2774 4222 autem
2824 4179 2984 4236 caput
3038 4168 3199 4222 verba
3251 4167 3368 4236 ipsa
3409 4175 3537 4222 sunt

1970 4261 2170 4317 Leonis
2192 4262 2329 4333 (69),
2365 4276 2483 4331 qua:
2515 4262 2593 4316 sic
2623 4260 2738 4315 fere
2779 4259 3016 4314 habent:
3060 4257 3219 4322 Fletu
3245 4262 3421 4312 carnis
3457 4275 3538 4313 ae-

1969 4355 2180 4408 ritatem
2219 4353 2466 4414 ostendit,
2499 4353 2847 4406 resurrexisse
2876 4367 2991 4405 vero
3005 4352 3074 4404 ad
3103 4351 3240 4404 vocis
3260 4351 3535 4418 imperium

1969 4445 2256 4508 Lazarum,
2307 4442 2700 4496 immaculatam
2754 4442 2869 4510 ejus
2899 4440 3232 4507 divinitatem
3276 4439 3532 4492 declarat.

1971 4537 2048 4589 Ab
2081 4552 2186 4588 uno
2216 4536 2354 4589 enim
2380 4546 2601 4603 utraque
2631 4545 2678 4587 et
2705 4534 2846 4586 dicta
2869 4541 2918 4586 et
2949 4532 3113 4600 facta.

2036 4798 2295 4864 Quintum
2327 4811 2455 4850 vero
2491 4795 2865 4851 haereticorum
2910 4802 3226 4865 pmtextum
3277 4793 3534 4864 aﬂ'erens,

290 4899 580 4969 αίρετικῶν
639 4901 779 4954 κατά
843 4901 1035 4970 φωνῶν
1087 4903 1287 4972 ὁμοίων
1340 4901 1435 4956 τοῦ
1493 4900 1657 4956 αὐτοῦ
1712 4899 1852 4971 ἰεροῦ

1965 4901 2156 4948 contra
2211 4904 2403 4944 vocum
2454 4888 2861 4943 similitudinem
2901 4887 3140 4957 ejusdem
3171 4889 3276 4943 viri
3333 4890 3532 4953 sancti,

294 4989 483 5058 ἀνδρὸς
505 4989 595 5042 διὰ
621 4991 720 5060 τῆς
743 4992 934 5060 ὁμοίας
962 4993 1313 5063 ἐπιρραπίζει
1341 4991 1584 5062 μεθόδου.
1619 4991 1776 5044 Ἐστι
1803 4991 1852 5042 δὲ

1965 5001 2064 5054 per
2093 4984 2324 5039 similem
2363 4983 2683 5037 methodum
2727 4981 2942 5035 refellit.
2979 4980 3151 5035 Verba
3182 4981 3326 5036 illius
3358 4991 3485 5036 sunt
3515 4999 3530 5035 :

294 5081 326 5146 ἡ
353 5079 691 5149 φωνὴ-Ποία
720 5083 904 5149 φύσις
932 5081 1326 5152 διαπέπαρται
1354 5083 1478 5149 τοῖς
1502 5083 1673 5150 ἣλοις
1699 5084 1766 5135 ἐν
1780 5078 1852 5146 τῷ

1970 5079 2159 5142 Qualis
2205 5086 2399 5131 natura
2432 5077 2588 5130 clavis
2637 5077 2790 5146 afﬁxa
2837 5076 2892 5129 in
2930 5075 3126 5148 257a
3181 5075 3323 5146 ligno
3365 5082 3533 5129 crucis

294 5166 397 5221 τοῦ
473 5169 741 5238 σταυροῦ
809 5170 979 5237 ξύλῳ
1047 5171 1154 5225 τοῦ
1219 5174 1716 5242 προσπεπηγότος
1783 5168 1852 5235 τῷ

1969 5180 2239 5237 compacta
2273 5172 2465 5224 cruce?
2512 5168 2623 5223 Hoc
2658 5167 2872 5238 quidem
2903 5168 3080 5237 capite
3105 5176 3159 5222 et
3197 5166 3388 5221 lsidori
3418 5183 3533 5220 mo-

1573 5308 1808 5362 VARI/15
1842 5307 2243 5364 LECTIONES.

374 5468 419 5498 ⁸⁸
443 5466 650 5539 ταύτην
677 5467 803 5539 add.
832 5467 894 5520 Δ.
970 5470 1014 5500 δ’
1040 5466 1342 5539 ὁρθοδοξεῖν
1377 5489 1435 5534 ς.

297 5537 554 5608 Scaliger.
606 5535 617 5539 ’
643 5538 688 5570 ⁸³
720 5539 859 5610 ἑνὸς]
895 5539 1023 5609 παρ’
1045 5535 1162 5603 ἐνὸς
1193 5539 1442 5594 Rothom.

1532 5470 1741 5540 ⁶⁰αὐτῷ
1771 5471 1864 5523 καὶ
1921 5470 1971 5523 τὸ
2005 5471 2257 5546 δεύτερον
2291 5475 2353 5528 Α.

2485 5475 2522 5506 θ’
2563 5475 2735 5548 θείας]
2771 5477 2916 5546 ἱερᾶς
2948 5493 3006 5541 ς.
3101 5475 3144 5506 ⁸²
3175 5471 3262 5546 οὐ]
3302 5470 3364 5525 οὐ
3395 5470 3529 5542 πρὸς

1800 5631 2032 5688 NOTAE.

365 5725 476 5796 (69)
510 5723 688 5794 Supra
710 5726 822 5782 haec
843 5724 1041 5782 Leonis
1069 5727 1232 5782 verba
1263 5725 1330 5782 ab
1361 5723 1584 5796 Eulogio
1634 5723 1948 5780 atl‘eruntur.
