3972 6248
443 272 559 336 963

1594 267 1859 332 PHOTII
1883 267 2388 330 PATRIABCH/E
2419 267 2528 330 CP.

3573 267 3680 332 964

451 385 610 440 nachi
647 383 800 448 clari,
840 381 1183 439 Alexandrini
1240 381 1399 436 domo
1455 388 1511 436 et
1561 381 1704 437 inter
1747 383 2004 452 praesules

2113 379 2385 449 σταυρῷ;
2426 383 2484 434 ἐν
2512 378 2689 450 τούτῳ
2716 378 2794 450 τῷ
2825 377 3105 450 κεφαλαίῳ
3145 377 3240 433 καὶ
3263 377 3393 452 [406
3427 376 3521 450 ΙΙ.]
3553 380 3683 432 Ἰσι-

444 475 696 540 illustris,
717 471 982 544 epistolas
1025 474 1228 542 aliquot
1272 475 1340 526 de
1384 473 1568 528 multis
1618 474 1858 540 adducit,
1886 490 2005 544 qua:

441 579 540 636 per
567 566 746 619 omnia
773 566 1102 619 conveniunt
1131 579 1252 619 cum
1285 565 1378 630 iis,
1407 579 1525 634 qua:
1549 573 1609 620 ut
1647 564 1812 636 impia
1843 565 2007 620 haere-

444 656 535 711 tici
563 655 885 710 calumniari
916 655 1116 710 solent.

508 931 686 1002 Atque
726 934 777 986 in
826 934 912 988 his
940 933 1156 1003 quidem
1194 936 1425 1006 epistola
1467 938 1534 992 ad
1565 935 1858 993 Zenobium
1883 951 2008 992 ver-

439 1038 608 1082 satur.
664 1028 796 1081 Alia:
853 1028 918 1082 ad
971 1027 1330 1083 Justinianum
1395 1030 1777 1098 imperatorem
1830 1030 2009 1084 missa:

438 1120 632 1173 litterae
667 1137 680 1172 :
718 1119 834 1172 hzec
871 1120 1086 1187 quidem
1127 1121 1269 1176 illius
1307 1123 1558 1190 pietatem
1599 1122 2005 1188 commendans,

439 1207 530 1261 illa
566 1223 695 1262 vero
733 1210 798 1261 de
829 1207 1109 1261 monachis
1135 1208 1403 1278 religiosis
1440 1223 1680 1262 eremum
1715 1207 2002 1262 incolenti-

442 1301 542 1354 bus
592 1300 807 1369 pietatis
852 1300 1221 1356 testimonium
1273 1299 1604 1354 luculentum
1660 1301 1773 1353 dat.
1827 1298 2008 1354 Tertia

439 1405 567 1445 vero
597 1391 847 1443 Anthiini
903 1391 1182 1460 synodalia
1214 1401 1470 1445 accurate
1497 1392 1564 1447 de
1599 1391 1719 1445 lidei
1752 1391 2013 1460 dogmati-

435 1484 558 1545 bus,
587 1491 641 1535 et
678 1481 840 1535 missa
878 1489 932 1534 et
973 1482 1175 1548 scripta
1207 1497 1325 1535 esse
1367 1481 1638 1546 ostendit;
1673 1479 1839 1534 altera
1881 1495 2009 1534 vero

436 1575 504 1628 ad
544 1575 718 1642 ipsum
772 1574 1006 1627 mittitur
1050 1575 1364 1627 Anthimum
1403 1584 1525 1641 post
1572 1573 1875 1644 synodalia,
1913 1589 2007 1628 eo-

434 1683 554 1721 rum
582 1667 943 1720 laudationem
979 1682 1082 1719 non
1121 1681 1411 1728 excusans,
1453 1666 1608 1734 quasi
1658 1665 1790 1718 nihil
1818 1666 2011 1720 Anthi-

434 1759 508 1811 mi
537 1756 826 1823 impietatis
871 1756 922 1807 in
961 1754 1026 1808 iis
1065 1761 1340 1823 appareat,
1390 1751 1495 1806 nisi
1538 1752 1680 1819 quod
1715 1751 2012 1805 minutissi-

437 1859 548 1911 me,
588 1853 644 1897 et
710 1843 1120 1896 accuratissime
1157 1841 1470 1894 Anthimum
1530 1841 1764 1909 postulet
1814 1842 2007 1910 recipi;

434 1936 714 2007 Eutychen
745 1945 799 1989 et
830 1935 1089 2006 Eutycbis
1121 1935 1372 2004 dogmata
1409 1934 1890 1988 excommunicari.
1998 1981 2002 1988 ,.

2102 471 2274 544 δώρου
2303 471 2396 526 τοῦ
2441 474 2498 525 ἐν
2535 472 2822 541 μονάζουσι
2869 471 3232 542 περιϐλέπτου
3267 469 3686 542 (Ἀλεξανδρεὺς

2102 563 2160 617 δὲ
2185 563 2246 615 τὸ
2273 562 2430 631 γένος
2453 555 2608 624 οὗτος
2626 556 2714 631 ἦν,
2743 559 2840 613 καὶ
2864 562 2976 624 τοῖς
3003 557 3356 632 ἀρχιερεῦσιν
3381 558 3683 626 αἰδέσιμος)

2103 653 2392 724 διαφόρους
2420 653 2480 719 ἐξ
2508 653 2808 707 ἐπιστολῶν
2841 653 3112 723 διαφόρων
3149 653 3373 724 χρήσεις
3408 651 3684 720 ἐπιφέρει,

2105 747 2160 800 αἲ
2183 747 2323 801 κατά
2354 747 2529 801 πάντα
2553 746 2911 818 συμϐαίνουσι
2935 750 3054 810 ταῖς
3079 746 3231 818 παρά
3251 746 3361 799 τῶν
3389 745 3688 816 αίρετικῶν

2103 841 2180 904 ὡς
2207 841 2304 893 οὐκ
2334 840 2581 893 εὐσεϐέσι
2610 842 3162 911 συκοφαντουμέναις.

2189 932 2332 985 Ἀλλ’
2366 931 2539 985 ταῦτα
2571 933 2670 1002 μὲν
2728 933 2762 1003 ἡ
2817 931 2954 1002 πρὸς
3009 931 3266 1001 Ζηνόϐιον
3314 929 3577 1000 ἐπιστολὴ
3617 930 3689 983 τά

2107 1023 2374 1091 κεφάλαια
2405 1023 2564 1076 πόνον
2587 1025 2842 1077 ἐποιεῖτο.
2878 1023 3103 1093 ’Έτεραι
3149 1024 3207 1076 δὲ
3244 1024 3398 1094 αὐτῷ
3429 1024 3566 1094 πρὸς
3593 1024 3686 1076 τὸν

2109 1115 2333 1186 βασιλέα
2375 1115 2750 1168 ’ῐουστινιανὸν
2808 1115 3112 1186 γράφονται
3171 1115 3478 1179 ἐπιστολαὶ,
3516 1117 3552 1185 ἡ
3586 1116 3688 1185 μὲν

2107 1207 2271 1261 αὐτοῦ
2322 1207 2420 1278 τὴν
2471 1207 2756 1260 εὐσέϐειαν
2816 1205 3214 1277 ἀποδεχομένη,
3267 1206 3390 1278 ηδέ
3423 1206 3688 1277 ἀσκητῶν

2107 1315 2270 1350 τινων
2304 1298 2543 1352 εὐσεϐῶν
2592 1299 2690 1369 τὴν
2713 1297 2916 1368 ἔρημον
2953 1298 3248 1352 οἰκούντων
3278 1297 3689 1368 διαμαρτυρίαν

2109 1389 2250 1458 ὑπὲρ
2305 1389 2584 1452 εὐσεϐείας
2653 1390 3087 1460 προτεινομένη,
3147 1390 3310 1460 ἐτέρα
3361 1389 3418 1442 δέ
3471 1389 3542 1442 τά
3589 1388 3684 1443 τοῦ

2122 1480 2374 1549 Ἀνθίμου
2442 1480 2694 1534 συνοδικά
2754 1481 2895 1534 κατά
2949 1481 3047 1552 τὴν
3103 1481 3391 1551 ἀκρίϐειαν
3444 1479 3556 1533 τῶν
3585 1481 3689 1548 τῆς

2123 1572 2451 1642 Ἐκκλησίας
2478 1573 2765 1643 δογμάτων
2812 1572 3037 1637 ἀξιοῦσα
3061 1573 3466 1643 διατυπωθῆναί
3502 1589 3563 1625 τε
3593 1572 3689 1625 καὶ

2111 1663 2503 1734 ἀποσταλῆναι.
2557 1665 2728 1733 Ἀλλη
2795 1664 2852 1716 δὲ
2905 1665 3039 1734 πρὸς
3063 1663 3224 1716 αὐτὸν
3277 1663 3370 1716 τὸν
3421 1662 3688 1729 Ἀνθιμον

2119 1758 2258 1825 μετά
2310 1755 2378 1807 τὰ
2425 1755 2680 1809 συνοδικά
2730 1757 3011 1810 στέλλεται
3050 1755 3116 1818 ⁸⁵,
3152 1753 3289 1826 [καὶ]
3343 1753 3443 1825 τὴν
3463 1755 3690 1807 ἐκείνων

2115 1846 2386 1917 ἀποδοχὴν
2417 1849 2478 1900 οὐ
2507 1850 2942 1919 παραιτουμένη,
2972 1849 3067 1902 ἅτε
3107 1848 3270 1918 μηδὲν
3301 1850 3358 1900 ἐν
3382 1849 3567 1911 αὐτοῖς
3591 1847 3687 1900 τοῦ

2128 1939 2379 2008 Ἀνθίμου
2411 1940 2811 2009 ἐμφανίσαντος
2847 1942 2945 2010 τῆς
2983 1939 3322 2001 δυσσεϐείας,
3355 1939 3493 2008 πλὴν
3517 1956 3688 2009 προσ-

433 2033 604 2087 θεῖναι
622 2031 712 2087 τὸν
743 2031 1002 2100 Ἀνθιμον
1061 2030 1263 2094 ἐξαιτεῖ
1293 2029 1790 2100 λεπτομερέστερόν
1821 2047 1881 2083 τε
1913 2031 2005 2085 καὶ
2041 2034 2434 2107 ἀκριϐέστερον
2494 2037 2710 2108 Εὐτυχῆ
2733 2053 2791 2090 τε
2823 2041 2918 2090 καὶ
2967 2038 3036 2090 τά
3108 2037 3378 2107 Εὐτυχοῦς
3442 2038 3692 2106 δόγματα

431 2124 514 2189 εις
531 2125 777 2196 ἀνάθεμα
806 2124 1047 2178 θέεσθαι.

502 2216 735 2270 Mittitur
764 2225 819 2269 et
853 2216 918 2269 ad
945 2214 1308 2268 Domitianum
1340 2212 1589 2284 epistola,
1619 2211 1711 2283 qui
1743 2211 2008 2280 incidens,

431 2307 713 2370 inscribit,
740 2307 790 2360 in
813 2305 931 2374 ejus
951 2306 1194 2374 quaedam
1218 2307 1405 2371 verba,
1426 2305 1671 2359 turbatus
1698 2313 1782 2358 est
1808 2313 2010 2369 mente,

431 2407 487 2452 et
524 2400 657 2453 solvi
678 2399 1064 2451 dubitationem
1087 2398 1382 2466 exoptavit.
1412 2395 1580 2451 Verba
1615 2406 1793 2452 autem
1826 2406 1953 2451 sunt
1988 2413 2003 2450 :

439 2486 564 2542 Non
591 2497 760 2557 potest
795 2504 1018 2552 persona
1048 2503 1306 2555 personae,
1335 2504 1438 2557 qua
1470 2503 1692 2556 persona
1726 2497 1822 2553 est,
1842 2487 2009 2550 uniri,

431 2588 487 2630 ut
533 2576 719 2630 Petrus
744 2587 790 2628 et
828 2575 1030 2629 Paulus
1060 2594 1218 2630 unam
1247 2579 1581 2647 eamdemque
1596 2594 1872 2647 personam
1895 2593 2018 2629 con-

431 2670 667 2735 stituere,
704 2670 792 2722 sed
819 2685 979 2738 neque
1009 2669 1302 2723 substantia
1346 2687 1462 2723 cum
1504 2671 1671 2724 altera
1698 2671 2016 2727 substantia,

432 2770 490 2814 ut
515 2777 607 2828 per
657 2777 771 2814 eam
806 2762 915 2814 alia
943 2763 1199 2826 subsistit,
1251 2762 1307 2814 in
1355 2762 1681 2816 identitatem
1707 2762 2016 2815 substantia:

431 2853 708 2906 convenire
737 2867 756 2905 :
793 2863 870 2917 ut,
923 2853 1086 2904 animi
1120 2861 1167 2904 et
1207 2854 1440 2920 corporis
1468 2863 1684 2918 natura,
1722 2869 1880 2906 unam
1914 2867 2018 2904 non

430 2953 600 3011 potest
629 2944 877 3011 perﬁcere
906 2954 1175 3009 naturam,
1217 2945 1318 2996 nisi
1347 2945 1464 3012 quis
1495 2944 1630 3013 forte
1659 2946 1715 2998 in
1745 2958 2015 2996 commune

437 3033 568 3102 quid
596 3034 734 3104 quod
782 3035 992 3101 afferat,
1022 3036 1308 3087 secundum
1336 3035 1457 3088 illas
1501 3043 1549 3088 et
1581 3035 1726 3102 prius
1761 3034 1900 3086 uniri
1930 3035 2034 3084 in—'

2185 2210 2315 2283 [780
2343 2209 2436 2283 IL]
2455 2211 2662 2282 Γράφει
2684 2212 2740 2264 δέ
2759 2213 2854 2264 καὶ⁵
2875 2210 3009 2282 πρὸς
3031 2209 3354 2280 Δομετιανὸν
3369 2205 3678 2280 ἐπιστολὴν⁹

2115 2299 2173 2363 ὃς
2206 2300 2441 2370 ἐντυχὼν
2457 2301 2554 2371 (ὡς
2574 2302 2634 2354 τὸ
2655 2301 2891 2372 γράμμα
2915 2301 3085 2373 λέγει)
3113 2301 3320 2372 ῥήμασί
3346 2317 3458 2353 τισι
3482 2298 3578 2352 τοῦ
3594 2302 3692 2352 ἁν-

2115 2390 2240 2459 δρὸς
2272 2391 2596 2462 διεταράχθη
2654 2409 2714 2444 τε
2745 2394 2870 2454 τοὺς
2905 2391 3200 2461 λογισμοὺς
3241 2391 3337 2444 καὶ
3361 2389 3689 2458 ἐπιλυθῆναι

2117 2483 2214 2554 τὴν
2243 2485 2478 2555 ἀπορίαν
2505 2485 2763 2555 ἐζήτησε.
2821 2485 2901 2538 Τὰ
2945 2485 3000 2538 δὲ
3047 2485 3270 2554 ῥήματα
3299 2483 3455 2552 ἔλεγε
3471 2482 3683 2535 ταῦτα⁹

2125 2580 2245 2630 Οὐκ
2273 2578 2444 2631 ἐστιν
2477 2579 2822 2631 ὑπόστασιν
2848 2577 3184 2632 ὑποστάσει
3235 2575 3531 2642 ἐνωθῆναι
3555 2573 3689 2629 καθ’

2116 2671 2478 2733 ὑπόστασιν,
2501 2666 2632 2724 οἷον
2678 2671 2925 2724 Παῦλον
2957 2671 3057 2724 καὶ
3093 2669 3320 2738 Πέτρον
3348 2669 3498 2737 μίαν
3531 2669 3687 2723 ὑπό-

2113 2778 2335 2814 στασιν
2350 2761 2714 2815 ἀποτελέσαι
2755 2761 3075 2817 ἀδύνατον.
3119 2761 3282 2817 Ἀλλ’
3298 2761 3440 2815 οὐδὲ
3463 2761 3688 2815 οὐσίαν

2111 2851 2281 2919 ἑτέρᾳ
2314 2854 2494 2920 οὐσίᾳ
2523 2854 2590 2917 ⁸⁸,
2621 2851 2769 2906 καθὸ
2799 2853 3172 2922 ὰεροούσια,
3211 2855 3297 2918 εὶς
3352 2851 3688 2919 ταυτότητα

2111 2942 2431 2995 συνελθεῖν
2453 2944 2691 3008 οὐσίας,
2724 2934 2854 2998 οἷον
2893 2943 3101 3013 ψυχῆς
3150 2945 3247 2998 καί
3279 2944 3554 3013 σώματος
3580 2946 3685 2998 οὺ-

2119 3033 2264 3086 σίαν
2287 3035 2436 3101 μίαν
2493 3037 2715 3089 οὐσίαν
2773 3037 3138 3091 ἀποτελέσαι
3179 3037 3225 3069 “
3264 3037 3602 3106 ἀμήχανον,
3631 3037 3684 3089 εί

431 3126 591 3178 uicem
633 3126 846 3179 minime
869 3129 1208 3190 conducebat,
1242 3135 1298 3178 ut
1322 3127 1459 3194 quod
1491 3127 1546 3178 in
1593 3134 1888 3179 creaturam
1909 3125 2004 3192 [er-

2113 3124 2283 3192 μήπω
2309 3124 2424 3192 ἄρα
2447 3143 2538 3190 τις
2568 3129 2653 3192 εις
2672 3128 2992 3202 κοινότητά
3030 3146 3164 3183 τινα
3191 3101 3425 3196 nam;
3463 3130 3684 3198 ἀνάγῃ,

434 3229 541 3279 tur,
573 3218 648 3270 vel
672 3221 788 3281 hoc,
821 3219 874 3270 in
921 3229 1170 3286 tempore,
1195 3219 1272 3272 vel
1298 3220 1514 3273 similia.
1557 3219 1708 3274 Tunc
1728 3219 1864 3272 enim
1901 3234 2005 3270 non

429 3308 654 3373 amplius
686 3311 903 3365 diversa:
955 3322 1159 3366 natura:
1195 3312 1248 3364 in
1278 3328 1438 3365 unam
1487 3321 1731 3365 naturam
1754 3327 2005 3363 convene-

429 3409 576 3453 runt.
611 3399 717 3454 Sed
743 3416 862 3471 quae
896 3403 1085 3457 habent
1131 3402 1439 3458 substantia:
1481 3404 1544 3456 ab
1575 3405 1727 3456 initio
1778 3405 2005 3457 consub-

429 3493 846 3548 stantialitatem
915 3497 1292 3550 communitate
1371 3497 1599 3566 quadam
1675 3496 2003 3566 longissima,

428 3582 569 3636 idem
611 3583 703 3652 jus
751 3593 922 3639 tenere
960 3589 1222 3641 videntur.
1277 3587 1406 3654 Quae
1453 3589 1595 3643 enim
1641 3588 2003 3642 Domitianum

432 3675 674 3739 turbant,
712 3686 766 3730 et
824 3692 1054 3744 quorum
1099 3681 1391 3748 exoptabat
1435 3679 1778 3742 solutionem,
1815 3686 1870 3733 et
1907 3692 2004 3730 na-

427 3779 550 3822 ctus
581 3777 718 3833 erat,
753 3769 868 3822 haec
898 3777 1074 3823 erant.
1109 3767 1350 3824 Primum
1380 3771 1595 3840 quidem
1626 3787 1730 3825 non
1766 3769 2002 3824 incredi-

430 3859 522 3914 bili
565 3874 815 3914 sermone
873 3860 1267 3916 dubitationem
1307 3864 1637 3933 aggreditur.
1697 3863 1902 3917 Deinde
1949 3871 2005 3916 et

429 3962 528 4018 per
583 3959 894 4002 sanctorum
942 3949 1164 4003 Patrum
1220 3965 1382 4006 voces
1410 3953 1628 4023 propria
1657 3968 1720 4007 ac
1760 3951 2001 4022 subjecta

427 4039 592 4093 verba
641 4049 786 4093 recte
831 4039 1248 4097 concluduntur.
1295 4041 1364 4098 Et
1409 4043 1524 4099 haec
1548 4043 1763 4114 quidem
1808 4052 2004 4099 tractat

434 4128 666 4198 epistola
700 4129 768 4183 ad
810 4128 1198 4189 Domitianum.

499 4389 686 4446 Altera
740 4405 872 4447 vero
915 4391 983 4446 ad
1029 4391 1317 4461 quemdam
1359 4393 1746 4465 Synclcticum,
1783 4395 2001 4453 nomine

428 4482 794 4556 (Tarsensem)
853 4483 1143 4551 scribitur,
1195 4485 1476 4556 proferens
1536 4498 1591 4543 et
1647 4488 1838 4560 247ό
1891 4489 1994 4544 ista

430 4575 850 4643 disputationem
906 4591 1028 4629 cum
1069 4577 1376 4646 Acephalis.
1417 4579 1533 4646 Qua
1559 4634 1565 4645 _
1579 4591 1699 4648 post
1742 4581 1992 4634 unionem

430 4677 786 4738 agnoscentes
834 4677 1082 4722 naturam
1132 4666 1323 4724 Patres
1355 4669 1596 4737 adducit,
1642 4679 1698 4726 et
1728 4687 1992 4740 nusquam

429 4773 526 4828 per
555 4758 678 4813 illos
717 4757 883 4812 ullam
924 4772 1278 4826 personarum
1329 4762 1603 4827 unionem,
1643 4777 1816 4832 neque
1856 4761 1994 4816 divi-

429 4864 568 4914 sam,
611 4863 784 4917 neque
811 4860 1145 4919 separatam.
1177 4851 1244 4906 Et
1277 4853 1584 4907 testimonia
1619 4853 1758 4906 idem
1788 4865 1996 4907 testan-

431 4941 504 4991 tia
537 4938 906 5008 proferuntur,
938 4941 1145 5011 Cyrilli,
1180 4942 1423 5012 inquam,
1447 4943 1691 5013 Gregorii
1718 4943 1995 5013 Theologi,

428 5039 486 5083 et
545 5028 796 5094 aliorum,
827 5031 1032 5100 Deique
1063 5031 1326 5098 Ecclesia,
1352 5049 1648 5103 omnesque
1669 5035 1802 5089 adeo
1830 5034 1996 5088 Chal-

427 5121 752 5177 cedonensis
795 5125 987 5194 synodi
1036 5124 1246 5190 Patres,
1297 5142 1461 5180 unum
1504 5125 1784 5181 Trinitatis
1827 5125 1992 5180 Deum

427 5206 664 5264 Verbum
713 5210 1055 5267 incarnatum
1099 5222 1154 5267 et
1189 5214 1463 5269 hominem
1494 5229 1615 5270 esse
1637 5215 1861 5280 factum,
1894 5230 1992 5270 cu-

423 5299 513 5370 jus
536 5311 590 5356 et
618 5303 912 5357 secundum
947 5305 1254 5375 hypostasin
1284 5307 1542 5360 unitatem
1569 5315 1624 5361 et
1670 5319 1990 5374 senserunt,

426 5402 481 5444 et
507 5391 958 5459 praedicaverunt,
1009 5394 1352 5465 primumque
1402 5394 1495 5451 Dei
1556 5405 1785 5451 matrem
1841 5411 1989 5452 com-

2111 3216 2238 3270 καθ’
2269 3215 2349 3283 ἢν
2375 3218 2473 3271 καὶ
2503 3220 2646 3286 πρὶν
2662 3219 2956 3288 ἐνωθῆναι
2979 3221 3270 3290 ἀλλήλων
3287 3224 3358 3277 οὐ
3382 3222 3680 3292 διέφερον,

2111 3299 2243 3358 οἷον
2270 3306 2336 3359 τὸ
2369 3308 2411 3337 ⁸⁷
2440 3310 2526 3373 είς
2555 3307 2618 3361 τὸ
2639 3309 2885 3363 κτιστόν
2924 3310 3211 3380 ἀναφέροι
3237 3313 3275 3380 ἢ
3303 3313 3369 3365 τὸ
3396 3314 3515 3368 ὑπὸ
3542 3315 3683 3382 χρό-

2111 3412 2224 3449 νον
2248 3397 2286 3465 ἣ
2312 3397 2384 3450 τὰ
2418 3398 2607 3468 ὅμοια.
2663 3403 2799 3455 Τότε
2845 3403 2954 3472 γὰρ
3003 3405 3206 3458 οὐκέτι
3240 3405 3611 3474 ἐτεροούσιαι
3634 3405 3679 3438 ⁶⁸

2109 3488 2312 3541 οὐσίαι
2344 3491 2430 3554 εις
2468 3490 2512 3522 ⁶⁹
2535 3492 2685 3560 μίαν
2713 3495 2932 3547 οὐσίαν
2959 3494 3293 3563 συνῆλθον,
3319 3497 3458 3552 ἀλλ’
3486 3499 3549 3554 αι
3574 3499 3681 3552 ἀπ’

2109 3576 2301 3646 ἀρχῆς
2349 3579 2602 3649 ἔχουσαι
2652 3585 2853 3636 οὐσίαι
2883 3584 2952 3638 τὸ
3001 3587 3325 3654 ὀμοούσιον
3372 3587 3528 3641 κατὰ
3563 3588 3685 3653 τὴν

2110 3671 2463 3738 πορρωτάτω
2513 3676 2827 3753 κοινότητα
2859 3676 2926 3729 τὸ
2967 3677 3112 3731 αὐτὸ
3138 3679 3554 3747 φυλάττουσαι
3577 3681 3680 3735 ἐπ-

2107 3760 2567 3830 εδείχθησαν.“Α
2587 3765 2684 3834 μὲν
2698 3762 2789 3819 οὖν
2817 3767 2908 3820 τὸν
2929 3770 3257 3839 Δομετιανὸν
3282 3771 3554 3842 ἐθορύϐει,
3585 3774 3682 3826 καὶ

2107 3846 2184 3906 ὧν
2213 3856 2311 3924 τὴν
2339 3855 2494 3909 λύσιν
2551 3859 2808 3927 ἐπεζήτει
2836 3847 2930 3913 καὶ
2973 3860 3166 3931 ἔτυχε,
3220 3861 3393 3916 ταῦτα
3431 3859 3500 3934 ἦν
3519 3880 3534 3894 ο
3564 3867 3594 3917 ό
3623 3865 3680 3918 δὲ

2107 3941 2326 4008 πρῶτον
2357 3944 2458 4014 μὲν
2483 3946 2584 3999 οὐκ
2597 3947 2845 4019 ἀπιθάνῳ
2866 3949 3109 4020 λογισμῷ
3137 3952 3235 4022 τὴν
3268 3953 3681 4025 ἀμφισϐήτησιν

2107 4036 2481 4106 περιέρχεται,
2540 4034 2658 4090 εἶτα
2708 4040 2765 4092 δὲ
2803 4041 2896 4094 καὶ
2922 4041 3010 4094 διὰ
3035 4041 3145 4096 τῶν
3172 4044 3460 4113 Πατρικῶν
3485 4047 3678 4113 φωνῶν

2107 4123 2175 4176 τὰ
2205 4125 2379 4177 οἰκεῖα
2432 4127 2529 4180 καὶ
2584 4130 2921 4201 προκείμενα
2971 4132 3150 4196 καλῶς
3177 4134 3321 4204 ἔχειν
3347 4135 3558 4205 βεϐαιοῖ
3577 4139 3678 4208 ῥή-

2111 4233 2276 4287 ματα.
2307 4217 2474 4289 Καὶή
2513 4219 2615 4289 μὲν
2660 4222 2798 4292 πρὸς
2847 4225 3176 4294 Δομετιανὸν
3208 4227 3469 4298 ἐπιστολὴ
3503 4228 3677 4282 ταῦτα

2108 4305 2393 4376 ἔπραττεν.

2186 4397 2353 4466 Ἄλλη
2401 4397 2459 4451 δὲ
2503 4399 2639 4471 πρὸς
2683 4401 3057 4472 Συγκλητικὸν
3095 4405 3334 4476 τοῦνομα
3355 4407 3597 4480 (Ταρσοῦ
3622 4409 3678 4464 δὲ

2107 4490 2510 4562 μητροπολίτην
2543 4493 2704 4548 αὐτὸν
2749 4495 2808 4547 τὸ
2849 4497 3085 4567 γράμμα
3123 4494 3254 4568 οἶδε)
3279 4500 3676 4571 διαπέμπεται,

2102 4579 2192 4633 τὸν
2218 4581 2405 4649 ἀγῶνα
2434 4584 2529 4636 καὶ
2556 4584 2696 4654 αὐτὴ
2715 4585 2807 4640 τὸν
2826 4587 2872 4619 ⁷⁸
2895 4588 3038 4642 κατὰ
3055 4588 3164 4642 τῶν
3196 4591 3512 4661 Ἀκεφάλων
3540 4595 3679 4665 Προ-

2100 4670 2326 4738 άγουσα.
2346 4672 2432 4726 Ἑν
2518 4674 2655 4744 μετά
2673 4677 2770 4746 τὴν
2797 4677 2990 4732 ἕνωσιν
3013 4681 3112 4743 τὰς
3140 4680 3331 4749 φύσεις
3351 4684 3479 4746 τοὺς
3501 4685 3678 4738 Πατέ-

2104 4778 2205 4832 ρας
2237 4763 2475 4833 παράγει
2499 4766 2885 4836 γνωρίζοντας,
2943 4769 3038 4823 καὶ
3081 4771 3318 4841 οὐδαμοῦ
3354 4773 3442 4828 διά
3474 4775 3679 4838 ταύτας

2103 4853 2229 4906 οὔτε
2279 4855 2379 4926 τὴν
2431 4855 2554 4910 καθ’
2613 4859 2914 4914 ὑπόστασιν
2941 4861 3134 4915 ἕνωσιν
3170 4862 3296 4917 οὔτε
3331 4867 3680 4939 τεμνομένην

2101 4941 2223 4995 οὔτε
2245 4943 2509 5014 διαίρεσιν
2540 4947 2633 5000 καὶ
2655 4947 2922 5019 διχασμὸν
2946 4950 3349 5030 ὑπομένουσαν.
3381 4955 3494 5008 Καὶ
3529 4975 3678 5028 μαρ-

2100 5033 2286 5104 τυρίαι
2319 5036 2483 5090 πάλιν
2500 5037 2861 5108 προέρχονται
2880 5041 3200 5112 βεϐαιοῦσαι
3220 5045 3282 5098 τὸ
3311 5048 3680 5118 προκείμενον

2101 5127 2372 5197 Κυρίλλου
2400 5146 2458 5182 τε
2481 5130 2579 5184 καὶ
2625 5132 2718 5184 τοῦ
2748 5132 2996 5202 θεολόγου
3039 5137 3343 5210 Γρηγορίου
3375 5142 3470 5194 καὶ
3499 5142 3678 5196 ἀλλων

2100 5219 2384 5289 Πατέρων.
2441 5221 2552 5274 Καὶ
2603 5222 2686 5275 ὅτι
2719 5223 2752 5294 η
2797 5225 3090 5297 Ἐκκλησία
3131 5229 3226 5283 τοῦ
3268 5231 3405 5286 Θεοῦ
3436 5234 3589 5306 καὶὴ
3618 5237 3678 5288 ἐν

2099 5309 2408 5380 Καλχηδόνι
2468 5312 2509 5343 ⁷¹
2557 5311 2773 5378 σύνοδος
2819 5316 2910 5371 τὸν
2951 5318 3047 5371 ἕνα
3073 5317 3206 5390 [407
3241 5321 3328 5394 ΙΙ.]
3367 5324 3468 5395 τῆς
3507 5327 3674 5396 ἁγίας

2100 5401 2329 5472 Τριάδος
2367 5401 2500 5457 Θεὸν
2533 5405 2704 5473 Λόγον
2737 5407 2992 5478 ὁμολογεῖ
3019 5412 3369 5484 σαρκωθῆναι
3396 5417 3490 5471 καὶ
3521 5419 3675 5491 ἐναον-

1731 5513 1962 5569 VARUE
2004 5516 2415 5573 LECTIONES.

500 5599 545 5682 τι
568 5601 775 5656 στέλλει
801 5603 866 5682 ε.

432 5685 732 5742 ρουσιαιις.

810 5604 866 5706 θ’.
891 5604 1016 5706 2h?
1033 5605 1469 5706 ﬁte-IPPDBWMCL‘M
1494 5609 1544 5706 οἱ
1573 5610 1967 5706 ἀποτελέσαιἿξλ
2002 5627 2014 5662 :
2045 5611 2475 5706 ἀποξελεισθῆναι
2505 5633 2565 5680 ς.
2641 5617 2683 5651 ⁸⁷
2715 5613 2825 5673 οἷον
2863 5618 2946 5692 τὸ]
2974 5634 3153 5680 nonne
3184 5617 3296 5679 οἷον
3317 5625 3366 5679 εί
3391 5624 3415 5679 2
3484 5624 3531 5658 ⁸⁸
3550 5625 3668 5680 ἑτι.

890 5674 992 5746 είς]
1031 5677 1080 5729 εί
1108 5674 1186 5741 είς
1215 5680 1279 5733 Λ.
1312 5679 1354 5710 ⁷ο
1393 5679 1486 5733 τὸν
1513 5680 1554 5734 Δ
1593 5700 1604 5734 ;
1639 5681 1744 5734 τῶν
1773 5698 1832 5743 ς.
1897 5682 1937 5712 ⁷¹
1979 5681 2356 5750 χαλκηδόνι’ς·.
