1986 3124
146 143 202 174 965

658 140 919 171 BIBLIOTHECA-
934 153 964 160 -
984 113 1064 172 COD,
1082 141 1260 172 CCXXVIII.

1715 143 1768 176 966

152 197 308 232 θρωπῆσαι,
319 192 350 223 οὗ
360 195 406 222 καὶ
415 195 465 231 τὴν
474 195 535 223 καθ’
545 195 696 222 ὑπόστασιν
705 194 759 222 οἶδε
771 197 819 222 καὶ
830 195 932 230 κηρύτο

990 197 1100 229 pellasse
1126 196 1273 230 Elisabeth,
1295 203 1355 224 cum
1377 197 1416 224 ait
1431 205 1438 223 :
1454 196 1488 223 Et
1506 205 1575 225 unas
1591 197 1639 225 hoc
1650 199 1724 233 mihi,
1739 205 1768 227 ut

151 252 194 271 τει
208 242 306 269 ⁴ίξνωσιν
316 250 324 257 ⁸
339 242 387 268 καὶ
399 241 440 268 ὅτι
454 241 559 276 μητέρα
570 241 637 267 Θεοῦ
649 241 754 276 πρῶτον
767 242 815 276 μὲν
833 242 849 276 ὴ
871 241 939 267 Ἐλι-

151 287 237 314 σάσετ
251 287 373 319 ἀνεῖπεν,
390 286 419 312 ὲν
434 283 474 317 οἷς
485 285 569 319 λέγει·
585 285 641 312 Καὶ
656 285 749 312 πόθεν
760 294 812 320 μοι
838 285 937 318 τοῦτο,

150 333 203 360 ἵνα
220 332 240 366 ἠ
255 332 361 366 Μήτηρ
374 331 428 358 τοῦ
444 332 554 365 Κυρίου
562 340 621 366 μου
640 331 714 366 ἔλθῃ
726 332 799 365 πρός
815 339 874 365 μσς
889 340 937 358 σα-

150 379 285 414 φέστερον
299 377 329 404 δὲ
339 377 393 404 τῶν
407 376 494 404 ἄλλων
510 376 580 412 μετὰ
587 376 674 404 ταῦτα
684 378 733 412 τὴν
745 376 816 409 λέξιν
831 377 936 411 πρῶτος

149 426 165 451 ὁ
178 425 254 456 ὅσιος
266 423 343 451 Λέων
358 425 373 450 ὁ
387 423 482 455 πάπας
502 423 682 459 προήνεγκεν.
699 423 743 450 Ἑν
754 424 808 458 γὰρ
818 424 849 457 τῇ
867 422 935 456 πρὸς

149 470 197 496 τὸν
218 469 321 496 Λέοντα
344 469 391 496 τὸν
416 469 528 504 βασιλέα
551 468 680 503 ἐπιστολῇ
705 468 823 503 ῥήμασιν
848 469 939 499 αὐτοῖς

982 249 1073 274 ,mater
1083 244 1189 271 Domini
1200 245 1250 271 mei
1259 244 1344 271 ueniat
1356 245 1389 271 ad
1398 252 1438 271 me
1447 249 1457 263 ι
1470 243 1482 270 ί
1495 243 1600 272 Clarius
1611 252 1674 272 vero
1687 253 1768 281 quam

990 289 1034 315 alii
1058 293 1150 324 postea
1169 289 1240 316 hanc
1264 296 1357 316 vocem
1374 289 1485 323 protulit
1508 289 1562 317 Leo
1578 290 1708 325 pontifex.
1728 291 1769 320 Ad

987 334 1103 361 Leonem
1120 334 1191 361 enim
1209 334 1399 368 imperatorem
1421 334 1461 361 sic
1477 334 1591 361 scribit:
1608 334 1769 362 Excommu-

987 380 1088 407 nicetur
1113 379 1254 407 Nestorius
1285 379 1391 415 credens
1414 377 1528 406 Mariam
1558 388 1609 407 non
1636 380 1694 414 Dei,
1722 380 1769 407 sed

990 424 1102 451 hominis
1121 424 1247 451 duntaxat
1257 432 1312 451 erce
1332 424 1500 457 Genilricem,
1508 429 1534 451 et
1550 425 1607 452 hac
1620 426 1728 460 quidem
1743 426 1769 453 in

988 469 1107 503 Subiecta
1118 470 1241 504 epistola.

149 517 239 549 οὕτως
252 516 366 551 γράφει·
389 514 653 549 Ἀναθεματιζέσθω
674 515 833 548 Νεστόριος
847 517 863 542 ὁ
875 515 931 548 τὴν
953 517 1102 551 μακαρίαν
1134 517 1185 543 καὶ
1221 518 1363 546 (leo-rde
1400 519 1517 553 Μαρίαν
1534 519 1602 554 οὐχὶ
1620 519 1674 546 τοῦ
1696 521 1770 549 Θεοῦ

149 561 310 596 ἀνθρώπου
317 561 352 588 δὲ
360 562 455 596 μόνον
469 562 619 588 πιστεύων
629 559 705 587 εἶναι
717 560 837 595 μητέρα.
856 560 934 588 Ἀλλὰ
951 561 1038 588 ταῦτα
1057 562 1106 596 μὲν
1123 562 1171 589 καὶ
1187 563 1204 598 ἠ
1220 564 1388 599 προκειμένη
1405 564 1544 600 ἐπιστολή.

186 610 290 645 Γράφει
309 609 337 635 δὲ
350 610 364 636 ὁ
379 608 459 640 αὐτὸς
489 608 616 643 καὶπρὸς
634 608 774 643 ’Δνθιμιον
789 608 938 635 ἐπίσκοπον

151 652 371 689 Τραπεζοῦντος,
384 654 412 679 ἐν
423 650 495 690 ᾖτόν
513 662 542 679 τε
562 653 673 688 βασιλέα
697 653 880 680 Ἰουστινιανὸν
889 654 938 688 τῆς

150 699 296 731 εὐσεὸείας
306 699 480 734 ἀποδέχεται,
496 699 543 726 καὶ
556 699 602 725 τὸν
631 699 748 734 δυστυχῆ
762 699 870 734 Εὐτυχῆ
889 699 937 733 τὴν

150 746 315 782 καθαίρεσιν
329 746 562 781 ὑποστῆναι,διότι
574 746 612 781 μὴ
628 746 756 781 ἠνέσχετο
768 747 814 773 δύο
830 747 937 782 φύσεων

150 791 252 818 ἕνωσιν
269 791 358 826 λέγειν
369 792 398 818 ὲν
419 792 468 827 μιᾷ
486 792 646 825 ὑποστάσει,
662 792 831 824 διατείνεται,
849 792 938 819 καίτοι

150 846 186 872 γε
199 837 306 871 τρανῶς
318 837 372 864 τῶν
394 837 532 873 θεοφόρων
555 837 685 873 Πατέρων
701 838 778 873 ἡμῶν
797 838 878 864 τοῦτο
895 838 936 864 δο-

150 883 341 919 γματιζόντων
365 891 395 909 τε
421 883 468 909 καὶ
483 883 741 918 ἀνακηρυττόντων·
758 883 816 910 ἀλλ’
834 883 937 909 ἐκεῖνον

149 928 198 955 τὸν
210 928 369 963 παράφορον
383 927 421 962 μὴ
429 928 584 963 ἀνέχεσθαι,
595 928 662 955 ἀλλὰ
673 930 705 955 ὲκ
715 928 761 955 δύο
772 929 821 963 μὲν
831 928 938 963 φύσεων

149 973 314 1009 γεγενῆσθαι
340 974 386 1000 τὸν
411 973 521 1008 Κύριον,
548 974 618 1010 μετὰ
633 975 661 1000 δὲ
678 974 727 1009 τὴν
737 974 833 1001 ἕνωσιν
847 975 938 1001 οὐκέτι

149 1020 199 1046 δύο
209 1019 270 1046 οὐδὲ
286 1019 315 1046 ἐν
325 1019 371 1045 δύο
384 1019 574 1055 γνωρίζεσθαι,
593 1020 657 1055 μίαν
670 1020 699 1047 δὲ
716 1020 797 1054 φύσιν
812 1021 880 1055 μετὰ
890 1020 938 1055 τὴν

151 1066 252 1093 ἕνωσιν
265 1065 472 1101 τερατεύεσθαι.
497 1063 543 1097 οἷς
570 1067 725 1101 συμφωνεῖν
747 1066 878 1101 διελέγχει
892 1066 939 1093 καὶ

150 1113 202 1146 τὴν
213 1112 367 1148 λῃστρικὴν
397 1112 427 1138 ὲν
446 1111 552 1147 Ἐφέσῳ
566 1111 685 1143 σύνοδον,
701 1112 793 1143 αὐτοῖς
809 1112 938 1139 εἰποῦσαν

151 1159 259 1193 ῥήμασι
276 1165 284 1173 ·
308 1157 427 1190 Τούτοις
446 1156 495 1184 καὶ
506 1156 592 1191 ἡμεῖς
606 1157 718 1190 πάντες
730 1158 937 1192 συντιθέμεθα.

153 1206 209 1232 Καὶ
226 1205 264 1236 ὡς
279 1205 296 1239 ἡ
322 1205 350 1230 ὲν
376 1203 527 1239 Καλχηδόνι
552 1204 661 1236 σύνοδος
679 1204 724 1230 τόν
740 1210 771 1230 τε
793 1204 938 1239 Νεστόριον

152 1251 261 1278 καὶτὸν
277 1250 385 1285 Εὐτυχῆ
410 1251 463 1276 ὑπὸ
484 1250 534 1284 ἴσῳ
549 1249 597 1276 καὶ
621 1249 705 1285 ὁμοίῳ
731 1249 770 1284 τῷ
788 1249 938 1284 ἀναθήματι

151 1297 241 1323 ἑθετο.
257 1296 311 1322 Καὶ
325 1296 366 1322 ὅτι
384 1295 414 1321 τὺ
423 1295 522 1321 ειδέναι
533 1295 581 1326 τὰς
591 1294 685 1329 φύσεις
700 1294 768 1329 μετὰ
780 1288 828 1329 τήν
844 1294 939 1321 ἕνωσιν

153 1342 183 1367 ἐν
199 1342 248 1376 μιᾷ
264 1340 411 1367 ὑποστάσει
426 1340 515 1375 πάσης
527 1341 599 1366 ἐστὶν
615 1339 753 1375 ἀλλότριον
769 1339 937 1374 διαιρέσεως,

152 1389 200 1414 καὶ
217 1387 296 1413 τοῦτο
306 1387 387 1419 αὐτός
410 1395 440 1413 τε
469 1386 602 1420 Κύριλλος
617 1387 664 1412 καὶ
680 1386 695 1412 ὁ
710 1385 803 1416 λοιπὸς
815 1385 868 1412 τῶν
879 1385 938 1412 θεο-

154 1433 245 1467 φόρων
266 1432 369 1467 ἀνδρῶν
386 1433 466 1467 χορὸς
480 1433 620 1467 λαμπραῖς
645 1431 865 1466 ἀνακηρύττουσι
878 1432 938 1462 ταῖς

153 1480 269 1512 φωναῖς,
284 1478 344 1514 [78!
364 1478 411 1514 IL]
426 1478 548 1513 Εὐτυχὴς
568 1478 597 1504 δὲ
619 1479 665 1505 καὶ
683 1479 709 1505 οἱ
725 1478 808 1505 αὑτοῦ
824 1478 877 1514 πρὸ
889 1478 939 1513 τῆς

1024 609 1123 636 Scribit
1142 617 1207 636 vero
1222 610 1254 636 ad
1270 611 1426 638 Antbimum
1444 612 1599 646 episcopum
1615 612 1769 646 Trapezun-

988 657 1033 687 tis,
1058 656 1085 682 in
1098 663 1149 690 qua
1165 655 1345 683 Justiniannm
1363 662 1392 683 ut
1410 657 1481 690 pium
1498 658 1620 692 suscipit,
1638 662 1664 685 et
1677 658 1771 685 infeli-

988 709 1046 729 cem
1071 701 1222 736 Eutycbem
1238 701 1362 728 hteresim
1383 702 1558 734 constituere,
1577 702 1638 737 quia
1654 710 1707 730 non
1724 711 1771 730 su-

989 748 1083 775 stinuit
1109 749 1175 774 duas
1200 751 1311 774 naturas
1328 747 1354 773 in
1370 755 1421 774 una
1450 748 1587 782 hypostasi
1604 748 1765 781 subsistere,

989 799 1098 827 narrat;
1112 798 1140 820 et
1151 793 1215 820 illud
1231 801 1279 827 per
1293 793 1359 820 illud
1374 794 1515 831 perspicue
1530 794 1624 822 Patres
1640 796 1673 822 ad
1686 803 1769 823 unum

989 847 1093 872 omnes,
1122 843 1149 866 et
1167 839 1264 866 docent
1289 843 1316 865 et
1339 840 1495 874 praedicant,
1521 841 1566 867 sed
1591 841 1661 868 illius
1685 841 1770 869 animi

989 884 1174 919 impotentiam
1201 883 1340 911 ferendam
1370 892 1422 911 non
1448 893 1516 918 esse,
1541 886 1587 912 sed
1615 894 1649 913 ex
1668 887 1771 913 duabus

989 930 1093 957 naturis
1112 934 1241 957 constare
1262 929 1413 962 Christum,
1427 936 1487 965 post
1499 932 1625 958 unionem
1643 940 1695 959 non
1715 940 1771 959 am-

989 975 1059 1010 plius
1073 975 1149 1007 duas,
1174 982 1264 1010 neque
1283 974 1309 1001 in
1336 975 1439 1002 duabus
1456 977 1593 1010 cognosci,
1608 984 1688 1003 unam
1707 984 1771 1004 vero

989 1025 1112 1049 naturam
1136 1025 1197 1055 post
1222 1021 1352 1048 unitatem
1380 1021 1533 1055 prodigiose
1553 1022 1650 1049 asseri.
1669 1022 1771 1055 Quibus

989 1073 1140 1093 consonare
1162 1067 1200 1093 ait
1222 1067 1409 1101 przedatoriam
1436 1067 1507 1094 illam
1530 1067 1556 1094 in
1569 1067 1678 1102 Epheso
1690 1076 1771 1104 synov

989 1112 1052 1139 dum
1066 1112 1123 1139 lucc
1136 1117 1301 1139 asserentem
1316 1121 1324 1139 :
1345 1112 1394 1139 Hi:
1412 1117 1435 1139 et
1451 1121 1497 1139 nos
1511 1120 1597 1140 omnes
1611 1115 1710 1141 conditi
1724 1122 1771 1141 su—

989 1167 1058 1189 mus,
1073 1162 1159 1193 tttque
1179 1158 1275 1185 iisdem
1289 1158 1321 1185 de
1338 1159 1427 1185 causis
1440 1158 1669 1187 Chalcedonensis
1689 1168 1771 1196 syno-

990 1205 1039 1231 dus
1053 1203 1205 1231 Nestorium
1224 1208 1250 1230 et
1265 1203 1412 1238 Eutycbem
1427 1205 1614 1232 condcmnarit
1631 1214 1638 1233 :
1651 1210 1676 1232 et
1692 1213 1772 1234 nosse

991 1254 1100 1276 naturas
1113 1253 1176 1283 post
1195 1249 1325 1275 unitatem
1342 1250 1369 1275 in
1386 1256 1438 1275 una
1451 1257 1576 1284 persona,
1590 1249 1624 1276 ab
1638 1250 1712 1277 omni
1730 1254 1773 1277 est

989 1296 1121 1323 divisione
1135 1294 1264 1322 alienum.
1282 1293 1408 1329 Idemque
1425 1295 1520 1322 beatus
1540 1295 1658 1330 Cyrillus
1670 1295 1772 1323 omnis-

989 1347 1042 1375 que
1057 1342 1125 1368 adeo
1139 1344 1295 1368 sanctontm
1314 1340 1422 1367 Patrum
1447 1345 1534 1368 caelus
1549 1341 1630 1369 claris
1645 1341 1772 1375 praedicat

990 1386 1111 1413 vocibus.
1127 1386 1265 1421 Eutyches
1279 1385 1392 1419 ejusque
1402 1386 1522 1418 asseclam
1538 1394 1587 1420 pro
1601 1387 1703 1414 unitate
1713 1388 1773 1422 qui-

989 1433 1060 1464 dem,
1084 1432 1136 1460 hoe
1156 1437 1207 1465 est,
1226 1432 1324 1466 duplici
1349 1432 1454 1459 unitate
1469 1432 1496 1467 (o
1510 1434 1643 1468 ingentem
1662 1434 1773 1460 demen-

990 1480 1055 1507 tiam
1079 1485 1160 1513 atque
1182 1479 1378 1513 impietatem!)
1395 1480 1463 1507 duas
1486 1480 1634 1515 praedicant
1649 1486 1771 1510 naturas.

152 1526 276 1556 ὲνώσεως
293 1525 353 1559 μὲν,
378 1524 500 1551 τουτέστι
516 1524 576 1560 δίχα
599 1525 722 1556 ἐνώσεως
745 1525 779 1559 (ὦ
796 1525 878 1560 λήρου
891 1525 937 1552 καὶ

991 1532 1043 1551 non
1069 1524 1183 1558 amplius
1205 1529 1267 1558 post
1289 1525 1427 1557 unionem,
1453 1530 1480 1551 et
1495 1525 1540 1559 qui
1560 1525 1706 1559 Eutychem
1728 1533 1773 1552 sa-

152 1571 311 1602 δυσσεὸεἰας
328 1570 465 1605 ὑπερϐολή
479 1572 498 1605 !)
516 1571 565 1602 τὰς
578 1570 626 1597 δύο
646 1570 811 1606 κηρύττουσι
828 1571 934 1605 φύσεις,

152 1617 245 1643 οὐκέτι
263 1617 293 1642 δὲ
312 1617 381 1651 μετὰ
409 1618 457 1651 τὴν
471 1617 577 1643 ἕνωσιν.
601 1617 656 1644 Καὶ
674 1618 715 1644 ὅτι
731 1618 756 1644 οἱ
770 1617 815 1645 τὸν
828 1617 937 1653 Εὐτυχῆ

152 1661 399 1696 ἀναθεματίζοντες
411 1663 458 1688 καὶ
477 1662 511 1689 τὰ
532 1663 614 1689 αὑτοῦ
632 1663 752 1698 δόγματα
768 1664 939 1699 παραχρῆμα

153 1708 200 1733 καὶ
217 1708 329 1739 ἄκοντες
343 1709 392 1742 τὴν
409 1709 599 1743 οἰκουμενικὴν
622 1709 755 1744 τετάρτην
775 1710 938 1744 κηρύττουσι

154 1753 264 1780 σύνοδον
276 1763 282 1770 ·
298 1753 348 1779 οὐκ
358 1754 424 1789 άλλη
433 1754 487 1789 γὰρ
495 1754 668 1790 οἰκουμενικὴ
680 1754 861 1786 σύνοδος.ἀ).λ’
869 1754 939 1790 αὕτη

156 1800 224 1834 μόνη
237 1799 366 1834 δεχθέντα
382 1799 451 1833 μετὰ
466 1800 520 1827 τῶν
536 1800 688 1835 βδελυκτῶν
699 1800 782 1827 αὐτοῦ
796 1800 938 1836 δογμάτων

154 1845 237 1879 (καθὰ
244 1846 291 1871 καὶ
306 1845 478 1880 προείρηται)
494 1846 567 1879 παρὰ
574 1847 623 1881 τῆς
634 1845 781 1881 λῃστρικῆς
791 1846 819 1872 ὲν
834 1845 938 1881 Ἐφέσῳ

153 1891 284 1926 δευτέρας
312 1891 421 1918 συνόδου
448 1891 544 1918 τοῦτον
567 1892 589 1907 ⁷⁸
604 1892 745 1923 παντελῶς
772 1891 884 1927 ἐξέτεμέ
909 1901 939 1919 τε

153 1937 201 1963 καὶ
217 1937 402 1972 ἀπεκήρυξεν,
424 1938 516 1964 Ἐοικε
533 1937 562 1964 δὲ
578 1938 664 1965 ταῦτα
680 1938 796 1972 γράφειν
819 1938 938 1973 ’Δνθίμῳ

152 1983 365 2017 παρουσιάζοντι
387 1983 436 2018 μὲν
450 1985 483 2019 τῇ
501 1983 617 2019 βασιλίδι
631 1983 720 2016 πόλει,
737 1983 814 2010 οΰπω
830 1984 859 2010 δὲ
875 1984 939 2015 τοὺς

990 1571 1044 1598 cris
1061 1570 1238 1602 interdicunt,
1258 1569 1356 1605 ansa
1375 1575 1405 1597 et
1427 1569 1484 1604 ejus
1498 1571 1649 1605 opiniones,
1665 1572 1696 1597 de
1713 1571 1773 1605 pla-

991 1624 1036 1648 no,
1054 1620 1134 1650 atque
1160 1616 1238 1642 inviti
1267 1616 1462 1643 cocumenicam
1474 1620 1597 1650 quartam
1626 1617 1774 1651 pradicant

991 1663 1121 1697 synodum
1145 1669 1153 1688 :
1176 1669 1229 1688 non
1249 1662 1300 1688 alia
1317 1663 1388 1689 enim
1402 1662 1565 1689 mcumenica
1581 1663 1698 1697 synodus
1712 1662 1773 1693 fuit,

992 1708 1039 1735 sed
1055 1715 1091 1735 .ea
1105 1707 1174 1741 sola,
1191 1713 1346 1742 susceptum
1363 1715 1424 1735 cum
1441 1707 1575 1742 pestiferis
1588 1708 1646 1741 ejus
1666 1708 1773 1741 opinio-

993 1753 1084 1784 nibus,
1102 1758 1132 1780 ut
1158 1753 1286 1785 diximus,
1311 1753 1338 1780 in
1366 1753 1466 1788 perﬁda
1497 1753 1541 1780 illa
1563 1753 1666 1788 synodo
1682 1753 1772 1787 Ephe-

992 1799 1061 1831 sina,
1078 1799 1128 1827 hoe
1143 1799 1254 1826 omnino
1267 1800 1361 1834 rejecit
1375 1804 1402 1827 et
1413 1800 1561 1826 damnavit.
1576 1800 1692 1834 Apparet
1709 1807 1773 1828 vero

991 1847 1118 1874 Anthimo
1140 1847 1196 1873 haec
1220 1846 1363 1880 scripsisse
1388 1846 1413 1872 in
1431 1846 1502 1881 regia
1520 1846 1586 1873 urbe
1601 1847 1730 1878 versanti,
1745 1852 1773 1874 et

993 1899 1129 1926 nunquam
1156 1898 1250 1919 sacras
1269 1890 1341 1917 illitts
1356 1890 1428 1926 leges
1448 1891 1571 1923 violasse,
1586 1898 1664 1924 quem
1683 1896 1711 1917 et
1725 1892 1773 1918 ad-

991 1944 1086 1964 versus
1104 1936 1282 1964 Nestorianos
1304 1939 1332 1963 et
1345 1935 1529 1971 Eutychianos
1546 1941 1651 1963 certare
1665 1936 1771 1964 suadet.

993 1983 1054 2010 Haec
1068 1983 1176 2018 quidem
1190 1983 1301 2018 epistola
1319 1983 1363 2009 illa
1380 1982 1579 2016 complectitur.

152 2032 363 2066 ἀρχιερατικοὺς
393 2032 478 2066 αὐτῆς
517 2032 659 2059 ὑπελθόντι
688 2032 804 2067 νόμους·
835 2031 865 2058 ὃν
889 2031 937 2058 καὶ
957 2033 1086 2065 παραινεῖ
1116 2031 1187 2057 κατά
1209 2040 1239 2058 τε
1266 2031 1320 2056 τῶν
1334 2030 1522 2065 Νεστοριανῶν
1545 2030 1592 2057 καὶ
1621 2030 1676 2057 τῶν
1706 2039 1773 2066 φρο-

153 2080 270 2106 νούντων
280 2079 315 2106 τὰ
334 2079 470 2114 Εὐτυχοῦς
481 2079 673 2113 ἀγωνίζεσθαι.
691 2079 771 2106 Ἀλλὰ
785 2079 871 2106 ταῦτα
887 2080 936 2115 μὲν
957 2080 1004 2107 καὶ
1021 2080 1171 2115 ἡπαροῦσα
1184 2080 1257 2113 λέγει
1272 2078 1412 2114 ἐπιστολή.

194 2125 226 2151 Ἥ
237 2124 266 2151 δὲ
276 2124 344 2160 πρὸς
356 2125 463 2159 Βράζην
481 2126 526 2151 τὸν
542 2125 660 2161 Πέρσην,
676 2126 737 2151 ἐπεὶ
747 2126 825 2151 τοῦτο
839 2126 941 2161 ᾔτησεν

1029 2128 1093 2159 Qua:
1115 2133 1180 2152 vero
1200 2126 1233 2152 ad
1254 2125 1354 2152 Brasen
1369 2124 1478 2152 Persam
1503 2126 1563 2152 data
1578 2129 1630 2156 est,
1648 2133 1708 2152 cum
1723 2126 1773 2153 hoc

152 2172 265 2203 ἐκεῖνος,
284 2172 317 2198 ἐκ
331 2172 386 2198 τῶν
399 2172 480 2198 θείων
491 2171 606 2206 Γραφῶν
613 2172 670 2198 ἀλλ’
685 2172 734 2198 οὐκ
748 2173 780 2198 ὲκ
796 2172 937 2208 Πατρικῶν

994 2171 1155 2206 postulasset
1170 2179 1185 2198 e
1202 2178 1280 2198 sacra
1302 2170 1452 2204 Scriptura,
1469 2170 1514 2197 sed
1529 2177 1580 2196 non
1600 2177 1615 2197 e
1637 2169 1772 2203 Patribus,

154 2216 314 2252 μαρτυριῶν
327 2216 391 2251 περί
405 2225 435 2242 τε
447 2217 494 2250 τῆς
506 2216 586 2248 ἁγίας
599 2216 648 2242 καὶ
665 2216 807 2251 ὀμοουσίου
822 2207 937 2252 Τριάδος

992 2218 1024 2244 de
1039 2223 1132 2245 sancta
1156 2221 1182 2244 et
1205 2215 1429 2243 consubstantiali
1455 2214 1587 2242 Trinitate
1600 2216 1731 2247 continet,
1745 2221 1773 2244 et

151 2262 329 2297 διαλαμϐάνει
341 2270 351 2279 ·
377 2262 424 2289 καὶ
441 2261 503 2297 [408
522 2261 567 2297 Η.]
581 2263 644 2297 περὶ
663 2264 711 2297 τῆς
730 2263 758 2288 ὲν
773 2263 854 2297 σαρκὶ
871 2271 940 2298 παρ-

152 2308 246 2339 ουσίας
257 2308 305 2334 τοῦ
322 2308 420 2342 Λόγου,
435 2308 482 2335 καὶ
497 2308 561 2343 περὶ
575 2308 624 2343 τῆς
643 2308 724 2341 ἁγίας
736 2309 781 2334 καὶ
797 2308 939 2343 ὑπερενδό-

151 2354 196 2386 Eoo
217 2354 358 2390 Παρθένου
377 2355 425 2381 καὶ
443 2355 575 2381 Θεοτόκου
600 2355 718 2389 Μαρίας.
736 2355 769 2381 At
788 2355 817 2381 δὲ
831 2355 939 2390 Γραφαί

151 2402 219 2427 εἰσιν
231 2400 305 2435 αὐτῷ
321 2400 371 2435 ⁷³ἥ
386 2409 416 2427 τε
430 2400 533 2427 παλαιὰ
545 2400 665 2436 Διαθήκη
679 2401 727 2426 καὶ
749 2400 784 2427 τὰ
809 2401 937 2436 Κυριαχὰ

151 2446 229 2478 λόγια
243 2446 291 2472 καὶ
303 2446 338 2472 τὰ
355 2446 522 2473 ἀποστολικὰ
550 2447 725 2481 κηρύγματα,
737 2448 769 2473 δι’
781 2444 818 2474 ὧν
828 2449 856 2474 αἱ
870 2456 939 2483 προ-

153 2491 278 2525 κείμεναι
292 2491 346 2518 τῶν
361 2492 516 2518 ὑποθέσεων
532 2492 563 2518 τὸ
574 2492 673 2527 ἀληθὲς
681 2493 729 2520 καὶ
743 2493 851 2528 βέϐαιον
881 2494 938 2520 ἁπ-

152 2535 314 2568 ηνέγκαντο.
327 2536 410 2562 Πλέον
419 2536 448 2563 δὲ
460 2536 514 2562 τῶν
526 2536 614 2563 ἄλλων
629 2537 812 2573 ὲμφιλοχωρεϊ
820 2539 852 2573 τῇ
871 2538 938 2565 ὑπο-

153 2580 238 2613 θέσει,
258 2582 288 2607 ὲν
346 2583 363 2616 ἡ
376 2582 423 2609 τοῦ
447 2582 535 2616 Λόγου
562 2583 700 2618 σάρκωσις
718 2584 938 2617 ἁναδιδάσκεται,

157 2625 206 2652 an
216 2626 249 2662 δὴ
262 2627 309 2653 καὶ
323 2627 370 2653 τοῦ
397 2627 493 2663 καιροῦ
516 2627 627 2655 πλείονα
650 2627 699 2664 τὴν
718 2630 782 2664 περὶ
794 2629 880 2664 αὐτῆς
895 2629 939 2662 ἐε-

991 2263 1024 2291 de
1052 2264 1237 2290 incarnatione
1266 2260 1356 2294 Verbi,
1386 2261 1471 2295 deque
1497 2260 1612 2294 gloriosa
1636 2266 1664 2289 et
1679 2267 1772 2290 sancta

991 2307 1113 2341 Virgine,
1127 2312 1154 2335 et
1167 2307 1214 2334 Dei
1228 2306 1366 2334 Genitrice
1382 2305 1476 2333 Maria.
1492 2306 1561 2332 Sunt
1575 2311 1664 2333 autem
1677 2314 1772 2335 eorum

990 2353 1147 2388 Scriptura,
1161 2358 1189 2380 et
1213 2352 1298 2380 Vetus
1312 2352 1527 2384 Testamentum,
1543 2356 1571 2378 et
1591 2352 1694 2379 Domini
1713 2361 1773 2380 ver-

990 2400 1035 2432 ba,
1056 2399 1263 2434 apostolicaaque
1286 2398 1500 2433 praedicationes,
1518 2397 1616 2432 quibus
1640 2400 1772 2433 quaestio-

990 2453 1053 2473 num
1079 2445 1179 2473 veritas
1202 2451 1229 2473 et
1247 2444 1417 2476 conﬁrmatio
1435 2444 1514 2471 allata
1527 2447 1580 2474 est.
1596 2451 1650 2478 prae
1667 2446 1772 2474 ceteris

991 2491 1053 2518 huic
1074 2491 1120 2518 uni
1135 2490 1277 2526 quaestioni
1296 2490 1421 2521 inhaeret,
1443 2489 1469 2516 in
1487 2496 1539 2524 qtta
1556 2489 1589 2517 de
1606 2490 1772 2519 incarnatio-

990 2545 1024 2566 ne
1040 2538 1120 2566 Verbi
1143 2538 1320 2571 disceptatur,
1337 2536 1482 2564 occasione
1499 2536 1603 2563 scilicet
1624 2536 1770 2572 longiorem

992 2584 1071 2619 hujus
1096 2584 1307 2618 disputationem
1332 2582 1468 2618 exigente.
1491 2580 1548 2609 Hoc
1568 2587 1657 2610 autem
1679 2583 1705 2610 in
1722 2583 1772 2611 hac

991 2630 1103 2665 epistola
1119 2634 1242 2657 conatur.

153 2673 285 2708 εργασίαν
309 2675 496 2706 ἀπαιτοῦντος.
523 2675 650 2702 Τοιοῦτον
665 2676 715 2711 μὲν
738 2676 785 2703 καὶ
806 2677 837 2703 τὸ
854 2677 1014 2712 σπούδασμα
1023 2678 1137 2714 ταυτησὶ
1152 2679 1201 2715 τῆς
1212 2679 1367 2715 ἐπιστολῆς.

187 2742 198 2757 ³
213 2739 278 2767 Luc.
296 2748 316 2773 ι,
330 2740 375 2768 45.

807 2803 922 2832 VARI/13
937 2803 1140 2834 LECTIONES.

189 2855 213 2870 ⁷⁸
226 2855 317 2882 τοῦτον
328 2856 350 2883 Α
367 2865 372 2883 :
386 2858 445 2885 τότε
460 2867 487 2890 ς.
528 2859 550 2875 ⁷³
562 2859 649 2886 αὐτῶν
666 2868 696 2891 ς.
