3972 6248
465 274 568 339 967

1623 278 1887 339 PIIOTII
1929 277 2430 340 PATRIARCH/E
2463 277 2569 339 ΕΡ.

3587 273 3704 337 968

537 383 744 445 Scr-ibit
774 396 954 444 autem
990 387 1057 444 ad
1093 388 1308 459 aliquos
1350 389 1648 446 monachos
1677 391 1929 445 Ecclesia:
1950 393 2030 444 de-

2207 391 2413 462 Γράφει
2463 391 2522 445 δὲ
2577 389 2672 445 καὶ
2723 387 2860 461 πρὸς
2891 389 3160 461 μοναχούς
3187 405 3357 452 τινας,
3387 387 3438 442 οἶ
3469 391 3568 460 τῆς
3600 388 3704 444 τοῦ

466 483 767 538 fensionem
814 482 1094 536 catholica
1135 490 1189 536 et
1216 484 1525 550 apostolicae
1555 483 1860 547 molientes,
1897 497 2033 552 quos

470 585 786 629 sanctorum
827 573 1049 629 Patrum
1102 575 1491 630 monitionibus
1521 575 1846 645 conjungere
1877 575 2033 630 moli-

465 676 574 727 tur,
633 669 924 720 ostendens
977 680 1162 738 eorum
1220 669 1541 722 sententiam
1591 684 1698 722 non
1740 667 1926 738 procul
1966 668 2034 722 ab

464 755 840 809 haereticorum
865 736 1212 826 Opinionibhs
1246 759 1466 822 distare,
1503 760 1812 830 nullumque
1837 775 1901 814 ex
1933 776 2023 824 ea,

463 849 911 915 quemadmodum
941 851 1172 904 haretici
1199 851 1392 914 solent,
1411 855 1747 906 commodum
1768 855 2031 921 accipere,

461 937 564 993 hoc
594 939 759 993 variis
785 941 1102 996 testimoniis
1133 954 1437 997 sanctorum
1472 944 1691 999 Patrum
1725 946 2028 1000 conﬁrmat.

462 1034 521 1086 In
551 1049 655 1088 una
686 1037 985 1106 eademque
1011 1053 1241 1105 persona
1278 1039 1483 1090 variam
1521 1048 1729 1090 natura:
1762 1037 2031 1090 actionem

468 1126 721 1194 perspici,
759 1137 814 1180 et
836 1128 902 1182 ad
946 1143 1160 1182 onmem
1203 1130 1423 1197 pietatis
1472 1129 1855 1198 plenitudinem
1889 1129 2035 1181 snﬁi-

462 1230 608 1281 cere,
655 1216 938 1287 Deiparam
979 1221 1202 1274 credere
1247 1231 1297 1273 et
1327 1221 1600 1289 appellare
1629 1219 2031 1274 sanctissimam

460 1309 763 1376 Virginem.
796 1309 1083 1379 Postquam
1116 1312 1258 1364 enim
1286 1313 1407 1381 quis
1433 1312 1629 1366 dixerit
1660 1311 1823 1364 Deum
1860 1312 2035 1365 incar-

463 1410 646 1452 natum
695 1398 972 1470 Virginem
1013 1401 1312 1471 peperisse,
1357 1401 1667 1471 angelorum
1721 1401 1794 1454 uti
1825 1400 2036 1455 videtur

462 1491 751 1561 theologia.

531 1582 732 1635 Scribit
766 1584 902 1636 idem
967 1593 1021 1637 et
1066 1584 1288 1637 alteram
1337 1582 1617 1652 epistolam
1673 1584 1738 1636 ad
1784 1583 2031 1638 Callinici

460 1672 809 1740 desertores;
851 1676 1073 1740 cupiens
1114 1691 1242 1728 vero
1291 1691 1384 1731 eos
1433 1676 1686 1730 Ecclesia:
1714 1676 1804 1729 Dei
1849 1677 2032 1729 conci-

463 1765 616 1828 liare,
643 1767 709 1820 ab
732 1767 878 1819 omni
922 1782 1042 1820 eam
1093 1767 1316 1821 liberam
1348 1769 1601 1821 haeretica
1632 1768 1748 1821 labe
1771 1769 2026 1832 ostendit,

461 1867 516 1911 et
543 1857 632 1925 qui
665 1858 728 1910 ad
755 1873 872 1912 eam
909 1857 1081 1912 labem
1111 1868 1409 1913 conventus
1433 1859 1588 1924 ﬁunt,
1617 1860 1880 1913 latronum
1913 1876 2032 1915 esse

460 1949 820 2016 Speluncam:
886 1949 1110 2004 aﬁ'ertur
1161 1951 1356 2004 imilari
1399 1963 1651 2018 oportere
1698 1951 2030 2015 SimeOnetn,

459 2050 514 2091 et
573 2039 915 2108 Baradatnm,
955 2052 1008 2096 et
1058 2041 1339 2109 Jacohutn,
1389 2043 1535 2097 viros
1562 2045 1778 2098 virtutis
1817 2045 2032 2099 nomine

461 2138 573 2185 toto
633 2139 899 2187 terrarum
952 2135 1083 2188 orbe
1129 2135 1398 2196 celebres,
1472 2135 1562 2204 qui
1620 2135 1816 2206 2481)
1864 2137 2028 2189 vitam

459 2223 767 2277 universam
805 2223 858 2276 in
890 2223 1261 2278 ecclesiastica
1317 2225 1600 2293 disciplina
1633 2235 2029 2293 transegerunt.

460 2313 638 2382 Atque
673 2315 789 2370 haec
818 2317 1033 2384 quidem
1067 2317 1292 2385 episwla
1331 2318 1598 2372 continet.

530 2505 780 2560 Proxima
812 2521 940 2562 vero
970 2509 1144 2562 oratio
1180 2507 1472 2578 prrmmii
1503 2509 1813 2580 synodicam
1863 2512 2032 2566 actio-

459 2612 581 2650 nem
614 2598 868 2666 explicat,
917 2599 968 2652 in
1001 2614 1104 2668 qua
1133 2599 1470 2668 Syncleticus
1512 2600 1822 2654 nominatur
1848 2608 2028 2672 (quem

459 2688 614 2741 Tarsi
653 2689 966 2758 episcopum
1006 2690 1172 2743 fuisse
1193 2689 1352 2758 paulo
1381 2699 1505 2745 ante
1544 2692 1858 2764 memoravi)
1890 2695 2030 2760 quod

459 2780 670 2835 libellos
695 2796 798 2834 non
827 2782 1128 2836 catholicos
1155 2784 1222 2837 ab
1250 2783 1514 2838 haereticis
1543 2786 1857 2853 accepisset,
1890 2788 2032 2842 unde

460 2873 748 2928 haereticas
784 2874 1027 2928 hauserit
1074 2875 1377 2942 opiniones,
1419 2885 1472 2929 et
1503 2874 1807 2945 Stephanus
1842 2893 2020 2931 mona-

459 2966 595 3020 chus
626 2965 919 3036 Syncletici
949 2965 1219 3036 syncellus
1256 2966 1579 3036 appellatus,
1613 2977 1668 3022 et
1699 2982 1835 3036 pene
1873 2984 2032 3022 accu-

457 3066 613 3111 satur
642 3065 872 3125 uterque
921 3057 1242 3125 praecedenti
1269 3057 1532 3124 oratione,
1576 3069 1855 3128 proriterea
1887 3060 2026 3127 quod

459 3146 820 3201 orthodoxam
866 3163 970 3200 non
1014 3147 1450 3218 amplexarentur
1501 3149 1681 3216 ﬁdem,
1733 3152 1824 3206 sed
1865 3151 2028 3224 Euty-

458 3238 576 3293 chis
631 3235 750 3292 labe
803 3235 984 3292 infecti
1043 3247 1243 3292 essent.
1285 3237 1487 3294 Tamen
1535 3256 1653 3294 cum
1693 3240 2029 3312 Syncleticus

458 3331 774 3400 religionem
807 3330 1044 3399 proﬁteri
1095 3332 1309 3386 tandem
1342 3341 1560 3387 coactus
1593 3344 1758 3400 esset,
1791 3335 2026 3406 synodus

457 3421 703 3474 solvitur.
762 3418 1007 3492 [Tatnen,
1041 3421 1238 3490 inquit,
1301 3421 1554 3491 pietatem
1597 3424 1810 3477 tandem
1853 3427 2026 3480 susci-

461 3511 664 3579 piente,
704 3511 930 3565 solvitur
963 3509 1256 3582 synodus.]
1304 3510 1360 3564 In
1412 3511 1514 3565 hac
1549 3513 1758 3566 actione
1805 3513 2019 3567 beatum

463 3603 719 3674 Cyrillum
743 3603 934 3658 alicubi
960 3613 1152 3658 natura
1177 3618 1273 3673 pro
1295 3619 1513 3671 persona
1532 3619 1684 3658 nsum
1713 3619 1833 3660 esse
1856 3614 2032 3660 osten-

459 3697 561 3759 dit,
603 3711 725 3750 cum
767 3696 1058 3750 dicitunam
1086 3696 1319 3748 maxime
1351 3693 1509 3750 Verbi
1537 3704 1783 3749 naturam
1809 3712 2029 3750 carnem

459 3786 703 3843 induisse
729 3804 744 3841 :
777 3803 884 3841 non
919 3788 1092 3856 ipsum
1115 3787 1295 3842 dicere
1323 3800 1465 3855 saepe
1494 3800 1616 3840 eum
1643 3788 1782 3842 duas
1817 3788 2030 3844 confes-

460 3894 584 3933 sum
613 3887 861 3939 naturas,
891 3877 1342 3945 quemadmodum
1378 3887 1585 3930 mutato
1607 3878 1834 3932 consilio
1865 3893 2024 3932 unam

464 3981 740 4036 naturam,
777 3970 880 4025 nisi
910 3970 1049 4026 forte
1082 3985 1228 4026 nunc
1267 3979 1471 4026 natura:
1508 3985 1690 4025 vocem
1732 3986 1829 4038 pro
1850 3988 2027 4039 perso-

463 4078 545 4116 nw
594 4063 958 4132 usurpaverit,
1004 4072 1058 4116 et
1085 4062 1433 4117 conﬁrmatur
1467 4063 1521 4116 id
1559 4078 1627 4117 ex
1673 4063 1795 4117 aliis
1839 4062 2026 4134 Cyrilli

463 4155 617 4219 locis,
667 4168 894 4222 eamque
948 4167 1071 4208 esse
1120 4152 1378 4208 Ecclesiae
1422 4162 1680 4216 mentem,
1727 4154 1940 4225 aliaque
1975 4157 2025 4208 id

455 4258 624 4312 genus
655 4243 809 4297 utilia
839 4243 1098 4298 adversus
1140 4242 1451 4298 bereticam
1507 4241 1681 4296 labem
1715 4243 1828 4298 haec
1883 4243 2026 4299 actio

455 4335 756 4391 certamina
779 4335 1040 4388 continet.

2131 485 2266 536 Θεοῦ
2332 484 2625 554 καθολικῆς
2676 485 2769 537 καὶ
2825 484 3190 552 ἀποστολικῆς
3243 481 3570 546 Ἐκκλησίας
3599 482 3708 553 τὴν

2131 577 2414 631 διάστασιν
2452 578 2701 630 ἐνόσουνο
2733 575 2825 640 οὒς
2864 577 2951 630 διὰ
3005 575 3293 646 Πατρικῶν
3323 574 3707 645 παραινέσεων

2133 671 2391 738 πειρᾶται
2422 670 2676 739 συνάψαι,
2709 669 2924 732 δεικνὺς
2948 669 3048 732 τὰς
3081 668 3303 721 ἐκείνων
3336 667 3519 736 φωνὰς
3543 658 3710 720 οὐδὲ⁹ν

2130 763 2238 815 τῶν
2266 762 2442 816 ἄλλων
2463 762 2760 832 αἱρετικῶν
2781 761 3164 832 διαφερούσας.
3203 761 3298 814 καὶ
3341 759 3614 830 μηδεμίαν
3640 757 3712 825 ἑξ

2133 855 2330 919 αὐτῶν,
2356 853 2544 926 ῶσπερ
2581 855 2687 908 οὐδ’
2713 854 2974 918 ἐκείνους,
3003 853 3189 923 ὄνησιν
3218 853 3538 924 κερδαίνειν.
3572 854 3713 906 Συν-

2136 947 2314 1016 ίστησι
2337 946 2392 999 δὲ
2415 945 2692 1018 διαφόροις
2720 946 2979 1015 Πατέρων
3004 946 3326 1017 μαρτυρίαις
3359 947 3443 1014 ἐφ’
3460 946 3578 1008 ἐνὸς
3605 945 3714 998 καὶ

2132 1038 2226 1090 τοῦ
2275 1037 2438 1090 αὐτοῦ
2499 1036 2792 1107 προσώπου
2847 1036 3100 1106 διάφορον
3139 1037 3372 1106 φυσικὴν
3417 1035 3712 1105 ἐνέργειαν

2133 1127 2476 1196 θεωρεῖσθαι,
2507 1126 2604 1180 καὶ
2631 1128 2822 1197 ἀρκεῖν
2866 1127 3002 1196 πρὸς
3038 1129 3219 1180 πᾶσαν
3252 1125 3452 1194 εὐσεσῆ
3497 1126 3713 1195 πληρο-

2135 1218 2332 1288 φορίαν
2361 1217 2623 1271 Θεοτόκον
2682 1219 2897 1288 φρονεῖν
2928 1219 3023 1271 καὶ
3074 1217 3256 1286 λέγειν
3295 1217 3395 1288 τὴν
3427 1217 3712 1283 παναγίαν

2135 1309 2436 1380 Παρθένον·
2488 1311 2707 1364 ἐπειδὰν
2749 1310 2856 1381 γάρ
2890 1327 2979 1378 ,τις
3019 1311 3150 1380 εἴπῃ
3177 1311 3310 1365 Θεὸν
3343 1310 3712 1381 ἐνανθρωπή-

2136 1418 2304 1454 σαντα
2328 1404 2508 1453 τεκεῖν
2525 1401 2621 1473 τὴν
2638 1402 2912 1469 παναγίαν
2931 1403 3226 1472 Παρθένον,
3255 1406 3323 1473 τῇ
3355 1402 3465 1456 τῶν
3486 1403 3712 1472 ἀρχαγ-

2134 1492 2309 1560 γέλων
2333 1494 2379 1524 ’⁷⁵
2407 1489 2561 1556 οὗτος
2594 1493 2841 1564 Θεολογίᾳ
2871 1493 3122 1562 φαίνεται
3151 1495 3514 1565 κεχρημένος.

2209 1583 2414 1652 Γράφει
2438 1585 2495 1637 δὲ
2519 1585 2614 1639 καὶ¹
2642 1586 2834 1656 ἑτέραν
2860 1585 3194 1656 ἐπιστολὴνὸ
3225 1587 3392 1650 αὐτὸς
3416 1587 3551 1658 πρὸς
3573 1589 3710 1650 τοὺς

2135 1675 2472 1744 ἁποσχιστὰς
2499 1675 2847 1739 Καλλινίκου,
2877 1677 3144 1731 νουθετῶν
3201 1678 3300 1749 μὲν
3324 1681 3390 1750 τῇ
3420 1678 3514 1731 τοῦ
3563 1678 3710 1731 Θεοῦ

2134 1765 2355 1829 τούτους
2402 1767 2666 1838 ὲνωθῆναι
2714 1767 3033 1840 Ἐκκλησία,
3087 1768 3335 1840 καθαρὰν
3382 1771 3714 1838 ἀποφαίνων

2131 1859 2334 1928 ταύτην
2355 1859 2540 1929 πάσης
2569 1861 2850 1930 αἰρετικῆς
2900 1861 3136 1931 κηλῖδος,
3200 1862 3294 1916 καὶ
3340 1861 3422 1916 ὅτι
3451 1861 3522 1913 τὰ
3551 1863 3715 1933 παρὰ

2129 1951 2332 2019 ταύτην
2365 1953 2701 2022 συνακτήρια
2741 1953 2954 2026 λῃστῶν
3000 1955 3115 2006 ἐστι
3167 1953 3426 2025 σπήλαια.
3467 1956 3576 2008 Καὶ
3611 1973 3714 2026 μι-

2134 2045 2350 2112 μεῖσθαι
2379 2045 2488 2098 δεῖν
2517 2045 2822 2113 εἰσηγεῖται
2857 2046 3118 2114 Συμεῶνα
3149 2049 3243 2100 καὶ
3275 2043 3586 2116 Βαραδάτον
3606 2045 3714 2099 καὶ

2143 2132 2416 2199 Ἰάκωϐον,
2448 2134 2644 2207 ἄνδρας
2679 2137 2766 2189 ἐπ’
2820 2137 2989 2208 ἀρετῇ
3024 2136 3128 2189 ἀνὰ
3155 2137 3336 2190 πᾶσαν
3360 2136 3457 2207 τὴν
3481 2138 3586 2208 γῆν
3611 2136 3714 2206 βε-

2131 2222 2452 2292 ϐοημένους,
2505 2225 2557 2277 οἳ
2614 2226 2712 2296 τὴν
2765 2226 3228 2295 ὲκκλησιαστικὴν
3262 2224 3351 2278 διὰ
3382 2225 3497 2296 βίου
3522 2226 3713 2297 ἠσπά-

2135 2314 2294 2367 σαντό
2321 2331 2383 2368 τε
2413 2317 2508 2370 καὶ
2534 2315 2853 2380 ὲξεθείασαν
2875 2318 3180 2373 κοινωνίαν.
3227 2319 3368 2372 Ἀλλ’
3396 2321 3456 2373 ὲν
3489 2323 3712 2387 τούτοις

2135 2406 2233 2475 μὲν
2257 2406 2354 2459 καὶ
2385 2409 2419 2478 ἡ
2454 2406 2706 2478 παροῦσα
2728 2409 3006 2480 ἐπιστολή.

2213 2496 2273 2550 Ὀ
2301 2497 2357 2549 δὲ
2388 2498 2586 2567 ἐφεξῆς
2621 2498 2776 2566 λόγος
2809 2500 3095 2571 συνοδικὴν
3133 2501 3470 2556 ἀναπτύσσει
3501 2506 3713 2574 πρᾶξιν

2130 2588 2226 2640 τοῦ
2255 2589 2420 2642 αὑτοῦ
2450 2592 2758 2658 ἀγιωτάτου
2821 2593 3160 2663 πατριάρχου
3206 2595 3564 2666 Ἐφραιμίου,
3590 2600 3647 2650 ὲν

2131 2683 2160 2733 ὃ
2199 2699 2258 2733 τε
2291 2682 2660 2752 Συγκλητικὸς
2691 2683 2810 2755 (τῆς
2858 2683 3072 2755 Ταρσοῦ
3123 2685 3181 2738 δὲ
3210 2685 3398 2739 τοῦτον
3440 2689 3467 2740 ὀ
3497 2689 3712 2759 προλα-

2131 2773 2242 2825 ϐὼν
2274 2774 2431 2842 λόγος
2457 2775 2753 2828 ἐπίσκοπον
2775 2773 2916 2847 εἷπε)
2949 2778 3313 2846 λογοθετεῑται
3342 2781 3388 2818 ’⁵
3417 2781 3518 2834 οὐκ
3546 2784 3711 2854 ὀρθο-

2131 2863 2318 2929 δόξους
2339 2864 2616 2928 λι6έλλους
2646 2867 2798 2937 παρὰ
2849 2884 3014 2920 τινων
3047 2868 3363 2938 δεξάμενος,
3404 2871 3461 2938 ἐξ
3506 2866 3581 2927 ὧν
3607 2876 3712 2929 καὶ

2130 2955 2412 3026 αἱρετικὴν
2459 2957 2733 3026 παρέσχεν
2789 2959 3084 3021 ὑπόνοιαν,
3139 2964 3232 3016 καὶ
3287 2965 3559 3036 Στέφανός
3618 2987 3710 3032 τις

2135 3050 2404 3119 μονάζων,
2445 3049 2738 3118 σύγκελλος
2770 3051 2834 3122 δὴ
2884 3053 2977 3106 τοῦ
3013 3055 3391 3126 Συγκλητικοῦ
3420 3061 3707 3131 καλούμε-

2135 3158 2244 3204 νος.
2279 3143 2388 3194 Καὶ
2433 3141 2767 3212 διελέγχεται
2811 3147 2907 3214 μὲν
2948 3147 3090 3200 κατά
3144 3149 3338 3220 μικρὸν
3393 3152 3489 3204 τοῦ
3542 3152 3711 3220 λόγου

2135 3231 2417 3301 προϊόντος
2467 3232 2725 3304 ἑκάτερος
2785 3236 2860 3305 μὴ
2912 3237 2979 3288 τὰ
3030 3237 3166 3306 ὀρθὰ
3210 3241 3309 3309 τῆς
3372 3239 3713 3314 Ἐκκλησίας

2134 3323 2380 3393 στέργων
2434 3324 2699 3395 δόγματα,
2731 3326 2868 3380 ἀλλὰ
2917 3331 3054 3399 πρὸς
3087 3331 3184 3401 τὴν
3238 3333 3514 3405 Εὑτυχοῦς
3550 3338 3712 3391 νόσον

2137 3415 2576 3486 ὑποσυρόμενος⁸
2601 3419 2752 3487 ὅμως
2795 3416 2890 3473 οὖν
2937 3421 3032 3473 τοῦ
3069 3423 3446 3492 Συγκλητικυῦ
3486 3429 3588 3498 τὴν
3621 3431 3711 3481 εὐ-

2133 3508 2350 3562 σέϐειαν
2371 3509 2464 3562 ἐπὶ
2486 3510 2630 3563 τέλει
2663 3512 3043 3586 συνελαθέντος
3074 3517 3247 3568 εἰπεῖν
3271 3519 3304 3586 ἡ
3327 3519 3554 3583 Σύνοδος
3581 3522 3711 3575 δια-

2130 3601 2334 3657 λύεται.
2371 3603 2501 3676 [784
2534 3604 2628 3677 3.]
2669 3606 2758 3659 Ἐν
2779 3606 2948 3678 ταύτῃ
2979 3611 3046 3679 τῇ
3071 3609 3269 3679 πράξει
3285 3610 3378 3665 τὸν
3407 3610 3703 3667 θεσπέσιον
3769 3591 3773 3594 ν

2126 3697 2396 3769 Κύριλλον
2449 3697 2525 3768 τῇ
2577 3700 2761 3768 φύσει
2810 3700 2926 3754 ἀνθ’
2962 3703 3365 3776 ὑποστάσεωςΔ
3382 3704 3616 3776 ἀλλαχοῦ
3639 3725 3707 3762 τε

2125 3787 2455 3857 παρεισάγει
2507 3789 2837 3859 χρήσασθαι,
2883 3789 2979 3844 καὶ
3037 3791 3198 3860 ἡνίκα
3258 3773 3406 3863 λέγει
3464 3773 3709 3864 μάλιστα

2126 3880 2257 3948 μίαν
2297 3880 2460 3947 φύσιν
2485 3881 2579 3934 τοῦ
2631 3883 2802 3950 Λόγου
2855 3885 3316 3957 σεσαρκωμένηνο
3355 3886 3417 3938 οὐ
3466 3889 3578 3958 γὰρ
3633 3891 3707 3943 ἂν

2131 3970 2308 4022 εἰπεῖν
2334 3970 2804 4037 αὑτὸν,’πολλάκις
2824 3975 2922 4038 τὰς
2941 3975 3034 4028 δύο
3059 3977 3254 4045 φύσεις
3280 3978 3700 4050 ὡμολογηκότα,

2129 4058 2319 4132 ῶσπερ
2371 4065 2436 4116 ἐκ
2488 4066 2851 4135 μεταμελείας
2888 4068 3016 4136 μίαν
3067 4068 3252 4137 φύσιν,
3279 4073 3328 4124 εί
3353 4074 3429 4142 μὴ
3457 4073 3518 4126 τὸ
3545 4075 3704 4146 ῥῆμα

2128 4152 2247 4203 νυνὶ
2275 4151 2386 4221 τῆς
2409 4155 2646 4221 φύσεως
2678 4157 2800 4209 ἀντὶ
2831 4156 2942 4226 τῆς
2980 4160 3378 4228 ὑποστάσεως
3430 4167 3702 4235 παρειλή-

2128 4259 2242 4310 φει.
2284 4244 2394 4296 Καὶ
2441 4249 2733 4316 συγκροτεί
2768 4248 2927 4301 τοῦτο
2953 4250 3014 4314 ἐξ
3042 4251 3242 4324 ἑτέρων
3289 4270 3349 4306 τε
3376 4255 3572 4323 φωνῶν
3601 4257 3697 4310 τοῦ

2131 4336 2296 4388 αὐτοῦ
2321 4336 2612 4406 Κυρίλλου,
2644 4340 2740 4392 καὶ¹
2777 4340 2860 4392 ὃτι
2895 4339 3026 4412 [409
3051 4344 3144 4416 IL]
3161 4345 3402 4400 τοιοῦτον
3430 4348 3494 4401 τὸ
3519 4350 3568 4382 ⁷⁸
3590 4351 3696 4419 τῆς

457 4427 786 4497 Ἐκκλησίας
822 4427 1098 4499 φρόνημα.
1150 4427 1260 4482 Καὶ
1329 4426 1466 4482 ἄλλα
1515 4425 1574 4481 δέ
1631 4443 1754 4479 τινα
1811 4427 2060 4507 χρήσιμα
2097 4430 2241 4482 κατά
2293 4429 2392 4499 τῆς
2441 4432 2776 4502 συγχυτικῆς
2823 4435 3090 4505 αἱρέσεως
3137 4440 3170 4504 ή
3229 4442 3430 4510 πρᾶξις
3498 4445 3700 4512 ἀγωνί-

454 4521 636 4590 (lpum
658 4521 922 4590 περιέχει.

529 4609 660 4666 Post
707 4612 824 4665 baac
885 4611 1144 4680 inscripta
1196 4610 1334 4665 libro
1381 4608 1607 4680 epistola
1656 4610 1722 4664 ad
1773 4607 2104 4680 MagnumD

449 4705 762 4774 episcopum
797 4702 1052 4764 Berroeaa,
1081 4703 1203 4766 hoc,
1240 4703 1292 4754 in
1326 4703 1534 4755 duabus
1573 4699 1780 4754 naturis
1801 4698 2022 4754 Emma-

452 4795 663 4850 nuelem
707 4795 923 4862 agnosci
969 4793 1051 4865 (ut
1104 4793 1157 4847 in
1193 4803 1387 4861 quarta
1435 4801 1490 4846 et
1525 4791 1763 4862 generali
1815 4791 2022 4860 synodo

451 4887 759 4958 asseritur),
782 4889 980 4942 docens
1007 4896 1166 4955 atque
1197 4887 1514 4955 explanatis,
1539 4893 1593 4940 et
1623 4899 1776 4939 usum
1800 4898 1922 4939 esse
1943 4883 2023 4936 Io-

450 4978 672 5048 quendi,
729 4993 891 5031 unam
945 4975 1103 5031 Verbi
1163 4985 1411 5029 naturam
1465 4975 1738 5030 hominem
1786 4989 1906 5029 esse
1951 4972 2023 5028 fa-

448 5083 618 5135 ctam,
673 5078 864 5126 contra
899 5084 1016 5133 eos,
1072 5069 1163 5138 qui
1218 5069 1353 5121 duas
1403 5068 1469 5120 ab
1517 5068 1746 5121 invicem
1801 5076 2022 5122 naturas

2198 4609 2354 4663 Μετά
2378 4609 2550 4664 ταῦτα
2567 4610 2623 4664 δὲ
2654 4611 3026 4679 ἐνεγέγραπτο
3052 4615 3118 4683 τῇ
3140 4613 3306 4684 βίϐλῳ
3340 4617 3477 4683 πρὸς
3504 4619 3702 4688 Μέγαν

2121 4703 2212 4756 τὸν
2239 4703 2536 4754 ἐπίσκοπον
2565 4701 2790 4773 Βεροίας
2823 4703 2869 4733 ⁷⁷
2903 4703 3181 4774 ἐπιστολὴ,
3208 4705 3268 4756 τὸ
3290 4705 3349 4758 ἐν
3368 4705 3461 4758 δύο
3491 4709 3693 4775 φύσεσι

2120 4797 2320 4866 χρῆναι
2348 4795 2394 4826 ⁷⁸
2423 4794 2710 4865 γνωρίζειν
2741 4795 2833 4847 τὸν
2863 4794 3186 4865 Ἐμανουὴλ,
3231 4797 3308 4859 ὡς
3341 4798 3434 4850 καὶ
3460 4802 3527 4870 τῇ
3562 4802 3696 4872 ἁγίᾳ

2124 4887 2219 4940 καὶ
2251 4889 2603 4956 οίκουμενικῇ
2644 4887 2876 4957 τετάρτῃ
2907 4887 3111 4957 συνόδῳ
3153 4887 3392 4960 εἴρηται,
3425 4889 3694 4961 δογματί-

2123 4977 2294 5041 ζουσά
2321 4995 2381 5030 τε
2414 4979 2510 5031 καὶ
2539 4979 2899 5048 ὲπικυροῦσα,
2932 4981 3026 5032 καὶ
3053 4981 3190 5052 ὁτιή
3228 4981 3465 5050 λέγουσα
3494 4983 3696 5052 χρῆσις

2128 5069 2265 5138 μίαν
2310 5068 2474 5138 φύσιν
2536 5069 2631 5122 τοῦ
2678 5071 2853 5137 Λόγου
2908 5072 3341 5143 σεσαρκωμένην
3395 5075 3540 5127 κατά
3585 5074 3698 5127 τῶν

450 5171 704 5235 separant
743 5162 1005 5233 probandi
1055 5163 1218 5216 robur
1276 5161 1496 5214 habere.
1534 5159 1639 5214 Sed
1674 5173 1782 5212 non
1826 5168 2014 5213 contra

2135 5161 2474 5232 Βιαιρούντων
2499 5161 2593 5214 ἀπ’
2623 5161 2869 5232 ἀλλήλων
2897 5163 2996 5226 τὰς
3035 5165 3226 5232 φύσεις
3252 5165 3365 5234 ἔχει
3390 5164 3452 5217 τὸ
3485 5166 3694 5235 κράτος

449 5267 717 5327 negantes
747 5267 1062 5311 naturarum
1088 5254 1450 5310 diﬂ‘erentiam
1482 5263 1701 5322 propter
1739 5252 2013 5305 unionem.

453 5351 913 5415 Quemadmodum
965 5365 1070 5404 una
1124 5348 1286 5404 Verbi
1333 5357 1524 5400 natura
1576 5348 1854 5399 incarnata
1894 5361 2016 5398 cum

455 5442 832 5509 scparantibus
883 5442 949 5498 ab
1002 5442 1232 5496 invicem
1280 5449 1522 5501 naturas,
1575 5446 1820 5507 pugnat:
1859 5439 1938 5492 sic
1967 5446 2021 5490 et

2123 5253 2545 5324 προϐάλλεσθαι,
2574 5253 2691 5308 ἀλλ’
2741 5255 2801 5306 οὐ
2854 5255 2999 5306 κατά
3044 5256 3155 5310 τῶν
3193 5256 3568 5325 ἀναιρούντων
3593 5260 3696 5328 τὴν

2122 5345 2230 5398 τῶν
2262 5345 2475 5415 φύσεων
2502 5345 2765 5416 διαφορὰν
2797 5347 2887 5400 διά
2923 5348 3022 5419 τὴν
3061 5350 3274 5405 ἕνωσιν.
3305 5352 3520 5421 Ὥσπερ
3549 5352 3607 5405 δὲ
3633 5353 3696 5405 τὸ

2127 5439 2224 5510 μία
2251 5437 2413 5505 φύσις
2437 5437 2532 5490 τοῦ
2588 5439 2762 5507 Λόγου
2821 5442 3215 5513 σεσαρκωμένη
3246 5443 3358 5507 τοῖς
3386 5443 3694 5515 διαιροῦσιν

1743 5608 1973 5666 VARI/1‘;
2008 5611 2414 5669 LECTIONES.

531 5711 577 5744 "
604 5713 849 5783 ἀγγέλων
882 5729 941 5776 ς’.
1019 5712 1062 5743 ⁷⁵
1097 5709 1370 5781 λογοοετεῖ
1398 5727 1458 5774 ς.
1535 5709 1580 5747 ’³⁸
1601 5708 1662 5762 τὸ
1687 5707 1732 5762 Λ
1767 5725 1779 5760 :
1823 5705 1916 5761 καὶ
1937 5707 1996 5758 τὸ
2029 5724 2092 5770 ς’.

2190 5709 2236 5742 ⁷⁷
2267 5707 2530 5780 Βεῤῥοίας
2557 5724 2616 5771 ς’.
2713 5707 2758 5741 ⁷⁸
2798 5707 2994 5779 χρῆναι
3037 5707 3161 5763 add.
3197 5709 3264 5764 A.
