1986 3124
154 130 207 162 σεε)

688 130 952 160 BIBLIOTHECA.
964 144 999 150 --
1012 130 1094 161 COD.
1109 131 1262 161 CCXXIX.

1738 134 1790 166 9’70

154 185 203 212 ἀπ’
232 184 355 218 ἀλλήλων
376 183 425 215 τὰς
450 183 547 218 φύσεις
575 183 758 218 ἀπομάχεται,
773 183 845 211 οὑτω
859 184 907 210 καὶ
917 184 948 210 τὸ

1004 184 1028 210 in
1044 184 1148 212 duabus
1174 185 1279 212 naturis
1299 185 1426 212 unionem
1447 185 1473 211 in
1495 191 1613 219 persona
1627 185 1707 214 fateri
1725 194 1790 216 con-

155 231 186 256 ὲν
198 230 246 256 δύο
263 230 362 264 φύσεσι
376 229 426 264 τὴν
442 229 503 256 καθ’
527 228 679 256 ὑπόστασιν
697 229 839 264 ὁμολογεῖν
850 229 948 256 ἕνωσιν

155 276 221 307 τοὺς
247 275 428 310 συγχυτικοὺς
455 274 560 309 ἐλέγχει
583 275 631 301 καὶ
655 274 832 310 καταισχύνει
847 274 950 304 τούτων

155 322 188 348 τὸ
204 321 339 356 βούλημα.
368 320 461 352 υῦτως
486 318 534 346 οὖν
567 321 613 347 καὶ
633 321 650 355 ὴ
674 321 702 347 ἐν
718 319 765 346 δύο
776 320 873 353 quaest.
889 321 948 345 καθ’

157 366 308 392 ὑπέστασιν
323 365 420 397 ἓνωσις
438 366 460 381 ⁷³
478 365 524 391 καὶ
539 366 556 400 ἡ
572 366 622 400 μία
637 365 685 391 τοῦ
702 365 790 399 Λόγου
808 374 949 399 σεσαρκω-

159 411 229 447 μένη
245 411 326 446 φύσις
351 410 422 438 κατὰ
443 411 492 445 μὲν
514 411 569 437 τῶν
585 411 782 447 ἀντικειμένων
794 412 890 440 αὐταῖς
903 411 949 437 καὶ

156 457 282 493 ἀλλήλοις
302 456 480 491 δοξασμάτων
493 457 684 491 ἀγωνίζονται,
697 456 827 492 οὐδετέρα
841 457 868 483 δὲ
880 457 949 483 κατὰ

157 503 207 537 τῆς
225 503 322 538 ἐτέρας
334 502 491 535 ὁπλίζεται²
518 501 581 529 οὑτε
604 502 659 538 γὰρ
685 503 702 538 ή
729 502 778 537 μία
796 503 841 528 τοῦ
862 503 949 536 Λόγου

158 549 357 584 σεσαρκωμένη
380 548 460 583 φύσις
488 549 531 574 ἐπ’
555 548 694 584 ἀναιρέσει
704 548 754 583 τῆς
768 549 821 575 τῶν
840 548 949 583 φύσεων

156 595 289 629 διαφορᾶς
301 594 419 628 λέγεται,
435 594 497 621 οὔτε
511 595 528 630 ἡ
550 595 579 621 ὲν
591 594 637 621 δύο
650 594 747 627 φύσεσι
760 595 949 630 γινωσκομένη

158 640 220 667 καθ’
256 641 404 667 ὑπόστασιν
430 640 527 672 ἓνωσις
543 640 676 676 διαίρεσιν
699 641 746 667 ἀπ’
758 640 880 675 ἀλλήλων
893 642 949 667 εἰσ-

156 688 220 720 άγει
239 687 294 713 τῶν
322 687 441 721 φύσεων.
455 687 536 713 Ὥστε
559 689 575 722 ή
597 687 650 714 τῶν
664 687 710 713 δύο
726 687 834 722 φύσεων
851 687 949 719 ἕνωσις

158 732 303 766 βεϐαίωσίς
329 734 390 759 ἐστι
403 732 454 764 τῆς
471 733 535 767 μιᾶς
557 732 603 759 τοῦ
630 733 717 767 Λόγου
733 734 949 768 σεσαρκωμένης

158 779 336 811 ὑποστάσεως
373 778 528 814 άσυγχύτου
565 780 611 806 καὶ
642 779 772 814 διαφορᾶς
795 779 948 814 ἀδιαιρέτου

157 825 377 860 κηρυττομένης.
398 825 492 852 Ταῦτα
517 825 565 852 καὶ
582 824 694 851 τοιαῦτα
714 825 796 860 ἕτερα
811 825 860 851 οὐκ
872 824 950 857 ὀλίγα

158 870 202 897 διὰ
213 871 264 905 τῆς
278 870 464 906 προκειμένης
487 870 653 906 ἀναγράφων
682 870 827 905 ἐπιστολῆς
843 870 877 897 τά
899 870 948 905 μὲν

156 916 207 950 τῆς
227 916 368 948 εὐσεϐείας
381 915 511 951 κρατύνει
528 915 661 951 δόγματα,
680 915 728 950 τῆς
737 915 765 942 δὲ
783 916 948 951 συγχυτικῆς

158 962 297 993 ἀναιδείας
312 961 442 997 διελέγχει
454 961 503 994 τὴν
518 961 648 988 ἀπόνοιαν
663 961 696 988 ⁸⁸.
714 960 768 987 Καὶ
781 961 949 996 παραινέσας

1001 228 1145 257 fundentes
1167 230 1355 265 reprehendit,
1390 234 1417 257 et
1440 230 1535 258 horum
1558 235 1672 258 conatus
1699 237 1791 259 retun-

1001 274 1051 302 dit.
1070 274 1116 302 Sic
1131 275 1213 310 igitur
1228 280 1255 302 ct
1274 276 1300 302 iu
1318 276 1422 302 duabus
1435 276 1540 303 naturis
1557 276 1622 304 unio
1637 277 1788 304 secundum

1002 322 1179 358 hypostasim,
1208 327 1238 349 ιιι
1258 330 1310 350 una
1335 322 1413 350 Verbi
1437 327 1531 349 natura
1559 322 1710 355 incarnata,
1730 330 1790 350 cer-

1001 373 1055 395 tam
1073 374 1168 396 contra
1185 376 1232 397 eos
1242 369 1287 403 qui
1309 377 1401 396 secum
1418 368 1467 403 ipsi
1486 373 1513 396 et
1527 369 1598 396 inter
1615 376 1645 396 se
1661 374 1789 404 pugnam,

1001 421 1055 441 non
1079 414 1162 449 igitur
1182 415 1267 442 altera
1288 422 1349 442 cum
1370 414 1456 441 altera
1476 419 1590 449 pugnat.
1610 413 1704 448 Neque
1718 414 1790 441 enim

1001 467 1053 486 una
1077 460 1157 487 Verbi
1173 465 1269 488 natura
1287 461 1442 494 incarnata,
1459 460 1485 487 in
1506 459 1659 487 sublatione
1674 461 1790 494 quadam

1002 511 1106 533 natura:
1125 506 1224 534 dicitur
1243 515 1250 533 :
1268 513 1356 541 neque
1368 506 1434 533 unio
1448 505 1475 533 in
1494 506 1598 533 duabus
1612 506 1717 533 naturis
1732 513 1791 540 qua:

1001 552 1148 580 secundum
1173 552 1342 588 hyposlasitn
1370 552 1546 587 agnoscitur,
1580 551 1739 579 divisionem
1757 551 1790 578 ab

1002 598 1116 624 invicem
1141 596 1218 625 affert
1248 602 1416 625 naturarum.
1439 597 1528 630 Quare
1555 596 1653 632 249a
1676 597 1789 623 duartun

1002 641 1065 667 unio
1086 647 1258 674 naturarum,
1284 642 1458 668 conﬁrmatio
1481 645 1521 668 est
1546 642 1627 668 unius
1643 640 1727 668 Verbi
1747 641 1791 668 in-

1001 692 1120 714 carnatte
1136 694 1259 722 personae
1276 687 1435 719 inconfusre,
1447 692 1474 714 et
1491 687 1656 714 diversitatis
1670 687 1792 714 indivisa:

1002 739 1062 766 quae
1077 733 1251 768 praedicatur.
1264 733 1327 761 llaec
1339 738 1366 760 ct
1376 733 1427 760 alia
1442 733 1468 760 id
1484 740 1568 768 genus
1582 740 1634 760 non
1649 740 1733 767 pauca
1743 740 1792 767 pro

1006 785 1035 804 re
1064 783 1126 804 nata
1154 778 1277 813 epistolae.
1310 778 1498 810 conscribens,
1530 778 1639 812 pietatis
1666 778 1791 812 dogmata

1002 823 1156 856 conﬁrmat,
1176 824 1349 859 impudenter
1364 831 1428 851 vero
1447 823 1668 851 confundentinm
1682 830 1791 850 sensum

1003 869 1152 904 redarguit,
1162 874 1189 896 et
1200 878 1261 897 eum
1275 870 1318 897 cui
1336 870 1439 897 reddita
1454 870 1567 905 epistola
1580 875 1621 897 est
1631 869 1790 901 admonens,

1003 916 1095 951 augeri
1117 922 1144 944 et
1159 924 1284 944 crescere
1300 917 1414 952 scripta,
1431 917 1507 951 quasi
1533 923 1585 943 non
1602 916 1733 943 exhausta
1751 915 1791 941 fa-

1004 961 1117 994 cultate,
1137 962 1272 990 scribendi
1290 962 1369 989 linem
1386 962 1462 989 facit.

157 1007 203 1033 τὸν
218 1007 266 1041 τὴν
278 1006 422 1041 ἐπιστολὴν
438 1006 584 1041 δεξάμενον
601 1005 755 1041 ἐπαυξῆσαί
771 1014 800 1032 τε
814 1007 861 1032 καὶ
874 1006 1010 1042 πληθῦναι
1022 1006 1057 1033 τά
1070 1006 1265 1042 γεγραμμένα,
1275 1007 1323 1034 ἇτε
1351 1007 1399 1033 καὶ
1429 1006 1574 1041 δυνάμεως
1602 1005 1651 1032 οὑκ
1684 1006 1786 1041 ἄπορον

162 1051 433 1087 γαταλήγειγρλφων
451 1052 481 1078 τὸ
495 1052 622 1087 γράμμα.

193 1099 261 1126 Μεθ’
281 1099 296 1126 ὅ
313 1100 381 1135 πρὸς
398 1099 507 1126 Εὑνόἲον
531 1099 645 1135 μοναχὸν
665 1099 764 1135 ἑτέραν
784 1100 896 1136 γράφει,
919 1100 949 1127 ὲν

157 1140 176 1181 ᾖ
193 1144 305 1176 διέξεισι
320 1144 390 1178 μήτε
405 1143 530 1179 ἀλλήλοις
546 1144 615 1179 μήτε
632 1144 738 1175 ἑαυτοῖς
756 1144 949 1179 ἐναντιωθῆναι

130 1182 138 1191 ”
158 1191 221 1220 τοὺς
234 1189 323 1224 ἱεροὺς
337 1189 417 1225 ἡμῶν
432 1189 568 1223 Πατέρας,
584 1190 695 1216 ἐπειδὰν
710 1190 774 1224 περὶ
788 1190 890 1225 φθορᾶς
904 1190 950 1217 καὶ

159 1235 314 1270 ἀφθαρσίας
342 1234 556 1269 διαλαμϐάνουσι.
578 1235 632 1260 Καὶ
649 1235 689 1261 ὅτι
705 1235 721 1270 ἡ
740 1235 789 1270 μὲν
813 1235 951 1271 άφθαρσία

160 1281 238 1315 ὑγεία
251 1281 293 1313 τίς
311 1281 384 1307 ἐστιν
400 1280 457 1307 ἀλλ’
469 1281 519 1307 οὑκ
532 1280 671 1316 ἀναίρεσις
686 1281 735 1315 τῆς
751 1281 886 1316 ἡμετέρας
901 1281 950 1315 φύ-

160 1335 240 1359 σεως,
257 1328 274 1362 ὴ
290 1327 318 1354 δὲ
335 1326 438 1362 φθοράς
458 1327 536 1358 νόσος
552 1335 559 1342 ·
576 1326 636 1353 ὅθεν
653 1326 701 1352 καὶ
725 1326 770 1353 τὸν
788 1326 877 1362 Ἀδάμ
896 1326 949 1362 πρὸ

158 1374 209 1408 τῆς
222 1373 403 1408 παραϐάσεως
414 1372 552 1408 ἄφθαρτον
566 1372 661 1407 έχοντα
675 1372 764 1407 σάρκα
775 1373 845 1399 κατὰ
859 1373 948 1400 πάντα

160 1420 296 1455 ὑπάρχειν
313 1420 378 1455 ⁴ἡμίν
399 1419 552 1454 ὀμοοὺσιον.
570 1418 663 1445 Ταῦτα
688 1420 803 1455 χρήσεσι
818 1419 948 1455 Πατὲρων

159 1464 336 1496 διαὸεὗαιῶν,
354 1464 400 1491 καὶ
415 1464 498 1499 ἕτερα
511 1463 562 1490 οὐκ
574 1462 653 1497 ὀλίγα
669 1463 737 1499 πρὸς
748 1464 796 1499 τὴν
811 1464 952 1491 εὐσέϐειαν

160 1511 287 1546 χρήσιμα
318 1508 524 1544 συγκαταλέξας
551 1509 586 1544 τῇ
602 1507 743 1544 ἐπιστολῇ,
773 1509 857 1544 πέρας
882 1509 951 1544 αὐτῇ

161 1556 324 1591 ἐπιτίθησιν.

202 1603 263 1629 Ἐπὶ
279 1602 391 1634 ταύταις
405 1603 435 1630 δὲ
454 1603 501 1631 καὶ
515 1603 591 1638 λόγοι
607 1603 681 1638 αὑτῷ
692 1603 866 1639 διελέχθησαν
883 1611 951 1630 παν-

160 1649 290 1683 ηγυρικοὶ
306 1648 327 1664 ⁸¹
345 1649 378 1681 ζ’,
400 1650 414 1676 ό
441 1650 491 1684 μὲν
514 1650 554 1681 είς
572 1649 606 1677 τὰ
628 1650 755 1684 ἑγκαίνια
776 1649 831 1676 τῶν
866 1648 951 1683 ἁγίων

162 1695 322 1730 προφητῶν,
338 1696 352 1722 ὁ
369 1695 399 1722 δὲ
413 1696 453 1726 εἰς
468 1695 501 1722 τὰ
516 1695 642 1729 γενέθλια
659 1695 707 1722 τοῦ
734 1696 860 1731 Σωτῆρος
874 1695 952 1730 ἡμῶν

168 1743 257 1780 31ησοῦ
267 1743 397 1780 Χριστοῦ.
423 1743 517 1779 ἔτερος
530 1744 558 1771 δὲ
572 1743 625 1779 πρὸ
637 1744 691 1771 τῶν
707 1744 793 1778 ἁγίων
807 1743 950 1779 νηστειῶν,

162 1791 209 1817 καὶ
223 1790 303 1822 ἄλλος
318 1790 358 1821 εἰς
375 1790 425 1825 τὴν
445 1790 598 1825 κατήχησιν
614 1789 669 1817 τῶν
687 1789 886 1825 νεοφωτίστων,
905 1789 952 1816 καὶ

161 1835 194 1870 δὴ
209 1835 258 1862 καὶ
272 1836 313 1868 είς
335 1836 370 1863 τά
388 1836 514 1870 δτκαίνια
531 1835 579 1862 τοῦ
594 1835 765 1871 ἀρχαγγέλου
781 1835 889 1871 Μιχαὴλ
903 1834 950 1861 τοῦ

162 1882 192 1909 ὲν
218 1882 323 1918 Δάφνῃ.
334 1882 381 1909 καὶ
398 1883 437 1913 ιίς
457 1882 506 1917 τὴν
517 1882 596 1916 ἁγίαν
611 1881 850 1917 Τεσσαρακοστὴν,
862 1881 909 1907 καὶ
921 1881 950 1907 ἐν

164 1928 214 1963 μιᾷ
235 1927 286 1962 τῆς
317 1927 398 1962 ἁγίας
425 1928 655 1963 Τεσσαρακοστῆς
684 1927 778 1963 ἐνάτῃ.
799 1926 879 1953 Ἀλλὰ
903 1926 951 1954 καὶ

162 1974 209 2001 hri.
224 1974 331 2005 τούτοις
341 1973 433 2008 δγδοος
447 1974 462 2000 ὁ
476 1974 505 2000 ὲν
523 1974 557 2009 τῇ
576 1973 643 2009 ἁγίᾳ
657 1972 766 2008 τετράδι
784 1972 891 2008 λεχθεὶς
909 1973 950 2005 εις

161 2019 222 2050 τοὺς
238 2018 445 2053 νεοφωτίστονς.

195 2065 233 2091 Τὸ
251 2064 301 2099 μὲν
324 2061 371 2091 οὖν
389 2063 498 2099 πρῶτον
524 2062 588 2099 [410
614 2063 661 2099 IL}
687 2063 830 2099 περιελθὸν
846 2063 887 2095 είς
900 2063 950 2095 τὰς

161 2110 297 2145 ἡμετέρας
311 2110 405 2145 χεῖρας
418 2108 514 2144 τεῦχος
528 2108 614 2135 ταῦτα
626 2109 773 2143 περιεῖχεν.

352 2188 407 2216 Τοῦ
421 2154 617 2221 αὐτοῦΣὲῧη
639 2187 758 2221 βίϐλος.

1035 1101 1101 1127 Dein
1134 1100 1168 1127 ad
1193 1100 1327 1127 Euuoium
1357 1099 1519 1126 monachum
1553 1098 1634 1125 aliam
1663 1097 1787 1125 scribit:

999 1154 1051 1181 qua
1075 1147 1189 1180 cpistola
1222 1151 1326 1177 narrat,
1358 1152 1445 1179 neque
1474 1151 1566 1171 sucum
1594 1144 1678 1178 ipsos,
1703 1150 1791 1177 neque

999 1193 1071 1220 inter
1089 1200 1119 1219 se
1138 1199 1259 1226 pugnare
1277 1191 1365 1218 sancti
1387 1190 1493 1221 Patres,
1514 1189 1622 1224 quando
1642 1189 1675 1216 de
1696 1196 1792 1215 corru-

999 1237 1092 1272 ptione
1111 1241 1138 1264 et
1159 1236 1362 1269 incorruptione
1387 1236 1526 1263 disserunt
1552 1239 1579 1261 et
1607 1234 1790 1268 incorruptio-

1003 1291 1064 1310 nem
1085 1284 1230 1310 sanitatem
1245 1282 1389 1318 quamda’m
1411 1280 1557 1313 esse,'non
1573 1285 1664 1307 autem
1689 1285 1793 1306 natura:

1003 1334 1104 1357 nostrae
1115 1328 1297 1356 sublationem
1317 1348 1324 1355 .
1341 1327 1542 1362 corruptionem
1557 1331 1653 1363 contra
1669 1325 1792 1353 morbum

1002 1375 1148 1409 quemdam
1172 1381 1242 1401 esse.
1264 1372 1342 1400 Unde
1357 1377 1384 1400 et
1404 1373 1538 1400 Adamum
1551 1375 1614 1399 ante
1627 1371 1731 1406 lapsum
1753 1371 1793 1397 in—

1002 1424 1157 1454 corruptam
1177 1419 1302 1446 habuisse
1316 1425 1437 1450 carnem,
1450 1422 1477 1444 et
1497 1424 1544 1451 per
1557 1418 1648 1445 omnia
1662 1417 1738 1445 nobis
1755 1418 1794 1445 si-

1005 1465 1097 1493 milem
1125 1464 1210 1492 fuisse
1234 1462 1345 1490 Patrum
1385 1462 1551 1490 testimoniis
1571 1462 1750 1495 confirmans,
1763 1467 1791 1489 et

1006 1511 1057 1538 alia
1082 1511 1115 1538 ad
1132 1510 1261 1545 pietatem
1290 1508 1364 1536 utilia
1391 1509 1513 1544 epistolae
1543 1509 1686 1537 includens
1710 1509 1790 1536 tinem

966 1562 987 1591 α
1004 1557 1079 1584 facit.

1042 1603 1199 1637 Sequuntur
1223 1602 1286 1629 hinc
1312 1600 1432 1633 eiusdem
1459 1600 1629 1635 panegyrica:
1653 1599 1793 1627 orationes

1005 1654 1119 1684 septem.
1142 1649 1232 1676 Prima
1250 1648 1275 1675 in
1292 1647 1392 1675 festum
1416 1647 1651 1675 sanctissimorum
1678 1646 1794 1681 prophe-

1007 1699 1115 1727 tarum;
1141 1694 1226 1721 altera
1251 1694 1277 1720 iu
1297 1693 1359 1721 Jesu
1378 1693 1478 1719 Christi
1495 1692 1612 1719 natalem
1627 1692 1715 1725 diem;
1735 1696 1793 1719 ter-

1007 1741 1043 1768 tia
1066 1740 1093 1767 in
1109 1747 1187 1767 sacra
1206 1739 1270 1767 anui
1291 1738 1414 1774 jejunia;
1430 1743 1526 1772 quarta
1540 1738 1566 1764 iu
1583 1738 1792 1765 catechumeno-

1006 1794 1065 1814 rum
1079 1785 1304 1817 instructionem;
1320 1784 1385 1812 item
1408 1784 1435 1812 in
1455 1784 1552 1811 festum
1569 1783 1639 1811 dietn
1653 1783 1793 1811 Michaelis

1004 1832 1161 1866 archangeli
1188 1832 1215 1859 in
1241 1831 1369 1868 Daphne;
1398 1835 1474 1857 sexta
1492 1830 1518 1856 in
1540 1837 1646 1857 sacram
1661 1829 1793 1862 Quadra-

1003 1878 1154 1913 gesimam;
1173 1877 1289 1911 denique
1303 1876 1329 1903 in
1345 1884 1426 1907 unam
1441 1875 1660 1910 Quadragesimze
1674 1882 1789 1907 nonam;

1003 1927 1100 1950 octava
1118 1921 1153 1949 ad
1173 1922 1229 1949 haec
1247 1922 1335 1949 oratio
1354 1927 1416 1956 qua:
1429 1920 1457 1949 in
1473 1926 1553 1948 sacro
1567 1919 1743 1955 quaternario
1756 1920 1791 1946 ad

1002 1968 1160 2004 Neopbytos
1174 1967 1276 1995 habita.

1039 2056 1160 2084 Primum
1189 2055 1280 2089 itaque
1307 2053 1378 2088 quod
1401 2053 1426 2081 in
1452 2059 1547 2079 manus
1567 2058 1642 2079 meas
1665 2051 1790 2079 volumen

1003 2103 1107 2136 incidit,
1126 2102 1186 2134 haec
1202 2101 1368 2129 continebat.

1328 2144 1467 2173 CCXXIX.

1182 2182 1315 2216 Ep/n'emii
1322 2181 1438 2215 ejusdem
1455 2179 1520 2206 liber
1532 2178 1611 2205 alius.

195 2234 259 2270 [785
275 2234 321 2271 11.]
344 2234 514 2269 ’Λνεγνώσθη
529 2233 630 2269 βιδλίον
644 2233 691 2260 τοῦ
706 2232 790 2260 αὐτοῦ
811 2234 841 2260 ὲν
862 2233 949 2268 ἁγίοις

1038 2228 1102 2264 Legi
1111 2227 1229 2262 ejusdem
1246 2227 1330 2255 sancti
1341 2227 1455 2253 alterum
1472 2225 1581 2256 librum,
1594 2224 1640 2258 qui
1656 2224 1689 2251 de
1704 2226 1790 2252 sacris

167 2280 342 2314 Ἔφραιμίου,
365 2280 394 2311 ὃς
410 2279 464 2306 τῶν
490 2279 570 2315 ἱερῶν
584 2279 633 2313 τῆς
655 2278 823 2314 Ἀντιοχείας
844 2279 953 2314 θεσμῶν

162 2326 266 2360 ἠγεῖτο,
283 2326 312 2352 ὲν
337 2325 426 2359 λόγοις
442 2325 474 2356 δ’,
489 2321 527 2351 ὧν
541 2325 554 2351 ό
570 2324 619 2360 μὲν
635 2322 659 2350 α’
675 2324 739 2359 περὶ
752 2323 806 2349 τῶν
829 2324 952 2359 ἐπηρεα-

162 2370 283 2406 ζομένων
308 2371 437 2406 ῥημάτων
463 2370 609 2405 Κυρίλλου,
637 2369 655 2396 ἃ
681 2369 785 2400 ἐκεῖνος
812 2368 952 2403 παρέθηκε

162 2417 228 2452 πρὸς
248 2416 400 2451 Σούκηνσον
422 2416 492 2442 κατὰ
508 2415 558 2450 τὴν
571 2415 701 2451 δευτέραν
721 2414 866 2449 ἐπιστολὴν
884 2415 951 2449 γρά-

161 2471 229 2497 φων,
245 2461 423 2496 διαλαμϐάνει
440 2469 446 2476 ”
461 2461 511 2496 τὴν
523 2461 655 2495 ἐπήρειαν
677 2460 705 2486 δὲ
726 2460 742 2493 ὴ
766 2459 812 2485 τοῦ
830 2459 951 2495 Σεῦήρου

162 2507 267 2541 αἵρεσις
291 2506 400 2540 ἐπάγει.
431 2505 461 2533 '0
486 2505 515 2532 δὲ
539 2504 561 2540 β’
576 2504 723 2539 ἀπόκρισίς
740 2505 798 2530 ὲστι
819 2504 887 2540 πρὸς
906 2504 951 2530 τὸν

162 2552 339 2588 σχολαστικὸν
378 2552 529 2581 Ἀνατόλιον
556 2550 621 2586 περὶ
653 2546 690 2577 ὧν
717 2551 820 2581 ἐκεῖνος
850 2549 947 2584 μαθεῖν

161 2598 309 2633 ἠϐουλήθη.
328 2599 357 2624 '0
371 2598 399 2625 δὲ
419 2601 443 2632 γ’
464 2597 613 2631 ἀπολογίαν
637 2596 708 2631 ὑπὲρ
721 2596 771 2632 τῆς
796 2595 876 2629 ἁγίας
899 2594 947 2622 καὶ

161 2643 351 2678 οἱκουμενικῆς
381 2645 409 2673 ὲν
437 2643 589 2677 Καλχηδόνι
621 2642 728 2669 συνόδου
755 2641 857 2676 γράφει
878 2640 947 2676 πρὸς

161 2688 261 2723 Δόμνον
277 2689 323 2715 καὶ
349 2689 473 2723 Ἰωάννην
495 2688 558 2719 τοὺς
585 2688 613 2714 ἐν
640 2688 672 2722 τῇ
696 2686 811 2722 δευτέρᾳ
837 2685 946 2721 Κιλικίᾳ

1001 2275 1151 2301 Antiochiae
1165 2273 1267 2308 legibus
1283 2276 1374 2298 narrat
1399 2271 1474 2298 libris
1490 2275 1614 2305 quatuor.
1631 2270 1737 2296 Primus
1757 2271 1790 2297 de

1002 2321 1091 2347 verbis
1105 2319 1209 2354 Cyrilli,
1223 2319 1248 2345 in
1262 2317 1426 2345 calumniam
1441 2317 1573 2347 adductis.
1588 2323 1648 2350 qua:
1665 2316 1698 2341 ad
1719 2315 1788 2342 Suc-

1000 2373 1109 2393 ccnsum
1124 2364 1171 2402 [al.
1188 2362 1361 2398 Successum]
1375 2362 1486 2396 epistola
1500 2362 1618 2388 secunda
1631 2361 1749 2394 scripsit,
1762 2366 1789 2387 et

1000 2411 1224 2445 oppugnationem
1250 2408 1406 2436 Severinum
1432 2406 1535 2442 profert
1564 2406 1684 2433 hmresis.
1712 2407 1789 2432 Alter

999 2456 1136 2491 responsio
1146 2461 1188 2483 est
1202 2455 1234 2481 ad
1249 2454 1403 2484 Anatolium
1423 2452 1626 2484 scltoluslicum,
1637 2452 1669 2479 de
1682 2451 1715 2478 iis
1728 2460 1788 2486 qua:

1000 2502 1105 2529 discere
1121 2500 1236 2527 volebat.
1259 2498 1370 2525 Tertius
1400 2497 1558 2533 Apologiam
1581 2496 1686 2524 concilii
1707 2495 1787 2523 Chal-

1001 2547 1159 2574 cedonensis
1178 2547 1298 2573 continet
1320 2545 1352 2571 ad
1375 2543 1507 2571 Domuum
1531 2544 1641 2571 mittens
1658 2548 1685 2570 et
1705 2543 1787 2570 Joan-

1002 2599 1073 2623 nem,
1090 2592 1133 2625 qui
1146 2590 1247 2617 Cicilize
1258 2589 1382 2617 secunda:
1392 2589 1515 2616 monachi
1529 2593 1615 2615 erant.
1627 2587 1742 2621 Quartus
1753 2588 1786 2614 ad

1001 2637 1121 2665 Orientis
1142 2637 1298 2669 monachos,
1315 2636 1360 2670 qui
1382 2639 1409 2663 et
1427 2635 1476 2670 ipsi
1500 2635 1646 2662 Severiana
1668 2635 1785 2670 correpti

1001 2685 1060 2712 labe
1077 2684 1193 2711 fuerunt.

162 2734 322 2765 ἀσκοῦντας.
343 2734 372 2760 ’0
384 2734 411 2760 δὲ
425 2732 445 2759 δ’
457 2732 526 2768 πρὸς
541 2732 604 2764 τοὺς
615 2731 789 2763 ἀπιατολικοὺς
802 2730 946 2766 μοναχοὺς,
965 2730 1014 2763 τῆς
1030 2729 1151 2764 Σεσήρου
1166 2727 1325 2762 δυσσεᾷείας
1336 2727 1383 2755 καὶ
1395 2725 1494 2758 αὐτοὺς
1508 2724 1715 2760 ἀντεχομένους.

801 2789 920 2818 ΥΑΒΙᾹΕ
940 2787 1144 2817 LECTIONES.

194 2840 215 2857 "
235 2840 331 2872 ἓνωσις
345 2839 406 2866 καθ’
427 2840 575 2866 ὑπόστασιν
593 2848 623 2871 ς.
661 2839 683 2855 ⁸ο
701 2838 827 2868 ὑπόνοιαν
844 2847 874 2871 ς.

338 2886 471 2916 ΡΑτῐιοι.
488 2886 546 2916 Gn.
571 2885 648 2916 Cll].

918 2838 939 2854 ⁸¹
960 2846 1061 2873 πανηγ.
1079 2836 1144 2864 διελ.
1158 2844 1189 2867 ς.

1563 2879 1597 2910 3|
