3972 6248
413 306 514 376 971

1569 281 1829 346 ΡΗΟΤῐΙ
1869 271 2377 340 PATRIARCH/E
2408 271 2513 331 CP.

3545 250 3648 316 972

491 343 514 370 ι
1569 343 1591 346 _
1615 343 1655 345 _,

479 415 650 472 Alfert
680 424 858 469 autem
889 410 1028 466 libro
1059 406 1233 477 primo
1264 402 1544 458 calumniae
1573 401 1718 455 illam
1767 395 1930 468 249
1949 393 1976 446 b
2007 439 2011 448 ι

2151 381 2479 454 Προτίθησιν
2512 373 2609 431 οὖν
2655 374 2711 426 ὲν
2746 370 2822 442 τῷ
2871 375 2918 425 α’
2955 367 3098 438 λόγῳ
3139 343 3238 437 τῆν
3272 360 3648 434 ἐπηρεαζομέ-

405 521 627 571 vocem,
671 511 731 557 ut
766 502 965 554 dictum
1009 504 1093 551 est
1131 508 1197 548 ex
1250 491 1485 547 secunda
1536 491 1602 544 ad
1647 488 1975 543 Suecensum

407 595 659 668 epistola,
689 593 771 646 his
803 589 985 644 verbis
1019 603 1034 638 :
1067 585 1148 640 Sit
1177 585 1324 638 nobis
1350 583 1538 635 iterum
1564 577 1795 646 exemplo
1825 577 1978 629 homo

409 693 545 745 inter
574 702 666 740 nos
691 689 946 737 versatus.
981 678 1124 731 Duas
1151 677 1291 729 enim
1330 675 1386 728 in
1426 673 1518 726 illo
1548 679 1776 724 naturas
1824 682 1981 735 agno-

409 783 602 836 scimus
635 791 656 829 :
687 790 844 827 uuam
865 771 1070 839 quidem
1101 766 1358 836 corporis,
1382 765 1601 817 alteram
1629 776 1746 814 vero
1771 759 1980 820 animtc,

409 872 498 924 sed
528 869 583 921 in
599 879 765 936 puras
785 862 1027 915 notiones
1062 858 1283 920 divisas,
1315 865 1361 908 et
1387 865 1440 907 ut
1469 855 1523 906 in
1549 851 1789 906 tenuibus
1813 851 1985 902 simu-

410 956 592 1018 lacris,
651 952 746 1006 hoc
785 960 857 1005 est
907 949 1096 1003 mentis
1156 945 1584 1014 cogitationibus,
1635 939 1987 1010 differentiam

411 1045 770 1114 suscipientes,
793 1042 894 1094 non
917 1055 1009 1109 per
1028 1046 1204 1107 partes
1229 1045 1446 1090 naturas
1470 1033 1811 1096 collocamus,
1829 1043 1988 1098 neque

407 1137 656 1204 utrinque
702 1132 944 1187 sectionis
971 1131 1073 1182 vim
1117 1128 1244 1198 ipsis
1287 1125 1639 1188 concedimus,
1689 1123 1780 1175 sed
1833 1120 1989 1172 unius

412 1245 573 1283 unam
597 1242 706 1280 esse
738 1223 1099 1292 intelligimus,
1132 1235 1293 1290 quare
1321 1219 1444 1271 bina
1471 1232 1573 1270 non
1610 1212 1839 1282 amplius
1866 1210 1994 1265 bina

414 1331 557 1383 sunt,
606 1317 695 1372 sed
747 1326 970 1385 utroque
1019 1322 1223 1366 tantum
1259 1327 1419 1364 unum
1464 1304 1991 1378 perﬁcitur'animal.

417 1412 544 1465 ilree
579 1419 702 1464 sunt
728 1421 847 1476 quae
877 1407 929 1459 in
961 1404 1287 1459 calumniam
1317 1409 1502 1454 vocata
1533 1407 1658 1453 sunt
1679 1396 1859 1450 verba.
1889 1393 1996 1465 Cy-

417 1503 571 1557 rillus
601 1501 742 1555 enim
781 1496 946 1550 animi
988 1503 1041 1549 et
1073 1493 1340 1560 corporis,
1365 1505 1394 1546 e
1421 1491 1616 1560 quibus
1657 1489 1816 1542 homo
1845 1499 1993 1540 com-

419 1596 656 1660 ponitur,
682 1591 904 1645 vocibus
935 1586 1292 1642 differentiam
1330 1583 1662 1639 constituere
1689 1579 1992 1634 recusabat.

419 1683 775 1752 Quamobrem
803 1679 882 1734 sic
907 1678 983 1731 ait
1007 1691 1023 1730 :
1052 1675 1171 1730 Non
1191 1690 1282 1743 per
1301 1684 1475 1744 partes
1495 1680 1712 1725 naturas
1735 1668 1994 1738 ponim‘us,

419 1775 508 1828 sed
532 1763 980 1840 'divisiohinquil.
1017 1766 1215 1820 Verum
1238 1763 1440 1819 addidit
1479 1779 1492 1816 :
1527 1760 1698 1815 Unam
1722 1774 1830 1813 esse
1845 1758 2000 1811 unius

420 1863 785 1933 intelligimus.
806 1861 871 1914 Et
887 1858 1015 1928 quid
1032 1856 1172 1910 hoc?
1195 1870 1354 1910 unam
1381 1855 1524 1909 enim
1555 1853 1642 1908 hic
1665 1850 1998 1923 hypostasin,

423 1955 518 2007 sed
549 1967 657 2006 non
696 1960 944 2004 naturam
980 1947 1195 2011 asserit,
1233 1946 1392 2015 idque
1445 1942 1784 1998 manifestius
1827 1940 2002 1995 reddit

423 2045 737 2109 ostendens,
774 2039 1003 2109 Utroque
1035 2053 1197 2092 unum
1241 2035 1442 2090 animal
1469 2034 1822 2089 constituitur.
1860 2029 2004 2098 Quo-

426 2134 585 2188 modo
622 2133 782 2202 igitur
812 2129 926 2183 lieri
953 2136 1130 2197 potest
1163 2141 1325 2181 unam
1358 2139 1478 2180 esse
1511 2123 1699 2186 animi,
1734 2120 2004 2188 corporis-

427 2237 530 2292 que
576 2219 861 2275 naturam?
906 2219 1011 2271 Sed
1058 2217 1178 2271 vide
1213 2217 1404 2269 iterum
1454 2214 1677 2267 alteram
1736 2210 2006 2264 haereseos

425 2313 736 2374 amentiam,
770 2308 1072 2380 Intelligere
1127 2314 1363 2376 oportet,
1421 2305 1619 2372 inquit,
1664 2317 1768 2355 non
1812 2302 2004 2355 dicere.

427 2409 743 2472 Quanquam
773 2401 895 2470 quis
918 2399 1089 2453 nescit
1116 2408 1264 2451 recte
1291 2393 1646 2457 intellectum,
1671 2399 1820 2445 recte
1841 2389 2003 2442 etiam

428 2495 556 2559 dici,
587 2501 776 2548 contra
804 2504 937 2544 vero
971 2488 1109 2542 male
1133 2485 1492 2560 intellectum,
1521 2480 1659 2534 male
1689 2479 1850 2533 etiam
1879 2475 2006 2530 dici.

364 2644 368 2647 _
431 2585 488 2640 Si
523 2598 649 2637 vero
679 2580 801 2650 quia
833 2579 965 2634 dicit
1001 2595 1014 2632 :
1048 2574 1219 2630 Unam
1252 2574 1407 2627 unius
1439 2567 1841 2640 intelligimus?
1868 2563 2005 2619 Illud

432 2690 582 2739 vero,
619 2688 779 2727 unam
829 2669 1114 2724 secundum
1149 2683 1241 2719 nos
1285 2676 1551 2729 naturam,
1608 2660 1745 2714 dixit
1785 2677 1799 2712 :
1851 2656 2009 2710 unius

433 2781 646 2837 quoque
675 2764 936 2818 duntaxat
970 2759 1218 2814 animalis
1263 2771 1382 2812 esse
1416 2754 1714 2822 intelligere
1751 2765 1848 2819 par
1888 2757 2008 2817 est,

434 2859 617 2910 dicere
648 2866 775 2907 vero
805 2865 910 2905 non
942 2851 1092 2903 item.
1124 2845 1240 2900 Non
1276 2846 1440 2915 igitur
1471 2841 1823 2897 assereudum
1849 2846 1904 2891 et
1929 2837 2010 2890 in-

441 2943 812 3015 telligendum,
843 2955 1004 2993 uuam
1035 2953 1158 2992 esse
1188 2946 1456 3001 naturam,
1485 2933 1678 3002 quibus
1705 2931 1808 2985 hoc
1837 2941 2013 2982 acces-

437 3040 524 3094 sit.
559 3040 628 3089 At
648 3032 916 3102 quomodo
941 3031 1082 3086 idem
1108 3031 1316 3096 integre
1343 3027 1500 3090 dixit,
1529 3039 1649 3094 qua:
1674 3022 1876 3076 dixisse
1903 3033 2007 3074 non

437 3122 711 3196 oportuit?
761 3121 866 3176 Sed
910 3120 1124 3172 valeant
1156 3119 1237 3172 Ine
1275 3130 1447 3183 nugre.
1499 3112 1696 3166 lterum
1724 3109 1893 3170 aiunt,
1935 3108 2016 3160 in-

437 3212 597 3282 quit:
638 3207 704 3263 Ut
748 3209 870 3261 bina
913 3223 1016 3260 non
1059 3204 1287 3274 amplius
1323 3218 1432 3257 esse
1464 3202 1609 3262 bina,
1657 3202 1744 3254 sed
1799 3207 2019 3264 utroque

439 3313 646 3359 tantum
679 3315 838 3354 unum
863 3299 1133 3367 per/icitur
1157 3296 1375 3350 animal.
1405 3295 1572 3364 Igitur
1597 3293 1732 3345 duas
1776 3303 2021 3344 asserere

442 3407 683 3456 naturas,
719 3409 822 3447 non
853 3394 985 3447 duas
1025 3390 1254 3458 amplius
1275 3401 1512 3442 manere.
1543 3383 1599 3440 Si
1624 3398 1752 3438 vero
1773 3381 2022 3451 exemplo

441 3490 754 3558 loquuntur,
790 3488 922 3541 duas
963 3493 1187 3537 naturas
1219 3495 1326 3535 non
1360 3479 1598 3548 amplius
1629 3478 1761 3533 dicit
1806 3489 2024 3531 manere

443 3581 598 3642 duas,
641 3575 894 3631 videlicet
943 3573 1009 3627 de
1053 3571 1271 3627 Christo
1333 3570 1473 3624 idem
1522 3581 1589 3622 ex
1642 3566 2026 3622 eonseeutione

443 3669 840 3724 consideratur.
860 3663 926 3717 Et
957 3663 1174 3732 quidem
1214 3675 1323 3715 non
1352 3659 1708 3728 intelligentes
1733 3656 2025 3720 allirmant,

450 3761 679 3830 primum
718 3757 958 3827 quidem,
989 3763 1048 3808 ut
1091 3769 1196 3807 non
1229 3753 1410 3807 omnia
1451 3751 1502 3804 in
1535 3749 1782 3818 exemplo
1812 3751 2026 3812 debent,

447 3865 500 3905 et
534 3865 628 3919 per
653 3848 960 3917 exeinplum
996 3846 1268 3900 declarato
1301 3842 1658 3896 considerari.
1697 3839 1898 3894 Deinde
1923 3853 2028 3892 non

2080 452 2435 546 νην-φωνὴν,
2485 468 2673 536 ὥσπερ
2715 463 2924 533 ἔφημεν
2970 462 3033 514 ὲκ
3072 460 3169 529 τῆς
3219 456 3475 525 δευτέρας
3521 452 3654 522 πρὸς

2083 565 2390 634 Σούκηνσον
2437 555 2748 626 ἐπιστολῆς,
2803 552 3029 623 ἔχουσαν
3061 549 3233 611 οὕτως
3265 562 3282 578 '
3341 546 3540 599 Ἔστω
3591 540 3657 594 δὲ

2083 653 2228 724 ἡμῖν
2250 631 2362 717 *εις
2411 646 2778 717 παράδειγμα
2811 639 2998 694 πάλιν
3027 641 3059 693 ὀ
3092 638 3220 690 καθ’
3251 633 3410 704 ἡμᾶς
3442 631 3661 698 ἄνθρω-

2086 759 2219 810 πος.
2275 743 2390 795 Δύο
2437 739 2554 808 μὲν
2593 736 2702 806 γὰρ
2731 734 2827 787 καὶ
2861 731 2952 785 ἐπ’
2985 728 3171 784 αὐτοῦ
3201 728 3245 760 ⁸²
3269 725 3530 794 νοοῦμεν
3556 723 3662 788 τὰς

2088 837 2327 906 φύσεις,
2370 832 2511 899 μίαν
2533 827 2651 897 μὲν
2682 825 2791 893 τῆς
2817 821 3045 891 ψυχῆς,
3079 817 3289 886 ἑτέραν
3316 815 3383 870 δὲ
3411 814 3526 883 τὴν
3555 812 3662 867 τοῦ

2087 926 2384 996 σώματος.
2449 918 2604 975 Ἀλλ’
2654 917 2724 970 έν
2762 913 2974 984 ψιλαῖς
3008 911 3313 975 διελόντες
3378 907 3660 971 ἐννοίαις,

2088 1016 2188 1070 καὶ
2219 1015 2301 1078 ὠς
2322 1012 2392 1065 ἐν
2430 1006 2672 1078 Ζσχναῖς
2714 1003 2978 1071 θεωρίαις
3001 999 3133 1070 ἤτοι
3156 998 3267 1052 νοῦ
3299 995 3662 1065 φαντασίαις

2090 1107 2207 1175 τὴν
2234 1101 2530 1172 διαφορὰν
2554 1095 2890 1166 δεξάμενοι,
2926 1094 3036 1148 οὐκ
3065 1091 3183 1146 ἀνὰ
3215 1089 3398 1159 μέρος
3434 1088 3670 1154 τίθεμεν

2091 1181 2198 1263 τὰς
2227 1196 2465 1266 φύσεις,
2505 1191 2643 1244 οὔτε
2667 1188 2794 1259 μὴν
2832 1186 2930 1240 και
2958 1181 3223 1252 διαμπὰξ
3252 1178 3533 1248 διατομῆς
3566 1176 3672 1230 δύ-

2092 1305 2272 1358 ναμιν
2321 1285 2562 1354 ἐφίεμεν
2586 1279 2817 1345 αὑταῖς,
2861 1277 3020 1332 ἀλλὰ
3048 1275 3196 1344 μίαν
3224 1273 3363 1335 ἐνὸς
3387 1267 3543 1325 εἶναι
3572 1284 3674 1322 νο-

2096 1356 2306 1446 οῦμεν,
2337 1374 2492 1426 ὥστε
2510 1370 2582 1424 τὰ
2610 1369 2719 1423 δύο
2744 1366 2961 1436 μηκέτι
2984 1365 3102 1434 μὲν
3124 1362 3276 1417 εἶναι
3306 1359 3438 1423 δύο,
3466 1356 3540 1411 δι’
3571 1357 3677 1425 ἀμ-

2097 1443 2237 1540 φοῖν
2277 1466 2346 1520 δὲ
2391 1465 2458 1519 τὸ
2502 1463 2571 1518 ἐν
2621 1457 3047 1516 ἀποτελεῖσθαι
3102 1454 3266 1516 ζῶον.
3318 1453 3383 1505 Αἱ
3432 1451 3532 1520 μὲν
3561 1443 3677 1501 οὖν

2100 1539 2545 1630 ἐπηρεαζόμεναι
2579 1552 2754 1622 φωναὶ
2794 1544 2977 1605 αὗται.
3021 1547 3081 1600 '0
3122 1545 3222 1616 μὲν
3249 1543 3357 1612 γὰρ
3390 1541 3537 1612 ἱερὸς
3573 1539 3682 1592 Κύ-

2105 1651 2283 1722 ρι).λος
2334 1648 2515 1720 ψυχῆς
2547 1647 2641 1700 καὶ
2677 1643 2949 1714 σώματος,
2987 1639 3048 1704 ὲξ
3076 1631 3151 1691 ὧν
3194 1639 3221 1690 ὁ
3267 1636 3347 1698 εἰς
3392 1632 3681 1703 ἄνθρωπος

2032 1735 2074 1790 Β
2106 1742 2471 1803 ἀποτελεῖται,
2525 1738 2625 1808 τὴν
2657 1735 2923 1805 διαφορὰν
2977 1729 3252 1800 ἠϐουλήθη
3299 1727 3386 1779 διὰ
3425 1725 3536 1777 τῶν
3589 1723 3681 1774 λέ-

2107 1835 2242 1901 ξεων
2275 1831 2627 1903 παραστῆσαι
2659 1844 2672 1858 ⁸
2702 1828 2782 1880 διὸ
2810 1825 2908 1878 καὶ
2953 1818 3132 1876 εἶπενο
3173 1821 3296 1873 Οὐκ
3341 1817 3458 1872 ἀνὰ
3499 1813 3683 1886 μέρος

2113 1930 2352 1996 τίθεμεν
2388 1923 2496 1988 τὰς
2519 1921 2771 1991 φύσεις,
2809 1917 2848 1985 η
2889 1916 2957 1969 δὲ
2995 1915 3246 1982 αἵρεσις,
3297 1910 3464 1979 φησίν
3491 1925 3507 1940 ο
3568 1904 3686 1959 ἀλλ’

2111 1995 2380 2088 ἐπήγαγε,
2424 2013 2580 2067 Μίαν
2613 2008 2752 2074 ἐνὸς
2779 2002 2932 2059 εἶναι
2960 2002 3240 2072 νοοῦμεν.
3277 2000 3386 2053 Kal.
3411 1997 3463 2051 τί
3492 1995 3684 2061 causa;

2109 2086 2238 2178 μίαν
2273 2105 2383 2174 γὰρ
2408 2100 2646 2156 ἐνταῦθα
2671 2097 2769 2168 τὴν
2803 2095 3103 2150 ὑπόστασιν
3140 2091 3255 2146 ἀλλ’
3294 2089 3354 2143 οὒ
3380 2089 3479 2158 τὴν
3521 2086 3684 2157 φύσιν

2106 2177 2249 2254 εἶπε.
2294 2195 2408 2250 Καὶ
2456 2193 2614 2247 τοῦτο
2651 2189 2983 2260 σαφέστερον
3031 2184 3318 2255 ἐδήλωσεν,
3365 2177 3682 2247 ἐπαγαγὼν

2106 2291 2188 2345 Δι’
2220 2287 2444 2359 ἀμφοῖν
2468 2285 2536 2339 δὲ
2576 2284 2644 2338 τὸ
2676 2281 2745 2336 ἓν
2771 2277 3198 2335 ἀποτελεῖσθαι
3227 2274 3393 2336 ζῶον.
3427 2271 3553 2336 Πῶς
3579 2270 3690 2342 γὰρ

2118 2383 2228 2442 οἷόν
2255 2387 2316 2439 τέ
2346 2387 2462 2438 ἐστι
2489 2383 2631 2437 νοεῖν
2663 2378 2915 2450 σώματος
2948 2377 3043 2428 καὶ
3067 2373 3246 2444 ψυχῆς
3287 2371 3418 2443 μίαν
3451 2369 3642 2424 οὐσίαν
3672 2383 3689 2431 ;

2107 2479 2219 2535 ἀλλ’
2260 2479 2362 2549 ὅρα
2393 2475 2555 2529 πάλιν
2581 2471 2776 2542 ἑτέραν
2804 2468 2990 2522 ἄνοιαν
3027 2467 3128 2536 τῆς
3174 2464 3441 2535 αἱρέσεως
3472 2477 3490 2496 ο
3514 2461 3696 2515 Νοεῖν

2110 2568 2264 2633 εἷπε,
2297 2548 2491 2639 φησιν,
2533 2563 2844 2633 οὐλέτειν.
2877 2559 3073 2614 Καίτοι
3112 2573 3177 2626 γε
3205 2555 3287 2620 τίς
3311 2555 3412 2607 οὐκ
3443 2548 3583 2605 οἶδεν
3615 2553 3695 2613 ὡς

2109 2665 2171 2718 τὸ
2201 2661 2383 2724 καλῶς
2404 2657 2698 2728 νοούμενον
2728 2655 2821 2709 καὶ
2851 2652 3033 2714 καλῶς
3055 2649 3298 2718 λέγεται,
3328 2647 3389 2700 τὸ
3417 2647 3476 2699 δὲ
3503 2643 3697 2708 κακῶς

2117 2752 2410 2824 νοούμενον
2435 2749 2558 2803 οὐδὲ
2591 2746 2847 2814 λέγεσθαι
2876 2744 3121 2808 δίκαιον;
3155 2741 3216 2793 El
3242 2740 3298 2792 δὲ
3325 2737 3457 2791 διότι
3491 2735 3645 2803 λέγει
3678 2748 3697 2765 ·

2111 2845 2272 2899 Μίαν
2303 2842 2441 2906 ἑνὸς
2488 2837 2768 2906 νοοῦμεν,
2823 2835 2883 2886 τὸ
2930 2834 2988 2887 δὲ
3033 2833 3180 2901 μίαν
3227 2829 3359 2885 καθ’
3395 2826 3553 2897 ἡμᾶς
3583 2825 3704 2892 τὴν

2113 2938 2304 3006 φύσιν
2328 2928 2502 2994 εἶπεν,
2555 2929 2649 2982 καὶ
2704 2926 2822 2989 ἑνὸς
2857 2925 2954 2994 μὲν
3009 2918 3150 2975 εἶναι
3199 2920 3339 2985 (dion
3402 2920 3566 2990 μόνον
3620 2915 3704 2968 δεῖ

2067 3071 2085 3090 ,
2117 3027 2279 3090 νοεῖν,
2315 3023 2494 3091 λέγειν
2520 3021 2577 3074 δὲ
2602 3017 2810 3079 οὐκέτι,
2862 3014 3058 3068 οὐκοῦν
3109 3013 3169 3066 οὐ
3217 3010 3324 3082 χρὴ
3353 3010 3533 3077 λέγειν
3571 3007 3706 3077 μίαν

2121 3117 2304 3187 φύσιν,
2360 3116 2409 3167 εἰ
2446 3113 2490 3145 ⁸³
2531 3111 2627 3164 καὶ
2661 3109 2802 3163 νοεῖν
2844 3123 2989 3160 τισιν
3020 3104 3225 3173 ἐπῆλθε
3257 3101 3439 3155 τοῦτο.
3485 3099 3612 3160 Πῶς
3645 3096 3704 3149 δὲ

2121 3207 2216 3262 καὶ
2239 3205 2400 3267 αὐτὸς
2422 3204 2560 3266 ὅλως
2588 3198 2742 3254 εἶπεν
2771 3198 2808 3253 ἃ
2836 3197 3021 3266 λέγειν
3043 3196 3142 3249 οὐκ
3174 3195 3316 3258 ἔδει;
3349 3190 3464 3247 ἀλλ’
3492 3192 3523 3244 ὁ
3549 3189 3708 3251 κενὸς

2121 3291 2279 3361 οὗτος
2302 3295 2513 3368 ἐρρέτω
2532 3295 2716 3364 λῆρος.
2741 3290 2913 3346 Πάλιν
2929 3289 3008 3352 δὲ,
3032 3288 3216 3359 φασιν,
3236 3287 3460 3356 εἴρηκεν
3481 3301 3496 3317 ·
3527 3285 3710 3337 Ὥστε

2122 3390 2197 3447 τὰ
2228 3390 2338 3445 δύο
2358 3387 2573 3458 μηκέτι
2595 3385 2712 3454 μὲν
2739 3385 2894 3438 εἶναι
2922 3383 3046 3448 δύο,
3087 3380 3164 3434 δι’
3194 3378 3418 3449 ἀμφοῖν
3447 3377 3517 3431 δὲ
3547 3376 3611 3430 τὸ
3640 3375 3712 3428 ἓν

2126 3479 2551 3538 ἀποτελεῖσθαι
2582 3475 2749 3537 ζῶον.
2789 3472 3002 3528 Οὐκοῦν
3031 3473 3130 3536 τὰς
3162 3471 3254 3526 δύο
3277 3470 3467 3540 φύσεις
3485 3469 3636 3538 λέγει
3663 3468 3711 3498 ⁸⁸

2131 3576 2206 3646 μὴ
2246 3574 2426 3644 μένειν
2454 3571 2534 3625 ἔτι
2569 3570 2662 3624 δύο
2693 3568 2904 3638 φύσεις.
2951 3568 3014 3620 Εἰ
3048 3566 3106 3619 δὲ
3140 3566 3234 3619 ἐπὶ
3282 3563 3378 3618 τοῦ
3452 3563 3712 3635 παραδεί-

2130 3681 2366 3735 γματος,
2389 3663 2542 3732 φασὶ,
2567 3661 2664 3723 τὰς
2690 3660 2782 3712 δύο
2812 3659 3003 3728 φύσεις
3035 3657 3098 3711 οὐ
3127 3655 3278 3724 λέγει
3295 3654 3574 3724 διαμένειν
3596 3654 3714 3718 δύο,

2130 3756 2376 3828 δηλονότι
2406 3756 2504 3808 καὶ
2537 3751 2890 3824 ὲπὶΧριστοῢ
2935 3750 3096 3804 τοῦτο
3145 3747 3458 3811 ἀκολούθως
3501 3746 3716 3818 θεωρη-

2133 3848 2380 3918 θήσεται.
2427 3846 2539 3900 Καὶ
2586 3845 2761 3898 ταῦτά
2790 3861 2922 3912 φασι
2975 3843 3050 3914 μὴ
3077 3842 3349 3904 συνιέντες
3369 3839 3589 3912 πρῶτον
3616 3837 3716 3907 μὲν

449 3940 680 4008 amplius
723 3951 844 3991 esse
893 3935 1046 4009 duos,
1081 3935 1158 3987 ait
1193 3951 1207 3990 :
1241 3934 1340 3986 hoc
1383 3940 1486 3997 est,
1528 3945 1631 3985 non
1665 3945 1728 3983 ex
1775 3935 1948 3998 parte,
1980 3942 2010 3982 e

2135 3940 2212 4003 ὡς
2241 3938 2362 4007 οὐχὶ
2410 3937 2591 3991 πάντα
2638 3937 2709 3989 τὰ
2755 3939 2812 3989 ὲν
2854 3936 2932 4006 τῷ
2980 3934 3386 4004 παραδείγματι
3435 3929 3559 4002 [411
3621 3929 3718 4001 IL]

451 4046 546 4100 per
580 4042 638 4082 se
679 4027 997 4088 subsistere,
1029 4023 1122 4078 sed
1147 4067 1160 4090 ,
1205 4031 1264 4076 ut
1309 4031 1466 4076 antea
1509 4021 1765 4085 diximus,
1805 4029 2011 4087 Ull'OQUl

2136 4029 2338 4098 ὀφείλει
2373 4029 2466 4081 καὶ
2507 4030 2564 4079 ὲν
2606 4026 2683 4096 τῷ
2712 4024 3338 4097 παραδειγματιζομένῳ
3367 4021 3718 4094 θεωρεῖσθαι,

453 4137 614 4175 umnn
643 4118 837 4172 animal
869 4117 1153 4172 constitui.
1185 4115 1251 4169 Et
1283 4113 1588 4179 considera,
1625 4112 1896 4182 quomodo
1927 4125 2011 4164 non

2137 4119 2390 4191 δεύτερον
2419 4119 2475 4171 δὲ
2512 4118 2595 4170 ὃτι
2628 4116 2690 4169 τὸ
2723 4118 2918 4186 μηκέτι
2948 4117 3047 4187 μὲν
3079 4111 3218 4168 εἶναι
3253 4115 3346 4167 δύο
3377 4109 3522 4175 εἷπε,
3560 4129 3723 4166 τουτ-

450 4230 516 4268 ex
545 4222 799 4281 utroque,
848 4211 940 4266 sed
990 4225 1084 4280 per
1133 4218 1364 4277 utraque
1403 4207 1496 4262 liat
1533 4205 1755 4260 anitnal.
1814 4202 2004 4273 Signill

2143 4212 2258 4266 ἐστι
2285 4211 2359 4282 μὴ
2381 4209 2487 4262 ἀνὰ
2521 4208 2686 4278 μέρος
2717 4208 2812 4262 καὶ
2843 4206 3226 4269 ῐδιοσυστάτως
3261 4205 3552 4276 ὑπάρχειν,
3581 4204 3721 4269 ἀλλ’,

453 4321 584 4362 cans
652 4313 937 4373 utramque
1020 4309 1268 4354 naturam
1318 4300 1371 4352 in
1435 4297 1764 4353 absolvendo
1817 4293 2011 4350 animal

2143 4303 2218 4364 ὡς
2268 4303 2516 4371 προεῖπε,
2566 4297 2635 4350 δι’
2681 4299 2885 4368 ἀμφοῖν
2927 4298 2988 4350 τὸ
3037 4297 3093 4349 ἓν
3128 4295 3514 4350 ἀποτελεῖσθαι
3558 4294 3717 4358 ζῶον.

455 4395 789 4452 conservari.
818 4391 1044 4460 Quando
1070 4391 1198 4464 quid
1225 4390 1501 4459 prohibuit
1525 4405 1618 4459 per
1643 4389 1732 4443 illo
1759 4403 1852 4458 per
1882 4396 2011 4441 utra

2143 4393 2256 4447 Καὶ
2289 4380 2480 4447 σκόπει
2511 4389 2586 4454 ὡς
2616 4389 2717 4443 οὐκ
2757 4391 2815 4457 ἐξ
2842 4390 3048 4459 ἀμφοῖν
3081 4388 3217 4443 ἀλλὰ
3246 4389 3314 4442 δι’
3345 4388 3550 4459 ἀμφοῖν
3579 4387 3717 4441 ἀπο-

452 4505 552 4547 oue
589 4489 788 4548 dicere,
817 4501 915 4556 pro
953 4499 1112 4538 uuam
1142 4497 1304 4536 unum
1334 4481 1520 4553 perlici
1551 4480 1770 4534 animal.
1797 4479 1852 4533 Si
1887 4478 2032 4533 enim

458 4584 581 4637 bina
617 4583 742 4636 bina
777 4595 880 4632 non
925 4585 1204 4642 maneant,
1232 4576 1285 4630 in
1329 4590 1489 4629 unam
1542 4581 1911 4628 convenerunt
1940 4585 2036 4624 na-

460 4688 660 4736 turam,
691 4689 786 4742 per
828 4687 991 4724 unam
1023 4669 1127 4724 dici
1155 4668 1439 4738 oportebat
1489 4667 1602 4720 ﬁeri
1629 4705 1643 4730 ,
1675 4664 1871 4734 250a
1921 4663 2037 4716 ani-

459 4767 566 4818 mal
607 4779 793 4827 unum,
828 4773 874 4813 et
913 4775 1085 4830 neque
1129 4762 1323 4814 iterum
1361 4759 1518 4821 dixit,
1555 4773 1618 4810 ea:
1681 4765 1901 4824 utroque
1929 4770 2036 4808 una

460 4868 650 4912 natura
707 4854 939 4922 perfecta
993 4862 1092 4916 est,
1162 4851 1254 4904 sed
1306 4866 1471 4904 unum
1521 4849 1718 4903 animal
1785 4850 1884 4902 hoc
1936 4854 2036 4910 est,

462 4960 712 5016 persona.
751 4943 815 4997 Et
854 4952 1002 4997 recte
1047 4958 1151 4996 non
1191 4939 1325 4994 dixit
1363 4956 1376 4994 :
1413 4938 1528 4992 Una
1571 4948 1759 4992 natura
1817 4937 2044 5006 perfecta

461 5047 556 5090 est.
588 5034 699 5090 l'loe
731 5034 874 5087 enim
933 5045 1181 5085 asserere
1213 5029 1526 5100 Apollinarii
1576 5029 1798 5082 haeresis
1823 5035 1923 5088 est,
1952 5024 2044 5093 qui

463 5128 600 5180 dixit
637 5144 650 5180 :
696 5123 879 5178 Mistio
908 5124 1086 5176 divina
1117 5121 1253 5175 Deus
1284 5130 1332 5175 et
1357 5122 1510 5174 homo
1533 5135 1692 5173 unam
1723 5128 1768 5171 et
1797 5118 2034 5169 eamdem

463 5227 733 5281 naturam,
769 5223 823 5269 et
849 5213 1097 5285 quamvis
1129 5213 1180 5265 in
1221 5212 1391 5282 prima
1429 5211 1493 5262 ad
1541 5208 1872 5262 Succensqu
1936 5205 2046 5274 epi-

467 5310 602 5363 stola
635 5310 700 5362 de
729 5309 918 5362 eodem
949 5305 1195 5372 exemplo
1223 5302 1331 5371 agit
1359 5318 1372 5355 :
1409 5298 1496 5363 Et,
1541 5301 1584 5352 si
1612 5299 1832 5361 videtur,
1865 5296 2043 5364 capia-

469 5412 585 5450 mus
628 5396 848 5463 exempli
883 5393 1056 5466 gratia
1109 5392 1276 5445 nostri
1311 5389 1753 5458 compositionem,
1804 5401 1908 5454 qua
1950 5385 2044 5436 Ito-

2141 4486 2414 4540 τελεῖσθαι
2444 4484 2602 4549 ζῶον,
2643 4483 2923 4554 σημαίνων
2949 4483 3022 4546 ὡς
3049 4482 3288 4553 ἑκατέρα
3331 4481 3494 4552 φύσις
3545 4483 3605 4535 ὲν
3647 4481 3722 4550 τῷ

2146 4577 2563 4631 ἀποτελεσθέντι
2610 4575 2844 4641 σώζεται
2889 4575 3036 4646 ζώῳ.
3079 4576 3232 4629 Ἐπεὶ
3253 4575 3305 4628 τί
3339 4573 3576 4628 ἐκώλυεν
3607 4573 3723 4626 ἀντὶ

2141 4666 2234 4720 τοῦ
2257 4665 2332 4719 δι’
2359 4664 2583 4734 ἀμφοῖν
2618 4667 2792 4718 εἰπεῖν
2813 4664 2893 4717 ὅτι
2925 4664 3011 4717 διὰ
3045 4665 3172 4733 μιᾶς
3206 4663 3268 4716 τὸ
3296 4662 3354 4715 ἓν
3385 4661 3722 4730 ἀπετελέσθη

2144 4754 2289 4819 ζῶν;
2332 4755 2390 4806 Ei
2424 4753 2534 4826 γὰρ
2569 4754 2625 4807 αἱ
2652 4751 2746 4806 δύο
2777 4754 2959 4806 οὐκέτι
2993 4753 3213 4822 μένουσι
3250 4751 3366 4815 δύο,
3395 4753 3476 4815 εἱς
3516 4754 3648 4822 μίαν
3672 4753 3725 4806 δὲ

2151 4846 2413 4914 συνῆλθον
2452 4845 2634 4915 φύσιν,
2670 4845 2799 4917 [788
2841 4844 2934 4918 IL]
2963 4845 3049 4898 διὰ
3083 4847 3210 4916 μιᾶς
3243 4844 3349 4898 ἔδει
3379 4845 3542 4914 φάναι
3573 4845 3637 4898 τὸ
3673 4845 3726 4899 ἒν

2146 4933 2529 4988 ἀποτελεῖσθαι
2553 4934 2710 4999 ζῶον.
2744 4935 2854 4987 Καὶ
2880 4934 3000 4988 οὐδὲ
3033 4935 3193 4989 πάλιν
3220 4931 3368 5000 εἷπε,
3390 4935 3470 4988 Δι’
3502 4934 3727 5004 ἀμφοῖν

2146 5026 2185 5094 ἡ
2228 5026 2336 5094 μία
2369 5027 2556 5094 φύσις
2595 5024 2997 5094 ἀπετελέσθη,
3027 5025 3163 5079 ἀλλὰ
3197 5027 3257 5080 τὸ
3285 5025 3343 5080 ἓν
3375 5025 3538 5090 ζῶον,
3571 5042 3726 5079 τουτ-

2147 5113 2298 5168 έστιν
2323 5115 2355 5186 ἠ
2390 5115 2709 5177 ὑπόστασις.
2741 5115 2849 5166 Καὶ
2875 5113 3058 5178 καλῶς
3091 5116 3193 5168 οὐκ
3220 5112 3368 5179 εἷπε,
3391 5115 3511 5168 Μία
3545 5116 3727 5184 φύσις

2149 5204 2529 5271 ἀπετελέσθη
2557 5220 2572 5234 ⁸
2616 5204 2675 5257 τὸ
2699 5204 2806 5276 γάρ
2837 5205 3017 5273 λέγειν
3040 5205 3197 5259 τοῦτο
3222 5207 3320 5276 τῆς
3347 5205 3726 5278 Ἀπολιναρίου

2151 5296 2334 5366 λώϐης
2359 5293 2404 5327 ⁸⁸
2440 5295 2610 5360 ἐστὶν,
2635 5294 2694 5357 ὃς
2725 5295 2853 5365 ἔφη’
2886 5297 3062 5360 Milite
3085 5297 3383 5352 deasceato.
3431 5297 3577 5362 Θεὸς
3634 5296 3726 5348 καὶ

2152 5387 2463 5453 ἅνθρωπος
2491 5387 2640 5454 μίαν
2671 5385 2769 5440 καὶ
2813 5387 2927 5453 τὴν
2954 5388 3148 5457 αὐτὴν
3183 5387 3517 5443 ἀπετέλεσε
3548 5389 3594 5421 ⁸⁸
3621 5389 3728 5457 ερύ-

1771 5499 2005 5557 VARl/E
2042 5502 2444 5558 LECTIONES.

570 5603 610 5636 θ’
645 5605 729 5657 ἐπ’
775 5606 814 5656 Α
855 5623 866 5656 :
909 5603 998 5654 ὑπ’
1032 5621 1091 5666 ς.
1167 5600 1214 5633 ⁸³
1248 5600 1294 5652 εἰ
1351 5598 1471 5652 add.
1517 5598 1576 5651 Λ.

474 5674 636 5727 λεσαν
663 5682 724 5726 Α.

1672 5596 1892 5666 1³⁴⁵λέγει
1946 5609 2084 5649 corr.
2114 5597 2156 5648 A
2185 5615 2195 5649 :
2221 5595 2397 5664 λέγειν
2440 5613 2501 5660 ς.

2602 5595 2649 5629 ⁸⁸
2678 5597 2860 5669 λώϐης
2884 5598 2926 5651 Α
2982 5617 2993 5651 :
3063 5598 3233 5668 λάϐης
3265 5617 3324 5662 ς.
3461 5598 3508 5632 ⁸⁸
3533 5599 3725 5654 ἁπετέο
