3972 6248
396 264 510 332 975
1548 264 1813 326 PHOTII
1850 263 2358 325 PATRIARCHE
2395 264 2504 326 CP.
3553 270 3654 335 976

395 385 541 440 clare
564 385 726 439 etiam
762 393 882 454 post
905 380 1646 461 incarnationemutriusque
1676 382 1973 446 unitorum,

2080 379 2523 436 ὑποκεκλέπται
2548 393 2562 407 ⁸
2611 379 2839 435 οὐκοῦν
2869 378 3207 450 ἀναγκαίως
3238 378 3500 441 σώζεται.
3546 385 3656 439 Καὶ

395 488 523 532 ante
552 476 688 530 dixit
710 479 942 529 manere’
967 474 1019 528 in
1049 473 1139 540 iis,
1167 488 1288 543 qua:
1320 474 1615 530 secundum
1655 483 1924 528 naturam.

2083 468 2359 540 ἀνωτέρω·
2377 470 2505 523 Κάν
2536 467 2660 534 τοῖς
2700 467 2812 536 τῆς
2840 468 3187 533 συνθέσεως
3228 472 3433 538 λόγοις
3476 470 3657 526 ἐνυπ-

395 569 565 638 άρχει
594 567 661 621 τὸ
695 566 987 635 διάφορον
1012 565 1164 620 κατὰ
1188 567 1381 631 φύσιν
1403 565 1526 621 τῶν
1544 568 1627 633 εις
1665 566 1919 633 ἑνότητα
1935 561 2524 633 συγκεκομισμένων.
2550 560 2676 633 [789
2707 561 2800 633 IL]
2833 562 2942 615 Καὶ
2969 562 3225 633 ἀλλαχοῦ
3252 565 3334 617 Οὐ
3364 561 3655 635 πέφυρται

388 663 544 716 κατὰ
571 660 769 726 τοῦτο,
792 659 943 713 κατὰ
965 659 1034 714 τὸ
1055 660 1312 729 ἐκείνοις
1328 661 1552 716 δοκοῦν
1571 678 1585 692 ⁸
1608 661 1748 715 οὔτε
1758 660 1886 731 μὴν
1904 660 1991 724 εις
2002 656 2119 727 τὴν
2144 657 2254 727 τῆς
2272 658 2496 727 σαρκὸς
2511 657 3227 727 φύσινμεταπεφοίτηκεν
3248 657 3287 725 ἠ
3317 658 3423 712 τοῦ
3446 661 3654 729 λόγου·

387 753 524 807 ἀλλ’
584 751 729 806 οὐδὲ
783 752 822 819 ἡ
857 750 969 820 τῆς
1002 752 1263 820 σαρκὸς
1327 753 1532 822 sle-ripe
1577 751 1765 806 αὐτοῦ
1789 767 1804 781 ⁸
1834 750 1977 805 ἀλλ’
2008 749 2079 803 ἐν
2108 748 2353 818 ἰδιότητι
2380 749 2531 805 κατὰ
2580 751 2770 819 φύσιν
2802 749 3087 819 ἑκατέρου
3124 824 3125 827 η
3143 749 3437 817 μένοντος
3461 767 3526 804 τε
3559 753 3655 806 καὶ

386 841 743 911 νοουμένου,
772 842 810 911 ἡ
832 843 1090 913 ἇρῤητος
1113 842 1213 898 καὶ
1234 844 1541 912 ἄφραστος
1567 842 1789 907 ἔνωσις
1815 842 1966 912 μίαν
1990 841 2138 910 ἡμῖν
2168 839 2401 907 ἔδειξεν
2428 842 2565 896 Υἱοῦ
2602 841 3007 910 φύσινβτλὴν,
3041 842 3121 907 ὡς
3143 841 3320 911 ἔφην,
3350 855 3658 910 σεσαρκω-

380 938 600 1008 μένην.
648 938 778 993 Ἰδοὺ
800 939 1052 1011 φανερῶς
1070 941 1163 994 καὶ
1200 941 1338 1012 μετὰ
1364 941 1462 1010 τὴν
1500 940 1774 1012 σάρκωσιν
1802 937 2060 1009 ἑκάτερον
2088 938 2133 969 ⁸⁵
2159 937 2268 991 τῶν
2298 937 2608 992 ἑνωθέντων
2636 939 2694 991 ἐν
2716 939 2828 1001 τοῖς
2851 937 2994 991 κατὰ
3025 936 3185 1007 φύσιν
3220 935 3402 1005 μένειν
3426 931 3549 990 εἷπε
3588 938 3656 993 ’⁸.

459 1050 705 1122 Scriptor
728 1054 842 1109 haec
875 1070 1141 1111 enarrans
1174 1057 1388 1121 scribit,
1417 1067 1475 1111 ut
1508 1054 1972 1113 cousubstantiale

2147 1055 2333 1110 Ταῦτα
2364 1057 2590 1112 διελθὼν
2617 1060 2646 1112 6
2688 1055 3036 1128 συγγραφεύς
3074 1072 3209 1126 φησι
3261 1054 3362 1126 μὲν
3403 1053 3480 1117 ὡς
3526 1057 3657 1124 ὁμο-

388 1144 849 1199 consubstantiali
900 1146 1199 1201 secundum
1251 1147 1569 1217 hypostasin
1616 1161 1720 1202 non
1764 1146 1970 1210 unitur,

2080 1148 2256 1202 οὑσιον
2285 1149 2385 1219 μὲν
2420 1149 2695 1221 ὁμοουσίῳ
2748 1148 2873 1202 καθ’
2928 1148 3232 1202 ὑπόστασιν
3288 1147 3387 1216 οὑχ
3441 1145 3659 1199 ἑνοῦται

350 1236 353 1237 ⁷
388 1249 564 1303 neque
587 1237 734 1290 enim
769 1236 952 1291 anima
980 1236 1177 1291 animae
1206 1237 1261 1291 in
1293 1252 1525 1306 persona
1555 1236 1764 1299 unitur,
1798 1249 1973 1304 neque

2080 1239 2218 1306 [οὐδὲ
2250 1241 2361 1311 γὰρ
2392 1240 2541 1310 ψυχὴ
2568 1240 2715 1311 ψυχῇ
2757 1240 2881 1294 καθ’
2936 1240 3236 1293 ὑπόστασιν
3264 1236 3503 1301 ἑνοῦται,
3534 1235 3659 1289 οὔτε

388 1339 587 1393 corpus
608 1328 842 1396 corpori.
874 1326 1006 1392 Qua:
1032 1343 1163 1383 vero
1200 1328 1413 1383 diversa
1445 1326 1747 1382 substantia
1772 1326 1968 1380 uniun-

2080 1330 2238 1400 σῶμα
2259 1328 2519 1400 σώματι),
2546 1332 2615 1384 τὰ
2635 1330 2693 1384 δὲ
2722 1331 3040 1401 ἑτεροοὺσια
3059 1330 3105 1362 ⁸⁷
3133 1329 3397 1400 ἐνούμενα
3412 1327 3510 1397 τὴν
3536 1325 3659 1380 καθ’

391 1425 502 1481 tur,
552 1432 795 1484 persona:
847 1417 1112 1473 unitatem
1154 1418 1460 1482 absolvunt,
1516 1417 1571 1472 in
1612 1431 1778 1472 unam
1825 1415 1971 1471 enim

2080 1421 2381 1475 ὑπόστασιν
2418 1421 2611 1475 ἕνωσιν
2640 1422 2897 1476 ἀποτελεῖ
2928 1437 2941 1451 ⁸
2976 1422 3057 1484 εἰς
3084 1420 3214 1491 μίαν
3236 1418 3294 1472 δὲ
3326 1418 3514 1479 οὐσίας
3532 1432 3662 1470 ταυ-

388 1507 710 1563 substantiae
748 1511 1160 1580 proprietatem,
1197 1525 1319 1579 quae
1344 1525 1408 1564 ex
1448 1509 1658 1564 unitate
1695 1516 1826 1563 sunt
1865 1522 1970 1562 non

2080 1513 2275 1584 τότητα
2311 1512 2379 1566 τὰ
2431 1514 2497 1566 ἐκ
2536 1515 2638 1582 τῆς
2667 1511 2918 1576 ὲνὼσεως
2949 1512 3012 1566 οὑ
3062 1510 3349 1582 τρέπεται.
3398 1509 3563 1561 ’Ὥστε
3610 1508 3661 1561 ει

386 1610 799 1655 convertuntur.
828 1600 1029 1667 Quare,
1063 1602 1111 1658 si
1137 1602 1407 1669 volumus,
1433 1616 1597 1655 unam
1635 1601 1970 1655 incantatam

2080 1604 2406 1676 βουλοίμεθα
2445 1605 2544 1676 τὴν
2597 1605 2728 1675 μίαν
2759 1605 2925 1675 φύσιν
2960 1603 3057 1658 τοῦ
3089 1602 3227 1657 Θεοῦ
3256 1602 3431 1670 Λόγου
3464 1617 3663 1671 σεσαρ-

388 1690 551 1746 Verhi
592 1698 864 1758 naturam,
905 1693 958 1748 id
982 1702 1085 1758 est,
1119 1709 1282 1748 unam
1307 1707 1618 1759 personam,
1645 1692 1698 1746 in
1730 1692 1968 1761 seipsam

2080 1697 2361 1768 κωμένην,
2405 1698 2653 1752 τουτέστι
2707 1700 2805 1767 τὴν
2862 1697 2993 1768 μίαν
3039 1696 3372 1759 ὑπόστασιν,
3431 1710 3664 1763 κρατυν-

389 1783 745 1849 invalescerc,
779 1784 1125 1855 agnoscimus
1171 1786 1448 1840 imitorum
1484 1785 1539 1839 in
1576 1793 1772 1839 natura
1815 1784 1970 1839 (litie-

2080 1786 2256 1856 θῆναι,
2291 1787 2349 1840 ὲν
2371 1786 2510 1858 αὑτῇ
2550 1786 2895 1858 γνωρίζομεν
2922 1785 3032 1839 τῶν
3060 1784 3372 1839 ἑνωθέντων
3399 1782 3500 1853 τὴν
3532 1781 3665 1836 κατ’

388 1876 641 1940 rentiam,
689 1891 853 1931 unam
901 1877 1065 1947 igitur
1097 1875 1261 1932 Verbi
1307 1877 1649 1933 incarnatam
1694 1886 1966 1942 naturam,

2080 1877 2267 1931 οὐσίαν
2294 1877 2587 1947 διαφοράν.
2620 1878 2730 1948 Τὴν
2764 1872 2859 1930 οῦν
2909 1876 2957 1908 ⁸⁸
3001 1875 3131 1946 μίαν
3170 1872 3332 1945 φύσιν
3376 1872 3472 1925 τοῦ
3525 1869 3664 1924 Θεοῦ

393 1981 554 2020 unam
601 1966 957 2038 intelligimus
991 1983 1298 2038 personam.
1335 1968 1391 2023 Si
1424 1970 1568 2024 cnim
1612 1984 1775 2024 unam
1812 1977 1978 2025 natu-

389 2068 505 2108 ram
537 2055 878 2109 incarnatam
903 2063 1232 2122 asserentes,
1261 2057 1480 2127 proprie
1514 2066 1768 2111 naturam
1794 2057 1976 2112 incar-

390 2134 574 2200 natam
610 2145 984 2215 intelligimus,
1020 2144 1235 2200 Patrem
1269 2156 1324 2201 et
1350 2147 1616 2217 Spiritum
1661 2148 1976 2204 incarnatos

388 2237 707 2292 asscrimus.
756 2237 870 2292 Una
916 2237 1064 2293 cnim
1104 2246 1189 2291 cst
1232 2239 1536 2308 eademque
1584 2248 1777 2294 natura
1828 2239 1972 2305 Filii,

388 2327 564 2383 Patris
586 2343 651 2383 ac
706 2328 945 2398 Spiritus
1008 2330 1234 2384 sancti:
1275 2345 1465 2385 verum
1516 2330 1974 2386 considerandum

388 2417 518 2471 illud
549 2419 879 2473 accuratius.
917 2419 1023 2474 Sed
1056 2419 1281 2474 haeresis
1309 2419 1441 2489 quid
1463 2420 1702 2475 astruit?
1735 2419 1977 2473 Duarum

388 2524 704 2564 naturarum
746 2511 1000 2564 anitatem
1040 2511 1328 2565 asserimus
1357 2523 1471 2579 post
1500 2527 1667 2565 unam
1702 2512 1973 2566 unionem.

390 2598 593 2656 Verum
643 2603 691 2657 si
714 2613 967 2658 naturain
1007 2613 1063 2658 et
1111 2604 1419 2659 essentiam
1448 2604 1659 2670 dicunt,
1701 2605 1977 2671 quomodo

392 2709 498 2749 non
530 2694 903 2751 confusionem
931 2704 986 2750 et
1014 2694 1645 2752 consubstantialitatem
1680 2696 1976 2751 sentientes

391 2785 702 2855 capiuntur.
737 2784 797 2840 Si
837 2801 968 2841 vero
1006 2801 1172 2841 unam
1224 2802 1531 2857 personam.
1562 2787 1647 2842 vel
1688 2803 1851 2842 unam
1881 2788 1978 2855 hy-

390 2878 636 2946 postasin
676 2885 825 2932 recte
865 2886 1141 2942 astruunt,
1185 2887 1523 2946 cognoscant
1567 2876 1766 2947 251a
1822 2893 1975 2933 suru-

393 2985 538 3025 mam
570 2979 625 3024 et
654 2969 941 3025 indivisam
973 2970 1261 3034 unitatem,
1289 2985 1463 3039 neque
1493 2970 1767 3039 suscipere
1789 2971 1978 3026 sectio-

396 3073 518 3112 nem
582 3058 874 3124 unitatum,
931 3074 1109 3129 neque
1162 3058 1561 3121 confusionem,
1615 3075 1793 3130 neque
1850 3076 1979 3115 con-

2054 1968 2252 2037 ’Λόγου
2288 1970 2722 2041 σεσαρκωμένην
2763 1968 2894 2046 μίαν
2942 1966 3251 2043 ’ὑπόστασιν
3296 1963 3549 2033 νοοῦμεν.
3600 1963 3665 2015 El

2076 2060 2187 2131 γὰρ
2222 2059 2353 2131 μίαν
2394 2060 2557 2127 φύσιν
2587 2058 3019 2131 σεσαρκωμένην
3049 2057 3294 2117 εἰπόντες
3326 2053 3424 2125 τὴν
3459 2052 3667 2123 κυρῖως

2076 2152 2238 2222 φύσιν
2282 2152 2714 2223 σεσαρκωμένην
2749 2151 3041 2222 νοὴσομεν,
3084 2148 3175 2202 τὸν
3216 2147 3434 2217 Πατέρα
3477 2144 3573 2198 καὶ
3606 2143 3669 2198 τὸ

2079 2243 2350 2311 πανάγιον
2406 2241 2631 2313 Πνεῦμα
2698 2241 3122 2312 σεσαρκωμένον
3192 2238 3523 2308 εἰσφέρομεν
3553 2250 3568 2265 ⁸
3632 2236 3669 2304 ἡ

2076 2334 2216 2406 αὑτὴ
2249 2335 2355 2406 γὰρ
2395 2333 2557 2403 φύσις
2593 2332 2725 2387 Υῑοῦ
2766 2334 2862 2387 καὶ
2893 2332 3111 2402 Πατρδς
3155 2330 3250 2384 καὶ
3299 2331 3457 2397 ἁγίου
3496 2328 3669 2381 Πνεὺ·

2080 2439 2271 2491 ματος.
2315 2421 2477 2476 Ἀλλὰ
2524 2423 2685 2476 τοῦτο
2723 2423 2821 2491 μὲν
2857 2419 3252 2492 ἀκριϐέστερον
3281 2415 3665 2472 ἐπισκεπτέον.

2090 2514 2155 2567 Ἦ
2200 2512 2256 2567 δὲ
2303 2513 2515 2586 αἵρεσις
2555 2513 2607 2568 τί
2648 2530 2817 2585 φησι;
2856 2514 2973 2566 Δύο
3012 2512 3131 2581 μὲν
3166 2512 3412 2580 φύσεων
3442 2508 3670 2562 ἕνωσιν

2075 2604 2359 2674 λέγομεν,
2396 2604 2550 2674 μετὰ
2596 2603 2663 2657 δὲ
2700 2603 2818 2672 τὴν
2855 2604 3078 2658 ἕνωσιν
3099 2603 3269 2673 μίαν.
3312 2600 3452 2654 Ἀλλ’
3482 2601 3532 2652 εἱ
3564 2599 3669 2669 μὲν

2077 2696 2241 2765 φύσιν
2294 2698 2393 2750 καὶ
2435 2698 2624 2752 οὐσίαν
2671 2697 2914 2764 λέγουσι,
2969 2695 3086 2758 πῶς
3137 2695 3198 2748 οὑ
3250 2691 3528 2762 σύμφυσιν
3569 2690 3672 2742 καὶ

2079 2788 2436 2840 συνουσιωσιν
2489 2785 2822 2857 φρονοῦντες
2867 2780 3216 2849 ἁλίσκονται;
3270 2782 3332 2835 Εἰ
3386 2780 3444 2832 δὲ
3496 2778 3671 2847 πρόσ-

2076 2895 2226 2933 ωπον
2254 2877 2313 2932 ἓν
2343 2878 2378 2949 ἦ
2410 2877 2711 2932 ὑπόστασιν
2743 2876 2897 2947 μίαν,
2955 2874 3138 2938 καλῶς
3189 2890 3344 2942 φασι.
3396 2872 3434 2923 Γ
3441 2868 3673 2923 tumenti-

2076 2986 2259 3024 τωσαν
2289 2968 2348 3024 δὲ
2374 2970 2450 3033 ὡς
2494 2970 2529 3040 ἡ
2579 2969 2726 3041 ἄκρα
2774 2969 2869 3022 καὶ
2923 2968 3244 3028 esteorum;
3293 2964 3487 3027 ἓνωσις
3538 2959 3670 3014 οῦτε

2076 3060 2250 3132 τομὴν
2305 3059 2614 3130 ἐπιδέχεται
2660 3060 2769 3113 τῶν
2796 3056 3107 3113 ἑνωθέντων
3141 3054 3265 3109 οὔτε
3318 3053 3584 3123 σύγχυσιν
3632 3048 3668 3120 ἢ

394 3145 934 3202 substantialitatem.
969 3146 1061 3201 Sic
1088 3147 1232 3201 enim
1261 3146 1494 3201 aﬂirmat
1525 3147 1712 3202 beatus
1741 3146 1974 3219 Cyrillus

2085 3152 2462 3207 auvouattbatv.
2499 3152 2656 3207 Οῦτω
2684 3152 2793 3222 γάρ
2828 3167 2963 3222 φησι
3009 3149 3107 3203 καὶ
3144 3148 3173 3200 6
3216 3149 3275 3200 ἐν
3321 3144 3517 3250 ἁγίοις⁹
3547 3140 3681 3195 K6-

394 3237 783 3291 Commentario
827 3238 885 3290 in
915 3235 1175 3291 Joannem
1205 3254 1224 3291 :
1260 3236 1408 3292 Unus
1435 3248 1507 3291 est
1546 3237 1718 3292 Filius
1745 3248 1794 3292 et
1823 3238 1975 3294 Citrio

392 3340 527 3396 stus,
560 3330 866 3384 divisionem
902 3346 1005 3383 non
1032 3329 1313 3383 admittens
1344 3331 1398 3383 in
1428 3330 1835 3394 Immanitatem,
1879 3333 1981 3387 nisi

391 3421 530 3493 quod
566 3421 737 3475 dicere
784 3421 853 3473 ad
900 3421 1241 3475 dividendum
1291 3422 1462 3475 solum
1506 3419 1660 3476 Verbi
1706 3434 1757 3478 et
1802 3424 1979 3479 carnis

396 3528 667 3579 naturam,
713 3530 815 3568 non
852 3516 1092 3570 eamdem
1137 3528 1250 3568 esse
1298 3514 1584 3582 cognitam.
1629 3512 1981 3585 Rursumque

394 3606 461 3659 ad
498 3607 780 3677 Eulogium
830 3608 1077 3663 scribens
1125 3621 1139 3658 :
1172 3606 1240 3661 Et
1274 3607 1408 3662 illud
1444 3624 1547 3662 non
1587 3606 1852 3677 ignorent,
1891 3609 1980 3663 ubi

395 3699 535 3750 enim
565 3697 691 3751 unio
721 3699 1049 3765 nominatur,
1087 3715 1191 3753 non
1219 3699 1377 3752 unius
1423 3698 1499 3752 rei
1547 3698 1787 3754 collectio
1818 3700 1985 3769 signi-

400 3790 615 3853 ﬁcatur,
648 3788 738 3841 sed
788 3788 1036 3854 duarum,
1069 3789 1145 3843 vel
1172 3788 1430 3857 plurium,
1461 3801 1509 3843 et
1557 3789 1623 3843 ab
1648 3790 1866 3845 invicem
1893 3791 1981 3845 di-

402 3894 692 3954 versarum.
730 3878 1003 3948 Siquidem
1035 3881 1294 3933 unitatem
1332 3881 1554 3935 dicimus
1584 3895 1602 3935 :
1635 3880 1980 3950 Conﬁtentur,

400 3971 579 4023 carnis
611 3971 861 4025 animum:
896 3972 1166 4041 perspicue
1208 3981 1255 4025 et
1293 3969 1451 4026 Verbi
1481 3972 1627 4042 facta
1654 3984 1729 4028 est
1751 3974 1896 4031 unio.
1919 3974 1985 4032 Ει

395 4077 616 4118 rursum
645 4077 710 4118 ex
737 4063 927 4118 eadem
952 4063 1100 4118 verbi
1130 4064 1344 4118 actione
1368 4081 1383 4120 :
1412 4063 1551 4130 Quid
1570 4082 1723 4136 agas,
1746 4068 1981 4136 quando,

394 4151 484 4219 qui
539 4161 732 4204 natura
775 4149 941 4215 nobis,
985 4164 1102 4203 cum
1140 4150 1360 4218 simplex
1395 4163 1491 4217 est,
1540 4153 1712 4205 evadit
1746 4153 1985 4223 duplex?

398 4242 464 4296 Et
515 4242 713 4297 millies
762 4242 1071 4298 invenietur
1117 4254 1341 4299 saueius
1388 4244 1471 4297 vir
1518 4243 1768 4300 conliteri
1814 4261 1981 4301 unum

400 4327 677 4383 ChriStum
706 4343 737 4382 a
770 4328 1340 4384 consubstantialitatc
1379 4328 1558 4386 Patris
1580 4341 1635 4386 et
1666 4334 1837 4388 nostri
1874 4348 1984 4389 non

397 4414 727 4484 discrepare.
749 4415 1166 4486 Amphilochius
1199 4431 1437 4488 quoque,
1472 4417 1638 4474 lcouii
1670 4422 1981 4502 episcopus,

2083 3245 2259 3315 ριλλος
2281 3246 2339 3299 ὲν
2358 3244 2437 3315 τῷ
2462 3244 2613 3299 κατὰ
2628 3241 2909 3311 Ἰωάννην
2921 3239 3347 3310 Ὑπσμνήματν
3367 3231 3472 3302 Εἷς
3490 3235 3672 3289 ἐστιν

2080 3339 2115 3391 ὁ
2156 3336 2288 3402 Υἱὸς
2319 3335 2421 3390 καὶ
2446 3335 2723 3405 Χριστὸς,
2750 3332 2945 3404 τομὴν
2977 3334 3091 3389 οὐκ
3114 3330 3272 3400 ἔχων
3300 3328 3398 3383 διὰ
3429 3326 3550 3396 τὴν
3576 3327 3673 3380 ἐν·

2079 3427 2491 3497 ανθρώπησιν,
2544 3425 2716 3494 πλὴν
2750 3424 2904 3479 ὅσον
2942 3421 3136 3479 εἰπεῖν
3183 3424 3270 3487 εἰς
3307 3420 3374 3474 τὸ
3409 3417 3675 3473 διαστεῖ-

2078 3520 2183 3573 λιιι
2209 3517 2409 3587 μόνον
2440 3517 2637 3586 Λόγου
2671 3531 2736 3569 τε
2774 3514 2876 3569 καὶ
2904 3514 3135 3582 σαρκὸς
3174 3512 3390 3582 φύσιν,
3436 3512 3511 3564 οὐ
3549 3509 3673 3578 τὴν

2080 3609 2280 3679 αὐτὴν
2306 3603 2507 3665 οὖσαν
2553 3609 2643 3674 εὶς
2688 3605 2938 3677 γνῶσιν.
2984 3605 3094 3658 Καὶ
3134 3603 3296 3659 πάλιν
3324 3601 3462 3674 πρὸς
3497 3601 3673 3655 Εὑλό-

2082 3718 2201 3771 γιον
2247 3700 2499 3771 γράφων,
2519 3698 2778 3754 Κάκεῒνο
2827 3696 2958 3771 [415
2995 3695 3092 3769 Η.]
3132 3694 3203 3750 δὲ
3228 3694 3317 3765 μὴ
3352 3694 3673 3764 ἀγνοείτω-

2085 3807 2212 3849 σαν
2248 3811 2263 3826 ⁸
2316 3792 2471 3848 ὅπου
2521 3793 2632 3862 γὰρ
2688 3790 2909 3857 ὃνωσις
2949 3788 3316 3859 ὀνομάζεται,
3370 3788 3487 3841 οὐκ
3526 3785 3673 3853 ἑνὸς

2084 3885 2430 3955 πράγματος
2453 3884 2810 3954 σημαίνεται
2847 3881 3132 3948 σύνοδος,
3156 3881 3235 3935 ἀλ
3248 3881 3320 3934 1a
3350 3878 3465 3934 δύο
3497 3879 3539 3948 ἢ
3568 3878 3673 3932 και

2083 3979 2403 4042 πλειόνων,
2439 3976 2540 4032 καὶ
2583 3976 2990 4046 διαφερόντων
3025 3973 3328 4043 ἀλλήλοις
3363 3970 3518 4026 κατὰ
3557 3971 3676 4040 τὴν

2083 4070 2294 4139 φύσιν.
2334 4070 2408 4123 El
2439 4070 2651 4123 τοίνυν
2676 4066 2936 4137 λέγομεν
2970 4065 3214 4132 ἕνωσιν,
3255 4062 3677 4134 ὁμολογοῦμεν

2085 4158 2176 4213 ὅτι
2212 4158 2440 4228 σαρκὸς
2477 4157 2874 4229 ἐψυκωμένης
2897 4156 3179 4227 ⁹⁹νοερῶς
3214 4154 3317 4210 καὶ
3341 4156 3543 4225 Λόγου
3575 4153 3675 4225 τέ-

2086 4268 2267 4321 γονεν
2285 4250 2521 4317 ἕνωσις.
2548 4251 2659 4305 Καὶ
2680 4249 2845 4304 πάλιν
2872 4250 2939 4304 ἐκ
2958 4249 3060 4321 τῆς
3085 4247 3257 4318 αὑτῆς
3282 4248 3677 4320 πραγματείας

2084 4343 2182 4397 τοῦ
2216 4343 2378 4413 λόγου
2418 4341 2581 4397 Ἐπεὶ
2616 4340 2676 4396 τί
2695 4341 2994 4411 ποιήσεις,
3019 4341 3168 4396 ὅταν
3193 4339 3342 4409 ἡμῖν
3366 4342 3401 4394 d
3431 4338 3676 4404 ἁπλοῦς

2086 4434 2202 4502 τὴν
2241 4435 2432 4504 φύσιν
2454 4433 2743 4488 εἰσϐαίνει
2772 4431 3067 4499 omnem;
3113 4432 3226 4486 Καὶ
3270 4431 3538 4501 μυριάκις
3584 4431 3678 4482 εὑ-

399 4504 471 4558 ita
508 4505 582 4559 ait
624 4522 637 4558 :
687 4507 913 4574 Apparet
948 4517 1086 4560 certe
1124 4514 1335 4560 sanctos
1369 4507 1558 4561 Patres
1612 4519 1818 4564 nostros
1856 4526 1978 4564 con-

2088 4525 2378 4598 ρεθήσεται
2413 4526 2444 4578 6
2484 4523 2630 4598 ἱερὸς
2669 4514 2828 4587 οὗτος
2859 4522 3000 4593 ἀνὴρ
3030 4521 3130 4592 τῆς
3171 4538 3230 4575 τε
3266 4521 3284 4553 ί
3316 4520 3417 4574 τοῦ
3456 4520 3679 4592 Πατρρς

398 4597 797 4650 substantialem
829 4612 1060 4651 asserere
1087 4596 1243 4654 Patri
1281 4595 1482 4650 Filium
1513 4601 1798 4653 secundum
1841 4601 1977 4656 divi-

399 4689 637 4754 nitatem,
671 4698 718 4743 et
752 4687 1251 4743 consubstantialem
1281 4688 1448 4743 Matri
1476 4692 1763 4746 secundum
1789 4691 1978 4749 huma-

400 4776 642 4838 nitatem,
671 4775 930 4843 duplicem
958 4775 1131 4846 quoad
1157 4778 1433 4831 essentiam
1458 4779 1563 4833 sive
1582 4789 1852 4846 naturam,
1880 4797 1978 4836 non

398 4867 662 4937 duplicem
706 4871 880 4935 quoad
929 4884 1226 4937 personant.
1275 4867 1344 4922 Et
1393 4883 1522 4924 vero
1563 4871 1981 4941 Amphilochius

399 4961 541 5016 inter
576 4958 680 5015 tide
726 4960 1078 5028 dignissimos
1119 4972 1224 5015 est.
1268 4959 1505 5032 Cyrillus
1541 4962 1687 5017 enim
1728 4979 1796 5018 eo
1843 4975 1981 5019 teste

400 5052 573 5105 utitur
595 5058 783 5106 contra
812 5050 1035 5120 impium
1056 5048 1394 5120 Nestorium;
1420 5052 1746 5110 Ambrosius
1765 5069 1982 5125 quoque

401 5143 683 5197 confessor
729 5141 819 5201 ille
861 5141 1200 5196 admirabilis
1256 5143 1335 5197 sic
1383 5143 1647 5215 scriptum
1695 5146 1913 5216 reliquit
1962 5165 1976 5201 :

400 5231 619 5301 Appone
657 5233 878 5286 uniones
907 5230 1201 5288 divinitatis
1235 5241 1285 5286 et
1316 5234 1512 5299 carnis,
1556 5251 1691 5289 unus
1723 5237 1780 5290 in
1814 5237 1980 5294 altera

403 5332 618 5378 vocatur
645 5321 789 5379 Deus
822 5321 996 5378 Filius
1018 5323 1159 5393 quod
1188 5323 1243 5378 in
1268 5323 1380 5393 ipso
1410 5333 1632 5395 utraque
1662 5337 1856 5382 natura
1888 5331 1978 5385 sit.

2083 4617 2507 4690 ὁμοουσιότητος
2556 4618 2652 4670 καὶ
2691 4615 2795 4686 τῆς
2824 4615 3102 4686 ἡμετέρας
3149 4613 3241 4667 τὸν
3284 4614 3383 4667 ἕνα
3429 4614 3678 4685 Χριστὸν

2086 4707 2365 4780 ὁμολογῶν
2418 4707 2495 4779 μὴ
2539 4707 2860 4776 ἀφεστάναι.
2909 4706 3020 4759 Καὶ
3063 4707 3092 4759 6
3140 4705 3199 4758 ὲν
3231 4704 3409 4773 ἁγίοις
3462 4704 3523 4757 δὲ
3577 4701 3679 4757 τοῦ

2101 4798 2324 4854 Ἰκονίου
2353 4796 2617 4868 πρόεδρος
2633 4794 2982 4867 Ἀμφιλόχιος
3004 4794 3149 4849 οὑτω
3181 4796 3346 4866 φησὶν
3366 4811 3378 4824 ⁸
3414 4792 3628 4864 Ὁρᾶτε
3657 4796 3679 4828 ⁸

2078 4890 2401 4961 τοιγαροῦν
2423 4889 2584 4955 ὅπως
2613 4889 2712 4943 καὶ
2743 4891 2799 4944 οὶ
2829 4886 3141 4943 θεσπέσιοι
3174 4885 3434 4954 Πατέρες
3464 4884 3682 4954 ὀμοού-

2078 4998 2220 5038 σιον
2243 4981 2524 5051 εἰρήκασι
2547 4979 2656 5035 τὸν
2686 4980 2832 5035 Υἱόν
2876 4979 2959 5045 τῷ
2986 4978 3175 5047 Πατρὶ
3217 4979 3367 5032 κατὰ
3392 4977 3533 5045 -τὴν
3556 4977 3682 5032 θεέ»

2079 5089 2247 5141 τητα,
2298 5071 2397 5126 καὶ
2438 5072 2768 5141 ὀμοούσιον
2810 5071 2885 5141 τῇ
2914 5071 3106 5140 Μητρὶ
3133 5070 3287 5126 κατὰ
3314 5070 3714 5143 τεὶιν·ὰν¹θ,ρωο,

2080 5158 2333 5228 advntu,
2381 5159 2646 5215 διπλοῦν
2695 5160 2811 5229 τὴν
2841 5162 3064 5216 οὐσίαν
3101 5162 3234 5231 ἢτοι
3262 5160 3378 5228 τὴν
3413 5161 3435 5193 ³
3456 5147 3713 5230 φύσινλ

2089 5253 2163 5307 οὐ
2191 5251 2455 5306 διπλοῦν
2484 5251 2554 5305 δὲ
2581 5250 2697 5320 τὴν
2725 5254 3090 5309 ὑπόστασιν.
3132 5251 3255 5307 Τῶν
3307 5251 3673 5320 ἁξιολογωτά·
3704 5231 3709 5263 ³

2087 5358 2197 5395 των
2225 5341 2282 5396 δὲ
2314 5343 2344 5395 ὁ
2386 5340 2769 5413 ’Λμφιλόχιοςο
2800 5344 3068 5414 Κύριλλος
3093 5343 3203 5415 γὰρ
3240 5344 3471 5417 χρήσεις
3509 5342 3680 5396 αὑτοῦ

1686 5490 1923 5551 ΥΑΒΙΔΕ
1957 5499 2370 5561 LECTIONES.

477 5600 523 5675 ’ξ
555 5601 822 5675 ἑκατέρου
847 5622 907 5668 ς.
981 5606 1032 5639 ⁰⁶
1071 5595 1195 5675 εἷπε
1223 5604 1268 5675 Α
1291 5619 1306 5658 :
1334 5604 1563 5675 προεῖπε
1590 5623 1651 5670 ς.

407 5669 530 5726 add.
564 5674 627 5727 A.
703 5669 867 5730 "libri
902 5674 1116 5744 ὁρᾶται.
1176 5674 1197 5705 ³
1218 5674 1337 5744 ἦτοι
1365 5669 1509 5730 πατὰ
1543 5669 1641 5748 τῆν
1670 5696 1731 5743 ς.

1750 5612 1795 5645 ⁸⁷
1815 5613 2104 5686 ὲτεροὺσια
2140 5637 2204 5685 ς.

2307 5623 2353 5655 ³⁸
2378 5621 2476 5691 τὴν
2504 5621 2605 5697 μὲν
2636 5618 2731 5677 οῦν
2767 5641 2828 5687 ς’.
2904 5623 2953 5655 ’θ
2983 5621 3388 5693 ὲμψυχωμένης
3418 5634 3485 5689 ς’.
3562 5622 3580 5653 ¹
3618 5637 3682 5675 τε
