3972 6248
368 305 470 370 977

1408 321 1933 383 BIBLIOTHECA.
1973 351 2043 362 --
2079 326 2243 388 COD.
2278 282 2582 396 CCXXIX.

3513 342 3617 405 9'78

365 419 505 472 κατα
538 423 631 473 τοῦ
656 421 946 488 δυσσεϐοῦς
968 425 1265 497 Νεστορίου
1293 432 1601 502 προήγαγε.
1639 435 1748 488 Ka't
1803 435 1904 505 Ἀμ

2007 484 2012 496 ,
2045 439 2182 491 Idem
2205 437 2318 494 fere
2341 444 2709 498 testimOnium
2733 446 2946 500 adhibet
2968 456 3158 502 contra
3176 448 3486 504 Nestorium
3509 452 3618 524 Cy-

363 512 580 580 ϐρὸσιος
623 513 682 566 δὲ
735 516 764 568 6
816 515 1122 586 θαυμάσιος
1167 521 1376 584 ἐκεῖνος
1409 522 1747 594 ὸμολογητής
1798 527 1904 579 οὔτε

2042 531 2199 587 rillus
2219 530 2273 586 in
2289 534 2550 599 oratione,
2571 551 2689 605 quas
2709 536 3028 592 inscribitur
3049 539 3122 592 De
3140 512 3615 611 expositione/iaci.

360 599 533 670 φησί·
573 603 847 670 Πρόσχες
926 606 1045 674 τὴν
1087 606 1309 662 ἕνωσιν
1359 609 1469 677 τῆς
1515 614 1795 679 θεότητος
1841 633 1904 668 κο

2043 619 2132 676 Sic
2164 622 2306 676 enim
2343 623 2624 679 confessor
2657 627 2746 681 ille
2773 629 2998 684 scribit:
3020 631 3314 685 Asserentes
3350 633 3618 690 Christum

357 691 469 758 τῆς
489 694 718 762 σαρκὸς
737 690 824 760 εἷς
854 695 924 749 ἐν
950 698 1128 766 ἑτέρῳ
1147 701 1322 757 καλεῖ
1353 702 1375 733 ⁸
1405 707 1441 757 ό
1461 704 1568 758 τοῦ
1597 705 1741 759 Θεοῦ
1783 707 1934 772 Υἱὸς,

357 784 447 838 ὅτι
498 785 570 838 ἐν
611 786 774 851 αὐτῷ
819 789 858 856 ἠ
909 789 1161 858 ἑκατέρα
1193 794 1379 860 φύσις
1410 793 1563 850 ἐστί.
1617 795 1832 867 Ταύτης
1879 798 1936 850 δὲ

354 877 454 945 τῆς
479 878 728 947 χρήσεως
752 881 846 932 καὶ
872 881 1016 935 κατὰ
1046 882 1346 952 Νεστορίου
1377 885 1646 956 κέχρηται
1677 887 1698 918 ⁵
1728 888 1756 940 6
1793 888 1935 958 ἱερὸς

353 967 640 1038 Κύριλλος.
703 971 791 1026 Ἐν
844 972 902 1026 δὲ
948 973 1027 1044 τῷ
1072 975 1215 1046 λόγῳ
1265 977 1324 1040 ὃς
1375 979 1744 1048 ἐπιγράφεται
1792 982 1934 1050 Περὶ

354 1056 482 1128 [792
532 1059 624 1133 IL]
661 1061 979 1131 ἑρμηνείας
1014 1065 1125 1134 τῆς
1169 1068 1450 1135 πίστεως,
1494 1069 1638 1124 οὕτω
1685 1074 1852 1142 φησὶν
1904 1076 1932 1128 6

350 1150 514 1215 αὑτὸς
539 1154 772 1224 ὁμολογη
783 1155 897 1224 τής·
931 1155 1076 1221 Τοὺς
1097 1157 1166 1210 δὲ
1191 1158 1482 1228 λέγοντας
1496 1162 1683 1230 ψιλὸν
1703 1163 1925 1233 ἅνθρω-

349 1259 472 1298 πον
518 1246 624 1298 τὸν
669 1247 947 1314 Χριστὸν,
1002 1248 1040 1317 ἢ
1082 1251 1353 1317 παθητὸν
1398 1252 1505 1306 τὸν
1539 1252 1706 1318 Θεὸν,
1761 1257 1799 1323 ἢ
1841 1259 1929 1322 είς

349 1332 552 1400 σάρκα
603 1333 922 1402 τραπέντα,
975 1337 1015 1405 ἢ
1067 1339 1560 1408 συνουσιωμένον
1603 1342 1927 1414 ἐσχηκέναι

350 1424 417 1478 τὸ
443 1423 633 1494 σῶμα,
658 1427 988 1496 οὐρανόθεν
1005 1429 1183 1484 τοῦτο
1203 1431 1601 1501 κεκομικέναι,
1634 1435 1671 1504 ἢ
1699 1451 1924 1505 φαντα-

346 1514 494 1567 σίαν
515 1511 689 1580 εἶναι,
721 1516 760 1584 ἢ
784 1518 1007 1584 θνητὸν
1039 1518 1326 1588 λέγοντας
1373 1521 1482 1575 τὸν
1512 1521 1663 1576 Θεὸν
1707 1526 1919 1595 Λόγον,

343 1606 663 1674 δεδεῆσθαι
689 1609 757 1662 δὲ
795 1610 901 1678 τῆς
933 1611 1093 1680 παρὰ
1116 1613 1222 1667 τοῦ
1245 1615 1474 1682 Πατρὸς
1505 1615 1918 1682 ἀναστάσεως,

340 1697 382 1762 ἢ
406 1697 654 1766 ἄψυχον
676 1698 868 1768 σῶμα,
895 1701 932 1769 ἢ
958 1700 1150 1755 ἄνουν
1167 1701 1482 1771 ἄνθρωπον
1499 1704 1914 1774 ἀνειληφέναι,

2037 728 2227 780 purum
2273 715 2557 779 hominem,
2592 717 2668 769 vel
2701 719 2968 786 patibilem
3019 720 3203 785 Deum,
3226 725 3302 776 vel
3325 725 3377 778 in
3405 742 3617 780 carnem

2036 819 2337 858 conversum
2354 803 2464 858 :vel
2492 810 2940 863 consubstantiale
2965 827 3157 879 corpus
3171 812 3382 877 habere.
3407 817 3484 868 vel
3511 833 3614 869 cae-

2033 892 2160 947 litus
2183 894 2434 960 delatum,
2459 913 2561 950 non
2579 897 3007 966 imaginationem
3027 918 3156 964 esse,
3184 905 3261 956 vzl
3279 906 3500 960 mortale
3515 907 3616 961 Dei

2047 977 2288 1047 Verbum,
2317 983 2604 1051 indiguisse
2631 1000 2747 1038 vero
2769 988 2824 1040 in
2847 993 3220 1044 resurrectione
3238 1009 3394 1059 opera
3416 995 3612 1050 Patris.

2032 1070 2134 1120 Aut
2164 1070 2511 1124 inanimatam
2549 1089 2656 1126 esse
2677 1089 2886 1142 corpus,
2922 1076 2996 1129 vel
3023 1078 3133 1130 sine
3155 1091 3320 1131 mente
3347 1082 3610 1134 hominem

2029 1159 2386 1226 resumpsisse,
2406 1170 2495 1214 aut
2509 1161 2641 1217 duas
2655 1162 2818 1219 Chisti
2836 1169 3084 1220 essentias
3105 1169 3344 1224 mistione
3362 1172 3610 1238 confusas

2029 1265 2186 1303 unam
2205 1250 2401 1318 factam
2417 1269 2528 1307 esse
2542 1257 2884 1309 substantiam
2901 1269 2977 1310 :et
2999 1275 3100 1312 non
3121 1261 3413 1328 conﬁtentes
3431 1262 3613 1316 .Iesum

2025 1339 2288 1394 Christum
2307 1344 2440 1397 duas
2460 1363 2570 1400 esse
2581 1345 2906 1402 substantias
2922 1351 3301 1409 incommistas.
3318 1369 3476 1406 unam
3496 1371 3611 1408 vero

2021 1447 2319 1499 personam,
2346 1450 2448 1503 qua
2471 1439 2672 1490 ratione
2693 1453 2826 1491 unus
2851 1438 3115 1505 Christus,
3140 1457 3274 1495 unus
3300 1441 3496 1510 Filius,
3515 1445 3608 1498 hos

2020 1533 2204 1578 sancta
2223 1531 2270 1574 et
2299 1525 2561 1579 catholica
2581 1531 2996 1582 excommunicat
3027 1529 3288 1586 Ecclesia.
3319 1531 3435 1586 Non
3463 1534 3608 1588 enim

2021 1615 2181 1670 Verbi
2207 1623 2261 1671 et
2282 1617 2461 1672 carnis
2487 1619 3131 1688 consubstantialitatem,
3180 1623 3231 1675 id
3283 1634 3388 1688 est,
3413 1619 3606 1694 251b

2019 1723 2183 1763 unam
2202 1720 2450 1765 naturam
2467 1709 2922 1766 dixeruntPatres
2941 1713 3077 1776 ﬁeri,
3097 1727 3202 1766 non
3225 1724 3368 1768 certe
3389 1726 3607 1770 sanctus

340 1786 380 1854 ἢ
418 1786 525 1853 τὰς
560 1787 672 1842 δυο
713 1789 928 1855 οὐσίας
955 1791 1062 1845 τοῦ
1090 1793 1347 1860 Χριστοῦ
1389 1795 1540 1849 κατὰ
1575 1795 1904 1865 ἀνάκρασιν

2011 1798 2527 1856 Ambrosiuscontra
2539 1801 2924 1870 Apollinarium
2942 1803 3183 1860 scribens
3198 1805 3298 1871 ait;
3318 1803 3422 1859 Sed
3441 1807 3491 1858 in
3507 1824 3606 1876 quo

337 1880 755 1946 συγχυθείσας
775 1881 925 1950 μίαν
950 1882 1308 1952 γεγενῆσθαι
1338 1884 1557 1939 οὐσίαν
1582 1887 1625 1948 ⁸,
1675 1887 1774 1940 καὶ
1823 1886 1909 1956 μὴ

336 1968 783 2036 ὁμολογοῦντας
811 1972 919 2024 τὸν
940 1975 1162 2040 Κύριον
1183 1973 1352 2042 ἡμῶν
1385 1975 1630 2041 Ἰησοῦν
1651 1976 1912 2043 Χριστὸν

332 2055 444 2110 δύο
471 2054 624 2112 εἶναι
659 2061 876 2125 οὐσίας
913 2063 1316 2131 ἀσυγχύτους,
1345 2064 1416 2117 ἓν
1457 2065 1526 2118 δὲ
1561 2069 1905 2135 πρόσωπον,

331 2147 478 2202 καθό
501 2145 589 2216 εἷς
621 2151 874 2220 Χριστὸς
907 2148 996 2218 εἷς
1035 2153 1186 2220 Υἱὸς,
1224 2155 1474 2220 τούτους
1499 2156 1906 2225 ἀναθεματίζει

327 2241 367 2307 ἡ
408 2245 700 2312 καθολικὴ
741 2244 841 2299 καὶ
874 2247 1014 2317 ἁγία
1045 2249 1064 2279 “¹
1115 2248 1458 2315 Ἐκκλησία.
1497 2249 1634 2303 Οΰτε
1670 2250 1781 2322 γὰρ
1808 2252 1902 2305 τοῦ

326 2333 503 2400 Λόγου
536 2335 628 2387 καὶ
657 2336 756 2405 τῆς
807 2337 1012 2408 σαρκὸς
1038 2338 1454 2410 ὸμοουσιότητα,
1494 2341 1736 2394 τουτέστι
1776 2342 1904 2409 μίαν

325 2423 490 2489 φύσιν
530 2421 685 2478 εἷπον
715 2428 762 2479 οἱ
797 2427 1039 2496 Πατέρες
1063 2444 1077 2458 ’
1118 2429 1191 2499 μὴ
1227 2430 1435 2498 γένοιτο
1457 2446 1474 2463 ·
1521 2431 1598 2496 ὡς
1629 2434 1724 2486 καὶ
1769 2436 1798 2487 6
1845 2434 1902 2488 ἐν

2017 1887 2142 1940 illos
2171 1890 2441 1960 arguimus
2457 1890 2811 1960 pullularunt,
2837 1893 2931 1946 alii
2955 1895 3181 1948 dicentes
3213 1912 3229 1948 :
3259 1895 3472 1948 Domini
3491 1913 3606 1949 cor-

2015 1993 2113 2045 pus
2144 1995 2204 2032 ac
2223 1979 2552 2036 divinitatem
2574 1983 2731 2037 unius
2751 1993 2954 2038 natura:
2975 2001 3106 2039 esse.
3143 1987 3273 2052 Quis
3303 2003 3453 2040 orcus
3472 1989 3606 2045 hanc

2007 2065 2234 2122 evomuit
2257 2068 2634 2137 blasphemiam
2652 2073 2678 2124 ?
2707 2074 2889 2126 Ariani
2911 2092 3049 2138 vero,
3072 2093 3294 2144 quorum
3316 2093 3464 2131 error
3489 2095 3603 2130 nta-

2003 2159 2116 2228 jori
2139 2161 2470 2216 contentione
2496 2164 2755 2231 pervadit,
2779 2163 3015 2229 Patrem,
3043 2165 3241 2219 Filium
3270 2181 3313 2220 et
3341 2167 3601 2235 Spiritum

2009 2262 2250 2308 sanctum
2267 2271 2372 2308 non
2392 2257 2546 2310 unius
2569 2267 2777 2312 natura:
2793 2273 3112 2316 asserentes:
3135 2261 3332 2317 Christi
3352 2263 3600 2317 divinita-

2010 2350 2134 2408 tem,
2152 2353 2199 2398 et
2213 2361 2424 2399 carnem
2439 2348 2595 2400 unius
2611 2358 2813 2402 natura:
2829 2366 2939 2402 esse
2951 2351 3121 2405 dicere
3139 2355 3317 2406 conati
3335 2363 3476 2406 sunt.
3495 2355 3589 2406 Ea-

2008 2435 2151 2502 dem,
2170 2437 2262 2492 setl
2276 2439 2499 2504 clarius,
2515 2438 2845 2496 Athanasius
2867 2441 2922 2495 in
2937 2445 3160 2511 epistola
3181 2445 3246 2498 ad
3267 2445 3599 2513 Epictetum.

323 2520 503 2587 ἁγίοις
542 2522 867 2592 ’Λμϐρόσιος
897 2527 1040 2580 κατὰ
1087 2529 1461 2600 Ἀπολιναρίου
1487 2531 1713 2602 γράφων
1740 2533 1906 2602 φησὶν
1941 2550 1954 2565 ο
1987 2537 2148 2591 Ἀλλ’
2173 2537 2243 2591 ὲν
2272 2537 2395 2602 ὅσῳ
2414 2539 2666 2603 τούτους
2687 2537 3037 2606 ἐλέγχομεν,
3079 2540 3436 2606 ἀνεφύησαν
3502 2539 3597 2592 ἔτι

321 2629 470 2699 εροιΔ
493 2614 776 2684 λέγοντες
819 2619 889 2670 τό
937 2635 1000 2672 τε
1037 2618 1209 2688 σῶμα
1279 2622 1386 2675 τοῦ
1426 2625 1648 2691 Κυρίου
1696 2625 1795 2678 καὶ
1831 2627 1946 2695 τὴν
1983 2630 2236 2697 θεότητα
2270 2629 2413 2698 μιᾶς
2458 2632 2700 2699 φύσεως
2748 2625 2920 2684 εἶναι.
2970 2630 3147 2696 Ποῑος
3196 2630 3400 2698 Ἅιδης
3482 2631 3596 2698 τὴν

321 2695 631 2773 τοσάύτην
665 2707 960 2774 ηρεύξατο
986 2712 1434 2779 βλασφημίαιη
1481 2715 1766 2783 Ἀρειανοὶ
1787 2718 1897 2786 γὰρ
1935 2718 2051 2788 ἤδη
2074 2695 2484 2789 τυγχάνουσιν
2511 2695 2905 2788 ἀνεκτότεροι,
2949 2716 3038 2774 ὧν
3100 2695 3137 2790 ἡ
3170 2695 3420 2776 ἀπιστία
3495 2695 3592 2776 διὰ
3622 2739 3626 2743 ·

322 2801 575 2869 τούτους
628 2805 983 2871 κρατύνεται
1036 2809 1260 2877 μείζονι
1306 2813 1645 2881 φιλονεικίᾳ
1690 2813 1922 2886 Πατέρα
1993 2817 2094 2870 καὶ
2142 2817 2278 2871 Υίὸν
2319 2819 2418 2872 καὶ
2461 2817 2632 2887 ἅγιον
2663 2817 2907 2886 Πνεῦμα
2933 2816 3076 2886 μιᾶς
3109 2819 3324 2883 οὐσίας
3355 2819 3442 2887 μὴ
3487 2820 3589 2872 λέ-

321 2913 470 2966 retr,
523 2896 845 2968 ἐπειδήπερ
884 2896 1049 2956 οὗτοι
1080 2906 1194 2970 τὴν
1226 2906 1477 2972 θεότητα
1521 2907 1626 2962 τοῦ
1677 2910 1900 2977 Κυρίου
1938 2913 2037 2965 καὶ
2073 2911 2186 2980 τὴν
2216 2911 2414 2979 σάρκα
2443 2911 2582 2984 μιᾶς
2608 2912 2848 2980 φύσεως
2913 2911 3104 2967 εἰπεῖν
3163 2913 3581 2984 ἐπεχείρησαν,

323 2990 406 3043 Τὰ
431 2991 571 3043 αὑτά
596 2992 654 3045 δὲ
682 2995 778 3048 καὶ
829 2995 1163 3066 σαφέστερον
1208 2997 1525 3063 Ἀθανάσιος
1565 3001 1623 3054 ὲν
1651 3004 1718 3072 τῇ
1755 3003 1894 3071 πρὸς
1943 3005 2268 3076 Ἐπίκτητον
2300 3004 2450 3072 λέγει
2485 3005 2768 3075 ἐπιστολῇ.

390 3082 582 3137 Ταῦτα
606 3085 777 3138 εἰπὼν
809 3088 836 3139 6
857 3090 1206 3158 συγγραφεὺς
1249 3090 1447 3160 ἑφεξῆς
1487 3094 1616 3164 περὶ
1677 3095 1890 3163 φύσεως

2073 3097 2318 3169 Scriptor
2344 3097 2601 3168 deinceps
2624 3111 2815 3153 natura
2837 3099 2951 3154 sive
2972 3097 3297 3160 substantia,
3320 3104 3376 3151 et
3401 3097 3466 3151 de
3484 3097 3584 3165 hy—

321 3173 438 3242 ἢτοι
467 3175 660 3238 οὐσίας
695 3178 791 3229 καὶ
830 3179 961 3246 περὶ
1017 3180 1371 3245 ὑποστάσεως
1421 3185 1542 3254 ἤτοι
1601 3191 1896 3257 προσώπου

321 3266 595 3333 πατρικὰς
638 3265 881 3339 [414Η.]
955 3270 1284 3342 προκομίζει
1315 3275 1642 3344 μαρτυρίας,
1711 3277 1786 3341 ὡς
1839 3280 1900 3333 τὸ

322 3357 496 3407 κοινὸν
530 3358 627 3425 μὲν
659 3359 903 3413 καλεῖται
933 3363 1028 3414 καὶ
1066 3363 1230 3430 φύσις
1260 3367 1355 3420 καὶ
1384 3367 1540 3434 γένος
1560 3371 1654 3423 καὶ
1712 3372 1895 3437 οὐσία,

321 3443 617 3510 ὑπόστασις
643 3448 700 3501 δὲ
742 3450 837 3502 καὶ
863 3452 1154 3521 πρόσωπον
1184 3455 1246 3507 τὸ
1301 3456 1487 3512 ίδικὸν.
1548 3461 1658 3514 Kal.
1707 3480 1897 3533 κυριο-

318 3533 501 3588 λεκτεί
531 3537 629 3606 μὲν
650 3541 678 3591 6
712 3540 886 3608 λέγων
911 3543 1010 3614 τὴν
1062 3544 1229 3612 φύσιν
1294 3547 1482 3602 οὐσίαν
1517 3552 1611 3604 καὶ
1657 3554 1717 3605 τὸ
1771 3555 1900 3608 ἀνά-

322 3625 501 3692 παλιν,
538 3633 994 3700 καταχρηστικῶς
1017 3634 1072 3688 δὲ
1093 3635 1316 3690 δύναταί
1351 3656 1436 3702 τις
1459 3640 1766 3711 λαμϐάνειν
1798 3647 1894 3699 καὶ

319 3714 380 3766 τὸ
403 3715 504 3786 τῆς
526 3719 742 3784 φύσεως
766 3721 936 3792 ὄνομα
965 3725 1087 3779 ἀντὶ
1131 3728 1507 3794 ὑποστάσεως.
1564 3736 1657 3786 Δεῖ
1712 3736 1894 3805 μέντοι

320 3821 383 3870 γε
412 3807 511 3869 τὰς
526 3807 700 3875 λέξεις
728 3811 788 3863 οὒ
817 3813 951 3884 πρὸς
966 3816 1065 3887 τὴν
1081 3817 1191 3871 τῶν
1216 3819 1554 3875 ἀσεϐούντων
1581 3822 1891 3894 βούλησινδ,

321 3896 455 3964 πρὸς
475 3897 534 3950 δὲ
570 3899 668 3970 τὴν
697 3903 795 3972 τῆς
821 3905 1108 3970 εὐσεϐείας
1132 3908 1432 3978 λαμϐάνειν
1479 3913 1738 3969 διάνοιαν.
1787 3918 1894 3970 Καὶ

320 3987 369 4037 εί
400 3987 501 4056 μὲν
532 3991 626 4043 ἐπὶ
653 3993 948 4062 προσώπου
968 3997 1186 4065 λέγεται
1213 4003 1245 4070 ὴ
1279 4002 1429 4074 φωνὴ
1452 4005 1543 4056 καὶ⁹
1571 4006 1664 4057 τοῦ
1692 4007 1889 4060 ἀποτε-

319 4075 597 4142 λεσθέντος
627 4082 771 4154 ιὲνὸς.Ι
807 4085 930 4139 ἀντὶ
960 4087 1316 4153 ὑποστάσεως
1363 4092 1444 4145 δεῖ
1489 4096 1893 4168 παραδέχεσθαι

315 4165 377 4220 τὸ
397 4171 498 4240 τῆς
527 4172 744 4238 φύσεως
772 4174 946 4246 ὄνομα
972 4193 985 4207 ⁸
1019 4181 1069 4232 εί
1098 4179 1155 4232 δὲ
1183 4183 1311 4252 περὶ
1336 4183 1446 4237 τῶν
1470 4185 1530 4250 ἐξ
1585 4181 1660 4241 ὧν
1698 4165 1893 4244 ἇπετε-

315 4254 478 4328 λέσθη
510 4259 729 4328 φύσεων
757 4266 785 4317 ὁ
819 4262 900 4328 εἷς
934 4269 1192 4338 Χριστὸς,
1246 4273 1365 4326 τότε
1400 4275 1499 4345 τὴν
1553 4279 1738 4349 φωνὴν
1791 4282 1891 4352 τῆς

315 4349 534 4415 φύσεως
579 4355 702 4409 ἀντὶ
757 4357 858 4428 τῆς
891 4361 1088 4430 κυρίας
1139 4362 1354 4432 φύσεως
1410 4369 1508 4423 καὶ
1555 4370 1654 4441 τῆς
1703 4349 1889 4437 οὐσίας

313 4443 473 4495 νοεῖν.
510 4444 698 4498 Ταῦτα
754 4449 864 4518 γὰρ
905 4453 1418 4521 παραφυλάττοντες
1477 4461 1712 4532 οὐδαμοῦ
1762 4467 1884 4531 τοὺς
1921 4449 1965 4502 D

315 4531 492 4602 ἱεροὺς
523 4536 619 4590 καὶ
648 4537 878 4606 λογάδας
909 4542 1070 4614 ἡμῶν
1105 4546 1358 4617 Πατέρας
1413 4531 1720 4624 εὑρήσομεν
1771 4557 1890 4611 δια-

315 4626 656 4719 μαχομένους
671 4628 943 4699 ἁλλήλοις.
972 4635 1083 4687 Kal.
1125 4637 1207 4690 ὅτι
1239 4639 1482 4694 τοιοῦτον
1520 4645 1582 4696 τὸ
1631 4647 1888 4719 φρόνημα

309 4713 414 4808 τῶν
443 4717 726 4808 Ιῖατέρων,
754 4719 916 4776 ἄκουε
937 4725 1032 4779 τοῦ
1061 4729 1360 4800 νικηφόρου
1391 4713 1758 4804 Κυρίλλου-ἐκ
1785 4713 1887 4808 τῆς

309 4803 445 4895 πρὸς
466 4805 772 4895 ξούκηνσον
820 4813 1045 4886 πρώτης
1086 4819 1380 4892 ἐπιστολῆς
1407 4839 1422 4855 ο
1478 4803 1560 4880 Οὐ
1589 4827 1699 4895 γάρ
1751 4803 1885 4885 ἐστι

312 4888 429 4944 τῶν
458 4892 718 4985 ἐφικτῶν
752 4901 839 4965 εις
869 4903 1154 4972 θεότητος
1202 4888 1425 4962 οὐσίαν
1470 4888 1608 4980 ἤτοι
1652 4888 1845 4985 φύσιν
1867 4921 1889 4954 ⁹

302 4984 726 5054 μταχωρῆσαί
751 5005 805 5042 τι
842 4990 1141 5048 δύνασθαι
1179 4997 1300 5052 τῶν
1341 4984 1685 5071 κτισμάτων
1713 5021 1728 5037 '
1767 5011 1890 5064 κτί-

306 5087 432 5167 σμα
457 5073 528 5167 δὲ
547 5077 645 5130 καί
671 5081 708 5146 ἠ
734 5080 894 5150 σάρξ
914 5098 927 5111 ·
957 5085 1128 5153 Δῆλον
1154 5090 1262 5162 γὰρ
1303 5091 1380 5155 ὡς
1435 5094 1534 5166 τὴν
1575 5097 1740 5167 φύσιν
1796 5104 1884 5157 ὲν-

2001 3189 2208 3257 postasi
2242 3189 2359 3244 sive
2400 3203 2653 3258 persona,
2689 3188 2908 3242 Patrum
2948 3187 3213 3242 adhibens
3251 3187 3580 3251 testimonia,

2003 3289 2063 3334 ut
2084 3279 2228 3350 quod
2259 3295 2546 3334 commune
2571 3290 2654 3334 est
2681 3289 2903 3334 vocetur
2933 3289 3146 3342 natura,
3181 3294 3372 3348 genus,
3393 3294 3578 3333 essen-

2003 3371 2269 3440 tia;quod
2302 3386 2429 3425 vero
2465 3371 2743 3439 proprium
2780 3376 2884 3432 est,
2923 3369 3235 3438 byposlasis
3259 3378 3312 3422 ct
3348 3385 3576 3438 persona

2002 3473 2224 3517 vocetur
2255 3471 2307 3516 et
2334 3462 2552 3531 proprie
2581 3460 2800 3530 quidem
2850 3461 3109 3528 loquitur,
3153 3475 3276 3512 cum
3321 3462 3576 3514 substan-

2000 3554 2130 3608 tiam
2153 3553 2286 3607 dicit
2317 3553 2632 3615 essentiam,
2667 3561 2720 3605 et
2761 3552 2876 3605 vice
2916 3566 3090 3605 versa.
3123 3551 3362 3604 Abusivc
3393 3560 3572 3604 autem

2001 3657 2193 3709 capere
2243 3643 2365 3710 quis
2412 3650 2589 3711 potest
2645 3650 2853 3694 naturas
2882 3654 3078 3695 nomen
3133 3656 3229 3710 pro
3276 3641 3573 3711 hypostasi,

1998 3744 2205 3802 oportet
2246 3745 2419 3786 tamen
2467 3749 2572 3786 non
2614 3733 2690 3785 ‘ad
2723 3733 3009 3801 impiorum
3045 3733 3345 3793 libidinem,
3379 3733 3470 3786 sed
3507 3732 3574 3786 ad

1999 3841 2214 3880 sensum
2243 3827 2454 3895 piorum
2484 3825 2802 3892 intelligere,
2835 3827 2900 3877 de
2928 3839 3158 3892 persona
3188 3824 3406 3894 quidem
3433 3824 3575 3877 aliiv-

1999 3927 2177 3973 matur
2210 3919 2311 3974 hoc
2337 3917 2684 3981 vocabulum,
2722 3917 2862 3972 etde
2886 3915 3127 3986 perfecto
3153 3932 3258 3970 uno
3282 3932 3377 3984 pro
3407 3917 3573 3985 hypo-

1995 4011 2150 4075 stasi,
2184 4020 2396 4079 oportet
2424 4025 2618 4080 capere
2645 4021 2849 4064 natura:
2879 4025 3096 4063 nomen.
3135 4009 3190 4062 Si
3230 4025 3355 4063 vero
3382 4009 3445 4062 de
3485 4009 3572 4072 iis,

1995 4117 2063 4156 ex
2106 4103 2306 4170 quibus
2357 4117 2497 4157 unus
2541 4102 2821 4171 perﬁcitur
2861 4103 3111 4156 Christus
3145 4119 3158 4155 :
3195 4109 3322 4154 tunc
3368 4109 3575 4153 natura:

1996 4193 2341 4257 vocabulum,
2380 4209 2479 4263 pro
2507 4193 2725 4264 propria
2769 4201 2962 4246 natura
2993 4201 3047 4246 et
3093 4193 3329 4247 essentia
3376 4192 3575 4245 intelli—

1996 4300 2143 4355 gere.
2184 4286 2488 4340 llaecenim
2537 4285 2917 4350 observantes,
2949 4300 3215 4353 nusquam
3253 4294 3474 4339 sanctos
3512 4298 3575 4337 ac

1995 4377 2230 4433 disertos
2266 4377 2452 4431 Patres
2481 4386 2693 4432 nostros
2724 4378 2865 4430 inter
2888 4391 2945 4430 se
2973 4391 3216 4445 pugnare
3243 4375 3570 4440 videbimus,

1995 4469 2265 4537 talemque
2313 4482 2432 4522 esse
2463 4466 2681 4521 Patrum
2708 4475 2942 4522 mentem
2974 4480 3243 4535 cognosce
3289 4481 3318 4519 c
3346 4476 3572 4519 strenuo

1996 4559 2200 4629 Cyrillo
2225 4559 2394 4628 prima
2426 4560 2493 4613 ad
2525 4560 2856 4613 Succensum
2879 4558 3102 4626 cpistola
3131 4575 3146 4611 ;
3183 4556 3306 4610 Non
3331 4568 3403 4611 est
3431 4559 3569 4612 enim

1993 4648 2195 4718 aliquid
2229 4648 2336 4702 ullo
2369 4649 2521 4701 modo
2542 4647 2790 4717 possibile
2814 4658 2866 4700 ut
2890 4647 2946 4702 in
2963 4646 3260 4701 divinitatis
3289 4650 3570 4702 essentiam

1988 4742 2096 4794 sive
2127 4749 2372 4795 naturam
2405 4741 2631 4794 transire
2682 4739 2880 4809 aliquid
2932 4751 3167 4792 creatum
3211 4750 3388 4809 queat.
3431 4739 3568 4794 Caro

1990 4833 2129 4885 enim
2159 4840 2404 4885 creatura
2445 4839 2801 4886 est:ooustat
2829 4830 3013 4899 itaque
3054 4839 3305 4884 naturam
3339 4829 3426 4884 hic
3471 4845 3567 4897 pro

1990 4923 2292 4978 substantia
2315 4922 2456 4991 capi.
2485 4921 2722 4977 Rursum
2755 4922 2808 4975 iu
2844 4921 3070 4991 epistola
3105 4922 3172 4975 ad
3204 4921 3513 4975 Nestorium
3549 4939 3562 4972 :

1987 5013 2192 5066 Asserit
2217 5013 2356 5067 enim
2385 5012 2550 5066 Deum
2575 5029 2728 5066 suum
2758 5010 2996 5078 Patrem,
3030 5025 3083 5066 ut
3116 5023 3251 5066 certe
3279 5012 3420 5066 Deus
3443 5028 3562 5063 cum

1983 5104 2053 5158 sit
2080 5113 2264 5172 suapte
2293 5114 2486 5158 natura
2517 5114 2668 5172 atque
2689 5105 2938 5166 essentia,
2971 5103 3068 5156 etsi
3101 5111 3295 5156 natura
3320 5102 3560 5154 essentia:

303 5161 629 5265 ταύθα“ιὶντὶ
652 5171 750 5241 τῆς
778 5173 969 5238 οὐσίας
1005 5161 1302 5248 παρέλαϐε.
1354 5184 1465 5238 Καὶ
1490 5161 1660 5243 ’πάλιν
1691 5193 1756 5246 ὲκ
1784 5194 1880 5265 τῆς

2011 5196 2548 5264 oncursumaccepit.
2579 5193 2644 5248 Ει
2665 5209 2884 5248 rursum
2918 5210 2931 5246 :
2967 5192 3191 5257 Quando
3233 5190 3371 5243 enim
3426 5189 3560 5240 divi-

307 5253 443 5357 npbc
471 5257 765 5330 Νεστόριον
790 5265 1103 5337 ἐπιστολῆς⁹
1130 5272 1280 5340 Ἔφη
1305 5273 1424 5340 μὲν
1442 5277 1553 5346 γὰρ
1573 5283 1720 5336 Θεὸν
1737 5253 1878 5341 éav:

2007 5288 2122 5342 litus
2167 5290 2231 5344 de
2300 5305 2356 5344 se
2421 5290 2530 5358 ipse
2573 5298 2799 5343 testatur
2841 5301 2859 5340 :

2913 5287 3015 5351 Qui
3061 5285 3195 5340 videt
3260 5299 3374 5348 me,
3423 5281 3559 5336 videt

307 5345 412 5400 τοῦ
439 5349 546 5404 τὸν
561 5354 813 5422 Πατέρα,
861 5359 1054 5413 καίτοι
1104 5363 1248 5428 Θεὸς
1277 5365 1363 5417 ὢν
1409 5345 1591 5437 φύσει
1623 5373 1722 5428 καὶ
1764 5375 1876 5446 τῆς

2007 5377 2264 5434 tPatrem
2297 5381 2340 5435 ί.
2498 5397 2516 5436 :
2572 5377 2686 5450 Ego
2738 5387 2787 5433 ct
2842 5376 3004 5431 Pater
3068 5390 3228 5429 unum
3284 5389 3463 5426 sumus
3507 5381 3557 5424 υ.

377 5440 398 5478 ί
438 5440 595 5499 Joan.
629 5461 740 5515 xw,
774 5450 828 5506 9.
901 5462 932 5491 ιι
969 5451 1125 5509 Joan.
1167 5458 1335 5524 x,50.

1609 5556 1846 5613 VARUS
1889 5558 2285 5615 LECTIONES.

373 5625 393 5658 "
417 5627 568 5682 λαλεῖ
595 5633 659 5688 Α.

305 5695 572 5768 ὑπόληψιν
604 5718 665 5767 ς.
743 5705 763 5736 ’
787 5695 978 5775 9.56M
1010 5695 1237 5769 coi'rirA'

759 5635 782 5724 ξ
807 5638 1094 5719 κεχρῆται]
1120 5643 1244 5724 'im_o
1289 5647 1582 5724 μέμνηται.
1660 5650 1681 5682 ⁶
1709 5651 1896 5707 οὐσίαν
1923 5653 2252 5724 γεγενῆσθαι
2281 5671 2341 5718 ς.

2455 5656 2470 5684 ⁷
2494 5655 2593 5729 ,καὶ
2622 5654 2753 5722 ἁγία
2779 5655 2900 5710 add.
2932 5657 2976 5709 A
3089 5657 3110 5687 ⁸
3151 5656 3404 5728 βούλησιν
3461 5657 3505 5709 Α
3535 5671 3550 5712 ι
