3972 6248
373 313 507 399 979’

1497 312 1762 374 PHOTII
1783 310 2287 374 PATRIARCHrE
2312 309 2423 371 ΟΡ.

3516 317 3618 384 980

376 421 621 476 Divinam
642 417 757 487 ejus
778 426 824 472 et
856 416 1269 485 inexplicabilem
1311 417 1650 490 intelligimus
1680 430 1947 481 naturam.
1981 466 1987 478 ι

2072 420 2270 485 ιύσίας
2294 416 2503 475 αὐτοῦ.
2549 418 2848 476 Κανταῦθα
2874 419 2985 494 γὰρ
3016 422 3061 456 ¹⁶
3085 424 3149 477 τ’)
3206 422 3368 494 φύσει
3419 427 3495 497 τῷ
3523 431 3616 501 τῆς

373 530 479 584 qua
510 527 646 567 unus
668 523 742 565 est
766 526 883 564 cum
930 508 1116 574 Patre;
1161 525 1254 579 per
1300 512 1536 566 eamdem
1583 511 1777 581 252a
1825 510 1949 564 sub-

2051 509 2236 573 οὐσίας
2259 510 2300 542 ¹¹
2337 508 2613 581 παρέλαϐε
2673 510 2992 585 σύνδρομον.
3040 514 3153 569 Καὶ
3197 514 3359 571 πάλιν
3400 534 3414 548 ·
3450 519 3620 576 Ὅταν

375 606 647 659 stantiam.
703 601 964 656 Omnibus
1020 600 1160 653 enim
1211 600 1554 671 perspicuum
1601 610 1704 666 est,
1752 609 1806 655 ut
1843 616 1945 655 na-

2072 602 2165 657 ts‘r
2195 600 2303 673 γὰρ
2335 601 2676 671 θεοπρεπῶς
2719 605 2871 675 λέγῃ
2895 606 3030 676 περὶ
3078 606 3319 674 ἑαυτοῦ,
3356 612 3390 665 ὁ
3443 610 3617 681 ἑωρα-

376 704 554 749 turam
594 702 758 762 alque
784 691 1072 745 essentiam
1110 692 1209 745 hoc
1240 691 1631 759 signiﬁcantem
1674 693 1952 747 conﬁrma-

376 786 466 841 rit.
518 784 748 839 Sanctus
786 797 1002 852 quoque
1053 783 1486 853 Amphilochius,
1523 791 1584 838 ut
1625 783 1769 836 clare
1814 783 1954 837 dixi-

376 891 521 941 mus,
567 875 838 929 similiter.
889 872 994 928 Sed
1043 882 1291 929 naturam
1333 890 1432 945 pro
1462 873 1765 930 substantia
1808 875 1949 941 capi,

375 974 657 1021 ostensum
689 974 791 1028 est,
825 966 1049 1019 abusive
1073 968 1284 1034 qquue
1312 971 1367 1017 et
1389 978 1486 1032 pro
1506 964 1783 1035 hyposmsi
1808 964 1949 1031 capi,

374 1058 610 1130 Cyrillns
664 1065 912 1111 testatur.
977 1055 1112 1110 Nam
1160 1057 1212 1110 in
1262 1057 1663 1130 controversiis.
1693 1054 1952 1111 ait:Nos

374 1153 540 1220 igitur
568 1150 716 1203 illius
757 1150 1078 1220 argumentis
1110 1164 1425 1218 pugnamus,
1463 1150 1717 1202 unitatem
1737 1148 1794 1202 in
1835 1164 1956 1217 per-

376 1258 509 1296 sona
541 1241 660 1308 ﬁeri
696 1241 999 1305 asserimus,
1031 1238 1163 1293 nihil
1184 1239 1333 1292 aliud
1362 1248 1645 1308 opparente
1666 1238 1954 1291 secundum

373 1331 707 1401 hypostasin,
733 1345 888 1398 quam
918 1328 1085 1383 solum
1118 1326 1272 1381 Verbi
1301 1339 1565 1390 naturam,
1593 1328 1828 1381 uidelicet
1858 1326 1954 1397 hy-

373 1423 635 1494 postasin,
674 1421 815 1491 quod
853 1429 953 1486 est,
983 1420 1154 1489 ipsum
1199 1418 1425 1473 Verbum
1464 1421 1708 1474 humanm
1751 1429 1955 1473 nnturte

375 1529 555 1568 revera
586 1512 815 1578 unitum,
844 1511 957 1566 sine
977 1511 1284 1575 fmutatione
1305 1518 1354 1562 et
1380 1508 1703 1577 confusione,
1736 1519 1791 1562 ut
1818 1526 1953 1577 stupe

2052 692 2171 760 κὼς
2197 695 2301 764 ἐμὲ
2326 692 2549 763 ἑώρακε
2571 696 2681 751 τὸν
2702 698 2955 766 Πατέραο
2996 692 3115 751 καί*
3138 699 3286 769 Ἐγὼ
3307 701 3404 756 καὶ
3447 704 3480 756 d
3505 706 3617 757 Πα-

2053 782 2164 852 τὴρ
2189 782 2258 838 ἒν
2284 783 2496 853 ἐσμεν,
2542 784 2659 853 τὴν
2700 786 2870 842 θείαν
2908 787 3097 842 αὐτοῦ
3134 791 3233 843 καὶ
3284 791 3619 861 ἀπόρῤητον

2052 875 2384 945 ἐννοοῦμεν
2408 877 2620 945 φύσιν.
2645 876 2777 933 καθ’
2811 877 2894 948 ἣν
2914 878 3013 934 καὶ
3052 878 3123 935 ἓν
3158 881 3294 936 ἐστι
3326 883 3475 950 πρὸς
3516 883 3621 938 τὸν

2052 962 2270 1019 ἑαυτοῦ
2295 962 2527 1033 Πατέρα
2554 965 2657 1021 διὰ
2699 967 2815 1038 τὴν
2855 969 3190 1039 ταυτότητα
3231 969 3342 1039 τῆς
3390 973 3618 1041 οὐσίας.

2053 1052 2224 1107 Παντὶ
2253 1054 2361 1124 γὰρ
2393 1054 2553 1123 δῆλον
2585 1056 2664 1120 ὡς
2697 1057 2795 1129 τὴν
2817 1057 2980 1127 φύσιν
3014 1061 3110 1113 καὶ
3124 1060 3225 1131 τὴν
3251 1061 3439 1114 οὐσίαν
3465 1064 3623 1117 tau-:6

2057 1145 2427 1213 σημαίνουσαν
2461 1144 2783 1202 ἐϐεϐαίωσε.
2812 1148 2926 1202 Καὶ
2951 1150 2979 1202 6
3005 1150 3064 1202 ὲν
3095 1150 3273 1219 ἁγίοις
3315 1151 3373 1204 δὲ
3435 1152 3625 1222 ’Δμφι-

2053 1231 2251 1303 λόχιος,
2310 1235 2387 1300 ὡς
2438 1236 2506 1290 ὲκ
2562 1236 2670 1289 τῶν
2711 1239 3125 1309 προειρημένων
3174 1240 3353 1310 δῆλον,
3406 1241 3619 1310 ὁμοίως.

2068 1324 2208 1380 Ἀλλ’
2238 1327 2321 1381 ὃτι
2362 1327 2460 1399 μὲν
2479 1330 2512 1400 ή
2533 1327 2694 1398 φύσις
2715 1329 2837 1383 ἀντὶ
2865 1330 2968 1401 τῆς
3014 1331 3206 1396 οὐσίας
3262 1350 3337 1385 πα
3346 1332 3623 1405 ραλαμὸά-

2055 1436 2228 1487 νεται,
2255 1420 2564 1475 δέδεικταιο
2626 1423 2709 1477 ὅτι
2753 1424 2811 1478 δὲ
2860 1426 3323 1496 καταχρηστικῶς
3380 1428 3472 1480 καὶ
3512 1428 3626 1482 ἀντὶ

2053 1511 2155 1581 τῆς
2193 1511 2567 1579 ὑποστάσεως,
2622 1514 2652 1567 6
2704 1514 2870 1578 αὐτὸς
2927 1517 3273 1589 μαρτυρήσει
3318 1517 3620 1589 Κύριλλοςο

366 1603 484 1673 jam
511 1604 767 1666 diximus,
800 1618 939 1655 unus
989 1617 1098 1655 esse
1145 1601 1456 1669 percipitur,
1501 1609 1550 1654 et
1591 1609 1667 1653 est
1714 1598 1951 1653 Christus

2072 1601 2187 1671 T793
2210 1601 2305 1675 11.]
2321 1605 2377 1657 ὲν
2401 1603 2509 1675 γὰρ
2531 1606 2649 1668 ταῖς
2677 1606 3054 1676 Ἀντιρρήσεσί
3079 1624 3264 1679 φησιν·
3284 1608 3624 1678 Ἆναγκαίως

374 1697 513 1752 idem
544 1695 697 1748 Immo
733 1704 778 1748 et
806 1694 964 1748 Deus.
993 1693 1217 1758 Magnus
1247 1708 1457 1762 quoque
1484 1691 1718 1747 Basilius
1744 1692 1950 1761 Cappa-

2072 1692 2172 1751 νῦν
2188 1695 2356 1764 ἡμεῖς
2375 1694 2499 1762 τοῖς
2523 1696 2759 1752 ἐκεῖνον
2779 1699 3115 1768 μαχόμενοι
3157 1698 3276 1767 τὴν
3331 1703 3461 1757 καθ’
3487 1702 3627 1757 ὑπό-

375 1788 504 1854 dox,
538 1786 695 1856 cnjus
723 1784 863 1839 fama
903 1785 1217 1839 universum
1246 1792 1573 1853 pervagatur
1600 1784 1810 1845 orbem,
1844 1783 1955 1850 [or-

2072 1800 2286 1841 o'taatr
2316 1786 2536 1841 ἕνωσιν
2563 1765 2841 1858 γενέσθαι
2870 1765 3096 1859 γέοαμὲν,
3122 1765 3228 1845 τοῦ
3251 1792 3295 1824 ¹²
3330 1793 3459 1848 καθ’
3485 1794 3628 1848 ὑπό-

376 1893 517 1930 mam
547 1885 601 1930 et
628 1876 909 1929 essentiam
946 1874 1087 1929 idem
1113 1888 1235 1928 esse
1264 1873 1441 1929 docet.
1479 1873 1711 1928 Proelus
1733 1888 1957 1941 quoque

2072 1892 2292 1931 στασιν
2323 1876 2505 1932 οὐδὲν
2534 1877 2741 1947 ἕτερον
2776 1882 3290 1950 ὑποφαίνοντος-’³
3322 1883 3491 1950 πλὴν
3545 1884 3629 1938 ὅτι

378 1965 1015 2035 Constantinopolitanns
1036 1964 1347 2036 patriarcha
1376 1964 1631 2020 similiter
1655 1981 1671 2020 :
1699 1964 1787 2020 ille
1811 1964 1958 2019 enim

2072 1968 2221 2037 μόνη
2259 1968 2297 2037 ἡ
2326 1967 2433 2022 τοῦ
2472 1971 2668 2037 Λόγου
2701 1969 2888 2040 φύσις
2939 1969 3137 2040 ἤγουν
3188 1972 3548 2040 ὑπόστασις,
3599 1972 3633 2028 ὅ

378 2058 613 2114 formam
642 2056 935 2112 essentiam
962 2054 1270 2126 appellavit,
1293 2055 1382 2110 hic
1419 2069 1546 2109 vero
1567 2063 1841 2111 naturam.
1869 2055 1961 2111 Sic

2072 2060 2232 2114 ἐστιν
2265 2060 2448 2127 αὐτὸς
2506 2063 2540 2115 ὁ
2594 2061 2800 2131 Λόγος,
2860 2061 3198 2131 ἀνθρωπεία
3244 2063 3428 2133 φύσει
3488 2064 3630 2119 κατὰ

379 2160 434 2206 et
462 2148 653 2204 Patres
680 2150 850 2203 nostri
880 2163 911 2202 e
938 2146 1148 2201 duabus
1178 2157 1432 2203 constare
1461 2147 1671 2203 naturis
1717 2147 1958 2203 dicentes

2072 2151 2351 2220 ἀλήθειαν
2386 2150 2642 2218 ἐνωθεῑς,
2682 2151 2910 2221 τροπῆς
2947 2153 3089 2222 δίχα
3126 2154 3223 2207 καὶ
3258 2155 3630 2225 συγχύσεως,

379 2226 656 2298 Christum
688 2239 899 2305 Iesum,
941 2253 972 2292 e
1012 2239 1222 2293 duabus
1263 2238 1585 2295 substantiis
1631 2238 1962 2309 intelligunt.

2072 2242 2217 2297 καθὰ
2234 2242 2591 2309 πλειστάκις
2619 2243 2969 2313 εἰρήκαμεν,
2994 2238 3083 2311 εἷς
3118 2244 3345 2298 νοεῖται
3384 2244 3482 2298 καὶ
3511 2245 3634 2299 ἐστι

381 2332 845 2401 Quemadmodum
881 2341 936 2386 et
961 2347 1082 2385 cum
1106 2330 1159 2385 in
1186 2330 1399 2386 duabus
1415 2330 1648 2395 naturis,
1673 2330 1726 2384 in
1746 2328 1960 2384 duabus

2072 2334 2318 2402 Χριστὸς
2343 2335 2376 2387 ό
2399 2333 2583 2398 αὐτὸς
2622 2332 2768 2397 Θεὸς
2796 2331 2897 2386 καὶ
2923 2331 3257 2401 ἄνθρωπος.
3286 2333 3399 2386 Καὶ
3450 2334 3479 2386 6
3510 2332 3634 2386 θαυσ

381 2423 725 2481 substantiis.
761 2423 826 2477 Et
867 2422 957 2477 ille
988 2421 1211 2477 tonitrui
1259 2421 1401 2478 illius
1439 2420 1583 2477 idem
1629 2422 1804 2485 docet,
1836 2436 1961 2476 cum

2072 2424 2262 2496 μάσιος
2294 2423 2350 2476 δὲ
2371 2422 2672 2489 Βασίλειος,
2709 2424 2738 2477 6
2770 2425 2835 2477 ὲκ
2863 2422 3262 2486 Καππαδοκίας
3312 2424 3494 2477 πᾶσαν
3528 2440 3634 2492 φω-

383 2516 462 2571 ait
486 2533 502 2571 :
526 2515 681 2581 Quod
714 2512 811 2583 fuit
847 2514 902 2567 in
927 2513 1099 2577 initio,
1131 2512 1270 2583 quod
1305 2511 1531 2565 vidimus
1554 2511 1720 2566 oculis
1746 2510 1962 2573 nostris,

384 2617 431 2662 et
457 2623 646 2662 manus
690 2614 886 2660 nostris
936 2612 1409 2671 contreetaverunt,
1453 2602 1517 2657 de
1578 2601 1745 2657 Verbo
1791 2603 1961 2657 vitw'.

385 2697 567 2754 Unum
627 2706 684 2753 et
760 2697 1013 2751 euutdem
1067 2710 1166 2765 per
1237 2710 1359 2765 quae
1409 2695 1647 2751 diximus
1716 2694 1967 2748 manibus

385 2787 722 2859 tractabilem
754 2794 1005 2840 naturam
1052 2784 1254 2839 habere
1286 2792 1343 2839 et
1382 2783 1802 2848 intractabilem,
1826 2797 1965 2852 prae-

384 2878 604 2935 dicavit.
640 2876 872 2934 Verbum
920 2877 1066 2931 enim
1118 2875 1463 2931 intractabile
1517 2884 1806 2930 tractatum
1846 2888 1970 2930 esse

387 2971 672 3035 ostendit,
735 2978 791 3024 et
849 2969 1121 3025 invisibile
1180 2968 1357 3025 visum
1405 2966 1575 3022 fuisse
1635 2966 1969 3037 praenuntia-

2065 2515 2222 2579 τίσας
2247 2514 2346 2585 τὴν
2372 2514 2721 2586 οἰκουμένην,
2751 2513 2850 2586 τὴν
2893 2515 3108 2587 μορφὴν
3156 2514 3252 2568 καὶ
3311 2513 3414 2586 τὴν
3457 2514 3637 2568 οὐσίαν

2068 2603 2265 2658 ταύτὸν
2289 2601 2629 2674 δογματίζει.
2673 2603 2781 2657 Καὶ
2829 2603 3071 2675 Πρόκλος
3121 2603 3180 2658 δὲ
3208 2605 3238 2658 6
3299 2605 3639 2658 Κωνσταντι⁴

2068 2697 2378 2761 νουπόλεως
2429 2696 2728 2759 ἐπίσκοπος
2792 2695 3055 2771 ὡσαύτως
3085 2711 3100 2726 ’
3169 2697 3198 2751 6
3237 2695 3342 2767 μὲν
3391 2696 3499 2768 γὰρ
3546 2695 3640 2765 τὴν

2074 2787 2287 2859 μορφὴν
2304 2786 2492 2841 οὐσίαν
2525 2787 2833 2857 ὠνόμασεν,
2875 2788 2903 2840 6
2931 2785 2988 2840 δὲ
3014 2786 3197 2857 φύσιν.
3228 2787 3422 2851 Οὕτως
3456 2786 3505 2840 οἱ
3535 2786 3642 2839 Πα-

2071 2875 2229 2948 τέρες
2260 2877 2422 2946 ἡμῶν
2480 2877 2547 2930 ὲκ
2575 2877 2669 2930 δύο
2723 2877 2940 2946 φύσεων
2991 2877 3243 2946 λέγοντες
3298 2877 3395 2931 τὸν
3451 2877 3642 2947 Κύριον

2071 2967 2232 3039 ὴμῶν
2267 2965 2473 3035 Ἰησοῦν
2503 2967 2742 3040 Χριστὸν
2798 2968 3117 3036 συγκεῖσθαι
3182 2971 3246 3023 ὲκ
3294 2970 3392 3023 δύο
3442 2968 3642 3022 νοοῦσιν

388 3062 488 3117 νὶι.
525 3062 706 3130 Quare
744 3059 999 3116 Christus
1046 3076 1186 3117 unus
1221 3060 1274 3117 in
1304 3061 1584 3132 palpabili,
1621 3068 1676 3115 et
1707 3059 1969 3131 impalpa-

2073 3057 2293 3124 οὐσιῶν,
2324 3056 2515 3128 ὥσπερ
2535 3058 2630 3112 καὶ
2663 3058 2826 3127 ἡνίκα
2853 3061 2911 3113 ὲν
2934 3060 3027 3114 δύο
3071 3060 3319 3131 φύσεσιν,
3379 3062 3438 3114 ὲν
3503 3059 3643 3114 δυσὶν

390 3153 488 3208 bili
549 3151 880 3219 substantia,
931 3160 991 3207 ut
1033 3159 1088 3207 et
1139 3153 1192 3207 in
1242 3153 1441 3208 visibill
1490 3161 1655 3223 atque
1707 3152 1968 3208 invisibili

390 3246 760 3317 cognoscitur,
793 3254 848 3300 et
886 3245 1007 3301 aliis
1038 3253 1342 3316 praeceptor
1378 3247 1713 3317 agnoscitur.
1748 3244 1805 3300 Si
1827 3245 1973 3299 enim

392 3347 442 3390 et
470 3336 632 3392 unius
652 3349 900 3406 persona:
926 3336 1152 3391 alterum
1177 3354 1191 3390 :
1218 3336 1312 3393 sed
1341 3351 1497 3391 nemo
1524 3352 1659 3391 sana
1691 3345 1872 3391 mente
1891 3336 1972 3391 di-

394 3445 521 3486 cere
549 3438 735 3499 queat,
762 3437 824 3484 ut
847 3430 1037 3484 eadem
1072 3439 1264 3483 natura
1296 3429 1599 3485 tractabilis
1627 3438 1683 3484 et
1711 3430 1975 3485 intracta-

392 3522 539 3587 bilis,
567 3521 666 3577 sub
685 3530 966 3592 aspectum
989 3521 1230 3577 cadentis
1252 3529 1307 3576 et
1330 3522 1573 3586 minime,
1607 3522 1686 3576 sic
1710 3532 1765 3577 et
1787 3537 1817 3577 a
1843 3521 1977 3578 tide-

394 3612 537 3668 libus
560 3621 841 3683 sumptum
864 3611 1068 3667 Christi
1093 3625 1308 3682 corpus,
1338 3622 1393 3667 et
1421 3612 1696 3668 sensibilis
1725 3612 1979 3669 essentia:

398 3719 507 3759 non
538 3703 909 3774 cognoscitur,
950 3712 1005 3758 et
1034 3702 1327 3757 indivisum
1359 3719 1388 3756 a
1432 3702 1609 3774 gratia
1649 3702 1978 3773 intelligibili

397 3805 601 3850 manet.
639 3794 706 3849 Et
746 3794 1046 3864 spiritualis
1091 3793 1416 3863 baptismns,
1448 3802 1618 3848 totum
1651 3792 1855 3849 factum
1894 3802 1980 3850 est

399 3900 573 3940 unum
610 3884 904 3951 exsistens,
941 3884 1153 3952 hocque
1187 3883 1504 3939 substantia:
1538 3884 1814 3941 sensibilis
1846 3901 1976 3956 pro-

397 3976 578 4044 prium
605 3983 711 4039 est,
764 3988 860 4045 per
918 3988 1141 4043 aquam,
1195 3973 1440 4043 inquam,
1503 3975 1697 4041 salvat,
1734 3985 1787 4031 et
1836 3976 1981 4047 quod

399 4068 603 4123 factum
633 4074 714 4122 est
764 4080 871 4120 non
904 4066 1065 4135 perit.
1116 4067 1188 4120 At
1222 4080 1354 4121 vero
1401 4066 1599 4137 impius
1652 4067 1740 4122 ille
1788 4066 1981 4123 Nesto-

400 4159 538 4223 rlus,
564 4157 658 4228 qui
690 4172 814 4212 cum
859 4157 968 4211 Deo
996 4158 1268 4227 pugnandi
1316 4168 1504 4213 auctor
1531 4158 1759 4220 exstitit,
1792 4158 1983 4228 impie-

403 4259 568 4306 tatem
593 4263 867 4321 opponere
888 4249 1123 4316 videtur,
1150 4252 1287 4307 duas
1309 4260 1538 4306 naturas
1563 4250 1763 4307 divisas
1781 4260 1833 4306 et
1855 4265 1984 4320 pro-

400 4344 553 4411 prias
577 4356 837 4413 personas
860 4341 1210 4413 excogitavit,
1252 4350 1308 4398 et
1339 4351 1655 4397 naturarum
1684 4343 1981 4399 secundum

2075 3148 2310 3212 οὐσίαις.
2344 3149 2456 3202 Καὶ
2476 3150 2504 3202 6
2525 3148 2628 3218 τῆς
2657 3147 2887 3220 βροντῆς
2904 3150 2963 3204 δὲ
2994 3151 3121 3213 Υἱὸς
3152 3151 3313 3206 τοῦτο
3334 3151 3569 3206 διδάσκει
3590 3152 3644 3204 ὲν

2075 3239 2154 3311 τῷ
2188 3239 2389 3307 λέγειν.
2419 3241 2490 3293 '0
2515 3234 2657 3309 ἦνίδ
2684 3240 2787 3294 ἀπ’
2817 3239 3031 3310 ἀρχῆς,
3066 3241 3099 3294 ὃ
3155 3240 3504 3312 ἑωράκαμεν
3551 3240 3645 3295 καὶ

2075 3332 2135 3385 ai
2167 3329 2363 3399 χεῖρες
2388 3327 2560 3399 ἡμῶν
2577 3328 2993 3399 ἐψηλάφησαν
3015 3330 3150 3399 περὶ
3191 3330 3300 3385 τοῦ
3324 3333 3517 3400 Λόγου
3544 3329 3645 3397 τῆς

2076 3421 2246 3490 ζωῆς.
2281 3421 2386 3474 Τὸν
2412 3419 2510 3474 ἕνα
2537 3420 2648 3492 γὰρ
2683 3421 2778 3475 καὶ
2825 3421 2917 3475 τὸν
2958 3422 3144 3487 αὐτὸν,
3190 3422 3258 3475 δι’
3292 3415 3372 3477 ὧν
3422 3422 3643 3492 ἔφημεν,

2077 3515 2174 3569 καὶ
2206 3513 2529 3584 ψηλαφητὴν
2549 3513 2738 3567 οὐσίαν
2769 3512 3009 3586 [615E]
3036 3512 3181 3584 ἔχειν
3217 3514 3324 3568 ’καὶ
3372 3512 3650 3585 ἀψηλάιρη·

2077 3625 2172 3664 τον
2204 3606 2530 3678 ἀνεκήρυξε.
2552 3606 2724 3674 Λόγον
2779 3605 2890 3677 γὰρ
2947 3605 3120 3659 εἰπὼν
3150 3606 3244 3660 τὸν
3307 3605 3649 3677 ἀψηλάφητον
3682 3626 3689 3637 ~

2077 3697 2464 3772 ψηλαφηθῆναι
2491 3696 3007 3769 προσεμαρτύρησε,
3036 3695 3133 3750 καὶ
3164 3697 3470 3768 ἑωρακέναι
3491 3694 3649 3748 εἰπὼν

2077 3786 2172 3840 τὸν
2201 3785 2432 3856 ἀόρατον
2467 3784 2900 3857 προανήγγειλεν
2927 3801 2943 3817 ·
2978 3783 3120 3839 ὥστε
3157 3785 3249 3839 τὸν
3276 3787 3378 3839 ἕνα
3408 3782 3650 3853 ’Χριστδν

2080 3877 2140 3930 ἑν
2171 3876 2466 3949 ψηλαφητῇ
2500 3878 2595 3931 καὶ⁵
2623 3876 2967 3948 ἁψηλαφήτῳ
3012 3876 3173 3947 οὐσίᾳ.
3226 3876 3325 3930 καὶ
3376 3876 3435 3930 ὲν
3488 3874 3648 3944 ὁρατῇ

2082 3969 2177 4022 καὶ
2203 3970 2421 4041 ἀοράτῳ
2440 3967 2700 4040 γνωρίζει
2728 3985 2791 4023 τε
2815 3969 2860 4002 ¹⁸
2908 3967 3008 4023 καὶ
3062 3969 3177 4031 τοῖς
3231 3967 3417 4032 ἄλλοις
3463 3964 3651 4020 εἰδέναι

2081 4059 2398 4124 διδάσκαλος
2421 4058 2653 4127 γίνεται.
2690 4059 2755 4112 Ei
2785 4057 2895 4129 γὰρ
2920 4058 3016 4112 καὶ
3051 4057 3171 4121 ἑνὸς
3207 4055 3503 4128 προσώπου
3528 4054 3652 4108 sua.

2082 4172 2242 4226 τερον
2269 4156 2334 4220 η,
2370 4152 2487 4208 ἀλλ’
2512 4151 2687 4214 οὐδεὶς
2715 4150 2782 4205 ἂν
2808 4150 2982 4204 εἰπεῖν
2999 4147 3224 4203 δύναται
3250 4146 3379 4201 νοῦν
3404 4145 3540 4217 ἔχων
3582 4143 3652 4204 ὡς

2084 4249 2119 4320 ἡ
2148 4246 2288 4318 αὐτὴ
2318 4244 2478 4315 φύσις
2494 4240 2822 4314 ψηλαφητοῦ
2857 4240 2951 4295 καὶ
2998 4238 3363 4310 ἁψηλαφήτου
3410 4236 3503 4290 καὶ
3530 4234 3652 4303 ὀρα-

2084 4338 2178 4392 τοῦ
2205 4338 2299 4392 καὶ
2328 4335 2584 4408 ἀοράτου.
2643 4333 2801 4388 Οὕτω
2833 4332 2931 4386 καὶ
2975 4333 3039 4384 τὸ
3087 4329 3241 4401 παρὰ
3296 4328 3408 4382 τῶν
3458 4321 3655 4379 πιστῶν

404 4433 727 4502 bypostases
770 4432 965 4503 εδει
1029 4431 1371 4499 divisionem,
1427 4442 1482 4489 et
1531 4448 1639 4488 una
1675 4434 1987 4488 adoratione

2089 4426 2569 4500 λαμϐανόμενονίτ
2618 4423 2777 4495 σῶμα
2821 4420 3063 4493 Χριστοῦ
3103 4421 3200 4475 καὶ
3255 4418 3355 4490 τῆς
3404 4414 3653 4484 αἰσθητῆς

404 4537 572 4578 unum
615 4521 796 4579 facere
841 4532 1068 4579 conatus
1115 4534 1217 4580 est.
1266 4526 1340 4580 At
1388 4539 1517 4581 vero
1562 4525 1859 4598 Eutyclies,
1894 4526 1987 4582 Dei

2092 4520 2283 4582 οὐσίας
2311 4517 2412 4572 οὐκ
2460 4515 2740 4583 ἐξίσταται
2792 4515 2891 4568 καὶ
2943 4513 3045 4583 τῆς
3098 4512 3298 4584 νοητῆς
3359 4507 3655 4598 ἀδιαίρετον

364 4670 380 4687 ,
406 4628 624 4683 quoque
650 4614 1015 4683 adversarius,
1057 4616 1312 4679 unionem
1345 4593 1735 4688 hypostaticavm
1770 4632 1877 4673 non
1906 4627 1987 4674 est

2095 4609 2247 4681 μένει
2267 4607 2511 4678 χάριτος.
2543 4604 2653 4658 Καὶ
2682 4602 2745 4656 τὸ
2765 4602 3046 4673 βάπτισμα
3067 4602 3123 4655 δὲ
3152 4597 3526 4688 πνευματικὸν
3545 4593 3655 4688 ὁδον

406 4705 701 4769 inliciatus,
749 4697 915 4772 atque
965 4706 1308 4761 incarnatum
1339 4684 1642 4776 e'Virgitte
1695 4708 1987 4764 Dominum

2092 4700 2382 4770 γενόμενον
2400 4697 2494 4752 καὶ
2522 4695 2580 4750 ἓν
2612 4694 2878 4766 ὑπάρχον,
2911 4692 3091 4747 καὶτὸ
3151 4691 3281 4745 ῐδιον
3338 4690 3437 4759 τῆς
3477 4684 3656 4752 αἰσθη-

408 4806 656 4858 nostrum
729 4794 915 4852 Jesnm
985 4798 1298 4864 Christum,
1359 4814 1605 4856 asserere
1671 4801 1987 4868 pmnitentia

2092 4793 2192 4864 τῆς
2213 4790 2401 4853 οὐσίας
2429 4785 2546 4860 (τοῦ
2572 4785 2764 4850 ὕδατος
2782 4785 2948 4856 λέγω)
2973 4782 3250 4849 διασώζει,
3280 4782 3375 4835 καὶ
3397 4779 3427 4833 6
3448 4777 3657 4868 γέγονε-ν

406 4886 625 4950 ductus,
665 4886 809 4954 quod
846 4886 1085 4952 nolebat,
1107 4886 1322 4944 didicit.
1354 4888 1461 4943 Sed
1486 4891 1632 4959 quod
1658 4864 1809 4957 prius
1837 4904 1987 4946 asse-

2097 4884 2197 4939 οὐκ
2224 4881 2528 4937 ἀπώλεσεν.
2572 4877 2714 4933 Ἀλλ’
2745 4880 2773 4932 ὁ
2791 4876 3060 4947 δυσσεὸὴς
3085 4874 3401 4943 Νεστόριος,
3434 4870 3493 4933 ὃς
3534 4864 3660 4938 πρό-

407 4988 596 5034 ruerat
625 4992 656 5031 e
682 4977 820 5033 coelo
841 4978 1100 5035 detulisse
1123 4993 1369 5046 carnem,
1393 4990 1706 5036 asserentes
1734 4995 1992 5037 exsecra-

411 5078 501 5125 tus
533 5079 637 5125 est.
679 5069 1153 5128 Consubstantiale
1197 5088 1328 5127 vero
1383 5074 1690 5140 nobiscum,
1746 5082 1802 5127 et
1852 5087 1996 5142 saepe

413 5175 480 5216 ac
518 5162 743 5217 multum
787 5172 1033 5232 coactus,
1086 5180 1430 5235 nequaquam
1484 5164 1736 5221 conﬁteri
1769 5165 1942 5219 voluit
1978 5182 1993 5217 :

416 5269 603 5308 verum
675 5270 841 5311 unam
896 5256 1247 5327 praedicando
1292 5267 1566 5321 naturam,
1612 5271 1736 5312 eum
1774 5271 1997 5311 carnem

418 5347 684 5402 nobiscum
730 5351 1231 5406 consubstantialem
1280 5351 1554 5407 debuisset
1595 5349 1866 5416 conﬁteri,
1899 5364 1997 5405 ex-

2101 4994 2265 5047 φασις
2307 4975 2600 5046 θεομαχεῖν
2655 4972 2769 5035 τοῖς
2814 4971 2878 5024 ἐκ
2922 4968 3220 5039 διαμέτρου
3262 4966 3360 5037 τὴν
3418 4960 3661 5017 ἀσέϐειαν
3710 4956 3725 4965 ⁵

2100 5069 2254 5122 δοκεῖ
2280 5066 2548 5136 γίνεσθαι,
2573 5063 2670 5118 δύο
2690 5063 2881 5133 φύσεις
2921 5061 3259 5134 διῃρημένας
3306 5056 3403 5110 καὶ
3438 5053 3660 5107 ίδιοῡπο·

2097 5160 2326 5222 στάτους
2358 5156 2714 5227 ὲφαντάζετο,
2735 5154 2832 5207 καὶ
2859 5154 2959 5225 τὴν
2992 5152 3101 5206 τῶν
3146 5149 3362 5218 φύσεων
3405 5141 3542 5199 κατὰ
3571 5139 3660 5199 τὰς

2098 5252 2423 5314 ὑποστάσεις
2443 5248 2707 5318 διαίρεσιν
2735 5247 2803 5317 τῇ
2846 5245 2946 5315 μιᾷ
2995 5240 3365 5314 προσκυνήσει
3412 5230 3662 5318 ὲνοποιείν

2098 5343 2404 5413 ἐσοφίζετο.
2461 5341 2524 5393 '0
2555 5315 2616 5393 δὲ
2656 5315 2927 5408 θεομίάχος
2984 5332 3231 5403 Εὐτυχὴς
3263 5329 3363 5401 τὴν
3408 5324 3504 5398 μὲν
3547 5315 3659 5373 καθ’

1710 5481 1943 5551 nam
1976 5473 2380 5551 [,ECTIONES.

491 5575 540 5649 ξθ
563 5577 691 5649 γὰρ
724 5579 848 5636 add.
879 5580 939 5635 Λ.

422 5640 697 5777 {ﬁgis}
756 5650 1043 5723 γνωρίζειν
1075 5666 1135 5704 τι
1182 5640 1326 5707 corr.
1380 5649 1425 5703 A
1453 5669 1464 5704 :
1495 5640 1825 5720 γνωρίζεται
1868 5640 1943 5712 ’ς.

1036 5581 1077 5613 ¹¹
1113 5580 1175 5633 τὸ
1201 5580 1299 5649 τῆς
1326 5579 1515 5642 οὐσίας
1548 5581 1611 5633 Α.
1680 5579 1734 5649 ί¹¹
1765 5577 1884 5649 τοῦ]
1904 5579 2000 5648 τὴν
2035 5578 2113 5649 Α.
2178 5576 2219 5607 ¹³
2245 5569 2561 5649 ὐφαίνρνξος
2587 5584 2645 5631 ς·

2726 5563 2771 5596 ιι
2797 5556 2957 5634 δῆν]
2995 5560 3226 5634 |_soa_u.
3263 5553 3376 5634 μί·
3454 5551 3500 5631 ".

2078 5616 2118 5678 ίσ
2149 5614 2709 5716 προ-οἷκαῖέκᾶτῖ-ς.
2808 5614 3447 5703 λ”νὶιὲταὶαμὸανόμενον
3489 5619 3539 5676 iu
3584 5614 3662 5670 lib-
