3972 6248
352 297 450 362 981
1431 294 1956 358 BIBLIOTHECA.
1977 316 2044 338 -
2065 294 2230 357 COD.
2261 294 2558 358 CCXXIX.
3519 295 3622 358 982

352 407 653 462 ὑπόστασιν
701 405 900 460 ἓνωσιν
930 403 1031 460 ούκ
1065 405 1309 477 ἠρνεῖτο,
1349 404 1460 460 οὐδ’
1509 407 1594 459 ὅτι
1640 403 1921 476 ὲσαρκώθη

2037 404 2522 461 communicationi
2563 401 2848 475 subjectus
2890 411 2992 460 est.
3044 401 3202 460 l-lunt:
3239 403 3460 476 quidem
3501 419 3622 460 sco-

349 501 416 555 ὲκ
437 501 536 570 τῆς
561 499 827 553 Θεοτόκου
871 497 1144 568 παρθένου
1177 499 1206 552 6
1240 495 1446 568 Κύριος
1504 497 1663 568 ὴμῶν
1721 495 1921 568 Ἰησοῦς

2046 512 2178 568 pum
2213 506 2462 552 assecuta
2497 495 2672 566 prima
2699 496 2876 550 oratio
2906 537 2922 564 ,
2953 496 3160 552 (initur.

349 590 586 662 Χριστὸς
609 589 675 657 ¹⁸,
701 591 765 643 ὲκ
797 588 1154 660 μεταμελείας
1195 587 1381 660 μαθὼν
1448 587 1629 658 λέγειν
1694 586 1724 640 ὃ
1786 587 1888 641 οὐκ
1944 586 2176 658 ἤθελενο
2232 587 2369 642 ἀλλὰ
2422 587 2518 641 καὶ
2566 585 2978 658 ἀνεθεμάτισεν,
3037 588 3066 642 6
3121 588 3388 660 πρότερον
3458 585 3622 651 αὐτὸς

351 688 603 756 ἔστεργε,
620 684 748 745 τοὺς
768 681 1025 749 λέγοντας
1055 683 1119 734 ὲκ
1138 681 1232 734 τοῦ
1260 681 1491 754 ούρανοῦ
1515 682 1932 752 κατενηνοχέναι
1970 681 2069 752 τὴν
2093 681 2292 754 σάρκα.
2325 681 2398 734 T6
2429 679 2486 736 δὲ
2509 680 2644 753 πρὸς
2661 681 2806 751 ἡμᾶς
2831 681 3134 752 δμοούσιον,
3201 683 3379 736 καίτοι
3451 683 3622 737 πολλὰ

352 779 450 832 καὶ
503 775 763 839 πολλάκις
835 772 1102 844 βιασθεὶς,
1148 775 1400 846 οὐδαμῶς
1459 774 1793 845 ὁμολογῆσαι
1835 775 2121 846 ἠνέσχετο,
2189 775 2325 830 ἀλλὰ
2397 776 2527 846 μίαν
2593 775 2782 830 οὐσίαν
2838 775 3123 846 κηρύττων
3173 777 3293 831 ἀντὶ
3331 776 3425 831 τοῦ
3486 779 3632 849 ἡμῖν’

352 874 685 941 ὀμοούσιον
727 867 1064 938 ὁμολογῆσαι
1085 867 1185 940 τὴν
1211 868 1410 940 σάρκα,
1439 866 1516 939 τῷ
1535 867 1841 938 ἁναθέματι
1870 867 2255 940 ὑπενήνεκται.
2309 869 2368 925 '0
2397 869 2497 940 μὲν
2567 867 2663 923 οὖν
2727 874 2775 923 α’
2822 868 2980 938 λόγος
3029 867 3206 923 ταῦτα
3257 868 3478 923 διελθὼν
3527 869 3618 921 τὸν

356 965 558 1020 σκοπὸν
582 962 910 1034 ὲπεράνατο.

435 1056 526 1108 Ἐν
548 1055 604 1108 δὲ
627 1055 707 1125 τῷ
738 1055 784 1125 β’
810 1055 956 1128 λόγῳ
976 1062 1017 1110 ε’
1045 1054 1208 1110 τινῶν
1233 1054 1568 1124 κεφαλαίων,
1598 1050 1673 1112 ὧν
1693 1055 1722 1108 6
1746 1056 1938 1126 σχολα-

357 1148 544 1210 στικὸς
581 1147 894 1212 Ἀνατόλιος
930 1147 1031 1220 τὴν
1075 1147 1312 1218 μάθησιν
1351 1147 1713 1219 ἐπεζήτησεν,
1746 1147 1934 1202 ἀποδίο

351 1239 485 1290 δωσι
504 1237 685 1305 λόγον,
727 1238 842 1302 ἑνὸς
910 1238 1032 1308 μὲν,
1061 1240 1110 1291 εί
1159 1239 1255 1292 καὶ
1313 1239 1407 1294 νῦν
1441 1239 1678 1310 Χριστὸς
1718 1240 1748 1292 6
1803 1238 1935 1302 Θεὸς

351 1329 512 1398 ἡμῶν
542 1331 706 1400 σαρκὶ
731 1330 772 1362 ²⁹
807 1331 1133 1401 γνωρίζεται
1162 1348 1175 1362 ⁸
1207 1331 1397 1400 ἑτέρου
1436 1332 1513 1396 δὲ,
1538 1333 1587 1385 εἰ
1615 1331 1870 1395 σύνθετος
1905 1333 1934 1385 6

349 1419 526 1491 ’ᾼδὰμ
546 1420 813 1492 ἐπλάσθη,
846 1422 964 1484 πῶς
977 1421 1244 1486 ἀθάνατος
1275 1421 1498 1494 ἐκτίσθη
1522 1439 1534 1452 ·
1570 1424 1752 1494 τρίτου
1777 1424 1822 1455 ²⁰
1852 1423 1932 1486 δὲ,

351 1509 516 1565 πόθεν
529 1510 805 1582 δυνάμεθα
825 1513 1207 1582 τεκμήρασθαι
1223 1513 1315 1566 τὸν
1334 1513 1724 1586 εύαγγελιστὴν
1756 1514 1933 1568 Ἰωάν-

349 1622 448 1675 νην
477 1603 558 1657 ἔτι
594 1604 778 1674 μένειν
802 1623 816 1636 ο
850 1604 932 1657 ἔτι
961 1605 1038 1671 δὲ,
1063 1605 1110 1657 εί
1133 1603 1399 1668 ἀθάνατος
1425 1607 1453 1658 6
1479 1607 1521 1637 ’ί
1567 1605 1738 1673 Ἀδὰμ
1768 1605 1933 1658 ἐπλά-

351 1697 477 1766 σθη,
516 1697 632 1760 πῶς
678 1696 738 1750 τὸ
787 1696 1064 1766 συμφέρον
1125 1697 1361 1768 ἠγνόησε
1387 1714 1400 1727 ·
1471 1697 1565 1751 καὶ
1601 1697 1929 1760 τελευταῖον,

2119 1055 2282 1108 Atcra
2315 1067 2444 1108 vero
2489 1052 2756 1122 capitibus
2793 1051 3052 1124 quinque,
3084 1067 3312 1123 quorum
3339 1053 3618 1109 scientiam

2046 1147 2336 1202 Anatolius
2359 1145 2718 1202 scholasticus
2747 1146 3061 1216 exquisivit,
3104 1148 3368 1202 rationem
3403 1147 3614 1202 reddit:

2040 1253 2150 1295 uno
2172 1239 2408 1308 quidem,
2436 1253 2500 1290 an
2537 1253 2678 1291 nunc
2700 1239 2861 1291 etiam
2888 1238 3145 1294 Dominus
3179 1251 3361 1293 noster
3375 1238 3621 1294 Christus

2044 1332 2096 1386 in
2129 1345 2295 1386 carne
2339 1328 2723 1400 cognoscitur?
2779 1328 2966 1384 Altero
3011 1344 3162 1394 vero,
3187 1330 3229 1384 si
3280 1330 3616 1399 compositus

2040 1422 2212 1478 Anam
2245 1422 2510 1476 formatus
2559 1430 2664 1487 est,
2698 1422 2966 1490 quomodo
3017 1421 3336 1478 immortalis
3373 1431 3456 1477 est
3485 1437 3620 1476 con-

2041 1515 2206 1568 ditus.
2267 1511 2452 1566 Tertio
2498 1512 2768 1582 quomodo
2823 1513 3135 1582 persuaderi
3192 1521 3378 1582 posset
3425 1512 3618 1568 etiam-

2041 1622 2168 1660 num
2199 1604 2464 1659 Joannem
2511 1606 2896 1675 evangelistam
2937 1606 3280 1675 superstitem
3309 1605 3472 1660 esse?
3506 1603 3616 1657 Ad-

2040 1699 2145 1753 huc
2172 1712 2300 1753 vcro
2323 1698 2366 1753 si
2409 1697 2727 1752 immortalis
2761 1697 2932 1751 Adam
2965 1708 3048 1752 est
3084 1697 3354 1762 conditus,
3391 1711 3617 1764 quomo-

345 1787 396 1841 τί
417 1790 565 1842 ἐστιν
594 1787 674 1854 τὺ,
719 1787 876 1843 Ἰδοὺ
918 1787 1090 1858 ’Λδὰμ
1123 1787 1370 1859 γέγονεν
1397 1788 1478 1856 ὡς
1511 1783 1599 1854 εἷς
1627 1788 1698 1853 ἐξ
1725 1787 1921 1858 ἡμῶν,

2041 1791 2108 1845 do
2157 1791 2284 1860 quid
2333 1789 2468 1844 utile
2509 1797 2630 1844 erat
2689 1789 2995 1859 ignoravit?
3047 1787 3269 1854 Quinto,
3317 1787 3444 1858 quid
3495 1794 3611 1841 est:

415 1965 544 2038 [796
564 1965 654 2038 lt]
677 1965 749 2019 T6
779 1967 879 2036 μὲν
913 1965 1006 2020 οὖν
1036 1971 1088 2021 α’
1108 1967 1402 2036 κεφάλαιον
1430 1966 1518 2020 διὰ
1543 1967 1758 2021 πολλῶν
1787 1968 1926 2039 Γρα-

341 2059 522 2128 φικῶν
550 2075 610 2111 τε
643 2058 738 2111 καὶ
759 2059 1053 2129 Πατρικῶν
1085 2060 1278 2129 φωνῶν
1311 2062 1593 2130 συνίστησι
1648 2060 1744 2112 καλ⁴
1785 2059 1922 2112 ἀπο·

337 2147 596 2203 δεικνύει.
633 2150 741 2202 Καὶ
760 2148 979 2222 πρῶτον
1013 2150 1112 2220 μὲν
1143 2151 1200 2217 ἐξ
1223 2143 1298 2204 ὧν
1335 2151 1564 2215 Ἡσαΐας
1587 2151 1632 2182 “
1666 2151 1793 2223 napi.
1823 2150 1924 2220 τῆς

337 2240 607 2310 ὲνσάρκου
635 2239 874 2310 Χριστοῦ
903 2239 996 2293 τοῦ
1029 2241 1166 2293 Θεοῦ
1201 2240 1358 2312 ὴμῶν
1401 2241 1722 2304 ἀναϐάσεως
1746 2259 1788 2294 ιε
1805 2238 1920 2293 ἷπε·

346 2330 446 2396 Τίς
475 2330 648 2384 ἐστιν
701 2325 882 2396 οὗτος
935 2334 968 2384 ό
1026 2332 1515 2400 παραγενόμενος
1569 2331 1638 2394 ἐξ
1711 2329 1922 2400 Ἐδὼμ.

337 2423 620 2474 τουτέστιν
650 2423 678 2475 6
699 2423 906 2491 γήϊνος.
949 2424 1058 2475 Καὶ
1084 2425 1112 2476 6
1135 2423 1299 2486 αὐτὸς
1329 2424 1440 2476 πάλ
1456 2441 1526 2491 ιν,
1556 2422 1794 2493 ἱμάτιον
1818 2424 1926 2480 αὐ-

341 2514 451 2567 τοῦ
480 2515 548 2567 ἐκ
578 2515 774 2583 Βοσόρ
799 2530 814 2545 ο
865 2513 1106 2585 Ἑϐραῖοι
1137 2515 1193 2567 δὲ
1237 2515 1297 2568 τὸ
1331 2516 1507 2586 Βοσὸρ
1541 2517 1793 2588 σάρκινον
1825 2531 1924 2569 κα-

336 2604 510 2659 λοῦσι.
539 2607 649 2658 Καὶ
677 2605 841 2658 πάλιν
869 2623 880 2636 ·
917 2606 1022 2660 Διὰ
1058 2607 1117 2659 τί
1171 2605 1390 2674 ἐρυθρά
1435 2623 1552 2660 σου
1584 2607 1655 2660 τὰ
1701 2607 1920 2677 ἱμάτια,

338 2697 436 2750 καὶ
466 2696 540 2750 τὰ
575 2696 880 2767 ἐνδύματα
902 2697 982 2764 ὡς
1006 2697 1125 2752 ἀπὸ
1162 2698 1431 2766 πατητοῦ
1462 2698 1658 2765 ληνοῦ
1685 2716 1704 2765 ;
1741 2700 1922 2770 Ὅπερ

335 2787 430 2842 τοῦ
468 2789 675 2852 πάθους
705 2788 845 2858 μετὰ
865 2789 927 2842 τὸ
968 2789 1140 2853 πάθος
1158 2789 1256 2843 καὶ
1285 2791 1342 2842 ὲν
1402 2791 1466 2860 τῇ
1503 2789 1675 2859 ἀνόδῳ
1727 2789 1924 2860 μηνύει

333 2878 397 2932 τὸ
438 2880 762 2951 μυστήριον.
801 2879 909 2935 Καὶ
949 2879 1112 2934 πάλιν
1163 2880 1353 2952 ἕτερος
1405 2882 1696 2951 προφήτης
1755 2880 1830 2944 ὼς
1861 2882 1926 2934 ἐκ

337 2970 632 3042 προσώπου
660 2971 754 3026 τοῦ
788 2973 1064 3028 Δεσπότου
1110 2975 1297 3045 φησὶν,
1348 2974 1423 3038 ὠς
1461 2974 1623 3044 δῆθεν
1663 2973 1768 3028 ὑπὸ
1817 2973 1925 3026 τῶν

334 3062 538 3134 νοερῶν
568 3061 696 3135 [416
728 3063 824 3137 IL]
858 3064 1214 3136 ἐρωτωμένου
1239 3065 1543 3135 δυνάμεων,
1577 3065 1748 3131 Τίνες
1789 3067 1837 3098 ⁸³
1865 3066 1926 3119 αἱ

2031 1880 2184 1947 Quod
2219 1879 2387 1932 Adam
2417 1877 2590 1948 factus
2615 1885 2693 1932 est
2724 1878 2855 1932 sicut
2887 1893 3024 1930 unus
3057 1891 3086 1931 e
3113 1875 3296 1930 nobis?

2098 1972 2334 2026 Primum
2367 1970 2587 2040 quidem
2618 1968 2804 2024 multis
2833 1967 3132 2038 Scripturis
3162 1976 3215 2022 et
3242 1965 3462 2020 Patrum
3493 1977 3616 2018 sen-

2029 2065 2210 2120 tentiis
2226 2064 2532 2120 conlirmat.
2565 2061 2748 2116 Primo
2784 2061 2959 2117 Isaias
2982 2061 3047 2115 de
3076 2059 3296 2115 Christo
3322 2057 3616 2112 incarnati-

2027 2161 2094 2214 do
2123 2159 2204 2212 sic
2245 2157 2442 2212 habet:
2482 2155 2611 2222 Quis
2664 2164 2740 2209 est
2770 2155 2867 2208 iste
2890 2154 2980 2223 qui
3020 2151 3154 2206 venit
3186 2151 3250 2204 de
3301 2148 3472 2203 Edam
3507 2156 3610 2202 τι.

2027 2251 2142 2303 Hoc
2182 2257 2287 2314 est,
2331 2257 2611 2302 terrenus:
2675 2256 2728 2300 et
2765 2245 2989 2300 statim:
3035 2242 3233 2296 Tinctis
3291 2239 3512 2296 uestibus
3553 2241 3618 2292 de

2027 2339 2196 2395 Bosra
2227 2339 2547 2396 7:11ebraai
2610 2353 2737 2393 vero
2788 2336 2956 2391 Bosor
3007 2349 3264 2389 carneutn
3316 2327 3613 2402 appellant.

2025 2432 2094 2486 Et
2121 2447 2280 2486 mox:
2318 2431 2494 2497 Quare
2523 2445 2644 2500 ergo
2674 2429 2892 2482 rubrum
2922 2435 3000 2481 est
3031 2424 3412 2484 iiudumeulum
3443 2432 3610 2486 tuum,

2025 2532 2073 2579 et
2106 2524 2410 2578 vestimenta
2461 2531 2552 2575 tua
2612 2521 2744 2574 sicut
2786 2517 3107 2572 culcantium
3145 2516 3198 2570 iu
3261 2514 3517 2568 torculari
3549 2513 3613 2566 ³⁸1

2028 2615 2140 2671 [loc
2171 2613 2398 2670 aﬂ‘ectus
2441 2619 2561 2682 post
2595 2610 2869 2677 atIcctum,
2920 2619 2975 2664 et
3030 2609 3084 2662 in
3151 2607 3296 2662 invio
3339 2605 3613 2674 sig’niticat

2029 2705 2373 2776 mysterium.
2408 2704 2474 2758 Et
2505 2719 2720 2758 rursum
2753 2703 2892 2758 alius
2923 2701 3208 2773 propheta,
3244 2707 3299 2755 et
3340 2700 3394 2754 in
3427 2713 3612 2766 perso-

2030 2812 2096 2850 na
2125 2797 2242 2861 Dei,
2285 2795 2482 2865 inquit,
2543 2803 2797 2864 tanqnam
2846 2791 3311 2864 interrogantibus
3357 2787 3608 2859 angelis:

2029 2887 2172 2954 Quid
2199 2896 2319 2942 sunt
2345 2887 2514 2957 plaga:
2544 2886 2660 2941 ista
2693 2887 2748 2941 in
2780 2886 2950 2940 medio
2989 2899 3241 2939 manuum
3305 2891 3516 2935 tuarum
3543 2879 3613 2932 εἳ
3648 2891 3653 2898 ’

2027 2979 2094 3046 Ει
2121 2980 2340 3050 stthjicit
2376 2979 2626 3034 Salvator
2661 2996 2675 3033 :
2712 2977 2972 3049 Plagam:
3000 2993 3116 3031 sum
3150 2977 3204 3029 in
3230 2975 3387 3030 domo
3425 2988 3605 3028 eorum

2026 3070 2116 3139 qui
2149 3067 2437 3139 diligebant
2487 3085 2568 3124 me
2619 3069 2669 3123 b.
2730 3067 2837 3123 Sed
2869 3076 2918 3122 et
2967 3065 3140 3138 angeli
3171 3066 3224 3120 in
3277 3063 3610 3120 ascensionis

334 3155 561 3224 πληγαὶ
585 3149 762 3210 αὗται
791 3157 849 3208 αι
895 3154 1016 3208 ἀνὰ
1065 3155 1264 3223 μέσον
1291 3155 1336 3186 ³⁸
1365 3153 1486 3208 τῶν
1539 3153 1713 3224 ὤμων
1747 3171 1866 3210 σου
1897 3171 1916 3218 ;

2032 3172 2264 3231 tempore
2301 3169 2579 3216 astantes:
2625 3157 2832 3224 Veniet,
2873 3159 3145 3228 inquiunt,
3172 3155 3610 3228 quemadmodum
3651 3175 3654 3179 ι

331 3244 689 3315 ἀποκρίνεται
705 3245 814 3317 γὰρ
835 3247 864 3300 6
887 3245 1078 3317 Σωτὴρ
1111 3245 1310 3314 λέγων⁹
1334 3249 1439 3314 “Ac
1467 3245 1828 3316 ἐπλήγηνέν
1844 3245 1924 3312 τῷ

332 3339 475 3406 olm,»
505 3337 610 3392 τοῦ
645 3337 960 3407 ἀγαπητοῦ
983 3357 1123 3408 μου.
1163 3338 1326 3393 Ἀλλὰ
1372 3340 1468 3392 καὶ
1521 3339 1580 3392 ὲν
1620 3337 1698 3410 τῷ
1734 3337 1914 3410 καιρῷ

331 3429 430 3498 τῆς
459 3429 780 3498 ἀναλήψεως
801 3430 851 3482 oi
875 3429 1230 3502 παρεστῶτες
1259 3429 1486 3498 ἄγγελοι
1547 3427 1697 3484 οὕτω
1729 3429 1916 3499 φασίν,

345 3522 686 3575 Ἑλεύσεται
699 3521 765 3587 ⁸⁵,
786 3523 860 3576 ὃν
873 3523 1096 3591 τρόπον
1113 3521 1447 3578 ἐθεάσασθε
1469 3523 1658 3576 αὐτὸν
1676 3523 1924 3592 πορευόο

327 3632 520 3684 μενον
554 3617 644 3681 εἰς
667 3615 776 3669 τὸν
803 3617 1083 3685 οὐρανόν.
1122 3614 1233 3670 Καὶ
1262 3617 1290 3668 6
1342 3615 1743 3687 πρωτομάρτυς
1779 3615 1914 3668 Στέ-

330 3723 500 3775 φανος
523 3708 580 3760 ὲν
606 3705 682 3776 τῷ
727 3707 904 3777 καιρῷ
973 3707 1074 3776 τῆς
1127 3707 1455 3778 μαρτυρίας,
1517 3706 1776 3774 ἐπιγνοὺς
1829 3706 1920 3759 τὸν

332 3801 610 3871 Δεσπότην
638 3801 873 3872 Χριστὸν
902 3800 1114 3854 ἑστῶτα
1137 3802 1204 3854 ἐκ
1232 3800 1423 3864 δεξιῶν
1451 3800 1544 3854 τοῦ
1577 3799 1816 3870 Πατρὸς,
1856 3801 1918 3854 ὲν

334 3892 530 3962 ἐκείνῳ
553 3891 634 3964 τῷ
663 3894 905 3964 σχήματι
939 3893 996 3946 ὲν
1027 3886 1070 3961 ᾧ
1099 3895 1214 3957 τοῖς
1249 3892 1519 3962 μαθηταῖς
1543 3891 1918 3963 συνηυλίξετο,

332 3984 392 4038 τὸ
450 3983 648 4037 σεπτὸν
691 3985 786 4037 καὶ
843 3984 986 4038 θεῖον
1017 3985 1199 4054 θέαμα
1238 3983 1521 4056 παρρησία
1574 3982 1915 4054 ὡμολόγησε.

335 4078 446 4130 Καὶ
472 4076 533 4130 τὸ
572 4076 768 4136 σκεῦος
815 4075 871 4129 δὲ
922 4077 1020 4148 τῆς
1072 4075 1324 4146 ἐκλογῆς,
1387 4074 1918 4146 μυσταγωγούμενος

339 4167 474 4238 πρὸς
506 4167 607 4239 τὴν
659 4166 939 4238 ἀλήθειαν,
985 4169 1047 4234 ἐξ
1088 4168 1317 4239 ούρανοῦ
1377 4168 1674 4240 κράζοντος
1727 4169 1918 4223 ἀκούει

334 4257 595 4329 Χριστοῦ,
633 4259 854 4319 Σαούλ.
889 4261 1090 4314 Σαούλ
1112 4261 1250 4326 ²⁶’³⁶,
1287 4260 1344 4314 τί
1394 4278 1471 4330 με
1499 4259 1760 4327 διώκεις;
1808 4263 1920 4316 Καὶ

334 4349 664 4420 πυθομένου,
689 4350 784 4416 Υἰς
803 4351 877 4416 εἴ,
900 4352 1074 4419 Κύριε
1090 4367 1110 4417 ;
1125 4351 1272 4421 Ἐγώ
1298 4353 1433 4421 ειμι,
1452 4353 1636 4422 φησὶν,
1679 4353 1920 4421 Ἰησοῦς

2027 3251 2234 3306 uidistis
2289 3267 2408 3306 eum
2453 3261 2659 3305 euntem
2701 3250 2756 3303 in
2812 3250 3000 3304 malum
3031 3259 3079 3302 ο.
3141 3247 3356 3302 Primus
3396 3260 3609 3315 quoque

2029 3352 2234 3414 martyr
2274 3342 2580 3410 Stephanus
2642 3336 2888 3412 martyrii
2939 3349 3202 3410 tempore,
3264 3336 3606 3407 conspiciens

2030 3437 2196 3490 Deum
2248 3435 2526 3490 Christum
2570 3443 2804 3488 stantem
2858 3447 2887 3485 a
2927 3431 3132 3487 dextris
3175 3429 3227 3494 δ,
3275 3443 3381 3498 qua
3431 3425 3605 3482 forma

2024 3540 2148 3582 cum
2177 3524 2454 3595 discipulis
2479 3533 2728 3578 versatus
2755 3531 2860 3588 est,
2894 3523 3033 3590 piam
3076 3536 3140 3576 ac
3169 3520 3404 3574 divinam
3433 3518 3606 3572 visio-

2027 3629 2148 3670 nem
2180 3615 2348 3669 libere
2398 3613 2678 3668 conl‘essus
2721 3623 2824 3668 est.
2879 3611 3074 3682 253a
3146 3609 3436 3665 Electionis
3475 3609 3604 3664 item

2027 3720 2121 3760 vas
2164 3705 2230 3759 ad
2275 3706 2560 3759 veritatem
2610 3704 2746 3758 bene
2789 3703 3134 3766 informatus,
3179 3699 3351 3755 audiit
3411 3700 3606 3756 ecmlo

2024 3795 2350 3852 clamantem
2377 3796 2692 3851 Christum:
2727 3795 2913 3861 Saule,
2947 3794 3129 3861 Saule,
3165 3795 3292 3864 quid
3324 3810 3402 3847 me
3426 3809 3606 3861 perse-

2023 3889 2199 3959 queris
2227 3899 2273 3942 ο.
2323 3888 2439 3955 Quo
2489 3888 2694 3953 audito,
2744 3887 2876 3952 Quit
2931 3903 3017 3951 es,
3060 3886 3277 3954 inquit,
3338 3883 3608 3938 Domine?

2026 3979 2139 4048 Ego
2192 3997 2307 4034 sum
2345 3979 2500 4034 Jesus
2538 3977 2854 4033 Nazareuus
2895 3993 3047 4048 quem
3090 3985 3146 4030 tu
3201 3977 3523 4046 persequeris
3557 3973 3603 4029 ί.

2029 4070 2344 4126 Nazarenus
2382 4085 2511 4123 vero
2561 4079 2616 4123 et
2656 4069 2810 4123 Jesus
2845 4083 2969 4123 cum
3010 4067 3161 4134 dicit,
3201 4067 3382 4122 carnis
3407 4065 3605 4120 verita-

2032 4171 2137 4216 tem
2181 4163 2440 4218 ostendit.
2488 4162 2632 4216 ldem
2685 4169 2918 4216 testatur
2964 4159 3258 4230 Gregorius
3307 4157 3605 4212 Nazianze-

2023 4269 2146 4319 nus,
2189 4261 2243 4310 et
2275 4252 2530 4325 Cyrillus,
2600 4249 2798 4306 Contra
2840 4250 3406 4304 Consubstantialistas
3447 4249 3601 4302 libro.

2025 4343 2256 4400 Basilius
2289 4359 2503 4414 quoque
2545 4344 2795 4398 oratione
2825 4342 2893 4398 de
2938 4343 3061 4397 fide.
3100 4341 3239 4407 Quin
3292 4351 3345 4395 et
3372 4340 3604 4410 Cyrillns

334 4441 366 4493 ό
391 4437 742 4507 Ναζωραῖος,
759 4439 832 4495 ὃν
851 4440 933 4497 σὺ
959 4440 1208 4508 διώκεις.
1256 4441 1329 4494 T6
1354 4441 1408 4494 δὲ
1435 4441 1768 4511 Ναζωραῖος
1821 4445 1916 4498 καὶ

2032 4437 2091 4490 ad
2123 4436 2381 4492 Acacium
2427 4434 2928 4506 Scythopolitanum
2983 4433 3296 4504 episcOpum
3331 4432 3597 4496 scribens,

344 4532 752 4605 Ἰησοῦς-,δῆλον
775 4535 856 4588 ὅτι
877 4533 978 4604 τῆς
1005 4533 1208 4603 σαρκὸς
1235 4532 1400 4586 αὐτοῦ
1430 4533 1628 4604 μηνύει
1650 4535 1747 4605 τὴν
1783 4535 1918 4606 ἁλή-

335 4624 504 4678 θειαν.
533 4625 646 4678 Καὶ
674 4625 976 4696 Γρηγόριος
1004 4627 1033 4679 6
1071 4622 1380 4690 Ναζιανζοῦ
1401 4625 1470 4679 τὰ
1501 4626 1641 4680 αὐτὰ
1677 4627 1913 4697 διαμαρ-

2025 4531 2077 4584 in
2112 4529 2560 4599 interpretatione
2592 4528 2742 4583 vocis
2768 4527 3109 4596 ἀπομπαίου,
3133 4525 3182 4578 id
3209 4534 3293 4579 est
3327 4524 3590 4579 malorum

2021 4621 2346 4691 depulsoris,
2378 4620 2698 4686 Averrunci,
2753 4628 2808 4674 et
2847 4616 3115 4673 innumeri
3163 4616 3253 4670 alii
3280 4631 3404 4671 cum
3428 4630 3593 4670 carne

331 4716 576 4785 τύρεται,
607 4715 702 4769 καὶ
739 4715 1006 4786 Κύριλλος
1047 4717 1104 4769 ὲν
1142 4715 1220 4788 τῷ
1253 4716 1412 4771 Κατὰ
1443 4716 1919 4771 Συνουσιαστῶν

2032 4713 2235 4768 venisse
2259 4727 2322 4766 ac
2365 4711 2654 4776 mansisse,
2682 4721 2736 4766 et
2781 4710 2861 4764 sic
2887 4723 3010 4778 esse
3041 4709 3108 4764 ad
3141 4709 3440 4764 secundum
3481 4707 3600 4777 ejus

332 4806 494 4879 λόγῳ,
535 4808 628 4862 καὶ
655 4808 934 4872 Βασίλειος
961 4809 1020 4862 ὲν
1043 4809 1119 4880 τῷ
1145 4809 1281 4878 Περὶ
1315 4810 1598 4876 πίστεως.
1629 4807 1789 4861 Ἀλλὰ
1819 4811 1915 4861 καὶ

2032 4817 2193 4871 usque
2228 4803 2516 4856 adventum
2550 4803 2766 4856 docent.
2795 4801 3085 4871 Propterea
3112 4816 3324 4872 quoque
3355 4800 3598 4856 caelestis

333 4899 603 4966 Κύριλλος
635 4901 798 4955 πάλιν
850 4901 988 4973 πρὸς
1043 4902 1296 4956 Ἀκάκιον
1345 4902 1733 4965 Σκυθοπόλεως
1785 4901 1910 4956 ἐπί-

334 5007 536 5046 σκοπον
564 4992 812 5063 γράφων,
845 4996 940 5049 καὶ
982 4997 1039 5048 ὲν
1060 4998 1125 5066 τῇ
1153 4997 1418 5066 ἑρμηνείᾳ
1445 4995 1505 5049 δὲ
1526 4995 1619 5048 τοῦ
1656 4997 1910 5064 ἀποπομ-

333 5080 515 5135 παίου.
549 5073 767 5137 Τούτων
792 5083 835 5115 ³⁸
891 5083 1000 5155 γὰρ
1049 5085 1306 5149 ἕκαστος,
1359 5086 1454 5138 καὶ
1494 5085 1678 5156 μυρίοι
1732 5084 1905 5150 ἄλλοι,

337 5168 473 5235 μετὰ
493 5171 594 5241 τῆς
623 5171 824 5243 σαρκὸς
850 5173 946 5229 καὶ
973 5173 1214 5228 ἀνελθεῖν
1237 5176 1331 5228 καὶ
1359 5174 1634 5245 διαμένειν
1671 5175 1768 5229 καὶ
1799 5191 1906 5228 πα-

336 5261 658 5330 ραγενέσθαι
697 5263 839 5318 κατὰ
877 5263 976 5336 τὴν
1032 5265 1290 5338 δευτέραν
1339 5265 1504 5320 αὑτοῦ
1555 5265 1918 5338 κηρύττουσιν

2021 4909 2084 4949 ac
2125 4903 2397 4956 terrenus,
2424 4893 2651 4948 visibilis
2675 4903 2840 4964 atque
2876 4893 3181 4949 invisibilis.
3215 4892 3454 4948 Visibilis
3477 4893 3598 4963 qui-
3655 4940 3662 4943 .

2014 4990 2136 5045 dem
2189 5003 2309 5044 cum
2364 4987 2666 5054 divinitate,
2720 5004 2829 5044 non
2887 4991 3184 5046 secundum
3235 4989 3595 5052 divinitatem,

2016 5081 2110 5137 sed
2163 5080 2458 5136 secundum
2494 5093 2732 5148 corpus:
2790 5097 3002 5135 rursum
3058 5095 3274 5152 quoque
3315 5079 3613 5135 invisibilis"

2021 5187 2144 5229 cum
2168 5171 2545 5241 .bumanitatc,
2579 5186 2684 5226 nou
2722 5174 3020 5228 secundum
3051 5172 3468 5235 humanitatem,
3496 5173 3594 5226 sed

2022 5263 2383 5331 divinitatem,
2415 5272 2631 5319 creatus
2656 5272 2710 5320 et
2741 5267 3037 5329 increatus,
3061 5265 3274 5334 aliaque
3299 5262 3596 5319 secundum

405 5391 850 5461 "llsa.t.x1n,i.
889 5397 1070 5454 Iibid.
1111 5398 1356 5454 libidﬂ.
1395 5397 1881 5465 nZachar.x1tt,6.
1920 5395 2092 5453 ltibid.
2137 5396 2450 5465 cAct.t,ll.
2489 5396 2972 5469 dAct.tx,56seq.
3019 5396 3309 5464 eAct.x,l.
3355 5375 3588 5455 fibid.5.

1576 5491 1813 5546 V‘ARIA']
1855 5487 2261 5547 LECTIONES.

401 5579 695 5658 '_‘__'l11_60‘3_¢
739 5583 768 5636 6
810 5584 1055 5658 Χριστὸς
1087 5602 1148 5658 ς.
1226 5583 1492 5658 ξθ-σαρκὶ]
1537 5587 1595 5638 ὲν
1624 5586 1789 5658 σαρκὶ
1829 5583 2154 5658 Stephanus.
2234 5585 2280 5658 ’_°
2299 5582 2484 5658 τρίτου
2510 5597 2660 5658 corr.
2716 5586 2803 5638 At
2847 5581 3067 5658 τρίτρνη
3092 5601 3152 5658 ς)
3212 5583 3340 5658 ,ηδ
3370 5583 3568 5658 ῧίίιίηᾼ

331 5652 374 5683 ’⁸
415 5651 640 5714 Ἡσαΐας

331 5652 374 5683 ⁸³
415 5651 640 5714 Ἡσαΐας
699 5651 936 5718 mutu].
1015 5656 1061 5688 ³⁸
1081 5655 1249 5727 τίνες]
1274 5651 1440 5710 Ζτιίιίι·
1471 5651 1499 5708 ἓ

331 5719 449 5754 ·⁶·³⁶
475 5651 671 5798 Σαοὺλῇ
705 5726 826 5783 Act.
870 5742 945 5793 Ix,
983 5728 1035 5782 4.
1113 5727 1155 5759 ³¹
1197 5725 1406 5782 τοῦτον.
1447 5743 1506 5791 ςο

699 5652 936 5727 ιτχιιιίί.
1015 5652 1440 5727 "1ive;]_Z:tch.
1471 5652 1588 5720 int,
1619 5652 1709 5712 6.’
1751 5656 1795 5688 "
1823 5657 1878 5708 αἱ
1912 5652 2014 5711 civi
2045 5654 2208 5725 μέσον
2231 5655 2273 5710 Δ
2308 5652 2451 5710 ε’καὶ
2499 5653 2770 5724 ἀνάμεσον
2807 5652 2894 5719 gf
2946 5654 2992 5685 ’⁸
3024 5652 3230 5726 ἑλεύσ.]
3263 5654 3384 5710 Act.
3430 5670 3468 5721 I,
3504 5655 3560 5709 Η
