3972 6248
417 287 522 350 983

1539 295 1803 358 ΡΗΟΤΙΙ
1829 298 2473 374 ΡΑΤΒΙΑΒΕΗΖΕῘΟΡ.

3553 315 3657 384 984

414 397 560 469 piam
611 399 808 458 dictam
852 403 1246 461 distinctionem
1292 409 1723 466 considerantur.
1770 413 1973 470 Etenim

2085 420 2429 488 ἐπιφάνειαν.
2469 422 2560 477 Διδ
2589 425 2682 478 καὶ
2727 427 2819 480 ό³¹
2873 428 3037 493 αὑτός
3087 430 3234 484 ἐστιν
3277 431 3526 504 οὐράνιος
3566 438 3661 492 καὶ

417 507 544 547 caro
584 503 770 548 nostra
813 495 922 550 Deo
981 496 1151 550 Verbo
1195 497 1345 550 unita
1393 497 1750 568 hypostatice,
1792 517 1896 557 non
1932 504 1984 558 in

416 582 774 638 substantiam
802 585 968 640 Verbi
999 595 1202 640 mutata
1239 598 1342 652 est,
1387 590 1485 642 etsi
1552 590 1644 645 Dei
1679 608 1809 647 caro
1841 595 1983 650 facta

413 682 516 736 est,
545 687 718 746 neque
748 674 982 730 Verbum
1013 677 1064 730 in
1109 691 1353 742 carnem,
1396 681 1497 734 etsi
1539 684 1810 751 propriam
1881 687 1982 742 sibi

414 761 552 818 hanc
590 766 904 835 sumpserit.
948 766 1054 823 Sed
1099 783 1241 824 unus
1309 770 1554 840 idemque
1598 774 1793 830 dicitur
1828 777 1984 832 Chri-

412 859 567 906 stus:
596 863 842 909 servatur
874 870 1002 912 vero
1029 858 1281 923 indivise,
1328 868 1382 913 et
1421 861 1540 915 sine
1581 865 1894 933 mutatione,
1931 875 1984 921 et

412 945 684 1008 quomodo
724 945 778 998 in
807 945 894 999 his
922 955 977 1001 et
1007 962 1072 1002 ex
1101 949 1188 1003 his
1229 951 1574 1019 cognoscitur
1610 952 1884 1022 Christus,
1915 973 1978 1012 ex
2053 957 2072 973 ’

411 1032 522 1087 alio
564 1034 613 1087 in
650 1035 813 1089 alium
847 1053 950 1091 non
989 1041 1209 1106 mutari,
1244 1041 1338 1094 sed
1389 1052 1450 1096 ut
1478 1058 1848 1113 smpenumero
1903 1049 1981 1104 di-

411 1133 577 1190 ctum,
608 1143 746 1182 unus
775 1129 1021 1198 idemque
1052 1140 1134 1188 est
1161 1133 1206 1185 8.
1241 1130 1386 1186 Idem
1425 1148 1733 1206 generatur,
1791 1151 1982 1211 estque

409 1215 527 1269 sine
578 1216 888 1290 geneaIOgia
936 1225 1230 1278 secundum
1280 1226 1425 1281 aliud
1482 1239 1644 1298 atque
1689 1232 1852 1288 aliud.
1886 1234 1979 1288 Et-

408 1309 553 1364 enim
583 1326 736 1367 sacra
771 1313 1051 1384 Scriptura
1077 1317 1151 1372 ait
1177 1335 1190 1371 :
1223 1319 1394 1374 Homo
1421 1331 1522 1385 est,
1543 1327 1656 1393 quis
1680 1328 1819 1380 novit
1839 1344 1977 1395 eum,

407 1403 788 1468 generatione»:
834 1406 950 1476 ejus
995 1410 1112 1479 quis
1159 1413 1476 1470 enarrabit?
1506 1414 1612 1470 Sed
1661 1428 1717 1470 et
1765 1435 1977 1475 rursum

406 1489 625 1559 clamat,
667 1492 825 1550 Liber
844 1501 1193 1568 generationis
1224 1500 1354 1556 Iesu
1380 1500 1581 1560 Christi
1603 1506 1706 1574 ﬁlii
1731 1507 1898 1564 Dauid
1922 1511 1975 1566 ιι.

406 1580 585 1648 Quare
656 1588 953 1644 secundum
1014 1591 1354 1649 divinitatem
1424 1596 1808 1667 ingenerabilis
1863 1611 1975 1659 est:

405 1676 703 1732 secundum
783 1680 1174 1737 humanitatem
1239 1699 1369 1741 vero
1411 1689 1756 1756 generabilis.
1831 1691 1974 1747 Idem

2094 509 2355 578 ἐπίγειος,
2382 512 2576 581 ὁρατὸς
2595 513 2690 567 καὶ
2711 515 2964 588 ἀόρατος,
2993 519 3182 590 ὁρατὸς
3238 521 3337 590 μὲν
3373 523 3515 592 μετά
3561 525 3660 594 τῆς

2093 595 2363 666 θεότητος,
2383 600 2444 652 οὐ
2483 601 2622 654 κατὰ
2650 605 2748 674 τὴν
2781 604 3029 678 θεότητα,
3053 607 3189 662 ἀλλὰ
3213 611 3354 664 κατὰ
3381 611 3443 664 τὸ
3478 612 3659 682 σῶμα,

2091 687 2319 758 ἀόρατος
2357 689 2414 743 δὲ
2448 693 2611 746 πάλιν
2641 696 2778 763 μετὰ
2801 695 2902 764 τῆς
2937 698 3380 770 ἅνθρωπότητος,
3427 703 3489 755 οὗ
3521 705 3662 757 κατὰ

2087 778 2191 850 τὴν
2219 781 2639 853 ἀνθρωπότητα,
2671 786 2807 839 ἀλλὰ
2849 787 2990 853 κατὰ
3007 789 3105 859 τὴν
3141 788 3393 862 θεότητα,
3424 795 3663 856 ⁴κτισυιδς

2087 872 2181 926 καὶ
2203 872 2478 942 ἄκτιστος,
2515 878 2612 930 καὶ
2632 878 2731 932 ὅσα
2758 878 2892 933 ἄλλα
2916 879 3140 934 τοιαῦτα
3179 882 3321 936 κατά
3369 884 3470 956 τὴν
3502 889 3662 958 εἰρη-

2091 964 2258 1035 μένην
2286 966 2485 1037 εὖσεϐῆ
2516 968 2798 1039 θεωρεῖται
2845 971 3140 1039 διάκρισιν.
3192 975 3302 1028 Καὶ
3360 975 3471 1046 γὰρ
3518 979 3551 1048 ἡ
3602 977 3662 1044 ἐξ

2087 1057 2242 1126 ἡμῶν
2284 1059 2440 1130 σὰρξ,
2470 1061 2730 1115 ένωθεῖσα
2759 1062 2837 1133 τῷ
2864 1063 2983 1134 Θεῷ
3029 1065 3187 1136 Λόγῳ
3239 1067 3362 1121 καθ’
3419 1069 3658 1124 ὑπόστα-

2087 1162 2194 1212 σιν,
2224 1147 2324 1202 οὺκ
2362 1150 2442 1212 είς
2471 1150 2572 1219 τὴν
2625 1152 2813 1205 οὐσίαν
2865 1155 3175 1227 μετεϐλήθη
3223 1157 3318 1210 τοῦ
3377 1160 3576 1228 Λόγου,
3611 1165 3660 1214 εἰ

2086 1237 2180 1292 καὶ
2213 1239 2348 1292 Θεοῦ
2388 1241 2579 1309 γέγονε
2611 1245 2747 1314 σάρξ
2778 1261 2791 1274 ·
2819 1246 2939 1298 οὐδὲ
2969 1249 2997 1300 ὁ
3027 1249 3201 1316 Λόγος
3239 1253 3320 1313 είς
3368 1251 3567 1321 σάρκα,
3612 1258 3660 1308 εί

2086 1327 2340 1382 καὶίδίαν
2360 1332 2722 1403 οἰκονομικῶς
2776 1335 3070 1406 ἐποιήσατο
3124 1339 3223 1408 τὴν
3274 1340 3487 1410 σάρκαο
3544 1344 3660 1397 ἀλλ’

2086 1411 2166 1480 εἷς
2207 1418 2306 1488 μὲν
2330 1418 2664 1488 λέγεταικαὶ
2692 1421 2810 1476 ἐστι
2840 1425 3096 1495 Χριστὸς,
3117 1426 3350 1492 σώζεται
3398 1431 3457 1484 δὲ
3493 1433 3659 1488 ἀκαι-

2083 1510 2398 1580 νοτομήτως
2430 1512 2523 1566 καὶ
2547 1514 2864 1585 άχωρίστως
2901 1517 2998 1569 καὶ
3025 1517 3093 1571 τὰ
3115 1518 3176 1583 ἐξ
3224 1512 3301 1573 ὧν
3342 1522 3438 1575 καὶ
3475 1524 3533 1578 ὲν
3579 1519 3660 1589 οἷς

2084 1602 2287 1654 νοεῖται
2316 1597 2572 1672 Χριστὸς,
2598 1604 2700 1658 οὐκ
2736 1605 2895 1670 ἄλλος
2919 1607 3016 1660 καὶ
3062 1608 3219 1672 ἄλλος
3239 1628 3252 1642 ο
3287 1611 3362 1682 μὴ
3402 1612 3616 1680 γένοιτο
3642 1630 3655 1643 ·

2085 1690 2200 1745 ἀλλ’
2222 1691 2410 1766 ὥσπερ
2434 1694 2693 1760 πολλάκις
2722 1697 2959 1769 εἴρηται,
3032 1694 3113 1765 εἷς
3155 1701 3252 1755 καὶ
3304 1702 3332 1754 ὁ
3365 1701 3552 1766 αὐτός.
3598 1705 3660 1758 '0

404 1767 697 1835 pramoscit
726 1774 927 1839 omnia,
965 1784 1050 1828 est
1083 1777 1228 1830 enim
1251 1787 1446 1833 natura
1483 1780 1642 1847 Deus,
1671 1792 1726 1835 et
1769 1799 1973 1839 rursum

2089 1783 2253 1848 αὐτὸς
2283 1786 2690 1856 γενεαλογείται
2713 1767 2808 1844 καὶ
2831 1767 2983 1844 ἔστιν
3025 1792 3478 1864 ἀγενεαλόγητος,
3537 1795 3660 1849 κατ’
3717 1793 3723 1798 ’

402 1855 655 1926 ignorare
683 1859 882 1916 dicitur
925 1863 936 1893 ‘
990 1872 1289 1920 extremum
1333 1867 1472 1922 diem
1515 1884 1610 1938 per
1639 1885 1857 1927 carnem
1883 1889 1983 1929 no-

406 1953 574 2001 Stram
632 1966 645 2002 :
681 1958 737 2004 et
780 1949 960 2020 Neque
997 1970 1077 2008 me
1120 1956 1300 2010 ridetis
1343 1974 1504 2028 neque
1547 1959 1762 2016 Patrem
1811 1980 1982 2018 meum

403 2035 591 2092 ridetis
633 2036 694 2107 i;
741 2051 795 2094 et
847 2056 1062 2098 rursum
1127 2047 1346 2118 scilicet:
1370 2049 1600 2104 humana
1665 2053 1972 2110 conditione

405 2129 558 2184 scitis
605 2129 665 2184 lt:
703 2129 774 2185 Et
849 2134 986 2188 unde
1016 2136 1115 2194 sint
1165 2138 1327 2192 scitis.
1385 2140 1449 2194 Si
1486 2157 1578 2210 ego
1627 2145 1978 2198 testimonium

401 2217 641 2285 ρει-[ιἱὸεο
671 2221 735 2274 de
764 2238 845 2276 me
882 2225 1014 2290 ipso,
1053 2228 1408 2282 testimonium
1458 2247 1625 2284 meum
1658 2249 1760 2286 non
1795 2242 1872 2288 est
1899 2251 1983 2289 ve-

402 2322 520 2361 rum
548 2306 593 2374 1,
628 2309 758 2366 alibi
781 2327 996 2383 quoque
1028 2331 1041 2367 :
1077 2315 1146 2369 Et
1173 2319 1332 2386 siego
1361 2321 1718 2374 testimonium
1739 2325 1980 2393 perhibeo

400 2399 467 2451 de
507 2416 588 2454 me
621 2402 758 2470 ipso,
808 2421 983 2460 verum
1029 2417 1105 2462 est
1149 2411 1500 2466 testimonium
1552 2430 1722 2468 meum
1771 2425 1832 2470 αι.
1868 2415 1982 2471 Hoc

400 2490 618 2558 quidem
651 2503 896 2564 respectu
931 2498 1272 2557 divinitatis:
1311 2501 1441 2556 illud
1475 2517 1604 2558 vero
1627 2504 1983 2563 humanitatis

403 2593 674 2651 respectu.
742 2585 889 2643 Unus
930 2589 1125 2660 253b
1164 2592 1346 2663 itaque
1386 2595 1641 2666 idemque
1689 2607 1772 2652 est
1808 2599 1979 2654 incir-

399 2677 764 2744 cumscriptus
804 2687 860 2732 et
903 2681 1376 2754 circumscriptus,
1422 2693 1678 2755 tanquam
1726 2689 1860 2743 duas
1889 2705 1980 2760 ge-

400 2763 712 2822 nerationes
774 2767 982 2824 habens
1007 2778 1063 2825 et
1106 2772 1461 2837 substantias,
1499 2789 1641 2830 unus
1683 2785 1883 2833 tamen.
1920 2780 1976 2834 Si

398 2859 532 2908 vero
566 2856 727 2912 unius
774 2868 856 2913 est
901 2862 1215 2917 substantiae
1266 2869 1560 2919 secundum
1605 2882 1847 2936 carnem,
1874 2869 1978 2925 hoc

398 2948 591 2999 contra
630 2946 862 3016 Manem,
912 2966 1073 3005 unam
1127 2954 1269 3010 illius
1303 2956 1704 3012 conﬁtebuntur
1752 2975 1978 3030 genera-

399 3034 622 3105 tionem,
653 3047 707 3093 et
736 3040 937 3098 frustra
957 3043 1128 3101 Filius
1164 3048 1399 3102 hominis
1436 3051 1742 3108 vocabitur.
1781 3053 1979 3109 llacte—

399 3140 504 3182 nus
533 3131 710 3198 Capite
739 3133 913 3202 primo
946 3136 1046 3191 ista
1077 3140 1412 3208 exsequitur.

2085 1874 2213 1929 άλλο
2232 1876 2472 1946 δηλονότι
2502 1881 2595 1933 καὶ
2620 1880 2766 1935 άλλο.
2794 1883 2904 1935 Καὶ
2927 1882 3035 1956 γὰρ
3067 1883 3136 1936 τὰ
3168 1885 3288 1952 ίερά
3307 1884 3482 1952 Λόγιά
3503 1901 3658 1956 φησιο

2086 1966 2196 2020 Καὶ
2219 1966 2588 2036 ἄνθρωπός-³⁸
2613 1971 2767 2036 ἐστι,
2815 1971 2916 2026 καὶ
2973 1974 3066 2039 τίς
3108 1973 3400 2044 γνώσεται
3448 1977 3658 2045 αὐτὸν,

2083 2057 2183 2112 καί
2219 2058 2335 2126 τὴν
2357 2062 2572 2128 γενεὰν
2598 2064 2784 2118 αὑτοῦ
2809 2066 2900 2130 τίς
2937 2064 3324 2137 διηγήσεται;
3372 2067 3510 2122 ἀλλά
3569 2069 3660 2124 καὶ

2083 2147 2247 2200 πάλιν
2272 2147 2391 2220 βοᾷ,
2423 2152 2639 2218 Βίϐλος
2663 2152 2710 2183 ⁸⁸
2758 2153 3054 2222 γενέσεως
3125 2155 3336 2224 Ἰησοῦ
3387 2159 3650 2225 Χριστοῦ

2080 2238 2218 2294 υἱοῦ
2245 2239 2444 2295 Δαϐιδ.
2464 2241 2626 2296 Ὥστε
2655 2244 2798 2298 κατὰ
2820 2244 2919 2314 μὲν
2947 2244 3048 2315 τὴν
3081 2246 3314 2316 θεότητα
3335 2248 3499 2301 αὐτοῦ
3526 2250 3655 2316 άγε-

2081 2330 2429 2402 νεαλόγητος,
2460 2332 2599 2386 κατὰ
2631 2333 2687 2386 δὲ
2714 2334 2810 2405 τὴν
2855 2336 3253 2408 ἀνθρωπότητα
3304 2338 3657 2408 γενεαλογού-

2085 2438 2265 2490 μενος.
2304 2424 2363 2476 Ὀ
2389 2423 2550 2487 αὐτὸς
2575 2427 2755 2479 πάντα
2786 2427 3148 2497 προγινώσκει
3182 2429 3323 2499 (ἐστὶ
3349 2429 3458 2500 γὰρ
3492 2429 3653 2500 φύσει

2080 2511 2234 2582 Θεός)
2266 2514 2361 2566 καὶ
2387 2515 2548 2567 πάλιν
2579 2516 2794 2585 ἀγνοεῖν
2819 2517 2916 2588 τὴν
2960 2518 3202 2588 ἐσχάτην
3229 2520 3446 2590 ἡμέραν
3473 2520 3562 2576 διὰ
3597 2521 3658 2574 τδ

2081 2601 2347 2673 ἡμέτερον
2366 2603 2580 2672 λέγεται
2595 2604 2958 2676 φύραμα.Καί
2980 2623 2993 2636 ·
3012 2607 3160 2661 Οὔτε
3179 2607 3285 2677 ἐμὲ
3303 2608 3506 2663 οἴδατε
3521 2610 3659 2664 οὔτε

2080 2693 2188 2748 τὸν
2209 2695 2441 2763 Πατέρα
2465 2714 2584 2764 μου
2613 2697 2815 2748 οῖδατε
2835 2711 2848 2726 ·
2883 2698 2978 2750 καὶ
2996 2699 3178 2762 πάλιν,
3215 2699 3462 2768 δηλονότι
3515 2699 3658 2753 κατὰ

2078 2786 2140 2838 τὸ
2165 2786 2262 2838 ἀνθ
2273 2786 2526 2855 ρὼπινον,
2545 2786 2708 2855 Κάμὲ
2734 2786 2933 2841 οἴδατε
2951 2791 3052 2842 καὶ
3086 2790 3275 2844 πόθεν
3295 2789 3411 2859 ειμι
3438 2790 3653 2845 οἴδατε.

2083 2875 2203 2927 Ἔτι
2226 2875 2305 2940 δὲ,
2327 2878 2394 2929 ΕΖ
2408 2874 2522 2944 ἐγὼ
2541 2877 2659 2908 ³⁵⁸³⁸
2679 2875 2956 2946 μαρτυρῶ
2981 2877 3114 2945 περὶ
3133 2878 3420 2946 ἐμαυτοῦ,
3442 2881 3480 2946 ἡ
3505 2896 3656 2948 μαρ-

2084 2964 2258 3031 τυρία
2275 2981 2393 3033 μου
2428 2967 2540 3018 οὐκ
2561 2965 2734 3020 ἔστιν
2760 2965 3012 3033 ἀληθής·
3051 2966 3183 3038 [797
3215 2968 3312 3038 IL]
3357 2968 3450 3021 xui.
3494 2968 3656 3021 ἀλλα-

2078 3054 2407 3126 χοῦ,Εὶέγὼ
2421 3057 2701 3125 μαρτυρῶ
2714 3057 2846 3126 περὶ
2868 3059 3151 3126 ἐμαυτοῦ,
3172 3061 3210 3128 ἠ
3226 3061 3524 3128 μαρτυρία
3539 3077 3658 3128 μου

1997 3129 2041 3191 C
2073 3147 2308 3215 ἀληθής
2336 3149 2486 3201 ἐστι·
2508 3149 2568 3202 τὸ
2599 3150 2696 3220 μὲν
2721 3149 2809 3204 διὰ
2838 3149 2968 3222 [M7
3005 3149 3098 3222 11.]
3130 3153 3228 3221 τὴν
3285 3151 3437 3205 θείαν
3471 3151 3515 3183 ³⁷
3548 3151 3653 3205 αὖ·

396 3221 491 3274 τοῦ
521 3222 702 3292 φύσιν,
727 3228 788 3281 τὸ
812 3228 868 3282 δὲ
889 3229 976 3284 διὰ
1003 3231 1102 3303 τὴν
1159 3233 1572 3308 ἀνθρωπότητα.
1609 3237 1796 3302 Οὕτως
1820 3239 1864 3273 ³⁸
1902 3236 1995 3294 οὖν
2029 3242 2180 3296 ἐστιν
2216 3244 2244 3295 ό
2313 3243 2474 3306 αὐτὸς
2518 3221 2934 3316 ἀπερίγραπτος
2973 3221 3093 3299 και
3138 3246 3536 3317 περίγραπτος,
3583 3243 3659 3307 ὡς

395 3311 492 3369 δύο
512 3317 754 3384 γενέσεις
775 3319 914 3392 ἔχων
940 3324 1036 3378 καὶ
1077 3325 1171 3380 δύο
1197 3329 1388 3394 οὐσίας
1435 3332 1463 3384 ὁ
1497 3327 1597 3395 εἷς.
1638 3334 1702 3386 Εἰ
1729 3334 1787 3387 δὲ
1838 3336 1968 3406 μιᾶς
2005 3336 2191 3401 οὐσίας
2213 3336 2332 3391 ἐστὶ
2398 3339 2538 3408 μετὰ
2560 3339 2606 3372 ³ο
2635 3311 2644 3314 ν
2674 3311 2773 3410 την
2810 3339 3086 3409 σάρκωσιν
3120 3311 3261 3394 κατά
3285 3311 3393 3394 *τὸν
3439 3341 3652 3412 Μάνην,

398 3407 530 3479 μίαν
557 3411 724 3465 αὐτοῦ
756 3414 972 3483 πάντως
998 3422 1392 3495 ὁμολογήσουσι
1426 3429 1521 3481 καὶ
1551 3428 1651 3499 τὴν
1683 3429 1961 3502 γέννησιν,
2036 3433 2134 3487 καὶ
2193 3435 2370 3506 μάτην
2402 3407 2547 3498 re;
2615 3407 2907 3506 dvopo’mou
2960 3435 3250 3506 κέκληται.
3308 3436 3383 3490 Τὸ
3439 3438 3540 3508 μὲν
3585 3407 3646 3490 οὗ

395 3503 614 3573 πρῶτον
635 3507 928 3576 κεφάλαιον
956 3511 1100 3568 οὕτω
1129 3515 1248 3579 πῶς
1263 3517 1517 3587 ἐπῆλθεν.

467 3594 713 3652 Alterum
764 3614 894 3656 vero
925 3604 1006 3657 sic
1045 3605 1304 3664 disserit:
1355 3608 1413 3663 Si
1453 3611 1697 3666 mortalis
1735 3612 1826 3668 .vel
1866 3613 1968 3668 im-

396 3687 641 3742 mortalis
670 3689 909 3748 Adamus
935 3693 1088 3750 initio
1115 3699 1370 3773 conditus
1402 3710 1507 3765 est,
1557 3715 1771 3759 constat
1799 3705 1965 3760 Deum

397 3789 504 3830 non
543 3775 741 3836 fecisse
781 3783 1031 3852 mortem,
1076 3801 1251 3857 neque
1279 3791 1556 3846 hominum
1607 3794 1824 3850 interitu
1874 3799 1968 3852 de-

395 3864 622 3922 lectari:
657 3871 857 3927 invidia
891 3877 1151 3934 daemonis
1214 3894 1361 3936 mors
1401 3881 1454 3936 in
1506 3885 1763 3940 mundum
1799 3889 1965 3954 venit,

388 3954 552 4025 jussit
588 3972 718 4014 vero
758 3963 1030 4020 hominem
1085 3966 1396 4037 aliquandiu
1443 3987 1663 4029 manere
1723 3975 1969 4031 incorru-

395 4057 570 4115 ptum,
629 4063 958 4122 prmeeptum
1012 4061 1421 4116 custodiendum
1448 4065 1496 4119 ei
1531 4067 1772 4134 tradens,
1824 4070 1966 4138 quod

396 4141 800 4211 transgrediens
823 4159 920 4214 pro
946 4146 1342 4220 incorruptibili
1376 4155 1747 4224 corruptibilis
1773 4159 1963 4214 evasit.

2139 3613 2215 3667 Τὸ
2239 3611 2298 3667 δὲ
2319 3611 2378 3683 ῖβ¹
2410 3612 2552 3666 οὕτω
2580 3611 2843 3665 διευθετεῖ
2869 3628 2883 3644 ο
2913 3614 3035 3666 Εττε
3073 3613 3284 3684 θνητὸς,
3313 3615 3512 3684 φησὶν,
3545 3615 3652 3668 εἴτε

2069 3705 2337 3767 ἀθάνατος
2367 3702 2612 3773 ἐπλάσθη
2633 3703 2733 3774 τὴν
2768 3703 2942 3775 ἀρχὴν
2978 3705 3007 3757 ό
3055 3704 3248 3775 Ἀδὰμ,
3278 3705 3546 3775 πρόδηλον
3573 3706 3651 3758 ὅτι

2071 3798 2098 3849 ό
2122 3796 2252 3860 Θεὸς
2283 3795 2510 3848 θάνατον
2534 3795 2635 3847 οὐκ
2661 3795 2918 3865 ἐποίησεν
2949 3794 3071 3848 οὐδὲ
3119 3795 3384 3864 τέρπεται
3429 3797 3518 3876 ἐπ’
3547 3796 3651 3848 ἀπο

2070 3888 2236 3957 ωλείςι⁸
2260 3886 2500 3952 ζώντων,
2528 3886 2708 3957 φθόνῳ
2756 3886 2813 3940 δὲ
2854 3887 3105 3940 διαϐόλου
3150 3887 3376 3951 θάνατος
3401 3887 3649 3958 εἰσῆλθεν

2070 3981 2152 4043 είς
2177 3979 2268 4033 τὸν
2298 3979 2520 4050 κόσμον.
2566 3979 2704 4032 Ὑπὸ
2741 3977 2797 4031 δέ
2824 3995 2945 4033 τινα
2981 3979 3163 4049 μένειν
3200 3980 3325 4049 ὅρον
3359 3981 3416 4034 ἐν
3441 3979 3646 4049 ἀφθαρο

2069 4071 2160 4140 σία
2189 4069 2280 4123 τὸν
2308 4069 2592 4140 ἄνθρωπον
2623 4069 3024 4134 διεκελεύσατο,
3053 4069 3271 4140 ἐντολὴν
3293 4071 3373 4133 είς
3402 4070 3646 4141 φυλακὴν

2066 4160 2465 4231 παραθέμενος,
2497 4161 2563 4230 ἢν
2591 4159 2995 4230 παραϐεϐηκὼς
3027 4160 3124 4230 τὴν
3155 4159 3362 4230 φθορὰν
3396 4163 3518 4214 ἀντὶ
3548 4161 3645 4230 τῆς

395 4227 670 4287 Libertate
719 4237 863 4290 enim
910 4237 1122 4293 arbitrii
1185 4241 1417 4299 donatus
1481 4245 1663 4312 homo,
1730 4249 1968 4320 abripuit

2080 4227 2376 4321 itpiiapoiu;
2404 4227 2688 4322 εἰσήνγαγελ
2720 4250 2798 4322 τῷ
2832 4227 2933 4321 μὲν
2972 4227 3091 4322 γὰρ*
3111 4227 3446 4322 αὖτεξουσίῳ
3479 4227 3643 4322 τιμη-

391 4331 585 4391 sponte
615 4325 758 4394 quod
808 4327 1048 4386 deterius
1067 4341 1170 4397 est,
1226 4334 1414 4392 relicto
1445 4337 1689 4394 meliore.
1722 4339 1828 4397 Sed
1847 4343 1963 4397 'im-

2066 4344 2181 4407 θεὶς
2214 4345 2243 4396 ό
2291 4342 2574 4412 ἄνθρωπος
2615 4341 2787 4395 εἵλετο
2825 4341 2886 4395 τὸ
2929 4343 3110 4412 χεῖρον
3137 4382 3151 4407 ,
3191 4341 3332 4395 ἑκὼν
3373 4343 3562 4410 φυγὼν
3589 4342 3647 4394 τὺ

391 4415 674 4470 mortalem
728 4419 982 4490 animam
1007 4431 1063 4477 et
1111 4423 1502 4497 intelligibilem
1552 4442 1816 4499 creatam,
1845 4447 1964 4504 post

2080 4436 2312 4505 ἱμεινον.
2354 4433 2515 4487 Ἀλλὰ
2545 4433 2640 4487 καὶ
2680 4433 2850 4503 αὐτὴν
2886 4433 2993 4503 ’τὴν
3039 4433 3214 4505 ψυχὴν
3252 4432 3517 4487 ἀθάνατον
3556 4435 3646 4488 καὶ

390 4500 598 4572 lapsum
633 4507 835 4563 scimus
871 4511 1028 4566 morti
1070 4513 1393 4572 tradidisse:
1441 4518 1604 4588 idque
1640 4536 1746 4576 non
1777 4500 1963 4593 corpo-

389 4591 491 4646 rali
525 4596 703 4660 modo,
759 4613 968 4666 verum,
1000 4605 1142 4672 quod
1172 4615 1255 4661 est
1312 4611 1551 4677 gravius,
1612 4591 1958 4684 intelligibili.

388 4683 678 4741 Peccatum
740 4689 882 4743 enim
915 4692 1078 4748 auimi
1130 4698 1375 4766 quaedam
1429 4715 1576 4756 mors
1623 4712 1730 4770 est,
1791 4683 1956 4761 veluti

391 4787 606 4847 “cenam
632 4787 684 4833 ct
733 4783 1116 4850 sempiternam
1165 4792 1566 4859 corruptionem
1602 4795 1675 4850 illi
1720 4811 1957 4865 parans:

390 4862 585 4920 Timete
635 4870 724 4937 qui
777 4883 942 4938 potest
1016 4878 1250 4933 animam
1311 4891 1360 4936 et
1405 4899 1592 4953 corpus
1638 4862 1851 4953 perdere
1901 4891 1957 4942 in

386 4956 676 5049 gehennam
704 4971 752 5015 .
809 4963 1054 5036 Simplex
1105 4971 1268 5041 igitur
1319 4973 1466 5030 solus
1495 4986 1578 5032 est
1626 4977 1770 5034 Deus
1797 4990 1957 5049 atque

387 5047 916 5125 incircumscriptus.
949 5061 1119 5116 Omne
1152 5065 1295 5118 enim
1313 5069 1459 5136 quod
1491 5070 1959 5128 circumscribitur

385 5139 615 5211 simplex
645 5160 750 5200 nou
782 5160 888 5211 eSt,
921 5152 1101 5206 omnia
1131 5156 1274 5209 enim
1303 5168 1500 5226 praeter
1528 5161 1696 5216 Deum
1746 5178 1958 5233 compo-

2065 4523 2268 4595 νοητὴν
2309 4522 2808 4595 δημιουργηθεῖσαν
2839 4525 2904 4577 ὲκ
2949 4525 3314 4595 παραϐάσεως
3354 4523 3512 4594 ἴσμεν
3554 4523 3647 4578 θα·

2065 4616 2209 4685 νάτῳ
2246 4614 2710 4685 παραδεδομένην,
2749 4617 2799 4668 εί
2845 4615 2940 4668 καὶ
2983 4615 3058 4687 μὴ
3081 4615 3362 4686 ἀἱσθητῴ,
3409 4615 3544 4668 ἀλλὰ
3584 4631 3644 4683 γε

2065 4705 2149 4778 (τὸ
2172 4705 2572 4777 χαλεπώτερον)
2593 4706 2790 4784 νοητῷ.
2821 4707 2887 4760 Ἦ
2911 4707 3154 4776 ἁμαρτία
3176 4706 3283 4776 γάρ
3303 4706 3475 4776 αὐτῆς
3501 4708 3644 4760 ἔστιν

2064 4799 2092 4849 ὸ
2115 4794 2364 4862 θάνατος,
2391 4795 2468 4859 ὡς
2495 4795 2717 4849 κόλασιν
2750 4796 2887 4867 αὐτῇ
2933 4797 3031 4849 καὶ
3075 4795 3281 4866 φθορὰν
3313 4796 3644 4868 προξενοῦσα

2064 4885 2358 4956 ἄφθαρτον
2373 4884 2675 4954 Φοϐήθητε
2691 4886 2820 4957 γὰρ,
2835 4885 2968 4954 φησὶ
2985 4885 3051 4951 ⁸ο,
3069 4885 3176 4938 τὸν
3190 4883 3532 4952 δυνάμενον
3547 4882 3644 4938 καὶ

2063 4979 2180 5045 τὴν
2213 4977 2428 5046 ψυχὴν
2472 4977 2569 5031 καὶ
2600 4976 2667 5031 τὸ
2704 4976 2877 5046 σῶμα
2900 4977 2970 5030 ἐν
3001 4976 3214 5046 γεέννῃ
3249 4976 3546 5031 ἀπολέσαι
3571 4975 3640 5029 δί.

2077 5071 2308 5134 Ἀπλοῢς
2349 5071 2407 5123 δὲ
2444 5071 2603 5140 μόνος
2647 5069 2795 5124 ἐστὶν
2836 5071 2866 5123 ό
2906 5069 3059 5133 Θεὸς,
3103 5069 3514 5139 ἀπερίγραπτος
3544 5067 3636 5120 ὤν’

2064 5165 2172 5218 πᾶν
2201 5165 2308 5235 γὰρ
2335 5163 2396 5216 τὸ
2424 5164 2797 5234 περίγραπτον
2818 5163 2916 5232 οὐχ
2950 5160 3174 5217 ἁπλῶν.
3208 5162 3288 5216 Τὰ
3321 5161 3377 5214 δὲ
3408 5159 3558 5232 παρὰ
3581 5159 3638 5212 τὺ

461 5253 798 5350 εΗεΙζεε-χιι.
828 5265 881 5318 5.
914 5265 1096 5350 “enisa.
1121 5287 1238 5339 Lm,
1262 5273 1316 5329 8.
1375 5276 1594 5335 ‘Matth.
1635 5297 1675 5348 ι,
1701 5282 1753 5335 l.
1813 5281 2020 5338 iMarc.
2050 5299 2171 5350 xm,
2215 5284 2304 5339 52.
2383 5285 2406 5324 ιι
2430 5283 2585 5339 Joan.
2614 5297 2708 5349 vn,
2739 5283 2794 5340 8.
2871 5281 3236 5348 ‘Joan.v,5l.
3277 5278 3492 5335 “Joan.
3518 5291 3631 5343 vut,

387 5324 476 5382 Η.
552 5335 582 5366 ι
604 5328 796 5387 Matth.
837 5351 894 5402 Χ,
914 5336 1006 5392 20.

1690 5445 1922 5502 VARIIE
1956 5446 2364 5506 LECTIONES.

452 5517 498 5551 ³³
525 5521 556 5572 ὁ
595 5535 704 5578 om.
733 5539 818 5647 gr.
839 5525 907 5584 A.
983 5530 1147 5614 “fati
1180 5533 1362 5608 ἄνθρ.]
1387 5538 1492 5593 lsa.
1515 5555 1570 5608 ν,
1599 5541 1654 5595 8.
1730 5541 1774 5574 “
1803 5542 2005 5617 βίϐλος]
2041 5545 2232 5602 Matth.
2267 5564 2306 5612 ι,
2341 5547 2392 5603 1.
2470 5547 2590 5580 ³⁸⁸³⁸
2620 5549 2669 5602 εἰ
2699 5545 2840 5670 ὲγὼὲ
2861 5547 3018 5602 Joan.
3053 5562 3104 5610 v,
3133 5546 3222 5639 5i.
3299 5543 3346 5578 ³⁸
3378 5541 3457 5613 si].
3479 5540 3627 5595 Joan.

452 5601 504 5649 ¹¹⁹
527 5589 613 5670 14·
661 5593 729 5670 ³⁷.
765 5598 883 5652 δίαν
902 5601 1127 5658 αὐτουΑ
1157 5623 1169 5659 ε
1201 5608 1439 5670 ἐμαυτοῦ
1475 5626 1535 5670 ς.
1615 5611 1658 5644 ³³
1691 5604 1844 5670 οὗτος
1879 5631 1936 5670 ς’.
2017 5615 2061 5647 ⁸³
2094 5618 2229 5670 μετὰ
2253 5619 2293 5670 Λ
2329 5633 2343 5670 :
2375 5616 2514 5670 κατὰ
2532 5636 2590 5670 ς.
2668 5619 2712 5651 ⁸ο
2738 5635 2805 5670 oo
2846 5617 2888 5670 .l
2938 5617 3122 5670 Matth.
3161 5634 3216 5670 ι.
3251 5615 3340 5670 28.
3421 5613 3463 5646 ⁸⁸
3499 5611 3627 5665 ἀπο-

384 5589 620 5687 ξέῗ;.¹ξ.·.
642 5589 1065 5687 ,ἶῖθὶίῗιῖαθτου
1087 5604 1127 5658 Α
1157 5623 1169 5659 ³
1201 5608 1439 5677 ἐμαυτοῦ
1475 5626 1535 5673 ίῒ·
1615 5611 1658 5644 ³³
1691 5604 1844 5676 οὗτος
1879 5631 1936 5678 ς’·
2017 5615 2061 5647 "
2094 5618 2229 5686 μετὰ
2253 5619 2294 5674 Α
2329 5633 2343 5672 ε
2375 5616 2514 5672 κατὰ
2532 5636 2590 5682 ς-
2668 5619 2712 5651 ⁸ο
2738 5635 2805 5687 φο

383 5651 534 5712 λέσαι
563 5661 620 5714 tv
642 5651 830 5736 γεέννῃ
856 5684 911 5733 ς,

2938 5617 3122 5672 Matth.
3161 5633 3216 5681 ς,
3251 5615 3340 5671 28.
3421 5610 3463 5646 ⁸⁸
3499 5611 3631 5665 ἀπο-
