1986 3124
156 139 208 171 985

688 137 950 170 BIBLI‘OTHECA.
960 152 995 157 -—
1005 139 1085 169 COD.
1104 139 1249 170 CCXXIX.

1731 143 1783 174 936

156 194 232 221 Θείον
251 193 340 220 πάντα
365 192 488 220 σύνθετα.
509 192 571 219 Ὅτι
591 191 663 219 δὲτὸ
685 192 811 219 σύνθετον
833 193 932 220 δύνατα

995 192 1046 220 sila
1057 197 1132 225 sunt.
1142 194 1205 228 quia
1214 192 1392 228 compositum
1403 196 1491 228 potest
1499 192 1683 222 etimmortale
1692 194 1747 222 ﬁeri
1755 201 1781 223 ct

156 239 204 266 καὶ
233 238 365 265 ἀθάνατον
393 239 501 272 μεῖναι,
534 237 701 273 μαρτυροῦσι
731 237 780 273 μὲν
805 238 838 264 τὰ
864 238 944 273 νοερὰ

155 284 284 318 τάγματα
307 283 354 310 καὶ
373 283 390 317 ή
413 283 496 318 ψυχὴ,
522 284 657 318 μαρτυρεῖ
677 283 706 310 δὲ
733 283 833 318 μᾶλὶον
856 284 902 310 καὶ
926 285 943 319 ἡ

154 330 312 362 ἀνάστασις,
329 330 358 355 ὲν
405 328 533 360 σύνθετος
550 328 564 354 6
580 327 721 363 ἄνθρωπος
741 328 817 354 οὐδὲν
831 326 912 364 ἧττον
926 329 942 364 ἦ

154 375 306 410 πρότερον,
328 374 506 409 ἀνιστάμενος
528 374 568 405 εἰς
585 373 750 406 ἀθανασίαν,
773 374 841 409 μετὰ
855 374 944 410 ψυχῆς

153 420 201 447 καὶ
218 420 344 455 σώματος
358 420 512 447 ἀνίσταται·
525 419 574 446 Δεῖ
586 420 608 436 ⁸³
619 420 673 454 γὰρ
684 419 717 446 τὸ
732 420 842 453 θνητὸν
856 420 943 447 τοῦτο

153 465 338 493 ἐνδύσασθαι
359 465 538 496 ἀθανασίαν,
555 465 604 492 καὶ
616 465 648 492 τὸ
660 465 789 499 φθαρτὸν
801 466 888 492 τοῦτο
895 466 943 492 ἐν-

153 511 304 538 δύσασθαι
322 511 503 545 ἀφθαρσίαν.
513 511 567 537 Καὶ
578 510 628 537 οὐκ
637 510 670 537 ἄν
686 519 726 542 τις
739 511 810 537 είποι
821 511 851 538 τὸ
863 511 943 546 σῶμα

153 558 214 584 τότε
224 559 263 588 είς
283 558 332 593 τὴν
350 558 443 584 οὐσίαν
459 558 620 593 μεταϐαλεῖν
634 557 656 573 δ³
669 557 717 592 τῆς
727 557 826 592 ψυχῆς·
842 559 866 584 εἰ
888 558 941 593 γὰρ

153 603 200 629 καὶ
208 602 373 638 λεπτότερον
389 603 435 629 καὶ
451 603 641 638 διαυγέστερον
656 603 771 636 γίνεται,
782 602 840 628 ἀλλ’
853 600 941 629 οὗντὰ

153 648 304 682 ἰνδάλματα
321 648 402 681 σώζει
411 648 456 675 τοῦ
468 647 602 683 σώματος,
617 648 664 674 καὶ
676 647 821 681 ἄνθρωπός
830 649 898 680 ὲστι,
908 649 942 674 τᾶ

151 691 295 725 ἀνθρώπου
312 692 403 727 φέρων
415 692 603 727 γνωρίσματα.
614 692 790 726 Μαρτυρεῐδὲ
802 693 857 723 τοῖς
867 693 942 728 εἰρη-

151 736 243 770 μένοις
260 736 346 771 Ἐνὼχ
371 737 419 763 καὶ
440 737 532 768 Ἠλίας
560 738 607 764 καὶ
634 739 648 763 6
672 737 721 772 τῆς
744 737 857 773 βροντῆς
886 739 942 770 υίὸς

156 780 291 817 Ἰωάννης,
306 782 347 809 ἔτι
361 783 502 818 περιόντες
516 784 544 808 ἐν
558 782 597 817 τῷ
614 782 730 818 σώματι·
750 783 795 809 καὶ
811 784 865 819 γὰρ
880 784 942 810 τοὺ-

149 834 212 858 τους
230 827 269 858 ὡς
284 827 410 862 ἀπαρχὴν
433 827 481 854 τοῦ
503 827 564 854 ὅλου
582 828 741 863 φυράματος
757 827 836 863 ἡμῶν
860 828 874 854 6
886 829 941 863 Δη-

994 239 1081 273 angeli
1099 239 1124 266 id
1137 243 1269 266 testantur
1278 238 1411 271 etanima,
1426 238 1612 272 ampliusvero
1624 240 1783 268 testiﬁcatur

994 284 1020 311 id
1030 285 1200 315 resurrectio.
1208 292 1259 320 qua
1268 291 1319 311 non
1330 285 1418 312 minus
1428 290 1508 319 atque
1518 285 1604 320 primo
1615 287 1782 320 compositus

994 329 1073 358 homo
1086 330 1118 357 ad
1132 330 1362 358 immortalitatem
1370 338 1513 364 resurgens
1521 331 1629 358 exsistit
1637 337 1782 366 corporeet

993 377 1083 405 animo
1099 378 1238 411 praeditus.
1253 376 1359 410 Oportet
1374 377 1440 403 enim
1450 377 1616 410 carruptibile
1631 378 1678 404 hoc
1690 378 1781 404 induc-

993 430 1021 449 re
1035 423 1254 457 incorruptionem
1267 430 1277 449 :
1296 426 1319 449 et
1338 421 1447 449 mortale
1471 421 1519 448 hor
1542 422 1649 449 induere
1672 423 1780 449 immor-
1825 419 1827 422 ’

993 466 1121 494 talitatem
1135 475 1156 492 δ.
1186 467 1220 494 ΕΙ.
1246 474 1280 494 ne
1302 466 1401 493 dixerit
1426 467 1534 500 aliquis,
1559 474 1657 501 corpus
1674 471 1738 494 tunc
1753 467 1778 493 in

992 512 1089 538 animm
1120 512 1301 539 cornlitionem
1325 512 1450 546 migrare.
1470 510 1497 538 Si
1524 512 1596 538 enim
1625 513 1732 539 tenuius
1751 512 1780 539 ﬂt

993 563 1075 593 atque
1100 558 1252 592 angustius,
1279 558 1326 584 sed
1338 557 1461 591 corporis
1485 557 1602 591 speciem
1626 562 1728 590 servat,
1752 563 1799 584 et-

993 602 1074 630 homo
1101 607 1143 629 est
1171 601 1289 628 hominis
1314 602 1415 628 habens
1429 600 1559 634 insignia.
1594 600 1723 628 Testatur
1752 601 1780 627 id

993 647 1096 678 Enoch,
1112 647 1197 680 Elius,
1226 651 1253 674 et
1268 646 1387 674 Joannes
1414 645 1524 673 touitrui
1550 646 1630 678 ﬁlius,
1646 646 1733 673 adhuc
1752 646 1779 673 in

993 700 1107 727 corpore
1123 697 1244 727 agentes.
1262 692 1317 719 llos
1330 692 1401 718 enim
1418 697 1445 719 et
1460 692 1534 718 initia
1550 692 1631 719 totius
1647 691 1780 719 conditio-

993 738 1035 764 nis
1053 742 1151 764 nostra:
1162 737 1292 764 Conditor
1308 737 1457 772 abripiens,
1468 736 1593 764 omnibus
1607 737 1736 768 ostendit.
1749 741 1779 763 ut

994 783 1045 811 nisi
1059 783 1145 810 Adam
1167 783 1345 817 peccavisset,
1370 783 1459 809 adhuc
1485 782 1597 814 viveret,
1629 782 1681 809 nisi
1707 782 1778 816 quod

994 829 1103 864 longam
1118 830 1200 856 vitam
1225 833 1337 864 agentes
1349 833 1458 863 gustant
1485 827 1629 861 aliquando
1653 832 1779 859 mortem,

149 872 281 907 μιουργὸς
303 872 394 899 λαϐὼν
416 872 501 905 ἔδειξε
526 873 609 900 πᾶσιν
628 873 665 905 ὡς
685 874 709 900 ει
734 873 770 908 μὴ
785 873 909 909 ἥμαρτεν
928 875 935 900 t‘

994 875 1103 903 etiamsi
1128 875 1155 902 in
1171 879 1310 901 momento
1324 873 1406 902 oculi.
1426 873 1493 900 Vide
1509 880 1602 900 eorum
1619 872 1710 905 iidem,
1723 877 1751 899 et
1764 880 1780 899 θ

154 916 250 952 Ἀδὰμ,
266 916 306 943 ἔτι
323 917 356 944 ἂν
373 919 469 954 περιῆν
488 918 556 953 μετὰ
577 918 624 944 τοῦ
643 918 779 953 σώματος.
801 918 873 954 Πλὴν
891 918 935 945 καὶ

992 920 1080 948 tribus
1111 919 1212 955 254a
1247 919 1466 953 generationibus
1499 918 1678 949 adducantur.
1716 924 1780 945 ante

147 959 220 988 οὗτοι
249 962 425 998 πολυχρόνιον
458 963 516 998 βίον
546 963 673 995 ἀνύοντες
700 963 843 997 γεύσονταί
872 972 935 990 ποτε

991 967 1077 1002 legem
1090 966 1171 994 latam
1194 966 1244 992 fuit
1259 965 1361 995 Enoch.
1381 970 1439 999 post
1456 965 1541 998 legem
1557 964 1642 996 Elias,
1659 968 1780 998 tempore

146 1007 273 1042 θανάτου,
289 1010 342 1037 κᾶν
358 1011 387 1037 ὲν
398 1011 465 1046 ῥιπῇ
480 1010 630 1045 ὀφθαλμοῦ.
646 1011 717 1046 Ὅρα
732 1011 760 1037 δὲ
773 1012 823 1046 τὴν
835 1011 868 1038 δι’
888 1011 935 1038 αὑ⁴

990 1013 1085 1047 gratiae
1100 1013 1181 1039 decus
1197 1011 1399 1046 discipulorum.
1415 1011 1504 1044 Quare
1517 1011 1538 1037 si
1551 1011 1634 1036 Adam
1651 1018 1702 1037 non
1717 1017 1780 1044 pec-

145 1053 200 1080 τῶν
216 1054 316 1087 πίςτιν,
337 1056 375 1087 ὡς
392 1056 424 1082 ὲκ
443 1056 497 1083 τῶν
511 1055 594 1091 τριῶν
611 1055 761 1091 προάγεται
776 1057 886 1090 γενεῶν,
904 1057 935 1082 ἐκ

991 1062 1089 1091 cesset,
1107 1065 1168 1084 cum
1185 1058 1226 1084 his
1256 1056 1471 1091 incorruptibilis
1488 1056 1609 1084 vixisset.

146 1103 196 1136 μὲν
208 1103 261 1129 τῶν
273 1103 325 1139 πρὸ
339 1104 421 1139 νόμου
436 1104 584 1139 ληφθέντος
601 1104 648 1131 τοῦ
670 1104 765 1140 Ἑνὼχ,
783 1107 814 1131 ὲκ
831 1105 858 1131 δὲ
875 1105 927 1131 τῶν
944 1107 1012 1140 μετὰ.
1025 1106 1071 1132 τὸν
1082 1105 1162 1141 νόμον
1178 1104 1225 1131 τοῦ
1247 1104 1334 1137 Ἠλία,
1346 1105 1378 1131 ἐκ
1391 1104 1420 1130 δὲ
1432 1104 1484 1130 τῶν
1500 1104 1568 1138 μετὰ
1582 1102 1630 1138 τὴν
1641 1103 1721 1138 χάριν
1731 1101 1777 1129 τοῦ

144 1149 304 1184 ὲπιστηθίου
312 1149 365 1175 τῶν
379 1150 515 1185 μαθητῶν.
528 1151 632 1178 Οὐκοῦν
647 1152 694 1178 καὶ
706 1152 719 1178 6
741 1152 836 1187 Ἀδὰμ,
855 1153 878 1178 εί
892 1152 941 1187 τὴν
966 1151 1075 1186 ἐντολὴν
1089 1151 1234 1185 ἐφύλαττε,
1249 1150 1354 1181 τούτοις
1376 1149 1408 1176 ἂν
1422 1148 1591 1180 ἀδιοτάκτως
1609 1148 1778 1183 συμπεριῆν.

180 1197 243 1222 Ὅτι
270 1196 297 1222 δὲ
324 1196 463 1231 περίεστιν
488 1198 502 1223 6
530 1198 663 1233 παρθένος
696 1198 821 1233 Ἰωάννης
837 1218 845 1230 ,
868 1198 936 1232 ὅπερ

144 1242 290 1278 ἐζήτησας,
308 1241 402 1276 ὥσπερ
416 1242 461 1268 τὸν
481 1242 566 1277 Ἑνὼχ
582 1242 644 1278 [418
658 1242 703 1278 11.]
717 1242 764 1269 καὶ
779 1243 824 1269 τὸν
845 1242 935 1269 Ἠλίαν

144 1287 293 1323 παράδοσις
318 1288 462 1322 μαρτυρεῖ,
485 1287 555 1314 οὕτω
578 1288 625 1314 καὶ
646 1288 751 1315 τοῦτον.
777 1288 832 1315 Καὶ
855 1288 885 1314 τὸ
906 1289 935 1315 ἐν

142 1333 198 1364 τοῖς
214 1332 392 1366 Eia-ﬂauas;
414 1332 443 1358 δὲ
469 1333 614 1368 εἰρημένον
636 1335 675 1365 εἰς
694 1333 740 1360 τδν
759 1333 841 1361 αὑτὸν
862 1334 935 1368 ἡμᾶς

142 1378 206 1405 νοῦν
219 1378 305 1404 ἕλκει.
330 1377 396 1404 Εἴπε
416 1378 464 1413 μὲν
479 1379 533 1414 γὰρ
547 1380 562 1405 6
578 1380 695 1414 Χριστὸς
710 1379 756 1406 τδν
769 1380 870 1414 τρόπον
886 1380 933 1406 τοῦ

142 1423 280 1455 θανάτου,
308 1422 338 1450 ὅν
361 1423 473 1457 ἔμελλεν
500 1424 570 1458 ὑπὲρ
598 1424 680 1450 αὑτοῦ
712 1424 893 1459 ἀποθνήσκειν
920 1426 934 1451 6

141 1469 255 1503 Πέτρος·
273 1469 288 1495 6
308 1469 337 1495 δὲ
363 1469 466 1504 Πέτρος
488 1469 534 1496 τὸν
555 1471 653 1496 οἰκεῖον
681 1469 795 1496 Θάνατον
815 1470 935 1501 ἀκούσας

141 1514 223 1545 εὐθὺς
251 1515 378 1549 ἐπερωτᾷ
410 1515 474 1549 περὶ
502 1515 549 1541 τοῦ
580 1515 774 1549 εὐαγγελιστοῦ
798 1516 933 1547 Ἰωάννου,

1022 1197 1159 1233 Virginem
1193 1201 1302 1228 autem,
1326 1195 1457 1222 Joannem
1490 1195 1530 1222 sic
1561 1202 1713 1228 superesse,
1748 1199 1779 1221 ut

985 1243 1139 1278 postulasti,
1154 1247 1180 1270 et
1198 1242 1289 1270 Enoch
1312 1247 1340 1269 et
1362 1241 1457 1273 Eliam,
1473 1241 1619 1268 traditione
1635 1241 1774 1272 habemus,

986 1293 1014 1316 et
1029 1288 1101 1322 quod
1117 1288 1143 1315 in
1161 1287 1307 1322 Evangelio
1321 1288 1445 1318 habetur,
1465 1287 1490 1313 iu
1511 1287 1583 1313 hunc
1598 1294 1705 1313 sensum
1723 1291 1778 1313 tra-

984 1334 1068 1361 hitur.
1095 1333 1167 1360 Dixit
1188 1334 1315 1361 Christus
1346 1341 1398 1368 qua
1426 1338 1512 1360 morte
1541 1338 1612 1360 esset
1630 1322 1777 1360 moriturus

984 1376 1095 1411 Petrus,
1111 1383 1138 1405 et
1154 1378 1322 1412 interrogans
1342 1377 1383 1403 his
1398 1377 1498 1404 auditis
1515 1378 1547 1404 de
1564 1376 1667 1404 Joanne
1687 1378 1777 1404 Evan-

982 1423 1090 1458 gelista.
1115 1422 1192 1450 Patet
1218 1422 1308 1456 itaque
1345 1423 1416 1449 hunc
1443 1422 1510 1449 nihil
1538 1422 1608 1448 aliud
1638 1430 1717 1455 quant
1744 1422 1778 1449 de

984 1473 1070 1495 morte
1100 1468 1170 1496 illius
1189 1469 1327 1503 quaesisse.
1369 1467 1420 1495 llic
1456 1473 1540 1495 autem
1567 1468 1679 1502 quidt'?
1706 1467 1777 1495 Nihil

985 1514 1056 1541 aliud
1069 1514 1102 1541 de
1125 1515 1183 1549 ipso
1196 1522 1228 1542 ex
1255 1513 1395 1541 Salvatorc
1422 1514 1535 1546 audivit,
1556 1514 1608 1540 alio
1626 1514 1778 1547 responsio-

140 1558 220 1592 δῆλον
242 1559 369 1585 κάκείνου
389 1559 439 1585 οὐκ
457 1559 521 1586 ἄλλο
541 1568 567 1586 τι
586 1560 643 1586 ἀ)λ’
664 1559 681 1594 ἢ
701 1560 746 1586 τὸν
765 1560 863 1594 τρόπον
887 1560 934 1586 τοῦ

988 1566 1047 1585 nem
1065 1578 1072 1591 ,
1090 1558 1213 1590 detorsit,
1238 1564 1364 1593 tanquam
1386 1558 1539 1593 despiciens
1566 1563 1593 1585 et
1613 1557 1687 1584 nihili
1718 1565 1776 1584 cum

139 1603 258 1630 Θανάτου
274 1604 356 1630 αὑτοῦ
372 1604 467 1639 μαθεῖν
480 1605 628 1640 ἐπιζητῶν,
648 1592 742 1638 Οὗτος
756 1592 789 1631 δέ
804 1605 826 1621 ⁸⁸
841 1606 888 1638 τι;
902 1606 932 1632 οὗ

988 1603 1089 1632 iaciens
1112 1604 1230 1632 doctoris
1246 1605 1279 1632 de
1292 1592 1354 1638 ipso
1372 1592 1539 1639 prophetiam
1560 1613 1567 1630 :
1588 1609 1615 1630 et
1634 1603 1705 1631 Petri
1733 1603 1773 1630 in-

139 1649 194 1682 γὰρ
209 1648 274 1675 ἄλλο
296 1649 344 1683 μὲν
364 1650 446 1684 ἤκουε
463 1650 539 1684 παρὰ
554 1650 601 1676 τοῦ
617 1650 743 1684 Σωτῆρος
758 1650 822 1685 περὶ
838 1650 933 1682 αὑτοῦ,

139 1696 179 1722 εἰς
202 1693 266 1720 ἄλλο
281 1694 310 1720 δέ
326 1703 352 1720 τι
374 1695 552 1722 ἀνακόλουθον
576 1695 625 1730 τὴν
648 1694 782 1731 ἐρώτησιν
804 1695 932 1730 μετῆγεν,

140 1738 206 1774 [800
217 1738 264 1775 R.]
276 1739 370 1774 ὥσπερ
381 1740 508 1775 παρορῶν
517 1741 563 1767 καὶ
574 1740 650 1776 παρὰ
661 1741 762 1775 φαῦλον
772 1741 934 1773 ποιούμενος

138 1783 189 1817 τὴν
205 1783 253 1810 τοῦ
269 1784 429 1811 διδασκάλου
450 1785 514 1819 περὶ
533 1785 615 1812 αὑτοῦ
638 1785 816 1821 προφητείαν.
834 1785 890 1820 Τῆς
904 1786 933 1812 δὲ

138 1828 185 1854 τοῦ
203 1829 305 1864 Πέτρου
322 1830 482 1864 ἐρωτήσεως
497 1832 561 1866 περὶ
575 1830 622 1857 τοῦ
639 1831 764 1863 θανάτου,
780 1830 808 1857 ὃν
822 1830 933 1865 ἔμελλεν

139 1874 323 1908 ἀποθνήσκειν
346 1876 366 1891 ¹¹³
389 1877 402 1902 6
422 1877 559 1912 Ἰωάννης,
586 1877 790 1911 ἐπερωτῶντος,
815 1878 863 1904 καὶ
885 1877 932 1904 τοῦ

139 1920 266 1955 Σωτῆρος
290 1921 412 1952 εἰπόντος
437 1922 508 1949 Ἐὰν
535 1922 628 1949 αὐτὸν
649 1923 725 1949 θέλω
750 1923 853 1957 μένειν
878 1922 933 1956 ἕως

138 1964 275 1999 ἔρχομαι,
296 1967 323 1993 τί
343 1967 418 2000 πρὸς
440 1967 496 1999 σέ;
524 1968 585 1998 Πῶς
612 1968 673 2002 οὐχὶ
698 1968 747 2002 τὴν
777 1967 858 2004 μέχρι
883 1968 932 2003 τῆς

138 2012 291 2046 παρουσίας
313 2012 395 2038 αὑτοῦ
413 2013 544 2048 διαμονὴν
565 2014 581 2049 ἡ
597 2014 711 2050 ἀλήθεια
728 2015 873 2049 προλέγει;
890 2015 931 2041 διδ

138 2055 186 2081 καὶ
201 2056 214 2080 6
229 2055 258 2082 ὲν
272 2056 360 2090 ἁγίοις
376 2057 509 2092 Κύριλλος
523 2058 553 2084 τὺ
572 2058 736 2086 Ἀκολούθει
746 2068 798 2094 μοι
809 2060 930 2095 περὶτοῦ

138 2100 256 2127 Θανάτου
283 2102 329 2128 τοῦ
360 2103 438 2137 ἁγίου
465 2104 569 2138 Πέτρου
598 2103 725 2138 εἰρῆσθαι
755 2104 795 2139 τῷ
824 2104 931 2139 Σωτῆρι

138 2145 290 2181 ἐκδέχεται.
310 2147 347 2174 T6
359 2148 397 2181 δὲ,
417 2149 458 2175 ὅτι
478 2149 626 2184 Ἐξῆλθεν
641 2150 658 2176 d
673 2150 764 2184 λόγος
782 2147 870 2183 οὗτος
888 2152 931 2184 εις

139 2191 211 2224 τοὺς
227 2193 374 2226 μαθητὰς,
398 2194 443 2220 ὅτι
462 2196 479 2221 d
493 2195 630 2229 μαθητὴς
649 2195 764 2228 ἐκεῖνος
782 2196 838 2223 οὐκ
859 2196 931 2223 ἀπο-

139 2236 265 2269 θνήσκει
280 2238 326 2264 καὶ
340 2239 374 2265 τὰ
391 2238 454 2274 ἑξῆς
474 2240 504 2265 οὐ
520 2240 600 2274 μόνον
620 2240 697 2267 οὐδὲν
713 2240 839 2275 μάχεται,
862 2240 931 2267 ἀλλὰ

139 2282 187 2308 καὶ
215 2283 332 2318 συνᾴδει.
360 2285 397 2310 Οὐ
422 2286 475 2319 γάρ
499 2294 540 2317 τις
566 2286 649 2312 αὑτὸν
672 2286 806 2313 ἀθάνατον
824 2286 846 2301 ⁸⁸
861 2284 930 2313 εἷναί

142 2336 234 2362 φησιν,
254 2328 323 2355 ἀλλὰ
340 2330 479 2365 διαμένειν
495 2332 564 2366 μετὰ
578 2331 665 2367 Ἑνὼχ
686 2332 733 2358 καὶ
749 2331 828 2358 Ἠλία
850 2332 930 2367 μέχρι

139 2373 188 2408 τῆς
217 2373 347 2410 δευτέρας
377 2376 423 2402 τοῦ
455 2377 590 2403 Δεσπότου
620 2377 780 2413 παρουσίας·
809 2377 823 2403 ὃ
849 2378 896 2404 καὶ
918 2378 933 2404 6

142 2418 266 2455 μαθητὴς
281 2420 361 2452 αὐτὸς
374 2421 492 2456 βεϐαιῶν
504 2431 595 2458 φησιν,
611 2424 652 2450 ὅτι
661 2424 722 2450 οὐκ
736 2421 800 2450 εἶπε
812 2422 846 2449 δὲ
854 2422 933 2455 αὐτῷ

140 2465 156 2489 ό
176 2464 291 2498 Ἰησοῦς
314 2465 358 2493 ὅτι
379 2468 434 2493 οὐκ
454 2468 651 2502 ἀποθνήσκει,
673 2468 741 2495 ἀλλ’
765 2469 820 2495 ἐὰν
840 2467 933 2495 αὑτὸν

141 2507 215 2535 θέλω
229 2511 333 2543 μένειν
348 2511 403 2544 ἓως
415 2512 549 2547 ἔρχομαι,
569 2513 598 2540 τι
614 2515 688 2547 πρὸς
704 2513 757 2545 σέ;
773 2513 828 2540 Καὶ
847 2521 931 2547 φανε-

141 2553 186 2586 ρὸν
198 2553 238 2579 δτι
251 2554 282 2581 τὺ
298 2555 348 2589 μὲν
363 2556 498 2584 ἀθάνατον
510 2556 580 2585 εἶναι
592 2558 735 2594 ἀνέτρεψε,
751 2558 780 2585 τὺ
796 2558 825 2584 δὲ
841 2559 931 2593 μένειν

140 2596 193 2630 ἓως
216 2599 266 2633 τῆς
288 2603 438 2636 παρουσίας
460 2603 635 2631 ὲὸεὸαίωσεν.
656 2605 687 2631 Εἰ
707 2605 734 2631 δὲ
754 2605 768 2631 6
790 2605 933 2640 Παμφίλου

143 2643 279 2680 Εὐσέϐιος,
302 2646 351 2683 τὴν
372 2647 632 2683 ἐκκλησιαστικὴν
650 2649 763 2684 γράφων
784 2649 932 2683 Ἱστορίαν

989 1651 1170 1685 lerrogatione
1201 1651 1234 1677 de
1262 1656 1349 1677 morte
1382 1651 1576 1683 interrogantis
1605 1658 1639 1676 an
1659 1649 1777 1676 Joannes

986 1701 1059 1722 esset
1075 1697 1236 1722 moriturus:
1264 1699 1291 1722 et
1315 1696 1495 1730 respondente
1519 1695 1648 1721 Domino:
1667 1693 1695 1721 Si
1718 1701 1776 1720 cum

988 1740 1044 1767 volo
1057 1748 1161 1767 manere
1175 1741 1256 1767 donec
1272 1740 1371 1767 tertiam
1395 1740 1459 1774 quid
1482 1741 1515 1766 αιΙ
1531 1745 1554 1766 te
1567 1739 1603 1765 tt?
1638 1739 1778 1771 Qnomolo

988 1793 1040 1813 nou
1060 1786 1133 1813 illum
1162 1793 1319 1813 mansurum
1346 1786 1372 1812 in
1392 1786 1462 1812 hunc
1481 1792 1567 1819 usque
1587 1784 1657 1811 diem
1677 1784 1777 1810 veritas

986 1832 1118 1866 pra‘dicit.
1136 1830 1317 1864 Quamobrem
1336 1830 1430 1857 beatus
1443 1829 1561 1865 Cyrillus
1578 1829 1640 1855 illml
1656 1837 1662 1854 :
1680 1828 1778 1863 Seque-

987 1885 1014 1904 re
1033 1885 1083 1907 me.
1118 1876 1151 1904 de
1168 1881 1254 1903 morte
1268 1875 1339 1902 Petri
1370 1875 1470 1902 dixisse
1500 1875 1638 1902 Christum
1664 1874 1774 1908 accipit.

986 1922 1051 1949 Illud
1067 1926 1174 1949 autem:
1208 1920 1294 1948 Exivit
1320 1929 1404 1947 sermo
1436 1920 1481 1946 ille
1501 1921 1568 1946 inter
1596 1919 1690 1953 fratrea
1715 1922 1777 1953 quia

986 1966 1198 2006 discipqltuipse
1225 1975 1276 1994 non
1296 1968 1409 1992 moritur
1429 1971 1450 1998 τ,
1469 1970 1495 1993 et
1518 1974 1577 2000 qud:
1608 1969 1775 2000 sequuntur;

986 2020 1039 2040 non
1053 2011 1133 2040 modo
1146 2012 1213 2039 nihil
1226 2017 1336 2047 pugnat.
1362 2012 1409 2038 scd
1422 2015 1450 2038 et
1467 2015 1600 2038 consonat
1612 2019 1619 2037 :
1636 2018 1688 2037 non
1704 2011 1776 2037 enim

986 2058 1046 2094 quis
1064 2057 1245 2085 immortalem
1274 2057 1384 2090 dixerit,
1405 2057 1452 2084 sed
1468 2063 1580 2084 manere
1603 2063 1664 2083 cum
1683 2056 1775 2083 Enoch

985 2110 1012 2131 et
1039 2103 1109 2137 Elia,
1129 2111 1220 2138 usque
1256 2103 1288 2130 ad
1313 2103 1461 2130 secundum
1491 2102 1595 2129 Domini
1620 2102 1776 2133 adventum,

984 2149 1056 2184 quod
1074 2153 1102 2176 et
1124 2148 1272 2183 discipulus
1294 2148 1344 2175 iste
1362 2147 1504 2174 confirmat
1525 2154 1532 2172 :
1549 2147 1581 2173 Et
1603 2156 1653 2173 non
1666 2148 1734 2174 dixit
1750 2147 1775 2173 ei

983 2194 1072 2227 Iesus,
1085 2193 1146 2221 Non
1171 2194 1294 2225 moritur,
1315 2193 1370 2226 sed,
1382 2193 1405 2221 si
1423 2201 1482 2220 eum
1498 2193 1554 2219 volo
1576 2201 1681 2218 manere
1696 2193 1777 2219 donec

984 2240 1096 2274 veniam,
1107 2239 1169 2275 quid
1184 2239 1218 2266 ad
1235 2244 1258 2266 te
1275 2244 1286 2258 '
1303 2239 1314 2265 ?
1340 2243 1368 2266 et
1384 2243 1493 2273 apparet
1503 2237 1574 2272 quod
1594 2237 1774 2264 immortalem

984 2293 1044 2313 esse
1058 2286 1176 2321 negavit.
1193 2284 1302 2312 Munere
1314 2292 1372 2311 uero
1385 2284 1465 2311 donec
1480 2284 1575 2314 veniat,
1592 2283 1774 2309 conﬁrmavit.

986 2332 1014 2360 Si
1032 2339 1096 2359 vero
1110 2331 1242 2358 Eusebius
1257 2329 1450 2357 Ecclesiauicaz
1473 2328 1589 2362 scriptor
1603 2328 1733 2359 Ιιὶδιοήίιι,
1748 2334 1775 2353 «τι

986 2382 1106 2412 tempora
1123 2377 1220 2412 quibus
1235 2376 1303 2404 vixit
1324 2374 1486 2405 numeravit,
1511 2374 1542 2400 ad
1566 2381 1649 2408 usque
1665 2373 1774 2407 Trajnni

987 2427 1107 2458 tempora
1132 2422 1267 2457 pervenit,
1292 2420 1359 2448 nihil
1387 2419 1523 2455 prohibet.
1553 2418 1661 2455 etiamsi
1688 2419 1771 2446 dicat.

987 2467 1044 2495 Hoc
1060 2468 1247 2503 unusquisque
1262 2471 1350 2495 mente
1365 2466 1506 2501 percipiat,
1524 2469 1653 2499 tanquam
1670 2469 1773 2498 tempo-

987 2522 1028 2547 ra,
1042 2515 1133 2542 Enoch
1145 2516 1278 2547 ostendat,
1294 2519 1320 2541 ct
1330 2519 1395 2549 quot
1409 2520 1494 2540 annos
1509 2512 1608 2539 vixerit
1620 2520 1703 2539 sacra:
1719 2511 1773 2538 Lit-

988 2565 1052 2588 tera:
1066 2561 1138 2588 clare
1154 2561 1308 2588 ostendunt.
1327 2559 1380 2587 Sed
1399 2567 1450 2586 non
1479 2563 1621 2593 propterea
1634 2558 1696 2592 quis
1725 2557 1770 2590 ju.

989 2610 1047 2634 stus
1066 2607 1269 2634 translationem
1285 2613 1346 2633 cum
1361 2612 1473 2639 corpore
1489 2603 1662 2631 inliciabitur.
1675 2602 1771 2637 254ὺ

986 2650 1055 2679 Huic
1078 2651 1219 2679 sententia:
1239 2650 1415 2679 consentiunt
1444 2649 1564 2676 actiones
1584 2647 1674 2674 dilecti
1689 2646 1771 2673 Joan-

174 2705 186 2718 ο
203 2699 287 2728 lCor.
304 2708 349 2735 xv,
360 2702 404 2729 55.
444 2707 456 2727 P
470 2702 547 2730 Joan.
563 2703 674 2735 xxt,‘2l.
712 2708 725 2728 tt
742 2703 805 2731 ibid.
822 2704 867 2731 22.
908 2709 918 2724 τ

988 2707 1002 2733 Ι.
1022 2706 1068 2735 25.
1107 2710 1118 2724 ³
1132 2707 1196 2734 ibid.

795 2746 909 2775 VARI/li
927 2748 1126 2777 LECTIONES.

176 2788 200 2805 ⁸²
216 2789 266 2853 65g
285 2791 365 2820 ICor.
379 2801 423 2826 xv,
445 2794 490 2822 55.
543 2794 565 2810 ⁵³
584 2794 760 2830 μεταϐάλλειν
773 2805 803 2828 ς.

180 2845 186 2851 .
200 2825 249 2852 ait
267 2835 280 2853 ν
294 2836 324 2853 c.

143 2825 186 2853 ᾰθ.
200 2825 280 2853 αδτδν
294 2836 324 2859 ς.

856 2797 877 2813 ⁸⁵
888 2793 976 2833 οὗτος]
988 2797 1066 2826 Joan.
1088 2806 1144 2830 χει,
1161 2797 1205 2826 21.
1245 2796 1267 2813 ⁸⁵
1279 2795 1389 2831 ἔμελλεν
1406 2793 1531 2828 Ἰωάννης
1544 2792 1724 2828 ἀπιονήσχειν
1740 2801 1771 2825 ς.
