3972 6248
386 277 493 342 987

1583 277 1846 338 PHOTII
1890 273 2398 336 PATRIARCH/E
2437 232 2548 337 CP.

3567 271 3675 334 988

394 386 498 450 nis,
537 390 592 439 et
651 382 782 448 vita,
831 396 966 453 quas
1008 379 1166 451 paucl
1218 391 1461 440 narrant.
1506 383 1643 441 Cum
1685 385 1746 441 in
1790 384 1974 454 aliquo

2093 383 2333 448 καὶτοὺς
2375 383 2605 455 χρόνους
2647 378 2834 444 αὐτοῦ,
2878 380 3001 436 καθ’
3036 381 3129 446 οὓς
3181 380 3408 436 ἐϐίωσεν
3440 382 3506 445 ⁸⁷,
3547 382 3673 452 ἀρι-

395 475 536 540 loco,
574 481 628 528 et
652 474 829 537 aiunt,
857 472 1000 528 illius
1033 473 1238 528 monitu
1273 475 1481 544 positus
1510 486 1678 543 esset,
1711 477 1974 547 qumsitus

398 581 519 620 mox
580 565 830 621 inventus
873 581 979 619 non
1026 573 1130 629 est,
1174 567 1266 621 sed
1322 565 1630 623 diffundens
1677 568 1976 622 sanctimo-

395 652 540 706 niam
575 667 604 704 a
654 651 792 718 loco,
845 667 954 722 quo
1007 651 1160 708 brevi
1209 661 1452 723 tempore
1492 657 1892 725 continebatur,
1944 673 1976 714 a

393 755 501 809 quo
537 749 790 810 tanquam
837 744 1145 802 sanctitatis
1178 744 1328 802 fonte
1391 761 1607 802 sacrum
1640 759 1972 818 unguentum

394 828 694 886 hausimus.
741 830 876 887 Illud
930 849 1060 890 vero
1109 845 1256 906 patet
1326 847 1650 906 praesentem
1717 839 1977 908 quaestio-

392 933 538 984 nem,
571 923 820 990 quamvis
849 939 878 977 a
912 926 1143 982 veritate
1167 928 1450 996 abhorret,
1477 945 1584 984 non
1639 929 1838 985 afferre
1870 930 1982 984 ani-

395 1024 498 1065 maa
523 1012 864 1082 periculum:
912 1014 1033 1070 lidei
1077 1019 1222 1072 enim
1282 1019 1648 1090 investigatio,
1683 1021 1970 1076 veritatem

391 1102 727 1168 transiliens,
756 1119 1011 1173 magnum
1044 1108 1240 1163 animae
1268 1109 1610 1180 naufragium
1642 1122 1830 1179 creat;
1863 1114 1984 1168 ideo

399 1206 614 1262 quoque
636 1195 720 1248 vel
749 1194 932 1251 brevis
961 1197 1188 1267 syllaba,
1229 1216 1347 1268 qua:
1375 1202 1438 1254 ad
1471 1203 1754 1257 veritatem
1791 1203 1980 1259 confe-

398 1290 505 1349 rat,
534 1281 870 1338 defendenda
932 1295 1053 1354 est;
1097 1290 1326 1356 quaestio
1408 1305 1538 1345 vero
1583 1292 1982 1361 problematum

397 1382 587 1428 contra
624 1375 907 1445 pietatem,
942 1377 1226 1448 pulchrum
1252 1381 1506 1449 quiddam
1530 1391 1634 1449 est,
1667 1384 1712 1438 si
1743 1384 1808 1438 ad
1841 1385 1984 1440 veri-

399 1469 525 1524 tatis
561 1470 723 1525 linem
777 1474 1082 1541 perveniat,
1130 1475 1174 1529 si
1215 1491 1348 1530 vero
1379 1478 1444 1531 ab
1485 1492 1548 1532 ea
1601 1481 1837 1547 aberret,
1876 1496 1981 1536 non

400 1558 686 1626 pulchrum
735 1563 978 1632 quidem,
1031 1574 1207 1619 tamen
1267 1567 1562 1636 perniciem
1624 1571 1818 1626 aniinae
1877 1589 1982 1626 non

2083 477 2324 550 θμητοῦς
2361 477 2536 542 ἔθετο,
2577 476 2674 530 καὶ
2701 477 2778 540 ὡς
2813 477 2977 547 μέχρι
3009 475 3118 529 τῶν
3152 475 3425 546 Τραϊανοῦ
3461 473 3676 544 χρόνων

2082 569 2390 640 διήρκεσεν,
2413 568 2567 622 οὐδὲν
2595 567 2923 638 μαχόμενον,
2948 565 3050 620 κᾶν
3080 566 3233 637 δοκῇ,
3260 565 3430 634 λέγει.
3467 565 3679 617 Ἐκεῖνο

2081 662 2192 732 γάρ
2246 662 2475 723 ἕκαστος
2526 659 2669 714 κατὰ
2727 659 2852 712 νοῦν
2913 658 3269 727 λαμϐανέτω,
3331 657 3408 720 ὡς
3470 657 3520 708 οἱ
3578 653 3677 708 τοῦ

2094 751 2265 823 Ἑνὼχ
2295 751 2582 822 κατάδηλοι
2621 751 2838 821 χρόνοι,
2869 751 2967 804 καὶ
3010 751 3109 804 ὅσα
3155 749 3248 818 έτη
3291 751 3347 802 ὲν
3374 749 3452 818 τῷ
3484 748 3679 817 κόσμῳ

2081 846 2236 909 ἐϐίω,
2271 845 2458 914 σαφῶς
2480 862 2494 877 ·
2520 845 2553 916 ἡ
2584 843 2704 897 οεία
2737 842 2928 914 Γραφὴ
2963 842 3328 913 παραδίδωσιν
3351 857 3366 872 ο
3395 841 3511 893 ἀλλ’
3542 839 3602 892 ού
3633 840 3678 870 δ’

2079 935 2168 989 διὰ
2220 935 2384 988 τοῦτο
2441 933 2538 1006 τὴν
2595 931 2734 1004 μετὰ
2790 931 3046 1002 σώματος
3094 929 3391 1002 ἀρνήσεταί
3439 947 3525 992 τις
3581 929 3678 981 τοῦ

2079 1028 2293 1082 δικαίου
2331 1027 2641 1096 μετάθεσιν.
2687 1025 2874 1096 Ταύτῃ
2905 1027 2970 1097 τῇ
3012 1024 3140 1096 δόξῃ
3174 1022 3459 1094 συνᾴδουσι
3495 1022 3588 1074 καὶ
3618 1022 3680 1073 αί

2083 1119 2311 1188 πράξεις
2332 1117 2426 1170 τοῦ
2459 1117 2819 1188 ἠγαπημένοι)
2865 1115 3114 1169 Ἰωάννου
3145 1115 3240 1166 καὶ
3265 1115 3294 1165 6
3325 1113 3461 1182 βίος,
3489 1111 3556 1174 ἃς
3577 1111 3681 1164 οὐκ

2081 1211 2252 1279 ὀλίγοι
2281 1211 2636 1280 προφέρουσι.
2678 1207 3016 1271 Κατατεθεὶς
3051 1206 3180 1277 γὰρ.
3226 1205 3378 1274 φασὶ,
3407 1203 3549 1257 κατὰ
3580 1201 3682 1272 τὴν

2079 1300 2245 1356 αὑτοῦ
2304 1300 2512 1354 ἐκείνου
2569 1300 2885 1371 προτροπὴν
2929 1298 2986 1351 ἕν
3037 1315 3142 1350 τινι
3189 1296 3358 1367 τόπῳ,
3413 1293 3683 1365 ζητηθεὶς

2079 1393 2342 1463 αἰφνίδιον
2391 1395 2489 1464 ούχ
2554 1393 2866 1464 εὑρίσκετο,
2909 1390 3045 1444 ἀλλὰ
3099 1389 3263 1460 μόνον
3315 1388 3376 1440 τὺ
3428 1387 3682 1455 ἀγίασμα

2083 1483 2247 1554 βρύον
2283 1481 2342 1547 ἐξ
2368 1481 2532 1535 αὐτοῦ
2564 1480 2658 1535 τοῦ
2693 1481 2860 1535 τόπου
2896 1483 2952 1535 ὲν
2974 1473 3018 1549 ᾧ
3043 1479 3180 1550 πρὸς
3207 1479 3467 1550 βραχεῖαν
3504 1475 3681 1546 ῥοπὴν

2081 1574 2262 1642 ἐτέθη·
2314 1573 2406 1643 ἀφ’
2458 1567 2519 1627 οῦ
2573 1574 2796 1637 πάντες,
2844 1571 2921 1636 ὼς
2977 1571 3162 1642 πηγὴν
3188 1571 3232 1604 ⁸⁸
3264 1568 3562 1638 ἁγιασμοῦ,
3617 1566 3683 1619 τὸ

398 1649 573 1706 all'ert.
627 1651 719 1708 Sic
764 1655 999 1711 secunda
1068 1668 1123 1712 et
1163 1659 1318 1712 tertia
1371 1659 1688 1732 proﬂigator
1731 1666 1979 1733 quazstio.

2093 1665 2246 1734 ἅγιον
2270 1665 2448 1718 ὲκεῖνο
2476 1664 2648 1736 μύρον
2669 1662 2970 1734 ἀρυόμεθα.
3006 1661 3212 1715 Ἐκεῖνο
3239 1661 3294 1712 δὲ
3315 1659 3494 1730 δῆλον,
3518 1658 3595 1722 ὡς
3620 1659 3683 1710 τὸ

399 1743 573 1816 παρὸν
618 1744 857 1817 ζήτημα,
917 1749 1022 1804 κᾶν
1070 1751 1172 1821 τῆς
1222 1752 1477 1823 ἀληθείας
1525 1758 1878 1830 παρασφαλῇ,
1919 1760 1980 1812 οὐ
2023 1761 2175 1833 φέρει
2228 1761 2405 1831 ψυχῆς
2465 1759 2733 1814 κίνδυνον.
2768 1759 2832 1811 'H
2887 1758 2986 1826 μὲν
3035 1757 3144 1828 γὰρ
3227 1756 3357 1826 περὶ
3441 1753 3681 1814 πίστεως

399 1833 595 1905 ἔρευνα
620 1837 720 1909 τῆς
743 1839 1002 1912 ἀληθείας
1061 1848 1480 1916 παρατραπεῖσα
1539 1850 1796 1918 ναυάγιον
1822 1852 1963 1921 μέγα
1986 1856 2051 1923 τῇ
2091 1853 2235 1925 ψυχῇ
2284 1851 2555 1922 προξενεῖ,
2604 1853 2684 1906 διὸ
2726 1852 2788 1922 δὴ
2835 1851 2927 1904 καὶ
2970 1848 3228 1920 βραχείας
3264 1848 3362 1918 τῆς
3392 1847 3472 1910 είς
3509 1847 3683 1914 αὐτὴν

399 1932 658 2004 τελούσης
686 1935 1005 2005 ἀντέχεσθαι
1032 1936 1112 1990 δεῖ
1143 1938 1428 2010 συλλαϐῆς·
1461 1943 1494 2012 ἡ
1530 1941 1586 1994 δὲ
1616 1942 1844 2014 ζήτησις
1881 1945 1990 1998 τῶν
2029 1947 2182 2017 παρὰ
2207 1946 2304 2017 τὴν
2331 1946 2614 1999 εὐσέϐειαν
2643 1943 3044 2016 προϐλημάτων
3075 1942 3239 1996 καλὸν
3272 1941 3369 2011 μὲν
3430 1943 3478 1994 εί
3545 1941 3685 2011 πρὸς

385 2026 531 2098 ,[419
566 2025 659 2100 Η.]
687 2028 748 2081 τὸ
789 2029 888 2096 τῆς
925 2029 1181 2100 ἀληθείας
1210 2033 1510 2101 καταλήγει
1543 2034 1718 2097 τέλοςο
1773 2037 1822 2088 εί
1888 2037 1944 2089 δέ
1979 2055 2042 2105 γε
2081 2037 2280 2109 ταύτης
2304 2037 2617 2109 άστοχήσει,
2652 2037 2712 2090 οὐ
2743 2035 2906 2090 καλὸν
2931 2035 3051 2107 μὲν,
3089 2035 3239 2105 ὅμως
3256 2033 3479 2104 ὄλεθρον
3499 2033 3684 2104 ψυχῆς

400 2122 462 2174 οὐ
506 2125 681 2194 φέρει.
731 2123 890 2177 ⁹Αλλὰ
926 2124 988 2178 τὸ
1035 2125 1136 2196 μὲν
1175 2125 1430 2199 δεύτερον
1474 2131 1569 2184 καὶ
1614 2130 1796 2202 τρίτον
1840 2132 1984 2186 οὕτω
2021 2134 2301 2189 διελύσατο
2333 2135 2576 2206 ζήτημα.

474 2211 800 2268 Immortalis
872 2231 1000 2271 vero
1061 2227 1278 2274 creatus
1332 2221 1502 2275 Adam
1541 2261 1557 2287 ,
1622 2223 1748 2291 quid
1802 2224 1980 2286 utile,

403 2304 688 2375 ignoravit,
743 2307 1201 2375 quemadmodum
1254 2320 1308 2364 et
1362 2321 1488 2368 ante
1535 2313 1708 2382 ipsum
1741 2315 1985 2370 diabolus

399 2410 524 2451 cum
559 2397 802 2453 asseclis.
837 2399 970 2454 Illud
1003 2416 1130 2455 vero
1165 2420 1178 2456 :
1207 2401 1340 2458 Ecce
1359 2403 1532 2459 Adam
1563 2417 1814 2478 tanquam
1848 2425 1983 2462 unus

399 2505 430 2544 ε
483 2488 628 2543 nobis
695 2491 867 2556 [actus
891 2501 967 2545 est
1001 2497 1046 2558 ι,
1098 2493 1196 2549 etsi
1247 2496 1572 2564 quibusdam
1611 2513 1707 2567 per
1753 2500 1982 2555 ironiam

400 2579 605 2634 dictum
638 2581 864 2646 videtur,
888 2597 1074 2637 verum
1103 2599 1208 2638 non
1239 2585 1313 2640 ita
1347 2594 1468 2641 est:
1496 2603 1599 2641 non
1623 2589 1766 2657 quod
1799 2603 1982 2644 revera

405 2671 584 2728 lactus
636 2673 707 2728 sit
765 2673 926 2740 Deus,
968 2674 1070 2729 hoc
1109 2675 1255 2729 enim
1312 2675 1426 2730 lieri
1478 2693 1585 2732 non
1641 2689 1836 2748 potest,
1877 2680 1987 2735 bla-

401 2764 796 2835 sphemumquc
823 2775 928 2820 est.
989 2765 1124 2832 Quid
1161 2766 1325 2835 igitur
1355 2767 1456 2822 sibi
1480 2768 1615 2823 vu!t:
1649 2770 1788 2824 Ecce
1811 2769 1982 2824 Adam

400 2867 650 2928 tanquam
686 2873 822 2911 unus
851 2874 884 2912 a
921 2859 1069 2912 nobis
1114 2859 1289 2925 factus
1325 2868 1403 2914 cst
1429 2860 1455 2913 ?
1483 2859 1620 2917 Ecce
1677 2877 1840 2928 nunc,
1884 2863 1982 2928 ait,

399 2963 621 3004 sensum
655 2949 883 3018 accepit,
925 2949 1101 3018 quoad
1129 2949 1411 3020 imaginari
1443 2965 1506 3006 se
1538 2952 1704 3006 Deum
1731 2966 1872 3006 esse.
1901 2953 1982 3007 Ad

401 3039 548 3094 illius
572 3041 897 3095 sententiam
928 3040 1040 3095 haec
1067 3041 1309 3108 loquitur
1323 3041 1486 3107 Deus,
1505 3051 1837 3112 accusatque
1868 3059 1983 3098 ma-

2171 2225 2458 2288 Ἀθάνατος
2521 2224 2580 2278 δὲ
2646 2222 2906 2286 πλαστεὶς
2959 2221 2988 2274 6
3042 2220 3216 2288 Ἀδὰμ
3282 2219 3342 2273 τὸ
3402 2220 3684 2284 λυσιτελὲς

2087 2315 2376 2385 ἠγνόησεν,
2421 2313 2611 2384 ὥσπερ
2653 2313 2745 2367 καὶ
2786 2313 2896 2384 πρὸ
2935 2311 3102 2365 αὑτοῦ
3133 2314 3162 2364 6
3205 2310 3446 2374 διάϐολος
3492 2311 3586 2364 καὶ
3625 2312 3684 2363 αἱ

2089 2405 2219 2475 περὶ
2249 2405 2411 2458 αὐτὸν
2435 2403 2798 2458 ἀποστατικαὶ
2821 2402 3180 2471 δυνάμεις.Τὸ
3208 2402 3285 2463 δὲ,
3331 2400 3486 2455 ἰδοῦ
3507 2401 3554 2432 ⁵⁸
3586 2400 3685 2468 τέ-

2089 2512 2267 2566 γονεν
2308 2493 2489 2563 Ἀδὰμ
2520 2493 2602 2559 ὡς
2628 2487 2718 2558 εἷς
2747 2491 2816 2556 ἐξ
2845 2490 3032 2559 ἡμῶν,
3065 2491 3113 2542 εί
3140 2490 3232 2542 καί
3258 2505 3398 2542 τισιν
3428 2485 3685 2557 εἰρῆσθαι

2089 2587 2219 2658 παρ’
2253 2585 2537 2657 εἰρωνείαν
2576 2582 2857 2654 ἐνομίσθη,
2899 2581 3014 2635 ἀλλ’
3055 2581 3154 2651 οὔχ
3197 2578 3369 2642 οὕτως
3413 2579 3529 2647 ἔχει
3556 2594 3571 2608 ·
3617 2578 3685 2630 οῦ

2093 2679 2199 2750 μὴν
2232 2677 2348 2730 ἀλλ’
2379 2675 2486 2730 οὐδ’
2519 2676 2600 2730 ὅτι
2625 2675 2819 2744 γέγονε
2847 2677 2912 2745 τῇ
2944 2672 3174 2743 ἀληθείᾳ
3201 2671 3355 2734 Θεόςο
3390 2670 3550 2724 τοῦτο
3573 2672 3687 2738 γὰρ

2089 2767 2370 2831 παντελῶς
2407 2765 2545 2836 μετὰ
2566 2765 2660 2819 τοῦ
2698 2764 2961 2819 ἀδυνάτου
2997 2763 3093 2817 καὶ
3123 2762 3465 2833 βλάσφημον.
3495 2759 3562 2811 Τί
3589 2755 3688 2812 οῦν

2089 2860 2338 2932 βούλεται
2371 2858 2434 2913 τὸ
2473 2857 2630 2914 ’Ῑδοὺ
2668 2857 2919 2927 γέγονεν
2957 2854 3131 2925 Ἀδὰμ
3150 2855 3230 2920 ὡς
3260 2848 3348 2920 εἷς
3375 2852 3445 2916 ἐξ
3479 2850 3689 2921 ήμῶνς

2104 2954 2238 3007 Ἰδοὺ
2273 2950 2389 3019 νῦν,
2417 2951 2602 3024 φησὶν,
2630 2949 2886 3020 αἴσθησιν
2924 2947 3139 3014 ἐδέξατο
3164 2941 3276 2999 οἷόν
3307 2947 3420 2998 ἐστι
3452 2944 3515 2998 τὸ
3547 2961 3690 3013 φαν-

2091 3041 2352 3108 τάξεσθαι
2377 3040 2632 3110 γενέσθαι
2664 3037 2820 3092 Θεόν.
2846 3039 2988 3109 Πρὸς
3015 3037 3070 3090 δὲ
3093 3036 3190 3105 τὴν
3219 3035 3426 3089 ἐκείνου
3457 3033 3690 3104 γνώμην

400 3129 593 3184 lirium.
651 3129 995 3197 Exprobrare
1047 3145 1172 3184 vero
1223 3131 1389 3186 Deum
1443 3131 1511 3187 ad
1566 3133 1982 3190 instructionem

2093 3131 2261 3186 ταῦτα
2282 3131 2578 3200 φθέγγεται
2610 3128 2775 3195 Θεὸς,
2808 3128 2902 3182 καὶ
2942 3125 3208 3196 διελέγχει
3238 3125 3338 3196 τὴν
3374 3125 3688 3178 κακόνοιαν.

401 3231 640 3276 nostram
705 3236 1081 3289 saepenumero
1135 3222 1187 3276 in
1249 3223 1531 3294 Scriptura
1589 3227 1979 3297 comperimus.

476 3400 540 3454 Et
589 3401 703 3455 haec
767 3401 986 3470 quidem
1019 3403 1254 3457 secunda
1314 3404 1474 3460 ratio.
1531 3404 1721 3462 Potest
1779 3416 1982 3469 autem.

401 3492 568 3566 illud:
609 3491 741 3546 Ecce
765 3493 933 3545 Adam
976 3503 1228 3562 tanquam
1275 3512 1410 3549 unus
1435 3513 1466 3550 a
1500 3499 1646 3552 nobis
1676 3499 1848 3568 [actus
1886 3513 1984 3568 est,

399 3584 607 3638 ironica
673 3582 840 3643 ﬁgura
889 3581 1144 3652 proferri,
1199 3594 1255 3638 et
1313 3601 1343 3640 a
1403 3586 1602 3657 probro
1675 3603 1984 3645 sermonem

403 3674 695 3740 abstinuere,
753 3684 808 3727 et
871 3674 1236 3730 miserabilem
1286 3692 1598 3733 sermonem
1651 3679 1704 3734 in
1769 3682 1987 3737 miseris

399 3766 710 3822 ostendere.
744 3765 920 3834 Eligat
945 3766 1178 3835 quisque
1203 3767 1344 3837 quod
1382 3769 1484 3824 sibi
1513 3770 1743 3840 placeat.

473 3859 656 3912 Tertia
712 3873 842 3912 vero
899 3858 1150 3914 oratione
1200 3859 1268 3913 ad
1315 3859 1579 3916 Domuum
1619 3872 1676 3918 et
1721 3864 1983 3921 Joannem

402 3952 682 4016 scribens,
727 3951 1023 4005 monachos
1082 3951 1135 4004 in
1183 3951 1370 4006 Cicilia
1419 3956 1693 4021 secunda,
1746 3957 1860 4013 lucc
1918 3960 1985 4012 de

403 4041 830 4096 Clialcedoucnsi
869 4040 1035 4095 refert
1080 4043 1308 4111 synodo,
1351 4053 1512 4099 recta:
1561 4046 1682 4100 lidci
1737 4062 1982 4102 normam

402 4148 560 4195 esse,
609 4142 664 4186 et
714 4131 918 4202 Cyrillo
969 4133 1183 4202 placere
1234 4149 1394 4187 unam
1447 4133 1611 4191 Verbi
1670 4137 1983 4208 hypostasin

405 4226 741 4278 incarnatam
778 4223 1096 4292 praedicare,
1129 4232 1184 4278 et
1223 4239 1384 4278 unam
1420 4241 1729 4294 personam,
1763 4237 1817 4284 et
1857 4245 1985 4286 sen-

405 4318 492 4371 tiri
545 4315 1066 4372 consubstantialem
1129 4315 1275 4370 Patri
1328 4315 1522 4371 Filiqu
1581 4318 1888 4385 divinitate,
1933 4332 1986 4376 et

2101 3222 2411 3285 Ὀνειδίζειν
2470 3222 2528 3276 δὲ
2569 3221 2630 3275 τὸ
2676 3220 2837 3274 Θεῖον
2888 3218 3028 3290 πρὸς
3075 3217 3360 3272 νουθεσίαν
3409 3217 3694 3287 ἡμετέραν

2090 3311 2360 3382 πολλαχοῦ
2395 3312 2497 3382 τῆς
2526 3310 2753 3383 Γραφῆς
2787 3310 3138 3382 εὑρίσκομεν.

2167 3403 2328 3456 Ἀλλὰ
2356 3403 2529 3457 ταῦτα
2562 3402 2662 3474 μὲν
2692 3401 2788 3456 καλ⁹
2830 3404 2858 3455 6
2897 3401 2942 3472 β’
2973 3402 3151 3470 λόγος.
3197 3400 3425 3454 Δύναιτο
3461 3401 3505 3433 ⁸¹
3542 3399 3588 3452 δ’
3616 3402 3690 3456 ἂν

2085 3493 2172 3560 τὸ,
2215 3493 2370 3549 Ἰδοὺ
2403 3493 2652 3563 γέγονεν
2675 3493 2855 3563 Ἀδὰμ
2892 3494 2972 3560 ὡς
3003 3490 3090 3560 εἷς
3104 3493 3173 3559 ἐξ
3203 3493 3370 3561 ἡμῶν
3399 3493 3496 3547 καὶ
3526 3493 3582 3546 ὲν
3607 3502 3685 3539 ἰ·

2090 3587 2318 3658 ρωνείας
2359 3587 2605 3658 σχήματι
2639 3586 2944 3658 προελθεῖν,
2973 3586 3067 3640 καὶ
3095 3586 3331 3648 ὀνείδους
3364 3585 3526 3653 λόγον
3585 3585 3659 3638 in
3690 3618 3695 3624 ς

2091 3679 2265 3748 ἐχειν,
2310 3680 2404 3734 καὶ
2443 3678 2834 3747 ὲλεεινολογίαν
2858 3680 2914 3732 ὲν
2944 3681 3248 3750 οἰκτιρμοῖς
3285 3677 3628 3730 ἐπιδείκνυσίσ
3677 3697 3691 3719 ο

2089 3771 2353 3841 αἱρείσθω
2382 3771 2438 3825 δὲ
2463 3771 2524 3824 τὸ
2553 3771 2745 3824 δοκοῦν
2779 3771 2979 3842 μᾶλλον
3005 3771 3256 3825 ἓκαστοτ.

2160 3862 2284 3935 [801
2331 3861 2422 3935 8.]
2475 3863 2564 3916 Ἐν
2604 3861 2664 3917 δὲ
2704 3860 2782 3922 τῶ
2820 3868 2869 3930 γ’
2910 3861 3056 3932 λόγῳ
3095 3861 3189 3915 καὶ
3239 3860 3376 3932 πρὸς
3405 3861 3452 3893 ⁸¹
3483 3858 3689 3930 Δόμνοι

2089 3955 2185 4007 καὶ
2225 3953 2479 4025 Ἰωάννην
2507 3954 2781 4026 ξγράφων,
2819 3953 2944 4017 τοὺς
2970 3953 3082 4022 ξτὴν
3121 3951 3384 4023 δευτέραν
3423 3951 3694 4005 Κιλικίαν

2089 4044 2373 4109 οἰκοῦντας
2413 4045 2660 4118 ἀσκητὰς
2686 4084 2701 4109 ,
2741 4044 2918 4099 ταῦτα
2964 4044 3107 4116 ὑπὲρ
3143 4043 3244 4114 τῆς
3289 4044 3348 4098 ὲν
3379 4042 3697 4113 Καλχηδόνι

2089 4139 2238 4208 λέγει
2290 4138 2530 4202 συνόδου,
2581 4140 2664 4191 ὅτι
2721 4136 3033 4208 ὀρθοδοξίας
3099 4137 3219 4191 ἐστὶ⁵
3279 4136 3537 4207 φρόνημα
3594 4134 3697 4186 καὶ

2089 4229 2344 4302 Κυρίλλῳ
2369 4229 2523 4298 φίλον
2549 4229 2677 4298 μίαν
2714 4228 3014 4282 ὑπόστασιν
3043 4225 3139 4280 τοῦ
3181 4226 3359 4295 Λόγου
3401 4240 3694 4295 σεσαρκω-

2093 4325 2264 4395 μένην
2313 4322 2605 4394 κηρύττειν
2652 4323 2748 4377 καὶ
2786 4321 2844 4375 ἓν
2889 4323 3200 4393 πρόσωπον,
3246 4319 3338 4373 καὶ
3375 4318 3436 4374 τὸ
3469 4319 3695 4389 φρονεῖν

407 4409 743 4463 humanitate
777 4410 934 4464 nobis
979 4409 1235 4466 similem.
1279 4409 1394 4464 Hoc
1438 4410 1693 4466 nimirum
1733 4421 1815 4468 est
1849 4414 1982 4468 duas

2093 4418 2177 4472 τὸν
2210 4415 2372 4470 αὐτὸν
2400 4413 2682 4485 ὀμοούσιον
2717 4412 2792 4484 τῷ
2821 4413 2997 4484 Πατρὶ
3031 4411 3171 4464 κατὰ
3204 4410 3303 4482 τὴν
3330 4408 3566 4479 θεότητα
3594 4407 3694 4460 καὶ

403 4498 559 4554 fateri
586 4511 829 4564 naturas,
859 4517 889 4555 e
913 4501 1111 4570 quibus
1143 4517 1282 4556 unus
1313 4500 1565 4558 Christus
1593 4505 1847 4560 conditus
1878 4515 1983 4560 est.

403 4593 548 4648 Duas
584 4594 738 4648 enim
791 4595 1171 4665 generationes
1227 4595 1425 4666 255a
1478 4597 1640 4653 unius
1686 4598 1888 4654 Christi
1935 4610 1990 4654 et

404 4684 496 4738 Dei
537 4685 704 4741 nostri
736 4695 1147 4757 cognoscentes,
1179 4703 1354 4756 neque
1383 4688 1584 4754 carnis,
1617 4704 1793 4760 neque
1824 4689 1985 4746 Verbi

404 4777 763 4832 ilitl‘erentiam
843 4780 1140 4834 secundum
1212 4781 1578 4835 substantiam
1651 4781 1982 4851 ignoramus.

405 4869 531 4924 llwc
564 4885 694 4926 vero
735 4869 867 4926 lides
900 4871 1358 4928 Chalcedonensis
1401 4873 1616 4930 concilii
1650 4875 1982 4943 praeconium

403 4963 704 5028 praesel'ert,
742 4961 936 5016 deinde
971 4963 1195 5018 trecenti
1242 4973 1296 5018 et
1338 4966 1683 5034 septuaginta
1744 4966 1982 5035 episcopi

406 5053 547 5107 hanc
579 5050 972 5107 subscribendo
1005 5054 1413 5124 consignarnnt,
1449 5056 1502 5112 in
1536 5071 1642 5126 qua
1679 5057 1984 5112 admirandi

405 5139 516 5196 viri
567 5139 788 5196 Simeon
838 5152 892 5196 et
941 5140 1178 5198 Iacobus
1231 5155 1285 5199 et
1343 5144 1646 5201 Baradatus
1693 5147 1832 5202 hanc
1873 5148 1986 5203 suis

410 5229 710 5301 Srripturis
757 5232 916 5288 Iidem
963 5235 1380 5291 conﬁrmarunt.
1425 5236 1555 5304 Quae
1588 5253 1710 5292 cum
1748 5237 1819 5292 ita
1855 5239 1988 5303 sint,

405 5325 656 5394 edicitur,
691 5327 782 5383 ubi
822 5343 927 5384 una
980 5337 1064 5386 est
1114 5329 1408 5386 secundum
1457 5331 1790 5402 bypostasim
1831 5333 1982 5398 unio,

485 5442 506 5480 ⁸
535 5440 675 5498 Gen.
703 5459 790 5510 ιιι,
825 5443 920 5499 ‘22.

2089 4509 2375 4579 ὁμοούσιον
2403 4509 2536 4578 ἡμῖν
2569 4504 2685 4578 [τὸν
2729 4503 2915 4576 αὑτὸν]
2949 4502 3091 4556 κατὰ
3117 4501 3215 4574 τὴν
3261 4498 3689 4570 ἀνοροιπότητα,

2089 4601 2334 4654 τουτέστι
2379 4599 2440 4652 τὸ
2494 4597 2587 4652 δύο
2640 4596 2830 4667 φύσεις
2886 4595 3214 4666 ὁμολογεῖν,
3276 4593 3337 4659 ἐξ
3385 4585 3463 4646 ὧν
3528 4593 3558 4645 6
3607 4585 3692 4654 εἷς

2088 4692 2325 4764 Χριστὸς
2369 4689 2729 4760 ἀπετελέσθη.
2783 4689 2889 4741 Δύο
2929 4688 3036 4759 γὰρ
3089 4689 3373 4758 γεννήσεις
3422 4684 3519 4738 τοῦ
3570 4684 3692 4745 ἑνὸς

2087 4783 2321 4854 Χριστοῦ
2351 4785 2446 4837 καὶ
2476 4782 2612 4835 Θεοῦ
2634 4781 2792 4851 ἡμῶν
2822 4781 3044 4845 εἰδότες,
3077 4780 3200 4833 οὐδὲ
3222 4782 3321 4850 τῆς
3358 4778 3564 4850 σαρκὸς
3590 4776 3690 4829 καὶ

2091 4874 2186 4928 τοῦ
2243 4875 2416 4942 Λόγου
2463 4875 2564 4945 τὴν
2620 4875 2742 4928 κατ’
2799 4872 2988 4926 οὐσίαν
3039 4870 3303 4943 διαφορὰν
3356 4868 3686 4938 ἀγνοοῦμεν.

2092 4965 2242 5037 Αὕτη
2263 4967 2319 5020 δὲ
2345 4969 2377 5037 ἡ
2403 4966 2587 5030 πίστις
2611 4967 2711 5035 τῆς
2744 4966 2802 5018 ἐν
2832 4964 3137 5035 Καλχηδόνι
3165 4963 3380 5016 συνόδου
3415 4962 3690 5016 δέδεικται

2094 5060 2380 5131 κήρυγμα.
2423 5055 2558 5112 Εἶτα
2584 5057 2925 5129 τετρακόσιοι
2965 5056 3060 5109 καὶ
3089 5056 3463 5126 ἑϐδομήκοντα
3496 5054 3689 5125 ἀρχιε-

2096 5155 2211 5226 ρεῖς
2245 5151 2450 5223 ταύτην
2493 5152 2786 5221 ἐγγράφως
2826 5149 3248 5212 ὲϐεϐαιώσαντο,
3290 5149 3348 5202 ὲν
3384 5141 3467 5211 οἷς
3506 5149 3602 5200 καὶ
3636 5149 3688 5199 οί

2099 5243 2401 5314 θαυμαστοὶ
2430 5243 2521 5297 τὸν
2550 5243 2662 5314 βίον
2693 5240 2918 5312 Συμεὼν
2952 5241 2999 5273 ⁸⁸
3032 5240 3127 5294 καὶ
3169 5238 3426 5302 Ἰάκωϐος
3457 5237 3556 5292 καὶ
3581 5238 3688 5290 Βα-

2096 5336 2324 5407 ραδάτος
2350 5335 2448 5408 τὴν
2479 5335 2648 5406 αὐτὴν
2674 5333 2900 5404 γνώαην
2934 5334 3086 5398 ἰδίοις
3113 5330 3471 5404 ἐπεκύρωσαν
3500 5329 3685 5401 γράμ-

1695 5537 1927 5596 VARUS
1965 5538 2364 5596 LECTlONES.

515 5625 820 5699 "_£6lwoev
843 5628 884 5682 Α
923 5646 937 5684 :
969 5629 1167 5699 ἔζησεν
1197 5649 1256 5696 ς.

1372 5632 1417 5663 ⁸³
1448 5633 1508 5686 ού
1541 5633 1583 5686 Λ
1616 5651 1626 5685 :
1661 5629 1754 5687 οὖν
1777 5635 1828 5687 οἱ
1853 5652 1924 5699 ς.-

413 5695 458 5728 ³²
487 5695 623 5766 πρὸς
655 5705 708 5754 et
739 5698 828 5753 58.
855 5699 1007 5768 φίλον
1057 5695 1169 5756 om.
1201 5704 1264 5759 Δ.

1342 5702 1386 5735 ⁸³
1417 5702 1629 5773 Σιμεὼν
1661 5721 1720 5768 ς’.

2019 5634 2168 5703 "dir.
2203 5635 2386 5706 πηγὴν
2419 5651 2477 5699 ς.

2578 5638 2623 5669 ⁸ο
2655 5634 2941 5708 ἱξιὺςϐριι.
2983 5648 3066 5699 ιιι,
3092 5633 3184 5686 9.2.
3287 5631 3330 5663 "
3365 5628 3589 5684 δύναται
3616 5641 3678 5691 ς’.
