3972 6248
281 293 394 362 989

1322 298 1850 363 BIBLIOTHECA.
1886 326 1949 335 -
1986 303 2148 365 COD.
2184 304 2489 368 CCXXIX.

3437 311 3544 375 990

284 429 443 482 μασι.
483 411 659 482 Δῆλον
687 411 744 467 δὲ
770 412 867 480 ὡς,
896 412 1023 468 ἔνθα
1047 412 1145 485 μία
1171 414 1292 470 καθ’
1330 416 1626 471 ὑπόστασιν
1654 416 1860 479 ἑνωσις,

1976 416 2045 473 ibi
2079 434 2293 476 omnem
2328 420 2612 476 divisionis
2646 421 2954 490 opinionem
2985 434 3327 478 evanescere.
3373 421 3545 479 Nosse

280 506 438 558 πᾶσα
458 504 773 574 διαιρέσεως
800 505 1023 560 ὑπόνοια
1044 505 1090 540 ⁸⁸
1120 507 1474 578 ἀπελήλαται⁸
1504 509 1563 561 τὸ
1588 509 1698 580 γὰρ
1726 526 1869 577 γνω-

281 594 457 667 ρίζείν
497 597 610 651 τῶν
658 599 855 653 οὐσιῶν
902 600 964 653 τὸ
1019 598 1275 669 διάφορον
1327 601 1428 653 οὐκ
1477 602 1594 653 ἑστι
1643 601 1870 673 διαιρεῖν

276 688 507 754 ταύτας,
542 689 683 745 κατά
719 690 812 745 τὸν
855 690 915 745 ὲν
956 691 1138 761 ἁγίοις
1162 691 1449 762 Κύριλλον.
1489 694 1611 747 Ὅτι
1640 693 1700 747 τὸ
1734 694 1869 764 πρὸς

275 782 431 851 ἡμᾶς
485 781 924 852 ὁμοούσιοντοῦ
954 784 1472 854 ἑνανθρωπήσαντος
1513 784 1646 839 Θεοῦ
1693 786 1867 853 Λόγου

280 873 474 942 σαφῶς
524 874 558 944 ἡ
606 874 822 939 σύνοδος
872 876 1195 949 ἀνεκήρυξε,
1246 876 1706 948 δογματιζόμενον
1770 877 1868 947 μὲν

278 964 437 1035 παρὰ
476 964 587 1017 τῶν
628 966 790 1020 ὁσίων
821 967 978 1039 ἡμῶν
1007 969 1272 1039 Πατέρων
1295 1010 1309 1035 ,
1348 968 1501 1022 οὔπω
1537 968 1594 1021 δὲ
1626 970 1724 1038 τῆς
1756 986 1869 1037 φω-

277 1054 379 1123 νῆς
410 1055 799 1127 οίκουμενικῆς
843 1058 1062 1112 συνόδου
1096 1057 1412 1129 ψηφίσμασι
1445 1058 1545 1129 τὴν
1581 1058 1867 1129 βεόαίωσιν

277 1150 575 1222 λαϐούσης.
627 1153 719 1206 Διὸ
769 1153 988 1218 πάντως
1034 1152 1101 1207 ἂν
1147 1152 1499 1225 ἐξεϐέϐλητο,
1540 1154 1639 1223 τῆς
1676 1153 1868 1205 δυσσε-

278 1241 412 1304 ϐοῦς
460 1241 560 1312 μὲν
601 1243 758 1314 δόξης
800 1244 1074 1315 Εὑτυχοῦς
1117 1247 1177 1299 ἑν
1226 1249 1292 1316 τῇ
1348 1246 1613 1317 λῃστρικῇ
1666 1245 1868 1315 συνόδῳ

277 1334 833 1404 παρρησιασαμένης,
876 1336 968 1404 ὑφ’
997 1336 1192 1405 ἐτέρας
1218 1337 1272 1391 δὲ
1311 1337 1385 1408 μὴ
1417 1335 1862 1406 κατακριθείσης,

278 1425 535 1478 κάκείνου
570 1427 668 1495 μὲν
704 1428 802 1496 τῆς
830 1428 1044 1492 δικαίας
1082 1429 1455 1500 καθαιρέσεως
1480 1428 1864 1495 ἀπολυθέντος,

276 1515 375 1569 ἐπὶ
422 1517 716 1572 Φλαὸιανδν
757 1519 813 1573 δὲ
848 1520 939 1573 τὸν
980 1521 1243 1590 ἀοίδιμον,
1286 1521 1344 1583 ὃς
1388 1522 1593 1574 ἐκεῖνον
1627 1520 1864 1587 καθεῖλες

276 1608 378 1678 τῆς
426 1609 585 1679 δίκης
634 1610 835 1675 ἀδίκως
881 1612 1315 1682 μετενεχθείσης,
1370 1613 1547 1666 καίτοι
1596 1612 1867 1683 λαμπρῶς

278 1697 619 1769 κηρύττοντα
646 1702 775 1771 μίαν
796 1702 895 1772 μὲν
913 1702 1006 1755 τοῦ
1033 1702 1207 1771 Λόγου
1230 1702 1389 1771 φύσιν
1414 1700 1861 1771 σεσαρκωμένην,

274 1791 557 1844 τουτέστιν
599 1793 927 1859 ὑπόστασιν,
978 1793 1524 1862 συνανακηρύττοντα
1570 1793 1627 1845 δὲ
1672 1794 1766 1846 καὶ
1804 1793 1864 1846 τὸ

276 1887 410 1956 ἡμῖν
447 1885 750 1955 δμοούσιον.
785 1886 906 1941 Ὀτι
950 1887 1116 1956 φησὶν
1154 1887 1201 1919 ⁵⁸
1240 1887 1289 1940 οἱ
1334 1885 1480 1955 ἅγιοι
1505 1886 1745 1955 Πατέρες
1788 1884 1864 1956 μὴ

273 1978 476 2049 χρῆναι
523 1978 623 2049 τὴν
663 1979 810 2044 λέξιν
842 1979 1055 2050 γυμνὴν
1093 1978 1220 2051 [420
1267 1976 1361 2050 ΙΙ.]
1402 1980 1497 2033 καὶ
1539 1977 1864 2048 κακούργως

273 2069 589 2136 ἐξετάζειν,
638 2069 776 2124 ἀλλὰ
816 2072 881 2140 τῇ
924 2070 1139 2123 εὐσεϐεῖ
1183 2070 1395 2141 διανοίᾳ
1438 2068 1727 2140 προσέχειν
1767 2067 1862 2121 τοῦ

271 2164 601 2233 γράφοντος.
640 2164 750 2218 Kal.
789 2163 1125 2234 παρατίθησι
1162 2167 1264 2234 τῆς
1298 2163 1674 2231 παραινέσεως
1724 2177 1864 2230 μαρ-

271 2256 466 2326 τυρίας
499 2257 546 2288 ³⁸
583 2254 903 2309 Ἀθανσσίου
938 2257 985 2288 ⁸⁷
1014 2256 1113 2325 μὲν
1134 2256 1199 2309 ἑκ
1225 2253 1319 2308 τοῦ
1361 2252 1407 2287 ⁸⁸
1438 2255 1601 2308 Κατὰ
1641 2255 1861 2319 Ἀρεια-

270 2346 416 2409 νῶν,
443 2345 710 2417 Κυρίλλου
726 2346 783 2401 δὲ
807 2347 871 2400 ἑκ
900 2346 1020 2399 τῶν
1045 2344 1386 2415 θησαυρῶν,
1423 2346 1670 2399 Ἰωάννου
1689 2345 1745 2398 δὲ
1766 2345 1861 2398 τοῦ

272 2440 663 2511 Χρυσοστόμου
739 2442 803 2494 ἑκ
878 2440 1323 2510 Ὑπομνήματος
1377 2437 1489 2507 τῆς
1543 2441 1695 2508 πρὸς
1741 2446 1863 2497 Γα-

272 2530 464 2596 λάτας
479 2528 861 2596 Ἐπιστολῆς.
881 2529 1005 2583 Ὅτι
1028 2546 1101 2600 φη
1110 2529 1181 2594 cl,
1208 2529 1269 2582 τὸ
1288 2528 1469 2599 λέγειν
1492 2530 1656 2602 σαρκὶ
1670 2532 1860 2586 παθεῖν

272 2621 692 2690 τὸνλΘεὺνΛόγον
713 2620 964 2692 φρόνημα
980 2620 1080 2689 τῆς
1118 2621 1444 2693 Ἐκκλησίας
1477 2622 1643 2686 ἐστὶν,
1676 2621 1862 2693 ὥσπερ

274 2713 371 2767 καὶ
421 2713 745 2784 βλάσφημον
783 2713 877 2765 καὶ
918 2711 1222 2781 ἀπόϐλητον
1262 2712 1323 2765 τὸ
1364 2711 1655 2783 κηρύττειν
1701 2711 1861 2765 αὑτὸν

275 2805 470 2859 παθεῖν
507 2808 572 2875 τῇ
605 2804 765 2874 φύσει
800 2803 902 2874 τῆς
933 2804 1207 2875 θεότητος.
1234 2803 1347 2857 Καὶ
1376 2806 1615 2875 παράγει
1650 2819 1861 2875 μαρτυ-

276 2895 397 2967 ρίας
426 2893 742 2964 διαφόρους,
781 2893 1050 2964 Κυρίλλου
1083 2895 1128 2925 ⁸⁸
1157 2894 1257 2965 μὲν
1288 2896 1352 2947 ἑκ
1384 2895 1492 2947 τῶν
1520 2895 1766 2964 σχολίων,
1797 2896 1861 2947 ὲκ

270 2988 371 3058 τῆς
426 2985 563 3055 πρὸς
612 2984 909 3039 Ζούκενσον
960 2984 1005 3055 β’
1051 2985 1374 3054 ἐπιστολῆς,
1440 2986 1505 3038 ἑκ
1560 2985 1662 3055 τῆς
1722 2984 1859 3054 πρὸς

270 3076 571 3148 Νεστόριον
600 3074 672 3141 α’,
717 3076 784 3128 ὲκ
822 3074 929 3128 τῶν
972 3074 1279 3145 θησαυρῶν,
1320 3076 1383 3126 ὲκ
1415 3076 1514 3142 τῆς
1556 3073 1852 3145 ἑρμηνείας
1879 3096 1921 3153 c

271 3169 367 3224 τοῦ
417 3168 786 3239 ἀπομπαίου,
841 3170 935 3223 καὶ
985 3169 1048 3221 ἑκ
1097 3168 1195 3237 τῆς
1262 3167 1584 3236 Ἀπολογίας
1632 3169 1728 3221 τοῦ
1780 3170 1848 3224 ιδ’

272 3259 744 3331 ἀναθεματισμοῦ,
772 3258 865 3313 καὶ
893 3259 959 3312 ἑκ
985 3258 1085 3327 τῆς
1113 3257 1249 3329 πρὸς
1279 3257 1378 3321 τὰς
1417 3257 1693 3327 βασιλίδας
1726 3261 1850 3313 ἑπι-

274 3351 602 3420 στολῆς,καὶ
616 3352 683 3405 ἑκ
699 3351 797 3421 τῆς
834 3349 1151 3418 ἑρμηνείας
1187 3348 1297 3417 τῆς
1330 3350 1481 3417 πρὸς
1520 3348 1848 3417 Ἐϐραίους,

273 3441 370 3495 καὶ
397 3443 462 3494 ἑκ
489 3439 583 3494 τοῦ
612 3442 691 3505 είς
711 3440 801 3495 τὸν
844 3440 1070 3493 Ἡσαΐαν
1091 3439 1307 3510 ὑπομνή
1318 3457 1502 3508 ματος,
1536 3441 1628 3493 καὶ
1660 3442 1724 3493 ὲκ
1751 3440 1852 3509 τῆς

274 3532 574 3603 ἑρμηνείας
605 3530 698 3586 τοῦ
725 3537 773 3602 η’
785 3530 1022 3601 ψαλμοῦ,
1060 3531 1154 3585 καὶ
1180 3531 1245 3583 ἑκ
1273 3529 1367 3583 τοῦ
1394 3530 1530 3598 Περὶ
1562 3531 1852 3596 ἀπαθειας

273 3624 456 3692 λόγου,
475 3625 570 3678 καὶ
584 3626 646 3677 ὲκ
660 3623 754 3677 τοῦ
774 3623 908 3691 Περὶ
925 3624 1157 3690 πάθους
1171 3622 1354 3692 λόγου,
1372 3623 1467 3676 καὶ
1483 3624 1547 3675 ἑκ
1559 3622 1652 3675 τοῦ
1666 3639 1688 3674 ε
1698 3624 1743 3685 ίς
1761 3622 1852 3676 τὸν

274 3714 669 3785 εὐαγγελιστὴν
709 3712 960 3786 Ἰωάννην
991 3714 1385 3785 ὑπομνήματος
1419 3711 1621 3782 βιϐλίου
1665 3712 1732 3776 ζ’,
1756 3714 1851 3766 καὶ

272 3807 337 3859 ἑκ
363 3805 458 3859 τοῦ
483 3805 622 3874 Περὶ
644 3803 1151 3872 ἐνανθρωπήσεως
1187 3802 1305 3875 [καὶ
1325 3802 1390 3856 ὲκ
1411 3800 1519 3871 τῆς
1538 3791 1854 3870 ἐρμηᾶοείας

271 3897 383 3967 τῆς
400 3897 553 3966 πρὸς
582 3896 890 3964 Ἐϐραίους
907 3894 999 3967 “⁰].
1017 3897 1110 3949 καὶ
1127 3897 1192 3948 ἐκ
1218 3894 1311 3947 τοῦ
1342 3893 1555 3964 ὑπομνή
1563 3910 1732 3963 ματος
1753 3892 1848 3947 τοῦ

270 3990 352 4051 είς
394 3987 490 4041 τὸν
531 3986 921 4057 εὑαγγελιστὴν
964 3985 1219 4055 Ἰωάννην
1246 3984 1288 4016 ⁸³
1317 3981 1521 4052 βιϐλίου
1554 3981 1619 4051 β’,
1660 3982 1755 4034 καὶ
1787 3982 1852 4034 ἑκ

268 4080 363 4132 τοῦ
398 4077 529 4147 περὶ
558 4080 601 4110 ⁶¹
630 4076 1093 4149 ἑνανθρωπήσεως
1126 4074 1308 4141 λόγου,
1348 4072 1442 4125 καὶ
1479 4071 1542 4125 bc
1580 4070 1676 4125 τοῦ
1717 4072 1855 4125 ὑπο-

271 4171 556 4240 μνήματος
627 4167 723 4221 τοῦ
772 4169 852 4231 είς
896 4168 987 4220 τὸν
1037 4164 1430 4234 εὑαγγελιστὴν
1471 4162 1723 4233 Ἰωάννην
1773 4165 1853 4233 βι-

268 4262 420 4314 ϐλίου
445 4262 490 4313 θ’
511 4260 604 4314 καὶ
622 4266 693 4329 η’.
719 4258 1173 4329 Συμπαρατίθησι
1202 4256 1385 4325 μέντοι
1410 4254 1506 4307 καὶ
1527 4254 1852 4325 Γρηγορίου,

1970 510 2113 566 enim
2151 513 2576 567 substantiarum
2628 511 3008 578 dilierentiam,
3047 531 3148 567 non
3188 524 3273 569 est
3308 513 3425 569 illas
3454 514 3542 568 di-

1971 603 2154 658 videre
2186 605 2479 659 secundum
2515 606 2730 659 beatum
2770 604 3057 677 Cyrillum,
3093 607 3215 673 quia
3257 605 3541 660 nobiscum

1969 696 2416 751 consubstantiale
2463 697 2728 751 incarnati
2772 697 2865 752 Dei
2926 694 3086 751 Verbi
3147 695 3290 750 clare
3357 697 3544 751 conci-

1972 785 2101 841 lium
2141 787 2474 857 prredicavit,
2511 788 2651 856 quod
2689 797 2846 843 antea
2879 787 2967 842 alii
2997 788 3321 842 sanctissimi
3356 788 3545 842 Patres

1970 876 2288 942 docuerunt,
2332 860 2599 947 'nusquam
2651 888 2830 933 tamen
2878 893 3011 933 voce
3050 879 3398 933 oecumenicaa
3451 895 3543 949 sy-

1971 967 2096 1021 nodi
2132 968 2366 1024 decretis
2400 968 2739 1033 conlirmata,
2791 970 2993 1024 idcirco
3029 985 3251 1038 prorsus
3280 969 3540 1039 rejectutn

1969 1066 2073 1112 est.
2124 1057 2289 1127 Impia
2351 1060 2594 1114 doctrinm
2651 1060 2910 1131 Eutychis
2966 1062 3017 1115 in
3080 1060 3280 1129 perﬁda
3339 1063 3543 1131 synodo

1970 1151 2244 1215 damnata,
2282 1150 2349 1205 ab
2375 1151 2477 1203 alia
2528 1165 2633 1205 non
2682 1154 3061 1207 condemnata.
3098 1152 3231 1206 Dum
3270 1152 3358 1205 ille
3384 1153 3543 1222 justas

1970 1240 2439 1296 condemnatiOnis
2478 1242 2776 1295 absolvitur
2807 1244 3050 1297 traducta
3083 1243 3136 1297 in
3173 1244 3537 1299 venerabilem

1969 1328 2284 1385 Flavianum
2333 1333 2422 1399 qui
2461 1334 2632 1401 ipsum
2680 1334 2919 1401 sustulit,
2973 1335 3148 1402 culpa.
3200 1334 3349 1389 Licet
3394 1335 3542 1390 clare

1969 1422 2428 1492 pronuntiantem,
2461 1438 2619 1477 unam
2650 1425 2865 1493 quidem
2900 1423 3057 1479 Verbi
3090 1436 3333 1477 naturam
3363 1424 3542 1478 incar-

1970 1524 2183 1579 nalam,
2235 1514 2336 1569 hoc
2389 1522 2473 1569 est
2523 1530 2840 1583 personam,
2893 1515 3159 1584 simulque
3207 1524 3538 1569 asserentem

1967 1604 2479 1660 consubstantialem
2531 1604 2684 1659 nobis
2730 1620 2874 1669 esse,
2913 1606 3063 1668 dicit,
3102 1615 3318 1658 sanctos
3350 1602 3539 1658 Patres

1970 1705 2077 1744 non
2131 1690 2207 1743 uti
2260 1690 2399 1744 nuda
2448 1706 2601 1756 voce,
2650 1701 2705 1745 et
2757 1692 3000 1761 improbe
3048 1694 3392 1762 investigare,
3443 1693 3538 1748 sed

1895 1765 1937 1819 Β
1971 1789 2203 1835 mentem
2251 1781 2508 1835 adhibere
2563 1783 2814 1850 scriptori
2872 1784 2995 1852 pio,
3049 1792 3104 1836 et
3154 1783 3537 1837 admonitionis

1965 1869 2187 1925 adhibet
2229 1880 2390 1925 testes
2425 1889 2439 1923 :
2477 1872 2760 1926 Athanasii
2812 1872 3004 1926 librum
3043 1871 3243 1926 Contra
3285 1873 3534 1934 Arinnos,

1965 1962 2148 2033 Cyrilli
2200 1962 2543 2027 Tltesattrum,
2587 1961 2809 2018 Joannis
2851 1963 3223 2033 Cluysostomi
3260 1963 3539 2017 Commen-

1966 2052 2162 2105 tarium
2195 2051 2250 2104 in
2285 2050 2577 2118 Epistolum
2630 2052 2698 2104 ad
2744 2050 2961 2105 Galatas
2997 2067 3015 2103 :
3044 2054 3132 2105 Ait
3168 2052 3333 2118 enim,
3377 2066 3541 2107 carne

1965 2144 2073 2212 pati
2111 2141 2278 2195 Deum
2327 2142 2543 2208 Filium,
2584 2144 2909 2197 sententiam
2946 2158 3067 2199 esse
3101 2144 3354 2198 Ecclesiae
3385 2161 3398 2197 :
3432 2142 3541 2211 pati

1965 2251 2093 2290 vero
2131 2236 2433 2299 divinitate,
2470 2236 2844 2290 haereticorum
2885 2250 3006 2290 esse
3048 2246 3102 2290 et
3138 2235 3539 2304 blasphemnm.

1963 2328 2133 2383 Allert
2180 2338 2234 2383 et
2280 2327 2426 2382 varia
2485 2329 2791 2383 testimonia
2839 2343 2907 2383 ex
2955 2327 3144 2399 Cyrilli
3185 2328 3436 2391 Scholiis,
3472 2342 3540 2382 ex

1964 2420 2191 2490 epistola
2222 2419 2455 2475 secunda
2483 2419 2549 2473 ad
2577 2419 2935 2481 Succensum,
2959 2436 3022 2473 ex
3058 2420 3227 2488 prima
3256 2421 3320 2472 ad
3350 2418 3539 2473 Nesto-

1967 2514 2135 2577 rium,
2182 2527 2249 2567 ex
2297 2512 2595 2575 thesauris,
2643 2527 2709 2565 ex
2764 2512 3207 2580 interpretatione
3262 2511 3541 2580 Ἀποπομ-

1965 2605 2149 2669 παίου,
2181 2618 2247 2659 ex
2288 2603 2544 2673 Apologia
2593 2601 2900 2657 duodecimi
2948 2603 3424 2665 Anathematismi.
3471 2618 3539 2657 ex

1963 2695 2187 2764 epistola
2239 2709 2452 2764 quoque
2485 2694 2550 2747 ad
2585 2695 2825 2764 reginas,
2858 2702 2913 2748 et
2946 2708 3012 2748 ex
3048 2693 3438 2748 Commentario
3482 2695 3539 2747 in

1963 2784 2260 2854 Epistulam
2294 2785 2364 2839 ad
2401 2782 2669 2849 Hebraeos,
2708 2785 2836 2839 item
2878 2785 2930 2839 in
2963 2784 3179 2850 Isaiam,
3213 2793 3267 2837 et
3301 2786 3351 2837 in
3385 2794 3539 2837 octa-

1961 2893 2086 2932 Vllm
2140 2877 2426 2947 psalmum,
2476 2886 2529 2931 et
2576 2893 2639 2931 ex
2684 2877 2930 2931 oratione
2989 2875 3068 2930 De
3123 2874 3537 2944 impatibilitate,

1962 2969 2157 3043 255i:
2194 2971 2433 3039 itemque
2464 2969 2540 3023 De
2590 2968 3002 3034 perturbatione,
3031 2982 3246 3021 rursum
3279 2982 3343 3023 ex
3378 2966 3538 3022 Com-

1963 3062 2217 3116 mentario
2296 3065 2347 3115 in
2374 3060 2657 3123 Joannem,
2706 3060 2799 3113 lib.
2857 3061 3168 3127 septimum,
3215 3060 3534 3124 secundum,

1953 3166 2204 3212 octavum
2256 3162 2310 3207 et
2378 3168 2577 3207 nonum
2630 3151 2703 3205 De
2742 3153 3129 3215 incarnatione,
3172 3151 3286 3204 loco
3328 3166 3434 3204 uno
3484 3160 3539 3204 ct

1955 3251 2082 3304 item
2133 3245 2347 3307 altero,
2399 3258 2463 3296 ex
2514 3241 2955 3307 Interpretatione
3019 3239 3265 3309 Epistoltt'
3309 3240 3377 3291 ad
3433 3239 3542 3293 lle-

1956 3340 2144 3393 brwos.
2186 3336 2468 3389 Adduntur
2514 3344 2569 3388 et
2622 3333 2870 3402 Gregorii
2928 3342 2983 3386 et
3023 3332 3205 3385 Basilii
3241 3333 3307 3385 de
3341 3333 3541 3399 gratia-

1958 3445 2075 3485 rum
2109 3429 2319 3483 actione
2373 3426 2697 3487 testimonia,
2736 3426 2860 3478 item
2902 3439 2969 3478 ex
3015 3423 3239 3492 epistola
3278 3424 3343 3476 ad
3377 3421 3542 3478 Susa-

1956 3517 2148 3587 politas
2212 3524 2266 3569 et
2328 3515 2395 3568 ad
2454 3513 2863 3582 Apollinatium.
2939 3512 3077 3577 Quin
3137 3521 3192 3564 et
3254 3512 3538 3565 Athanasii

1956 3609 2175 3663 athletae
2232 3605 2412 3674 magni
2465 3620 2495 3658 e
2546 3604 2777 3658 diversis
2830 3603 3194 3665 sermonibus,
3234 3601 3542 3658 Severianis

1958 3697 2226 3754 haereticis
2254 3696 2631 3761 delirantibus,
2658 3695 3002 3765 intelligendo
3042 3694 3268 3749 alteram
3303 3697 3538 3765 speciem

1958 3805 2021 3846 ac
2066 3790 2333 3844 diversam
2381 3796 2632 3841 naturam
2688 3786 2743 3840 in
2805 3788 3059 3841 unionem
3110 3786 3539 3856 illt‘Xplicabilcm

1957 3880 2297 3944 convenisse,
2349 3878 2702 3933 assereudum
2765 3893 2870 3931 non
2926 3893 3047 3932 esse
3094 3895 3109 3931 :
3159 3892 3409 3947 magnmn
3459 3878 3543 3931 vir

1962 3976 2083 4043 pius
2114 3973 2282 4028 risum
2311 3979 2509 4037 movet,
2537 3980 2589 4026 et
2615 3980 2740 4025 ante
2773 3970 2915 4024 hunc
2946 3970 3121 4024 virum
3151 3969 3265 4037 ipsa
3294 3983 3534 4023 commu-

1962 4065 2047 4119 nis
2074 4062 2280 4132 opinio,
2312 4069 2367 4115 et
2404 4059 2556 4114 Pauli
2589 4074 2710 4123 vox,
2742 4068 2798 4113 et
2843 4074 2965 4114 cum
3007 4058 3137 4113 dicit
3169 4077 3184 4114 :
3218 4057 3388 4113 Corde
3421 4059 3537 4129 qui-

1961 4156 2076 4211 dem
2113 4154 2349 4209 creditur
2391 4152 2461 4205 ad
2499 4152 2791 4221 justitiam,
2828 4166 2917 4205 ore
2954 4162 3132 4205 autem
3177 4151 3441 4219 confessio
3481 4150 3557 4217 ﬁt’

1961 4247 2030 4303 ad
2064 4245 2291 4301 salutem
2321 4253 2371 4298 ιι.

266 4355 363 4408 καὶ
405 4353 686 4406 Βασιλείου
718 4353 783 4405 ἐκ
822 4351 917 4404 τοῦ
952 4350 1080 4419 περὶ
1124 4347 1473 4418 εὐχαριστίας
1513 4347 1607 4400 καὶ
1638 4347 1702 4399 ὲκ
1747 4347 1845 4415 τῆς
1882 4346 2018 4415 πρὸς
2040 4339 2416 4406 Σωζοπολίτας
2455 4334 2741 4404 ἐπιστολῆς
2778 4334 2873 4386 καὶ
2902 4335 2967 4387 ἑκ
2998 4334 3099 4401 τῆς
3163 4332 3300 4401 πρὸς
3374 4333 3539 4383 Ἀπο-

264 4445 531 4515 λινάριον,
574 4444 663 4495 ναὶ
707 4442 771 4512 δὴ
837 4440 932 4495 καὶ
972 4439 1291 4493 Ἀθανασίου
1335 4437 1426 4491 τοῦ
1505 4435 1805 4489 πολυάθλου
1849 4439 1913 4488 ἐκ
1951 4435 2223 4505 διαφόρων
2243 4430 2436 4498 λόγων.
2464 4430 2584 4480 Ὅτι
2608 4428 2715 4483 τῶν
2742 4425 2850 4481 ἀπὺ
2870 4425 3109 4494 Σεὸήρου
3134 4423 3442 4495 ληρούντων
3465 4427 3540 4484 ὡς

266 4545 472 4596 ἐννοεῖν
508 4540 606 4610 μὲν
634 4538 740 4609 χρὴ
761 4538 823 4590 τὸ
852 4535 1145 4607 ἑτεροειδὲς
1181 4534 1275 4587 καὶ
1307 4532 1594 4604 ἑτεροφυὲς
1620 4531 1730 4585 τῶν
1800 4533 1879 4594 εἰς
1949 4530 2180 4599 ἑνότητα
2231 4526 2507 4597 ἄφραστον
2565 4522 3029 4591 συνεληλυθότων,
3088 4520 3162 4591 μὴ
3218 4521 3419 4591 χρῆναι
3474 4522 3532 4574 δὲ

266 4637 451 4703 λέγειν
482 4634 675 4699 ταῦτα,
716 4631 921 4684 πλατὺν
954 4631 1051 4699 μὲν
1082 4628 1294 4696 γέλωτα
1356 4629 1454 4696 τῆς
1492 4624 1679 4688 ἀνοίας
1741 4624 1924 4678 αὐτῶν
1961 4625 1990 4676 ὁ
2020 4623 2164 4693 ἱερὸς
2190 4622 2329 4692 ἀνὴρ
2357 4620 2587 4689 καταχεῖ
2614 4616 2744 4688 [804
2764 4614 2879 4683 R.],
2907 4614 2951 4645 “
2980 4613 3072 4666 καὶ
3099 4613 3202 4682 πρό
3230 4628 3294 4680 γε
3325 4612 3415 4664 τοῦ
3446 4617 3542 4669 άν-

265 4728 394 4799 δρδς
436 4729 574 4797 αὑτή
618 4742 683 4793 γε
728 4727 761 4794 ἠ
806 4723 960 4794 κοινὴ
1004 4722 1181 4776 ἔννοια
1229 4723 1324 4774 καὶ
1360 4720 1393 4790 ἠ
1439 4718 1649 4799 Παύλου
1667 4716 1819 4787 φωνὴ
1856 4714 2112 4785 λέγουσα.
2139 4712 2364 4781 Καρδίᾳ
2385 4710 2430 4743 ⁸⁸
2452 4709 2571 4781 μὲν
2590 4705 2934 4763 πιστεύεται
2988 4705 3076 4767 είς
3116 4702 3536 4771 δικαιοσύνην,

266 4798 520 4892 ἁτόματι
549 4821 617 4875 δὲ
654 4818 1027 4890 ὁμολογεῖται
1055 4820 1142 4881 εὶς
1173 4798 1499 4883 σωτηρίανί.
2573 4886 2584 4892 _
2705 4883 2716 4892 _
3135 4878 3149 4892 _
3329 4888 3338 4892 _
3377 4876 3420 4892 υ
3487 4870 3534 4892 _,

341 4876 467 4968 {in
493 4876 771 4984 (malm-Exi
794 4876 1376 4982 «poeninon-mura;
1402 4904 1531 4976 μίαν
1551 4904 1849 4958 ὑπόστασιν

2027 4895 2239 4954 Asserit
2270 4902 2324 4949 et
2352 4904 2537 4954 unam,
2572 4883 2764 4955 inquit,
2796 4894 3104 4951 personam,
3135 4878 3237 4933 hoc
3264 4888 3345 4932 est
3377 4876 3535 4932 Verbi

266 5007 364 5061 τοῦ
393 4974 570 5073 Λόγού
620 4974 1048 5073 σεσαρκωμένην
1093 4974 1472 5071 κηρύττομεν,
1524 4995 1713 5061 ἐπειδὴ
1758 4994 1853 5048 καὶ

1962 4986 2223 5046 incarnati
2283 4980 2617 5054 hypostasim
2680 4974 3129 5046 pronuntiamus,
3192 4974 3536 5042 quandoqui-

271 5064 544 5157 ἁπλοῦς-⁸⁸
574 5064 779 5162 Ἰησοῦς
810 5064 1067 5160 συνετέθη
1094 5064 1238 5142 κατὰ
1262 5064 1353 5141 τὸν
1377 5088 1435 5139 ἑν
1459 5085 1634 5153 ἁγίοις
1665 5084 1853 5154 Ἀρεο-

1962 5082 2081 5138 dem
2128 5077 2429 5147 simplicem
2476 5071 2628 5142 ponit
2660 5068 2845 5123 Jesum
2875 5066 2934 5120 D.
2972 5065 3261 5136 Dionysius
3291 5064 3534 5130 Areopa-

274 5188 511 5259 παγίτην
537 5159 833 5240 Διονύσιον.
853 5182 978 5237 Καὶ
1012 5159 1104 5236 ἐπὶ
1143 5181 1242 5252 μὲν
1268 5179 1368 5249 τῆς
1400 5177 1521 5232 καθ’
1554 5176 1853 5230 ὑπόστασιν

1962 5177 2090 5245 gita,
2117 5181 2172 5227 et
2199 5171 2265 5226 de
2291 5165 2627 5239 hypostatiea
2670 5161 2886 5233 quidem
2932 5159 3149 5215 unione.
3171 5159 3317 5225 juste
3348 5163 3535 5209 contra

373 5301 402 5329 ιι

432 5298 590 5355 Rom.
630 5316 683 5364 χ,
714 5297 802 5353 10.

1572 5370 1805 5427 VARle
1845 5371 2251 5429 LECTIONES.

1089 5478 1133 5510 ³⁸
1157 5482 1275 5544 post
1307 5470 1470 5544 φησὶν
1497 5468 2054 5544 ᾀεεεεπα-ραινοῦσιν.
2130 5468 2175 5544 5f
2210 5466 2339 5544 libri
2374 5465 2678 5544 μάρτυρας.

1290 5535 1334 5573 ⁵6
1366 5535 1461 5593 καὶ
1515 5540 1581 5590 ὲκ
1606 5537 1703 5607 τῆς
1743 5539 1871 5607 ἑρμ.
1923 5539 2021 5607 τῆς
2062 5536 2197 5608 πρός
2242 5535 2398 5605 Ἐϐρ.
2432 5550 2540 5590 om.
2592 5536 2655 5586 Α.
2758 5535 2799 5565 ⁸⁸
2834 5535 2855 5584 ὲ

1290 5611 1329 5664 ιῦ
1357 5610 1485 5673 περὶ
1510 5640 1578 5648 -
1605 5606 1649 5660 θ’
1683 5608 1778 5660 καὶ
1807 5616 1854 5673 η’
1892 5610 1944 5665 in
1979 5624 2083 5673 mg.
2123 5607 2273 5673 ponit
2309 5610 2370 5660 Α.
2475 5605 2519 5636 ⁸³
2557 5605 2784 5673 κατηχεί
2817 5619 2855 5666 ς-

2757 5463 2800 5495 ⁵⁷
2848 5462 3161 5513 Ἀθανάσιον
3196 5473 3257 5520 ς,
3334 5454 3380 5489 ⁵⁸
3408 5451 3526 5524 τοῦ]

2758 5533 2799 5565 ⁸³
2834 5533 2899 5584 ἑκ
2925 5528 3019 5582 τοῦ
3070 5530 3149 5589 είς
3190 5526 3281 5579 τὸν
3326 5524 3520 5591 εὑαγγ.

2765 5605 2784 5655 ἰ
2817 5619 2875 5666 ς.
2985 5598 3029 5628 ⁵⁵
3061 5595 3290 5669 καρδίαν
3314 5623 3384 5635 -
3414 5594 3527 5648 στό-

342 5486 389 5517 ¹⁸
414 5484 679 5555 διαίρεσις
694 5478 1011 5555 ὑπονοία-ᾼ..

271 5554 379 5607 τῶν
422 5545 615 5608 τοῦἈ.
689 5553 735 5585 δ’
768 5550 889 5605 libri
924 5545 1213 5622 Κύριλλον.
1290 5545 1334 5622 ‘3
1366 5545 1473 5622 καὶ.
1515 5545 1581 5590 ὲκ
1606 5545 1703 5622 τῇς
1743 5545 2021 5622 ἑρμ..τῆς
2062 5545 2197 5608 πρὸς
2234 5545 2243 5615 _‘

288 5606 786 5693 Ἰωάννηνίὺπομν.
821 5637 914 5693 ς.-
938 5606 1130 5693 met
1147 5617 1221 5693 sic
1238 5610 1485 5693 105.11:pr
1510 5640 1578 5648 —
1605 5606 1784 5693 θ’ίκαϊ
1807 5606 1854 5677 η’
1892 5610 1944 5665 in
1979 5606 2083 5691 mg.
2112 5606 2273 5675 ponit
2309 5610 2370 5660 Α.

288 5711 360 5748 αα
388 5710 448 5761 ς.
490 5678 581 5747 ὐί.
622 5678 779 5749 Rom.
810 5678 862 5754 xv,
896 5689 983 5744 10.
1062 5687 1108 5719 “'
1140 5684 1231 5736 καὶ
1254 5698 1281 5734 ο
1317 5679 1519 5742 arma;
1550 5693 1687 5733 corr.
1727 5678 1787 5731 Α.
2044 5678 2060 5691 "
