3964 6246
408 268 510 332 991

1557 261 1822 323 PHOTII
1858 259 2366 322 PATRIARCH/E
2401 261 2511 321 (ΖΡ.

3557 257 3668 319 9‘32

409 383 665 450 pietatem
713 382 1070 451 compositum
1127 377 1322 432 dicitur
1369 393 1383 429 :
1433 374 1792 443 compositum
1849 384 1980 424 vero

2107 368 2327 432 vtinam;
2374 367 2596 431 δικαίως
2642 369 2791 439 παρὰ
2839 368 2937 437 τῆς
2975 366 3257 431 εὐσεϐείας
3297 365 3360 420 τδ
3410 364 3669 420 σύνθετον

412 473 592 528 dicere
643 487 801 528 nemo
857 474 1054 528 audeat
1095 479 1300 538 praeter
1349 465 1759 536 Apollinarium.
1808 461 1980 514 Mani-

412 563 550 617 t'este
599 572 652 617 et
701 561 982 624 Christus,
1035 560 1348 631 ltypostasin
1405 557 1757 624 compositam
1827 567 1980 619 esse,

415 663 662 708 naturam
711 669 815 708 non
864 654 991 708 item
1029 669 1044 706 :
1086 655 1302 706 lutrans
1348 659 1527 704 autem
1578 647 1646 702 ad
1693 646 1986 716 discipulos

416 743 680 798 nbtnratis
720 745 926 799 osﬁis:
980 742 1226 812 Palpate,
1273 742 1466 811 inquit,
1519 748 1571 795 et
1627 739 1810 802 videte,
1862 739 1985 807 quia

417 836 636 903 spiritus
677 853 885 890 carnem
917 846 961 890 et
997 852 1113 889 ossa
1160 851 1261 888 non
1303 834 1476 897 habet,
1510 833 1643 888 sicut
1681 849 1763 886 me
1800 831 1988 886 uidetis

417 921 605 974 habere
644 930 710 987 V;
760 931 813 975 et
865 922 989 976 alibi
1029 940 1044 977 :
1090 919 1317 990 Spiritus
1359 932 1435 976 est
1489 921 1654 987 Deus,
1686 930 1732 975 et
1777 936 1864 974 eos
1901 919 1989 988 qui

419 1010 643 1064 adorant
699 1029 853 1078 eum,
910 1014 964 1066 in
1004 1014 1206 1083 spiritu
1245 1023 1294 1067 et
1350 1015 1564 1067 veritate
1611 1021 1810 1080 Oportet
1863 1012 1992 1064 ado-

422 1119 539 1156 rare
568 1112 616 1158 ³.
650 1103 929 1170 Quomodo
961 1105 1075 1159 haec
1122 1118 1250 1174 ergo
1295 1120 1400 1159 non
1439 1104 1715 1174 pugnant?
1749 1102 1831 1157 vel
1865 1102 1993 1172 quia

421 1195 715 1247 secundum
751 1197 1044 1248 essentiam
1077 1194 1377 1249 divinitatis
1416 1208 1632 1248 carnem
1670 1208 1773 1248 non
1807 1193 1992 1256 habet,

423 1283 636 1348 quando
667 1283 899 1337 essentia
944 1283 1244 1352 composita
1273 1297 1396 1338 esse
1436 1281 1642 1349 nequit,
1666 1278 1772 1334 .sed
1803 1293 1996 1335 secun-

425 1370 548 1422 dum
581 1386 865 1439 personam
898 1383 954 1427 et
985 1373 1298 1444 hypostasin
1342 1385 1559 1426 carnem
1591 1369 1774 1434 habet,
1806 1379 1865 1424 ut
1896 1369 1994 1424 ba-

424 1461 552 1516 bere
598 1465 858 1526 cernitur,
891 1476 946 1518 et
993 1465 1136 1533 quod
1183 1480 1289 1519 non
1340 1466 1500 1519 habet
1533 1463 1828 1518 secundum
1871 1462 1998 1517 sub-

426 1553 680 1607 stantiam
713 1556 841 1624 (non
872 1556 1015 1608 enim
1045 1556 1380 1625 compositus
1418 1557 1557 1623 erat)
1599 1554 1699 1608 hoc
1743 1553 1997 1624 hyposta-

431 1643 536 1697 tice
585 1646 854 1712 possidet,
911 1647 1218 1716 hypostasis
1262 1647 1410 1701 enim
1459 1644 1755 1713 composita
1801 1653 1905 1710 est,
1945 1653 2000 1698 et

427 1734 726 1789 secundum
781 1751 944 1790 unam
995 1736 1216 1806 quidem
1272 1737 1629 1792 substantiam
1684 1753 1788 1791 nou
1841 1738 2003 1792 habet

429 1824 678 1893 alteram,
716 1828 806 1882 sed
842 1827 984 1896 quod
1029 1829 1095 1882 ad
1139 1842 1448 1898 personam,
1485 1837 1768 1900 utramque
1812 1831 2000 1892 habet,

427 1919 881 1986 quemadmodum
921 1931 976 1975 et
1020 1935 1236 1975 carnem
1267 1920 1430 1977 habet
1464 1936 1527 1976 ac
1552 1921 1801 1989 spiritum
1834 1921 2003 1992 hypo-

429 2011 624 2065 statice
676 2029 690 2062 :
745 2013 1172 2068 substantialiter
1223 2028 1350 2068 vero
1396 2028 1571 2082 neque
1632 2015 1854 2081 spiritus
1921 2023 2004 2069 est

430 2113 580 2164 caro,
611 2114 782 2167 neque
813 2115 940 2154 caro
969 2101 1193 2171 spiritus
1236 2102 1412 2156 induit
1456 2111 1724 2157 naturam.
1766 2102 1878 2157 Hoc
1905 2117 2004 2158 ex-

433 2188 658 2257 planans
705 2190 901 2261 256a
949 2193 1140 2247 beatus
1187 2192 1469 2263 Cyrillus:
1509 2193 1570 2249 Si
1603 2195 1762 2259 enim,
1808 2196 2002 2263 inquit,

432 2296 556 2334 caro
585 2298 708 2335 caro
743 2294 818 2336 est
849 2291 896 2335 et
926 2301 1028 2337 non
1073 2285 1265 2349 deitas,
1303 2287 1400 2338 etsi
1443 2284 1542 2339 Dei
1581 2303 1702 2339 caro
1728 2285 1873 2355 facta
1905 2297 2002 2349 est,

433 2375 719 2424 secundum
779 2376 1130 2427 substantiam
1201 2376 1557 2444 differentiam
1616 2377 1853 2442 invenio,
1907 2379 2006 2432 etsi

431 2459 625 2513 Filium
684 2479 845 2522 unum
893 2479 1002 2517 esse
1043 2466 1317 2532 conﬁtear.
1355 2465 1554 2520 Adhaec
1597 2468 1650 2521 in
1699 2469 2004 2538 Evangeliis

432 2550 685 2606 Christus
731 2568 854 2606 cum
913 2555 1045 2609 dicit
1079 2573 1093 2609 :
1127 2554 1194 2608 Ut
1252 2557 1354 2609 sint
1411 2574 1576 2610 unum
1630 2559 1762 2611 sicut
1810 2570 1858 2614 et
1913 2576 2005 2615 nos

433 2658 598 2697 unum
645 2659 852 2708 sumus,
887 2644 1000 2714 Ego
1032 2647 1088 2699 in
1119 2648 1217 2714 eis,
1245 2658 1291 2700 et
1326 2657 1382 2700 tu
1426 2648 1483 2702 in
1523 2665 1601 2702 me
1625 2656 1675 2704 Υ.
1716 2647 2007 2718 Utriusque

434 2735 954 2790 consubstantialem
1029 2747 1232 2792 natura;
1309 2737 1475 2793 fuisse
1524 2740 1779 2793 ostendit.
1827 2737 2006 2795 Unum

433 2826 579 2879 enim
622 2833 704 2878 est
736 2826 913 2880 divina
959 2836 1150 2882 natura
1193 2843 1316 2882 cum
1347 2827 1506 2884 Patre
1535 2828 1631 2884 Dei
1671 2828 1925 2897 Verbum,
1953 2841 2008 2885 et

433 2930 599 2968 uinum
646 2931 858 2969 rursum
911 2917 962 2969 in
1014 2917 1166 2986 ipsis,
1209 2919 1260 2970 id
1305 2927 1387 2971 est
1428 2922 1724 2974 secundum
1765 2934 2006 2976 nostram

2084 459 2318 526 λέγεται·
2357 459 2608 511 σύνθετον
2636 457 2693 508 δὲ
2736 455 2922 510 οὐσίαν
2967 456 3143 518 οὐδεὶς
3185 457 3362 510 εἰπεῖν
3397 455 3667 525 ἐτόλμησε

2085 551 2223 622 πλὴν
2259 551 2657 622 Ἀπολιναρεου.
2697 549 2882 618 Δηλῶν
2917 551 2973 602 δὲ
3008 550 3103 601 καὶ
3133 550 3160 602 6
3190 548 3394 618 Κύριος
3429 549 3510 601 ὅτι
3547 547 3670 599 σύν-

2086 643 2237 707 θετος
2272 645 2368 714 μὲν
2394 643 2557 697 αὑτοῦ
2585 645 2618 713 ἡ
2648 643 2961 706 ὑπόστασις,
2994 641 3175 694 οὐκέτι
3201 641 3258 694 δὲ
3293 640 3386 693 καὶ
3416 640 3450 710 ἡ
3483 639 3668 707 φύσις,

2086 735 2194 790 τῶν
2241 737 2338 806 μὲν
2384 735 2564 804 θυρῶν
2614 733 3012 804 κεκλεισμένων
3061 733 3198 803 πρὸς
3242 733 3367 794 τοὺς
3418 731 3670 800 μαθητὰς

2089 826 2367 882 εἰσελθὼν
2405 826 2810 896 Ψηλαφήσατέ
2836 827 2880 859 ⁸⁸
2908 844 3008 895 με,
3030 825 3198 893 λέγει,
3233 824 3331 878 καὶ
3385 823 3546 876 ἴδετε
3577 823 3666 875 ὅτι

2089 917 2325 987 πνεῦμα
2373 916 2574 985 σάρκα
2621 917 2722 970 καὶ
2768 916 2948 970 ὀστέα
2997 917 3108 969 οὐκ
3153 915 3277 983 ἔχει
3319 911 3516 978 καθὼς
3566 909 3672 978 ἐμὲ

2089 1006 2358 1075 θεωρεῖτε
2387 1005 2624 1074 ἔχοντα’
2650 1004 2884 1076 ἀλλαχοῦ
2912 1005 2990 1058 δέ’
3018 1003 3256 1072 Πνεῦμα
3276 1003 3319 1034 ⁸⁷
3343 1005 3376 1055 ὁ
3405 1001 3554 1064 Θεὸς
3570 999 3670 1052 καὶ

2092 1097 2235 1164 τοὺς
2293 1095 2782 1165 προσκυνοῦντας
2854 1094 3046 1151 αὐτὸν
3099 1095 3168 1148 ἐν
3219 1093 3509 1160 πνεύματι
3573 1089 3673 1142 καὶ

2093 1189 2342 1256 ἀληθεία
2399 1187 2497 1242 δεῖ
2541 1186 2932 1256 προσκυνεῖν.
2990 1185 3113 1248 Πῶς
3161 1179 3255 1238 οὖν
3303 1183 3404 1236 οὐκ
3453 1181 3676 1234 ἐναντία

2095 1281 2299 1345 ταῦτα;
2327 1282 2359 1351 ἢ
2389 1281 2471 1334 ὃτι
2508 1279 2648 1334 κατὰ
2680 1279 2778 1349 μὲν
2815 1277 2914 1349 τὴν
2956 1277 3143 1331 οὐσίαν
3167 1277 3265 1346 τῆς
3295 1275 3548 1343 Θεότητος
3573 1272 3674 1324 οὐκ

2097 1371 2210 1441 ἔχει
2259 1371 2464 1441 σάρκα,
2512 1371 2699 1440 ἐπειδὴ
2746 1368 2878 1440 μηδὲ
2911 1369 2957 1400 ⁸⁸
2989 1367 3213 1421 δύναται
3273 1364 3524 1425 σύνθετος
3558 1362 3604 1394 ⁸³
3640 1363 3673 1430 ἡ

2098 1463 2254 1516 οὐσία
2281 1459 2448 1525 εἶναι,
2482 1460 2560 1531 τῷ
2590 1461 2646 1514 δὲ
2678 1459 2952 1532 προσώπῳ
2983 1459 3076 1511 καὶ
3104 1459 3168 1527 τῇ
3205 1455 3500 1510 ὑποστάσει
3536 1452 3675 1522 ἔχει,

2099 1556 2283 1619 καθὼς
2312 1555 2474 1618 αὐτὸς
2495 1555 2633 1624 ἔχων
2653 1555 2962 1623 ’ἐθεωρεῖτο·
2997 1553 3091 1606 καὶ
3115 1552 3252 1620 ὅπερ
3273 1549 3372 1603 οὐκ
3397 1544 3510 1616 εἶχε
3533 1545 3680 1599 κατὰ

2100 1649 2198 1720 τὴν
2241 1647 2429 1702 οὐσίαν
2465 1646 2548 1718 (οὺ
2601 1646 2710 1714 γὰρ
2759 1641 2829 1716 ἦν
2881 1642 3174 1712 σύνθετος),
3205 1640 3362 1694 τοῦτο
3405 1639 3550 1692 κατὰ
3580 1637 3680 1705 τὴν

2101 1739 2396 1794 ὑπόστασιν
2425 1738 2540 1809 ἔχει
2567 1735 2843 1809 (σύνθετος
2874 1735 2996 1804 1421
3031 1731 3125 1806 Η.]
3155 1733 3264 1803 γὰρ
3297 1732 3434 1802 αὕτη
3457 1732 3552 1799 ⁷ο)-
3585 1728 3680 1783 καὶ

2102 1831 2224 1885 καθ’
2247 1833 2437 1902 ἑτέραν
2469 1829 2568 1901 μὲν
2594 1828 2910 1913 οὐσίανρὠ
2939 1826 3053 1898 ἔχει
3076 1824 3174 1896 τὴν
3204 1823 3416 1895 ἑτέραν,
3447 1822 3594 1913 κατα
3619 1819 3680 1872 δὲ

2101 1926 2198 1996 τὴν
2235 1925 2532 1982 ὑπόστασιν
2570 1904 2839 1992 ἑκατέραν
2854 1921 3003 1991 -ἒχει,
3035 1919 3198 1972 Ὥστε
3226 1917 3322 1971 καὶ
3357 1904 3536 1984 σάρκα
3567 1912 3680 1983 ἔχει

2103 2014 2197 2066 καὶ
2233 2013 2452 2082 πνεῦμα
2482 2012 2625 2066 κατὰ
2649 2009 2750 2083 τὴν
2781 2011 3094 2065 ὑπόστασιν·
3122 2007 3263 2060 κατὰ
3282 2006 3339 2058 δὲ
3367 2005 3466 2074 τὴν
3489 2001 3681 2056 οὐσίαν

2102 2104 2228 2158 οὔτε
2269 2103 2331 2157 τδ
2371 2102 2588 2173 πνεῦμά
2632 2103 2748 2156 ἐστι
2797 2099 2953 2178 σὰρξ,
3001 2098 3125 2152 οὔτε
3166 2099 3201 2168 ἡ
3255 2096 3390 2166 σὰρξ
3435 2093 3535 2164 τὴν
3587 2090 3681 2146 τοῦ

2105 2194 2413 2264 πνεύματος
2444 2195 2604 2263 φύσιν
2631 2193 2859 2263 ὑπῆλθε.
2890 2190 3060 2244 Τοῦτο
3098 2190 3155 2243 δὲ
3182 2186 3501 2259 ἑρμηνεύων
3533 2183 3630 2236 καὶ
3655 2184 3684 2235 6

2106 2284 2248 2354 ἱερὸς
2273 2283 2561 2353 Κύριλλος,
2583 2283 2650 2336 Ἠ
2673 2281 2782 2351 γὰρ
2809 2281 2985 2348 σὰρξ,
3007 2281 3160 2349 φησὶ,
3181 2275 3317 2347 σάρξ
3341 2279 3477 2338 ἐστι,
3499 2274 3683 2327 καὶού

2105 2377 2338 2441 θεότης,
2371 2377 2422 2428 si
2444 2374 2542 2428 καὶ
2561 2373 2710 2427 Θεοῦ
2733 2372 2941 2442 γέγονε
2969 2370 3127 2438 σάρξ
3144 2387 3156 2400 ·
3177 2369 3292 2435 τὴν
3307 2367 3432 2420 κατ’
3464 2365 3685 2420 οὐσίαν

2104 2463 2237 2534 γὰρ,
2257 2464 2440 2535 φησὶν,
2459 2465 2716 2532 εὑρίσκω
2733 2462 3044 2531 διαφορὰν,
3065 2460 3181 2514 κᾶν
3203 2460 3268 2511 τὸ
3286 2456 3394 2524 τῆς
3409 2457 3685 2522 υιότητος

2099 2555 2434 2627 μοναδικόν
2459 2553 2748 2624 ὁμολογῶ.
2781 2554 2887 2605 Καὶ
2917 2551 3340 2618 ὲνΕὑαγγελίοις
3371 2550 3426 2602 δὲ
3452 2548 3626 2614 λέγων
3658 2548 3687 2599 6

2112 2650 2340 2718 Κύριος
2375 2635 2509 2701 Ἵνα
2546 2647 2590 2678 ⁷³
2622 2641 2775 2700 ὦσιν
2793 2644 2882 2709 ἓν,
2909 2641 3103 2709 καθὼς
3149 2644 3320 2711 ἡμεῖς
3360 2641 3429 2694 ἓν
3472 2643 3683 2709 ἐσμεν,

2107 2739 2270 2810 κάγὼ
2293 2740 2362 2793 ἐν
2393 2739 2615 2804 αὐτοῖς,
2652 2737 2752 2790 καὶ
2782 2735 2864 2790 σὺ
2895 2735 2964 2788 ἐν
2993 2734 3122 2804 ἐμοὶ
3148 2735 3210 2786 τὸ
3242 2732 3524 2802 ὁμοούσιον
3555 2731 3687 2784 ἑκα-

2105 2830 2270 2901 τέρας
2300 2829 2534 2900 ἐδήλωσε
2577 2827 2811 2897 φύσεως·
2847 2826 2906 2879 ἓν
2935 2825 3043 2896 γάρ
3075 2825 3191 2878 ἐστι
3229 2825 3296 2893 τῇ
3337 2822 3494 2890 θεῖκῇ
3527 2820 3690 2888 οὐσία

2111 2925 2170 2976 ὲν
2215 2921 2292 2992 τῷ
2342 2920 2519 2992 Πατρὶ
2540 2921 2568 2974 ὁ
2596 2914 2678 2983 εἷς
2699 2919 2830 2984 Θεὸς
2875 2920 3073 2987 Λόγος,
3099 2916 3197 2970 καὶ
3225 2916 3284 2969 ἓν
3314 2914 3478 2969 πάλιν
3507 2914 3566 2964 ὲν
3591 2912 3690 2967 αὐ-

434 3006 747 3058 essentiam.
813 3005 983 3060 Dictis
1032 3006 1336 3062 assenticns
1386 3007 1618 3076 Cyrlllus
1666 3011 1747 3064 sic
1801 3011 2005 3067 dictum

2111 3017 2243 3078 τοῖς,
2262 3012 2542 3076 ,τουτέστιν
2570 3014 2636 3082 τῇ
2659 3011 2782 3064 καθ’
2815 3011 2959 3080 ἡμᾶς
2980 3008 3159 3078 οὐσίᾳ.
3195 3005 3467 3075 Ὀμονοῶν
3493 3003 3553 3057 δὲ
3577 3006 3690 3065 τοῖς

435 3094 690 3161 explanat
720 3113 733 3148 :
770 3094 1250 3163 Quemadmodum,
1288 3097 1484 3164 inquit,
1537 3114 1629 3168 ego
1666 3101 1722 3153 in
1753 3101 1851 3165 eis,
1885 3106 2005 3171 quia

2118 3105 2432 3177 εἰρημένοις
2459 3107 2488 3158 6
2512 3103 2778 3174 Κύριλλος
2803 3101 2947 3155 οὕτω
2974 3103 3067 3154 καὶ
3112 3100 3275 3162 αὐτὸς
3302 3101 3597 3170 ὲρμηνεύει
3629 3096 3692 3147 τὸ

438 3201 646 3238 carnem
693 3185 911 3241 illorum.
949 3196 1141 3254 gestat,
1175 3197 1221 3239 et
1264 3198 1316 3240 ut
1367 3185 1552 3252 Pater,
1588 3197 1643 3242 tu
1674 3193 1728 3244 in
1757 3207 1857 3257 me,
1885 3193 2014 3262 quia

439 3285 545 3329 tua:
580 3293 693 3328 sum
729 3277 985 3332 essentiw.
1021 3277 1110 3333 Sic
1144 3281 1256 3332 voto
1289 3291 1343 3332 ut
1377 3280 1433 3333 lii
1455 3297 1657 3350 quoque
1689 3284 1740 3335 in
1770 3286 2013 3339 unionem

438 3371 652 3423 adducti
699 3371 1085 3441 coujungantur
1133 3374 1387 3440 invicem;
1423 3385 1470 3428 et
1516 3386 1569 3428 ut
1615 3393 1776 3430 unum
1823 3394 2014 3449 corpus

439 3461 493 3513 in
525 3477 602 3514 me
638 3478 814 3516 omnes
843 3464 970 3528 sint,
999 3465 1134 3517 sicut
1169 3481 1272 3517 uno
1299 3467 1764 3534 eomprelteudeute
1800 3472 2008 3540 templo.

439 3552 585 3605 Llcm
634 3555 791 3605 etiam
839 3553 1005 3608 Isaias
1051 3555 1135 3610 his
1179 3556 1358 3609 verbis
1403 3557 1647 3612 asserit:
1683 3557 1824 3613 Puer
1855 3571 2012 3617 natus

438 3649 517 3693 est
544 3643 690 3693 nobis
716 3653 762 3695 et
788 3643 931 3709 ﬁiius
965 3645 1119 3696 datus
1147 3654 1223 3698 est
1245 3644 1392 3700 nobis
1419 3655 1465 3714 z;
1497 3656 1543 3701 et
1569 3647 1706 3703 Deus
1730 3659 1804 3704 est
1831 3662 2012 3718 potens

440 3748 501 3784 ac
531 3733 706 3798 fortis.
742 3733 857 3799 Qua
893 3749 1024 3802 puer
1055 3745 1138 3790 est
1169 3737 1323 3790 nobis
1357 3740 1832 3795 consubstantialis
1861 3759 1874 3795 :
1906 3757 2015 3810 qua

441 3838 573 3877 vero
604 3821 763 3888 Deus,
793 3823 938 3877 Patri
968 3837 1022 3878 et
1048 3837 1235 3880 sancto
1267 3825 1493 3895 Spiritui
1517 3831 2014 3887 consubstantialis.

443 3913 736 3984 Gregorius
783 3929 997 3984 quoque
1050 3911 1325 3988 Nyssenus
1376 3930 1571 3974 contra
1620 3921 2018 3990 Apollinarium

445 4009 732 4064 scribens:
767 4008 828 4064 Si
874 4012 1012 4065 enim
1060 4013 1112 4065 in
1160 4015 1462 4079 contrariis,
1497 4014 1692 4084 inquit,
1727 4018 2021 4085 proprieta-

445 4100 583 4153 tibus
629 4101 904 4170 utriusque
941 4105 1172 4156 cernitur
1219 4113 1432 4170 natura,
1467 4107 1667 4171 carnis,
1699 4105 1939 4175 inquam,
1971 4117 2018 4161 et

448 4191 763 4259 diuinitatis,
791 4193 1050 4261 quomodo
1075 4209 1180 4248 una
1204 4194 1354 4250 duo?

2113 3197 2293 3270 ῥητόν
2311 3198 2556 3265 Ὥσπερ,
2571 3194 2755 3265 φησὶν,
2779 3193 2892 3263 ἐγώ
2911 3194 3027 3262 ειμι
3042 3193 3113 3246 ἐν
3127 3191 3352 3256 αὐτοῖς,
3376 3189 3474 3242 διὰ
3490 3188 3558 3241 τὸ
3577 3187 3692 3251 τὴν

2109 3287 2304 3356 αὐτὴν
2337 3285 2541 3350 αὐτοῖς
2566 3283 2817 3353 φορέσαι
2849 3283 3066 3349 σάρκα,
3090 3280 3187 3334 καὶ
3211 3279 3314 3346 σὺ,
3339 3275 3387 3334 ὦ
3408 3277 3600 3344 Πάτερ
3622 3277 3690 3341 ⁷⁸,

2111 3379 2182 3432 ἐν
2225 3378 2375 3447 ἐμοὶ,
2421 3376 2519 3430 διὰ
2559 3375 2626 3429 τὸ
2664 3372 2818 3428 εἷναί
2850 3390 2926 3441 με
2958 3372 3070 3440 τῆς
3101 3371 3222 3439 σῆς
3261 3369 3498 3434 οὐσίας,
3539 3367 3696 3422 οὓτω

2115 3470 2407 3538 ϐούλομαι
2442 3468 2543 3522 ἵνα
2584 3466 2683 3520 καὶ
2723 3465 2890 3520 αὐτοὶ
2934 3467 3022 3529 εὶς
3049 3461 3306 3529 ἑνότητα
3350 3475 3487 3515 τινα
3538 3474 3694 3513 συν-

2109 3559 2394 3629 αχθέντες
2411 3558 2704 3624 ἀλλήλοις
2717 3555 3099 3622 ἀνακραθῶσι
3115 3554 3211 3606 καὶ
3221 3553 3422 3620 ὥσπερ
3440 3552 3510 3604 ἓν
3524 3552 3697 3620 σῶμα

2111 3652 2417 3721 γενόμενοι
2439 3649 2485 3680 ⁷³
2507 3648 2578 3702 ἐν
2602 3648 2730 3717 ἐμοὶ
2765 3648 2988 3711 πάντες
3013 3641 3185 3708 ὦσιν,
3215 3644 3294 3710 ὡς
3316 3642 3549 3708 πάντας
3586 3659 3694 3711 5:0-

2107 3741 2316 3812 ροῦντι
2351 3741 2450 3795 διὰ
2480 3738 2586 3794 τοῦ
2635 3739 2773 3805 ἐνὸς
2812 3736 3266 3806 ἀναληφθέντος
3293 3735 3466 3789 ναοῦ.
3510 3735 3697 3798 Ταῦτα

2115 3832 2171 3886 δὲ
2198 3832 2290 3886 καὶ
2319 3832 2347 3883 ό
2378 3832 2424 3863 ⁷⁸
2452 3832 2736 3901 προφήτης
2769 3830 2997 3892 Ἡσαΐας
3020 3830 3066 3861 ’⁵
3098 3828 3261 3898 φησὶν
3289 3829 3348 3880 ὲν
3379 3826 3459 3896 τῷ
3488 3827 3692 3892 λέγειν·

2116 3923 2365 3976 Παιδίον
2390 3921 2682 3990 ἐγεννήθη
2713 3920 2876 3990 ἡμῖν,
2915 3919 3047 3984 Υἱός
3072 3919 3170 3973 καὶ
3201 3917 3378 3985 ἐδόθη
3409 3918 3578 3986 ἡμῖν,
3599 3917 3699 3970 καὶ

2120 4015 2264 4079 Θεός
2286 4014 2455 4068 ἐστιν
2475 4013 2906 4078 ἐξουσιαστὴς,
2933 4012 3202 4079 ἰσχυρός⁹
3223 4012 3310 4066 διὰ
3339 4011 3438 4080 μὲν
3465 4011 3578 4078 γὰρ
3604 4007 3698 4061 τοῦ

2118 4105 2329 4158 παιδίον
2371 4105 2430 4158 τὸ
2459 4105 2588 4174 ἡμῖν
2614 4102 2922 4173 όμοούσιον,
2966 4103 3054 4158 διὰ
3088 4103 3146 4155 δὲ
3170 4101 3263 4156 τοῦ
3301 4101 3434 4165 Θεὸς
3465 4101 3528 4154 τὸ
3565 4100 3702 4172 πρὸς

2117 4199 2213 4250 τὸν
2241 4196 2459 4266 Πατέρα
2486 4197 2580 4249 καὶ
2610 4195 2671 4248 τὸ
2706 4194 2932 4265 Πνεῦμα
2959 4195 3223 4263 ἐκήρυξεν
3251 4194 3557 4264 ὁμοούσιον.
3592 4192 3703 4246 Καὶ

448 4283 478 4333 ὀ
520 4279 740 4350 Νύσσης
790 4280 866 4333 se.
893 4280 1194 4352 Γρηγόριος
1237 4284 1295 4335 ὲν
1334 4281 1413 4353 τῷ
1449 4283 1591 4336 κατὰ
1632 4282 2011 4357 Ἀπολιναριου
2050 4287 2274 4356 γράφων
2297 4301 2310 4314 ·
2343 4289 2414 4339 Ei
2452 4284 2661 4350 ἐντοῖς
2683 4285 3002 4350 ἐναντίοις,
3050 4286 3240 4354 φησιν,
3278 4285 3596 4354 ἱδιώμασιν
3661 4286 3701 4353 ὴ

445 4370 693 4438 θατέρου
747 4371 973 4424 τούτων
1019 4373 1314 4440 θεωρεῖται
1367 4373 1576 4440 φύσις,
1633 4373 1742 4443 τῆς
1785 4375 2016 4444 σαρκὸς
2045 4376 2198 4445 λέγω
2227 4374 2325 4429 καὶ
2354 4373 2464 4441 τῆς
2501 4375 2794 4441 θεότητος,
2823 4373 2951 4439 πῶς
2975 4373 3087 4441 μία
3114 4377 3174 4427 αἱ
3205 4373 3350 4436 δύο;

518 4466 644 4521 Haec
699 4483 856 4522 sacer
905 4467 1246 4534 Ephraemius
1289 4484 1611 4540 congerens,
1641 4471 1804 4539 impie
1855 4472 2005 4526 inter-

2199 4471 2383 4524 Ταῦτα
2414 4470 2583 4523 εἰπὼν
2617 4471 2646 4521 ὁ
2684 4469 2829 4541 ἱερὸς
2867 4469 3187 4539 Ἐφραίμος,
3219 4469 3493 4533 δυσσεϐῶς
3526 4472 3704 4540 ἑρμη-

447 4556 783 4624 pretantibus
832 4555 1046 4610 Domini
1102 4557 1265 4612 sociis
1320 4558 1448 4613 illud
1491 4576 1505 4614 :
1551 4559 1621 4613 Et
1661 4559 1918 4614 habitavit
1966 4563 2023 4614 in

448 4648 594 4701 nobis
627 4650 693 4702 ι’.
733 4648 853 4702 Illos
891 4650 1036 4704 enim
1062 4651 1410 4720 reprehendit
1438 4667 1453 4704 :
1485 4650 1620 4706 Nam
1653 4668 1750 4723 pro
1785 4652 1873 4707 Illo
1903 4666 1918 4706 ι
1955 4650 2022 4706 In

449 4747 588 4789 terra
620 4740 755 4792 visus
785 4748 882 4806 est,
909 4749 955 4794 et
996 4756 1116 4795 cum
1145 4741 1442 4796 hominibus
1483 4754 1821 4798 conversatus
1847 4753 1922 4797 est
1949 4755 1974 4782 τι
2003 4759 2018 4795 :

449 4843 636 4883 vocem
688 4843 944 4897 perverse
995 4832 1300 4899 intellexit,
1354 4834 1496 4889 hanc
1552 4834 1628 4888 illi
1685 4835 1950 4904 aequando
2006 4853 2020 4894 :

448 4916 546 4972 Lat
585 4921 837 4995 habitavit
866 4923 920 4976 in
967 4925 1172 4993 oppidis
1212 4927 1355 4981 circa
1396 4927 1710 4994 Jardauem,
1739 4936 1786 4981 et
1817 4928 2026 4980 habita.

449 5013 516 5064 vit
562 5012 614 5064 in
648 5013 892 5070 Sodomis
918 5017 989 5081 θ’,
1026 5027 1217 5074 taxans
1264 5020 1504 5090 ineptam
1554 5019 2020 5083 consecutionem.

452 5104 674 5158 verbum
724 5105 850 5159 illud
899 5106 1192 5174 Habitavit,
1241 5110 1517 5179 explanat,
1569 5110 2026 5179 interpretamen-

543 5250 570 5314 ξ
600 5240 727 5298 Luc.
757 5257 906 5314 xxiv,
941 5245 1031 5300 59.
1108 5254 1135 5282 ι
1168 5244 1323 5302 Joan.
1355 5263 1428 5314 IV,
1455 5248 1546 5304 24.

453 5317 501 5352 ⁸⁸
533 5311 666 5366 Gen.
699 5329 818 5377 xm,
850 5313 934 5367 12.

1660 5259 1688 5298 7
1716 5248 1874 5306 Joan.
1901 5263 2038 5315 xvu,
2069 5249 2160 5303 9.1.

2129 4562 2392 4616 νευόντων
2437 4560 2548 4614 τῶν
2594 4561 2722 4630 περὶ
2775 4559 2980 4631 Δόμνον
3024 4561 3086 4614 τὸ
3119 4559 3514 4627 Ἐσκήνωσεν
3549 4561 3598 4591 ⁷⁸
3637 4561 3708 4614 ἐν

2127 4652 2293 4720 ἡμῖν,
2316 4651 2666 4724 ἐπιρραπίζει
2707 4651 2806 4721 μὲν
2851 4651 3105 4714 τούτους⁹
3161 4652 3258 4705 καὶ
3297 4652 3405 4720 γὰρ
3447 4653 3572 4705 ἀντὶ
3613 4652 3705 4705 τοῦ

2129 4746 2262 4801 Ἐπὶ
2275 4744 2383 4815 γῆς
2399 4747 2443 4778 τι
2466 4747 2592 4815 ὡφθ
2599 4763 2632 4813 η
2644 4745 2741 4800 καὶ
2756 4745 2879 4812 τοῖς
2893 4744 3224 4814 ἀνθρώποις
3237 4744 3706 4813 συνανεστράφη

2132 4834 2476 4906 παρενόησάν
2514 4835 2613 4906 τὴν
2651 4835 2858 4902 φωνὴν,
2895 4835 2954 4886 ἐν
2989 4833 3089 4903 ῐσφ
3129 4832 3335 4902 ταύτην
3383 4833 3709 4902 νομίσαντες

2138 4927 2238 4997 τῆς
2273 4925 2555 4996 λέγουσης·
2602 4925 2732 4980 Λὼτ
2765 4925 2812 4958 ⁷⁸
2849 4925 3212 4994 ἐσκήνωσεν
3262 4925 3334 4980 ἐν
3387 4926 3567 4979 πόλει
3593 4925 3710 4978 τῶν

2133 5017 2496 5087 περιχώρωνο
2524 5019 2619 5070 καὶ
2658 5017 2841 5071 πάλιν·
2870 5017 3254 5084 Ἐσκήνωσεν
3290 5017 3362 5071 ἐν
3396 5016 3704 5087 Σοδόμοις.

2135 5107 2530 5180 Επιρῥαπίζων
2567 5108 2620 5160 δὲ
2649 5107 2745 5160 καὶ
2773 5107 2833 5160 τὸ
2858 5108 3084 5178 ἀνόητον
3128 5109 3228 5180 τῆς
3263 5108 3512 5179 ὲκδοχῆς,
3549 5109 3709 5172 αὐτὸς

2243 5259 2263 5286 ³
2301 5251 2404 5304 lsa.
2436 5265 2513 5316 ιιι,
2539 5247 2592 5305 6.
2671 5251 2717 5287 ι’
2746 5246 2902 5303 Joan.
2933 5263 2971 5315 t,
3002 5248 3088 5304 M.
3168 5260 3196 5288 α
3229 5248 3464 5302 Baruch.
3499 5263 3582 5314 ιιι,
3617 5245 3706 5301 58.

1739 5411 1973 5468 \‘ARIIE
2003 5410 2296 5470 LECTION
2306 5409 2406 5464 ES.

525 5505 571 5535 σε
612 5504 771 5575 ψηλ.]
833 5507 962 5558 an.
1013 5521 1165 5572 xxrv,
1207 5506 1297 5562 '59.

456 5574 499 5628 Α
526 5591 548 5646 ξ
577 5576 687 5646 γάρ
713 5574 860 5628 ἐστιν
884 5593 944 5638 ς·.
1020 5575 1204 5646 "'_i’va\

459 5641 615 5695 τοῦτο
642 5644 697 5696 δὲ
729 5661 788 5708 ς.
866 5648 910 5678 ⁷⁸
945 5643 1092 5716 Ὶνισ.]
1120 5647 1174 5712 9,
1197 5641 1250 5701 6.
1328 5650 1372 5680 ⁷⁸
1401 5641 1566 5704 ιιυιιιι.
1590 5663 1630 5712 ι,
1668 5650 1752 5704 14.

1403 5510 1446 5541 ⁸⁷
1477 5508 1715 5581 πνεῦμα]
1751 5511 1822 5563 l0.
1848 5511 1912 5581 λι,
1943 5509 2034 5565 24.

1257 5576 1390 5634 Joan
1440 5595 1572 5643 xvu,
1603 5574 1715 5633 ﬁt:
1770 5581 1814 5611 τ’
1843 5574 1888 5632 ὦ
1919 5581 2094 5648 πάτερ
2131 5579 2170 5631 Λ
2207 5574 2433 5646 Ξῶσπερ
2471 5591 2530 5638 ς.

1328 5650 1372 5680 ⁷⁸
1401 5648 1554 5704 Joun.
1590 5663 1630 5712 I,
1668 5650 1752 5704 t—i.
1869 5651 1914 5682 ⁷⁷
1938 5648 2175 5720 ὲπίγῆς]
2212 5649 2329 5704 Bar.
2367 5662 2448 5714 ιιι,
2499 5645 2587 5700 58.

2137 5509 2182 5540 εθ
2210 5507 2344 5580 μηδὲ
2377 5507 2415 5559 Α
2451 5521 2463 5557 :
2499 5502 2572 5574 μὴ
2609 5519 2670 5580 ς.
2767 5501 2810 5580 οξ
2837 5502 2869 5570 ἡ
2898 5499 3057 5555 οὐσία
3091 5499 3344 5580 σιξνθετος
3373 5519 3459 5580 ςίι
3531 5501 3708 5580 ⁷⁸-Γρρ

2609 5573 2652 5605 ⁷⁸
2683 5569 2972 5640 γενόμενον
3003 5589 3063 5634 ς.
3138 5571 3187 5602 ⁷⁴
3219 5570 3390 5626 ταῦτα
3417 5572 3472 5626 δὲ
3504 5573 3598 5627 καὶ
3622 5573 3662 5625 Α
3682 5569 3700 5623 ξ

2131 5579 2170 5631 Λ
2207 5579 2433 5646 εῶσπερ
2471 5591 2530 5638 ς.
2609 5579 2652 5605 ⁷⁸
2683 5579 2972 5640 γενόμενον
3003 5589 3063 5634 ς.
3138 5579 3187 5602 ⁷⁸

2131 5648 2175 5707 ;l
2212 5649 2329 5704 Bar.
2367 5662 2448 5707 ιιι,
2499 5645 2587 5700 58.
2682 5646 2730 5677 ⁷³
2797 5621 2939 5696 Cen.
2972 5655 3088 5707 VIII,
3119 5640 3207 5696 t2.
