3964 6246
274 282 381 347 993
1319 276 1839 338 BIBLIOTHECA.

1971 276 2133 338 COD.
2164 278 2469 342 CCXXIX.
2736 334 2737 337 η
3433 294 3536 359 994

270 394 352 459 τὸ,
377 390 757 456 ἐσκήνωσεν,
793 386 1129 441 ἀναπτύσσει
1163 388 1461 457 σαφήνειαν
1498 382 1636 441 εἶναι
1650 386 1766 452 τοῦ,
1804 385 1835 439 ⁸(

1974 395 2077 440 tum
2119 401 2239 443 esse
2278 387 2438 455 ejus:
2477 388 2700 445 Verbum
2740 409 2864 446 rma
2893 398 3092 464 factum
3124 405 3220 462 est,
3254 407 3310 452 et
3358 415 3539 469 repre-

271 485 463 552 Λόγος
488 480 649 549 σὰρξ
693 479 952 551 ἐγένετο,
1000 476 1093 530 καὶ
1120 477 1339 548 ἔλεγχον
1362 478 1468 532 τῶν
1496 480 1703 550 τροπήν
1732 494 1836 533 τινε

1978 480 2274 534 iensionem
2299 483 2654 538 mutationem
2680 496 2842 555 atque
2866 488 3245 542 alteratiouem
3271 487 3429 545 Verbi
3458 508 3540 546 ac-

270 576 363 627 καὶ
414 573 704 627 ἀλλοίωσιν
750 571 847 625 τοῦ
904 570 1079 638 Λόγου
1138 570 1440 640 μελλόντων
1499 572 1835 641 κατηγορεῖν

1975 572 2245 626 :nsaluris.
2280 573 2421 629 Dicit
2447 577 2589 631 enim
2626 579 2993 649 evangelista:
3036 578 3255 634 Verbum
3296 598 3420 635 caro
3455 583 3540 650 fa-

270 667 399 738 [805
451 665 546 735 IL]
572 666 680 719 Καὶ
720 664 829 734 γὰρ
867 663 1087 717 εἰπὼνὸ
1126 662 1541 734 εύαγγελιστής·
1587 662 1653 717 '0
1670 663 1835 728 λόγος

1975 672 2089 715 vlunt
2109 673 2206 729 est,
2227 666 2407 721 statim
2431 670 2634 735 subdit,
2658 668 2721 722 Et
2743 670 2996 725 habitarit
3018 673 3072 726 in
3097 674 3277 739 nobis;
3302 674 3355 728 in
3380 690 3540 729 uuam

268 756 428 825 σὰρξ
465 755 722 825 ἐγένετο,
754 755 919 819 εὐθὺς
972 755 1198 826 συνῆψε,
1235 755 1345 811 Καὶ
1382 755 1739 823 ἐσκήνωσεν
1781 754 1833 808 ἐν

1977 768 2247 810 iersouam
2281 768 2626 828 conventum,
2660 773 2713 817 et
2757 765 2878 818 inde
2904 767 3218 821 mutabilem
3255 780 3542 838 utramque

266 849 435 917 ἡμῖν,
475 850 572 918 τήν
605 865 665 900 τε
709 849 791 911 εἰς
844 848 973 917 μίαν
1022 847 1323 901 ὑπόστασιν
1379 846 1599 900 σύνοδον
1640 846 1735 899 καὶ
1792 846 1831 899 τε

1973 856 2207 904 iaturam
2256 860 2489 923 utraque
2538 856 2819 926 explicans
2859 874 3014 915 voce.
3064 860 3157 915 Sic
3202 860 3538 929 Scriptorum

268 940 646 1011 ἀμετάϐλητον
683 940 783 1011 τῆς
825 940 873 972 ⁷³
929 939 1195 1009 ἑκατέρας
1235 937 1453 1009 φύσεως
1480 940 1547 991 δι’
1586 937 1833 1009 ἑκατέρας

1978 943 2374 1013 rontemplatus,
2394 944 2843 1017 Clirysosiomum
2866 960 3057 1004 testem
3079 953 3319 1018 adhibet,
3335 962 3389 1007 et
3408 968 3543 1021 prae-

269 1032 607 1086 ἐκδιδάσκων
643 1034 849 1104 φωνῆς.
884 1033 1041 1086 Οὕτω
1084 1033 1147 1085 τὸ
1186 1033 1378 1099 Δὸγιον
1414 1032 1725 1103 θεωρήσας,
1760 1030 1834 1083 τόι

1972 1048 2106 1089 Lerea
2125 1033 2410 1105 Cyrillum,
2428 1040 2806 1105 Athanasium,
2828 1040 2868 1095 (ἶ
2882 1044 3150 1111 regorium
3181 1041 3537 1113 'l‘beologum.

264 1143 324 1178 τε
377 1128 768 1197 Χρυσόστομου
821 1129 1075 1200 μάρτυρα
1118 1127 1274 1181 καλεῖ
1301 1127 1394 1180 καὶ
1418 1126 1515 1181 σὺν
1555 1126 1712 1197 αύτῷ
1757 1124 2025 1199 Κύριλλον
2098 1130 2195 1185 καὶ
2260 1132 2583 1189 Ἀθανάσιον
2632 1135 2851 1189 καὶτὸν
2891 1137 3152 1206 Θεολόγον
3217 1140 3537 1212 Γρηγόριον,

267 1221 668 1292 παραπλησίως
685 1222 745 1274 τὸ
781 1222 945 1292 ῥητὸν
975 1222 1360 1291 ὲννοήσαντας.
3014 1276 3015 1281 η

337 1313 608 1366 Κάκεῖθεν
672 1312 833 1365 πάλιν
884 1311 1122 1382 παράγει
1166 1310 1327 1382 ῥητὰ,
1378 1305 1453 1363 ὧν
1504 1311 1709 1381 Δόμνος
1754 1312 1850 1365 καὶ

2026 1310 2159 1365 liinc
2189 1326 2403 1365 rursum
2442 1314 2587 1366 dicta
2616 1312 2792 1376 aﬂ‘ert.
2827 1330 3057 1384 quorum
3094 1326 3347 1375 auctores
3382 1322 3539 1376 Dom-

266 1404 525 1473 Ἰωάννης
549 1404 893 1474 γεννήτορες,
914 1404 1009 1457 καὶ
1030 1403 1304 1457 δείκνυσιν
1326 1403 1522 1465 αὐτοὺς
1547 1403 1614 1456 δι’
1641 1402 1831 1456 ὲαυτῶι

2004 1417 2056 1455 :is
2098 1411 2149 1454 et
2178 1400 2373 1473 256!)
2413 1401 2669 1468 Joannes,
2726 1414 2780 1460 et
2834 1408 3071 1462 ostendit
3110 1408 3251 1477 ipsos
3311 1426 3407 1481 per
3458 1397 3569 1478 se,’

264 1497 360 1547 καὶ
394 1495 629 1557 ἄκοντας
671 1495 956 1563 ὁμολογεῖν
999 1495 1058 1547 ὲν
1096 1497 1210 1558 τοῖς
1245 1494 1519 1558 πλείστοις
1551 1494 1587 1548 ὃ.
1611 1495 1707 1548 καὶ
1731 1497 1763 1565 ὴ
1790 1498 1829 1548 ἐπ

1971 1490 2113 1543 :tiam
2151 1491 2370 1553 invitos,
2410 1490 2571 1546 lateri
2630 1494 2769 1548 inter
2826 1495 3044 1561 multos,
3089 1514 3209 1567 quae
3269 1501 3322 1553 iu
3382 1516 3536 1558 sacra

263 1586 572 1656 Καλχηδόνι
598 1585 819 1649 ἐδόξασε
850 1585 1086 1650 συνόδος,
1112 1586 1205 1639 καὶ
1231 1585 1407 1656 μάτην
1430 1587 1626 1650 αὐτοὺς
1646 1586 1828 1656 ταύτηε

1972 1577 2383 1634 Ilialcedouensi
2415 1583 2623 1651 synodo
2650 1584 2861 1638 decreta
2904 1595 3050 1650 sunt,
3093 1599 3146 1640 et
3186 1597 3387 1643 temere
3422 1591 3537 1647 hmc

260 1677 651 1745 ἐκτρέπεσθαι.
708 1677 781 1730 Τὸ
818 1677 1001 1748 μέντοι
1022 1677 1202 1744 λέγειν
1232 1678 1297 1728 ὲκ
1333 1676 1427 1729 δύο
1456 1676 1668 1746 φύσεων
1709 1672 1824 1729 εἶνα

1974 1686 2103 1740 psos
2135 1673 2426 1728 invertere.
2461 1673 2590 1727 Illud
2626 1677 2847 1745 quidem
2876 1691 3137 1743 asserere,
3167 1678 3352 1735 Jesum
3388 1682 3539 1738 Cbri-

258 1774 356 1825 τὸν
395 1770 606 1841 Κύριον
636 1768 792 1839 ἡμῶν
828 1767 1038 1839 Ἰησοῦν
1064 1766 1309 1839 [42211.]
1340 1767 1575 1838 Χριστὸν
1615 1767 1721 1838 πρὸ
1748 1767 1823 1837 rip

1973 1771 2096 1817 itum
2132 1778 2162 1818 e
2188 1764 2391 1821 duabus
2448 1768 2658 1822 naturis
2693 1778 2947 1823 constare
3007 1770 3170 1825 etiam
3225 1783 3351 1828 ante
3384 1776 3538 1829 unio-

266 1834 519 1925 ὲνώσεως
570 1834 853 1925 παντελῶς
892 1834 1106 1931 ἐλέγχει
1150 1834 1416 1929 μετὰ-τῆς
1454 1834 1707 1922 ἀσεϐείας
1752 1834 1831 1911 καλ

1970 1870 2105 1920 nem,
2160 1856 2382 1927 impium
2421 1859 2635 1927 penitus
2690 1866 2744 1914 et
2798 1862 3091 1915 absurdqu
3123 1878 3245 1918 esse
3278 1865 3535 1919 declarat.

257 1954 477 2023 ἄλογον.
522 1954 585 2006 Ἦ
614 1954 713 2024 μὲν
743 1952 853 2023 γάρ
896 1951 993 2005 τοῦ
1021 1949 1213 2021 Λόγοιί
1253 1952 1413 2020 φύσις
1439 1950 1549 2017 ἀεὶ,
1580 1952 1723 2005 καθὰ
1752 1969 1821 2004 κα

1972 1945 2187 2017 Semper
2231 1950 2375 2003 enim
2410 1949 2570 2004 Verbi
2612 1962 2803 2004 natura
2836 1962 2889 2005 et
2921 1953 3087 2007 veluti
3120 1965 3241 2023 post
3282 1955 3537 2011 incarna-

260 2045 404 2115 μετὰ
428 2044 528 2115 τὴν
556 2042 972 2113 ὲνανθρὼπησιν
999 2041 1070 2109 ⁸ο,
1111 2042 1382 2103 ωναῖδιος
1421 2042 1515 2095 καὶ
1560 2041 1825 2109 ὁμοούσιοε

1972 2039 2154 2093 ,iouem
2190 2048 2461 2095 eoaeterua
2501 2043 2644 2095 Patri
2675 2051 2730 2097 et
2758 2045 3240 2101 consubstantialis
3276 2046 3399 2101 fuit.
3430 2046 3537 2103 Sed

258 2136 479 2207 ὑπῆρχε
513 2134 590 2205 τῷ
632 2133 807 2205 Πατρί
830 2149 842 2163 ·
898 2135 931 2203 ὴ
953 2133 1011 2187 δὲ
1044 2132 1180 2207 σὰρξ
1228 2131 1381 2186 οὕπω
1430 2132 1507 2203 τῷ
1538 2132 1697 2202 Λόγῳ
1730 2149 1823 2186 συν

1966 2144 2231 2199 nunquam
2264 2146 2391 2187 caro
2452 2134 2625 2188 Verbo
2658 2136 2830 2201 unita,
2888 2152 3064 2205 neque
3121 2140 3531 2196 subsistentium

255 2227 501 2298 αφθείσα
537 2226 659 2279 οὐδὲ
691 2226 797 2278 τῶν
833 2225 1188 2296 ὑπαρχόντων
1216 2224 1354 2288 ὅλως
1379 2219 1468 2295 ἦν.
1503 2224 1627 2286 Πῶς
1647 2223 1762 2287 οὖν,
1796 2241 1820 2276 ε

1964 2220 2159 2291 integre
2187 2232 2322 2277 erat.
2356 2224 2640 2289 Quomodo
2665 2226 2853 2295 igitur,
2896 2229 2999 2282 nisi
3029 2230 3153 2298 quis
3188 2246 3308 2284 cum
3340 2231 3529 2287 Nesto-

262 2319 341 2389 μή
367 2336 452 2380 τις
494 2317 669 2369 ἕλοιτο
716 2316 998 2387 Νεστορίῳ
1045 2316 1387 2377 συνασεϐεἰν.
1420 2318 1484 2369 ὲκ
1508 2316 1601 2370 δύο
1630 2315 1827 2385 φύσεωπ

1969 2314 2037 2369 "io
2068 2314 2290 2379 sentiat,
2324 2316 2436 2370 ﬁeri
2461 2326 2639 2381 potest
2668 2332 2699 2373 e
2722 2320 2932 2373 duabus
2960 2321 3190 2386 naturis,
3246 2332 3534 2393 antequam

255 2411 350 2464 τὸν
390 2409 598 2481 Κύριον
643 2409 750 2480 πρὸ
788 2408 886 2478 τῆς
937 2406 1463 2479 ἐνανθρωπήσεωςῆ
1504 2410 1640 2461 νοεῖν
1678 2409 1710 2477 ἢ
1755 2407 1820 2461 λέ

1975 2414 2351 2470 ucaruaretur,
2404 2404 2688 2459 Dominum
2723 2409 2963 2473 cogitare
2996 2409 3075 2462 vel
3109 2409 3290 2464 dicere
3338 2429 3351 2465 :
3388 2412 3534 2480 pium

254 2519 377 2571 γειν
410 2501 673 2567 δυνατόν;
720 2500 781 2553 τὸ
828 2501 1012 2570 μέντοι
1038 2516 1101 2568 γε
1135 2500 1274 2570 μετὰ
1305 2499 1403 2570 τὴν
1438 2500 1631 2552 ἕνωσιν
1668 2500 1819 2567 λέγει

1972 2495 2172 2563 ιιιίόεηι
2206 2507 2291 2551 est
2315 2506 2369 2551 et
2400 2498 2759 2552 ortliodoxum
2788 2511 2907 2569 post
2940 2502 3193 2555 unionem
3215 2503 3325 2572 jam
3353 2517 3384 2558 e
3413 2505 3537 2558 dna-

252 2596 323 2651 ὔκ
370 2595 468 2647 δύο
517 2594 754 2661 φύσεων,
822 2591 1012 2661 ὥσπερ
1061 2592 1157 2645 καὶ⁵
1191 2593 1249 2644 ὲν
1292 2591 1435 2655 δυσὶ,
1472 2591 1563 2643 τὸν
1611 2591 1817 2662 Χριστὸπ

1968 2601 2058 2641 )us
2096 2587 2310 2642 naturis
2375 2588 2581 2642 factum
2643 2590 2842 2655 dicere,
2904 2595 3359 2661 quemadmodum
3410 2608 3533 2648 eum

256 2687 489 2757 θεωρεῖν
545 2684 768 2747 εύσεῆἐς
802 2700 862 2736 τε
892 2682 987 2736 καὶ
1015 2682 1124 2736 τῶν
1162 2682 1460 2753 ὀρθοδόξων
1499 2683 1781 2753 φρόνημα,
1814 2683 1821 2731 ἑ

1963 2677 2209 2735 vidimus.
2241 2676 2353 2734 Hoc
2386 2691 2440 2733 et
2458 2690 2865 2735 sacrosanctum
2899 2684 3189 2737 concilium
3224 2683 3528 2739 Chalcedo-

254 2782 353 2833 καὶ
384 2782 419 2851 ἡ
451 2780 509 2832 ὲν
548 2776 855 2846 Χαλκηδόνι
881 2774 1218 2846 ἐπρέσϐευσε
1246 2774 1463 2837 σύνοδος
1487 2790 1501 2803 ο
1539 2775 1596 2826 ὲν
1629 2773 1819 2843 θεότητ

1964 2784 2121 2825 sense
2152 2770 2462 2837 conﬁrmat,
2516 2772 2667 2827 clare
2700 2781 2748 2826 et
2798 2774 3077 2829 evidenter
3124 2777 3438 2839 ostendens,
3474 2776 3529 2830 in

252 2876 373 2941 γὰρ
398 2871 606 2923 τέλειον
629 2869 719 2923 τὸν
760 2864 996 2938 Χριστὸν
1043 2867 1138 2919 καὶ
1170 2866 1303 2919 Θεὸν
1334 2868 1491 2936 ἡμῶν
1529 2865 1621 2920 καὶ
1660 2866 1718 2919 ὲν
1744 2868 1809 2921 ἀν

1964 2861 2237 2915 divinitate
2262 2862 2560 2930 perfectum
2592 2862 2872 2918 Christum
2905 2874 2960 2918 et
2996 2865 3049 2919 iu
3081 2865 3438 2921 humanitate.
3472 2866 3529 2921 Si

257 2962 576 3031 θρωπότητι
632 2959 848 3031 τρανῶς
906 2956 1267 3028 ἁνεκήρυξεν.
1307 2958 1369 3010 Ei
1424 2957 1481 3009 δέ
1508 2972 1593 3019 τις
1644 2957 1822 3028 μέρους

1964 2953 2073 3021 quis
2142 2969 2307 3022 porro
2357 2954 2682 3011 Severianus
2742 2956 2942 3010 dixerit
2997 2957 3133 3010 duas
3187 2966 3412 3012 naturas
3479 2959 3529 3012 in

261 3056 375 3109 τῶν
414 3036 797 3124 ἀπὸῖἰεϐήρου
833 3052 967 3122 φαίη
1003 3052 1079 3115 ὡς
1111 3052 1162 3104 εἰ
1212 3050 1258 3081 ⁸¹
1301 3049 1394 3103 δύο
1433 3049 1623 3119 φύσεις
1669 3050 1727 3103 ὲν
1764 3050 1826 3119 τᾷ

1965 3045 2176 3100 Christo
2206 3048 2342 3101 duas
2365 3062 2632 3116 personas
2682 3048 3032 3114 constituere,
3086 3057 3139 3103 et
3189 3051 3530 3119 hyposmses,

257 3145 508 3219 Χριστῷ,
554 3146 647 3198 καὶ
695 3145 963 3212 πρόσωπα
992 3143 1087 3196 δύο
1116 3142 1269 3195 ἔσται
1298 3141 1345 3173 ⁸³
1394 3143 1487 3194 καὶ
1517 3141 1822 3196 ὑποστάσειι

1965 3147 2147 3191 natura
2178 3139 2321 3191 enim
2347 3139 2465 3193 sine
2519 3154 2753 3208 persona
2784 3156 2888 3193 non
2920 3150 3022 3205 est,
3055 3156 3231 3211 neque
3261 3159 3365 3197 non
3404 3148 3530 3197 sub-

257 3242 446 3309 (φύσις
477 3237 587 3307 γὰρ
608 3236 707 3290 οὐκ
735 3235 885 3288 ἔστιν
913 3235 1247 3305 ἁπρόσωπος
1278 3233 1399 3285 οὐδὲ
1422 3232 1815 3300 ἀνυπόστατος)

1967 3231 2147 3285 ιίειεηε
2188 3248 2201 3283 :
2253 3230 2431 3284 sciant
2462 3230 2641 3286 Patris
2665 3232 2745 3286 sui
2779 3232 3164 3301 impudentiam
3196 3234 3532 3290 absconden-

258 3334 501 3385 ἴστωσαν
534 3330 615 3382 ὅτι
673 3327 767 3381 τοῦ
820 3326 1032 3398 Πατρὸς
1072 3326 1249 3379 αὐτῶν
1298 3326 1399 3395 τὴν
1452 3324 1823 3395 ἀσχημοσύνηε

1971 3335 2050 3384 es,
2084 3335 2187 3375 non
2213 3330 2388 3375 tamen
2414 3338 2625 3387 sapere.
2660 3323 2869 3378 Etenim
2905 3325 3140 3377 Severus
3174 3340 3277 3378 non
3313 3325 3532 3379 erubuit

256 3419 738 3480 ἀνακαλύπτοντες
776 3416 879 3470 οὐκ
928 3415 1274 3469 αἰσθάνονται
1301 3430 1315 3444 ⁸
1360 3415 1457 3469 καὶ
1484 3415 1593 3486 γάρ
1619 3415 1714 3467 καὶ
1744 3415 1821 3467 Σε‹

1964 3427 2217 3481 :xponere
2254 3424 2309 3467 et
2352 3415 2743 3479 demonstrare,
2784 3430 2813 3468 e
2843 3415 3051 3468 duabus
3077 3418 3308 3477 naturis,
3342 3429 3529 3483 perso-

255 3510 425 3581 ὖῆρος
452 3508 536 3578 ίτὺ
565 3509 629 3560 ὲκ
672 3506 765 3560 δύο
802 3504 1018 3574 φύσεων
1062 3502 1256 3571 λέγων’
1283 3503 1348 3556 ἐκ
1392 3502 1487 3557 δύο
1534 3502 1820 3574 προσώπω

1963 3504 2049 3570 iis,
2077 3504 2563 3575 liypostasibusque
2589 3504 2796 3559 duabus
2819 3504 3094 3560 Christum
3120 3507 3390 3574 componi.
3416 3506 3528 3561 Nisi

256 3606 356 3655 καὶ
393 3600 489 3655 δύο
528 3597 882 3653 ὑποστάσεων
937 3596 1029 3650 τόν
1055 3595 1290 3665 Χριστὸν
1327 3596 1428 3649 οὐκ
1455 3595 1683 3667 ἐρυθριᾷ
1716 3612 1821 3647 συν-

1955 3597 2086 3665 quod
2116 3598 2399 3651 sciendum
2432 3597 2521 3659 sit,
2552 3597 2752 3663 saepius
2782 3597 2834 3651 in
2865 3596 3083 3651 entibus
3109 3606 3361 3651 naturam
3392 3598 3520 3663 dici,

254 3692 468 3745 τιθέναι
498 3691 592 3745 καὶ
630 3688 1052 3758 ἀποφαίνεσθαι.
1104 3686 1252 3755 Πλὴν
1285 3685 1487 3739 εἰδέναι
1516 3704 1580 3754 γε
1624 3685 1728 3757 χρὴ
1765 3685 1819 3737 ὠ.

1960 3702 2049 3741 ιοιι
2084 3688 2391 3743 necessario
2432 3696 2609 3742 tamen
2648 3687 2840 3741 adduci
2887 3697 2942 3742 et
2994 3704 3302 3757 personam,
3362 3688 3525 3744 veluti

255 3784 430 3837 πολλὰ
489 3782 598 3836 τῶν
651 3784 709 3836 ὲν
761 3782 874 3844 τοῖς
916 3773 1035 3833 οὖσι
1101 3779 1264 3848 φύσις
1314 3780 1412 3849 μὲν
1446 3777 1684 3847 λέγεται,
1740 3777 1820 3831 ot'n

1961 3798 2095 3852 iqua:
2120 3794 2330 3849 natura,
2355 3784 2470 3848 iraa,
2504 3782 2652 3848 belli,
2684 3798 2999 3854 pugnaeque.
3030 3782 3154 3849 Ubi,
3193 3798 3397 3853 quaeso,
3422 3783 3526 3837 ali-

254 3875 320 3939 ὲξ
378 3876 626 3943 ἀνάγκης
671 3873 727 3926 δὲ
771 3872 1082 3941 συνεισάγει
1119 3870 1216 3925 καὶ
1270 3870 1589 3941 πρόσωπον,
1651 3868 1819 3939 ὥσπεε

1961 3874 2066 3942 [uis
2106 3889 2135 3927 e
2169 3873 2443 3942 praedictis
2481 3884 2539 3928 ut
2572 3883 2825 3928 naturam
2878 3877 2948 3928 ita
3005 3889 3291 3942 personam
3326 3883 3526 3927 temere

256 3967 420 4035 φύσις
466 3965 658 4028 ὕδατος
696 3966 807 4033 imi.
863 3963 1027 4033 φύσις
1065 3959 1234 4033 ὀργῆς
1264 3962 1360 4016 καὶ⁵
1390 3963 1549 4031 φύσις
1599 3960 1821 4032 πολέμοι

1961 3964 2274 4034 ippellavit?
2324 3973 2377 4020 et
2426 3980 2665 4031 rursum,
2714 3966 2943 4020 dicimus
2982 3964 3221 4034 singulos
3277 3964 3526 4021 homines

256 4059 354 4111 καὶ
384 4058 566 4127 μάχης
591 4073 606 4087 ο
634 4056 738 4109 ποῦ
761 4056 870 4127 γάρ
895 4072 980 4118 τις
1002 4053 1113 4107 τῶν
1134 4054 1441 4125 εἰρημένων
1472 4052 1626 4118 ποτὲ,
1651 4053 1821 4124 ὥσπεε

1959 4058 2137 4112 mimae
2170 4066 2444 4122 naturam,
2480 4068 2531 4112 et
2566 4068 2815 4111 naturam
2845 4058 3088 4126 corporis
3112 4056 3315 4111 habere
3353 4075 3366 4111 :
3401 4058 3524 4111 ani-

255 4145 380 4204 εἷπε
425 4148 610 4218 φύσιν,
654 4146 799 4201 οἱτω
837 4151 934 4200 καὶ⁵
975 4143 1288 4217 πρὼσωπον
1348 4145 1697 4217 ἁπελήρησε;
1746 4146 1820 4198 κα¹

1958 4164 2043 4203 me
2098 4158 2282 4205 autem
2336 4163 2625 4219 personam
2654 4158 2711 4203 et
2751 4150 3019 4218 corporis,
3056 4148 3141 4203 vel
3168 4149 3365 4202 animae
3395 4148 3523 4203 sub-

256 4242 421 4297 πάλιν
451 4241 615 4311 φύσιν
652 4240 752 4310 μὲν
784 4239 964 4310 ψυχῆς
991 4238 1085 4292 καὶ
1120 4236 1280 4308 φύσιν
1324 4236 1572 4307 σώματος
1606 4236 1821 4290 ἓκαστοη

1955 4241 2273 4310 iisteutiam,
2296 4242 2381 4297 vel
2412 4242 2653 4311 corporis
2695 4242 2916 4305 habere,
2950 4257 3016 4296 ne
3062 4240 3256 4296 fabula:
3304 4241 3520 4311 quidem

254 4333 363 4387 τῶν
386 4330 694 4405 ἀνθρώπων
713 4329 861 4399 ἔχειν
886 4328 1121 4398 λέγομεν
1146 4343 1162 4359 ο
1192 4327 1485 4398 πρόσωπον
1515 4326 1571 4380 δὲ
1593 4326 1769 4398 ψυχῆς
1800 4326 1833 4398 ἢ
1941 4332 2236 4389 ﬁnxerunt.

257 4424 550 4496 πρόσωπον
604 4421 875 4492 σώματος,
918 4419 1185 4492 ῆ’ψυχῆς
1220 4420 1521 4475 ὑπόστασιν
1572 4420 1606 4491 ἢ
1654 4419 1837 4491 σώμα-

255 4530 343 4580 τος
373 4514 484 4568 οὐδ’
511 4516 561 4569 οἱ
608 4513 768 4584 μῦθοι
798 4513 1201 4568 ἀνεπλάσαντο.
1858 4507 1914 4568 D

354 4607 453 4660 Οτι
479 4605 538 4658 δὲ
561 4604 654 4657 δύο
676 4604 890 4673 φύσεων
914 4604 1108 4657 ἕνωσιν
1133 4603 1228 4657 καὶ
1251 4601 1380 4673 μίαν
1410 4601 1707 4655 ὑπόστασιν
1738 4602 1834 4655 καὶ

2014 4596 2120 4650 Sed
2151 4595 2377 4649 duarum
2401 4599 2719 4645 naturarum
2759 4601 3035 4649 unionem,
3074 4598 3234 4639 unam
3267 4585 3510 4655 byposta-

257 4696 549 4769 πρόσωπον
566 4695 623 4748 ἒν
644 4694 923 4766 ὁμολογεῖν
940 4693 1033 4747 τοῦ
1052 4693 1213 4765 ὀρθοῦ
1237 4690 1584 4764 φρονήματός
1600 4693 1716 4744 ἐστι
1740 4692 1822 4744 καὶ

1948 4687 2050 4749 sin,
2084 4697 2357 4753 unamque
2387 4694 2676 4753 personam
2729 4677 3006 4744 conﬁteri,
3036 4676 3197 4746 idque
3231 4680 3374 4745 plum
3410 4686 3513 4741 est,

255 4766 362 4843 των
398 4787 667 4858 Πατέρων
716 4786 979 4858 κήρυγμα
1000 4828 1017 4853 ,
1062 4784 1313 4855 Ἰωάννης
1346 4784 1444 4855 μὲν
1470 4785 1498 4837 ὁ
1526 4783 1820 4854 Χρυσόστο-

1951 4791 2091 4848 eque
2122 4786 2434 4833 sanctorqu
2460 4773 2683 4828 Patrum
2714 4770 3007 4825 sententia.
3062 4766 3300 4823 Joannes
3344 4766 3516 4838 Chry-

260 4898 391 4953 μος,
412 4879 473 4932 τὸ
496 4879 641 4933 κατὰ
679 4877 929 4948 Ἰωάννην
968 4874 1329 4930 ἀναπτύσσων
1364 4873 1731 4943 Εύαγγέλιον,
1774 4874 1825 4927 ὲν

1947 4878 2208 4925 sostomus
2263 4866 2479 4935 quidem
2531 4861 2755 4918 Joannis
2807 4860 3148 4929 evangelium
3212 4873 3512 4929 exponens,

255 4949 522 5043 ἑνδεκάτῃ
548 4970 736 5041 ὁμιλία
770 4970 1067 5039 μαρτυρεῖ,
1088 4968 1265 5035 λέγων
1285 4983 1298 4997 ⁸
1332 4964 1579 5020 Ἑνώσει
1618 4964 1715 5017 καὶ
1758 4961 1820 5031 τῇ

1945 4959 2219 5015 undecima
2252 4955 2471 5011 ltomilia
2500 4955 2581 5010 sic
2606 4953 2768 5009 habet
2799 4969 2812 5005 :
2852 4949 3054 5004 Unione
3075 4960 3126 5005 et
3147 4951 3510 5020 conjunctione

255 5066 557 5134 συναφείᾳ
569 5062 639 5117 ἓν
652 5062 821 5116 ἐστιν
836 5064 867 5115 ό
884 5061 1026 5127 Θεὸς
1039 5060 1191 5130 Λόγο
1199 5082 1229 5126 ς
1240 5059 1337 5113 καὶ
1350 5059 1387 5126 ἠ
1408 5058 1586 5126 σὰρξ,
1601 5059 1673 5111 οὺ
1687 5071 1820 5125 συγ-

1946 5051 2079 5106 Deus
2120 5049 2345 5104 Verbum
2376 5060 2423 5103 et
2453 5063 2578 5102 caro
2608 5062 2771 5100 unum
2796 5054 2941 5110 sunt,
2972 5044 3119 5098 nulla
3150 5044 3293 5112 facta
3327 5045 3511 5114 confu-

254 5159 491 5227 χύσεως
518 5155 845 5225 γενομένης
887 5152 1029 5207 οὐδὲ
1053 5152 1396 5222 ἀφανισμοῦ
1421 5150 1539 5205 τῶν
1582 5148 1819 5205 οὐσιῶν.

1947 5145 2105 5208 sione,
2167 5142 2416 5209 nullaque
2480 5137 2899 5193 substantiarum
2955 5137 3285 5203 corrupione.
3348 5134 3512 5204 quue

255 5225 364 5300 lini.
394 5246 662 5317 Κύριλλος
684 5246 740 5299 δὲ
767 5247 824 5298 ὲν
847 5247 913 5315 τῇ
947 5244 1083 5316 πρὸς
1127 5244 1499 5307 Ἀνατολικοὺς
1527 5241 1784 5310 ἐπιστολῇ
1809 5255 1820 5272 ·

1947 5244 2178 5292 testatur
2206 5236 2258 5288 in
2311 5231 2537 5302 epistola
2564 5230 2630 5284 ad
2683 5227 2988 5283 Orientales
3043 5225 3276 5297 Cyrillus
3315 5244 3329 5279 :
3373 5226 3508 5290 Etsi,

254 5335 357 5404 Εἷς
367 5339 479 5408 γὰρ
497 5340 709 5407 Κύριος
724 5337 963 5405 Ἰησοῦς
979 5336 1025 5390 Χ
1020 5336 1254 5406 ριστὸς,
1272 5335 1435 5403 κᾶνή
1456 5333 1573 5389 τῶν
1584 5334 1819 5403 φύσεων

1944 5327 2127 5397 inquit,
2150 5322 2508 5393 diversitaslsit
2535 5331 2842 5375 naturarum
2863 5323 3059 5387 ignem,
3082 5332 3216 5368 unus
3242 5324 3409 5369 tamen
3434 5326 3509 5368 est

248 5432 336 5501 μὴ
354 5405 647 5500 ἀγνοῆται
666 5428 936 5500 διαφορά.
954 5405 1067 5482 Καὶ
1096 5427 1417 5499 ’Δμὸρόσιος
1437 5428 1464 5481 ὁ
1482 5424 1813 5481 Μεδιολάνωι

1946 5418 2197 5474 Christus.
2232 5416 2297 5471 Et
2316 5414 2594 5470 Mediolani
2618 5411 2812 5481 257a
2838 5408 3025 5478 praesul
3048 5405 3363 5460 Ambrosius
3385 5418 3511 5461 ora-

254 5498 416 5592 ἓντῷ
443 5523 499 5574 ἐν
525 5498 662 5592 Περὶ
691 5498 1100 5592 ἀνθρωπήσεως
1125 5498 1268 5592 λόγω
1284 5535 1298 5549 ·
1326 5517 1477 5585 Τοὺς
1497 5514 1661 5586 δὲμὴ
1680 5517 1819 5583 ὀμο-

1945 5510 2080 5564 lioue
2109 5507 2184 5562 De
2217 5507 2586 5563 incarnatione
2622 5522 2635 5557 ε
2673 5503 2775 5556 Eos
2809 5510 2979 5554 autem
3007 5498 3510 5554 excommunicatio-

1572 5604 1809 5664 VARiE
1840 5598 2239 5661 LECTIONES.

321 5704 363 5737 ⁷³
397 5704 493 5775 τῆς
556 5717 667 5759 οω.
695 5704 759 5756 Δ.
871 5703 917 5737 ⁸⁸
944 5703 1296 5776 ἀνθρώπησιν
1326 5723 1386 5770 ς.
1462 5702 1505 5739 ⁸¹
1530 5704 1577 5757 εξ
1599 5702 1640 5755 Α
1673 5716 1688 5756 τ
1718 5701 1774 5757 αἶ
1803 5717 1864 5764 ς.
1942 5697 1989 5730 ⁸³
2022 5694 2177 5750 ἔσται
2201 5709 2262 5756 ς’
