  <div class='ocr_page' id='page_1' title='image "/cluster/home/n/w/nwhite01/storage/ocr_20150623/103 pt.3/mdp.39015061933738/515.png"; bbox 0 0 3964 6246; ppageno 0'>
   <div class='ocr_carea' id='block_1_1' title="bbox 439 263 544 327">
    <p class='ocr_par' dir='ltr' id='par_1_1' title="bbox 439 263 544 327">
     <span class='ocr_line' id='line_1_1' title="bbox 439 263 544 327; baseline 0 -1"><span class='ocrx_word' id='word_1_1' title='bbox 439 263 544 327; x_wconf 86' lang='grc'><strong>995</strong></span> 
     </span>
    </p>
   </div>
   <div class='ocr_carea' id='block_1_2' title="bbox 1589 258 2520 334">
    <p class='ocr_par' dir='ltr' id='par_1_2' title="bbox 1589 258 2520 334">
     <span class='ocr_line' id='line_1_2' title="bbox 1589 258 2520 334; baseline 0.009 -14"><span class='ocrx_word' id='word_1_2' title='bbox 1589 258 1853 320; x_wconf 79' lang='grc' dir='ltr'><strong>ΡΗΟΤΙΙ</strong></span> <span class='ocrx_word' id='word_1_3' title='bbox 1874 259 2378 324; x_wconf 68' lang='grc' dir='ltr'><strong>ΡΑΤΒΙΑΒΟΗᾹΞ</strong></span> <span class='ocrx_word' id='word_1_4' title='bbox 2396 265 2520 334; x_wconf 69' lang='grc' dir='ltr'><strong>ΕΡ..</strong></span> 
     </span>
    </p>
   </div>
   <div class='ocr_carea' id='block_1_3' title="bbox 3603 273 3714 338">
    <p class='ocr_par' dir='ltr' id='par_1_3' title="bbox 3603 273 3714 338">
     <span class='ocr_line' id='line_1_3' title="bbox 3603 273 3714 338; baseline 0 0"><span class='ocrx_word' id='word_1_5' title='bbox 3603 273 3714 338; x_wconf 79' lang='lat'><strong>996</strong></span> 
     </span>
    </p>
   </div>
   <div class='ocr_carea' id='block_1_4' title="bbox 442 367 2028 450">
    <p class='ocr_par' dir='ltr' id='par_1_4' title="bbox 442 367 2017 440">
     <span class='ocr_line' id='line_1_4' title="bbox 442 367 2017 440; baseline -0.002 -13"><span class='ocrx_word' id='word_1_6' title='bbox 442 375 524 427; x_wconf 88' lang='lat' dir='ltr'><strong>nis</strong></span> <span class='ocrx_word' id='word_1_7' title='bbox 566 371 772 426; x_wconf 82' lang='lat' dir='ltr'><strong>vinculo</strong></span> <span class='ocrx_word' id='word_1_8' title='bbox 809 367 1018 439; x_wconf 80' lang='lat' dir='ltr'><strong>stringit</strong></span> <span class='ocrx_word' id='word_1_9' title='bbox 1082 367 1322 422; x_wconf 74' lang='lat' dir='ltr'><strong>Ecclesia</strong></span> <span class='ocrx_word' id='word_1_10' title='bbox 1382 369 1698 438; x_wconf 83' lang='lat' dir='ltr'><strong>apostolica,</strong></span> <span class='ocrx_word' id='word_1_11' title='bbox 1749 371 1839 440; x_wconf 85' lang='lat' dir='ltr'><strong>qui</strong></span> <span class='ocrx_word' id='word_1_12' title='bbox 1883 371 2017 424; x_wconf 83' lang='lat' dir='ltr'><strong>duas</strong></span> 
     </span>
    </p>
   </div>
   <div class='ocr_carea' id='block_1_5' title="bbox 2135 367 3716 450">
    <p class='ocr_par' dir='ltr' id='par_1_5' title="bbox 2135 376 3716 450">
     <span class='ocr_line' id='line_1_5' title="bbox 2135 376 3716 450; baseline 0.006 -22"><span class='ocrx_word' id='word_1_13' title='bbox 2135 376 2454 444; x_wconf 73' lang='grc' dir='ltr'>ιογοῦντας</span> <span class='ocrx_word' id='word_1_14' title='bbox 2478 377 2584 432; x_wconf 84' lang='grc' dir='ltr'><strong>τὸν</strong></span> <span class='ocrx_word' id='word_1_15' title='bbox 2605 378 2822 446; x_wconf 79' lang='grc' dir='ltr'><strong>Κύριον</strong></span> <span class='ocrx_word' id='word_1_16' title='bbox 2845 377 3013 448; x_wconf 77' lang='grc' dir='ltr'><strong>ήμῶν</strong></span> <span class='ocrx_word' id='word_1_17' title='bbox 3036 377 3285 447; x_wconf 80' lang='grc' dir='ltr'><em>Ἰησοῦν</em></span> <span class='ocrx_word' id='word_1_18' title='bbox 3308 381 3575 450; x_wconf 77' lang='grc' dir='ltr'>Χριστὸν</span> <span class='ocrx_word' id='word_1_19' title='bbox 3598 383 3716 438; x_wconf 82' lang='grc' dir='ltr'>δύο</span> 
     </span>
    </p>
   </div>
   <div class='ocr_carea' id='block_1_6' title="bbox 442 460 2027 530">
    <p class='ocr_par' dir='ltr' id='par_1_6' title="bbox 442 460 2027 530">
     <span class='ocr_line' id='line_1_6' title="bbox 442 460 2027 530; baseline -0.002 -11"><span class='ocrx_word' id='word_1_20' title='bbox 442 475 659 519; x_wconf 87' lang='lat' dir='ltr'><strong>naturas</strong></span> <span class='ocrx_word' id='word_1_21' title='bbox 691 462 878 517; x_wconf 81' lang='lat' dir='ltr'><strong>habere</strong></span> <span class='ocrx_word' id='word_1_22' title='bbox 905 460 1205 529; x_wconf 81' lang='lat' dir='ltr'><strong>inconfuse,</strong></span> <span class='ocrx_word' id='word_1_23' title='bbox 1229 475 1490 530; x_wconf 81' lang='lat' dir='ltr'><strong>unamque</strong></span> <span class='ocrx_word' id='word_1_24' title='bbox 1515 477 1795 528; x_wconf 74' lang='lat' dir='ltr'><strong>personam</strong></span> <span class='ocrx_word' id='word_1_25' title='bbox 1839 477 2027 516; x_wconf 83' lang='lat' dir='ltr'><strong>secun-</strong></span> 
     </span>
    </p>
   </div>
   <div class='ocr_carea' id='block_1_7' title="bbox 441 551 2028 625">
    <p class='ocr_par' dir='ltr' id='par_1_7' title="bbox 441 551 2028 625">
     <span class='ocr_line' id='line_1_7' title="bbox 441 551 2028 625; baseline -0.002 -15"><span class='ocrx_word' id='word_1_26' title='bbox 441 558 566 610; x_wconf 85' lang='lat' dir='ltr'><strong>dum</strong></span> <span class='ocrx_word' id='word_1_27' title='bbox 591 570 744 625; x_wconf 87' lang='lat' dir='ltr'><strong>quant</strong></span> <span class='ocrx_word' id='word_1_28' title='bbox 771 569 906 606; x_wconf 86' lang='lat' dir='ltr'><strong>unus</strong></span> <span class='ocrx_word' id='word_1_29' title='bbox 937 552 1176 606; x_wconf 81' lang='lat' dir='ltr'><strong>Christus</strong></span> <span class='ocrx_word' id='word_1_30' title='bbox 1198 561 1245 604; x_wconf 87' lang='lat' dir='ltr'><strong>et</strong></span> <span class='ocrx_word' id='word_1_31' title='bbox 1286 568 1419 606; x_wconf 84' lang='lat' dir='ltr'><strong>unus</strong></span> <span class='ocrx_word' id='word_1_32' title='bbox 1441 562 1516 606; x_wconf 88' lang='lat' dir='ltr'><strong>est</strong></span> <span class='ocrx_word' id='word_1_33' title='bbox 1552 551 1725 607; x_wconf 81' lang='lat' dir='ltr'><strong>Filius</strong></span> <span class='ocrx_word' id='word_1_34' title='bbox 1756 555 1876 607; x_wconf 90' lang='lat' dir='ltr'><strong>ausi</strong></span> <span class='ocrx_word' id='word_1_35' title='bbox 1909 563 2028 608; x_wconf 87' lang='lat' dir='ltr'><strong>sunt</strong></span> 
     </span>
    </p>
   </div>
   <div class='ocr_carea' id='block_1_8' title="bbox 440 641 2030 714">
    <p class='ocr_par' dir='ltr' id='par_1_8' title="bbox 440 641 2030 714">
     <span class='ocr_line' id='line_1_8' title="bbox 440 641 2030 714; baseline 0 -15"><span class='ocrx_word' id='word_1_36' title='bbox 440 646 688 714; x_wconf 68' lang='lat' dir='ltr'><strong>inﬁtiari.</strong></span> <span class='ocrx_word' id='word_1_37' title='bbox 745 643 948 698; x_wconf 66' lang='lat' dir='ltr'><strong>Adhazc</strong></span> <span class='ocrx_word' id='word_1_38' title='bbox 976 652 1029 697; x_wconf 88' lang='lat' dir='ltr'><strong>et</strong></span> <span class='ocrx_word' id='word_1_39' title='bbox 1056 641 1577 714; x_wconf 84' lang='lat' dir='ltr'><strong>Hierosolymilauus</strong></span> <span class='ocrx_word' id='word_1_40' title='bbox 1598 641 1850 714; x_wconf 91' lang='lat' dir='ltr'><strong>Cyrillus,</strong></span> <span class='ocrx_word' id='word_1_41' title='bbox 1874 642 2030 699; x_wconf 89' lang='lat' dir='ltr'><strong>luco-</strong></span> 
     </span>
    </p>
   </div>
   <div class='ocr_carea' id='block_1_9' title="bbox 443 732 2030 808">
    <p class='ocr_par' dir='ltr' id='par_1_9' title="bbox 443 732 2030 808">
     <span class='ocr_line' id='line_1_9' title="bbox 443 732 2030 808; baseline 0.001 -18"><span class='ocrx_word' id='word_1_42' title='bbox 443 737 515 790; x_wconf 76' lang='lat' dir='ltr'><strong>nil</strong></span> <span class='ocrx_word' id='word_1_43' title='bbox 545 732 980 803; x_wconf 83' lang='lat' dir='ltr'><strong>Amphilochius,</strong></span> <span class='ocrx_word' id='word_1_44' title='bbox 1037 732 1265 788; x_wconf 86' lang='lat' dir='ltr'><strong>Proclus</strong></span> <span class='ocrx_word' id='word_1_45' title='bbox 1313 732 1864 804; x_wconf 88' lang='lat' dir='ltr'><strong>Constantinopoleos</strong></span> <span class='ocrx_word' id='word_1_46' title='bbox 1913 737 2030 808; x_wconf 83' lang='lat' dir='ltr'><strong>epi-</strong></span> 
     </span>
    </p>
   </div>
   <div class='ocr_carea' id='block_1_10' title="bbox 442 823 2031 895">
    <p class='ocr_par' dir='ltr' id='par_1_10' title="bbox 442 823 2031 895">
     <span class='ocr_line' id='line_1_10' title="bbox 442 823 2031 895; baseline 0.001 -14"><span class='ocrx_word' id='word_1_47' title='bbox 442 826 611 895; x_wconf 87' lang='lat' dir='ltr'><strong>scopi,</strong></span> <span class='ocrx_word' id='word_1_48' title='bbox 638 825 730 894; x_wconf 87' lang='lat' dir='ltr'><strong>qui</strong></span> <span class='ocrx_word' id='word_1_49' title='bbox 781 825 836 879; x_wconf 92' lang='lat' dir='ltr'><strong>in</strong></span> <span class='ocrx_word' id='word_1_50' title='bbox 907 823 1386 895; x_wconf 83' lang='lat' dir='ltr'><strong>Quadragesimam</strong></span> <span class='ocrx_word' id='word_1_51' title='bbox 1422 826 1502 880; x_wconf 89' lang='lat' dir='ltr'><strong>sic</strong></span> <span class='ocrx_word' id='word_1_52' title='bbox 1537 825 1812 895; x_wconf 86' lang='lat' dir='ltr'><strong>loquitur:</strong></span> <span class='ocrx_word' id='word_1_53' title='bbox 1839 827 2031 883; x_wconf 77' lang='lat' dir='ltr'><strong>Divina</strong></span> 
     </span>
    </p>
   </div>
   <div class='ocr_carea' id='block_1_11' title="bbox 443 918 2028 989">
    <p class='ocr_par' dir='ltr' id='par_1_11' title="bbox 443 918 2028 989">
     <span class='ocr_line' id='line_1_11' title="bbox 443 918 2028 989; baseline 0.002 -17"><span class='ocrx_word' id='word_1_54' title='bbox 443 928 631 972; x_wconf 87' lang='lat' dir='ltr'><strong>natura</strong></span> <span class='ocrx_word' id='word_1_55' title='bbox 659 918 916 983; x_wconf 84' lang='lat' dir='ltr'><strong>increata,</strong></span> <span class='ocrx_word' id='word_1_56' title='bbox 949 927 996 970; x_wconf 87' lang='lat' dir='ltr'><strong>et</strong></span> <span class='ocrx_word' id='word_1_57' title='bbox 1022 929 1217 972; x_wconf 73' lang='lat' dir='ltr'><strong>nostra:</strong></span> <span class='ocrx_word' id='word_1_58' title='bbox 1249 920 1424 973; x_wconf 87' lang='lat' dir='ltr'><strong>carnis</strong></span> <span class='ocrx_word' id='word_1_59' title='bbox 1459 918 1689 989; x_wconf 85' lang='lat' dir='ltr'><strong>legitima</strong></span> <span class='ocrx_word' id='word_1_60' title='bbox 1713 921 2028 989; x_wconf 71' lang='lat' dir='ltr'><strong>assumptio,</strong></span> 
     </span>
    </p>
   </div>
   <div class='ocr_carea' id='block_1_12' title="bbox 441 1007 2030 1081">
    <p class='ocr_par' dir='ltr' id='par_1_12' title="bbox 441 1007 2030 1081">
     <span class='ocr_line' id='line_1_12' title="bbox 441 1007 2030 1081; baseline 0.004 -20"><span class='ocrx_word' id='word_1_61' title='bbox 441 1016 490 1061; x_wconf 89' lang='lat' dir='ltr'><strong>et</strong></span> <span class='ocrx_word' id='word_1_62' title='bbox 512 1025 646 1061; x_wconf 85' lang='lat' dir='ltr'><strong>unus</strong></span> <span class='ocrx_word' id='word_1_63' title='bbox 674 1018 749 1062; x_wconf 89' lang='lat' dir='ltr'><strong>est</strong></span> <span class='ocrx_word' id='word_1_64' title='bbox 773 1007 970 1073; x_wconf 83' lang='lat' dir='ltr'><strong>Filius,</strong></span> <span class='ocrx_word' id='word_1_65' title='bbox 993 1013 1228 1074; x_wconf 73' lang='lat' dir='ltr'><strong>personis</strong></span> <span class='ocrx_word' id='word_1_66' title='bbox 1253 1025 1354 1062; x_wconf 91' lang='lat' dir='ltr'><strong>non</strong></span> <span class='ocrx_word' id='word_1_67' title='bbox 1379 1013 1655 1081; x_wconf 79' lang='lat' dir='ltr'><strong>separatis,</strong></span> <span class='ocrx_word' id='word_1_68' title='bbox 1680 1011 1771 1066; x_wconf 86' lang='lat' dir='ltr'><strong>sed</strong></span> <span class='ocrx_word' id='word_1_69' title='bbox 1801 1013 2030 1067; x_wconf 85' lang='lat' dir='ltr'><strong>mirabili</strong></span> 
     </span>
    </p>
   </div>
   <div class='ocr_carea' id='block_1_13' title="bbox 441 1099 2028 1172">
    <p class='ocr_par' dir='ltr' id='par_1_13' title="bbox 441 1099 2028 1172">
     <span class='ocr_line' id='line_1_13' title="bbox 441 1099 2028 1172; baseline 0.004 -22"><span class='ocrx_word' id='word_1_70' title='bbox 441 1099 669 1168; x_wconf 85' lang='lat' dir='ltr'><strong>quadam</strong></span> <span class='ocrx_word' id='word_1_71' title='bbox 695 1099 1082 1166; x_wconf 80' lang='lat' dir='ltr'><strong>dispensatione</strong></span> <span class='ocrx_word' id='word_1_72' title='bbox 1109 1101 1242 1152; x_wconf 87' lang='lat' dir='ltr'><strong>duas</strong></span> <span class='ocrx_word' id='word_1_73' title='bbox 1266 1111 1484 1154; x_wconf 86' lang='lat' dir='ltr'><strong>naturas</strong></span> <span class='ocrx_word' id='word_1_74' title='bbox 1515 1102 1570 1156; x_wconf 87' lang='lat' dir='ltr'><strong>in</strong></span> <span class='ocrx_word' id='word_1_75' title='bbox 1603 1119 1758 1156; x_wconf 85' lang='lat' dir='ltr'><strong>unam</strong></span> <span class='ocrx_word' id='word_1_76' title='bbox 1786 1102 2028 1172; x_wconf 84' lang='lat' dir='ltr'><strong>[typosta-</strong></span> 
     </span>
    </p>
   </div>
   <div class='ocr_carea' id='block_1_14' title="bbox 441 1188 2025 1263">
    <p class='ocr_par' dir='ltr' id='par_1_14' title="bbox 441 1188 2025 1263">
     <span class='ocr_line' id='line_1_14' title="bbox 441 1188 2025 1263; baseline 0.005 -22"><span class='ocrx_word' id='word_1_77' title='bbox 441 1191 524 1241; x_wconf 91' lang='lat' dir='ltr'><strong>sin</strong></span> <span class='ocrx_word' id='word_1_78' title='bbox 555 1189 916 1258; x_wconf 83' lang='lat' dir='ltr'><strong>conjungente.</strong></span> <span class='ocrx_word' id='word_1_79' title='bbox 960 1188 1064 1242; x_wconf 85' lang='lat' dir='ltr'><strong>Sed</strong></span> <span class='ocrx_word' id='word_1_80' title='bbox 1107 1199 1160 1243; x_wconf 90' lang='lat' dir='ltr'><strong>et</strong></span> <span class='ocrx_word' id='word_1_81' title='bbox 1199 1191 1401 1245; x_wconf 85' lang='lat' dir='ltr'><strong>Paulus</strong></span> <span class='ocrx_word' id='word_1_82' title='bbox 1452 1190 1770 1248; x_wconf 87' lang='lat' dir='ltr'><strong>Emissenus</strong></span> <span class='ocrx_word' id='word_1_83' title='bbox 1813 1195 2025 1263; x_wconf 90' lang='lat' dir='ltr'><strong>episco-</strong></span> 
     </span>
    </p>
   </div>
   <div class='ocr_carea' id='block_1_15' title="bbox 443 1279 2024 1356">
    <p class='ocr_par' dir='ltr' id='par_1_15' title="bbox 443 1279 2024 1356">
     <span class='ocr_line' id='line_1_15' title="bbox 443 1279 2024 1356; baseline 0.004 -22"><span class='ocrx_word' id='word_1_84' title='bbox 443 1294 565 1349; x_wconf 85' lang='lat' dir='ltr'><strong>pus,</strong></span> <span class='ocrx_word' id='word_1_85' title='bbox 599 1281 942 1349; x_wconf 67' lang='lat' dir='ltr'><strong>praesentiam</strong></span> <span class='ocrx_word' id='word_1_86' title='bbox 982 1279 1192 1336; x_wconf 88' lang='lat' dir='ltr'><strong>Domini</strong></span> <span class='ocrx_word' id='word_1_87' title='bbox 1229 1282 1535 1349; x_wconf 82' lang='lat' dir='ltr'><strong>declarans,</strong></span> <span class='ocrx_word' id='word_1_88' title='bbox 1568 1283 2024 1356; x_wconf 81' lang='lat' dir='ltr'><strong>vehementerque</strong></span> 
     </span>
    </p>
   </div>
   <div class='ocr_carea' id='block_1_16' title="bbox 444 1371 2027 1446">
    <p class='ocr_par' dir='ltr' id='par_1_16' title="bbox 444 1371 2027 1446">
     <span class='ocr_line' id='line_1_16' title="bbox 444 1371 2027 1446; baseline 0.003 -21"><span class='ocrx_word' id='word_1_89' title='bbox 444 1371 740 1436; x_wconf 88' lang='lat' dir='ltr'><strong>illustrans,</strong></span> <span class='ocrx_word' id='word_1_90' title='bbox 783 1371 865 1427; x_wconf 91' lang='lat' dir='ltr'><strong>sic</strong></span> <span class='ocrx_word' id='word_1_91' title='bbox 911 1371 989 1426; x_wconf 90' lang='lat' dir='ltr'><strong>ait</strong></span> <span class='ocrx_word' id='word_1_92' title='bbox 1021 1390 1035 1426; x_wconf 89' lang='lat'><strong>:</strong></span> <span class='ocrx_word' id='word_1_93' title='bbox 1069 1373 1251 1427; x_wconf 83' lang='lat' dir='ltr'><strong>statim</strong></span> <span class='ocrx_word' id='word_1_94' title='bbox 1301 1373 1553 1444; x_wconf 88' lang='lat' dir='ltr'><strong>princeps</strong></span> <span class='ocrx_word' id='word_1_95' title='bbox 1589 1381 1646 1430; x_wconf 85' lang='lat' dir='ltr'><strong>et</strong></span> <span class='ocrx_word' id='word_1_96' title='bbox 1685 1375 1866 1446; x_wconf 81' lang='lat' dir='ltr'><strong>lingua</strong></span> <span class='ocrx_word' id='word_1_97' title='bbox 1895 1391 2027 1443; x_wconf 85' lang='lat' dir='ltr'><strong>apo-</strong></span> 
     </span>
    </p>
   </div>
   <div class='ocr_carea' id='block_1_17' title="bbox 442 1460 2024 1521">
    <p class='ocr_par' dir='ltr' id='par_1_17' title="bbox 442 1460 2024 1521">
     <span class='ocr_line' id='line_1_17' title="bbox 442 1460 2024 1521; baseline 0.001 -4"><span class='ocrx_word' id='word_1_98' title='bbox 442 1462 704 1517; x_wconf 89' lang='lat' dir='ltr'><strong>stolorum</strong></span> <span class='ocrx_word' id='word_1_99' title='bbox 733 1462 868 1516; x_wconf 78' lang='lat' dir='ltr'><strong>dixit</strong></span> <span class='ocrx_word' id='word_1_100' title='bbox 895 1479 908 1516; x_wconf 92' lang='lat'>:</span> <span class='ocrx_word' id='word_1_101' title='bbox 942 1461 1019 1516; x_wconf 89' lang='lat' dir='ltr'><strong>Tu</strong></span> <span class='ocrx_word' id='word_1_102' title='bbox 1039 1478 1092 1516; x_wconf 90' lang='lat' dir='ltr'><strong>es</strong></span> <span class='ocrx_word' id='word_1_103' title='bbox 1115 1460 1358 1518; x_wconf 83' lang='lat' dir='ltr'><strong>Christus</strong></span> <span class='ocrx_word' id='word_1_104' title='bbox 1398 1461 1577 1518; x_wconf 84' lang='lat' dir='ltr'><strong>Filius</strong></span> <span class='ocrx_word' id='word_1_105' title='bbox 1609 1463 1703 1518; x_wconf 86' lang='lat' dir='ltr'><strong>Dei</strong></span> <span class='ocrx_word' id='word_1_106' title='bbox 1729 1465 1830 1518; x_wconf 83' lang='lat' dir='ltr'><strong>vivi</strong></span> <span class='ocrx_word' id='word_1_107' title='bbox 1855 1464 1909 1521; x_wconf 76' lang='grc' dir='ltr'><strong>ι).</strong></span> <span class='ocrx_word' id='word_1_108' title='bbox 1945 1464 2024 1518; x_wconf 88' lang='grc' dir='ltr'><strong>Τιι</strong></span> 
     </span>
    </p>
   </div>
   <div class='ocr_carea' id='block_1_18' title="bbox 442 1551 2016 1620">
    <p class='ocr_par' dir='ltr' id='par_1_18' title="bbox 442 1551 2016 1620">
     <span class='ocr_line' id='line_1_18' title="bbox 442 1551 2016 1620; baseline 0.002 -14"><span class='ocrx_word' id='word_1_109' title='bbox 442 1568 495 1606; x_wconf 86' lang='lat' dir='ltr'><strong>es</strong></span> <span class='ocrx_word' id='word_1_110' title='bbox 529 1551 803 1617; x_wconf 85' lang='lat' dir='ltr'><strong>Christus,</strong></span> <span class='ocrx_word' id='word_1_111' title='bbox 850 1551 1046 1620; x_wconf 78' lang='lat' dir='ltr'><strong>duplex</strong></span> <span class='ocrx_word' id='word_1_112' title='bbox 1091 1560 1284 1606; x_wconf 88' lang='lat' dir='ltr'><strong>natura</strong></span> <span class='ocrx_word' id='word_1_113' title='bbox 1314 1551 1593 1608; x_wconf 79' lang='lat' dir='ltr'><strong>scilicetb.</strong></span> <span class='ocrx_word' id='word_1_114' title='bbox 1643 1553 1722 1608; x_wconf 89' lang='lat' dir='ltr'><strong>Tu</strong></span> <span class='ocrx_word' id='word_1_115' title='bbox 1761 1572 1814 1609; x_wconf 90' lang='lat' dir='ltr'><strong>es</strong></span> <span class='ocrx_word' id='word_1_116' title='bbox 1853 1553 2016 1609; x_wconf 88' lang='lat' dir='ltr'><strong>Chri-</strong></span> 
     </span>
    </p>
   </div>
   <div class='ocr_carea' id='block_1_19' title="bbox 443 1640 2014 1718">
    <p class='ocr_par' dir='ltr' id='par_1_19' title="bbox 443 1640 2014 1718">
     <span class='ocr_line' id='line_1_19' title="bbox 443 1640 2014 1718; baseline 0.003 -21"><span class='ocrx_word' id='word_1_117' title='bbox 443 1653 578 1704; x_wconf 88' lang='lat' dir='ltr'><strong>stus,</strong></span> <span class='ocrx_word' id='word_1_118' title='bbox 621 1652 675 1696; x_wconf 86' lang='lat' dir='ltr'><strong>et</strong></span> <span class='ocrx_word' id='word_1_119' title='bbox 707 1657 809 1697; x_wconf 88' lang='lat' dir='ltr'><strong>non</strong></span> <span class='ocrx_word' id='word_1_120' title='bbox 861 1641 996 1697; x_wconf 76' lang='lat' dir='ltr'><strong>dixit</strong></span> <span class='ocrx_word' id='word_1_121' title='bbox 1029 1640 1220 1710; x_wconf 80' lang='lat' dir='ltr'><strong>Filius,</strong></span> <span class='ocrx_word' id='word_1_122' title='bbox 1253 1644 1346 1699; x_wconf 91' lang='lat' dir='ltr'><strong>sed</strong></span> <span class='ocrx_word' id='word_1_123' title='bbox 1382 1644 1551 1700; x_wconf 86' lang='lat' dir='ltr'><strong>Filius</strong></span> <span class='ocrx_word' id='word_1_124' title='bbox 1605 1645 1698 1701; x_wconf 89' lang='lat' dir='ltr'><strong>Dei</strong></span> <span class='ocrx_word' id='word_1_125' title='bbox 1747 1647 1879 1712; x_wconf 81' lang='lat' dir='ltr'><strong>vivi,</strong></span> <span class='ocrx_word' id='word_1_126' title='bbox 1905 1663 2014 1718; x_wconf 90' lang='lat' dir='ltr'><strong>quo</strong></span> 
     </span>
    </p>
   </div>
   <div class='ocr_carea' id='block_1_20' title="bbox 2131 463 3713 540">
    <p class='ocr_par' dir='ltr' id='par_1_20' title="bbox 2131 463 3713 540">
     <span class='ocr_line' id='line_1_20' title="bbox 2131 463 3713 540; baseline 0.006 -20"><span class='ocrx_word' id='word_1_127' title='bbox 2131 463 2286 522; x_wconf 76' lang='grc' dir='ltr'>εἶναι</span> <span class='ocrx_word' id='word_1_128' title='bbox 2312 470 2532 534; x_wconf 80' lang='grc' dir='ltr'><strong>οὐσίας</strong></span> <span class='ocrx_word' id='word_1_129' title='bbox 2555 469 2914 540; x_wconf 81' lang='grc' dir='ltr'>ἀσυγχύτως</span> <span class='ocrx_word' id='word_1_130' title='bbox 2929 471 2996 537; x_wconf 84' lang='grc'><strong>⁸³,</strong></span> <span class='ocrx_word' id='word_1_131' title='bbox 3014 470 3084 526; x_wconf 80' lang='grc' dir='ltr'><strong>ἓν</strong></span> <span class='ocrx_word' id='word_1_132' title='bbox 3104 471 3173 525; x_wconf 83' lang='grc' dir='ltr'>δὲ</span> <span class='ocrx_word' id='word_1_133' title='bbox 3194 473 3541 540; x_wconf 78' lang='grc' dir='ltr'>πρόσωπον,</span> <span class='ocrx_word' id='word_1_134' title='bbox 3563 476 3713 530; x_wconf 75' lang='grc' dir='ltr'><strong>καθὸ</strong></span> 
     </span>
    </p>
   </div>
   <div class='ocr_carea' id='block_1_21' title="bbox 2130 553 3716 637">
    <p class='ocr_par' dir='ltr' id='par_1_21' title="bbox 2130 553 3716 637">
     <span class='ocr_line' id='line_1_21' title="bbox 2130 553 3716 637; baseline 0.007 -26"><span class='ocrx_word' id='word_1_135' title='bbox 2130 553 2219 625; x_wconf 80' lang='grc' dir='ltr'><strong>εἷς</strong></span> <span class='ocrx_word' id='word_1_136' title='bbox 2238 560 2493 629; x_wconf 78' lang='grc' dir='ltr'>Χριστὸς</span> <span class='ocrx_word' id='word_1_137' title='bbox 2510 556 2598 628; x_wconf 82' lang='grc' dir='ltr'><strong>εἷς</strong></span> <span class='ocrx_word' id='word_1_138' title='bbox 2619 562 2750 628; x_wconf 78' lang='grc' dir='ltr'>υίὸς</span> <span class='ocrx_word' id='word_1_139' title='bbox 2769 601 2785 627; x_wconf 88' lang='grc'><strong>,</strong></span> <span class='ocrx_word' id='word_1_140' title='bbox 2810 563 3059 629; x_wconf 81' lang='grc' dir='ltr'><strong>τούτους</strong></span> <span class='ocrx_word' id='word_1_141' title='bbox 3081 564 3487 634; x_wconf 77' lang='grc' dir='ltr'>ἁναθεματίζει</span> <span class='ocrx_word' id='word_1_142' title='bbox 3507 569 3548 637; x_wconf 81' lang='grc' dir='ltr'><strong><em>ἡ</em></strong></span> <span class='ocrx_word' id='word_1_143' title='bbox 3571 570 3716 622; x_wconf 84' lang='grc' dir='ltr'><strong>καθ-</strong></span> 
     </span>
    </p>
   </div>
   <div class='ocr_carea' id='block_1_22' title="bbox 2131 649 3717 723">
    <p class='ocr_par' dir='ltr' id='par_1_22' title="bbox 2131 649 3717 723">
     <span class='ocr_line' id='line_1_22' title="bbox 2131 649 3717 723; baseline 0.006 -20"><span class='ocrx_word' id='word_1_144' title='bbox 2131 649 2310 719; x_wconf 79' lang='grc' dir='ltr'><em>ολικὴ</em></span> <span class='ocrx_word' id='word_1_145' title='bbox 2335 651 2433 705; x_wconf 79' lang='grc' dir='ltr'>καί</span> <span class='ocrx_word' id='word_1_146' title='bbox 2449 651 2823 722; x_wconf 75' lang='grc' dir='ltr'>ἁποστολικὴ</span> <span class='ocrx_word' id='word_1_147' title='bbox 2856 655 3206 723; x_wconf 74' lang='grc' dir='ltr'><strong>Ἐκκλησία.</strong></span> <span class='ocrx_word' id='word_1_148' title='bbox 3239 657 3362 710; x_wconf 74' lang='grc' dir='ltr'><strong>Ἐπὶ</strong></span> <span class='ocrx_word' id='word_1_149' title='bbox 3384 657 3598 723; x_wconf 77' lang='grc' dir='ltr'><strong>τούτοις</strong></span> <span class='ocrx_word' id='word_1_150' title='bbox 3619 659 3717 712; x_wconf 70' lang='grc' dir='ltr'><strong>καὶ</strong></span> 
     </span>
    </p>
   </div>
   <div class='ocr_carea' id='block_1_23' title="bbox 2131 743 3714 821">
    <p class='ocr_par' dir='ltr' id='par_1_23' title="bbox 2131 743 3714 821">
     <span class='ocr_line' id='line_1_23' title="bbox 2131 743 3714 821; baseline 0.006 -24"><span class='ocrx_word' id='word_1_151' title='bbox 2131 745 2161 797; x_wconf 92' lang='lat'><strong>6</strong></span> <span class='ocrx_word' id='word_1_152' title='bbox 2191 743 2300 798; x_wconf 86' lang='grc' dir='ltr'><strong>τῶν</strong></span> <span class='ocrx_word' id='word_1_153' title='bbox 2341 745 2731 816; x_wconf 83' lang='grc' dir='ltr'>Ἱεροσολύμων</span> <span class='ocrx_word' id='word_1_154' title='bbox 2758 747 3023 819; x_wconf 83' lang='grc' dir='ltr'>Κύριλλος</span> <span class='ocrx_word' id='word_1_155' title='bbox 3059 751 3155 802; x_wconf 68' lang='grc' dir='ltr'><strong>καὶ</strong></span> <span class='ocrx_word' id='word_1_156' title='bbox 3196 749 3546 821; x_wconf 82' lang='grc' dir='ltr'>Ἀμφιλόχιος</span> <span class='ocrx_word' id='word_1_157' title='bbox 3567 753 3597 804; x_wconf 98' lang='lat'><strong>6</strong></span> <span class='ocrx_word' id='word_1_158' title='bbox 3617 753 3714 806; x_wconf 73' lang='grc' dir='ltr'>τοῦ</span> 
     </span>
    </p>
   </div>
   <div class='ocr_carea' id='block_1_24' title="bbox 2144 823 3715 910">
    <p class='ocr_par' dir='ltr' id='par_1_24' title="bbox 2144 823 3715 910">
     <span class='ocr_line' id='line_1_24' title="bbox 2144 823 3715 910; baseline 0.006 -22"><span class='ocrx_word' id='word_1_159' title='bbox 2144 835 2365 889; x_wconf 77' lang='grc' dir='ltr'><strong>Ἰκονίου</strong></span> <span class='ocrx_word' id='word_1_160' title='bbox 2402 835 2499 892; x_wconf 83' lang='grc' dir='ltr'><strong>καὶ</strong></span> <span class='ocrx_word' id='word_1_161' title='bbox 2529 823 2770 910; x_wconf 76' lang='grc' dir='ltr'><strong>Πρόκλος</strong></span> <span class='ocrx_word' id='word_1_162' title='bbox 2790 841 2819 892; x_wconf 86' lang='grc' dir='ltr'><strong>ὁ</strong></span> <span class='ocrx_word' id='word_1_163' title='bbox 2849 840 3474 906; x_wconf 80' lang='grc' dir='ltr'>Κωνσταντινουπόλεως</span> <span class='ocrx_word' id='word_1_164' title='bbox 3493 883 3510 908; x_wconf 92' lang='grc'><strong>,</strong></span> <span class='ocrx_word' id='word_1_165' title='bbox 3537 843 3598 906; x_wconf 77' lang='grc' dir='ltr'><strong>ὃς</strong></span> <span class='ocrx_word' id='word_1_166' title='bbox 3619 845 3715 897; x_wconf 82' lang='grc' dir='ltr'>καί</span> 
     </span>
    </p>
   </div>
   <div class='ocr_carea' id='block_1_25' title="bbox 2133 929 3713 1003">
    <p class='ocr_par' dir='ltr' id='par_1_25' title="bbox 2133 929 3713 1003">
     <span class='ocr_line' id='line_1_25' title="bbox 2133 929 3713 1003; baseline 0.007 -24"><span class='ocrx_word' id='word_1_167' title='bbox 2133 944 2296 996; x_wconf 83' lang='grc' dir='ltr'>φησιν</span> <span class='ocrx_word' id='word_1_168' title='bbox 2329 929 2387 981; x_wconf 88' lang='grc' dir='ltr'>ὲν</span> <span class='ocrx_word' id='word_1_169' title='bbox 2409 930 2474 1000; x_wconf 81' lang='grc' dir='ltr'><strong>τῇ</strong></span> <span class='ocrx_word' id='word_1_170' title='bbox 2503 934 2939 1002; x_wconf 71' lang='grc' dir='ltr'>τεσσαρακοστῇο</span> <span class='ocrx_word' id='word_1_171' title='bbox 2971 933 3034 987; x_wconf 86' lang='grc' dir='ltr'><strong><em>Ἠ</em></strong></span> <span class='ocrx_word' id='word_1_172' title='bbox 3052 935 3184 988; x_wconf 82' lang='grc' dir='ltr'>θεία</span> <span class='ocrx_word' id='word_1_173' title='bbox 3199 935 3383 1003; x_wconf 73' lang='grc' dir='ltr'><em>φύσις</em></span> <span class='ocrx_word' id='word_1_174' title='bbox 3401 935 3713 1003; x_wconf 81' lang='grc' dir='ltr'>ἇκτιστος,</span> 
     </span>
    </p>
   </div>
   <div class='ocr_carea' id='block_1_26' title="bbox 2131 1013 3718 1091">
    <p class='ocr_par' dir='ltr' id='par_1_26' title="bbox 2131 1013 3718 1091">
     <span class='ocr_line' id='line_1_26' title="bbox 2131 1013 3718 1091; baseline 0.007 -25"><span class='ocrx_word' id='word_1_175' title='bbox 2131 1015 2170 1082; x_wconf 76' lang='grc' dir='ltr'>ἡ</span> <span class='ocrx_word' id='word_1_176' title='bbox 2197 1013 2268 1079; x_wconf 79' lang='grc' dir='ltr'>ἐξ</span> <span class='ocrx_word' id='word_1_177' title='bbox 2307 1015 2454 1084; x_wconf 83' lang='grc' dir='ltr'><strong>ἐμοῦ</strong></span> <span class='ocrx_word' id='word_1_178' title='bbox 2484 1019 2832 1087; x_wconf 64' lang='grc' dir='ltr'><strong>πρόσληψις</strong></span> <span class='ocrx_word' id='word_1_179' title='bbox 2866 1021 3192 1088; x_wconf 83' lang='grc' dir='ltr'>ἀνόθευτος</span> <span class='ocrx_word' id='word_1_180' title='bbox 3214 1038 3230 1053; x_wconf 75' lang='grc' dir='ltr'><strong>ο</strong></span> <span class='ocrx_word' id='word_1_181' title='bbox 3275 1022 3375 1076; x_wconf 75' lang='grc' dir='ltr'><strong>καὶ</strong></span> <span class='ocrx_word' id='word_1_182' title='bbox 3410 1023 3588 1077; x_wconf 83' lang='grc' dir='ltr'>ἐστιν</span> <span class='ocrx_word' id='word_1_183' title='bbox 3625 1019 3718 1091; x_wconf 77' lang='grc' dir='ltr'><strong>εἷς</strong></span> 
     </span>
    </p>
   </div>
   <div class='ocr_carea' id='block_1_27' title="bbox 2130 1105 3714 1182">
    <p class='ocr_par' dir='ltr' id='par_1_27' title="bbox 2130 1105 3714 1182">
     <span class='ocr_line' id='line_1_27' title="bbox 2130 1105 3714 1182; baseline 0.006 -24"><span class='ocrx_word' id='word_1_184' title='bbox 2130 1105 2262 1171; x_wconf 80' lang='grc' dir='ltr'><strong>Υἱὸς</strong></span> <span class='ocrx_word' id='word_1_185' title='bbox 2283 1146 2299 1171; x_wconf 91' lang='grc'><strong>,</strong></span> <span class='ocrx_word' id='word_1_186' title='bbox 2331 1108 2403 1160; x_wconf 86' lang='grc' dir='ltr'><strong>οὐ</strong></span> <span class='ocrx_word' id='word_1_187' title='bbox 2427 1108 2622 1176; x_wconf 85' lang='grc' dir='ltr'><em>μόνον</em></span> <span class='ocrx_word' id='word_1_188' title='bbox 2650 1108 2770 1162; x_wconf 86' lang='grc' dir='ltr'><strong>τῶν</strong></span> <span class='ocrx_word' id='word_1_189' title='bbox 2794 1111 3041 1178; x_wconf 76' lang='grc' dir='ltr'>φύσεων</span> <span class='ocrx_word' id='word_1_190' title='bbox 3055 1115 3144 1178; x_wconf 88' lang='grc' dir='ltr'><strong>εὶς</strong></span> <span class='ocrx_word' id='word_1_191' title='bbox 3169 1113 3282 1167; x_wconf 83' lang='grc' dir='ltr'>δύο</span> <span class='ocrx_word' id='word_1_192' title='bbox 3315 1114 3714 1182; x_wconf 77' lang='grc' dir='ltr'><strong>ὑποστάσεις,</strong></span> 
     </span>
    </p>
   </div>
   <div class='ocr_carea' id='block_1_28' title="bbox 2131 1197 3716 1274">
    <p class='ocr_par' dir='ltr' id='par_1_28' title="bbox 2131 1197 3716 1274">
     <span class='ocr_line' id='line_1_28' title="bbox 2131 1197 3716 1274; baseline 0.006 -24"><span class='ocrx_word' id='word_1_193' title='bbox 2131 1197 2586 1267; x_wconf 77' lang='grc' dir='ltr'><strong>διαιρουμένων,</strong></span> <span class='ocrx_word' id='word_1_194' title='bbox 2630 1199 2792 1255; x_wconf 73' lang='grc' dir='ltr'><strong>ἀλλὰ</strong></span> <span class='ocrx_word' id='word_1_195' title='bbox 2820 1201 2930 1270; x_wconf 86' lang='grc' dir='ltr'><strong>τῆς</strong></span> <span class='ocrx_word' id='word_1_196' title='bbox 2961 1203 3213 1272; x_wconf 65' lang='grc' dir='ltr'><em>φρικτῆς</em></span> <span class='ocrx_word' id='word_1_197' title='bbox 3235 1206 3580 1274; x_wconf 82' lang='grc' dir='ltr'><em>οἰκονομίας</em></span> <span class='ocrx_word' id='word_1_198' title='bbox 3605 1208 3716 1272; x_wconf 86' lang='grc' dir='ltr'><strong>τὰς</strong></span> 
     </span>
    </p>
   </div>
   <div class='ocr_carea' id='block_1_29' title="bbox 2129 1287 3714 1362">
    <p class='ocr_par' dir='ltr' id='par_1_29' title="bbox 2129 1287 3714 1362">
     <span class='ocr_line' id='line_1_29' title="bbox 2129 1287 3714 1362; baseline 0.006 -22"><span class='ocrx_word' id='word_1_199' title='bbox 2129 1287 2239 1342; x_wconf 83' lang='grc' dir='ltr'><em>δύο</em></span> <span class='ocrx_word' id='word_1_200' title='bbox 2307 1289 2525 1357; x_wconf 71' lang='grc' dir='ltr'><em>φύσεις</em></span> <span class='ocrx_word' id='word_1_201' title='bbox 2581 1291 2670 1356; x_wconf 85' lang='grc' dir='ltr'><strong>εις</strong></span> <span class='ocrx_word' id='word_1_202' title='bbox 2730 1292 2878 1359; x_wconf 81' lang='grc' dir='ltr'>μίαν</span> <span class='ocrx_word' id='word_1_203' title='bbox 2946 1293 3295 1348; x_wconf 82' lang='grc' dir='ltr'><em>ὑπόστασιν</em></span> <span class='ocrx_word' id='word_1_204' title='bbox 3365 1295 3714 1362; x_wconf 84' lang='grc' dir='ltr'><strong>ἐνωσὰσης.</strong></span> 
     </span>
    </p>
   </div>
   <div class='ocr_carea' id='block_1_30' title="bbox 2131 1377 3714 1454">
    <p class='ocr_par' dir='ltr' id='par_1_30' title="bbox 2131 1377 3714 1454">
     <span class='ocr_line' id='line_1_30' title="bbox 2131 1377 3714 1454; baseline 0.002 -20"><span class='ocrx_word' id='word_1_205' title='bbox 2131 1377 2256 1450; x_wconf 77' lang='lat'><strong>[808</strong></span> <span class='ocrx_word' id='word_1_206' title='bbox 2295 1379 2387 1452; x_wconf 64' lang='lat' dir='ltr'><strong>IL]</strong></span> <span class='ocrx_word' id='word_1_207' title='bbox 2414 1380 2522 1432; x_wconf 79' lang='grc' dir='ltr'><strong>Καὶ</strong></span> <span class='ocrx_word' id='word_1_208' title='bbox 2551 1379 2764 1444; x_wconf 81' lang='grc' dir='ltr'>Παῦλος</span> <span class='ocrx_word' id='word_1_209' title='bbox 2797 1382 2854 1434; x_wconf 86' lang='grc' dir='ltr'>δὲ</span> <span class='ocrx_word' id='word_1_210' title='bbox 2877 1383 2906 1436; x_wconf 94' lang='lat'><strong>6</strong></span> <span class='ocrx_word' id='word_1_211' title='bbox 2944 1383 3172 1454; x_wconf 84' lang='grc' dir='ltr'>Ἐμίσης</span> <span class='ocrx_word' id='word_1_212' title='bbox 3201 1384 3537 1450; x_wconf 83' lang='grc' dir='ltr'>ἐπίσκοπος,</span> <span class='ocrx_word' id='word_1_213' title='bbox 3572 1402 3714 1438; x_wconf 78' lang='grc' dir='ltr'>κατ-</span> 
     </span>
    </p>
   </div>
   <div class='ocr_carea' id='block_1_31' title="bbox 2130 1472 3715 1548">
    <p class='ocr_par' dir='ltr' id='par_1_31' title="bbox 2130 1472 3715 1548">
     <span class='ocr_line' id='line_1_31' title="bbox 2130 1472 3715 1548; baseline 0.004 -23"><span class='ocrx_word' id='word_1_214' title='bbox 2130 1473 2361 1527; x_wconf 86' lang='grc' dir='ltr'>ενώπιον</span> <span class='ocrx_word' id='word_1_215' title='bbox 2402 1472 2668 1544; x_wconf 82' lang='grc' dir='ltr'><strong>ὁμιλήσας</strong></span> <span class='ocrx_word' id='word_1_216' title='bbox 2702 1473 2973 1545; x_wconf 82' lang='grc' dir='ltr'>Κυρίλλου</span> <span class='ocrx_word' id='word_1_217' title='bbox 2990 1475 3038 1508; x_wconf 66' lang='grc'><strong>⁸³</strong></span> <span class='ocrx_word' id='word_1_218' title='bbox 3066 1478 3159 1530; x_wconf 84' lang='grc' dir='ltr'><strong>καὶ</strong></span> <span class='ocrx_word' id='word_1_219' title='bbox 3199 1475 3320 1530; x_wconf 83' lang='grc' dir='ltr'>λίαν</span> <span class='ocrx_word' id='word_1_220' title='bbox 3349 1477 3715 1548; x_wconf 68' lang='grc' dir='ltr'>ἀποδεχθεὶς,</span> 
     </span>
    </p>
   </div>
   <div class='ocr_carea' id='block_1_32' title="bbox 2129 1565 3719 1641">
    <p class='ocr_par' dir='ltr' id='par_1_32' title="bbox 2129 1565 3719 1641">
     <span class='ocr_line' id='line_1_32' title="bbox 2129 1565 3719 1641; baseline 0.005 -23"><span class='ocrx_word' id='word_1_221' title='bbox 2129 1565 2273 1618; x_wconf 80' lang='grc' dir='ltr'>οὕτω</span> <span class='ocrx_word' id='word_1_222' title='bbox 2301 1566 2490 1635; x_wconf 80' lang='grc' dir='ltr'>φησὶν,</span> <span class='ocrx_word' id='word_1_223' title='bbox 2511 1566 2712 1631; x_wconf 80' lang='grc' dir='ltr'>εὐθέως</span> <span class='ocrx_word' id='word_1_224' title='bbox 2732 1569 2760 1620; x_wconf 93' lang='lat'><strong>6</strong></span> <span class='ocrx_word' id='word_1_225' title='bbox 2789 1571 3115 1639; x_wconf 78' lang='grc' dir='ltr'><strong>κορυφαῖος,</strong></span> <span class='ocrx_word' id='word_1_226' title='bbox 3143 1570 3204 1622; x_wconf 79' lang='grc' dir='ltr'><strong>τὸ</strong></span> <span class='ocrx_word' id='word_1_227' title='bbox 3227 1571 3403 1641; x_wconf 84' lang='grc' dir='ltr'>στόμα</span> <span class='ocrx_word' id='word_1_228' title='bbox 3434 1571 3545 1625; x_wconf 87' lang='grc' dir='ltr'><strong>τῶν</strong></span> <span class='ocrx_word' id='word_1_229' title='bbox 3575 1573 3719 1626; x_wconf 76' lang='grc' dir='ltr'><strong>ἀπο-</strong></span> 
     </span>
    </p>
   </div>
   <div class='ocr_carea' id='block_1_33' title="bbox 2134 1655 3718 1731">
    <p class='ocr_par' dir='ltr' id='par_1_33' title="bbox 2134 1655 3718 1731">
     <span class='ocr_line' id='line_1_33' title="bbox 2134 1655 3718 1731; baseline 0.004 -21"><span class='ocrx_word' id='word_1_230' title='bbox 2134 1657 2358 1724; x_wconf 83' lang='grc' dir='ltr'><strong>στόλων,</strong></span> <span class='ocrx_word' id='word_1_231' title='bbox 2376 1657 2501 1731; x_wconf 79' lang='grc' dir='ltr'>ἐφη·</span> <span class='ocrx_word' id='word_1_232' title='bbox 2537 1658 2622 1714; x_wconf 75' lang='grc' dir='ltr'><strong>Σὺ</strong></span> <span class='ocrx_word' id='word_1_233' title='bbox 2638 1659 2684 1692; x_wconf 82' lang='grc'><strong>⁸⁵</strong></span> <span class='ocrx_word' id='word_1_234' title='bbox 2709 1655 2824 1713; x_wconf 73' lang='lat' dir='ltr'><strong>ei”</strong></span> <span class='ocrx_word' id='word_1_235' title='bbox 2843 1662 2871 1712; x_wconf 97' lang='lat'><strong>6</strong></span> <span class='ocrx_word' id='word_1_236' title='bbox 2896 1661 3152 1728; x_wconf 82' lang='grc' dir='ltr'>Χριστὸς</span> <span class='ocrx_word' id='word_1_237' title='bbox 3191 1663 3226 1715; x_wconf 83' lang='grc' dir='ltr'><em>ό</em></span> <span class='ocrx_word' id='word_1_238' title='bbox 3263 1661 3398 1727; x_wconf 73' lang='grc' dir='ltr'><strong>Υἱὸς</strong></span> <span class='ocrx_word' id='word_1_239' title='bbox 3422 1662 3530 1717; x_wconf 81' lang='grc' dir='ltr'><strong>τοῦ</strong></span> <span class='ocrx_word' id='word_1_240' title='bbox 3563 1661 3718 1717; x_wconf 83' lang='grc' dir='ltr'><strong>Θεοῦ</strong></span> 
     </span>
    </p>
   </div>
   <div class='ocr_carea' id='block_1_34' title="bbox 443 1736 2028 1825">
    <p class='ocr_par' dir='ltr' id='par_1_34' title="bbox 443 1736 2013 1804">
     <span class='ocr_line' id='line_1_34' title="bbox 443 1736 2013 1804; baseline 0.004 -16"><span class='ocrx_word' id='word_1_241' title='bbox 443 1750 604 1788; x_wconf 89' lang='lat' dir='ltr'><strong>unam</strong></span> <span class='ocrx_word' id='word_1_242' title='bbox 635 1749 922 1804; x_wconf 89' lang='lat' dir='ltr'><strong>personam</strong></span> <span class='ocrx_word' id='word_1_243' title='bbox 969 1736 1436 1790; x_wconf 89' lang='lat' dir='ltr'><strong>commonstravit.</strong></span> <span class='ocrx_word' id='word_1_244' title='bbox 1479 1736 1617 1804; x_wconf 85' lang='lat' dir='ltr'><strong>Quin</strong></span> <span class='ocrx_word' id='word_1_245' title='bbox 1665 1748 1722 1793; x_wconf 90' lang='lat' dir='ltr'><strong>et</strong></span> <span class='ocrx_word' id='word_1_246' title='bbox 1773 1737 2013 1795; x_wconf 86' lang='lat' dir='ltr'><strong>Hilarius</strong></span> 
     </span>
    </p>
   </div>
   <div class='ocr_carea' id='block_1_35' title="bbox 2135 1736 3716 1825">
    <p class='ocr_par' dir='ltr' id='par_1_35' title="bbox 2135 1746 3716 1825">
     <span class='ocr_line' id='line_1_35' title="bbox 2135 1746 3716 1825; baseline 0.003 -24"><span class='ocrx_word' id='word_1_247' title='bbox 2135 1747 2224 1802; x_wconf 70' lang='grc' dir='ltr'><strong>τοῦ</strong></span> <span class='ocrx_word' id='word_1_248' title='bbox 2260 1746 2495 1816; x_wconf 79' lang='grc' dir='ltr'><strong>ζῶντος.</strong></span> <span class='ocrx_word' id='word_1_249' title='bbox 2543 1749 2630 1803; x_wconf 88' lang='grc' dir='ltr'><strong>Σὺ</strong></span> <span class='ocrx_word' id='word_1_250' title='bbox 2659 1751 2710 1804; x_wconf 83' lang='grc' dir='ltr'><strong>εί</strong></span> <span class='ocrx_word' id='word_1_251' title='bbox 2763 1750 2792 1802; x_wconf 91' lang='lat'><strong>6</strong></span> <span class='ocrx_word' id='word_1_252' title='bbox 2825 1750 3104 1822; x_wconf 78' lang='grc' dir='ltr'>Χριστὸς,</span> <span class='ocrx_word' id='word_1_253' title='bbox 3142 1749 3288 1823; x_wconf 72' lang='grc'><strong>[425</strong></span> <span class='ocrx_word' id='word_1_254' title='bbox 3317 1750 3432 1824; x_wconf 85' lang='grc' dir='ltr'><strong>Η.]</strong></span> <span class='ocrx_word' id='word_1_255' title='bbox 3473 1754 3510 1823; x_wconf 75' lang='grc' dir='ltr'><strong>ἡ</strong></span> <span class='ocrx_word' id='word_1_256' title='bbox 3559 1753 3716 1825; x_wconf 77' lang='grc' dir='ltr'>διττὴ</span> 
     </span>
    </p>
   </div>
   <div class='ocr_carea' id='block_1_36' title="bbox 441 1825 2023 1898">
    <p class='ocr_par' dir='ltr' id='par_1_36' title="bbox 441 1825 2023 1898">
     <span class='ocr_line' id='line_1_36' title="bbox 441 1825 2023 1898; baseline 0.003 -16"><span class='ocrx_word' id='word_1_257' title='bbox 441 1825 815 1882; x_wconf 87' lang='lat' dir='ltr'><strong>Gabalitarum</strong></span> <span class='ocrx_word' id='word_1_258' title='bbox 857 1826 1143 1881; x_wconf 85' lang='lat' dir='ltr'><strong>confessor</strong></span> <span class='ocrx_word' id='word_1_259' title='bbox 1197 1836 1254 1882; x_wconf 91' lang='lat' dir='ltr'><strong>et</strong></span> <span class='ocrx_word' id='word_1_260' title='bbox 1309 1827 1596 1898; x_wconf 87' lang='lat' dir='ltr'><strong>episcopus</strong></span> <span class='ocrx_word' id='word_1_261' title='bbox 1653 1829 1793 1885; x_wconf 90' lang='lat' dir='ltr'><strong>libro</strong></span> <span class='ocrx_word' id='word_1_262' title='bbox 1851 1847 1903 1885; x_wconf 86' lang='lat' dir='ltr'><strong>tv</strong></span> <span class='ocrx_word' id='word_1_263' title='bbox 1945 1832 2023 1886; x_wconf 89' lang='lat' dir='ltr'><strong>De</strong></span> 
     </span>
    </p>
   </div>
   <div class='ocr_carea' id='block_1_37' title="bbox 448 1920 2025 1992">
    <p class='ocr_par' dir='ltr' id='par_1_37' title="bbox 448 1920 2025 1992">
     <span class='ocr_line' id='line_1_37' title="bbox 448 1920 2025 1992; baseline 0.004 -20"><span class='ocrx_word' id='word_1_264' title='bbox 448 1921 555 1988; x_wconf 79' lang='lat' dir='ltr'><strong>[ide</strong></span> <span class='ocrx_word' id='word_1_265' title='bbox 576 1929 626 1974; x_wconf 87' lang='lat' dir='ltr'><strong>et</strong></span> <span class='ocrx_word' id='word_1_266' title='bbox 654 1921 880 1985; x_wconf 88' lang='lat' dir='ltr'><strong>unitate,</strong></span> <span class='ocrx_word' id='word_1_267' title='bbox 909 1920 1025 1974; x_wconf 65' lang='lat' dir='ltr'><strong>haec</strong></span> <span class='ocrx_word' id='word_1_268' title='bbox 1053 1920 1358 1986; x_wconf 82' lang='lat' dir='ltr'><strong>denuntiat,</strong></span> <span class='ocrx_word' id='word_1_269' title='bbox 1385 1920 1649 1991; x_wconf 69' lang='lat' dir='ltr'><strong>(Syriacus</strong></span> <span class='ocrx_word' id='word_1_270' title='bbox 1674 1937 1890 1992; x_wconf 86' lang='lat' dir='ltr'><strong>quoque</strong></span> <span class='ocrx_word' id='word_1_271' title='bbox 1918 1923 2025 1978; x_wconf 84' lang='lat' dir='ltr'><strong>Pa-</strong></span> 
     </span>
    </p>
   </div>
   <div class='ocr_carea' id='block_1_38' title="bbox 445 2011 2021 2080">
    <p class='ocr_par' dir='ltr' id='par_1_38' title="bbox 445 2011 2021 2080">
     <span class='ocr_line' id='line_1_38' title="bbox 445 2011 2021 2080; baseline 0.004 -16"><span class='ocrx_word' id='word_1_272' title='bbox 445 2012 556 2080; x_wconf 90' lang='lat' dir='ltr'><strong>phi,</strong></span> <span class='ocrx_word' id='word_1_273' title='bbox 600 2027 738 2065; x_wconf 88' lang='lat' dir='ltr'><strong>unus</strong></span> <span class='ocrx_word' id='word_1_274' title='bbox 773 2013 838 2066; x_wconf 87' lang='lat' dir='ltr'><strong>de</strong></span> <span class='ocrx_word' id='word_1_275' title='bbox 869 2011 1127 2067; x_wconf 85' lang='lat' dir='ltr'><strong>trecentis</strong></span> <span class='ocrx_word' id='word_1_276' title='bbox 1181 2011 1286 2066; x_wconf 86' lang='lat' dir='ltr'><strong>illis</strong></span> <span class='ocrx_word' id='word_1_277' title='bbox 1325 2021 1379 2066; x_wconf 89' lang='lat' dir='ltr'><strong>et</strong></span> <span class='ocrx_word' id='word_1_278' title='bbox 1425 2024 1546 2068; x_wconf 86' lang='lat' dir='ltr'><strong>octo</strong></span> <span class='ocrx_word' id='word_1_279' title='bbox 1575 2013 1848 2070; x_wconf 84' lang='lat' dir='ltr'><strong>Palribus.</strong></span> <span class='ocrx_word' id='word_1_280' title='bbox 1893 2017 1946 2069; x_wconf 85' lang='lat' dir='ltr'><strong>ld</strong></span> <span class='ocrx_word' id='word_1_281' title='bbox 1972 2031 2021 2071; x_wconf 89' lang='lat' dir='ltr'><strong>et</strong></span> 
     </span>
    </p>
   </div>
   <div class='ocr_carea' id='block_1_39' title="bbox 445 2101 2027 2175">
    <p class='ocr_par' dir='ltr' id='par_1_39' title="bbox 445 2101 2027 2175">
     <span class='ocr_line' id='line_1_39' title="bbox 445 2101 2027 2175; baseline 0.003 -17"><span class='ocrx_word' id='word_1_282' title='bbox 445 2104 500 2158; x_wconf 89' lang='lat' dir='ltr'><strong>in</strong></span> <span class='ocrx_word' id='word_1_283' title='bbox 526 2104 667 2158; x_wconf 88' lang='lat' dir='ltr'><strong>libro</strong></span> <span class='ocrx_word' id='word_1_284' title='bbox 705 2118 864 2172; x_wconf 87' lang='lat' dir='ltr'><strong>quem</strong></span> <span class='ocrx_word' id='word_1_285' title='bbox 890 2102 1151 2158; x_wconf 82' lang='lat' dir='ltr'><strong>Gratiano</strong></span> <span class='ocrx_word' id='word_1_286' title='bbox 1176 2101 1377 2158; x_wconf 70' lang='grc' dir='ltr'>ϐατιατὶ</span> <span class='ocrx_word' id='word_1_287' title='bbox 1405 2105 1682 2175; x_wconf 85' lang='lat' dir='ltr'><strong>inscripsit</strong></span> <span class='ocrx_word' id='word_1_288' title='bbox 1707 2106 2027 2163; x_wconf 84' lang='lat' dir='ltr'><strong>Ambrosius</strong></span> 
     </span>
    </p>
   </div>
   <div class='ocr_carea' id='block_1_40' title="bbox 444 2193 2029 2267">
    <p class='ocr_par' dir='ltr' id='par_1_40' title="bbox 444 2193 2029 2267">
     <span class='ocr_line' id='line_1_40' title="bbox 444 2193 2029 2267; baseline 0.004 -19"><span class='ocrx_word' id='word_1_289' title='bbox 444 2195 730 2264; x_wconf 88' lang='lat' dir='ltr'><strong>episc0pus</strong></span> <span class='ocrx_word' id='word_1_290' title='bbox 782 2193 1228 2259; x_wconf 81' lang='lat' dir='ltr'><strong>Mediolanensis,</strong></span> <span class='ocrx_word' id='word_1_291' title='bbox 1262 2205 1318 2251; x_wconf 90' lang='lat' dir='ltr'><strong>et</strong></span> <span class='ocrx_word' id='word_1_292' title='bbox 1349 2197 1402 2250; x_wconf 90' lang='lat' dir='ltr'><strong>in</strong></span> <span class='ocrx_word' id='word_1_293' title='bbox 1453 2195 1590 2251; x_wconf 84' lang='lat' dir='ltr'><strong>libro</strong></span> <span class='ocrx_word' id='word_1_294' title='bbox 1652 2197 1727 2253; x_wconf 83' lang='lat' dir='ltr'><strong>De</strong></span> <span class='ocrx_word' id='word_1_295' title='bbox 1757 2197 2029 2267; x_wconf 82' lang='lat' dir='ltr'><strong>Apollina-</strong></span> 
     </span>
    </p>
   </div>
   <div class='ocr_carea' id='block_1_41' title="bbox 444 2286 2030 2362">
    <p class='ocr_par' dir='ltr' id='par_1_41' title="bbox 444 2286 2030 2362">
     <span class='ocr_line' id='line_1_41' title="bbox 444 2286 2030 2362; baseline 0.006 -25"><span class='ocrx_word' id='word_1_296' title='bbox 444 2287 543 2348; x_wconf 88' lang='lat' dir='ltr'><strong>rio,</strong></span> <span class='ocrx_word' id='word_1_297' title='bbox 569 2296 617 2340; x_wconf 86' lang='lat' dir='ltr'><strong>et</strong></span> <span class='ocrx_word' id='word_1_298' title='bbox 643 2288 706 2339; x_wconf 81' lang='lat' dir='ltr'><strong>de</strong></span> <span class='ocrx_word' id='word_1_299' title='bbox 734 2289 1116 2341; x_wconf 81' lang='lat' dir='ltr'><strong>incarnatione.</strong></span> <span class='ocrx_word' id='word_1_300' title='bbox 1145 2286 1252 2343; x_wconf 86' lang='lat' dir='ltr'><strong>Sed</strong></span> <span class='ocrx_word' id='word_1_301' title='bbox 1280 2288 1542 2345; x_wconf 89' lang='lat' dir='ltr'><strong>etPetrus</strong></span> <span class='ocrx_word' id='word_1_302' title='bbox 1569 2300 1777 2362; x_wconf 81' lang='lat' dir='ltr'><strong>martyr</strong></span> <span class='ocrx_word' id='word_1_303' title='bbox 1800 2291 2030 2346; x_wconf 66' lang='lat' dir='ltr'><strong>Alexano</strong></span> 
     </span>
    </p>
   </div>
   <div class='ocr_carea' id='block_1_42' title="bbox 444 2376 2030 2451">
    <p class='ocr_par' dir='ltr' id='par_1_42' title="bbox 444 2376 2030 2451">
     <span class='ocr_line' id='line_1_42' title="bbox 444 2376 2030 2451; baseline 0.004 -20"><span class='ocrx_word' id='word_1_304' title='bbox 444 2377 578 2431; x_wconf 68' lang='lat' dir='ltr'><strong>aria:</strong></span> <span class='ocrx_word' id='word_1_305' title='bbox 606 2376 824 2445; x_wconf 76' lang='lat' dir='ltr'><strong>praesul,</strong></span> <span class='ocrx_word' id='word_1_306' title='bbox 882 2377 1117 2432; x_wconf 83' lang='lat' dir='ltr'><strong>Basilius</strong></span> <span class='ocrx_word' id='word_1_307' title='bbox 1163 2378 1428 2434; x_wconf 73' lang='lat' dir='ltr'><strong>Cmsarea:</strong></span> <span class='ocrx_word' id='word_1_308' title='bbox 1475 2379 1851 2451; x_wconf 80' lang='lat' dir='ltr'><strong>Cappadociae,</strong></span> <span class='ocrx_word' id='word_1_309' title='bbox 1895 2382 2030 2438; x_wconf 84' lang='lat' dir='ltr'><strong>Cre-</strong></span> 
     </span>
    </p>
   </div>
   <div class='ocr_carea' id='block_1_43' title="bbox 444 2467 2029 2539">
    <p class='ocr_par' dir='ltr' id='par_1_43' title="bbox 444 2467 2029 2539">
     <span class='ocr_line' id='line_1_43' title="bbox 444 2467 2029 2539; baseline 0.006 -18"><span class='ocrx_word' id='word_1_310' title='bbox 444 2469 630 2536; x_wconf 87' lang='lat' dir='ltr'><strong>gorius</strong></span> <span class='ocrx_word' id='word_1_311' title='bbox 662 2467 968 2539; x_wconf 80' lang='lat' dir='ltr'><strong>Theologus</strong></span> <span class='ocrx_word' id='word_1_312' title='bbox 1022 2470 1074 2524; x_wconf 92' lang='lat' dir='ltr'><strong>iu</strong></span> <span class='ocrx_word' id='word_1_313' title='bbox 1129 2470 1295 2524; x_wconf 88' lang='lat' dir='ltr'><strong>natali</strong></span> <span class='ocrx_word' id='word_1_314' title='bbox 1332 2470 1571 2539; x_wconf 89' lang='lat' dir='ltr'><strong>Domini,</strong></span> <span class='ocrx_word' id='word_1_315' title='bbox 1619 2484 1674 2530; x_wconf 90' lang='lat' dir='ltr'><strong>et</strong></span> <span class='ocrx_word' id='word_1_316' title='bbox 1702 2474 1839 2531; x_wconf 89' lang='lat' dir='ltr'><strong>libro</strong></span> <span class='ocrx_word' id='word_1_317' title='bbox 1870 2491 1906 2530; x_wconf 90' lang='grc' dir='ltr'><strong>ιι</strong></span> <span class='ocrx_word' id='word_1_318' title='bbox 1955 2475 2029 2530; x_wconf 87' lang='lat' dir='ltr'><strong>De</strong></span> 
     </span>
    </p>
   </div>
   <div class='ocr_carea' id='block_1_44' title="bbox 447 2555 2032 2636">
    <p class='ocr_par' dir='ltr' id='par_1_44' title="bbox 447 2555 2032 2636">
     <span class='ocr_line' id='line_1_44' title="bbox 447 2555 2032 2636; baseline 0.008 -26"><span class='ocrx_word' id='word_1_319' title='bbox 447 2555 613 2624; x_wconf 84' lang='lat' dir='ltr'><strong>Filio,</strong></span> <span class='ocrx_word' id='word_1_320' title='bbox 639 2566 695 2613; x_wconf 90' lang='lat' dir='ltr'><strong>et</strong></span> <span class='ocrx_word' id='word_1_321' title='bbox 715 2559 943 2632; x_wconf 76' lang='lat' dir='ltr'><strong>epistola</strong></span> <span class='ocrx_word' id='word_1_322' title='bbox 975 2563 1210 2615; x_wconf 90' lang='lat' dir='ltr'><strong>secunda</strong></span> <span class='ocrx_word' id='word_1_323' title='bbox 1237 2562 1305 2617; x_wconf 90' lang='lat' dir='ltr'><strong>ad</strong></span> <span class='ocrx_word' id='word_1_324' title='bbox 1332 2560 1673 2631; x_wconf 89' lang='lat' dir='ltr'><strong>Cledoninm,</strong></span> <span class='ocrx_word' id='word_1_325' title='bbox 1719 2566 2032 2636; x_wconf 86' lang='lat' dir='ltr'><strong>locupletis-</strong></span> 
     </span>
    </p>
   </div>
   <div class='ocr_carea' id='block_1_45' title="bbox 445 2649 2029 2726">
    <p class='ocr_par' dir='ltr' id='par_1_45' title="bbox 445 2649 2029 2726">
     <span class='ocr_line' id='line_1_45' title="bbox 445 2649 2029 2726; baseline 0.004 -21"><span class='ocrx_word' id='word_1_326' title='bbox 445 2649 585 2705; x_wconf 87' lang='lat' dir='ltr'><strong>sime</strong></span> <span class='ocrx_word' id='word_1_327' title='bbox 614 2651 730 2706; x_wconf 75' lang='lat' dir='ltr'><strong>hzec</strong></span> <span class='ocrx_word' id='word_1_328' title='bbox 758 2651 874 2721; x_wconf 89' lang='lat' dir='ltr'><strong>ipsa</strong></span> <span class='ocrx_word' id='word_1_329' title='bbox 923 2661 1215 2721; x_wconf 88' lang='lat' dir='ltr'><strong>testantur,</strong></span> <span class='ocrx_word' id='word_1_330' title='bbox 1248 2663 1304 2709; x_wconf 91' lang='lat' dir='ltr'><strong>et</strong></span> <span class='ocrx_word' id='word_1_331' title='bbox 1347 2654 1757 2726; x_wconf 79' lang='lat' dir='ltr'><strong>Amphilochius</strong></span> <span class='ocrx_word' id='word_1_332' title='bbox 1803 2659 2029 2726; x_wconf 85' lang='lat' dir='ltr'><strong>epistola</strong></span> 
     </span>
    </p>
   </div>
   <div class='ocr_carea' id='block_1_46' title="bbox 448 2740 2028 2815">
    <p class='ocr_par' dir='ltr' id='par_1_46' title="bbox 448 2740 2028 2815">
     <span class='ocr_line' id='line_1_46' title="bbox 448 2740 2028 2815; baseline 0.004 -21"><span class='ocrx_word' id='word_1_333' title='bbox 448 2740 515 2794; x_wconf 90' lang='lat' dir='ltr'><strong>ad</strong></span> <span class='ocrx_word' id='word_1_334' title='bbox 544 2740 854 2808; x_wconf 90' lang='lat' dir='ltr'><strong>Seleucum,</strong></span> <span class='ocrx_word' id='word_1_335' title='bbox 885 2751 938 2797; x_wconf 86' lang='lat' dir='ltr'><strong>et</strong></span> <span class='ocrx_word' id='word_1_336' title='bbox 959 2742 1386 2815; x_wconf 90' lang='lat' dir='ltr'><strong>Chrysostomus</strong></span> <span class='ocrx_word' id='word_1_337' title='bbox 1408 2745 1462 2801; x_wconf 88' lang='lat' dir='ltr'><strong>in</strong></span> <span class='ocrx_word' id='word_1_338' title='bbox 1503 2747 1730 2814; x_wconf 88' lang='lat' dir='ltr'><strong>primam</strong></span> <span class='ocrx_word' id='word_1_339' title='bbox 1781 2746 1930 2801; x_wconf 86' lang='lat' dir='ltr'><strong>Pauli</strong></span> <span class='ocrx_word' id='word_1_340' title='bbox 1963 2747 2028 2802; x_wconf 87' lang='lat' dir='ltr'><strong>ad</strong></span> 
     </span>
    </p>
   </div>
   <div class='ocr_carea' id='block_1_47' title="bbox 446 2828 2027 2906">
    <p class='ocr_par' dir='ltr' id='par_1_47' title="bbox 446 2828 2027 2906">
     <span class='ocr_line' id='line_1_47' title="bbox 446 2828 2027 2906; baseline 0.006 -23"><span class='ocrx_word' id='word_1_341' title='bbox 446 2828 820 2898; x_wconf 88' lang='lat' dir='ltr'><strong>Timotheum,</strong></span> <span class='ocrx_word' id='word_1_342' title='bbox 848 2831 1073 2887; x_wconf 89' lang='lat' dir='ltr'><strong>Proclus</strong></span> <span class='ocrx_word' id='word_1_343' title='bbox 1101 2849 1319 2904; x_wconf 90' lang='lat' dir='ltr'><strong>quoque</strong></span> <span class='ocrx_word' id='word_1_344' title='bbox 1349 2834 1674 2906; x_wconf 87' lang='lat' dir='ltr'><strong>Bysautinus</strong></span> <span class='ocrx_word' id='word_1_345' title='bbox 1693 2838 1746 2891; x_wconf 91' lang='lat' dir='ltr'><strong>in</strong></span> <span class='ocrx_word' id='word_1_346' title='bbox 1776 2853 2027 2894; x_wconf 79' lang='lat' dir='ltr'><strong>sermone</strong></span> 
     </span>
    </p>
   </div>
   <div class='ocr_carea' id='block_1_48' title="bbox 451 2921 2032 2984">
    <p class='ocr_par' dir='ltr' id='par_1_48' title="bbox 451 2921 2032 2984">
     <span class='ocr_line' id='line_1_48' title="bbox 451 2921 2032 2984; baseline 0.004 -7"><span class='ocrx_word' id='word_1_347' title='bbox 451 2921 519 2977; x_wconf 90' lang='lat' dir='ltr'><strong>de</strong></span> <span class='ocrx_word' id='word_1_348' title='bbox 545 2922 830 2977; x_wconf 86' lang='lat' dir='ltr'><strong>nativitate</strong></span> <span class='ocrx_word' id='word_1_349' title='bbox 860 2922 1096 2979; x_wconf 90' lang='lat' dir='ltr'><strong>Domini.</strong></span> <span class='ocrx_word' id='word_1_350' title='bbox 1121 2926 1459 2982; x_wconf 81' lang='lat' dir='ltr'><strong>Athanasius</strong></span> <span class='ocrx_word' id='word_1_351' title='bbox 1487 2927 1652 2981; x_wconf 88' lang='lat' dir='ltr'><strong>etiam</strong></span> <span class='ocrx_word' id='word_1_352' title='bbox 1688 2929 2032 2984; x_wconf 74' lang='lat' dir='ltr'><strong>Alexandria:</strong></span> 
     </span>
    </p>
   </div>
   <div class='ocr_carea' id='block_1_49' title="bbox 447 3012 2032 3090">
    <p class='ocr_par' dir='ltr' id='par_1_49' title="bbox 447 3012 2032 3090">
     <span class='ocr_line' id='line_1_49' title="bbox 447 3012 2032 3090; baseline 0.004 -22"><span class='ocrx_word' id='word_1_353' title='bbox 447 3012 736 3082; x_wconf 87' lang='lat' dir='ltr'><strong>episcopus</strong></span> <span class='ocrx_word' id='word_1_354' title='bbox 781 3014 834 3067; x_wconf 88' lang='lat' dir='ltr'><strong>in</strong></span> <span class='ocrx_word' id='word_1_355' title='bbox 860 3013 1084 3083; x_wconf 84' lang='lat' dir='ltr'><strong>epistola</strong></span> <span class='ocrx_word' id='word_1_356' title='bbox 1115 3016 1184 3070; x_wconf 90' lang='lat' dir='ltr'><strong>ad</strong></span> <span class='ocrx_word' id='word_1_357' title='bbox 1229 3016 1484 3087; x_wconf 79' lang='lat' dir='ltr'><strong>virgines,</strong></span> <span class='ocrx_word' id='word_1_358' title='bbox 1525 3028 1581 3073; x_wconf 88' lang='lat' dir='ltr'><strong>et</strong></span> <span class='ocrx_word' id='word_1_359' title='bbox 1632 3017 1867 3089; x_wconf 85' lang='lat' dir='ltr'><strong>Cyrillus</strong></span> <span class='ocrx_word' id='word_1_360' title='bbox 1915 3021 2032 3090; x_wconf 88' lang='lat' dir='ltr'><strong>epi-</strong></span> 
     </span>
    </p>
   </div>
   <div class='ocr_carea' id='block_1_50' title="bbox 2125 1838 3717 1916">
    <p class='ocr_par' dir='ltr' id='par_1_50' title="bbox 2125 1838 3717 1916">
     <span class='ocr_line' id='line_1_50' title="bbox 2125 1838 3717 1916; baseline 0.006 -24"><span class='ocrx_word' id='word_1_361' title='bbox 2125 1839 2289 1909; x_wconf 81' lang='grc' dir='ltr'>φύσις</span> <span class='ocrx_word' id='word_1_362' title='bbox 2312 1857 2327 1871; x_wconf 76' lang='grc' dir='ltr'><strong>ο</strong></span> <span class='ocrx_word' id='word_1_363' title='bbox 2361 1843 2424 1896; x_wconf 80' lang='grc' dir='ltr'><strong>σὺ</strong></span> <span class='ocrx_word' id='word_1_364' title='bbox 2455 1838 2507 1896; x_wconf 83' lang='grc' dir='ltr'><strong>εἷ</strong></span> <span class='ocrx_word' id='word_1_365' title='bbox 2536 1844 2565 1896; x_wconf 90' lang='lat'><strong>6</strong></span> <span class='ocrx_word' id='word_1_366' title='bbox 2595 1845 2865 1916; x_wconf 76' lang='grc' dir='ltr'>Χριστόςο</span> <span class='ocrx_word' id='word_1_367' title='bbox 2901 1849 2996 1902; x_wconf 80' lang='grc' dir='ltr'><strong>καὶ</strong></span> <span class='ocrx_word' id='word_1_368' title='bbox 3027 1849 3128 1902; x_wconf 84' lang='grc' dir='ltr'><strong>οὐκ</strong></span> <span class='ocrx_word' id='word_1_369' title='bbox 3157 1845 3331 1914; x_wconf 80' lang='grc' dir='ltr'>εἶπεν,</span> <span class='ocrx_word' id='word_1_370' title='bbox 3363 1849 3515 1914; x_wconf 81' lang='grc' dir='ltr'>Υἱὸς,</span> <span class='ocrx_word' id='word_1_371' title='bbox 3549 1849 3717 1903; x_wconf 79' lang='grc' dir='ltr'>ἀλλ’ὁ</span> 
     </span>
    </p>
   </div>
   <div class='ocr_carea' id='block_1_51' title="bbox 2125 1934 3717 2013">
    <p class='ocr_par' dir='ltr' id='par_1_51' title="bbox 2125 1934 3717 2013">
     <span class='ocr_line' id='line_1_51' title="bbox 2125 1934 3717 2013; baseline 0.005 -25"><span class='ocrx_word' id='word_1_372' title='bbox 2125 1934 2253 2000; x_wconf 81' lang='grc' dir='ltr'>Υίδς</span> <span class='ocrx_word' id='word_1_373' title='bbox 2274 1935 2370 1990; x_wconf 82' lang='grc' dir='ltr'><strong>τοῦ</strong></span> <span class='ocrx_word' id='word_1_374' title='bbox 2395 1937 2530 1990; x_wconf 79' lang='grc' dir='ltr'>Θεοῦ</span> <span class='ocrx_word' id='word_1_375' title='bbox 2565 1937 2660 1991; x_wconf 83' lang='grc' dir='ltr'>τοῦ</span> <span class='ocrx_word' id='word_1_376' title='bbox 2682 1939 2902 2004; x_wconf 81' lang='grc' dir='ltr'>ζῶντος.</span> <span class='ocrx_word' id='word_1_377' title='bbox 2938 1941 3184 2010; x_wconf 75' lang='grc' dir='ltr'>Ἐπέγνω</span> <span class='ocrx_word' id='word_1_378' title='bbox 3206 1943 3300 1995; x_wconf 76' lang='grc' dir='ltr'><strong>καὶ</strong></span> <span class='ocrx_word' id='word_1_379' title='bbox 3328 1941 3390 1996; x_wconf 79' lang='grc' dir='ltr'>τὸ</span> <span class='ocrx_word' id='word_1_380' title='bbox 3419 1942 3717 2013; x_wconf 66' lang='grc' dir='ltr'>μοναδικόν</span> 
     </span>
    </p>
   </div>
   <div class='ocr_carea' id='block_1_52' title="bbox 2131 2027 3718 2105">
    <p class='ocr_par' dir='ltr' id='par_1_52' title="bbox 2131 2027 3718 2105">
     <span class='ocr_line' id='line_1_52' title="bbox 2131 2027 3718 2105; baseline 0.006 -27"><span class='ocrx_word' id='word_1_381' title='bbox 2131 2027 2445 2098; x_wconf 80' lang='grc' dir='ltr'>πρόσωπον.</span> <span class='ocrx_word' id='word_1_382' title='bbox 2480 2031 2596 2098; x_wconf 84' lang='grc' dir='ltr'><strong>Ἐφ’</strong></span> <span class='ocrx_word' id='word_1_383' title='bbox 2636 2028 2720 2094; x_wconf 77' lang='grc' dir='ltr'><strong>οἷς</strong></span> <span class='ocrx_word' id='word_1_384' title='bbox 2745 2033 2838 2084; x_wconf 70' lang='grc' dir='ltr'><strong>καὶ</strong></span> <span class='ocrx_word' id='word_1_385' title='bbox 2871 2034 2900 2085; x_wconf 90' lang='lat'><strong>6</strong></span> <span class='ocrx_word' id='word_1_386' title='bbox 2933 2033 3166 2105; x_wconf 83' lang='grc' dir='ltr'>Ἰλὰριος</span> <span class='ocrx_word' id='word_1_387' title='bbox 3195 2036 3224 2088; x_wconf 93' lang='lat'><strong>6</strong></span> <span class='ocrx_word' id='word_1_388' title='bbox 3248 2035 3589 2104; x_wconf 84' lang='grc' dir='ltr'>ὁμολογητὴς</span> <span class='ocrx_word' id='word_1_389' title='bbox 3619 2035 3718 2088; x_wconf 78' lang='grc' dir='ltr'><strong>καὶ</strong></span> 
     </span>
    </p>
   </div>
   <div class='ocr_carea' id='block_1_53' title="bbox 2127 2118 3718 2196">
    <p class='ocr_par' dir='ltr' id='par_1_53' title="bbox 2127 2118 3718 2196">
     <span class='ocr_line' id='line_1_53' title="bbox 2127 2118 3718 2196; baseline 0.005 -27"><span class='ocrx_word' id='word_1_390' title='bbox 2127 2118 2425 2182; x_wconf 78' lang='grc' dir='ltr'><strong>ἐπίσκοπος</strong></span> <span class='ocrx_word' id='word_1_391' title='bbox 2445 2120 2705 2174; x_wconf 79' lang='grc' dir='ltr'>Γαϐάλων</span> <span class='ocrx_word' id='word_1_392' title='bbox 2733 2123 2791 2175; x_wconf 80' lang='grc' dir='ltr'><strong>ἐν</strong></span> <span class='ocrx_word' id='word_1_393' title='bbox 2821 2122 2898 2192; x_wconf 84' lang='grc' dir='ltr'><strong>τῷ</strong></span> <span class='ocrx_word' id='word_1_394' title='bbox 2919 2123 2963 2176; x_wconf 87' lang='grc' dir='ltr'>δ’</span> <span class='ocrx_word' id='word_1_395' title='bbox 2995 2124 3134 2192; x_wconf 75' lang='grc' dir='ltr'>Περὶ</span> <span class='ocrx_word' id='word_1_396' title='bbox 3157 2125 3418 2192; x_wconf 79' lang='grc' dir='ltr'>πίστεως</span> <span class='ocrx_word' id='word_1_397' title='bbox 3441 2125 3587 2196; x_wconf 84' lang='grc' dir='ltr'>λόγῳ</span> <span class='ocrx_word' id='word_1_398' title='bbox 3619 2125 3718 2178; x_wconf 70' lang='grc' dir='ltr'><strong>καὶ</strong></span> 
     </span>
    </p>
   </div>
   <div class='ocr_carea' id='block_1_54' title="bbox 2127 2210 3716 2294">
    <p class='ocr_par' dir='ltr' id='par_1_54' title="bbox 2127 2210 3716 2294">
     <span class='ocr_line' id='line_1_54' title="bbox 2127 2210 3716 2294; baseline 0.004 -31"><span class='ocrx_word' id='word_1_399' title='bbox 2127 2212 2186 2263; x_wconf 90' lang='grc' dir='ltr'><strong>ἐν</strong></span> <span class='ocrx_word' id='word_1_400' title='bbox 2209 2210 2286 2281; x_wconf 83' lang='grc' dir='ltr'><strong>τῷ</strong></span> <span class='ocrx_word' id='word_1_401' title='bbox 2335 2212 2475 2280; x_wconf 80' lang='grc' dir='ltr'>Περὶ</span> <span class='ocrx_word' id='word_1_402' title='bbox 2503 2214 2772 2282; x_wconf 85' lang='grc' dir='ltr'>ἑνώσεως</span> <span class='ocrx_word' id='word_1_403' title='bbox 2795 2215 2967 2270; x_wconf 83' lang='grc' dir='ltr'>ταῦτα</span> <span class='ocrx_word' id='word_1_404' title='bbox 2995 2216 3284 2287; x_wconf 84' lang='grc' dir='ltr'><em>κηρύσσει,</em></span> <span class='ocrx_word' id='word_1_405' title='bbox 3309 2218 3404 2270; x_wconf 74' lang='grc' dir='ltr'><strong>καὶ</strong></span> <span class='ocrx_word' id='word_1_406' title='bbox 3433 2218 3716 2294; x_wconf 74' lang='grc' dir='ltr'>Κυριακὺς</span> 
     </span>
    </p>
   </div>
   <div class='ocr_carea' id='block_1_55' title="bbox 2129 2299 3718 2376">
    <p class='ocr_par' dir='ltr' id='par_1_55' title="bbox 2129 2299 3718 2376">
     <span class='ocr_line' id='line_1_55' title="bbox 2129 2299 3718 2376; baseline 0.003 -22"><span class='ocrx_word' id='word_1_407' title='bbox 2129 2301 2426 2364; x_wconf 76' lang='grc' dir='ltr'><em>ἐπίσκοπος</em></span> <span class='ocrx_word' id='word_1_408' title='bbox 2458 2303 2646 2371; x_wconf 77' lang='grc' dir='ltr'>Πάφου</span> <span class='ocrx_word' id='word_1_409' title='bbox 2667 2344 2682 2368; x_wconf 91' lang='grc'><strong>,</strong></span> <span class='ocrx_word' id='word_1_410' title='bbox 2705 2299 2785 2366; x_wconf 74' lang='grc' dir='ltr'>εἷς</span> <span class='ocrx_word' id='word_1_411' title='bbox 2817 2305 2925 2357; x_wconf 85' lang='grc' dir='ltr'>τῶν</span> <span class='ocrx_word' id='word_1_412' title='bbox 2950 2303 3056 2376; x_wconf 82' lang='grc' dir='ltr'>τιη¹</span> <span class='ocrx_word' id='word_1_413' title='bbox 3085 2306 3256 2372; x_wconf 82' lang='grc' dir='ltr'>ἁγίων</span> <span class='ocrx_word' id='word_1_414' title='bbox 3288 2307 3551 2376; x_wconf 81' lang='grc' dir='ltr'>Πατέρων</span> <span class='ocrx_word' id='word_1_415' title='bbox 3579 2348 3594 2371; x_wconf 85' lang='grc'><strong>,</strong></span> <span class='ocrx_word' id='word_1_416' title='bbox 3621 2308 3718 2360; x_wconf 72' lang='grc' dir='ltr'><strong>καὶ</strong></span> 
     </span>
    </p>
   </div>
   <div class='ocr_carea' id='block_1_56' title="bbox 2143 2389 3716 2469">
    <p class='ocr_par' dir='ltr' id='par_1_56' title="bbox 2143 2389 3716 2469">
     <span class='ocr_line' id='line_1_56' title="bbox 2143 2389 3716 2469; baseline 0.007 -28"><span class='ocrx_word' id='word_1_417' title='bbox 2143 2389 2464 2461; x_wconf 78' lang='grc' dir='ltr'>Ἀμϐρόσιος</span> <span class='ocrx_word' id='word_1_418' title='bbox 2521 2393 2817 2458; x_wconf 68' lang='grc' dir='ltr'>ἐπίσκοπος</span> <span class='ocrx_word' id='word_1_419' title='bbox 2866 2395 3209 2450; x_wconf 86' lang='grc' dir='ltr'>Μεδιολάνων</span> <span class='ocrx_word' id='word_1_420' title='bbox 3257 2399 3315 2450; x_wconf 85' lang='grc' dir='ltr'><strong>ἐν</strong></span> <span class='ocrx_word' id='word_1_421' title='bbox 3368 2398 3449 2469; x_wconf 77' lang='grc' dir='ltr'><strong>τῷ</strong></span> <span class='ocrx_word' id='word_1_422' title='bbox 3475 2398 3624 2468; x_wconf 84' lang='grc' dir='ltr'>λόγῳ</span> <span class='ocrx_word' id='word_1_423' title='bbox 3656 2399 3716 2452; x_wconf 77' lang='grc' dir='ltr'>ὃν</span> 
     </span>
    </p>
   </div>
   <div class='ocr_carea' id='block_1_57' title="bbox 2131 2482 3720 2560">
    <p class='ocr_par' dir='ltr' id='par_1_57' title="bbox 2131 2482 3720 2560">
     <span class='ocr_line' id='line_1_57' title="bbox 2131 2482 3720 2560; baseline 0.006 -27"><span class='ocrx_word' id='word_1_424' title='bbox 2131 2482 2409 2554; x_wconf 81' lang='grc' dir='ltr'>ἐπέγραψε</span> <span class='ocrx_word' id='word_1_425' title='bbox 2431 2484 2716 2555; x_wconf 82' lang='grc' dir='ltr'>Γρατιανῷ</span> <span class='ocrx_word' id='word_1_426' title='bbox 2734 2485 2810 2556; x_wconf 79' lang='grc' dir='ltr'><strong>τῷ</strong></span> <span class='ocrx_word' id='word_1_427' title='bbox 2835 2486 3045 2556; x_wconf 86' lang='grc' dir='ltr'>βασιλεί</span> <span class='ocrx_word' id='word_1_428' title='bbox 3059 2527 3072 2552; x_wconf 92' lang='grc'><strong>,</strong></span> <span class='ocrx_word' id='word_1_429' title='bbox 3092 2489 3186 2540; x_wconf 83' lang='grc' dir='ltr'><strong>καὶ</strong></span> <span class='ocrx_word' id='word_1_430' title='bbox 3207 2489 3263 2540; x_wconf 87' lang='grc' dir='ltr'><strong>ἐν</strong></span> <span class='ocrx_word' id='word_1_431' title='bbox 3292 2489 3370 2560; x_wconf 85' lang='grc' dir='ltr'>τῷ</span> <span class='ocrx_word' id='word_1_432' title='bbox 3393 2490 3524 2560; x_wconf 77' lang='grc' dir='ltr'>περὶ</span> <span class='ocrx_word' id='word_1_433' title='bbox 3554 2490 3720 2541; x_wconf 76' lang='grc' dir='ltr'>Ἀποο</span> 
     </span>
    </p>
   </div>
   <div class='ocr_carea' id='block_1_58' title="bbox 2130 2573 3717 2652">
    <p class='ocr_par' dir='ltr' id='par_1_58' title="bbox 2130 2573 3717 2652">
     <span class='ocr_line' id='line_1_58' title="bbox 2130 2573 3717 2652; baseline 0.006 -26"><span class='ocrx_word' id='word_1_434' title='bbox 2130 2573 2369 2645; x_wconf 89' lang='grc' dir='ltr'>λιναρίου</span> <span class='ocrx_word' id='word_1_435' title='bbox 2389 2615 2405 2642; x_wconf 90' lang='grc'><strong>,</strong></span> <span class='ocrx_word' id='word_1_436' title='bbox 2440 2577 2537 2630; x_wconf 72' lang='grc' dir='ltr'><strong>καὶ</strong></span> <span class='ocrx_word' id='word_1_437' title='bbox 2564 2578 2622 2629; x_wconf 87' lang='grc' dir='ltr'><strong>ἐν</strong></span> <span class='ocrx_word' id='word_1_438' title='bbox 2671 2577 2750 2648; x_wconf 85' lang='grc' dir='ltr'>τῷ</span> <span class='ocrx_word' id='word_1_439' title='bbox 2795 2577 2925 2650; x_wconf 68' lang='grc' dir='ltr'>περὶ</span> <span class='ocrx_word' id='word_1_440' title='bbox 2968 2579 3436 2652; x_wconf 80' lang='grc' dir='ltr'>ἐνανθρωπήσεως</span> <span class='ocrx_word' id='word_1_441' title='bbox 3467 2581 3616 2652; x_wconf 86' lang='grc' dir='ltr'>λόγῳ</span> <span class='ocrx_word' id='word_1_442' title='bbox 3643 2583 3717 2635; x_wconf 83' lang='grc'><strong>⁸⁷.</strong></span> 
     </span>
    </p>
   </div>
   <div class='ocr_carea' id='block_1_59' title="bbox 2144 2666 3721 2744">
    <p class='ocr_par' dir='ltr' id='par_1_59' title="bbox 2144 2666 3721 2744">
     <span class='ocr_line' id='line_1_59' title="bbox 2144 2666 3721 2744; baseline 0.005 -26"><span class='ocrx_word' id='word_1_443' title='bbox 2144 2666 2306 2719; x_wconf 82' lang='grc' dir='ltr'>Ἀλλὰ</span> <span class='ocrx_word' id='word_1_444' title='bbox 2332 2667 2426 2721; x_wconf 79' lang='grc' dir='ltr'><strong>καὶ</strong></span> <span class='ocrx_word' id='word_1_445' title='bbox 2460 2669 2666 2740; x_wconf 85' lang='grc' dir='ltr'>Πέτρος</span> <span class='ocrx_word' id='word_1_446' title='bbox 2693 2671 2721 2722; x_wconf 90' lang='lat'><strong>6</strong></span> <span class='ocrx_word' id='word_1_447' title='bbox 2762 2669 3168 2741; x_wconf 78' lang='grc' dir='ltr'><strong>Ἀλεξανδρείας</strong></span> <span class='ocrx_word' id='word_1_448' title='bbox 3197 2673 3293 2726; x_wconf 71' lang='grc' dir='ltr'><strong>καὶ</strong></span> <span class='ocrx_word' id='word_1_449' title='bbox 3341 2674 3584 2744; x_wconf 82' lang='grc' dir='ltr'>μάρτυς,</span> <span class='ocrx_word' id='word_1_450' title='bbox 3620 2674 3721 2727; x_wconf 70' lang='grc' dir='ltr'><strong>καὶ</strong></span> 
     </span>
    </p>
   </div>
   <div class='ocr_carea' id='block_1_60' title="bbox 2135 2757 3722 2838">
    <p class='ocr_par' dir='ltr' id='par_1_60' title="bbox 2135 2757 3722 2838">
     <span class='ocr_line' id='line_1_60' title="bbox 2135 2757 3722 2838; baseline 0.006 -26"><span class='ocrx_word' id='word_1_451' title='bbox 2135 2757 2415 2824; x_wconf 87' lang='grc' dir='ltr'>Βασίλειος</span> <span class='ocrx_word' id='word_1_452' title='bbox 2461 2762 2490 2815; x_wconf 90' lang='lat'><strong>6</strong></span> <span class='ocrx_word' id='word_1_453' title='bbox 2542 2764 2877 2834; x_wconf 84' lang='grc' dir='ltr'>Καισαρείας</span> <span class='ocrx_word' id='word_1_454' title='bbox 2926 2765 3024 2834; x_wconf 86' lang='grc' dir='ltr'>τῆς</span> <span class='ocrx_word' id='word_1_455' title='bbox 3072 2765 3131 2818; x_wconf 78' lang='grc' dir='ltr'><strong>ἐν</strong></span> <span class='ocrx_word' id='word_1_456' title='bbox 3183 2765 3586 2838; x_wconf 68' lang='grc' dir='ltr'>Καππαδοκίᾳ,</span> <span class='ocrx_word' id='word_1_457' title='bbox 3626 2769 3722 2821; x_wconf 78' lang='grc' dir='ltr'><strong>καὶ</strong></span> 
     </span>
    </p>
   </div>
   <div class='ocr_carea' id='block_1_61' title="bbox 2144 2851 3722 2926">
    <p class='ocr_par' dir='ltr' id='par_1_61' title="bbox 2144 2851 3722 2926">
     <span class='ocr_line' id='line_1_61' title="bbox 2144 2851 3722 2926; baseline 0.003 -22"><span class='ocrx_word' id='word_1_458' title='bbox 2144 2851 2445 2922; x_wconf 84' lang='grc' dir='ltr'>Γρηγόριος</span> <span class='ocrx_word' id='word_1_459' title='bbox 2470 2855 2498 2905; x_wconf 88' lang='grc' dir='ltr'>ὁ</span> <span class='ocrx_word' id='word_1_460' title='bbox 2529 2853 2790 2922; x_wconf 81' lang='grc' dir='ltr'>Θεολόγος</span> <span class='ocrx_word' id='word_1_461' title='bbox 2817 2855 2874 2907; x_wconf 87' lang='grc' dir='ltr'><strong>ἐν</strong></span> <span class='ocrx_word' id='word_1_462' title='bbox 2915 2858 3027 2918; x_wconf 86' lang='grc' dir='ltr'>τοῖς</span> <span class='ocrx_word' id='word_1_463' title='bbox 3059 2855 3356 2924; x_wconf 84' lang='grc' dir='ltr'><strong>γενεθλίοις</strong></span> <span class='ocrx_word' id='word_1_464' title='bbox 3382 2858 3480 2910; x_wconf 72' lang='grc' dir='ltr'><strong>καὶ</strong></span> <span class='ocrx_word' id='word_1_465' title='bbox 3531 2858 3593 2909; x_wconf 82' lang='grc' dir='ltr'><strong>ἐν</strong></span> <span class='ocrx_word' id='word_1_466' title='bbox 3641 2856 3722 2926; x_wconf 76' lang='grc' dir='ltr'><strong>τῷ</strong></span> 
     </span>
    </p>
   </div>
   <div class='ocr_carea' id='block_1_62' title="bbox 2132 2941 3722 3017">
    <p class='ocr_par' dir='ltr' id='par_1_62' title="bbox 2132 2941 3722 3017">
     <span class='ocr_line' id='line_1_62' title="bbox 2132 2941 3722 3017; baseline 0.003 -23"><span class='ocrx_word' id='word_1_467' title='bbox 2132 2943 2260 3013; x_wconf 75' lang='grc' dir='ltr'>περὶ</span> <span class='ocrx_word' id='word_1_468' title='bbox 2287 2942 2417 2996; x_wconf 84' lang='grc' dir='ltr'>Υίοῦ</span> <span class='ocrx_word' id='word_1_469' title='bbox 2440 2941 2484 3012; x_wconf 87' lang='grc' dir='ltr'><strong>β’</strong></span> <span class='ocrx_word' id='word_1_470' title='bbox 2514 2944 2656 3015; x_wconf 88' lang='grc' dir='ltr'>λόγῳ</span> <span class='ocrx_word' id='word_1_471' title='bbox 2685 2948 2780 2998; x_wconf 77' lang='grc' dir='ltr'><strong>καὶ</strong></span> <span class='ocrx_word' id='word_1_472' title='bbox 2812 2947 2869 2998; x_wconf 89' lang='grc' dir='ltr'><strong>ἐν</strong></span> <span class='ocrx_word' id='word_1_473' title='bbox 2906 2948 2972 3016; x_wconf 78' lang='grc' dir='ltr'>τῇ</span> <span class='ocrx_word' id='word_1_474' title='bbox 3007 2947 3143 3016; x_wconf 79' lang='grc' dir='ltr'>πρὸς</span> <span class='ocrx_word' id='word_1_475' title='bbox 3177 2947 3472 3017; x_wconf 68' lang='grc' dir='ltr'>Κλῃδὸνιον</span> <span class='ocrx_word' id='word_1_476' title='bbox 3507 2947 3554 3016; x_wconf 83' lang='grc' dir='ltr'><strong>β’</strong></span> <span class='ocrx_word' id='word_1_477' title='bbox 3594 2949 3722 3000; x_wconf 83' lang='grc' dir='ltr'>ἐπι-</span> 
     </span>
    </p>
   </div>
   <div class='ocr_carea' id='block_1_63' title="bbox 2136 3032 3718 3106">
    <p class='ocr_par' dir='ltr' id='par_1_63' title="bbox 2136 3032 3718 3106">
     <span class='ocr_line' id='line_1_63' title="bbox 2136 3032 3718 3106; baseline 0.003 -21"><span class='ocrx_word' id='word_1_478' title='bbox 2136 3032 2296 3104; x_wconf 77' lang='grc' dir='ltr'>στολῇ</span> <span class='ocrx_word' id='word_1_479' title='bbox 2331 3032 2400 3086; x_wconf 83' lang='grc' dir='ltr'>τὰ</span> <span class='ocrx_word' id='word_1_480' title='bbox 2425 3033 2588 3104; x_wconf 85' lang='grc' dir='ltr'>ὃμοια</span> <span class='ocrx_word' id='word_1_481' title='bbox 2620 3037 2920 3106; x_wconf 88' lang='grc' dir='ltr'>μαρτυρεῖ,</span> <span class='ocrx_word' id='word_1_482' title='bbox 2954 3035 3049 3087; x_wconf 72' lang='grc' dir='ltr'><strong>καὶ</strong></span> <span class='ocrx_word' id='word_1_483' title='bbox 3095 3035 3438 3106; x_wconf 80' lang='grc' dir='ltr'>Ἀμφιλόχιος</span> <span class='ocrx_word' id='word_1_484' title='bbox 3471 3036 3529 3089; x_wconf 85' lang='grc' dir='ltr'>δὲ</span> <span class='ocrx_word' id='word_1_485' title='bbox 3563 3037 3622 3089; x_wconf 83' lang='grc' dir='ltr'><strong>ἐν</strong></span> <span class='ocrx_word' id='word_1_486' title='bbox 3651 3038 3718 3106; x_wconf 78' lang='grc' dir='ltr'><strong>τῇ</strong></span> 
     </span>
    </p>
   </div>
   <div class='ocr_carea' id='block_1_64' title="bbox 450 3079 2028 3199">
    <p class='ocr_par' dir='ltr' id='par_1_64' title="bbox 450 3079 2027 3173">
     <span class='ocr_line' id='line_1_64' title="bbox 450 3079 2027 3173; baseline 0.004 -15"><span class='ocrx_word' id='word_1_487' title='bbox 450 3079 585 3158; x_wconf 71' lang='lat' dir='ltr'><strong>stola</strong></span> <span class='ocrx_word' id='word_1_488' title='bbox 610 3079 781 3173; x_wconf 75' lang='lat' dir='ltr'><strong>prima</strong></span> <span class='ocrx_word' id='word_1_489' title='bbox 821 3079 1136 3159; x_wconf 76' lang='lat' dir='ltr'><strong>etsecunda</strong></span> <span class='ocrx_word' id='word_1_490' title='bbox 1175 3106 1241 3159; x_wconf 90' lang='lat' dir='ltr'><strong>ad</strong></span> <span class='ocrx_word' id='word_1_491' title='bbox 1268 3079 1629 3172; x_wconf 71' lang='lat' dir='ltr'><strong>succensum,</strong></span> <span class='ocrx_word' id='word_1_492' title='bbox 1650 3079 1704 3162; x_wconf 71' lang='grc' dir='ltr'><strong>εἰ</strong></span> <span class='ocrx_word' id='word_1_493' title='bbox 1728 3109 1794 3164; x_wconf 88' lang='lat' dir='ltr'><strong>ad</strong></span> <span class='ocrx_word' id='word_1_494' title='bbox 1827 3079 2027 3164; x_wconf 74' lang='lat' dir='ltr'><strong>Orien-</strong></span> 
     </span>
    </p>
   </div>
   <div class='ocr_carea' id='block_1_65' title="bbox 2135 3079 3722 3199">
    <p class='ocr_par' dir='ltr' id='par_1_65' title="bbox 2135 3079 3722 3199">
     <span class='ocr_line' id='line_1_65' title="bbox 2140 3079 3718 3106; baseline 0.001 -1"><span class='ocrx_word' id='word_1_495' title='bbox 2140 3079 2296 3104; x_wconf 68' lang='lat' dir='ltr'><strong>&quot;&quot;&#39;6I</strong></span> <span class='ocrx_word' id='word_1_496' title='bbox 2340 3079 2399 3086; x_wconf 77' lang='lat'>&quot;&#39;</span> <span class='ocrx_word' id='word_1_497' title='bbox 2429 3079 2588 3104; x_wconf 80' lang='lat' dir='ltr'><strong>&#39;r&#39;&quot;&quot;</strong></span> <span class='ocrx_word' id='word_1_498' title='bbox 2620 3079 2920 3106; x_wconf 70' lang='grc' dir='ltr'><strong>Γ⁹Ἰ”⁷ι’”⁷</strong></span> <span class='ocrx_word' id='word_1_499' title='bbox 2957 3079 3049 3087; x_wconf 78' lang='lat'><strong>&quot;&quot;&#39;</strong></span> <span class='ocrx_word' id='word_1_500' title='bbox 3108 3079 3438 3106; x_wconf 74' lang='grc' dir='ltr'><strong>“¹Ἰ”Υ““’Λ“’“’</strong></span> <span class='ocrx_word' id='word_1_501' title='bbox 3472 3079 3529 3089; x_wconf 67' lang='grc'><strong>’⁷</strong></span> <span class='ocrx_word' id='word_1_502' title='bbox 3563 3079 3619 3089; x_wconf 69' lang='grc'><strong>⁷⁷</strong></span> <span class='ocrx_word' id='word_1_503' title='bbox 3661 3079 3718 3106; x_wconf 69' lang='grc' dir='ltr'><strong>’ἶι</strong></span> 
     </span>
     <span class='ocr_line' id='line_1_66' title="bbox 2135 3125 3722 3199; baseline 0.001 -22"><span class='ocrx_word' id='word_1_504' title='bbox 2135 3125 2268 3195; x_wconf 80' lang='grc' dir='ltr'>πρὸς</span> <span class='ocrx_word' id='word_1_505' title='bbox 2317 3125 2578 3180; x_wconf 79' lang='grc' dir='ltr'>Σέλευκον</span> <span class='ocrx_word' id='word_1_506' title='bbox 2627 3127 2920 3198; x_wconf 84' lang='grc' dir='ltr'>ἐπιστολῇ,</span> <span class='ocrx_word' id='word_1_507' title='bbox 2965 3129 3060 3181; x_wconf 60' lang='grc' dir='ltr'><strong>κα)⁸</strong></span> <span class='ocrx_word' id='word_1_508' title='bbox 3100 3130 3128 3181; x_wconf 86' lang='lat'><strong>6</strong></span> <span class='ocrx_word' id='word_1_509' title='bbox 3175 3127 3568 3199; x_wconf 76' lang='grc' dir='ltr'>Χρυσόπομος</span> <span class='ocrx_word' id='word_1_510' title='bbox 3617 3129 3722 3194; x_wconf 78' lang='grc' dir='ltr'>τὴν</span> 
     </span>
    </p>
   </div>
   <div class='ocr_carea' id='block_1_66' title="bbox 451 3193 2028 3288">
    <p class='ocr_par' dir='ltr' id='par_1_66' title="bbox 451 3193 2028 3266">
     <span class='ocr_line' id='line_1_67' title="bbox 451 3193 2028 3266; baseline 0.004 -17"><span class='ocrx_word' id='word_1_511' title='bbox 451 3193 609 3261; x_wconf 82' lang='lat' dir='ltr'><strong>tales,</strong></span> <span class='ocrx_word' id='word_1_512' title='bbox 640 3196 706 3250; x_wconf 88' lang='lat' dir='ltr'><strong>ad</strong></span> <span class='ocrx_word' id='word_1_513' title='bbox 735 3194 999 3249; x_wconf 82' lang='lat' dir='ltr'><strong>Acacium</strong></span> <span class='ocrx_word' id='word_1_514' title='bbox 1050 3196 1364 3266; x_wconf 88' lang='lat' dir='ltr'><strong>episcopum</strong></span> <span class='ocrx_word' id='word_1_515' title='bbox 1403 3198 1705 3263; x_wconf 82' lang='lat' dir='ltr'><strong>Melitencs,</strong></span> <span class='ocrx_word' id='word_1_516' title='bbox 1755 3199 1892 3256; x_wconf 87' lang='lat' dir='ltr'><strong>libro</strong></span> <span class='ocrx_word' id='word_1_517' title='bbox 1950 3201 2028 3256; x_wconf 82' lang='lat' dir='ltr'><strong>De</strong></span> 
     </span>
    </p>
   </div>
   <div class='ocr_carea' id='block_1_67' title="bbox 2135 3193 3725 3288">
    <p class='ocr_par' dir='ltr' id='par_1_67' title="bbox 2135 3193 3725 3288">
     <span class='ocr_line' id='line_1_68' title="bbox 2135 3193 3725 3288; baseline -0.001 -19"><span class='ocrx_word' id='word_1_518' title='bbox 2135 3193 2270 3288; x_wconf 79' lang='grc' dir='ltr'>πρὸς</span> <span class='ocrx_word' id='word_1_519' title='bbox 2309 3216 2571 3287; x_wconf 84' lang='grc' dir='ltr'>Τιμόθεον</span> <span class='ocrx_word' id='word_1_520' title='bbox 2622 3193 3240 3288; x_wconf 33' lang='grc' dir='ltr'><strong>πρώτην-⁷ἐρμηνεύων⁷</strong></span> <span class='ocrx_word' id='word_1_521' title='bbox 3263 3193 3590 3286; x_wconf 81' lang='grc' dir='ltr'>ἐπιστολὴν,</span> <span class='ocrx_word' id='word_1_522' title='bbox 3626 3193 3725 3270; x_wconf 70' lang='grc' dir='ltr'><strong>καὶ</strong></span> 
     </span>
    </p>
   </div>
   <div class='ocr_carea' id='block_1_68' title="bbox 451 3287 2028 3376">
    <p class='ocr_par' dir='ltr' id='par_1_68' title="bbox 451 3287 2028 3361">
     <span class='ocr_line' id='line_1_69' title="bbox 451 3287 2028 3361; baseline 0.007 -24"><span class='ocrx_word' id='word_1_523' title='bbox 451 3287 836 3355; x_wconf 84' lang='lat' dir='ltr'><strong>incarnatione,</strong></span> <span class='ocrx_word' id='word_1_524' title='bbox 868 3296 924 3343; x_wconf 89' lang='lat' dir='ltr'><strong>et</strong></span> <span class='ocrx_word' id='word_1_525' title='bbox 951 3288 1182 3358; x_wconf 90' lang='lat' dir='ltr'><strong>epistola</strong></span> <span class='ocrx_word' id='word_1_526' title='bbox 1215 3290 1282 3344; x_wconf 89' lang='lat' dir='ltr'><strong>ad</strong></span> <span class='ocrx_word' id='word_1_527' title='bbox 1335 3289 1618 3361; x_wconf 83' lang='lat' dir='ltr'><strong>Eulogium</strong></span> <span class='ocrx_word' id='word_1_528' title='bbox 1672 3294 2028 3359; x_wconf 88' lang='lat' dir='ltr'><strong>sacerdotem,</strong></span> 
     </span>
    </p>
   </div>
   <div class='ocr_carea' id='block_1_69' title="bbox 2135 3287 3726 3376">
    <p class='ocr_par' dir='ltr' id='par_1_69' title="bbox 2135 3307 3726 3376">
     <span class='ocr_line' id='line_1_70' title="bbox 2135 3307 3726 3376; baseline 0 -16"><span class='ocrx_word' id='word_1_529' title='bbox 2135 3307 2377 3376; x_wconf 84' lang='grc' dir='ltr'>Πρόκλος</span> <span class='ocrx_word' id='word_1_530' title='bbox 2409 3310 2438 3362; x_wconf 90' lang='lat'><strong>6</strong></span> <span class='ocrx_word' id='word_1_531' title='bbox 2463 3308 3086 3370; x_wconf 82' lang='grc' dir='ltr'>Κωνσταντινουπόλεως</span> <span class='ocrx_word' id='word_1_532' title='bbox 3121 3307 3178 3360; x_wconf 81' lang='grc' dir='ltr'>ἔν</span> <span class='ocrx_word' id='word_1_533' title='bbox 3208 3324 3268 3360; x_wconf 87' lang='grc' dir='ltr'><strong>τε</strong></span> <span class='ocrx_word' id='word_1_534' title='bbox 3309 3309 3387 3374; x_wconf 80' lang='grc' dir='ltr'>τῷ</span> <span class='ocrx_word' id='word_1_535' title='bbox 3417 3308 3500 3370; x_wconf 87' lang='grc' dir='ltr'><strong>εἰς</strong></span> <span class='ocrx_word' id='word_1_536' title='bbox 3527 3308 3590 3361; x_wconf 73' lang='grc' dir='ltr'>τὸ</span> <span class='ocrx_word' id='word_1_537' title='bbox 3633 3325 3726 3375; x_wconf 81' lang='grc' dir='ltr'>γε·</span> 
     </span>
    </p>
   </div>
   <div class='ocr_carea' id='block_1_70' title="bbox 453 3377 2028 3471">
    <p class='ocr_par' dir='ltr' id='par_1_70' title="bbox 453 3377 2027 3449">
     <span class='ocr_line' id='line_1_71' title="bbox 453 3377 2027 3449; baseline 0.003 -16"><span class='ocrx_word' id='word_1_538' title='bbox 453 3385 509 3433; x_wconf 88' lang='lat' dir='ltr'><strong>et</strong></span> <span class='ocrx_word' id='word_1_539' title='bbox 535 3377 588 3431; x_wconf 88' lang='lat' dir='ltr'><strong>in</strong></span> <span class='ocrx_word' id='word_1_540' title='bbox 615 3379 912 3444; x_wconf 87' lang='lat' dir='ltr'><strong>thesauris,</strong></span> <span class='ocrx_word' id='word_1_541' title='bbox 939 3378 1170 3449; x_wconf 85' lang='lat' dir='ltr'><strong>aliisque</strong></span> <span class='ocrx_word' id='word_1_542' title='bbox 1193 3381 1359 3436; x_wconf 85' lang='lat' dir='ltr'><strong>variis</strong></span> <span class='ocrx_word' id='word_1_543' title='bbox 1384 3381 1558 3438; x_wconf 86' lang='lat' dir='ltr'><strong>libris.</strong></span> <span class='ocrx_word' id='word_1_544' title='bbox 1578 3383 1688 3438; x_wconf 85' lang='lat' dir='ltr'><strong>llas</strong></span> <span class='ocrx_word' id='word_1_545' title='bbox 1714 3394 2027 3438; x_wconf 87' lang='lat' dir='ltr'><strong>sanctorum</strong></span> 
     </span>
    </p>
   </div>
   <div class='ocr_carea' id='block_1_71' title="bbox 2135 3377 3725 3471">
    <p class='ocr_par' dir='ltr' id='par_1_71' title="bbox 2135 3399 3725 3471">
     <span class='ocr_line' id='line_1_72' title="bbox 2135 3399 3725 3471; baseline -0.001 -17"><span class='ocrx_word' id='word_1_546' title='bbox 2135 3399 2342 3454; x_wconf 80' lang='grc' dir='ltr'>νέθλιον</span> <span class='ocrx_word' id='word_1_547' title='bbox 2397 3400 2544 3471; x_wconf 86' lang='grc' dir='ltr'>λόγῳ</span> <span class='ocrx_word' id='word_1_548' title='bbox 2591 3401 2688 3454; x_wconf 79' lang='grc' dir='ltr'><strong>καὶ</strong></span> <span class='ocrx_word' id='word_1_549' title='bbox 2725 3402 2784 3454; x_wconf 85' lang='grc' dir='ltr'><strong>ἐν</strong></span> <span class='ocrx_word' id='word_1_550' title='bbox 2822 3400 3004 3464; x_wconf 80' lang='grc' dir='ltr'>ἄλλοις</span> <span class='ocrx_word' id='word_1_551' title='bbox 3041 3400 3356 3471; x_wconf 74' lang='grc' dir='ltr'>διαφόροις,</span> <span class='ocrx_word' id='word_1_552' title='bbox 3406 3401 3725 3464; x_wconf 80' lang='grc' dir='ltr'>Ἀθανὰσιος</span> 
     </span>
    </p>
   </div>
   <div class='ocr_carea' id='block_1_72' title="bbox 449 3491 2028 3570">
    <p class='ocr_par' dir='ltr' id='par_1_72' title="bbox 449 3494 2028 3570">
     <span class='ocr_line' id='line_1_73' title="bbox 449 3494 2028 3570; baseline 0.004 -22"><span class='ocrx_word' id='word_1_553' title='bbox 449 3494 670 3550; x_wconf 88' lang='lat' dir='ltr'><strong>Patrum</strong></span> <span class='ocrx_word' id='word_1_554' title='bbox 727 3495 1024 3550; x_wconf 87' lang='lat' dir='ltr'><strong>sententias</strong></span> <span class='ocrx_word' id='word_1_555' title='bbox 1075 3511 1228 3551; x_wconf 87' lang='lat' dir='ltr'><strong>sacra</strong></span> <span class='ocrx_word' id='word_1_556' title='bbox 1273 3497 1732 3554; x_wconf 85' lang='lat' dir='ltr'><strong>Chalcedonensis</strong></span> <span class='ocrx_word' id='word_1_557' title='bbox 1785 3500 2028 3570; x_wconf 83' lang='lat' dir='ltr'><strong>synodus</strong></span> 
     </span>
    </p>
   </div>
   <div class='ocr_carea' id='block_1_73' title="bbox 2135 3491 3722 3570">
    <p class='ocr_par' dir='ltr' id='par_1_73' title="bbox 2136 3491 3722 3563">
     <span class='ocr_line' id='line_1_74' title="bbox 2136 3491 3722 3563; baseline 0 -19"><span class='ocrx_word' id='word_1_558' title='bbox 2136 3493 2164 3544; x_wconf 96' lang='lat'><strong>6</strong></span> <span class='ocrx_word' id='word_1_559' title='bbox 2199 3491 2605 3562; x_wconf 81' lang='grc' dir='ltr'>Ἀλεξανδρείας</span> <span class='ocrx_word' id='word_1_560' title='bbox 2635 3493 2695 3544; x_wconf 92' lang='grc' dir='ltr'><strong>ἐν</strong></span> <span class='ocrx_word' id='word_1_561' title='bbox 2716 3494 2783 3562; x_wconf 79' lang='grc' dir='ltr'>τῇ</span> <span class='ocrx_word' id='word_1_562' title='bbox 2811 3491 2947 3561; x_wconf 81' lang='grc' dir='ltr'>πρὸς</span> <span class='ocrx_word' id='word_1_563' title='bbox 2980 3492 3080 3554; x_wconf 78' lang='grc' dir='ltr'>τὰς</span> <span class='ocrx_word' id='word_1_564' title='bbox 3103 3491 3408 3563; x_wconf 72' lang='grc' dir='ltr'>παρθένους</span> <span class='ocrx_word' id='word_1_565' title='bbox 3435 3491 3722 3562; x_wconf 80' lang='grc' dir='ltr'>ἐπιστολῇ,</span> 
     </span>
    </p>
   </div>
   <div class='ocr_carea' id='block_1_74' title="bbox 452 3583 2028 3661">
    <p class='ocr_par' dir='ltr' id='par_1_74' title="bbox 452 3587 2028 3661">
     <span class='ocr_line' id='line_1_75' title="bbox 452 3587 2028 3661; baseline 0.001 -19"><span class='ocrx_word' id='word_1_566' title='bbox 452 3602 808 3653; x_wconf 74' lang='lat' dir='ltr'><strong>coacervatis,</strong></span> <span class='ocrx_word' id='word_1_567' title='bbox 851 3587 1166 3657; x_wconf 77' lang='lat' dir='ltr'><strong>religionem</strong></span> <span class='ocrx_word' id='word_1_568' title='bbox 1191 3590 1547 3644; x_wconf 69' lang='lat' dir='ltr'><strong>orthodoxam</strong></span> <span class='ocrx_word' id='word_1_569' title='bbox 1594 3590 1789 3661; x_wconf 78' lang='lat' dir='ltr'><strong>257b</strong></span> <span class='ocrx_word' id='word_1_570' title='bbox 1837 3591 2028 3646; x_wconf 81' lang='lat' dir='ltr'><strong>conﬁr-</strong></span> 
     </span>
    </p>
   </div>
   <div class='ocr_carea' id='block_1_75' title="bbox 2135 3583 3724 3661">
    <p class='ocr_par' dir='ltr' id='par_1_75' title="bbox 2135 3583 3724 3657">
     <span class='ocr_line' id='line_1_76' title="bbox 2135 3583 3724 3657; baseline -0.002 -18"><span class='ocrx_word' id='word_1_571' title='bbox 2135 3587 2230 3639; x_wconf 76' lang='grc' dir='ltr'><strong>καὶ</strong></span> <span class='ocrx_word' id='word_1_572' title='bbox 2253 3585 2522 3657; x_wconf 83' lang='grc' dir='ltr'>Κύριλλος</span> <span class='ocrx_word' id='word_1_573' title='bbox 2549 3589 2608 3638; x_wconf 88' lang='grc' dir='ltr'><strong>ἐν</strong></span> <span class='ocrx_word' id='word_1_574' title='bbox 2623 3587 2689 3657; x_wconf 80' lang='grc' dir='ltr'>τῇ</span> <span class='ocrx_word' id='word_1_575' title='bbox 2722 3585 2858 3656; x_wconf 84' lang='grc' dir='ltr'>πρὸς</span> <span class='ocrx_word' id='word_1_576' title='bbox 2889 3583 3189 3637; x_wconf 86' lang='grc' dir='ltr'>Σούκενσον</span> <span class='ocrx_word' id='word_1_577' title='bbox 3210 3584 3256 3616; x_wconf 83' lang='grc'><strong>⁸⁸</strong></span> <span class='ocrx_word' id='word_1_578' title='bbox 3274 3591 3341 3650; x_wconf 86' lang='grc' dir='ltr'>α’,</span> <span class='ocrx_word' id='word_1_579' title='bbox 3371 3586 3466 3638; x_wconf 74' lang='grc' dir='ltr'><strong>καὶ</strong></span> <span class='ocrx_word' id='word_1_580' title='bbox 3499 3585 3607 3654; x_wconf 74' lang='grc' dir='ltr'><strong>μὴν</strong></span> <span class='ocrx_word' id='word_1_581' title='bbox 3628 3589 3724 3638; x_wconf 78' lang='grc' dir='ltr'><strong>καὶ</strong></span> 
     </span>
    </p>
   </div>
   <div class='ocr_carea' id='block_1_76' title="bbox 451 3675 2028 3750">
    <p class='ocr_par' dir='ltr' id='par_1_76' title="bbox 451 3677 2025 3749">
     <span class='ocr_line' id='line_1_77' title="bbox 451 3677 2025 3749; baseline 0.004 -18"><span class='ocrx_word' id='word_1_582' title='bbox 451 3679 641 3732; x_wconf 90' lang='lat' dir='ltr'><strong>mavil.</strong></span> <span class='ocrx_word' id='word_1_583' title='bbox 679 3677 860 3745; x_wconf 84' lang='lat' dir='ltr'><strong>Quare</strong></span> <span class='ocrx_word' id='word_1_584' title='bbox 901 3689 1088 3733; x_wconf 86' lang='lat' dir='ltr'><strong>contra</strong></span> <span class='ocrx_word' id='word_1_585' title='bbox 1114 3679 1256 3733; x_wconf 86' lang='lat' dir='ltr'><strong>hanc</strong></span> <span class='ocrx_word' id='word_1_586' title='bbox 1278 3679 1553 3749; x_wconf 87' lang='lat' dir='ltr'><strong>disputare</strong></span> <span class='ocrx_word' id='word_1_587' title='bbox 1569 3689 1654 3736; x_wconf 88' lang='lat' dir='ltr'><strong>est</strong></span> <span class='ocrx_word' id='word_1_588' title='bbox 1673 3690 1892 3737; x_wconf 90' lang='lat' dir='ltr'><strong>sanctos</strong></span> <span class='ocrx_word' id='word_1_589' title='bbox 1921 3680 2025 3737; x_wconf 88' lang='lat' dir='ltr'><strong>Pa-</strong></span> 
     </span>
    </p>
   </div>
   <div class='ocr_carea' id='block_1_77' title="bbox 2135 3675 3718 3750">
    <p class='ocr_par' dir='ltr' id='par_1_77' title="bbox 2135 3675 3718 3750">
     <span class='ocr_line' id='line_1_78' title="bbox 2135 3675 3718 3750; baseline -0.003 -17"><span class='ocrx_word' id='word_1_590' title='bbox 2135 3681 2193 3733; x_wconf 87' lang='grc' dir='ltr'><strong>ἐν</strong></span> <span class='ocrx_word' id='word_1_591' title='bbox 2223 3682 2289 3750; x_wconf 78' lang='grc' dir='ltr'>τῇ</span> <span class='ocrx_word' id='word_1_592' title='bbox 2319 3679 2360 3750; x_wconf 85' lang='grc' dir='ltr'><strong>β’</strong></span> <span class='ocrx_word' id='word_1_593' title='bbox 2382 3721 2396 3746; x_wconf 89' lang='grc'><strong>,</strong></span> <span class='ocrx_word' id='word_1_594' title='bbox 2421 3678 2517 3732; x_wconf 75' lang='grc' dir='ltr'><strong>καὶ</strong></span> <span class='ocrx_word' id='word_1_595' title='bbox 2544 3678 2601 3730; x_wconf 87' lang='grc' dir='ltr'><strong>ἐν</strong></span> <span class='ocrx_word' id='word_1_596' title='bbox 2639 3680 2705 3749; x_wconf 82' lang='grc' dir='ltr'>τῇ</span> <span class='ocrx_word' id='word_1_597' title='bbox 2731 3677 2871 3749; x_wconf 83' lang='grc' dir='ltr'>πρὸς</span> <span class='ocrx_word' id='word_1_598' title='bbox 2899 3678 3027 3741; x_wconf 75' lang='grc' dir='ltr'>τοὺς</span> <span class='ocrx_word' id='word_1_599' title='bbox 3041 3677 3086 3708; x_wconf 78' lang='grc'><strong>⁸⁸</strong></span> <span class='ocrx_word' id='word_1_600' title='bbox 3104 3675 3507 3740; x_wconf 72' lang='grc' dir='ltr'>Ἀνατολικοὺς,</span> <span class='ocrx_word' id='word_1_601' title='bbox 3542 3677 3640 3728; x_wconf 77' lang='grc' dir='ltr'><strong>καὶ</strong></span> <span class='ocrx_word' id='word_1_602' title='bbox 3659 3679 3718 3729; x_wconf 82' lang='grc' dir='ltr'><strong>ἐν</strong></span> 
     </span>
    </p>
   </div>
   <div class='ocr_carea' id='block_1_78' title="bbox 452 3768 2028 3843">
    <p class='ocr_par' dir='ltr' id='par_1_78' title="bbox 452 3770 1510 3840">
     <span class='ocr_line' id='line_1_79' title="bbox 452 3770 1510 3840; baseline 0.003 -17"><span class='ocrx_word' id='word_1_603' title='bbox 452 3779 562 3825; x_wconf 88' lang='lat' dir='ltr'><strong>tres</strong></span> <span class='ocrx_word' id='word_1_604' title='bbox 594 3778 847 3839; x_wconf 86' lang='lat' dir='ltr'><strong>tanquam</strong></span> <span class='ocrx_word' id='word_1_605' title='bbox 885 3770 1150 3825; x_wconf 82' lang='lat' dir='ltr'><strong>invidiose</strong></span> <span class='ocrx_word' id='word_1_606' title='bbox 1176 3785 1510 3840; x_wconf 84' lang='lat' dir='ltr'><strong>oppugnare.</strong></span> 
     </span>
    </p>
   </div>
   <div class='ocr_carea' id='block_1_79' title="bbox 2135 3768 3726 3843">
    <p class='ocr_par' dir='ltr' id='par_1_79' title="bbox 2135 3768 3726 3843">
     <span class='ocr_line' id='line_1_80' title="bbox 2135 3768 3726 3843; baseline -0.004 -18"><span class='ocrx_word' id='word_1_607' title='bbox 2135 3776 2196 3843; x_wconf 79' lang='grc' dir='ltr'>τῇ</span> <span class='ocrx_word' id='word_1_608' title='bbox 2231 3773 2368 3842; x_wconf 82' lang='grc' dir='ltr'>πρὸς</span> <span class='ocrx_word' id='word_1_609' title='bbox 2409 3771 2663 3824; x_wconf 79' lang='grc' dir='ltr'><strong>Ἀκάκιον</strong></span> <span class='ocrx_word' id='word_1_610' title='bbox 2690 3770 2782 3823; x_wconf 76' lang='grc' dir='ltr'>τὸν</span> <span class='ocrx_word' id='word_1_611' title='bbox 2810 3770 3110 3822; x_wconf 86' lang='grc' dir='ltr'>ἐπίσκοπον</span> <span class='ocrx_word' id='word_1_612' title='bbox 3134 3769 3232 3838; x_wconf 85' lang='grc' dir='ltr'><strong>τῆς</strong></span> <span class='ocrx_word' id='word_1_613' title='bbox 3253 3768 3569 3838; x_wconf 84' lang='grc' dir='ltr'>Μελιτηνῆς</span> <span class='ocrx_word' id='word_1_614' title='bbox 3589 3808 3604 3832; x_wconf 87' lang='grc'><strong>,</strong></span> <span class='ocrx_word' id='word_1_615' title='bbox 3629 3769 3726 3819; x_wconf 74' lang='grc' dir='ltr'><strong>καὶ</strong></span> 
     </span>
    </p>
   </div>
   <div class='ocr_carea' id='block_1_80' title="bbox 451 3861 3726 3939">
    <p class='ocr_par' dir='ltr' id='par_1_80' title="bbox 451 3861 3726 3939">
     <span class='ocr_line' id='line_1_81' title="bbox 451 3861 3726 3939; baseline -0 -25"><span class='ocrx_word' id='word_1_616' title='bbox 451 3863 510 3914; x_wconf 83' lang='grc' dir='ltr'><strong>ἐν</strong></span> <span class='ocrx_word' id='word_1_617' title='bbox 532 3861 610 3932; x_wconf 82' lang='grc' dir='ltr'>τῷ</span> <span class='ocrx_word' id='word_1_618' title='bbox 657 3861 787 3932; x_wconf 75' lang='grc' dir='ltr'>περὶ</span> <span class='ocrx_word' id='word_1_619' title='bbox 822 3861 1290 3934; x_wconf 78' lang='grc' dir='ltr'>ἐνανθρωπήσεως</span> <span class='ocrx_word' id='word_1_620' title='bbox 1338 3863 1522 3936; x_wconf 84' lang='grc' dir='ltr'>λόγῳ,</span> <span class='ocrx_word' id='word_1_621' title='bbox 1570 3866 1664 3920; x_wconf 61' lang='grc' dir='ltr'><strong>καὶ¹</strong></span> <span class='ocrx_word' id='word_1_622' title='bbox 1698 3867 1756 3919; x_wconf 85' lang='grc' dir='ltr'><strong>ἐν</strong></span> <span class='ocrx_word' id='word_1_623' title='bbox 1795 3869 1861 3939; x_wconf 77' lang='grc' dir='ltr'><strong>τῇ</strong></span> <span class='ocrx_word' id='word_1_624' title='bbox 1907 3869 2044 3939; x_wconf 75' lang='grc' dir='ltr'>πρὸς</span> <span class='ocrx_word' id='word_1_625' title='bbox 2081 3868 2336 3938; x_wconf 84' lang='grc' dir='ltr'>Εὑλόγιον</span> <span class='ocrx_word' id='word_1_626' title='bbox 2381 3868 2472 3922; x_wconf 84' lang='grc' dir='ltr'>τὸν</span> <span class='ocrx_word' id='word_1_627' title='bbox 2524 3861 2898 3937; x_wconf 80' lang='grc' dir='ltr'>πρεσϐύτερον</span> <span class='ocrx_word' id='word_1_628' title='bbox 2951 3863 3243 3934; x_wconf 76' lang='grc' dir='ltr'>ἐπιστολῇ,</span> <span class='ocrx_word' id='word_1_629' title='bbox 3312 3865 3408 3916; x_wconf 68' lang='lat' dir='ltr'><strong>xui.</strong></span> <span class='ocrx_word' id='word_1_630' title='bbox 3462 3864 3528 3915; x_wconf 77' lang='grc' dir='ltr'><em>ἐκ</em></span> <span class='ocrx_word' id='word_1_631' title='bbox 3612 3861 3726 3914; x_wconf 79' lang='grc' dir='ltr'><strong>τῶν</strong></span> 
     </span>
    </p>
   </div>
   <div class='ocr_carea' id='block_1_81' title="bbox 453 3957 3718 4034">
    <p class='ocr_par' dir='ltr' id='par_1_81' title="bbox 453 3957 3718 4034">
     <span class='ocr_line' id='line_1_82' title="bbox 453 3957 3718 4034; baseline -0.001 -24"><span class='ocrx_word' id='word_1_632' title='bbox 453 3957 746 4029; x_wconf 87' lang='grc' dir='ltr'>θησαυρῶν</span> <span class='ocrx_word' id='word_1_633' title='bbox 775 3996 790 4017; x_wconf 90' lang='grc'><strong>,</strong></span> <span class='ocrx_word' id='word_1_634' title='bbox 845 3957 940 4011; x_wconf 79' lang='grc' dir='ltr'><strong>καὶ</strong></span> <span class='ocrx_word' id='word_1_635' title='bbox 986 3959 1042 4012; x_wconf 88' lang='grc' dir='ltr'><strong>ἐν</strong></span> <span class='ocrx_word' id='word_1_636' title='bbox 1077 3958 1262 4022; x_wconf 83' lang='grc' dir='ltr'>ἄλλοις</span> <span class='ocrx_word' id='word_1_637' title='bbox 1310 3959 1475 4013; x_wconf 82' lang='grc' dir='ltr'>αὐτοῦ</span> <span class='ocrx_word' id='word_1_638' title='bbox 1513 3961 1791 4032; x_wconf 72' lang='grc' dir='ltr'>διαφόροις</span> <span class='ocrx_word' id='word_1_639' title='bbox 1836 3963 2032 4032; x_wconf 71' lang='grc' dir='ltr'>λόγοις.</span> <span class='ocrx_word' id='word_1_640' title='bbox 2075 3963 2295 4017; x_wconf 84' lang='grc' dir='ltr'>Τούτων</span> <span class='ocrx_word' id='word_1_641' title='bbox 2327 3963 2434 4016; x_wconf 81' lang='grc' dir='ltr'><strong>τῶν</strong></span> <span class='ocrx_word' id='word_1_642' title='bbox 2464 3961 2740 4034; x_wconf 81' lang='grc' dir='ltr'>θεοφόρων</span> <span class='ocrx_word' id='word_1_643' title='bbox 2778 3959 2940 4030; x_wconf 82' lang='grc' dir='ltr'>ἡμῶν</span> <span class='ocrx_word' id='word_1_644' title='bbox 2968 3960 3232 4029; x_wconf 81' lang='grc' dir='ltr'>Πατέρων</span> <span class='ocrx_word' id='word_1_645' title='bbox 3298 3959 3332 4028; x_wconf 85' lang='grc' dir='ltr'><strong>ἡ</strong></span> <span class='ocrx_word' id='word_1_646' title='bbox 3378 3959 3437 4011; x_wconf 84' lang='grc' dir='ltr'><strong>ἐν</strong></span> <span class='ocrx_word' id='word_1_647' title='bbox 3486 3958 3718 4026; x_wconf 82' lang='grc' dir='ltr'>Χαλκη-</span> 
     </span>
    </p>
   </div>
   <div class='ocr_carea' id='block_1_82' title="bbox 453 4049 3724 4130">
    <p class='ocr_par' dir='ltr' id='par_1_82' title="bbox 453 4049 3724 4130">
     <span class='ocr_line' id='line_1_83' title="bbox 453 4049 3724 4130; baseline 0.002 -26"><span class='ocrx_word' id='word_1_648' title='bbox 453 4049 568 4104; x_wconf 88' lang='grc' dir='ltr'>δόνι</span> <span class='ocrx_word' id='word_1_649' title='bbox 599 4051 730 4119; x_wconf 82' lang='grc' dir='ltr'>ἁγία</span> <span class='ocrx_word' id='word_1_650' title='bbox 756 4051 968 4114; x_wconf 83' lang='grc' dir='ltr'>σύνοδος</span> <span class='ocrx_word' id='word_1_651' title='bbox 993 4052 1092 4115; x_wconf 83' lang='grc' dir='ltr'>τὰς</span> <span class='ocrx_word' id='word_1_652' title='bbox 1119 4053 1344 4123; x_wconf 85' lang='grc' dir='ltr'>γνώμας</span> <span class='ocrx_word' id='word_1_653' title='bbox 1374 4055 1798 4126; x_wconf 86' lang='grc' dir='ltr'>ἐκμελετήσασα</span> <span class='ocrx_word' id='word_1_654' title='bbox 1819 4057 1918 4130; x_wconf 79' lang='grc' dir='ltr'>τὴν</span> <span class='ocrx_word' id='word_1_655' title='bbox 1951 4058 2233 4113; x_wconf 78' lang='grc' dir='ltr'>εὐσέϐειαν</span> <span class='ocrx_word' id='word_1_656' title='bbox 2261 4057 2611 4129; x_wconf 81' lang='grc' dir='ltr'>ἐπεκύρωσεν</span> <span class='ocrx_word' id='word_1_657' title='bbox 2630 4097 2646 4124; x_wconf 92' lang='grc'><strong>,</strong></span> <span class='ocrx_word' id='word_1_658' title='bbox 2682 4055 2822 4110; x_wconf 82' lang='grc' dir='ltr'>ὥστε</span> <span class='ocrx_word' id='word_1_659' title='bbox 2871 4055 2932 4109; x_wconf 79' lang='grc' dir='ltr'>τὸ</span> <span class='ocrx_word' id='word_1_660' title='bbox 2998 4056 3118 4108; x_wconf 85' lang='grc' dir='ltr'>κατ’</span> <span class='ocrx_word' id='word_1_661' title='bbox 3187 4053 3407 4124; x_wconf 82' lang='grc' dir='ltr'>ἐκείνης</span> <span class='ocrx_word' id='word_1_662' title='bbox 3479 4055 3724 4109; x_wconf 79' lang='grc' dir='ltr'>σπουδάσ</span> 
     </span>
    </p>
   </div>
   <div class='ocr_carea' id='block_1_83' title="bbox 451 4145 1813 4220">
    <p class='ocr_par' dir='ltr' id='par_1_83' title="bbox 451 4145 1813 4220">
     <span class='ocr_line' id='line_1_84' title="bbox 451 4145 1813 4220; baseline 0.006 -22"><span class='ocrx_word' id='word_1_663' title='bbox 451 4145 567 4210; x_wconf 78' lang='grc' dir='ltr'>ζειν</span> <span class='ocrx_word' id='word_1_664' title='bbox 599 4145 742 4201; x_wconf 82' lang='grc' dir='ltr'>κατὰ</span> <span class='ocrx_word' id='word_1_665' title='bbox 764 4145 975 4200; x_wconf 90' lang='grc' dir='ltr'>τούτων</span> <span class='ocrx_word' id='word_1_666' title='bbox 1009 4148 1154 4201; x_wconf 74' lang='grc' dir='ltr'>ἐστὶν</span> <span class='ocrx_word' id='word_1_667' title='bbox 1176 4149 1256 4212; x_wconf 80' lang='grc' dir='ltr'>εἰς</span> <span class='ocrx_word' id='word_1_668' title='bbox 1286 4148 1442 4220; x_wconf 78' lang='grc' dir='ltr'>ὓϐριν</span> <span class='ocrx_word' id='word_1_669' title='bbox 1473 4149 1813 4214; x_wconf 82' lang='grc' dir='ltr'>ὁπλίζεσθαι.</span> 
     </span>
    </p>
   </div>
   <div class='ocr_carea' id='block_1_84' title="bbox 524 4237 2025 4314">
    <p class='ocr_par' dir='ltr' id='par_1_84' title="bbox 524 4237 2025 4314">
     <span class='ocr_line' id='line_1_85' title="bbox 524 4237 2025 4314; baseline 0.003 -20"><span class='ocrx_word' id='word_1_670' title='bbox 524 4240 802 4310; x_wconf 87' lang='lat' dir='ltr'><strong>Siquidem</strong></span> <span class='ocrx_word' id='word_1_671' title='bbox 865 4237 1117 4293; x_wconf 90' lang='lat' dir='ltr'><strong>Christus</strong></span> <span class='ocrx_word' id='word_1_672' title='bbox 1167 4253 1328 4294; x_wconf 84' lang='lat' dir='ltr'><strong>verus</strong></span> <span class='ocrx_word' id='word_1_673' title='bbox 1388 4241 1530 4294; x_wconf 90' lang='lat' dir='ltr'><strong>Deus</strong></span> <span class='ocrx_word' id='word_1_674' title='bbox 1582 4251 1788 4308; x_wconf 90' lang='lat' dir='ltr'><strong>noster,</strong></span> <span class='ocrx_word' id='word_1_675' title='bbox 1852 4258 2025 4314; x_wconf 90' lang='lat' dir='ltr'><strong>neque</strong></span> 
     </span>
    </p>
   </div>
   <div class='ocr_carea' id='block_1_85' title="bbox 455 4329 2028 4403">
    <p class='ocr_par' dir='ltr' id='par_1_85' title="bbox 455 4329 2028 4403">
     <span class='ocr_line' id='line_1_86' title="bbox 455 4329 2028 4403; baseline 0.003 -17"><span class='ocrx_word' id='word_1_676' title='bbox 455 4332 846 4403; x_wconf 89' lang='lat' dir='ltr'><strong>proprietatem</strong></span> <span class='ocrx_word' id='word_1_677' title='bbox 901 4329 1221 4398; x_wconf 87' lang='lat' dir='ltr'><strong>divinitatis,</strong></span> <span class='ocrx_word' id='word_1_678' title='bbox 1256 4344 1432 4400; x_wconf 86' lang='lat' dir='ltr'><strong>neque</strong></span> <span class='ocrx_word' id='word_1_679' title='bbox 1466 4331 1854 4388; x_wconf 87' lang='lat' dir='ltr'><strong>humanitatem</strong></span> <span class='ocrx_word' id='word_1_680' title='bbox 1887 4335 2028 4390; x_wconf 88' lang='lat' dir='ltr'><strong>dtvi-</strong></span> 
     </span>
    </p>
   </div>
   <div class='ocr_carea' id='block_1_86' title="bbox 452 4420 2025 4492">
    <p class='ocr_par' dir='ltr' id='par_1_86' title="bbox 452 4420 2025 4492">
     <span class='ocr_line' id='line_1_87' title="bbox 452 4420 2025 4492; baseline 0 -13"><span class='ocrx_word' id='word_1_681' title='bbox 452 4425 543 4490; x_wconf 89' lang='lat' dir='ltr'><strong>sit,</strong></span> <span class='ocrx_word' id='word_1_682' title='bbox 564 4422 658 4478; x_wconf 82' lang='lat' dir='ltr'><strong>sed</strong></span> <span class='ocrx_word' id='word_1_683' title='bbox 683 4422 863 4477; x_wconf 87' lang='lat' dir='ltr'><strong>omnia</strong></span> <span class='ocrx_word' id='word_1_684' title='bbox 889 4420 1090 4475; x_wconf 87' lang='lat' dir='ltr'><strong>unione</strong></span> <span class='ocrx_word' id='word_1_685' title='bbox 1109 4435 1462 4489; x_wconf 88' lang='lat' dir='ltr'><strong>personarum</strong></span> <span class='ocrx_word' id='word_1_686' title='bbox 1487 4421 1600 4492; x_wconf 89' lang='lat' dir='ltr'><strong>ipse</strong></span> <span class='ocrx_word' id='word_1_687' title='bbox 1627 4437 1764 4478; x_wconf 87' lang='lat' dir='ltr'><strong>unus</strong></span> <span class='ocrx_word' id='word_1_688' title='bbox 1785 4433 1839 4477; x_wconf 89' lang='lat' dir='ltr'><strong>et</strong></span> <span class='ocrx_word' id='word_1_689' title='bbox 1860 4424 2025 4488; x_wconf 88' lang='lat' dir='ltr'><strong>idem,</strong></span> 
     </span>
    </p>
   </div>
   <div class='ocr_carea' id='block_1_87' title="bbox 457 4513 2030 4586">
    <p class='ocr_par' dir='ltr' id='par_1_87' title="bbox 457 4513 2030 4586">
     <span class='ocr_line' id='line_1_88' title="bbox 457 4513 2030 4586; baseline 0 -16"><span class='ocrx_word' id='word_1_690' title='bbox 457 4526 564 4570; x_wconf 90' lang='lat' dir='ltr'><strong>tam</strong></span> <span class='ocrx_word' id='word_1_691' title='bbox 608 4517 839 4568; x_wconf 85' lang='lat' dir='ltr'><strong>humana</strong></span> <span class='ocrx_word' id='word_1_692' title='bbox 903 4529 1068 4582; x_wconf 87' lang='lat' dir='ltr'><strong>quam</strong></span> <span class='ocrx_word' id='word_1_693' title='bbox 1127 4513 1306 4568; x_wconf 87' lang='lat' dir='ltr'><strong>divina</strong></span> <span class='ocrx_word' id='word_1_694' title='bbox 1373 4514 1600 4584; x_wconf 83' lang='lat' dir='ltr'><strong>perfecit</strong></span> <span class='ocrx_word' id='word_1_695' title='bbox 1654 4532 1667 4570; x_wconf 93' lang='lat'>:</span> <span class='ocrx_word' id='word_1_696' title='bbox 1724 4516 2030 4586; x_wconf 87' lang='lat' dir='ltr'><strong>iterumque</strong></span> 
     </span>
    </p>
   </div>
   <div class='ocr_carea' id='block_1_88' title="bbox 454 4605 2028 4671">
    <p class='ocr_par' dir='ltr' id='par_1_88' title="bbox 454 4605 2028 4671">
     <span class='ocr_line' id='line_1_89' title="bbox 454 4605 2028 4671; baseline 0.001 -11"><span class='ocrx_word' id='word_1_697' title='bbox 454 4608 674 4661; x_wconf 85' lang='lat' dir='ltr'><strong>eosdem</strong></span> <span class='ocrx_word' id='word_1_698' title='bbox 705 4615 942 4671; x_wconf 87' lang='lat' dir='ltr'><strong>sanctos,</strong></span> <span class='ocrx_word' id='word_1_699' title='bbox 969 4605 1160 4660; x_wconf 86' lang='lat' dir='ltr'><strong>Patres</strong></span> <span class='ocrx_word' id='word_1_700' title='bbox 1205 4607 1258 4660; x_wconf 91' lang='lat' dir='ltr'><strong>in</strong></span> <span class='ocrx_word' id='word_1_701' title='bbox 1290 4615 1456 4662; x_wconf 77' lang='lat' dir='ltr'><strong>teSIes</strong></span> <span class='ocrx_word' id='word_1_702' title='bbox 1474 4608 1606 4661; x_wconf 85' lang='lat' dir='ltr'><strong>citat</strong></span> <span class='ocrx_word' id='word_1_703' title='bbox 1635 4625 1649 4662; x_wconf 92' lang='lat'><strong>:</strong></span> <span class='ocrx_word' id='word_1_704' title='bbox 1681 4605 1880 4662; x_wconf 88' lang='lat' dir='ltr'><strong>Julium</strong></span> <span class='ocrx_word' id='word_1_705' title='bbox 1916 4607 2028 4662; x_wconf 82' lang='lat' dir='ltr'><strong>Ro-</strong></span> 
     </span>
    </p>
   </div>
   <div class='ocr_carea' id='block_1_89' title="bbox 2209 4234 3724 4308">
    <p class='ocr_par' dir='ltr' id='par_1_89' title="bbox 2209 4234 3724 4308">
     <span class='ocr_line' id='line_1_90' title="bbox 2209 4234 3724 4308; baseline -0.003 -13"><span class='ocrx_word' id='word_1_706' title='bbox 2209 4241 2410 4308; x_wconf 85' lang='grc' dir='ltr'>’Ότιγε</span> <span class='ocrx_word' id='word_1_707' title='bbox 2442 4237 2546 4308; x_wconf 79' lang='grc' dir='ltr'><strong>μὴν</strong></span> <span class='ocrx_word' id='word_1_708' title='bbox 2577 4237 2810 4308; x_wconf 71' lang='grc' dir='ltr'>Χριστος</span> <span class='ocrx_word' id='word_1_709' title='bbox 2829 4277 2844 4299; x_wconf 84' lang='grc'><strong>,</strong></span> <span class='ocrx_word' id='word_1_710' title='bbox 2874 4239 2903 4290; x_wconf 88' lang='lat'><strong>6</strong></span> <span class='ocrx_word' id='word_1_711' title='bbox 2927 4234 3178 4306; x_wconf 76' lang='grc' dir='ltr'>ἀληθινὸς</span> <span class='ocrx_word' id='word_1_712' title='bbox 3207 4235 3336 4300; x_wconf 80' lang='grc' dir='ltr'>Θεὸς</span> <span class='ocrx_word' id='word_1_713' title='bbox 3359 4237 3521 4308; x_wconf 77' lang='grc' dir='ltr'>ἡμῶν</span> <span class='ocrx_word' id='word_1_714' title='bbox 3547 4278 3563 4303; x_wconf 90' lang='grc'><strong>,</strong></span> <span class='ocrx_word' id='word_1_715' title='bbox 3596 4237 3724 4291; x_wconf 75' lang='grc' dir='ltr'>οὔτε</span> 
     </span>
    </p>
   </div>
   <div class='ocr_carea' id='block_1_90' title="bbox 2132 4327 3726 4401">
    <p class='ocr_par' dir='ltr' id='par_1_90' title="bbox 2132 4327 3726 4401">
     <span class='ocr_line' id='line_1_91' title="bbox 2132 4327 3726 4401; baseline -0.001 -16"><span class='ocrx_word' id='word_1_716' title='bbox 2132 4331 2203 4385; x_wconf 83' lang='grc' dir='ltr'>τὰ</span> <span class='ocrx_word' id='word_1_717' title='bbox 2230 4330 2331 4400; x_wconf 81' lang='grc' dir='ltr'>τῆς</span> <span class='ocrx_word' id='word_1_718' title='bbox 2365 4330 2616 4396; x_wconf 84' lang='grc' dir='ltr'>Θεότητος</span> <span class='ocrx_word' id='word_1_719' title='bbox 2642 4327 2754 4382; x_wconf 80' lang='grc' dir='ltr'>ἴδια</span> <span class='ocrx_word' id='word_1_720' title='bbox 2783 4327 2906 4382; x_wconf 74' lang='grc' dir='ltr'>οὔτε</span> <span class='ocrx_word' id='word_1_721' title='bbox 2929 4330 2994 4382; x_wconf 84' lang='grc' dir='ltr'>τὰ</span> <span class='ocrx_word' id='word_1_722' title='bbox 3026 4328 3132 4382; x_wconf 73' lang='grc' dir='ltr'>ἴδια</span> <span class='ocrx_word' id='word_1_723' title='bbox 3163 4330 3263 4400; x_wconf 80' lang='grc' dir='ltr'>τῆς</span> <span class='ocrx_word' id='word_1_724' title='bbox 3294 4329 3726 4401; x_wconf 80' lang='grc' dir='ltr'>ἀνθρωπότητος</span> 
     </span>
    </p>
   </div>
   <div class='ocr_carea' id='block_1_91' title="bbox 2136 4421 3724 4497">
    <p class='ocr_par' dir='ltr' id='par_1_91' title="bbox 2136 4421 3724 4497">
     <span class='ocr_line' id='line_1_92' title="bbox 2136 4421 3724 4497; baseline 0 -17"><span class='ocrx_word' id='word_1_725' title='bbox 2136 4424 2482 4497; x_wconf 75' lang='grc' dir='ltr'>διῃρημένως</span> <span class='ocrx_word' id='word_1_726' title='bbox 2526 4422 2793 4493; x_wconf 73' lang='grc' dir='ltr'>ἔπραττεν</span> <span class='ocrx_word' id='word_1_727' title='bbox 2813 4463 2828 4486; x_wconf 92' lang='grc'><strong>,</strong></span> <span class='ocrx_word' id='word_1_728' title='bbox 2862 4421 3053 4474; x_wconf 82' lang='grc' dir='ltr'>ἐνὼσει</span> <span class='ocrx_word' id='word_1_729' title='bbox 3083 4421 3227 4494; x_wconf 65' lang='grc' dir='ltr'>δὲητῇ</span> <span class='ocrx_word' id='word_1_730' title='bbox 3266 4422 3391 4476; x_wconf 78' lang='grc' dir='ltr'><strong>καθ’</strong></span> <span class='ocrx_word' id='word_1_731' title='bbox 3415 4423 3724 4482; x_wconf 83' lang='grc' dir='ltr'>ὑπόστασιν</span> 
     </span>
    </p>
   </div>
   <div class='ocr_carea' id='block_1_92' title="bbox 2138 4511 3728 4589">
    <p class='ocr_par' dir='ltr' id='par_1_92' title="bbox 2138 4511 3728 4589">
     <span class='ocr_line' id='line_1_93' title="bbox 2138 4511 3728 4589; baseline -0.001 -18"><span class='ocrx_word' id='word_1_732' title='bbox 2138 4519 2358 4573; x_wconf 74' lang='grc' dir='ltr'>ἅπαντα</span> <span class='ocrx_word' id='word_1_733' title='bbox 2398 4518 2426 4569; x_wconf 86' lang='grc' dir='ltr'>ὁ</span> <span class='ocrx_word' id='word_1_734' title='bbox 2459 4511 2538 4578; x_wconf 80' lang='grc' dir='ltr'>εἷς</span> <span class='ocrx_word' id='word_1_735' title='bbox 2565 4514 2661 4566; x_wconf 70' lang='grc' dir='ltr'>καὶ</span> <span class='ocrx_word' id='word_1_736' title='bbox 2689 4514 2717 4565; x_wconf 95' lang='lat'><strong>6</strong></span> <span class='ocrx_word' id='word_1_737' title='bbox 2747 4512 2906 4576; x_wconf 81' lang='grc' dir='ltr'>αὐτὸς</span> <span class='ocrx_word' id='word_1_738' title='bbox 2936 4515 3004 4566; x_wconf 80' lang='grc' dir='ltr'>τά</span> <span class='ocrx_word' id='word_1_739' title='bbox 3045 4530 3103 4566; x_wconf 90' lang='grc' dir='ltr'><strong>τε</strong></span> <span class='ocrx_word' id='word_1_740' title='bbox 3134 4512 3255 4568; x_wconf 78' lang='grc' dir='ltr'>θεῖα</span> <span class='ocrx_word' id='word_1_741' title='bbox 3287 4513 3384 4569; x_wconf 79' lang='grc' dir='ltr'><strong>καὶ</strong></span> <span class='ocrx_word' id='word_1_742' title='bbox 3412 4516 3484 4569; x_wconf 86' lang='grc' dir='ltr'>τὰ</span> <span class='ocrx_word' id='word_1_743' title='bbox 3509 4517 3728 4589; x_wconf 79' lang='grc' dir='ltr'><strong>ἀνθρώ-</strong></span> 
     </span>
    </p>
   </div>
   <div class='ocr_carea' id='block_1_93' title="bbox 2136 4601 3726 4678">
    <p class='ocr_par' dir='ltr' id='par_1_93' title="bbox 2136 4601 3726 4678">
     <span class='ocr_line' id='line_1_94' title="bbox 2136 4601 3726 4678; baseline 0.002 -19"><span class='ocrx_word' id='word_1_744' title='bbox 2136 4623 2269 4659; x_wconf 90' lang='grc' dir='ltr'>πινα</span> <span class='ocrx_word' id='word_1_745' title='bbox 2292 4604 2535 4657; x_wconf 77' lang='grc' dir='ltr'>ἐπετέλει</span> <span class='ocrx_word' id='word_1_746' title='bbox 2558 4642 2573 4667; x_wconf 89' lang='grc'><strong>,</strong></span> <span class='ocrx_word' id='word_1_747' title='bbox 2600 4604 2727 4665; x_wconf 83' lang='grc' dir='ltr'>τοὺς</span> <span class='ocrx_word' id='word_1_748' title='bbox 2756 4601 3054 4672; x_wconf 83' lang='grc' dir='ltr'>θεοφόρους</span> <span class='ocrx_word' id='word_1_749' title='bbox 3082 4602 3240 4673; x_wconf 80' lang='grc' dir='ltr'>ἡμῶν</span> <span class='ocrx_word' id='word_1_750' title='bbox 3265 4606 3524 4678; x_wconf 81' lang='grc' dir='ltr'>Πατέρας</span> <span class='ocrx_word' id='word_1_751' title='bbox 3559 4607 3726 4664; x_wconf 73' lang='grc' dir='ltr'>πάλιν</span> 
     </span>
    </p>
   </div>
   <div class='ocr_carea' id='block_1_94' title="bbox 458 4694 2028 4771">
    <p class='ocr_par' dir='ltr' id='par_1_94' title="bbox 458 4697 2028 4762">
     <span class='ocr_line' id='line_1_95' title="bbox 458 4697 2028 4762; baseline 0 -10"><span class='ocrx_word' id='word_1_752' title='bbox 458 4714 676 4752; x_wconf 78' lang='lat' dir='ltr'><strong>tuanum</strong></span> <span class='ocrx_word' id='word_1_753' title='bbox 711 4697 1031 4762; x_wconf 83' lang='lat' dir='ltr'><strong>antistitem,</strong></span> <span class='ocrx_word' id='word_1_754' title='bbox 1063 4712 1094 4752; x_wconf 91' lang='lat' dir='ltr'><strong>e</strong></span> <span class='ocrx_word' id='word_1_755' title='bbox 1121 4698 1262 4753; x_wconf 82' lang='lat' dir='ltr'><strong>libro</strong></span> <span class='ocrx_word' id='word_1_756' title='bbox 1297 4697 1374 4752; x_wconf 89' lang='lat' dir='ltr'><strong>De</strong></span> <span class='ocrx_word' id='word_1_757' title='bbox 1427 4701 1618 4753; x_wconf 85' lang='lat' dir='ltr'><strong>unione</strong></span> <span class='ocrx_word' id='word_1_758' title='bbox 1656 4700 1947 4754; x_wconf 82' lang='lat' dir='ltr'><strong>divinitatis</strong></span> <span class='ocrx_word' id='word_1_759' title='bbox 1985 4709 2028 4754; x_wconf 84' lang='lat' dir='ltr'><strong>et</strong></span> 
     </span>
    </p>
   </div>
   <div class='ocr_carea' id='block_1_95' title="bbox 2135 4694 3728 4771">
    <p class='ocr_par' dir='ltr' id='par_1_95' title="bbox 2135 4694 3728 4771">
     <span class='ocr_line' id='line_1_96' title="bbox 2135 4694 3728 4771; baseline 0.001 -20"><span class='ocrx_word' id='word_1_760' title='bbox 2135 4699 2375 4768; x_wconf 73' lang='grc' dir='ltr'>παράγει</span> <span class='ocrx_word' id='word_1_761' title='bbox 2409 4695 2690 4768; x_wconf 83' lang='grc' dir='ltr'>μάρτυρας</span> <span class='ocrx_word' id='word_1_762' title='bbox 2714 4734 2728 4758; x_wconf 86' lang='grc'><strong>,</strong></span> <span class='ocrx_word' id='word_1_763' title='bbox 2767 4694 2985 4748; x_wconf 85' lang='grc' dir='ltr'>Ἰούλιον</span> <span class='ocrx_word' id='word_1_764' title='bbox 3025 4695 3117 4748; x_wconf 69' lang='grc' dir='ltr'>τὸν</span> <span class='ocrx_word' id='word_1_765' title='bbox 3155 4696 3456 4752; x_wconf 85' lang='grc' dir='ltr'>ἐπίσκοπον</span> <span class='ocrx_word' id='word_1_766' title='bbox 3498 4698 3728 4771; x_wconf 74' lang='grc' dir='ltr'><strong>Ῥώμης</strong></span> 
     </span>
    </p>
   </div>
   <div class='ocr_carea' id='block_1_96' title="bbox 456 4787 2033 4859">
    <p class='ocr_par' dir='ltr' id='par_1_96' title="bbox 456 4787 2033 4859">
     <span class='ocr_line' id='line_1_97' title="bbox 456 4787 2033 4859; baseline 0 -17"><span class='ocrx_word' id='word_1_767' title='bbox 456 4789 637 4842; x_wconf 85' lang='lat' dir='ltr'><strong>carnis</strong></span> <span class='ocrx_word' id='word_1_768' title='bbox 669 4788 720 4842; x_wconf 90' lang='lat' dir='ltr'><strong>in</strong></span> <span class='ocrx_word' id='word_1_769' title='bbox 761 4787 983 4843; x_wconf 90' lang='lat' dir='ltr'><strong>Christo</strong></span> <span class='ocrx_word' id='word_1_770' title='bbox 1015 4787 1184 4853; x_wconf 74' lang='lat' dir='ltr'><strong>Jesu;</strong></span> <span class='ocrx_word' id='word_1_771' title='bbox 1243 4798 1298 4842; x_wconf 91' lang='lat' dir='ltr'><strong>et</strong></span> <span class='ocrx_word' id='word_1_772' title='bbox 1343 4789 1699 4843; x_wconf 85' lang='lat' dir='ltr'><strong>Athanasium</strong></span> <span class='ocrx_word' id='word_1_773' title='bbox 1749 4789 2033 4859; x_wconf 67' lang='lat' dir='ltr'><strong>prmsulem</strong></span> 
     </span>
    </p>
   </div>
   <div class='ocr_carea' id='block_1_97' title="bbox 458 4875 2033 4948">
    <p class='ocr_par' dir='ltr' id='par_1_97' title="bbox 458 4875 2033 4948">
     <span class='ocr_line' id='line_1_98' title="bbox 458 4875 2033 4948; baseline 0.001 -18"><span class='ocrx_word' id='word_1_774' title='bbox 458 4875 908 4943; x_wconf 77' lang='lat' dir='ltr'><strong>Alexandrinum,</strong></span> <span class='ocrx_word' id='word_1_775' title='bbox 946 4891 1013 4930; x_wconf 82' lang='lat' dir='ltr'><strong>ex</strong></span> <span class='ocrx_word' id='word_1_776' title='bbox 1043 4878 1271 4946; x_wconf 85' lang='lat' dir='ltr'><strong>cpistola</strong></span> <span class='ocrx_word' id='word_1_777' title='bbox 1326 4879 1391 4930; x_wconf 88' lang='lat' dir='ltr'><strong>ad</strong></span> <span class='ocrx_word' id='word_1_778' title='bbox 1451 4877 1745 4932; x_wconf 81' lang='lat' dir='ltr'><strong>Maximum</strong></span> <span class='ocrx_word' id='word_1_779' title='bbox 1805 4880 2033 4948; x_wconf 85' lang='lat' dir='ltr'><strong>philoso-</strong></span> 
     </span>
    </p>
   </div>
   <div class='ocr_carea' id='block_1_98' title="bbox 459 4968 2036 5038">
    <p class='ocr_par' dir='ltr' id='par_1_98' title="bbox 459 4968 2036 5038">
     <span class='ocr_line' id='line_1_99' title="bbox 459 4968 2036 5038; baseline 0.003 -19"><span class='ocrx_word' id='word_1_780' title='bbox 459 4970 651 5038; x_wconf 88' lang='lat' dir='ltr'><strong>phum,</strong></span> <span class='ocrx_word' id='word_1_781' title='bbox 699 4968 926 5037; x_wconf 84' lang='lat' dir='ltr'><strong>aliisque</strong></span> <span class='ocrx_word' id='word_1_782' title='bbox 982 4970 1277 5038; x_wconf 80' lang='lat' dir='ltr'><strong>opusculis.</strong></span> <span class='ocrx_word' id='word_1_783' title='bbox 1329 4969 1572 5026; x_wconf 85' lang='lat' dir='ltr'><strong>Tertium</strong></span> <span class='ocrx_word' id='word_1_784' title='bbox 1625 4971 1788 5025; x_wconf 86' lang='lat' dir='ltr'><strong>etiam</strong></span> <span class='ocrx_word' id='word_1_785' title='bbox 1842 4971 2036 5025; x_wconf 90' lang='lat' dir='ltr'><strong>librum</strong></span> 
     </span>
    </p>
   </div>
   <div class='ocr_carea' id='block_1_99' title="bbox 459 5056 2036 5121">
    <p class='ocr_par' dir='ltr' id='par_1_99' title="bbox 459 5056 2036 5121">
     <span class='ocr_line' id='line_1_100' title="bbox 459 5056 2036 5121; baseline 0.001 -8"><span class='ocrx_word' id='word_1_786' title='bbox 459 5059 655 5113; x_wconf 86' lang='lat' dir='ltr'><strong>Contra</strong></span> <span class='ocrx_word' id='word_1_787' title='bbox 689 5056 1030 5121; x_wconf 86' lang='lat' dir='ltr'><strong>Eunomium,</strong></span> <span class='ocrx_word' id='word_1_788' title='bbox 1087 5069 1140 5112; x_wconf 87' lang='lat' dir='ltr'><strong>et</strong></span> <span class='ocrx_word' id='word_1_789' title='bbox 1183 5059 1257 5114; x_wconf 88' lang='lat' dir='ltr'><strong>De</strong></span> <span class='ocrx_word' id='word_1_790' title='bbox 1301 5062 1538 5114; x_wconf 77' lang='lat' dir='ltr'><strong>doctrina</strong></span> <span class='ocrx_word' id='word_1_791' title='bbox 1569 5061 1871 5116; x_wconf 81' lang='lat' dir='ltr'><strong>Christiana</strong></span> <span class='ocrx_word' id='word_1_792' title='bbox 1905 5060 2036 5116; x_wconf 85' lang='lat' dir='ltr'><strong>Gre-</strong></span> 
     </span>
    </p>
   </div>
   <div class='ocr_carea' id='block_1_100' title="bbox 461 5146 2032 5218">
    <p class='ocr_par' dir='ltr' id='par_1_100' title="bbox 461 5146 2032 5218">
     <span class='ocr_line' id='line_1_101' title="bbox 461 5146 2032 5218; baseline 0.005 -19"><span class='ocrx_word' id='word_1_793' title='bbox 461 5148 594 5218; x_wconf 83' lang='lat' dir='ltr'><strong>gorii</strong></span> <span class='ocrx_word' id='word_1_794' title='bbox 625 5146 871 5218; x_wconf 80' lang='lat' dir='ltr'><strong>Nysseni,</strong></span> <span class='ocrx_word' id='word_1_795' title='bbox 907 5155 961 5201; x_wconf 90' lang='lat' dir='ltr'><strong>et</strong></span> <span class='ocrx_word' id='word_1_796' title='bbox 992 5147 1274 5216; x_wconf 80' lang='lat' dir='ltr'><strong>episwlam</strong></span> <span class='ocrx_word' id='word_1_797' title='bbox 1303 5151 1489 5205; x_wconf 88' lang='lat' dir='ltr'><strong>Basilii</strong></span> <span class='ocrx_word' id='word_1_798' title='bbox 1529 5152 1789 5206; x_wconf 54' lang='lat' dir='ltr'><strong>Caesarem</strong></span> <span class='ocrx_word' id='word_1_799' title='bbox 1825 5153 1892 5205; x_wconf 89' lang='lat' dir='ltr'><strong>ad</strong></span> <span class='ocrx_word' id='word_1_800' title='bbox 1929 5151 2032 5207; x_wconf 80' lang='lat' dir='ltr'><strong>So-</strong></span> 
     </span>
    </p>
   </div>
   <div class='ocr_carea' id='block_1_101' title="bbox 461 5229 2034 5307">
    <p class='ocr_par' dir='ltr' id='par_1_101' title="bbox 461 5229 2034 5307">
     <span class='ocr_line' id='line_1_102' title="bbox 461 5229 2034 5307; baseline 0.003 -19"><span class='ocrx_word' id='word_1_801' title='bbox 461 5237 742 5307; x_wconf 84' lang='lat' dir='ltr'><strong>sopolitas,</strong></span> <span class='ocrx_word' id='word_1_802' title='bbox 775 5229 1034 5307; x_wconf 88' lang='lat' dir='ltr'><strong>Cyrillum</strong></span> <span class='ocrx_word' id='word_1_803' title='bbox 1066 5253 1277 5307; x_wconf 86' lang='lat' dir='ltr'><strong>quoque</strong></span> <span class='ocrx_word' id='word_1_804' title='bbox 1307 5241 1525 5295; x_wconf 90' lang='lat' dir='ltr'><strong>doctum</strong></span> <span class='ocrx_word' id='word_1_805' title='bbox 1555 5241 1610 5294; x_wconf 91' lang='lat' dir='ltr'><strong>in</strong></span> <span class='ocrx_word' id='word_1_806' title='bbox 1669 5240 1807 5296; x_wconf 84' lang='lat' dir='ltr'><strong>libro</strong></span> <span class='ocrx_word' id='word_1_807' title='bbox 1854 5240 1926 5294; x_wconf 89' lang='lat' dir='ltr'><strong>De</strong></span> <span class='ocrx_word' id='word_1_808' title='bbox 1960 5241 2034 5293; x_wconf 85' lang='lat' dir='ltr'><strong>in-</strong></span> 
     </span>
    </p>
   </div>
   <div class='ocr_carea' id='block_1_102' title="bbox 566 5345 1056 5416">
    <p class='ocr_par' dir='ltr' id='par_1_102' title="bbox 566 5345 1056 5416">
     <span class='ocr_line' id='line_1_103' title="bbox 566 5345 1056 5416; baseline 0.006 -15"><span class='ocrx_word' id='word_1_809' title='bbox 566 5347 594 5387; x_wconf 79' lang='grc' dir='ltr'>δ</span> <span class='ocrx_word' id='word_1_810' title='bbox 622 5345 808 5402; x_wconf 81' lang='lat' dir='ltr'><strong>Matth.</strong></span> <span class='ocrx_word' id='word_1_811' title='bbox 835 5349 1056 5416; x_wconf 67' lang='lat'><strong>“1,15.</strong></span> 
     </span>
    </p>
   </div>
   <div class='ocr_carea' id='block_1_103' title="bbox 2136 4785 3728 4860">
    <p class='ocr_par' dir='ltr' id='par_1_103' title="bbox 2136 4785 3728 4860">
     <span class='ocr_line' id='line_1_104' title="bbox 2136 4785 3728 4860; baseline 0.003 -18"><span class='ocrx_word' id='word_1_812' title='bbox 2136 4791 2200 4842; x_wconf 84' lang='grc' dir='ltr'><em>ἐκ</em></span> <span class='ocrx_word' id='word_1_813' title='bbox 2225 4788 2319 4842; x_wconf 81' lang='grc' dir='ltr'>τοῦ</span> <span class='ocrx_word' id='word_1_814' title='bbox 2349 4788 2488 4856; x_wconf 80' lang='grc' dir='ltr'>Περὶ</span> <span class='ocrx_word' id='word_1_815' title='bbox 2505 4785 2616 4855; x_wconf 83' lang='grc' dir='ltr'><strong>τῆς</strong></span> <span class='ocrx_word' id='word_1_816' title='bbox 2642 4787 2711 4841; x_wconf 83' lang='grc' dir='ltr'>ἐν</span> <span class='ocrx_word' id='word_1_817' title='bbox 2738 4785 2971 4855; x_wconf 85' lang='grc' dir='ltr'>Χριστῷ</span> <span class='ocrx_word' id='word_1_818' title='bbox 2999 4785 3269 4856; x_wconf 83' lang='grc' dir='ltr'>ἐνώσεως</span> <span class='ocrx_word' id='word_1_819' title='bbox 3298 4789 3407 4844; x_wconf 81' lang='grc' dir='ltr'><strong>τοῦ</strong></span> <span class='ocrx_word' id='word_1_820' title='bbox 3441 4791 3728 4860; x_wconf 77' lang='grc' dir='ltr'>σώματος</span> 
     </span>
    </p>
   </div>
   <div class='ocr_carea' id='block_1_104' title="bbox 2136 4877 3728 4950">
    <p class='ocr_par' dir='ltr' id='par_1_104' title="bbox 2136 4877 3728 4950">
     <span class='ocr_line' id='line_1_105' title="bbox 2136 4877 3728 4950; baseline 0.001 -17"><span class='ocrx_word' id='word_1_821' title='bbox 2136 4879 2287 4950; x_wconf 85' lang='grc' dir='ltr'>πρὸς</span> <span class='ocrx_word' id='word_1_822' title='bbox 2328 4877 2443 4946; x_wconf 82' lang='grc' dir='ltr'><strong>τὴν</strong></span> <span class='ocrx_word' id='word_1_823' title='bbox 2475 4879 2759 4945; x_wconf 83' lang='grc' dir='ltr'>θεότητα,</span> <span class='ocrx_word' id='word_1_824' title='bbox 2805 4877 2899 4930; x_wconf 73' lang='grc' dir='ltr'><strong>καὶ</strong></span> <span class='ocrx_word' id='word_1_825' title='bbox 2951 4877 3271 4932; x_wconf 79' lang='grc' dir='ltr'>Ἀθανάσιον</span> <span class='ocrx_word' id='word_1_826' title='bbox 3318 4877 3411 4932; x_wconf 83' lang='grc' dir='ltr'>τὸν</span> <span class='ocrx_word' id='word_1_827' title='bbox 3467 4879 3728 4946; x_wconf 73' lang='grc' dir='ltr'>Ἀλεξαν-</span> 
     </span>
    </p>
   </div>
   <div class='ocr_carea' id='block_1_105' title="bbox 2137 4967 3728 5040">
    <p class='ocr_par' dir='ltr' id='par_1_105' title="bbox 2137 4967 3728 5040">
     <span class='ocr_line' id='line_1_106' title="bbox 2137 4967 3728 5040; baseline 0.002 -17"><span class='ocrx_word' id='word_1_828' title='bbox 2137 4971 2323 5040; x_wconf 88' lang='grc' dir='ltr'>δρείας</span> <span class='ocrx_word' id='word_1_829' title='bbox 2349 4970 2415 5022; x_wconf 85' lang='grc' dir='ltr'><em>ἐκ</em></span> <span class='ocrx_word' id='word_1_830' title='bbox 2452 4968 2550 5038; x_wconf 86' lang='grc' dir='ltr'>τῆς</span> <span class='ocrx_word' id='word_1_831' title='bbox 2582 4968 2714 5037; x_wconf 83' lang='grc' dir='ltr'>πρὸς</span> <span class='ocrx_word' id='word_1_832' title='bbox 2754 4967 3008 5039; x_wconf 81' lang='grc' dir='ltr'><strong>Μάξιμον</strong></span> <span class='ocrx_word' id='word_1_833' title='bbox 3046 4970 3139 5022; x_wconf 76' lang='grc' dir='ltr'>τὸν</span> <span class='ocrx_word' id='word_1_834' title='bbox 3177 4969 3472 5038; x_wconf 72' lang='grc' dir='ltr'>φιλόσοφον</span> <span class='ocrx_word' id='word_1_835' title='bbox 3501 4973 3728 5026; x_wconf 82' lang='grc' dir='ltr'>ἐπιστο-</span> 
     </span>
    </p>
   </div>
   <div class='ocr_carea' id='block_1_106' title="bbox 2137 5060 3728 5134">
    <p class='ocr_par' dir='ltr' id='par_1_106' title="bbox 2137 5060 3728 5134">
     <span class='ocr_line' id='line_1_107' title="bbox 2137 5060 3728 5134; baseline 0.003 -20"><span class='ocrx_word' id='word_1_836' title='bbox 2137 5063 2235 5132; x_wconf 84' lang='grc' dir='ltr'>λῆς</span> <span class='ocrx_word' id='word_1_837' title='bbox 2267 5062 2362 5116; x_wconf 72' lang='grc' dir='ltr'><strong>καὶ</strong></span> <span class='ocrx_word' id='word_1_838' title='bbox 2407 5060 2468 5126; x_wconf 80' lang='grc' dir='ltr'>ἐξ</span> <span class='ocrx_word' id='word_1_839' title='bbox 2520 5061 2721 5132; x_wconf 84' lang='grc' dir='ltr'>ἐτέρων</span> <span class='ocrx_word' id='word_1_840' title='bbox 2767 5060 3042 5132; x_wconf 84' lang='grc' dir='ltr'>διαφόρων</span> <span class='ocrx_word' id='word_1_841' title='bbox 3089 5061 3300 5129; x_wconf 90' lang='grc' dir='ltr'>λόγων,</span> <span class='ocrx_word' id='word_1_842' title='bbox 3328 5063 3640 5134; x_wconf 84' lang='grc' dir='ltr'>Γρηγόριόν</span> <span class='ocrx_word' id='word_1_843' title='bbox 3672 5083 3728 5118; x_wconf 87' lang='grc' dir='ltr'><strong>τε</strong></span> 
     </span>
    </p>
   </div>
   <div class='ocr_carea' id='block_1_107' title="bbox 2142 5149 3730 5221">
    <p class='ocr_par' dir='ltr' id='par_1_107' title="bbox 2142 5149 3730 5221">
     <span class='ocr_line' id='line_1_108' title="bbox 2142 5149 3730 5221; baseline 0.001 -16"><span class='ocrx_word' id='word_1_844' title='bbox 2142 5151 2233 5205; x_wconf 84' lang='grc' dir='ltr'>τὸν</span> <span class='ocrx_word' id='word_1_845' title='bbox 2262 5150 2483 5221; x_wconf 87' lang='grc' dir='ltr'>Νύσσης</span> <span class='ocrx_word' id='word_1_846' title='bbox 2515 5152 2579 5204; x_wconf 84' lang='grc' dir='ltr'><em>ἐκ</em></span> <span class='ocrx_word' id='word_1_847' title='bbox 2607 5149 2704 5204; x_wconf 77' lang='grc' dir='ltr'><strong>τοῦ</strong></span> <span class='ocrx_word' id='word_1_848' title='bbox 2735 5155 2785 5217; x_wconf 84' lang='grc' dir='ltr'>γ’</span> <span class='ocrx_word' id='word_1_849' title='bbox 2816 5149 2976 5218; x_wconf 87' lang='grc' dir='ltr'>λόγου</span> <span class='ocrx_word' id='word_1_850' title='bbox 3020 5151 3149 5204; x_wconf 80' lang='grc' dir='ltr'>κατ’</span> <span class='ocrx_word' id='word_1_851' title='bbox 3176 5151 3484 5221; x_wconf 79' lang='grc' dir='ltr'><strong>Εὐνομιου</strong></span> <span class='ocrx_word' id='word_1_852' title='bbox 3527 5155 3626 5209; x_wconf 81' lang='grc' dir='ltr'><strong>καὶ</strong></span> <span class='ocrx_word' id='word_1_853' title='bbox 3665 5157 3730 5207; x_wconf 74' lang='grc' dir='ltr'><em>ἐκ</em></span> 
     </span>
    </p>
   </div>
   <div class='ocr_carea' id='block_1_108' title="bbox 2140 5242 3731 5317">
    <p class='ocr_par' dir='ltr' id='par_1_108' title="bbox 2140 5242 3731 5317">
     <span class='ocr_line' id='line_1_109' title="bbox 2140 5242 3731 5317; baseline 0.004 -21"><span class='ocrx_word' id='word_1_854' title='bbox 2140 5243 2232 5297; x_wconf 82' lang='grc' dir='ltr'><strong>τοῦ</strong></span> <span class='ocrx_word' id='word_1_855' title='bbox 2265 5243 2663 5315; x_wconf 74' lang='grc' dir='ltr'>κατηχητικοῦ,</span> <span class='ocrx_word' id='word_1_856' title='bbox 2698 5243 2792 5296; x_wconf 75' lang='grc' dir='ltr'><strong>καὶ</strong></span> <span class='ocrx_word' id='word_1_857' title='bbox 2824 5242 3103 5298; x_wconf 82' lang='grc' dir='ltr'>Βασίλειον</span> <span class='ocrx_word' id='word_1_858' title='bbox 3145 5244 3237 5297; x_wconf 80' lang='grc' dir='ltr'>τὸν</span> <span class='ocrx_word' id='word_1_859' title='bbox 3285 5246 3634 5317; x_wconf 77' lang='grc' dir='ltr'>Καισαρείας</span> <span class='ocrx_word' id='word_1_860' title='bbox 3668 5252 3731 5302; x_wconf 74' lang='grc' dir='ltr'><em>ἐκ</em></span> 
     </span>
    </p>
   </div>
   <div class='ocr_carea' id='block_1_109' title="bbox 1729 5443 2422 5504">
    <p class='ocr_par' dir='ltr' id='par_1_109' title="bbox 1729 5443 2422 5504">
     <span class='ocr_line' id='line_1_110' title="bbox 1729 5443 2422 5504; baseline 0.004 -5"><span class='ocrx_word' id='word_1_861' title='bbox 1729 5443 1973 5501; x_wconf 76' lang='lat' dir='ltr'><strong>VARUE</strong></span> <span class='ocrx_word' id='word_1_862' title='bbox 2013 5445 2309 5504; x_wconf 81' lang='lat' dir='ltr'><strong>LECTION</strong></span> <span class='ocrx_word' id='word_1_863' title='bbox 2319 5446 2422 5502; x_wconf 85' lang='lat' dir='ltr'><strong>ES.</strong></span> 
     </span>
    </p>
   </div>
   <div class='ocr_carea' id='block_1_110' title="bbox 531 5530 3727 5612">
    <p class='ocr_par' dir='ltr' id='par_1_110' title="bbox 531 5530 3727 5612">
     <span class='ocr_line' id='line_1_111' title="bbox 531 5530 3727 5612; baseline 0.006 -30"><span class='ocrx_word' id='word_1_864' title='bbox 531 5531 578 5612; x_wconf 50' lang='lat'><strong>‘3&#39;</strong></span> <span class='ocrx_word' id='word_1_865' title='bbox 616 5530 954 5612; x_wconf 66' lang='grc' dir='ltr'>ἀσυγχύτους</span> <span class='ocrx_word' id='word_1_866' title='bbox 982 5533 1047 5588; x_wconf 89' lang='grc' dir='ltr'><strong>Λ.</strong></span> <span class='ocrx_word' id='word_1_867' title='bbox 1127 5533 1172 5612; x_wconf 57' lang='grc' dir='ltr'><strong>ξι</strong></span> <span class='ocrx_word' id='word_1_868' title='bbox 1193 5533 1531 5612; x_wconf 55' lang='grc' dir='ltr'>δειολογήσας</span> <span class='ocrx_word' id='word_1_869' title='bbox 1566 5537 1862 5612; x_wconf 34' lang='grc' dir='ltr'>Κυρίου-ς.</span> <span class='ocrx_word' id='word_1_870' title='bbox 1940 5539 1986 5572; x_wconf 79' lang='grc'><strong>⁸⁵</strong></span> <span class='ocrx_word' id='word_1_871' title='bbox 2013 5538 2100 5612; x_wconf 76' lang='grc' dir='ltr'><strong>σὺ]</strong></span> <span class='ocrx_word' id='word_1_872' title='bbox 2136 5540 2326 5612; x_wconf 69' lang='lat' dir='ltr'><strong>Matth.</strong></span> <span class='ocrx_word' id='word_1_873' title='bbox 2359 5555 2469 5612; x_wconf 61' lang='lat' dir='ltr'><strong>xvi,</strong></span> <span class='ocrx_word' id='word_1_874' title='bbox 2513 5539 2623 5612; x_wconf 43' lang='grc' dir='ltr'><strong>16η</strong></span> <span class='ocrx_word' id='word_1_875' title='bbox 2682 5540 2730 5574; x_wconf 81' lang='grc'><strong>⁸⁸</strong></span> <span class='ocrx_word' id='word_1_876' title='bbox 2757 5535 2810 5595; x_wconf 76' lang='grc' dir='ltr'><strong>εἷ</strong></span> <span class='ocrx_word' id='word_1_877' title='bbox 2837 5542 3133 5599; x_wconf 85' lang='lat' dir='ltr'><strong>secundum</strong></span> <span class='ocrx_word' id='word_1_878' title='bbox 3163 5553 3219 5599; x_wconf 89' lang='lat' dir='ltr'><strong>et</strong></span> <span class='ocrx_word' id='word_1_879' title='bbox 3247 5544 3467 5598; x_wconf 85' lang='lat' dir='ltr'><strong>tertium</strong></span> <span class='ocrx_word' id='word_1_880' title='bbox 3496 5561 3613 5602; x_wconf 90' lang='lat' dir='ltr'><strong>om.</strong></span> <span class='ocrx_word' id='word_1_881' title='bbox 3658 5547 3727 5602; x_wconf 75' lang='grc' dir='ltr'><strong>Α.</strong></span> 
     </span>
    </p>
   </div>
   <div class='ocr_carea' id='block_1_111' title="bbox 465 5595 3727 5684">
    <p class='ocr_par' dir='ltr' id='par_1_111' title="bbox 465 5595 3727 5684">
     <span class='ocr_line' id='line_1_112' title="bbox 465 5595 3727 5684; baseline 0.002 -19"><span class='ocrx_word' id='word_1_882' title='bbox 465 5595 746 5684; x_wconf 59' lang='grc' dir='ltr'><strong>Ϊῗξγανρρέ</strong></span> <span class='ocrx_word' id='word_1_883' title='bbox 763 5595 950 5684; x_wconf 43' lang='grc' dir='ltr'><strong>’ζλδὸγτζυ</strong></span> <span class='ocrx_word' id='word_1_884' title='bbox 984 5618 1080 5684; x_wconf 54' lang='grc' dir='ltr'><strong>νΓκ</strong></span> <span class='ocrx_word' id='word_1_885' title='bbox 1104 5605 1180 5684; x_wconf 44' lang='grc' dir='ltr'><strong>,Λα</strong></span> <span class='ocrx_word' id='word_1_886' title='bbox 1206 5595 1310 5684; x_wconf 54' lang='grc' dir='ltr'><strong>ἑῆς</strong></span> <span class='ocrx_word' id='word_1_887' title='bbox 1341 5595 1559 5675; x_wconf 48' lang='grc' dir='ltr'><strong>ἔθάνθρ.</strong></span> <span class='ocrx_word' id='word_1_888' title='bbox 1604 5595 1696 5660; x_wconf 71' lang='grc' dir='ltr'>τόῦ</span> <span class='ocrx_word' id='word_1_889' title='bbox 1719 5595 1893 5675; x_wconf 68' lang='grc' dir='ltr'>Λόγου</span> <span class='ocrx_word' id='word_1_890' title='bbox 1919 5675 1933 5684; x_wconf 35' lang='grc'><strong>⁸</strong></span> <span class='ocrx_word' id='word_1_891' title='bbox 1959 5595 2100 5667; x_wconf 70' lang='grc' dir='ltr'>σοι·τῖ</span> <span class='ocrx_word' id='word_1_892' title='bbox 2144 5628 2157 5666; x_wconf 88' lang='lat'><strong>:</strong></span> <span class='ocrx_word' id='word_1_893' title='bbox 2185 5609 2286 5680; x_wconf 82' lang='grc' dir='ltr'>τῆς</span> <span class='ocrx_word' id='word_1_894' title='bbox 2308 5595 2523 5678; x_wconf 69' lang='grc' dir='ltr'>ἐνανόρ.</span> <span class='ocrx_word' id='word_1_895' title='bbox 2565 5609 2711 5682; x_wconf 82' lang='grc' dir='ltr'>λόγῳ</span> <span class='ocrx_word' id='word_1_896' title='bbox 2737 5629 2800 5676; x_wconf 81' lang='grc' dir='ltr'><strong>ς’.</strong></span> <span class='ocrx_word' id='word_1_897' title='bbox 2837 5595 2855 5599; x_wconf 35' lang='grc' dir='ltr'>ν</span> <span class='ocrx_word' id='word_1_898' title='bbox 2875 5595 2924 5646; x_wconf 59' lang='grc' dir='ltr'>δέ</span> 
     </span>
    </p>
   </div>
   <div class='ocr_carea' id='block_1_112' title="bbox 468 5668 1254 5732">
    <p class='ocr_par' dir='ltr' id='par_1_112' title="bbox 468 5668 1254 5732">
     <span class='ocr_line' id='line_1_113' title="bbox 468 5668 1254 5732; baseline 0.018 -18"><span class='ocrx_word' id='word_1_899' title='bbox 468 5680 618 5721; x_wconf 87' lang='grc' dir='ltr'>ενσον</span> <span class='ocrx_word' id='word_1_900' title='bbox 642 5668 709 5723; x_wconf 68' lang='lat' dir='ltr'><strong>A.</strong></span> <span class='ocrx_word' id='word_1_901' title='bbox 782 5671 828 5701; x_wconf 71' lang='grc'><strong>⁸³</strong></span> <span class='ocrx_word' id='word_1_902' title='bbox 847 5668 997 5732; x_wconf 57' lang='grc' dir='ltr'>τοὺς</span> <span class='ocrx_word' id='word_1_903' title='bbox 1016 5675 1139 5727; x_wconf 80' lang='lat' dir='ltr'><strong>add.</strong></span> <span class='ocrx_word' id='word_1_904' title='bbox 1194 5677 1254 5728; x_wconf 82' lang='grc' dir='ltr'><strong>Α.</strong></span> 
     </span>
    </p>
   </div>
  </div>
