3964 6246
269 203 369 265 997

1292 195 1816 258 ΒΙΒΙᾸΟΤΗΕΟΛ.
1855 215 1926 230 ’ν-
1956 194 2122 258 COD.
2162 197 2470 258 CCXXIX.

3429 205 3536 270 998

269 310 368 379 τῆς
410 303 550 381 πρὸς
582 302 956 370 Σωζοπολίτας
999 302 1325 374 ἐπιστολῆς,
1372 304 1642 375 Κύριλλόν
1664 320 1726 357 τε
1764 301 1854 356 τδν

1976 304 2288 370 :arnatione,
2333 319 2364 361 e
2409 303 2718 371 Tltesauris,
2781 307 3125 382 epistolaque
3180 314 3414 369 secunda
3465 317 3536 371 ad

236 436 241 440 -
274 399 438 468 σοφὸν
482 400 548 451 ὲκ
593 395 688 450 τοῦ
715 394 855 463 Περὶ
891 394 1402 462 ἐνανθρωπήσεως
1449 395 1611 462 λόγου
1660 394 1754 448 καὶ⁹
1794 395 1860 446 ὲκ

272 489 391 544 τῶν
424 485 749 556 θησαυρῶν
780 487 874 538 καὶ
906 487 971 538 ὲκ
1010 484 1114 554 τῆς
1153 486 1291 558 πρὸς
1323 485 1622 539 Σούκενσον
1655 484 1706 555 β’
1738 485 1860 537 ἐπι-

273 580 470 650 στολῆς
509 581 602 633 καὶ
625 581 691 632 ὲκ
719 579 814 649 τῆς
848 579 984 649 πρὶς
1031 577 1315 648 Ἐϐραίους
1343 576 1640 648 ἑρμηνείας
1673 577 1767 629 καὶ
1793 577 1857 627 ἐκ

274 670 381 724 τῶν
412 672 670 741 Σχολίων.

345 761 532 814 Ταῦτα
553 762 610 814 δὲ
639 762 866 818 διελθὼν
887 763 916 816 6
942 763 1296 832 συγγραφεὺς
1318 759 1459 833 ρητά
1480 757 1572 812 τοῦ
1596 759 1655 812 ὲν
1682 755 1860 826 ἁγίοις

280 850 440 904 πάπα
481 850 722 924 εΛέοντος
772 850 1132 925 προκομίζει,
1162 850 1214 925 -ἃ
1263 851 1356 903 καί
1408 866 1540 920 φησι
1571 847 1712 902 κατὰ
1752 845 1861 900 τῶν

272 922 555 993 δυσσεϐὦν
590 922 952 994 Οὐαλεντίνου
987 945 1080 994 καὶ
1103 922 1432 1013 Μῖρκίωνος
1463 941 1555 992 καὶ
1579 940 1738 1011 Μάνη
1767 939 1864 992 καὶ

285 1029 668 1102 Ἀπολιναρίου
703 1032 795 1085 καὶ
824 1033 1106 1102 Εὑτυχέως
1126 1033 1174 1064 ⁹⁰
1213 1031 1307 1084 καὶ
1337 1031 1444 1084 τῶν
1477 1030 1680 1099 ὁμοίων
1709 1031 1862 1102 αἱρε-

271 1122 446 1174 τικῶν
476 1123 925 1192 παρατάττεσθαι
947 1164 962 1189 ,
998 1124 1092 1176 καὶ
1126 1123 1215 1176 διὰ
1243 1122 1402 1177 τοῦτο
1420 1122 1571 1194 παρὰ
1597 1123 1706 1176 τῶν
1732 1124 1862 1192 ὁμο·

275 1211 491 1280 φρόνων
515 1211 942 1282 ἐπηρεάζεσθαι.
972 1214 1083 1266 Καὶ
1115 1212 1331 1284 πρῶτον
1363 1213 1464 1284 μὲν
1490 1212 1649 1266 τοῦτο
1674 1229 1689 1244 ⁸
1718 1214 1862 1269 Ὠσ-

275 1313 390 1368 περ
421 1298 546 1371 [424
573 1301 668 1372 Η.]
699 1304 768 1356 ἐν
800 1301 878 1368 τῷ
923 1303 1119 1358 ἐλεεῖν
1144 1303 1189 1336 ⁹¹
1225 1306 1258 1358 ὀ
1295 1304 1439 1370 Θεὸς
1484 1303 1716 1372 τροπὴν
1746 1305 1861 1374 οὐχ

1963 393 2318 464 Succensum,
2344 397 2412 454 de
2446 396 2897 468 interpretatione
2944 401 3011 456 ad
3051 400 3329 470 Hebraeos,
3371 415 3427 460 et
3469 420 3540 463 ex

1961 484 2217 542 Scboliis.

2033 752 2127 808 His
2161 754 2382 824 allatis,
2438 756 2673 814 Leonem
2735 775 2954 830 quoque
3015 776 3207 830 papam
3266 761 3535 831 producit,

1962 858 2153 904 contra
2187 850 2382 919 impios
2408 850 2530 905 illos
2566 851 2877 916 hmrelicos,
2913 854 3284 921 Valentinum,
3310 855 3542 912 Marcio-

1963 954 2106 1005 nem,
2139 939 2371 1006 Manent,
2400 942 2814 1011 Apollinarium,
2850 945 3144 1016 Eutychem
3192 945 3433 1016 aliosque
3472 947 3541 1004 si-

1963 1030 2120 1086 miles
2146 1032 2553 1102 digladiantem,
2580 1045 2634 1088 et
2657 1035 2777 1090 ideo
2798 1037 2866 1092 ab
2894 1038 3192 1107 coujuratis
3219 1039 3324 1095 illis
3361 1053 3538 1109 repre-

1964 1120 2192 1176 hensum
2264 1134 2320 1178 et
2385 1137 2782 1197 oppugnatum.
2851 1127 2962 1183 Hoc
3007 1131 3224 1198 quidem
3277 1131 3534 1200 primum.

1965 1209 2420 1276 Quemadmodum
2457 1218 2594 1271 enim
2618 1235 2734 1271 cum
2763 1220 3046 1275 miseretur
3083 1220 3222 1274 Deus
3282 1223 3541 1277 mutatio-

1964 1317 2080 1356 nem
2129 1320 2231 1356 non
2283 1306 2420 1359 subit
2475 1306 2588 1379 (71)
2620 1327 2633 1362 :
2669 1310 2744 1363 sic
2767 1310 2919 1363 homo
2953 1311 3315 1380 magnitudine
3347 1313 3539 1368 divina:

274 1393 636 1461 ὑφίσταται,
682 1395 873 1462 οὕτως
900 1397 934 1450 d
989 1395 1302 1465 ἅνθρωπος
1352 1395 1434 1460 τῷ
1469 1396 1703 1464 μεγέθει
1751 1394 1863 1464 τῆς

1976 1395 2144 1462 gloria:
2196 1411 2298 1448 non
2339 1399 2690 1452 consumitur.
2755 1399 3005 1454 Secundo
3046 1417 3062 1454 :
3101 1399 3338 1466 Utraque
3366 1403 3540 1472 forma

277 1486 445 1551 θείας
480 1485 656 1554 ἀξίας
671 1489 717 1519 ⁹²
740 1489 852 1542 οὐκ
885 1489 1278 1544 ἀναλίσκεται
1299 1530 1314 1554 ,
1341 1489 1595 1560 δεύτερον
1631 1487 1698 1541 τὸ
1737 1487 1860 1540 Ἐν-

1976 1498 2083 1535 :um
2119 1495 2340 1553 utraque
2378 1490 2744 1542 communione
2782 1499 3116 1556 cooperatur.
3151 1490 3362 1546 Asserit
3395 1492 3539 1547 enim

275 1574 439 1642 εργεῐ
455 1574 568 1643 γὰρ
600 1574 853 1645 ἑκατέρα
879 1578 1085 1648 μορφὴ
1110 1579 1262 1648 μετὰ
1291 1578 1402 1648 τῆς
1444 1580 1697 1648 θατέρου
1737 1596 1859 1633 κοι-

1976 1577 2210 1641 haeresis,
2241 1577 2375 1632 duos
2402 1576 2500 1632 hos
2530 1579 2793 1634 articulos
2821 1580 3092 1649 praeﬁxos,
3121 1580 3257 1636 Deus
3291 1593 3337 1637 et
3363 1584 3540 1647 homo,

276 1638 722 1733 νεαρ-ίανςίΛέγει
755 1638 918 1739 iugi;
945 1638 1158 1738 αἵρεσίς
1196 1670 1272 1733 ὡς
1300 1638 1492 1724 tit-6:50
1515 1638 1620 1722 sib")
1645 1670 1864 1741 ἄρθρων

1976 1667 2104 1721 duas
2135 1683 2396 1735 personas
2420 1683 2563 1734 esse,
2599 1680 2654 1724 ct
2687 1672 3008 1741 hypostases
3065 1672 3221 1728 binas
3254 1689 3544 1743 repraesen-

276 1758 644 1824 προτακτικὲ,
661 1759 694 1810 ὀ
719 1760 861 1824 Θεὸς
874 1759 973 1812 καὶ
994 1764 1026 1814 ό
1041 1760 1368 1828 ἄνθρωπος,
1392 1762 1864 1832 δύοπροσιὶνττωειιθ³

1976 1767 2108 1824 tare,
2143 1769 2197 1813 et
2230 1763 2344 1814 sola
2375 1763 2712 1816 connexione
2740 1764 2992 1817 unionem
3027 1764 3305 1818 denotare.
3341 1763 3540 1819 Verum

275 1847 385 1898 εἰσὶ
410 1847 503 1898 καὶ
532 1847 882 1902 ὑποστάσεων
907 1869 1290 1922 παραστατικα
1315 1894 1331 1919 ,
1362 1854 1465 1906 καὶ
1505 1854 1686 1924 σχέσει
1727 1855 1862 1924 μονῇ

1976 1851 2111 1904 hanc
2141 1850 2530 1919 impudentiam
2564 1853 2911 1920 Athanasius,
2937 1853 3182 1923 Gregorii
3211 1854 3392 1921 ambo,
3423 1854 3545 1924 Epi-

276 1937 378 2006 τὴν
402 1938 598 1991 ἕνωσιν
626 1942 1074 2010 σχηματίζουσιν.
1105 1941 1230 2013 [809
1258 1942 1350 2015 8.]
1391 1943 1549 1997 Ἀλλὰ
1576 1945 1634 1996 τὸ
1652 1944 1866 2008 ἀναιδὲς

273 2030 490 2083 τούτων
529 2033 848 2096 Ἀθανάσιός
878 2050 938 2086 τε
984 2035 1076 2087 καὶ
1101 2036 1149 2087 οἱ
1185 2035 1476 2106 Γρηγόριοι
1503 2037 1598 2089 καὶ
1630 2038 1863 2107 Ἐπιφά-

275 2139 392 2184 νιος
418 2123 512 2176 καὶ
537 2124 564 2176 6
587 2124 975 2195 Χρυσόστομος
1002 2126 1096 2178 καὶ
1123 2125 1283 2189 αὐτὸς
1302 2127 1330 2178 6
1351 2125 1560 2198 Κύριος
1579 2127 1867 2198 καταισχύ-

275 2229 464 2266 νουσιν
486 2255 501 2279 ,
529 2213 673 2279 ἴσαις
696 2219 898 2284 φωναῖς
929 2216 1026 2269 καὶ
1049 2216 1263 2288 ὁμοίαις
1292 2217 1387 2271 καὶ
1411 2219 1567 2271 αὐτοὶ
1596 2219 1862 2289 πολλαχοῦ

278 2305 664 2373 χρησάμενοι,
703 2307 796 2359 καὶ
822 2305 1113 2376 δηλοῦντες
1133 2306 1223 2361 διὰ
1250 2307 1348 2378 τῆς
1377 2308 1630 2379 τοιαύτης
1662 2326 1865 2378 προτα-

276 2393 390 2463 γῆς
439 2394 550 2448 τῶν
591 2395 810 2467 ἄρθρων
851 2397 912 2451 οὐ
951 2397 1044 2450 τόν
1093 2415 1215 2451 τινα
1259 2397 1548 2470 ἄνθρωπον
1600 2398 1736 2452 ἀλλὰ
1776 2398 1866 2454 τὸν

275 2484 464 2538 ὁλικὸν
484 2527 500 2551 ,
535 2486 654 2539 οὐδὲ
682 2487 781 2556 τὴν
807 2486 896 2540 τοῦ
926 2488 1137 2558 Πατρὸς
1161 2488 1195 2559 ἢ
1228 2490 1326 2559 τὴν
1357 2489 1451 2543 τοῦ
1475 2489 1604 2542 Υίοῦ
1631 2489 1869 2543 ὑπόστα-

281 2593 372 2630 σιν
405 2577 544 2630 ἀλλὰ
565 2578 665 2646 τὴν
704 2579 892 2650 κοινὴν
926 2579 1087 2647 φύσιν
1107 2621 1123 2648 ,
1156 2581 1249 2634 καὶ
1273 2582 1334 2634 οὐ
1369 2583 1490 2634 κατ’
1519 2581 1733 2634 εὐθεῖαν
1769 2580 1868 2651 μό-

277 2689 374 2724 νον
403 2673 472 2724 τὰ
503 2672 689 2744 ἄρθρα
715 2674 850 2726 ἀλλὰ
877 2675 971 2727 καὶ
1007 2674 1150 2728 κατὰ
1192 2675 1290 2739 τὰς
1337 2673 1571 2738 πτώσεις
1608 2675 1721 2737 τοῖς
1755 2673 1869 2727 ὀνό-

283 2781 423 2833 μασι
457 2764 962 2830 συνδιατιλέκοντες.
1000 2766 1207 2820 Αὐτίκα
1225 2766 1528 2830 Ματθαίος·
1561 2767 1730 2833 '09“
1761 2766 1869 2821 ἐὰν

279 2856 426 2924 εἴπῃ
452 2858 644 2926 ,λόγον
662 2897 676 2921 ,
709 2857 868 2926 φησὶ,
890 2861 1041 2913 κατὰ
1065 2859 1172 2914 τοῦ
1216 2859 1354 2915 ΥΙοῦ
1379 2859 1487 2914 τοῦ
1519 2858 1832 2927 ἀνθρώπου
1849 2899 1864 2926 ,

1969 1943 2222 2012 phanius,
2275 1943 2718 2012 Chrysostomus,
2755 1955 2808 2000 et
2841 1945 3067 2015 ipsemet
3112 1945 3371 2002 Dominus
3407 1962 3543 2004 eon-

1968 2034 2164 2101 fntanl,
2218 2035 2487 2091 similibus
2541 2051 2676 2106 pene
2737 2047 2792 2092 et
2846 2038 3142 2108 aequalibus
3197 2037 3400 2109 ubique
3457 2039 3541 2095 usi

1968 2125 2212 2180 vocibus.
2267 2123 2380 2179 Hac
2416 2126 2728 2195 praedatione
2765 2126 3120 2182 articulorum
3182 2135 3542 2193 ostentantes,

1970 2231 2076 2270 non
2127 2216 2360 2286 aliquem
2393 2229 2602 2272 certum
2655 2216 2948 2282 hominem,
3003 2217 3099 2272 sed
3161 2217 3542 2284 universalem,

1928 2297 2149 2375 'neque
2199 2306 2378 2362 Patris
2418 2315 2514 2362 aut
2566 2307 2688 2362 Filii
2751 2307 3081 2377 hypostasin,
3138 2306 3236 2362 sed
3294 2317 3542 2362 naturam

1972 2411 2314 2452 communem
2341 2399 2634 2468 designari,
2675 2407 2728 2454 et
2770 2414 2874 2452 non
2935 2399 2987 2453 in
3015 2407 3166 2454 recto
3204 2413 3335 2454 casu
3386 2398 3546 2453 modo

1972 2490 2251 2554 articulos,
2293 2491 2388 2545 sed
2424 2500 2480 2546 et
2503 2491 2718 2546 casibus
2741 2490 2863 2546 aliis
2892 2492 3056 2546 verbo
3087 2491 3356 2546 declinato
3377 2491 3542 2548 sumi.

1973 2579 2170 2635 Statim
2204 2582 2495 2638 Mattbzeus
2527 2601 2542 2637 :
2576 2583 2885 2652 Quicunque
2911 2583 3105 2637 dixerit
3128 2583 3337 2637 verbum
3355 2592 3544 2638 contra

1973 2670 2176 2726 Filium
2216 2674 2461 2738 hominis,
2488 2675 2776 2727 remittitur
2801 2674 2850 2728 ei
2879 2674 2955 2728 δ’.
2993 2674 3059 2729 Ει
3094 2675 3288 2730 iterum
3324 2673 3545 2732 :Filius

1973 2765 2197 2819 hominis
2233 2765 2429 2835 258a
2460 2777 2706 2819 uenturus
2736 2775 2808 2818 est
2843 2766 2903 2818 in
2949 2765 3119 2835 gloria
3147 2763 3324 2820 Patris
3370 2767 3454 2821 sui
3493 2777 3545 2823 ι’.

1976 2853 2039 2908 Ει
2065 2855 2248 2909 subdit
2280 2872 2293 2908 :
2326 2853 2541 2908 Nemini
2581 2855 2822 2910 dixeritis
2865 2856 3111 2911 visionem
3169 2857 3331 2922 hanc,
3385 2857 3549 2911 donec

281 2945 651 3013 ἀφεθήσεται
677 2946 856 3012 αὐτῷ·
882 2949 976 3001 xal.
1006 2949 1189 3002 πάλινο
1219 2950 1446 3004 Μέλλει
1461 2950 1505 2982 ³⁸
1536 2953 1567 3004 ό
1601 2951 1729 3016 Υἱὸς
1763 2949 1868 3002 τοῦ

1976 2940 2150 2996 Filius
2198 2942 2472 2996 Itominisa
2497 2945 2717 2996 mortuis
2772 2954 3009 3013 resurgat
3037 2942 3083 2998 ἀ.
3124 2943 3186 2998 Et
3213 2943 3271 2998 S.
3313 2945 3548 2999 Paulus:
3617 2951 3630 2962 ‘

281 3039 607 3106 ἀνθρώπου
659 3039 941 3109 ἔρχεσθαι
973 3041 1043 3095 ἐν
1073 3041 1150 3110 τῇ
1177 3041 1328 3110 δόξῃ
1357 3041 1464 3096 τοῦ
1499 3042 1729 3110 Πατρὸς
1769 3043 1873 3095 αὺ-

283 3127 397 3180 τοῦ
423 3166 438 3190 ,
473 3128 567 3181 καὶ
598 3128 760 3181 πάλιν
783 3169 798 3192 ,
849 3129 1074 3197 Μηδενὶ
1093 3131 1138 3163 ⁸⁸
1178 3131 1386 3200 εἴπητε
1416 3131 1481 3184 τὸ
1511 3131 1701 3200 ὅραμα
1721 3171 1735 3196 ,
1765 3129 1877 3194 ἕως

283 3217 369 3272 ἂν
395 3221 429 3272 d
466 3219 603 3286 Υἱὸς
619 3219 728 3274 τοῦ
767 3220 1084 3290 ἀνθρώπου
1112 3222 1180 3276 ἐκ
1214 3221 1444 3290 νέκρων
1475 3220 1733 3289 ἀναστῇ.
1769 3221 1879 3272 Καὶ

282 3311 318 3362 ὁ
342 3309 638 3374 θεσπέσιος
673 3311 920 3377 Παῦλος,
955 3315 1026 3366 El
1045 3313 1090 3346 ⁹⁷
1122 3314 1230 3382 γὰρ
1259 3312 1340 3378 τῷ
1381 3311 1486 3365 τοῦ
1527 3313 1666 3378 ἑνὸς
1698 3327 1880 3379 παρα-

285 3403 559 3472 πτώματι
590 3406 643 3458 οι
669 3404 890 3458 πολλοὶ
928 3405 1235 3460 ἀπέθανον
1257 3444 1272 3470 ,
1308 3404 1518 3470 πολλῷ
1540 3402 1784 3473 μᾶλλον
1804 3401 1879 3472 τῇ

287 3497 495 3564 χάριτι
532 3496 638 3550 τοῦ
673 3496 822 3550 Θεοῦ
853 3497 950 3550 καὶ
979 3495 1053 3565 τῇ
1083 3494 1273 3564 δωρεᾷ
1296 3496 1365 3549 ἐνν
1395 3493 1588 3564 χάριτι
1612 3494 1719 3548 τοῦ
1740 3493 1881 3558 ἐνὸς

287 3583 612 3652 ἀνθρώπου
657 3585 862 3652 Ἰησοῦ
899 3585 1160 3654 Χριστοῦ
1191 3588 1279 3650 εἰς
1311 3583 1452 3648 τοὺς
1482 3583 1754 3648 πολλοὺς
1777 3599 1880 3637 πε-

279 3675 650 3744 ριέσσευσεν
665 3675 747 3746 ⁹⁸.,
764 3676 851 3729 Ἐν
877 3675 987 3746 γὰρ
1006 3675 1215 3739 τούτοις
1241 3676 1445 3730 ἅπασιν
1471 3677 1504 3746 ἡ
1535 3675 1628 3729 τοῦ
1663 3673 1880 3746 ἀνθρώ-

291 3782 399 3817 που
430 3765 624 3835 μνήμη
653 3765 792 3834 μετὰ
845 3765 940 3817 τοῦ
966 3763 1186 3834 γενικοῦ
1215 3763 1568 3836 προαγομένη
1594 3764 1637 3796 ⁸³
1675 3763 1878 3835 ἄρθρου

288 3853 551 3924 οὐδαμῶς
599 3854 760 3907 διεῖλε
790 3855 882 3907 τὸν
905 3855 1004 3909 ἕνα
1024 3857 1040 3887 ί
1072 3854 1279 3927 Κύριον
1302 3855 1462 3926 ἡμῶν
1509 3853 1714 3925 Ἰησοῦν
1747 3855 1880 3922 Χρι-

291 3947 420 3999 στὸν
467 3947 546 4009 είς
573 3945 854 4018 ,διαφορὰν
897 3946 1267 4000 ύποστάσεων.
1318 3946 1428 4002 Καὶ
1459 3948 1488 3998 6
1521 3944 1776 4015 θεοφόρος
1823 3943 1881 3997 δὲ

300 4035 568 4104 Ἰγνάτιος
647 4037 742 4088 καὶ
811 4036 1021 4107 μάρτυς
1050 4079 1066 4106 ,
1127 4037 1458 4108 Σμυρναίοις
1529 4035 1879 4102 ἐπιστέλλων,

287 4125 498 4196 ὁμοίως
524 4125 788 4194 κέχρηται
817 4125 896 4194 τῷ
926 4125 1138 4197 ἄρθρῳ.
1168 4125 1293 4194 ,Καὶ
1323 4125 1352 4176 6
1389 4123 1612 4195 Ῥώμης
1667 4122 1882 4185 Ἰούλιος

290 4218 348 4269 ἐν
378 4218 446 4286 τῇ
487 4216 624 4287 πρὸς
650 4217 843 4270 Δόκιον
871 4219 1128 4288 ἐπιστολῇ
1157 4232 1323 4288 φησιν
1342 4213 1482 4268 ὥστε
1510 4215 1605 4269 καὶ
1633 4215 1882 4284 ἀνάθεμα

1979 3034 2038 3089 Si
2066 3037 2204 3088 enim
2231 3037 2388 3089 unius
2410 3036 2596 3089 delicto
2627 3036 2780 3089 multi
2801 3039 2998 3090 mortui
3019 3047 3164 3102 sunt,
3195 3037 3357 3090 multo
3387 3039 3552 3108 magis

1979 3125 2033 3178 in
2071 3127 2244 3193 gratia
2282 3123 2398 3191 Dei,
2461 3135 2508 3179 et
2555 3127 2750 3178 donum
2791 3127 2844 3178 in
2894 3126 3069 3195 gratia
3117 3126 3269 3179 unius
3327 3127 3552 3182 hominis

1976 3215 2105 3270 Jesu
2131 3214 2325 3268 Christi
2358 3217 2410 3266 in
2450 3202 2625 3283 plures
2660 3213 2948 3268 abundavit
2975 3227 3021 3268 ο.
3069 3214 3126 3269 In
3173 3215 3259 3271 his
3302 3217 3554 3273 omnibus

1982 3311 2184 3364 mentio
2215 3310 2272 3363 lit
2307 3309 2542 3364 hominis
2591 3311 2642 3364 in
2675 3310 2929 3380 gignendi
2985 3325 3140 3376 casu,
3181 3323 3281 3365 nec
3321 3323 3551 3377 usquam

1980 3400 2183 3456 Christi
2241 3400 2366 3456 Jesu
2427 3415 2717 3470 personam
2769 3402 2975 3457 divisit.
3027 3401 3284 3457 Scribens
3339 3414 3554 3468 quoque

1983 3491 2281 3562 Smyrnzeis
2337 3493 2495 3548 divus
2549 3491 2809 3562 lgnatius,
2869 3493 3119 3548 similiter
3171 3493 3276 3547 hoc
3327 3490 3556 3546 articulo

1983 3585 2180 3638 utitur.
2211 3583 2278 3638 Et
2310 3581 2491 3640 Julius
2527 3584 2772 3654 pontifex
2824 3585 3106 3640 Romanus
3145 3584 3198 3638 in
3230 3581 3458 3652 epistola
3483 3582 3553 3637 ad

1983 3674 2234 3734 Decium,
2269 3674 2416 3728 hunc
2443 3689 2564 3729 esse
2613 3673 2770 3743 jubet
2797 3675 3108 3736 anathema,
3149 3673 3240 3743 qui
3273 3673 3439 3726 Deum
3469 3672 3554 3726 in-

1983 3771 2266 3818 carnatum
2304 3779 2334 3818 e
2364 3762 2531 3816 Maria
2559 3763 2836 3818 hominem
2887 3778 2994 3816 non
3036 3762 3200 3818 fuerit
3251 3761 3553 3818 confessus.

1985 3855 2182 3910 Eadem
2223 3865 2278 3910 et
2311 3865 2564 3909 strenuus
2602 3855 2930 3909 Athanasius
2953 3855 3004 3908 in
3037 3855 3174 3910 libro
3228 3852 3306 3908 De
3332 3853 3459 3920 ﬁde,
3500 3861 3556 3908 et

1983 3949 2278 4019 Gregorius
2315 3947 2627 4018 Theologus
2661 3948 2713 4002 in
2755 3947 2982 4018 epistola
3009 3945 3076 4000 ad
3110 3945 3429 4002 Cledonium
3466 3957 3554 4000 sc-

1985 4039 2190 4103 cuuda,
2224 4038 2386 4092 etiam
2426 4037 2595 4091 variis
2651 4037 2786 4090 locis
2833 4035 3128 4106 Gregorius
3159 4034 3458 4106 Nyssenus,
3498 4042 3555 4086 et

1985 4145 2142 4186 sacer
2181 4115 2410 4183 Basilius
2437 4127 2494 4182 in
2517 4127 2764 4182 oratione
2789 4126 2864 4180 De
2907 4127 3031 4195 fide,
3055 4136 3110 4180 et
3155 4126 3209 4180 in
3251 4125 3344 4180 lib.
3389 4138 3430 4178 ll
3485 4123 3560 4177 De

1986 4223 2175 4276 Ita'resi
2219 4219 2589 4290 Epiphanius;
2627 4221 2720 4274 sed
2760 4227 2815 4273 et
2839 4220 3056 4272 Atticus
3095 4215 3555 4285 Constantinopo-

292 4306 437 4360 ἔστω
467 4310 576 4370 πᾶς
621 4311 647 4362 ὀ
673 4308 766 4361 τὸν
794 4309 856 4360 ὲκ
883 4309 1103 4378 Μαρίας
1138 4307 1423 4378 ἄνθρωπον
1472 4307 1572 4377 οὐχ
1607 4305 1871 4376 ὁμολογῶι

1989 4314 2106 4369 leos
2139 4314 2193 4367 in
2227 4313 2453 4382 epistola
2488 4313 2553 4365 ad
2588 4309 2995 4381 Empsycbium,
3021 4319 3077 4364 et
3113 4307 3351 4362 Joannes
3378 4305 3557 4376 Chry-

293 4395 439 4452 εἷναι
483 4399 749 4470 ἔνσαρκον
787 4399 940 4453 Θεόν.
988 4399 1068 4451 Τὰ
1134 4398 1273 4452 αὐτὰ
1292 4398 1349 4451 δὲ
1402 4398 1498 4452 καὶ
1524 4400 1552 4451 6
1586 4395 1883 4460 πολύαθλος

305 4490 632 4556 Ἀθανάσιος
660 4494 719 4546 ὲν
765 4491 843 4560 τῷ
871 4492 1011 4558 Περὶ
1042 4492 1307 4557 πίστεως
1356 4491 1501 4562 λόγῳ
1523 4529 1538 4557 ,
1571 4490 1666 4544 καὶ
1694 4492 1722 4543 6
1751 4487 1881 4543 Θεο-

293 4579 454 4650 λόγος
485 4583 788 4653 Γρηγὸριος
814 4585 872 4636 ὲν
919 4585 984 4655 τῇ
1014 4583 1152 4656 πρὸς
1181 4583 1475 4654 Κληδόνων
1503 4583 1548 4653 β’
1587 4582 1843 4653 ἐπιστολῇ
1865 4619 1882 4648 ’

301 4671 396 4727 ναὶ
424 4672 536 4742 μὴν
557 4673 651 4725 καὶ
671 4676 698 4727 6
723 4674 943 4745 Νύσσης
964 4675 1266 4746 Γρηγόριος
1295 4676 1352 4728 ὲν
1381 4673 1658 4744 διαφόροις
1682 4672 1880 4742 λόγοις,

295 4766 394 4822 καὶ
416 4767 696 4834 Βασίλειος
712 4771 740 4823 ὁ
760 4768 1045 4835 θεσπέσιος
1073 4769 1132 4823 ὲν
1163 4770 1241 4842 τῷ
1262 4769 1403 4839 Περὶ
1432 4771 1692 4836 πίστεως
1714 4767 1879 4838 λόγῳ,

373 4908 426 4949 δ’
465 4908 662 4965 llattb.
692 4924 792 4974 xu,
817 4909 909 4963 52.
996 4919 1018 4948 ε
1051 4907 1240 4963 Matth.
1273 4921 1384 4973 χιιι,
1412 4905 1504 4960 27.
1579 4905 1607 4945 ιι
1644 4905 1836 4960 Matth.
1867 4921 1974 4962 λνιι
1998 4907 2052 4962 8.

1983 4414 2263 4461 sostomus
2288 4403 2504 4458 homilia
2545 4404 2579 4458 5
2604 4404 2654 4456 in
2685 4401 2856 4470 Epist.
2893 4400 3046 4454 Pauli
3095 4397 3162 4453 ad
3199 4397 3462 4468 Ephesios
3505 4406 3558 4451 et

1983 4495 2037 4550 in
2074 4493 2361 4548 Thesauris
2417 4491 2675 4563 Cyrillus,
2726 4500 2781 4546 et
2843 4488 3221 4559 Explicatione
3276 4485 3560 4542 Malachia:

1981 4584 2261 4656 prephette
2294 4594 2351 4640 et
2382 4581 2610 4638 Joannis
2651 4582 3026 4652 evangelista,
3054 4588 3109 4636 et
3138 4580 3193 4635 itt
3227 4579 3366 4635 libro
3397 4594 3451 4633 ιι
3480 4578 3559 4632 De

1987 4677 2299 4732 adoratione
2322 4677 2378 4730 in
2425 4674 2626 4746 Spiritu
2681 4685 2728 4729 et
2769 4675 2983 4729 ueritate
3037 4672 3171 4744 (72).
3210 4673 3384 4727 Habet
3415 4673 3558 4727 enim

1993 4771 2066 4824 ita
2097 4786 2110 4824 :
2161 4767 2390 4824 Natura:
2429 4768 2566 4823 enim
2603 4783 2842 4837 superna:
2879 4764 3238 4820 habitaculum
3280 4762 3558 4834 locupletat

2133 4917 2157 4945 ο
2187 4905 2346 4961 Rom.
2366 4918 2419 4970 ν,
2447 4903 2539 4958 l5.

1575 5063 1818 5121 VARI‘E
1841 5064 2246 5122 LECTIONES.

371 5196 418 5280 ’ἶ
446 5196 704 5266 εὐτυχέος
740 5191 1154 5280 ξῖηθῖἣέτῗβδ
1176 5191 1246 5280 θ,
1283 5187 1379 5280 2.3;

303 5257 706 5352 πρόσωπαᾟῖξ,
751 5257 798 5297 δε
819 5262 901 5336 ὃς]
949 5257 1142 5318 Matth.
1175 5275 1273 5326 XII,
1301 5257 1392 5314 52.
1490 5257 1536 5291 ⁸⁸
1571 5275 1592 5330 ιι

308 5335 392 5388 15.
468 5335 513 5367 ³⁸
546 5337 960 5404 ὲπερισσευσεν.
1039 5333 1084 5364 ’³
1117 5328 1507 5402 προσαγομένη
1531 5345 1592 5394 ς.

1488 5186 1536 5220 ⁹¹
1571 5184 1767 5254 aestv]
1795 5185 1975 5254 λέγειν
2002 5185 2070 5241 Α.

2145 5184 2192 5216 ³⁸
2213 5181 2372 5248 ἀξίας
2404 5182 2442 5235 Α
2477 5198 2490 5234 :
2519 5179 2689 5248 δόξηςΔ
2707 5195 2768 5242 ς.
2863 5176 2912 5209 ’³
2940 5169 3232 5248 πρρσώττον
3256 5182 3417 5248 ferr.
3469 5166 3511 5220 Α
3541 5175 3557 5213 :

1490 5215 1536 5291 ἑὲ
2124 5215 2836 5323 ετ.““’τῖ⁵μ’;;δξᾷῆν¹ιι;ιὶι..
2863 5215 3562 5310 ιν.·;ξ’έῐ“·εῖέιῇιει;η;’ν.

1490 5345 1592 5381 ις.
1751 5344 1816 5381 να
1841 5341 1870 5380 a
1910 5333 1928 5350 '
1951 5364 1966 5381 .
2052 5363 2066 5377 .

1815 5439 2048 5496 ΝΟΤᾹΞ.

379 5539 492 5609 ('it)
520 5537 593 5594 lit
621 5539 1012 5603 incarnatione,
1052 5537 1196 5608 quod
1235 5537 1532 5593 maximum
1565 5543 1648 5591 est
1679 5534 1897 5591 miseri-

306 5610 501 5664 cordia:
531 5625 688 5678 opus.

2000 5603 2035 5655 Γ
2077 5531 2191 5602 (⁵72)
2227 5531 2394 5655 lgor-lie
2421 5531 2676 5586 tredecim
2704 5535 2920 5586 exstant
2946 5522 3136 5596 Cyrilli
3163 5521 3237 5577 De
3259 5518 3567 5575 adcretione

2025 5618 2180 5655 t0llli£
2203 5617 2232 5655 e
2276 5613 2354 5654 ιιι.

2025 5613 2180 5657 {omne
2203 5613 2354 5656 etltlt.
