3964 6246
434 269 542 337 999

1604 266 1871 328 ΡΗΟΤΙΙ
1911 265 2416 326 PATRIARCHJE
2454 266 2560 326 CP.

3561 265 3699 330 1000

431 381 688 454 t‘irginale
724 379 997 448 templum.
1045 377 1170 434 Haec
1196 375 1380 432 omnia
1415 386 1471 432 et
1503 391 1624 432 cum
1670 375 1921 432 articulis
1959 385 2013 431 et

2119 375 2214 428 καὶ
2245 376 2274 427 6
2311 373 2624 445 θαυμαστὸς
2662 373 2975 442 Ἑπιφάνιος
3017 374 3074 427 ἐν
3119 372 3199 443 τῷ
3231 373 3369 442 Περὶ
3409 373 3700 444 αἱρέσεως

432 473 670 528 divinam
706 479 761 524 et
787 470 1078 523 humanam
1115 474 1367 520 naturam
1397 467 1660 533 designat.
1715 463 1819 519 Sed
1871 477 2008 531 quo-

435 564 594 618 modo
647 562 734 615 hic
782 568 1028 614 sanctum
1100 556 1339 613 Leonem
1397 556 1449 610 in
1497 555 1852 626 productione
1913 567 2006 606 ar-

435 653 720 707 ticulorum
761 661 1004 717 accusat,
1056 659 1110 705 et
1172 660 1397 706 caeteros
1451 646 1638 701 Patres
1696 660 1800 701 non
1870 643 2008 698 alla-

437 754 562 798 lrat.

2113 461 2320 535 πρώτῳ
2375 463 2595 534 βιϐλίῳ,
2649 463 2786 517 ἀλλὰ
2841 464 2934 515 καὶ
2984 465 3012 516 6
3076 465 3702 530 Κωνσταντινουπόλεως

2123 557 2364 618 Ἀττικὸς
2392 556 2449 609 ὲν
2472 557 2539 625 τῇ
2568 555 2707 626 πρὸς
2733 554 3004 626 Εὑψύχιον
3026 555 3278 626 ἐπιστολῇ
3308 595 3322 619 ,
3350 556 3444 610 καὶ
3483 557 3511 609 6
3546 558 3701 626 Χρυ-

2115 647 2378 717 σόστομος
2410 647 2466 700 ὲν
2501 647 2770 718 ἑρμηνείᾳ
2798 648 2897 717 τῆς
2929 647 3032 716 πρὸ
3067 646 3348 714 Ἐφεσίους
3379 648 3697 718 ἐπιστολῆς,

2124 737 2316 808 τρίτῆς
2352 735 2568 806 ὁμιλίας
2586 775 2600 801 ,
2626 737 2721 789 καὶ
2750 736 3016 806 Κύριλλος
3038 735 3095 788 δὲ
3133 735 3192 787 ἐν
3219 735 3342 801 τοῖς
3371 737 3727 805 θησαυροῖς,

431 835 524 886 καὶ
548 835 604 885 ὲν
626 837 690 905 τῇ
717 834 984 906 ἑρμηνείᾳ
1012 832 1106 885 τοῦ
1135 834 1412 903 προφήτου
1443 831 1724 902 Μαλαχίου
1754 828 1847 886 καὶ
1905 831 1961 883 ὲν
1987 832 2054 900 τῇ
2091 829 2359 900 ἑρμηνείᾳ
2381 828 2476 882 τοῦ
2508 829 2651 883 κατὰ
2688 829 2935 899 Ἰωάννην
2961 828 3294 897 Εὑαγγελίου
3367 831 3462 882 καὶ
3510 832 3568 882 ὲν
3619 829 3701 896 τῷ

431 928 570 997 Περὶ
598 929 706 997 τῆς
726 929 796 982 ἐν
830 929 1118 997 πνεύματι
1143 927 1422 1002 λατρείας
1451 927 1624 994 ὲνὰτῳ
1655 925 1842 997 βιϐλίῳ
1865 941 1879 956 ·
1908 923 2054 992 λέγει
2075 923 2184 995 γὰρ
2205 923 2375 987 οὕτως
2395 940 2409 956 °
2441 925 2684 991 Φύσεως
2716 926 2824 1011 γςο
2852 923 2961 990 τῆς
2977 925 3252 978 ἀνωτάτω
3300 924 3707 979 καταπλουτεῖ

431 1022 539 1075 τὸν
594 1022 967 1091 ἐναυλισμὸν
1009 1024 1040 1074 ό
1081 1021 1149 1073 ἐκ
1214 1021 1512 1088 παρθένου
1565 1020 1731 1084 ναός.
1801 1017 2020 1071 Τούτων
2059 1017 2312 1071 ἁπάντων
2361 1015 2500 1086 μετὰ
2539 1015 2649 1070 τῶν
2689 1015 2906 1086 ἄρθρων
2935 1017 3035 1086 τήν
3095 1033 3153 1068 τε
3187 1015 3337 1069 θείαν
3385 1015 3546 1083 φύσιν
3605 1019 3702 1070 καὶ

430 1120 530 1190 τὴν
568 1119 914 1190 ἀνθρωπίνην
960 1117 1308 1188 προαγόντων
1331 1157 1345 1182 ,
1378 1117 1494 1180 πῶς
1531 1117 1558 1168 ὁ
1600 1117 1692 1169 τὸν
1743 1117 1800 1168 ὲν
1849 1115 2024 1182 ἁγίοις
2051 1115 2258 1168 Λέοντα
2287 1111 2614 1183 αίτιώμενος
2643 1112 2730 1165 διὰ
2761 1113 2858 1184 τὴν
2897 1111 3008 1166 τῶν
3081 1111 3298 1181 ἄρθρων
3363 1110 3702 1181 προκομιδὴν

433 1214 555 1283 οὐχὶ
617 1212 762 1265 κατὰ
811 1213 1032 1266 πάντων
1087 1210 1243 1280 ἡμῶν
1291 1210 1398 1263 τῶν
1433 1209 1708 1280 θεοφόρων
1766 1207 2024 1277 Πατέρων
2059 1205 2313 1273 ὑλακτεϊ;

507 1306 612 1359 Sed
641 1304 766 1357 illud
790 1304 948 1357 etiam
981 1304 1296 1358 videamus:
1332 1304 1593 1371 Operatur
1627 1305 1764 1356 enim
1802 1314 2018 1372 utraque

434 1398 607 1466 [arma
655 1413 770 1449 cum
813 1397 1080 1466 utriusque
1125 1395 1486 1464 conjunctione
1541 1396 1821 1448 secundum
1869 1409 2018 1446 suam

432 1490 825 1559 praprietatem.
897 1486 1010 1540 Hoc
1069 1489 1276 1557 quidem
1327 1499 1572 1556 operante
1636 1485 1820 1553 Verbo,
1878 1485 2018 1555 qnod

449 1577 599 1631 Verbi
639 1589 756 1630 est:
790 1591 1006 1644 corpore
1031 1593 1150 1629 vero
1199 1592 1259 1629 ea
1295 1576 1562 1645 eﬂiciente,
1613 1591 1730 1643 qua:
1781 1573 2016 1642 corporis

435 1680 578 1724 sunt.
622 1670 686 1722 Et
733 1670 784 1721 in
816 1669 901 1723 his
945 1684 1064 1721 cum
1099 1667 1300 1722 sanctis
1339 1667 1590 1721 Palribus
1620 1666 1928 1721 consentire
1963 1672 2017 1719 et

2202 1303 2343 1354 Ἀλλ’
2402 1301 2598 1372 ἴδωμεν
2644 1300 2742 1354 καὶ
2795 1299 2858 1353 τό
2887 1314 2902 1330 ·
2971 1299 3226 1367 Ἐνεργεῖ
3299 1299 3409 1368 γὰρ
3447 1298 3702 1367 ἑκατέρα

2112 1392 2315 1463 μορφὴ
2362 1394 2514 1462 μετὰ
2559 1393 2670 1458 τῆς
2706 1390 2955 1459 θατέρου
2986 1391 3302 1455 κοινωνίας
3352 1389 3498 1452 ὅπερ
3543 1388 3704 1442 ῐδιον

2115 1483 2338 1555 ἔσχηκε
2363 1523 2378 1547 ,
2434 1485 2541 1538 τοῦ
2578 1483 2698 1553 μὲν
2743 1485 2932 1553 λόγου
2976 1481 3480 1552 κατεργαζομένου
3520 1481 3700 1533 τοῦτο

2115 1578 2260 1644 ὅπερ
2295 1576 2427 1629 ἐστὶ
2458 1576 2566 1630 τοῦ
2591 1577 2786 1646 Λόγου
2809 1614 2826 1639 ,
2848 1575 2954 1630 τοῦ
2979 1574 3047 1627 δὲ
3077 1573 3352 1643 σώματος
3382 1570 3702 1626 ἐκτελοῦν-

2117 1687 2210 1734 τος
2253 1668 2380 1740 [ιίὲΐὶ
2414 1666 2502 1738 ΙΙ.]
2545 1667 2694 1736 ἅπερ
2745 1667 2878 1721 ἐστὶ
2927 1667 3036 1720 τοῦ
3085 1667 3380 1735 σώματος.
3426 1665 3538 1716 Καὶ
3591 1663 3702 1733 γάρ

436 1759 730 1816 convenire
765 1759 1033 1813 videbitur
1078 1778 1089 1812 :
1131 1774 1320 1814 omnes
1353 1759 1494 1813 enim
1526 1759 1754 1811 humana
1787 1758 2010 1820 homini,

2119 1757 2395 1811 κάνταῦθα
2445 1754 2697 1826 ὁμόδοξός
2748 1773 2806 1809 τε
2860 1757 2953 1809 καὶ
3018 1757 3298 1824 ὁμόφωνος
3352 1756 3466 1815 τοῖς
3529 1752 3701 1821 ἴεροις

435 1853 618 1906 divina
651 1852 760 1905 Deo
803 1851 1071 1905 tribuunt.
1139 1850 1608 1917 Quemadmodum
1673 1854 1867 1905 doctus
1925 1850 2014 1904 ille

434 1944 670 2015 Cyrillus
703 1945 754 1997 in
793 1943 1196 1997 Commentario
1226 1943 1292 1996 ad
1336 1940 1596 1995 Joannem
1633 1959 1646 1995 :
1686 1940 1770 2007 Si,
1817 1942 2012 2010 inquit,

433 2036 588 2091 Jesus
619 2037 870 2104 pro/icere
897 2035 1169 2089 dicebatur
1191 2037 1452 2099 sapientia
1479 2046 1526 2090 et
1557 2044 1712 2088 a'tate
1744 2033 1788 2099 ί,
1816 2044 1862 2086 et
1895 2050 2015 2102 gra-

435 2131 546 2193 tia,
607 2129 802 2200 258b
875 2129 1254 2182 incarnationis
1318 2143 1446 2196 Opus
1513 2139 1609 2183 est.
1667 2126 2012 2180 Permittebat

432 2220 572 2274 enim
622 2219 715 2273 Dei
765 2218 986 2273 Verbum
1020 2219 1407 2272 humanitatem
1451 2219 1560 2272 suis
1599 2219 1858 2284 nmptibus
1884 2216 2014 2286 ferri

431 2312 560 2366 etin
603 2309 862 2367 Oratione
901 2312 1161 2367 adversus
1186 2311 1496 2366 Nestorium
1528 2328 1542 2363 :
1571 2310 1783 2379 Aspice,
1816 2309 2012 2376 inquit,

433 2415 487 2455 ut
523 2405 630 2471 ipse
657 2403 792 2456 nihil
822 2405 1087 2457 remittens
1135 2420 1217 2468 ne,
1255 2419 1373 2456 cum
1399 2411 1686 2470 pateretur,
1715 2400 2013 2467 permiserit

433 2494 582 2547 carni
616 2495 670 2546 in
700 2495 964 2560 propriam
997 2503 1245 2546 naturam
1295 2508 1480 2562 parum
1522 2507 1692 2559 posse,
1753 2491 1849 2543 etsi
1893 2506 2017 2559 pro-

433 2586 550 2654 prin
577 2585 685 2651 lege
713 2584 959 2653 ferretur,
995 2594 1044 2639 et
1082 2586 1253 2652 ipsius
1287 2600 1369 2638 res
1401 2583 1616 2647 dicitur,
1639 2598 1698 2635 eo
1723 2583 1870 2652 'quod
1892 2597 2014 2651 pro-

434 2677 606 2744 prium
662 2677 728 2729 sit
779 2681 892 2746 ejus
921 2691 1108 2744 corpus
1153 2695 1167 2730 :
1205 2685 1257 2730 et
1311 2676 1364 2729 in
1417 2674 1746 2728 Thesauris:
1790 2671 2014 2726 Turbari

432 2781 556 2819 vero
605 2767 875 2834 proprium
927 2769 1101 2819 carnis
1134 2776 1207 2818 est
1256 2781 1275 2820 :
1301 2775 1608 2834 potestatem
1657 2780 1777 2818 vero
1826 2763 2015 2817 habere

431 2854 678 2921 ponendi,
708 2863 755 2907 et
778 2855 969 2906 iterum
994 2853 1292 2906 resumenda
1331 2854 1582 2916 animam,
1622 2868 1750 2920 opus
1797 2861 1876 2905 est
1917 2867 2014 2917 po-

435 2940 611 2994 tentia:
670 2938 840 2992 Verbi.
878 2938 944 2993 Et
996 2949 1252 2994 sexcenta
1313 2939 1417 2992 alia
1474 2940 1519 2994 si
1555 2939 1678 3008 quis
1732 2938 2016 2995 voluerite

435 3041 627 3085 sancto
659 3032 920 3103 colligere
952 3031 1281 3101 reliquisque
1312 3033 1562 3086 Palribus
1590 3033 1851 3086 inveniet.
1875 3032 2012 3087 Gre-

2119 1849 2279 1919 ήμῶν
2326 1849 2775 1920 ἀναδειχθήσεται
2810 1847 3054 1918 Πατράσι
3075 1851 3088 1864 ⁸
3119 1847 3319 1909 πάντες
3360 1847 3469 1914 γὰρ
3498 1845 3568 1896 τὰ
3602 1843 3701 1914 μὲν

2116 1936 2446 2009 ἀνθρώπινα
2473 1938 2551 2008 τῷ
2577 1937 2848 2008 ἀνθρώπῳ
2891 1936 3204 1990 ἀνατιθέασι
3222 1977 3236 2001 ,
3262 1935 3340 2004 τῷ
3386 1933 3504 2003 Θεῷ
3531 1933 3589 1985 δὲ
3632 1931 3702 1984 τὰ

2115 2027 2270 2092 θεῖα,
2307 2028 2501 2097 ὥσπερ
2547 2028 2643 2082 καὶ
2671 2029 2700 2081 6
2727 2027 2891 2097 σοφὸς
2933 2025 3202 2097 Κύριλλος
3222 2029 3278 2079 ὲν
3323 2028 3387 2096 τῇ
3428 2022 3702 2093 ἑρμηνείᾳ

2114 2117 2208 2168 τοῦ
2257 2117 2401 2170 κατά
2450 2117 2704 2186 Ἰωάννην
2735 2116 3070 2186 Εὐαγγελίου
3095 2133 3113 2152 ο
3145 2114 3235 2169 Ἐἰ
3275 2113 3344 2168 δὲ
3382 2114 3458 2180 δὴ
3485 2153 3499 2178 ,
3534 2113 3699 2182 φησὶ,

2113 2208 2348 2277 λέγοιτο
2383 2211 2746 2275 προκόπτειν
2787 2211 2819 2261 ό
2857 2208 3098 2276 Ἰησοῦς
3143 2207 3350 2276 ἡλικίᾳ
3377 2205 3476 2259 καὶ
3512 2205 3703 2274 σοφίᾳ

2116 2299 2214 2352 καί
2239 2297 2461 2366 χάριτι,
2484 2298 2594 2368 τῆς
2619 2300 2966 2368 οἰκονομίας
2993 2298 3164 2352 ἐσται
3189 2296 3256 2350 τὸ
3287 2296 3517 2364 χρῆμα’
3543 2311 3701 2348 συν-

2115 2391 2318 2459 εχώρει
2348 2391 2458 2459 γὰρ
2487 2394 2520 2444 ό
2551 2389 2655 2443 τοῦ
2697 2389 2847 2444 Θεοῦ
2891 2389 3074 2458 λόγος
3117 2389 3216 2442 διὰ
3249 2386 3368 2440 τῶν
3399 2385 3509 2454 τῆς
3543 2385 3701 2450 ἰδίας

2115 2482 2354 2549 φύσεως
2375 2479 2530 2534 ἐθῶν
2557 2480 2705 2534 ἱέναι
2729 2480 2792 2532 τὸ
2814 2480 3211 2546 ἀνθρώπινον.
3232 2477 3344 2530 Καὶ
3371 2479 3427 2530 ὲν
3450 2476 3528 2546 τῷ
3555 2477 3702 2529 κατὰ

2115 2573 2411 2643 Νεστορίου
2459 2572 2601 2642 λόγῳ
2626 2613 2640 2636 ,
2693 2573 2880 2640 Ἅθρει
2915 2571 2991 2640 δὴ
3015 2611 3030 2636 ,
3080 2571 3281 2640 φησὶν,
3319 2570 3478 2635 ὅπως
3517 2568 3703 2622 οὐδὲν

2117 2661 2402 2731 καθυφεὶς
2445 2663 2661 2728 αὐτὸς,
2711 2663 2850 2716 οὔτε
2889 2661 3018 2731 μὴν
3058 2664 3145 2728 εἰς
3193 2661 3352 2714 ἰδίαν
3396 2662 3588 2729 φύσιν
3632 2659 3699 2714 τὸ

2114 2756 2451 2826 ἀσθενῆσαι
2497 2756 2735 2823 παθὼν,
2779 2756 3203 2827 συγκεχώρηκε
3255 2754 3332 2824 τῇ
3383 2755 3566 2824 σαρκί
3595 2752 3702 2807 καὶ

2115 2851 2213 2906 διὰ
2251 2850 2369 2904 τῶν
2420 2851 2585 2905 ἰδίων
2621 2851 2769 2906 ἰέναι
2799 2853 3027 2921 νόμωνο
3055 2851 3154 2905 καὶ
3191 2849 3375 2904 αὑτοῦ
3409 2849 3476 2902 τὸ
3497 2847 3703 2918 χρῆμα

2114 2945 2352 3013 λέγεται
2374 2943 2472 2998 διὰ
2497 2947 2564 2998 τὸ
2596 2944 2752 2997 ἴδιον
2779 2941 2935 2998 εἶναι
2980 2944 3046 2997 τὸ
3075 2943 3247 3013 σῶμα
3268 2942 3476 2996 αὐτοῦ.
3505 2942 3613 2996 Καὶ
3641 2941 3703 2993 ἐν

2115 3037 2228 3099 τοῖς
2256 3035 2614 3104 Θησαιφοῗς,
2677 3037 2748 3091 Τὸ
2781 3036 2892 3106 μὲν
2922 3035 3309 3104 ταράττεσθαι
3332 3034 3442 3102 τῆς
3469 3032 3704 3101 σαρκὸς

437 3123 620 3190 gorius
678 3124 844 3187 enim,
900 3125 1252 3190 Athanasius,
1310 3123 1738 3193 Amphilochius,
1773 3124 2013 3194 Chryso-

2121 3093 2277 3178 ἴδιον
2311 3093 2537 3192 tuo},
2569 3093 2636 3180 τὸ
2669 3127 2738 3180 δὲ
2781 3093 3073 3191 ἐξουσίαν
3101 3127 3266 3196 ἔχειν
3290 3093 3478 3180 θεῖναί
3506 3093 3570 3178 τὲ
3595 3093 3700 3177 καὶ

436 3223 663 3280 ειοιιιιιε,
692 3215 1030 3281 Ambrosius,
1079 3215 1426 3285 reliquusque
1477 3223 1787 3269 sanctorum
1839 3224 2013 3270 cattus

2121 3215 2306 3270 πάλιν
2334 3216 2543 3270 λαϐεῖν
2589 3217 2703 3286 τὴν
2729 3217 2940 3288 ψυχὴν
2968 3218 3082 3286 τὴν
3107 3218 3212 3272 τοῦ
3265 3217 3461 3288 Λόγου
3512 3213 3704 3270 δυνά-

436 3303 574 3356 idem
610 3305 1037 3374 promulgarunt.

2119 3324 2274 3376 μεως
2305 3308 2503 3376 ἔργον.
2535 3309 2644 3362 Καὶ
2669 3310 2835 3379 μυρία
2864 3309 2930 3363 ἄν
2955 3326 3040 3373 τις
3063 3307 3387 3379 βουλόμενος
3417 3305 3704 3376 συλλέγειν

434 3392 502 3446 ἐκ
537 3409 598 3446 τε
639 3393 865 3447 τούτου²
891 3395 986 3448 τοῦ
1026 3393 1172 3448 θείου
1205 3393 1400 3465 ἀνδρὸς
1443 3394 1539 3448 καὶ
1563 3393 1628 3447 ὲκ
1669 3394 1780 3448 τῶν
1809 3392 2015 3448 λοιπῶν
2037 3395 2194 3466 ἡμῶν
2225 3398 2488 3469 Πατέρων
2513 3399 2614 3452 οὐκ
2635 3399 2701 3452 ἂν
2726 3395 2977 3472 ἀπορήσῃ
2999 3401 3050 3432 ³·
3078 3398 3206 3472 [812
3227 3397 3319 3471 R.]
3367 3399 3422 3452 οἵ
3473 3415 3533 3451 τε
3589 3399 3704 3470 γὰρ

434 3482 730 3554 Γρηγόριοι.
759 3486 854 3539 καὶ
892 3484 1211 3547 Ἀθανάσιος
1245 3483 1676 3554 ’Λμφιλόχιὸςτε
1702 3483 1794 3538 καὶ
1825 3486 1855 3538 6
1878 3484 2264 3557 Χρυσόστομος
2315 3491 2410 3542 καὶ
2447 3489 2770 3559 Ἀμσρόσιος
2796 3491 2891 3544 καὶ
2917 3492 2946 3545 6
2977 3490 3133 3554 ἄλλος
3197 3490 3305 3543 τῶν
3375 3490 3550 3557 ἁγίων
3603 3507 3702 3561 χο-

440 3579 530 3650 ρὸς
561 3580 628 3631 τὰ
655 3578 795 3632 αὐτὰ
835 3577 1254 3648 διακεκράγασι.

511 3673 804 3742 Postquam
843 3685 973 3725 vero
1021 3671 1542 3739 proposueruntqui
1595 3679 1914 3740 repugnant,
1955 3677 2013 3724 ut

2209 3671 2362 3724 Ἐπεὶ
2383 3671 2440 3723 δὲ
2469 3673 2791 3742 προέτειναν
2818 3672 2868 3724 ot
2903 3671 2971 3724 δι’
3008 3671 3252 3735 ἐναντίας
3282 3672 3358 3735 ὡς
3399 3671 3703 3744 Γρηγόριος

437 3764 736 3836 Gregorius
767 3763 1250 3830 Neocaesariensis,
1285 3760 1640 3829 Athanasius,
1680 3763 1872 3828 Julius,
1906 3762 2013 3832 Cy-

2119 3763 2146 3816 6
2201 3762 2636 3834 Νεοκαισαρείας
2667 3761 2760 3815 καὶ
2810 3761 3128 3827 ’Δθανάσιος
3188 3765 3282 3818 καὶ
3336 3763 3555 3828 Ἰούλιος
3601 3765 3703 3819 καὶ

437 3858 611 3920 rillus,
653 3855 1002 3920 Erechthius,
1042 3869 1202 3910 unam
1259 3855 1350 3910 Dei
1386 3864 1633 3909 naturam
1676 3857 2009 3910 incarnatant

2119 3852 2385 3924 Κύριλλος
2411 3855 2523 3907 -καὶ
2564 3852 2840 3926 Ἐρίχθιος
2877 3853 3010 3925 μίαν
3043 3852 3205 3924 φύσιν
3233 3853 3328 3909 τοῦ
3357 3853 3493 3907 Θεοῦ
3517 3855 3700 3925 Λόγου

437 3946 698 3999 sentiunt.
732 3945 893 3999 Clare
931 3945 1078 3998 enim
1101 3944 1248 4000 vocis
1278 3959 1495 4001 sensum
1531 3947 1766 4016 explicat
1792 3947 2002 4011 dicens.

2119 3944 2400 4010 δοξάζουσι
2434 3945 2866 4019 σεσαρκωμένην
2887 3989 2904 4016 ,
2945 3945 3199 4017 διασάφει
3236 3947 3335 4017 μὲν
3361 3946 3464 4017 τῆς
3509 3947 3702 4018 φωνῆς

438 4045 496 4087 ut
519 4034 632 4104 ipsa
683 4035 1042 4089 diﬂ'erentiam
1102 4035 1370 4091 unitarum
1402 4047 1721 4092 naturarum
1764 4038 2008 4094 edoceat.

2119 4037 2213 4109 τὴν
2235 4038 2508 4104 διάνοιαν,
2535 4039 2709 4108 λέγων
2752 4041 2827 4103 ὡς
2865 4038 2962 4094 καὶ
3001 4038 3138 4109 αὕτη
3184 4038 3246 4092 τὸ
3288 4038 3543 4110 διάφορον
3584 4039 3700 4093 τῶν

438 4123 549 4178 Nisi
583 4125 724 4178 enim
760 4125 996 4178 humana
1028 4137 1219 4179 natura
1265 4137 1319 4181 et
1374 4127 1555 4181 divina
1599 4128 1870 4194 differant,
1926 4132 2009 4186 vel

2119 4129 2428 4184 ἑνωθέντων
2456 4130 2763 4185 ἐκδιδάσκει
2787 4129 3024 4199 φύσεων.
3051 4129 3114 4184 Et
3143 4129 3252 4202 γὰρ
3291 4129 3366 4200 μὴ
3411 4131 3439 4201 ἡ
3477 4129 3698 4200 ἀνθρω-

437 4221 657 4275 omnino
689 4221 872 4276 carnis
903 4221 955 4274 in
998 4222 1294 4280 divinitatis
1342 4227 1634 4281 essentiam
1686 4228 2005 4297 invertatur,

2119 4219 2247 4290 πίνη
2282 4220 2442 4288 φύσις
2482 4223 2574 4275 καὶ
2618 4223 2652 4293 ἡ
2697 4222 2817 4276 θεία
2858 4222 3144 4294 διάφορος,
3188 4221 3408 4286 πάντως
3437 4239 3501 4290 γε
3537 4222 3569 4293 ἦ
3624 4225 3698 4277 τὰ

439 4313 522 4366 vel
554 4313 605 4366 in
641 4328 860 4367 carnem
896 4315 1174 4382 divinitas,
1203 4326 1259 4371 et
1290 4319 1366 4372 sic
1418 4334 1521 4372 una
1553 4318 1648 4374 ﬁat
1682 4333 1697 4372 :
1746 4321 1890 4390 quod
1928 4331 2011 4378 est

2119 4312 2216 4380 τῆς
2235 4310 2257 4342 ⁸
2291 4311 2492 4382 σαρκὸς
2522 4313 2604 4376 εἰς
2631 4312 2729 4384 τὴν
2753 4316 2853 4384 τῆς
2883 4315 3133 4384 θεότητος
3165 4313 3350 4368 οὐσίαν
3377 4313 3623 4384 ὲτράπη,
3655 4315 3692 4385 ἦ

439 4402 759 4470 Apollinarii
817 4412 873 4457 et
929 4403 1186 4458 similium
1258 4408 1635 4463 hmreticorum
1698 4409 1857 4478 impia
1891 4411 2009 4466 bla-

2119 4402 2194 4464 είς
2215 4401 2313 4473 τὴν
2336 4403 2436 4473 τῆς
2467 4403 2672 4474 σαρκὸς
2697 4406 2730 4476 ἡ
2758 4404 2948 4475 θεότης
2970 4444 2985 4468 ,
3017 4403 3113 4458 καὶ
3153 4402 3298 4458 οὕτω
3327 4405 3516 4472 γέγονε
3549 4404 3649 4474 μία
3673 4420 3689 4437 ·

437 4495 702 4563 spbemia.
745 4495 810 4548 Et
833 4493 1068 4567 Cyrillus
1101 4497 1156 4551 in
1186 4501 1420 4553 secunda
1447 4499 1514 4554 ad
1545 4498 1872 4555 Succensum
1907 4502 2012 4572 epi-

2119 4493 2250 4564 ὅπερ
2303 4494 2686 4566 Ἀπολιναρίου
2729 4497 2823 4549 καὶ
2871 4495 2982 4549 τῶν
3027 4494 3358 4566 ὁμοστοίχων
3390 4494 3693 4565 αἱρετικῶν

439 4585 596 4651 stola,
631 4595 844 4640 natura:
870 4585 1255 4654 diﬂ'erentiam,
1279 4599 1334 4643 et
1361 4606 1456 4660 per
1490 4592 1628 4645 hanc
1658 4607 1842 4647 vocem
1882 4593 2007 4647 inli-

2119 4584 2268 4640 Ξθεον
2295 4586 2566 4663 φρόνημα.
2602 4588 2661 4642 '0
2687 4588 2871 4658 μέντοι
2893 4605 2957 4656 γε
2983 4587 3250 4658 Κύρι-λλος
3281 4589 3338 4641 ὲν
3360 4589 3425 4658 τῇ
3457 4587 3692 4660 δευτέρᾳ

437 4675 570 4729 ciari
602 4676 970 4744 manifestum,
999 4695 1122 4734 cum
1155 4679 1288 4734 dicit
1325 4697 1486 4736 unam
1527 4684 1618 4738 Dei
1650 4682 1804 4738 Verbi
1851 4692 2008 4739 natu-

2119 4677 2246 4749 πρὸς
2281 4677 2578 4730 Σούκενσον
2608 4678 2864 4749 ἐπιστολῇ
2907 4678 2970 4730 τὸ
3005 4677 3260 4748 διάφορον
3307 4677 3417 4730 τῶν
3467 4676 3691 4746 φύσεων

439 4779 553 4818 ram
579 4765 934 4832 incarnatam,
964 4767 1162 4824 attulit.
1194 4768 1257 4824 Si
1289 4787 1420 4837 rero,
1451 4781 1508 4827 ut
1532 4773 1662 4838 dixi,
1686 4773 2006 4830 incarnatio-

2119 4770 2205 4823 καὶ
2251 4769 2338 4824 διὰ
2364 4769 2570 4841 ταύτης
2603 4769 2702 4842 τῆς
2743 4771 2926 4840 φωνῆς
2974 4768 3423 4841 ἀνομολογεῖσθαι
3470 4769 3689 4840 δηλῶν,

437 4871 502 4908 ne
537 4855 684 4907 illum
719 4857 911 4922 dicere,
941 4859 1088 4912 clara
1124 4873 1198 4913 est
1225 4877 1325 4914 non
1347 4861 1506 4916 dubia
1536 4863 1692 4932 hujus
1723 4865 2003 4934 confessio,

2119 4860 2252 4932 μετὰ
2293 4861 2355 4915 τὸ
2405 4862 2581 4915 εἰπεῖν
2617 4848 2789 4914 ἀὐτὸν
2847 4861 2977 4931 μίαν
3010 4860 3171 4929 φύσιν
3199 4857 3292 4913 τοῦ
3322 4857 3458 4912 Θεοῦ
3509 4858 3690 4926 Λόγου

437 4945 639 5012 [aettun
666 4961 776 4998 esse
803 4947 1084 5013 hominem,
1110 4949 1241 5002 nihil
1279 4960 1414 5005 vetat
1445 4953 1655 5018 sentire,
1703 4957 1842 5024 quod
1871 4971 2006 5010 unus

2119 4951 2577 5022 σεσαρκωμένην,,
2608 4953 2910 5022 ἐπήνεγκεν
2931 4969 2946 4985 ·
2971 4949 3040 5004 Et
3065 4949 3134 5006 δὲ
3156 4991 3172 5016 ,
3205 4949 3280 5013 ὡς
3305 4949 3474 5019 ἔφην,
3493 4950 3586 5006 ,ἐν
3609 4946 3691 5012 τῷ

437 5035 715 5101 exsistens,
739 5043 789 5089 et
824 5038 1010 5091 unicus
1043 5037 1088 5090 F
1093 5041 1215 5094 ilius
1244 5039 1508 5109 Christus,
1541 5045 1630 5112 qui
1681 5045 1817 5099 idem
1861 5045 2004 5100 Deus

2119 5041 2536 5110 σεσαρκῶσθαι
2576 5043 2778 5112 λέγειν
2816 5042 3003 5096 αὑτὸν
3033 5042 3237 5110 σαφής
3267 5042 3397 5095 ἐστι
3431 5040 3533 5093 καί
3587 5040 3690 5095 ἀι·-

438 5139 486 5183 et
524 5130 678 5181 Immo
705 5141 805 5194 est,
833 5139 889 5182 ut
912 5133 967 5186 in
998 5135 1272 5188 divinitate
1311 5136 1590 5204 perfectus,
1626 5139 1702 5190 sic
1723 5147 1770 5190 et
1801 5139 1857 5192 in
1900 5140 2001 5191 Ιιιιο

2119 5135 2442 5204 αμφιλθγος
2458 5135 2780 5205 ’,ὁμολογία
2794 5136 2918 5200 τοῦ,
2934 5137 2965 5190 ὅ
2973 5154 3022 5190 τι
3043 5138 3063 5168 ⁸
3085 5137 3332 5206 γέγονεν
3350 5136 3688 5204 ἅνθρωπος.

438 5236 594 5274 mana
626 5221 940 5276 conditione.
971 5221 1110 5279 Ecce
1141 5228 1420 5294 perspicue
1450 5229 1706 5294 declarat,
1740 5232 2006 5298 quomodo

2119 5228 2310 5284 οὐδέν.
2332 5228 2462 5290 ῗβτι
2485 5231 2717 5286 -κωλύει
2757 5231 2920 5286 νοεῖν
2943 5232 3023 5297 ὡς
3043 5227 3131 5298 εἷς
3150 5228 3438 5300 ὑπάρχων
3461 5234 3561 5284 καί
3580 5231 3687 5301 μό-

439 5312 508 5366 ab
540 5327 605 5365 eo
639 5314 838 5366 dictum
869 5318 1170 5370 consentiat
1213 5332 1336 5371 cum
1388 5317 1636 5375 Palribus
1685 5320 1810 5376 illud
1841 5339 1855 5376 :
1889 5321 2006 5377 Una

2119 5320 2430 5384 rocrl‘wod
2456 5320 2748 5388 ’Χριστὸς
2767 5323 2800 5374 ὀ
2819 5322 3002 5386 αὑτός
3035 5321 3179 5388 Θεός
3201 5321 3330 5375 ἐστι
3346 5321 3446 5376 καί
3455 5322 3688 5388 ἄνθρω-

548 5421 567 5460 ¹
609 5422 742 5480 Luc.
775 5439 838 5490 tt,
871 5423 958 5479 53.

1741 5497 1827 5553 VA
1839 5498 1976 5555 BHE
2017 5498 2422 5556 LECTIONES.

441 5583 928 5720 Χέτέύιῖἶριλῗιω.
951 5589 1016 5643 Α.
1094 5590 1115 5622 ³
1139 5588 1412 5659 ἀπορήσει
1449 5611 1505 5657 ς,
1584 5595 1605 5628 ⁸
1642 5597 1736 5666 τῆς
1777 5597 1929 5655 libris
1976 5598 2149 5654 deest.
2251 5596 2274 5629 ⁸
2301 5595 2671 5666 ἀναμφίύολος
2698 5613 2758 5660 ς.
2833 5595 2960 5651 εὸτι
3027 5594 3149 5650 libri
3185 5594 3294 5648 ὅτε.

3395 5596 3414 5626 ⁷
3451 5595 3504 5648 -ὁ
3557 5604 3680 5648 ante
