3964 6246
259 321 389 386 1001
1349 328 1835 392 BIBLIOTHECA

1939 358 1979 372 -
2015 335 2176 397 COD.
2220 337 2524 398 CCXXIX.
3373 348 3508 412 1002

254 453 366 502 πος
390 474 404 500 ,
455 433 660 504 ὥσπερ
714 434 785 489 ἐν
833 436 1060 504 Bedente
1109 436 1330 504 τέλειος
1354 481 1370 504 ,
1401 439 1554 500 οὕτω
1606 441 1704 494 καί
1758 441 1829 494 ἐν

1943 442 2345 499 Verbi'natura
2404 447 2702 502 incuruata.
2768 447 3092 506 Nalurarum
3155 453 3508 516 dim-relationi

253 528 683 594 ἀνθρωπότητι.
731 527 864 582 Ἰδοὺ
898 529 1148 600 φανερῶς
1182 530 1384 595 ἔδειξεν
1422 533 1570 597 ὅπως
1616 534 1829 604 εἴρηται

1939 535 2050 590 hzec
2079 550 2179 590 vox
2207 537 2436 592 dilucide
2461 540 2715 597 ostendit.
2741 549 2794 594 et
2819 555 3081 597 summam
3109 553 3163 599 et
3199 548 3508 604 continuam

253 615 402 687 αύτῷ
423 632 482 669 τε
502 617 593 669 καὶ
621 618 734 694 τοῖς
761 617 942 682 ἄλλοις
975 619 1132 690 ἡμῶν
1157 621 1405 692 Πατράσι
1425 623 1509 688 τὸ,
1531 624 1647 678 Μία
1669 624 1832 693 φύσις

1939 627 2190 681 unionem
2213 627 2304 683 Dei
2340 625 2499 683 Verbi
2537 636 2594 684 et
2622 631 2803 685 carnis
2853 633 3113 700 declarat,
3157 646 3321 704 utque
3369 653 3510 693 unus

251 705 348 760 τοῦ
383 706 556 774 Λόγου
593 708 1008 779 σεσαρκωμὲνη.
1039 710 1151 778 Τὴν
1186 709 1288 778 μὶν
1314 711 1420 764 τῶν
1463 713 1680 781 φύσεων
1716 715 1829 769 διαο

1939 717 2334 775 exsistatJesus
2351 719 2596 776 Christus
2618 721 2947 792 incarnatus,
2971 735 3022 779 et
3051 743 3157 782 non
3184 729 3288 781 duo
3317 730 3430 793 lilii,
3453 744 3511 786 ut

252 797 427 869 φοράν
458 796 678 866 σαφῶς⁸
696 799 730 868 ἡ
759 799 911 870 φωνὴ
939 799 1179 854 διδάσκει
1205 843 1220 866 ,
1254 804 1497 874 παριστᾷ
1517 802 1574 857 δὲ
1605 805 1701 858 καὶ
1729 803 1826 876 τὴν

1939 806 2163 862 Nestorii
2197 824 2354 878 prava
2384 819 2500 865 erat
2530 813 2734 881 opinio,
2769 819 3059 870 secundum
3101 821 3241 888 quod
3293 832 3348 875 ct
3397 822 3511 878 haec

249 891 431 961 ἄκραν
457 891 552 943 καὶ
591 889 964 946 ἀδιάσπαστον
1005 892 1200 945 ἕνωσιν
1230 893 1324 947 τοῦ
1368 893 1503 948 Θεοῦ
1530 896 1704 963 Λόγου
1740 897 1833 950 καὶ

249 980 352 1048 τῆς
387 980 592 1052 σαρκὸς
618 1021 633 1047 ,
671 981 767 1035 καὶ
809 982 884 1045 ὡς
927 979 1008 1047 εἷς
1050 984 1286 1056 ὑπάρχει
1323 987 1418 1042 καὶ
1452 987 1612 1056 μόνος
1647 987 1772 1051 Υἱὸς
1804 990 1832 1043 6

249 1071 528 1142 Χριστὸς⁹
567 1074 1013 1145 σεσαρκωμένος,
1060 1079 1154 1131 καὶ
1200 1078 1261 1131 οὑ
1311 1077 1406 1133 δύο
1447 1080 1552 1134 υἱοὶ
1578 1121 1593 1147 ,
1630 1081 1705 1146 ὡς
1730 1082 1836 1136 Νε-

251 1163 466 1233 στόριος
493 1163 792 1234 ὲδυσφήμει
809 1205 823 1228 ,
845 1167 979 1220 καθὸ
1003 1170 1098 1222 καὶ
1119 1169 1259 1240 αὑτὴ
1283 1170 1658 1242 προόἐδληται
1683 1175 1834 1246 αὑτῷ

248 1255 283 1322 ἠ
320 1255 472 1323 φωνή
503 1271 518 1282 ·
543 1253 596 1307 τί
621 1255 732 1327 γὰρ
758 1255 823 1308 ἂν
849 1257 976 1311 ἄλλο
1001 1259 1094 1312 καὶ
1125 1264 1360 1331 σημανεῖ
1376 1261 1416 1294 ¹⁰
1442 1263 1531 1327 τὸ,
1564 1262 1626 1318 ’0
1655 1265 1836 1332 αὐτός

248 1344 385 1398 ἐστι
421 1345 563 1413 Θεὸς
600 1347 697 1401 καὶ
725 1348 1072 1418 ἅνθρωπος,
1111 1352 1144 1422 ἢ
1199 1353 1291 1407 δύο
1335 1354 1524 1424 φύσεις
1551 1357 1835 1428 ήνωμὲνας

249 1439 311 1490 ἐν
338 1438 633 1492 ὑποστάσει
669 1440 800 1510 μιᾷ;
834 1439 1042 1511 Ὠσπερ
1064 1443 1157 1495 καὶ
1183 1445 1210 1496 6
1242 1443 1502 1513 Θεολόγος
1539 1447 1838 1518 Γρηγόριος

253 1528 462 1589 εἰπὼν,
492 1530 608 1583 Δύο
653 1531 871 1599 φύσεις
921 1532 1066 1597 Θεὸς
1116 1533 1216 1587 καὶ
1267 1534 1614 1604 ἄνθρωπος,
1662 1539 1837 1609 ἑρμη-

251 1619 428 1672 νεύων
460 1620 648 1672 ἐαυτὸν
675 1616 828 1673 εἶπεν
849 1661 863 1686 ,
905 1621 1088 1676 Ὥστε
1122 1627 1156 1676 ὁ
1199 1625 1394 1696 λέγων
1440 1627 1548 1680 τὸν
1581 1628 1840 1698 Χριστὸν

254 1712 408 1766 Θεὸν
433 1711 472 1743 ¹¹
501 1712 597 1765 καί
620 1712 940 1782 ἄνθρωπον
968 1714 1076 1768 δύο
1105 1716 1320 1784 φύσεις
1348 1718 1672 1784 ἐνωθείσας
1709 1719 1840 1774 καθ’

1936 903 2003 953 ah
2034 917 2099 954 eo
2125 917 2224 955 vox
2254 902 2488 970 profecta
2533 915 2636 958 est.
2677 906 2817 969 Quid
2860 907 3002 960 enim
3033 908 3174 962 aliud
3214 913 3313 966 hoc
3345 913 3509 981 signi-

1938 993 2066 1046 licat
2098 1007 2111 1044 :
2145 991 2342 1065 259a
2374 992 2522 1048 Idem
2553 1005 2628 1048 est
2681 995 2822 1048 Deus
2867 1006 2916 1050 et
2961 996 3133 1061 homo,
3167 1015 3325 1070 quam
3374 1004 3508 1058 duas

1938 1092 2161 1137 naturas
2201 1085 2379 1144 unitas
2420 1085 2473 1139 in
2505 1100 2608 1138 una
2655 1084 2952 1156 bypostasi,
3009 1100 3065 1142 ut
3113 1100 3166 1144 ιιι
3218 1092 3510 1162 Gregorius

1937 1172 2241 1244 Theologus
2271 1175 2458 1230 dicens
2496 1193 2510 1232 :
2549 1175 2699 1231 Duas
2747 1190 2988 1246 naturas,
3053 1180 3214 1235 Deum
3245 1194 3290 1236 et
3338 1184 3509 1238 Itami-

1937 1279 2080 1327 uem,
2121 1263 2513 1334 interpretatus
2541 1266 2778 1332 seipsum
2809 1268 2960 1335 dicit,
3014 1273 3154 1340 quod
3187 1274 3277 1340 qui
3310 1275 3500 1328 asserit
3532 1324 3538 1330 .

1939 1353 2202 1408 Christum
2256 1353 2421 1408 Deum
2453 1364 2499 1408 et
2539 1355 2817 1422 hominem,
2879 1362 3010 1413 duas
3062 1372 3278 1416 naturas
3334 1366 3509 1419 unitas

1937 1446 2278 1514 personaliter
2301 1445 2628 1516 proﬁteatur.
2673 1447 2740 1502 Et
2766 1460 2988 1506 sanctus
3017 1451 3248 1523 Cyrillus
3274 1457 3506 1512 addens:

1957 1535 2395 1602 )uemadmodum
2421 1538 2476 1590 in
2507 1538 2785 1594 divinitate
2809 1541 3119 1610 perfectum,
3146 1545 3223 1598 sic
3249 1554 3296 1599 et
3328 1548 3380 1601 in
3412 1548 3509 1603 Iut-

1939 1626 2214 1690 manitate,
2273 1626 2326 1680 in
2379 1627 2588 1682 duabus
2644 1629 2853 1683 naturis
2912 1633 3162 1701 cognosci
3225 1635 3510 1692 Dominum

1939 1716 2198 1771 ostendit.
2244 1715 2422 1784 Quare
2475 1716 2654 1773 dicere
2700 1719 2872 1789 ipsum
2921 1735 3082 1774 unam
3139 1733 3386 1778 naturam
3424 1725 3510 1782 in-

250 1805 602 1857 ὐπόστασιν
629 1805 934 1875 ὁμολογεῖ.
967 1807 1077 1860 Καὶ
1104 1809 1132 1858 6
1170 1807 1314 1878 ἱερὸς
1347 1808 1403 1860 δὲ
1439 1807 1565 1880 [426
1596 1810 1690 1883 Η
1718 1809 1830 1864 Κύ-

1942 1815 2242 1874 carnatam,
2300 1823 2405 1862 non
2461 1809 2512 1862 in
2557 1810 2830 1864 ablatione
2869 1812 3194 1880 cognitionis
3239 1816 3510 1870 unitorum

252 1895 437 1966 ριλ).ος
487 1893 811 1963 ἐπαγαγὼν,
865 1897 1095 1968 ’Ὠσπερ
1144 1899 1215 1952 ἐν
1270 1901 1504 1968 θεότητι
1562 1900 1791 1968 τέλειος
1818 1943 1832 1965 ,

248 1987 408 2041 οὕτω
437 1986 534 2041 καί
561 1987 631 2042 ἐν
651 1986 1057 2057 ἀνθρωπότητι
1076 2032 1089 2051 ,
1115 1993 1176 2044 τὸ
1198 1994 1255 2045 ἐν
1281 1992 1375 2046 δύο
1405 1993 1598 2063 φύσεσι
1629 1995 1832 2066 γνωρί-

249 2077 444 2144 ζεσθαι
475 2078 567 2131 τὸν
598 2077 802 2149 Κύριον
833 2080 1174 2145 ἐκδιδάσκει,
1200 2082 1342 2136 ὥστε
1381 2084 1441 2136 τὸ
1466 2083 1644 2152 λέγειν
1675 2083 1834 2139 αὑτὸν

250 2167 388 2239 μίαν
417 2169 578 2238 φύσιν
603 2167 695 2222 τοῦ
726 2169 901 2239 Λόγου
947 2173 1379 2244 σεσαρκωμένην
1411 2175 1511 2229 οὐκ
1556 2177 1645 2228 ἐπ’
1675 2177 1832 2230 ἀναι-

253 2259 403 2330 ρέσει
452 2259 548 2312 τοῦ
582 2259 943 2333 γνωρίζεσθαι
972 2262 1043 2315 τὰ
1077 2264 1345 2320 ἐνωθέντα
1391 2266 1516 2321 καθ’
1538 2267 1834 2322 ὑπόστασιν

250 2351 501 2423 είρηται,
524 2351 640 2406 ἀλλ’
668 2355 749 2417 είς
775 2355 1120 2423 παράστασιν
1152 2355 1247 2410 τοῦ
1278 2357 1603 2430 ἀδιαιρέτως
1630 2359 1839 2430 ἄνθρωο

249 2461 357 2497 πον
394 2445 653 2512 γενέσθαι
677 2445 768 2499 τὸν
794 2445 926 2500 Θεὸν
949 2447 1122 2516 Λόγον
1179 2450 1273 2502 καὶ
1315 2450 1416 2504 οὑκ
1453 2453 1510 2505 ἐν
1564 2451 1839 2525 ἀνθρώπῳ

227 2535 330 2599 ’ὡς
371 2535 510 2588 ea"
545 2536 656 2590 τῶν
705 2537 1004 2610 προφητῶν
1058 2542 1464 2613 κατῳκηκέναι.
1519 2542 1628 2596 Καὶ
1671 2543 1840 2599 πολλὰ

249 2643 338 2690 τις
358 2626 403 2658 ³³
441 2626 578 2680 ἄλλα
619 2628 676 2680 ἐν
700 2631 764 2698 τῇ
791 2629 928 2701 αὐτῇ
960 2628 1111 2700 εὖροι
1141 2631 1430 2703 ἐπιστολῇ,
1455 2631 1522 2686 δι’
1549 2625 1623 2687 ὧν
1653 2635 1840 2706 ήόμο-

249 2715 413 2784 λογία
439 2716 538 2786 μὲν
563 2716 672 2770 τῶν
693 2716 786 2771 δύο
817 2718 1032 2789 φύσεων
1063 2719 1154 2773 ἐπὶ
1183 2721 1277 2774 τοῦ
1313 2723 1556 2794 Χριστοῦ
1589 2723 1841 2794 βεϐαιοῦο

249 2823 382 2874 ται,
421 2807 583 2876 μόνον
611 2806 668 2860 δὲ
697 2807 758 2861 τὸ
783 2809 886 2862 ἀνὰ
923 2809 1088 2880 μέρος
1110 2811 1315 2866 τιθέναι
1346 2813 1444 2878 τὰς
1475 2813 1667 2884 φύσεις
1691 2816 1840 2887 alpe-

251 2898 415 2950 τικοῦ
467 2900 816 2970 φρονήματος
843 2899 1226 2972 άπελέγχεται.
1288 2903 1362 2956 Τὸ
1405 2904 1464 2957 δέ
1517 2905 1646 2975 μίαν
1680 2905 1840 2975 φύσιν

251 2988 351 3043 τοῦ
383 2989 559 3058 Λόγου
594 2992 1028 3062 σεσαρκωμένην
1067 2994 1210 3047 κατὰ
1239 2994 1537 3068 Νεστορίου
1586 2999 1842 3068 προάγων

251 3081 318 3134 οὑ
357 3080 470 3135 τῶν
509 3081 727 3150 φύσεων
773 3082 874 3154 τὴν
930 3083 1193 3156 διαφορὰν
1257 3076 1505 3157 ὰνᾶιρεῖ,
1557 3086 1694 3142 ἀλλὰ
1741 3089 1841 3159 τὴν

251 3171 426 3227 δυάδα
469 3173 578 3226 τῶν
651 3173 999 3229 ὑποστάσεων
1053 3173 1350 3245 (pax/spot".
1400 3176 1693 3248 Νεστόριος
1731 3181 1840 3247 γὰρ

251 3263 316 3317 ού
341 3263 430 3317 διὰ
471 3263 533 3316 τὸ
579 3263 870 3335 γνωρίζειν
894 3268 991 3328 τὰς
1027 3266 1122 3319 δύο
1153 3267 1344 3336 φύσεις
1367 3270 1410 3301 ’⁸
1449 3270 1541 3322 ἐπὶ
1567 3270 1835 3339 Χριστοῦ,

250 3353 396 3410 ἀλλὰ
421 3353 512 3408 διὰ
531 3354 574 3386 ¹⁶
598 3354 659 3408 τὸ
681 3354 909 3426 διαιρεῖν
949 3356 1039 3409 τὸν
1067 3357 1372 3428 ἀδιαίρετον
1401 3360 1479 3424 είς
1513 3360 1838 3425 ὑποστάσεις

253 3445 352 3500 δύο
375 3447 474 3514 τῆς
509 3446 838 3518 Ἐκκλησίας
864 3449 1298 3518 ἐξωστράκισται
1324 3467 1337 3482 ο
1375 3451 1515 3505 ὥστε
1549 3456 1580 3523 ἡ
1609 3455 1705 3524 μία
1736 3457 1837 3523 φύ-

258 3553 344 3598 σις
377 3535 474 3589 τοῦ
519 3536 694 3604 Λόγου
740 3539 1135 3607 σεσαρκωμένη
1163 3538 1256 3592 τὸν
1287 3539 1586 3612 Νεστόριον
1627 3543 1834 3611 διελέγ-

256 3644 430 3698 χουσα
451 3669 468 3693 ,
498 3627 654 3681 οὐδὲν
683 3628 870 3700 ἕτερον
898 3629 1049 3696 δηλοῖ
1072 3630 1104 3701 ἦ
1130 3631 1214 3683 δτι
1245 3631 1376 3699 μίαν
1409 3633 1704 3686 ὑπόστασιν
1732 3636 1837 3705 χρὴ

253 3720 353 3773 τοῦ
387 3718 526 3773 Θεοῦ
575 3720 749 3787 Λόγου
789 3719 1078 3790 κηρύττειν
1129 3723 1586 3794 σεσαρκωμένην,
1621 3726 1758 3796 ὅπερ
1795 3726 1837 3758 ¹”¹

257 3812 518 3882 φρόνημα
567 3811 667 3881 τῆς
719 3812 999 3876 εύσεόείας
1029 3813 1146 3868 ἐστὶ
1192 3816 1286 3867 καὶ
1331 3816 1363 3886 ἡ
1424 3817 1482 3870 ἐν
1530 3817 1836 3889 Καλχηδόνι

258 3902 480 3965 σύνοδος
507 3902 882 3972 ἐδογμάτισεν.
929 3904 1114 3957 Είπὼν
1147 3905 1329 3974 μέντοι
1369 3923 1431 3975 γε
1476 3909 1504 3960 6
1539 3909 1836 3976 πολύαθλος

269 3995 590 4058 ’Δθανάσιος
611 3995 770 4064 φύσιν
798 3994 927 4064 μίαν
944 3997 1038 4048 τοῦ
1063 3997 1197 4050 Θεοῦ
1219 3997 1391 4067 Λόγου
1413 4003 1835 4074 σεσαρκωμένην

259 4087 363 4140 οὑκ
393 4086 476 4149 είς
501 4085 780 4157 ἀναίρεσιν
809 4085 912 4158 ἐφη
938 4087 1031 4140 τοῦ
1063 4087 1427 4160 γνωρίζεσθαι
1452 4091 1550 4161 τὴν
1571 4094 1836 4164 διαφορὰν

259 4178 372 4233 τῶν
401 4177 620 4246 φύσεων
644 4218 659 4244 ,
693 4178 749 4231 αἲ
776 4178 878 4249 τὴν
917 4179 1041 4232 καθ’
1071 4179 1367 4233 ὑπόστασιν
1398 4181 1668 4253 ἐπλήρουν
1699 4184 1826 4238 ἱένω⁹

262 4287 372 4336 σιν,
403 4269 542 4323 ἀλλὰ
573 4269 668 4322 καὶ
690 4268 851 4333 αὐτὸς
870 4269 1038 4335 δεῖξαι
1065 4269 1388 4340 βουλόμενος
1414 4272 1542 4344 [815
1567 4273 1661 4347 ἢ]
1702 4275 1834 4338 ὼςη

260 4357 402 4426 sic"
439 4362 588 4414 ἐστιν
616 4361 708 4415 ὸ¹⁰
742 4361 869 4426 Υἱὸς
909 4363 1328 4434 σεσαρκωμένος
1356 4366 1450 4420 καὶ
1479 4366 1830 4440 ἐνανθρωπή-

1937 1900 2229 1951 secundum
2259 1912 2546 1966 personam
2600 1899 2799 1952 dictum
2858 1911 2964 1961 est,
3005 1901 3103 1956 sed
3155 1913 3211 1956 ut
3254 1918 3514 1973 appareat

1939 1985 2339 2041 indivisibiliter
2365 1987 2637 2042 hominem
2669 1988 2782 2044 ﬁeri
2825 1989 2914 2045 Dei
2952 1990 3207 2061 Verbum,
3238 2003 3295 2048 et
3326 2009 3428 2049 non
3458 1995 3513 2050 in

1939 2076 2177 2142 homine,
2206 2085 2264 2131 ut
2305 2076 2357 2132 in
2381 2092 2488 2133 uno
2530 2077 2916 2148 prophetarum
2949 2082 3240 2138 habitasse.
3275 2083 3341 2139 Et
3365 2086 3516 2140 simi-

1941 2169 2008 2222 lia
2040 2170 2093 2224 in
2119 2170 2219 2224 hac
2247 2171 2370 2241 quis
2394 2173 2627 2238 reperiat
2658 2171 2906 2240 epistola,
2933 2174 3131 2244 quilms
3160 2177 3277 2232 duae
3301 2187 3513 2233 naturae

1940 2257 2141 2314 Christi
2176 2258 2589 2314 conﬁrmantur.
2627 2259 2816 2316 Solum
2868 2277 2998 2318 vero
3050 2265 3259 2321 divisim
3311 2283 3514 2338 ponere

1941 2363 2188 2418 naturas,
2222 2353 2536 2410 hmreticum
2565 2362 2669 2409 est.
2720 2353 2892 2409 Unam
2919 2371 3048 2412 vero
3079 2369 3325 2414 naturam
3352 2362 3513 2418 Verbi

1941 2447 2273 2502 incarnatam
2314 2456 2500 2501 contra
2531 2445 2834 2500 Nestorium
2866 2447 3160 2515 adducens,
3211 2465 3322 2506 non
3377 2451 3516 2506 tollit

1942 2537 2260 2592 divisionem
2294 2547 2631 2602 naturarum,
2659 2539 2753 2592 sed
2786 2539 3095 2594 dualitatem
3131 2542 3512 2613 hypostascon.

1942 2626 2228 2683 Nestorius
2256 2629 2398 2683 enim
2428 2625 2532 2682 non
2571 2631 2696 2698 quia
2723 2641 3015 2699 cognoscat
3049 2632 3184 2689 duas
3214 2635 3265 2689 in
3298 2635 3516 2692 Christo

1943 2728 2195 2782 naturas,
2221 2718 2314 2773 sed
2338 2719 2630 2774 dividendo
2659 2720 2985 2778 indivisibile
3013 2724 3065 2776 in
3097 2725 3228 2780 duas
3251 2741 3515 2798 personas

1944 2811 2012 2866 ab
2051 2811 2295 2867 Ecclesia
2329 2811 2632 2881 expellitur.
2669 2810 2850 2878 Quare
2876 2828 2980 2867 una
3018 2826 3207 2870 natura
3237 2819 3514 2872 incantata

1943 2901 2254 2958 Nestorium
2293 2903 2715 2972 reprehendens.
2747 2901 2886 2956 nihil
2912 2903 3054 2959 aliud
3076 2907 3327 2971 ostendit,
3352 2923 3514 2978 quam

1945 3009 2106 3046 unam
2159 3007 2444 3064 personam
2503 2991 2595 3047 Dei
2656 2993 2816 3049 Verbi
2875 3005 3128 3066 oportere
3181 2997 3515 3052 iucarnatam

1949 3080 2260 3147 praedicare.
2304 3078 2434 3146 Quae
2458 3081 2725 3134 sententia
2760 3090 2843 3135 est
2873 3081 2991 3136 ﬁdei
3016 3091 3216 3138 nostra:
3240 3091 3292 3139 et
3327 3089 3514 3156 synodi

1893 3171 2420 3227 ‘Chalcedonensis.
2500 3171 2794 3227 Confessor
2845 3174 2986 3228 enim
3044 3175 3376 3230 Athanasius
3446 3179 3522 3230 ait

1943 3279 2106 3318 unam
2147 3271 2351 3318 tantum
2394 3274 2639 3318 naturam
2693 3264 2782 3318 Dei
2822 3265 2976 3320 Verbi
3020 3266 3375 3333 incarnatam,
3410 3285 3515 3323 non

1942 3353 2008 3408 ad
2045 3352 2335 3408 tollendam
2369 3363 2684 3407 naturarum
2715 3354 3097 3419 dilTerentiam,
3131 3357 3228 3421 ait,
3262 3358 3513 3428 cognosci

1942 3455 2258 3499 naturarum
2293 3444 2606 3503 discrimen.
2656 3458 2776 3511 qum
2830 3445 3228 3514 hyposmticam
3292 3446 3519 3516 impEeut

1941 3535 2215 3599 unionem,
2251 3534 2344 3588 sed
2379 3542 2435 3588 et
2471 3533 2584 3604 ipse
2625 3535 2810 3587 volens
2841 3534 3124 3590 ostendere
3182 3551 3344 3590 unum
3399 3551 3518 3592 esse

1940 3627 2131 3682 Filium
2161 3627 2524 3691 incarnatum,
2547 3635 2602 3680 et
2635 3641 2756 3681 cum
2793 3624 2960 3681 Paulo
2985 3626 3354 3684 Samosatensi
3377 3646 3517 3701 ιιι-ιν-

1939 3717 2094 3788 cipue
2125 3727 2348 3787 pugnat,
2375 3718 2466 3787 qui
2503 3717 2668 3770 alium
2701 3726 2824 3771 ante
2853 3719 3049 3774 saecula
3101 3718 3320 3785 Filium,
3377 3723 3515 3775 alte.

1941 3823 2058 3861 rum
2089 3820 2220 3860 vero
2252 3814 2440 3876 postea
2478 3820 2686 3860 summa
2733 3807 3003 3862 dementia
3066 3810 3320 3866 asseruit.
3379 3811 3516 3866 San-

1941 3911 2025 3954 tus
2065 3913 2281 3970 quoque
2320 3897 2496 3953 Julius
2525 3899 2714 3956 eadem
2767 3900 3011 3968 graditur
3059 3901 3140 3954 via
3208 3913 3517 3974 pugnatque

1940 3993 2078 4046 idem
2129 4007 2250 4044 cum
2301 3992 2496 4045 eodem
2554 3991 2719 4044 Paulo
2772 3990 3144 4046 Samosatcusi
3185 4003 3238 4048 et
3279 3994 3400 4049 aliis
3449 3995 3516 4049 de

1939 4085 2038 4138 hac
2089 4097 2239 4136 voce.
2309 4082 2653 4147 Erechthius,
2709 4083 2755 4136 si
2803 4083 3020 4151 quidem
3070 4093 3127 4136 ut
3161 4083 3514 4147 Athanasius,

1935 4173 2188 4247 Cyrillus,
2211 4183 2265 4229 ct
2292 4172 2487 4239 Julius,
2526 4177 2668 4230 hanc
2695 4189 2881 4230 vocem
2916 4175 3100 4241 smnit,
3127 4176 3229 4231 hoc
3255 4187 3516 4246 praestan-

1939 4268 2045 4322 tius
2081 4266 2242 4321 fuerit
2277 4284 2290 4320 :
2325 4266 2369 4320 si
2401 4280 2526 4320 vero
2557 4275 2758 4335 praeter
2790 4279 2976 4320 eorum
3018 4267 3350 4335 Opinionem,
3385 4267 3515 4322 nihil

1935 4360 2332 4414 admirandum.
2356 4355 2493 4413 Eum
2524 4359 2665 4412 enim
2709 4359 2964 4431 Eutychis
3024 4361 3214 4413 inorbo
3261 4359 3513 4414 amictum

262 4469 395 4516 σας,
460 4453 553 4504 καὶ
591 4451 829 4521 μάλιστα
880 4453 1020 4508 κατὰ
1064 4457 1276 4510 Παύλου
1325 4457 1421 4510 τοῦ
1461 4459 1832 4528 Σαμωσατέως

1945 4455 2094 4509 multi
2127 4454 2295 4509 sancti
2330 4453 2427 4506 viri
2480 4453 2971 4522 deprehenderunt,
3018 4452 3214 4523 2596
3268 4468 3428 4523 quem
3463 4465 3519 4508 et

262 4543 689 4613 ἀγωνιζόμενος,
717 4543 774 4607 ὃς
803 4544 961 4600 ἄλλον
994 4546 1091 4615 μὲν
1122 4547 1213 4600 τὸν
1235 4549 1276 4580 ²¹
1302 4549 1408 4618 πρὸ
1435 4549 1646 4602 αἰώνων
1683 4550 1832 4614 Υίὸν,

261 4634 454 4703 ἕτερον
483 4633 540 4687 δὲ
573 4634 666 4686 τὸν
697 4635 783 4687 ἐπ’
814 4634 1060 4706 ἐσχάτων
1087 4637 1468 4706 φρενοϐλαϐῶς
1491 4640 1830 4710 ἐδογμάτιζε.

263 4724 373 4777 Καὶ
406 4726 435 4777 ό
471 4726 530 4777 ἐν
562 4724 739 4791 ἁγίοις
768 4724 825 4776 δέ
863 4725 1076 4788 Ἰούλιος
1131 4726 1219 4780 διὰ
1268 4728 1364 4797 τῆς
1401 4730 1572 4799 αὐτῆς
1627 4731 1834 4794 ἐννοίας

263 4813 458 4866 ῶδευε·
487 4814 626 4866 κατὰ
655 4814 868 4867 Παύλου
896 4814 1006 4885 γὰρ
1027 4817 1122 4869 καὶ
1157 4819 1319 4882 αὑτὸς
1345 4818 1438 4872 τοῦ
1463 4820 1837 4890 Σαμωσατέως

264 4905 357 4958 καὶ
381 4903 492 4956 τῶν
523 4903 726 4974 ὁμοίων
769 4904 858 4958 διὰ
907 4905 1010 4974 τῆς
1059 4907 1230 4976 αὐτῆς
1276 4909 1460 4980 φωνῆς
1489 4911 1834 4976 ἐξωπλίζετο.

275 4995 334 5049 ’0
357 4995 538 5066 μέντοι
586 5011 648 5064 γε
688 4995 960 5066 Ἐρέχθιος
987 5000 1035 5051 εί
1076 4998 1175 5068 μὲν
1199 5000 1274 5062 ὠς
1317 5000 1631 5067 Ἀθανάσιός
1662 5021 1721 5057 τε
1743 5007 1837 5058 καὶ

265 5085 533 5154 Κύριλλος
563 5089 657 5138 καὶ
699 5085 915 5149 Ἰούλιος
943 5087 1042 5158 τὴν
1069 5092 1252 5159 φωνὴν
1281 5090 1609 5161 ἐκλαμϐάνει
1644 5135 1658 5159 ,
1682 5094 1836 5148 τοῦτο

266 5177 333 5230 ἂν
358 5177 442 5247 εἴη
470 5177 716 5246 ἄμεινον,
751 5179 800 5230 εί
825 5177 883 5231 δὲ
910 5179 1063 5250 παρὰ
1087 5179 1184 5249 τὴν
1223 5182 1451 5236 ἐκείνων
1477 5184 1634 5249 δόξαν
1657 5227 1672 5247 ,
1701 5187 1832 5240 θαυ-

1939 4548 2050 4613 ipse
2077 4543 2276 4612 prodit,
2311 4543 2389 4598 sic
2410 4543 2596 4596 dicens
2621 4559 2635 4596 :
2665 4542 2951 4613 Siquidem
2974 4559 3038 4596 ex
3061 4545 3290 4597 [iuniano
3321 4547 3517 4598 semine
3560 4538 3567 4546 ’

1937 4639 2179 4691 Christus
2209 4637 2328 4703 fuit,
2362 4634 2643 4688 concedam
2677 4633 2904 4702 fructum
2948 4651 3055 4687 esse
3109 4636 3394 4689 secundum
3432 4652 3518 4688 ra-

1942 4731 2107 4782 dicem
2158 4743 2176 4780 :
2217 4728 2259 4780 si
2295 4743 2414 4779 rero
2457 4744 2482 4779 e
2513 4737 2692 4778 sancto
2725 4725 2951 4791 Spiritu,
2994 4728 3274 4779 secundum
3299 4726 3518 4780 arrltan-

1943 4821 2043 4890 geli
2087 4819 2348 4873 Gabrielis
2411 4833 2580 4870 rocem
2646 4817 2785 4870 Deus
2841 4819 3044 4885 genitus
3109 4828 3217 4880 est,
3281 4817 3518 4888 quando-
3587 4824 3595 4831 ”

1941 4913 2148 4981 quidem
2178 4929 2208 4963 a
2235 4908 2340 4963 Deo
2374 4918 2647 4978 generatus
2696 4909 2783 4964 sit.
2809 4908 2899 4962 Sic
2930 4908 3146 4979 quidem
3174 4909 3514 4976 Erechthius,

1943 5019 2102 5073 quem
2154 5001 2446 5056 verisimile
2491 5009 2571 5053 est
2615 5013 2718 5053 non
2756 4999 3085 5054 intellexisse
3136 5001 3298 5053 verba
3345 4999 3518 5055 Elisa-

1945 5098 2093 5160 belli,
2123 5114 2241 5167 qua:
2289 5095 2466 5149 Mariae
2498 5095 2734 5164 Deipara:
2766 5094 3112 5155 benedicens,
3146 5095 3464 5148 exclamavit
3501 5112 3513 5144 :

1947 5190 2222 5245 Benedicta
2282 5200 2335 5240 In
2367 5189 2421 5240 in
2480 5187 2809 5247 rmtlieribus,
2855 5197 2900 5239 et
2967 5187 3265 5240 benedictus
3315 5185 3517 5253 fruct-us

271 5267 472 5336 μαστὸν
499 5268 648 5320 οὐδέν
671 5282 682 5294 ·
711 5271 789 5331 είς
825 5271 870 5302 "
901 5269 1007 5337 γὰρ
1034 5270 1130 5339 τὴν
1171 5271 1439 5341 Εὑτυχοῦς
1468 5275 1619 5328 νόσον
1643 5274 1828 5330 nullo!

1939 5281 2124 5333 ventris
2173 5279 2247 5330 tui
2290 5279 2335 5330 ε.
2372 5274 2474 5328 Sed
2526 5291 2699 5343 neque
2751 5278 2944 5331 Isaiam
2995 5275 3362 5330 intellexisse:
3402 5272 3517 5327 Erit

373 5371 399 5407 ε
434 5360 566 5415 Luc.
596 5377 635 5425 ι,
659 5361 748 5414 ἀεὶ.

1631 5435 1860 5493 νΑΙὶΙΑΞ
1889 5439 2298 5496 LECTIONES.

338 5524 361 5556 ⁸
394 5521 603 5593 σαφῶς]
644 5521 828 5593 σαφῶς
860 5522 896 5590 ἡ
921 5521 1143 5593 φῶςΛ.

345 5590 694 5672 Χρισξτὸνςκαὶ
731 5590 862 5643 Θεὸν
881 5607 972 5672 ε...
1005 5592 1066 5672 ,η
1195 5593 1252 5672 ἐν
1283 5593 1446 5672 ἐνί-εξ.
1525 5596 1566 5626 ’³
1588 5590 1672 5672 τις
1689 5590 1807 5672 ροὲι
1834 5600 1984 5672 εὕροι
2012 5605 2159 5670 ponit
2329 5590 2372 5634 (⁸
2404 5590 2794 5672 φανεροῖξοιτ.
2821 5602 2864 5652 Λ

1238 5524 1258 5555 ⁹
1290 5523 1414 5596 Υἱὸς
1464 5527 1492 5577 6
1553 5525 1784 5596 Χριστὸς
1842 5547 1957 5584 σεσ.
2003 5539 2047 5586 Α

2091 5553 2104 5588 :
2156 5531 2362 5603 Ἰησοῦς
2425 5531 2659 5603 Χριστὸς
2699 5532 2729 5583 6
2766 5547 2878 5603 σεσ.
2936 5549 2995 5593 ς.
3075 5531 3410 5603 ¹⁰-σημαίνε-ι
3459 5553 3520 5599 ς,

2898 5617 2910 5654 :
2945 5599 3190 5669 φανερῶν
3213 5599 3278 5664 ῆς.
3357 5601 3400 5632 ⁸⁸
3431 5604 3523 5657 ἐπὶ

271 5661 504 5753 Χριάῖοῦ
527 5664 714 5753 φέσεξς
736 5679 803 5753 ε·
873 5661 1168 5746 ,¹⁶διάειιιαο
1195 5664 1259 5715 Αο
1339 5665 1380 5694 ’⁷
1408 5664 1550 5746 ειπερ
1576 5666 1616 5720 Α
1646 5685 1656 5720 :
1688 5661 1791 5721 ὅτι
1820 5661 1913 5732 ς.’
1960 5661 2097 5738 eo;
2133 5661 2353 5738 Αἱὸς.
2415 5661 2473 5703 ἠ
2506 5661 2583 5734 et;
2612 5686 2720 5726 om.
2756 5686 2836 5740 pr.
2867 5661 2966 5723 Λ.’
3005 5671 3049 5700 ιο
3077 5661 3248 5723 baud:
3323 5671 3367 5703 ιι
3406 5673 3522 5753 τὸν]

561 5736 604 5764 ’⁸
633 5733 766 5794 εξςΑ
794 5749 807 5784 :
840 5731 887 5784 εἰ
913 5749 972 5795 ς.

589 5803 859 5866 ΡΑτιιοιι.
903 5803 1017 5863 Gn.
1063 5801 1222 5863 Clil.

272 5735 378 5789 τῶν
420 5738 458 5788 Α
471 5774 483 5786 .

3081 5810 3156 5872 32
