3964 6246
277 375 407 440 1005

1292 377 1820 449 BIBLIOTHECA.
1861 404 1931 414 -·
1960 381 2125 443 COD.
2167 383 2467 445 CCXXIX.

3395 377 3527 442 1006

279 483 470 547 (αύτας
525 484 806 555 ἡνωμένας
849 485 908 536 ἐν
952 486 1019 555 τῇ
1062 483 1182 537 καθ’
1212 486 1506 541 ὑπόστασιν
1531 490 1723 542 ἐνώσει
1751 489 1845 542 τοῦ
1872 489 2047 558 Λόγου
2062 491 2130 556 ⁸⁸,
2162 493 2237 556 ὡς
2271 495 2305 563 ή
2339 494 2633 564 Ἐκκλησία
2661 511 2718 546 τε
2765 495 2858 547 καὶ
2901 494 2933 563 ὴ
2964 493 3094 562 ἀγία
3147 490 3362 553 σύνοδος
3427 492 3525 545 καὶ

269 580 298 630 ὁ
332 579 520 641 πὰπας
550 579 706 632 Λέων
745 577 1078 648 ἐπρέσϐευεν
1118 580 1278 633 Ἀλλὰ
1299 580 1346 612 ⁸³
1372 583 1466 636 καὶ
1505 583 1685 653 ,μυρία
1724 581 1856 652 ἄλλη
1885 581 2116 655 διαφορά
2149 587 2352 655 μεταξὺ
2375 588 2476 655 τῆς
2508 587 2762 649 ἀσεϐείας
2796 586 2890 640 καὶ
2918 586 3016 654 τῆς
3077 584 3376 647 εὐσεϐείας,
3432 582 3526 636 καὶ

268 670 367 737 (ἴση
395 667 492 721 τοῦ
521 668 700 737 φωτὸς
724 668 862 737 πρὸς
887 667 948 720 τὸ
978 667 1187 730 σκότος.

339 761 464 814 Ὀτι
508 760 729 813 ἐπειδὰν
777 761 825 812 οἱ
869 760 974 814 ἀπὸ
1016 761 1257 836 Σεϐήρου
1296 763 1680 834 διελέγχωνται
1723 765 1837 827 ταῖς

2031 764 2167 832 Quia
2207 775 2486 838 postquam
2534 766 2808 820 Severiani
2866 766 3169 820 refutantur
3213 775 3524 819 sanctorum

265 853 377 905 τῶν
410 851 689 921 θεοφόρων
719 850 876 921 ἡμῶν
909 852 1172 924 Πατέρων
1203 857 1426 922 φωναῖς,
1453 855 1502 908 οἳ
1532 854 1639 926 πρὸ
1662 855 1761 925 τῆς
1787 856 1846 908 ἐν

265 943 573 1013 Καλχηδόνι
618 943 836 995 συνόδου
866 943 1169 1014 διέλαμψαν
1192 947 1285 999 καὶ
1319 946 1418 1009 τὰς
1447 947 1540 1000 δύο
1565 947 1757 1016 φύσεις
1787 950 1846 1002 ἐν

263 1036 332 1105 τῇ
361 1034 493 1088 ’καθ’
522 1033 818 1086 ὑπόστασιν
864 1033 1052 1088 ἐνώσει
1097 1037 1192 1089 τοῦ
1229 1038 1402 1106 Λόγου
1439 1038 1732 1110 ἐκήρυξαν,
1765 1041 1846 1100 εἱς

261 1215 555 1280 δοκοῦσιν,
607 1214 967 1286 εὐπρόσωπον
1011 1221 1078 1288 τῇ
1127 1217 1344 1290 διαϐολῇ
1390 1221 1841 1290 περιτιθέντες⁸⁸,

263 1304 568 1375 βαθύτερον
608 1305 665 1358 δὲ
694 1306 803 1358 τῶν
831 1306 1198 1378 ἀπροσώπους
1227 1309 1424 1373 αὐτοὺς
1443 1310 1490 1342 ⁸⁸
1515 1311 1845 1382 ὑϐριζόντων

258 1393 760 1466 διακωμῳδοῦντες.
790 1398 927 1450 Φασὶ
976 1398 1086 1468 γὰρ
1128 1399 1204 1462 ὡς
1253 1400 1470 1472 εἴρηται
1517 1405 1618 1474 μὲν
1661 1405 1846 1469 αὐτοῖς

256 1490 372 1543 τῶν
407 1489 624 1559 φύσεων
653 1490 714 1542 τὺ
745 1489 1018 1557 δυαδικὺν,
1048 1491 1147 1544 οὐκ
1199 1493 1308 1546 ἀπὸ
1357 1494 1580 1566 γνώμης
1620 1496 1678 1550 δέ
1707 1498 1845 1552 ὀὐδ’

255 1583 526 1647 ἑκουσίως
555 1581 674 1636 οὐδὲ
707 1582 850 1636 κατὰ
892 1583 1131 1646 πίστεως
1171 1583 1484 1654 ὁμολογίαν,
1517 1587 1630 1641 ἀλλ’
1658 1588 1735 1652 ὡς
1785 1590 1842 1644 ἐν

254 1673 531 1728 ἀντιθέσει
559 1675 659 1743 τῆς
687 1673 1040 1744 ψευδωνύμου
1070 1675 1323 1742 γνώσεως
1351 1679 1447 1732 καὶ
1485 1681 1608 1732 κατ’
1624 1680 1667 1712 ⁸⁷
1693 1682 1832 1732 οίκο-

254 1765 454 1833 νομίαν
483 1764 578 1817 καὶ
603 1765 694 1816 ἐπὶ
724 1763 918 1834 καιροῦ
946 1764 1040 1817 καὶ⁵
1063 1765 1168 1818 ὑπό
1195 1783 1340 1829 τινος
1365 1768 1649 1839 αἱρετικῆς
1673 1769 1841 1836 ἀνάγ-

253 1872 362 1926 κης
392 1855 820 1927 ἐκϐιαζομένοις.
855 1855 963 1910 Kal
987 1856 1039 1909 τί
1065 1856 1130 1910 ἂν
1165 1857 1251 1927 εἴη
1277 1857 1436 1912 τοῦτο
1466 1858 1500 1929 ἢ
1536 1860 1664 1923 τοὺς
1692 1859 1840 1913 διδα-

255 1947 493 2012 σκάλους
526 1948 826 2018 ὑποκριτὰς
856 1950 1234 2018 ἀποφαίνεινδίδ
1263 1951 1471 2016 δειλούς
1507 1953 1636 2025 [428
1666 1953 1760 2025 Η.]
1780 1970 1840 2007 τε

252 2041 352 2093 καὶ
397 2040 497 2107 τῆς
543 2039 802 2110 ἀληθείας
856 2041 1141 2112 προδότας,
1178 2043 1272 2096 καὶ
1316 2043 1417 2113 τῆς
1445 2043 1658 2099 οἴκοθεν
1680 2046 1838 2098 εὐσε-

1952 854 2170 909 Patrum
2247 856 2602 920 testimoniis,
2671 857 2759 925 qui
2833 867 2957 909 ante
3031 854 3523 910 Chalcedonensem

1952 950 2212 1018 synodum
2251 948 2578 1010 ﬂoruerunt,
2621 959 2675 1003 et
2701 950 2836 1003 duas
2880 949 3171 1002 naturasiu
3202 947 3398 1002 unione
3427 948 3527 1018 hy-

1950 1042 2217 1109 postatica
2247 1042 2676 1112 promulgarunt,
2711 1041 2777 1094 ad
2824 1041 3296 1110 reprehensionem
3337 1055 3524 1094 eorum

1952 1146 2072 1185 sese
2091 1141 2430 1197 convertunt,
2461 1143 2778 1202 praetextum
2811 1133 3053 1204 quidem,
3085 1142 3142 1186 ut
3176 1143 3416 1202 apparet,
3437 1146 3527 1186 ea.

1951 1223 2168 1278 lumuim
2189 1225 2488 1292 speciosum
2508 1231 2869 1294 prmtex‘entes
2891 1242 2904 1278 :
2927 1224 3145 1294 gravius
3165 1239 3292 1278 vero
3313 1223 3526 1278 nemine

1951 1316 2252 1381 nominato,
2286 1317 2432 1384 ipsos
2455 1317 2656 1372 veteris
2682 1317 2960 1370 commdia:
2987 1316 3095 1371 ritu
3134 1315 3520 1370 conviciantes.

1951 1403 2185 1470 Etenim,
2221 1414 2277 1460 ut
2301 1407 2562 1472 diximus;
2591 1406 2668 1460 illi
2702 1407 3011 1461 dualitatem
3044 1414 3377 1470 naturarum,
3415 1419 3520 1458 non

1949 1510 2018 1552 ex
2042 1497 2334 1560 sententia,
2367 1511 2543 1567 neque
2579 1497 2834 1564 libenter,
2877 1510 3049 1565 neque
3081 1511 3145 1551 ex
3173 1496 3278 1550 fide
3306 1493 3522 1552 confes-

1948 1586 2118 1642 sionis
2166 1594 2419 1640 asserunt
2457 1603 2471 1639 :
2512 1600 2701 1639 verum
2754 1593 2814 1638 ut
2843 1583 2897 1638 in
2946 1582 3318 1652 contraposita
3371 1580 3522 1634 falsae

1949 1677 2274 1748 cognitionis
2300 1677 2632 1747 cognitione,
2665 1676 2761 1730 sed
2790 1675 3086 1730 secundum
3123 1672 3517 1729 ordinationem

1947 1767 2429 1836 oceasionemque,
2462 1775 2516 1822 et
2549 1766 2617 1820 ab
2647 1765 2900 1820 haeretica
2931 1764 3162 1832 quadam
3195 1762 3520 1816 necessitate

1948 1858 2232 1926 compulsi.
2263 1857 2329 1911 Et
2358 1858 2487 1927 quid
2509 1857 2611 1911 hoc
2637 1855 2786 1911 aliud
2820 1854 2978 1908 fuerit
3005 1853 3104 1906 nisi
3137 1853 3365 1907 eximios
3398 1867 3515 1906 ma-

1949 1951 2146 2020 gistros
2175 1949 2461 2005 ostendere
2489 1949 2787 2017 improbos,
2821 1959 2878 2002 et
2908 1946 3157 2000 veritatis
3188 1944 3513 2016 proditores,

1947 2051 2003 2095 et
2027 2042 2259 2110 propriae
2290 2040 2477 2110 pietati
2509 2039 2742 2094 alienam
2778 2046 2832 2094 et
2863 2038 3172 2093 haereticam
3205 2037 3514 2107 opinionem

250 2128 317 2182 ϐε
327 2130 411 2193 Ea;
434 2131 494 2182 τὸ
522 2129 798 2201 ἀλλότριον
820 2133 914 2184 καὶ
933 2132 1210 2203 αἱρετικὸν
1229 2134 1408 2205 δόγμα
1433 2137 1835 2207 προτιμῶντας,

1944 2141 2364 2202 anteponentes.
2397 2141 2448 2186 et
2482 2132 2548 2185 ad
2589 2131 2802 2186 illorum
2835 2130 3152 2185 barathrum
3183 2129 3364 2198 potius
3401 2137 3515 2182 tra-

250 2223 352 2274 καὶ
385 2221 752 2285 ἐλκυσθέντας
797 2223 998 2292 μᾶλλον
1028 2225 1166 2296 πρὸς
1194 2226 1257 2278 τὺ
1292 2227 1518 2281 ἐκείνων
1566 2227 1837 2301 βάραθρον

249 2315 285 2386 ἢ
337 2313 550 2366 ἐκεῖθέν
584 2331 740 2377 τινας
785 2315 1224 2384 ἁνελκύσαντας;
1277 2318 1384 2372 Ποῦ
1432 2319 1541 2390 γὰρ
1583 2319 1697 2374 ἐστι
1724 2323 1836 2385 τοῖς

248 2403 521 2468 τοιούτοις
548 2405 686 2476 μετὰ
720 2406 932 2461 Παύλου
957 2406 1158 2476 λέγειν,
1186 2409 1263 2474 ὡς
1300 2411 1364 2464 '0
1391 2411 1576 2480 λόγος
1601 2412 1773 2483 ἡμῶν
1801 2415 1836 2466 ὀ

242 2495 408 2565 ,θεοὺς
443 2494 602 2566 ὑμᾶς
631 2498 744 2551 οὐκ
779 2497 1017 2566 ἐγένετο
1061 2502 1160 2553 ναὶ
1196 2501 1297 2554 καὶ
1335 2501 1429 2567 οὒ,
1455 2503 1618 2557 ἀλλὰ
1640 2504 1736 2557 ναί
1769 2505 1837 2557 ἐν

250 2584 418 2651 αὐτῷ
445 2589 678 2657 γέγονε,
714 2590 913 2658 μυρίας
944 2591 1154 2662 τροπὰς
1201 2593 1338 2664 πρὸς
1371 2594 1462 2646 τδν
1513 2594 1685 2664 βίον⁸⁹
1707 2613 1835 2667 τρε-

252 2675 520 2745 πομένοις
553 2677 647 2730 καὶ
671 2677 768 2742 τὰς
779 2679 826 2711 ⁸⁰
851 2680 1080 2749 εύρίπου
1110 2681 1416 2752 μεταϐολὰς
1443 2687 1834 2756 μιμουμένοις;

263 2767 432 2823 una
479 2769 533 2822 τί
577 2769 738 2824 πάλιν
763 2771 928 2842 φησὶν
976 2774 1009 2842 ἡ
1061 2773 1304 2846 αἵρεσιςς
1337 2776 1666 2846 Συγγνώμη
1714 2779 1838 2847 τοῖς

251 2859 567 2929 Πατράσιν
585 2877 599 2891 ·
622 2863 657 2932 ἠ
683 2862 792 2934 γὰρ
822 2862 913 2932 βία
934 2867 1032 2936 τῆς
1052 2865 1278 2937 γνώμης
1300 2869 1626 2940 ἐκράτησεν,
1648 2869 1838 2942 ὥσπερ

252 2951 510 3016 ἐξουσίαν
534 2951 775 3009 λαϐοῦσα
804 2955 1061 3028 λοιδορεῖν
1096 2958 1194 3011 καὶ
1219 2960 1572 3032 κατακρίνειν
1607 2963 1696 3015 ὅτε
1720 2963 1840 3033 βού-

251 3041 410 3124 λεται
440 3045 537 3099 καὶ
561 3045 742 3112 ,πάλιν
782 3047 1001 3116 ἀφιέναι
1026 3049 1148 3102 τὸ⁵⁸
1182 3050 1510 3122 ἁμάρτημα,
1552 3055 1644 3108 καὶ
1679 3056 1838 3124 μόνον

251 3123 378 3206 οὖχὶ
430 3135 644 3206 βοῶσα·
695 3137 773 3192 Τὰ
802 3139 978 3208 χειλη
1014 3139 1189 3209 ἡμῶν
1215 3143 1353 3210 παρ’
1379 3143 1525 3211 ἡμῖν
1551 3123 1716 3199 ἐστι·
1744 3147 1839 3213 τίς·

251 3225 429 3296 ἡμῶν
459 3228 677 3296 Κύριός
705 3229 878 3294 éa‘tt;
927 3229 1076 3302 Πλὴν
1105 3234 1155 3284 εἱ
1185 3232 1319 3288 διότι
1347 3235 1486 3305 πρὸς
1513 3237 1756 3307 αἱρέσεις
1787 3241 1838 3291 οἱ

251 3318 503 3392 Πατέρες
537 3321 821 3391 ἐμάχοντο,
851 3321 955 3376 κᾶν
975 3323 1073 3394 τῆς
1098 3324 1381 3389 εὐσεϐείας
1413 3326 1723 3395 ἐξέπιπτον,
1750 3329 1837 3383 διὰ

251 3409 415 3464 τοῦτο
447 3412 778 3484 συγγνώμης
805 3414 1038 3481 ἐπάξιοι,
1071 3415 1189 3480 πῶς
1219 3417 1318 3489 τῆς
1347 3419 1472 3490 ῖσης
1493 3422 1837 3491 συμπαθείας

252 3501 414 3571 ὑμῶν
427 3502 496 3568 δ’,
526 3503 576 3555 εί
606 3503 701 3556 καί
728 3521 781 3557 τι
810 3507 1262 3576 παραχαρὰσσειν
1295 3507 1500 3576 ἔδοξαν,
1533 3511 1584 3563 οἱ
1604 3512 1662 3564 ἐν
1684 3512 1837 3566 Καλ-

252 3593 444 3665 χηδόνι
490 3593 592 3647 οὐκ
639 3594 997 3666 ἀπήλαυσαν;
1031 3596 1139 3649 Καὶ
1168 3597 1305 3668 πρὸς
1331 3599 1426 3652 δύο
1458 3599 1566 3670 γὰρ
1599 3601 1839 3672 αἱρέσεις

253 3685 354 3740 καὶ
382 3679 530 3738 οὗτοι
563 3684 1048 3756 διαμαχεσάμενοι,
1083 3687 1180 3759 τὴν
1215 3689 1511 3760 Νεστορίου
1541 3693 1636 3744 καὶ
1667 3693 1839 3746 Εὐτυ-

253 3776 407 3846 χοῦς,
439 3775 825 3846 ἐδογμάτισαν.
843 3777 983 3831 Ἀλλ’
1002 3779 1173 3842 οὕτως
1201 3781 1318 3835 ἐστὶ
1340 3781 1616 3853 πανταχοῦ
1640 3783 1837 3852 τυφλὸν

253 3867 353 3920 καὶ
383 3867 570 3936 κωφὸν
601 3869 635 3936 ή
670 3868 915 3934 ἀσέϐεια,
944 3869 1039 3925 καὶ
1087 3868 1212 3924 οὔτε
1261 3871 1478 3942 βλέπειν
1529 3869 1667 3927 οἶδεν
1712 3873 1836 3928 οὔτε

256 3956 510 4023 ἀκούειν,
535 3959 647 4012 οὐδ’
677 3958 824 4032 ἀπερ
873 3959 1010 4030 αὑτὴ
1057 3961 1241 4032 ἐκείνη
1287 3963 1671 4034 προϐάλλεται.
1686 3965 1747 4019 Ἦ
1777 3965 1836 4019 δὲ

253 4048 312 4102 ἐν
347 4049 648 4119 Καλχηδόνι
679 4050 896 4114 σύνοδος
922 4050 1086 4116 εὐθὺς
1135 4052 1237 4123 μὲν
1279 4054 1581 4125 ἀρχομένη,
1613 4055 1651 4110 ἃ
1694 4057 1835 4111 κατά

251 4139 556 4210 Νεστορίου
590 4141 856 4212 Κύριλλος
886 4143 944 4197 ἐν
985 4144 1198 4216 Ἐφέσῳ
1237 4145 1565 4217 διεπράξατο
1585 4190 1600 4216 ,
1627 4149 1834 4213 τούτοις

250 4229 314 4286 τὸ
347 4229 516 4300 κῦρος
541 4230 783 4296 ἐπέθετο,
817 4233 912 4286 καὶ
944 4231 1042 4296 τὰς
1082 4234 1188 4303 πρὸ
1219 4235 1424 4306 ταύτης
1459 4237 1552 4292 δύο
1584 4224 1833 4304 συνόδους

251 4322 335 4386 εἱς
359 4323 486 4392 ὅρον
515 4322 736 4389 ἐδέξατο
773 4323 1030 4391 πίστεως,
1067 4327 1161 4397 καὶ
1197 4327 1413 4399 Ἀρειον
1444 4330 1500 4383 δὲ
1535 4332 1629 4385 καὶ
1651 4333 1834 4386 Μακε-

249 4411 424 4482 δόνιον
453 4415 548 4466 καὶ
573 4413 868 4484 Νεστόριον
904 4414 983 4485 τῷ
1011 4415 1160 4486 αὑτῷ
1192 4419 1480 4491 συνέδησεν
1510 4421 1830 4493 ἀναθέματι,

249 4504 350 4558 καὶ
380 4505 507 4567 τοὺς
537 4507 616 4568 εἱς
636 4505 772 4557 υἱῶν
797 4505 966 4560 δυάδα
998 4506 1059 4560 τὸ
1089 4508 1190 4578 τῆς
1219 4510 1531 4581 οἱκονομίας
1557 4512 1830 4566 διασπῶν-

247 4603 351 4655 τας
375 4591 694 4662 μυστήριον,
717 4591 904 4664 ὥσπερ
929 4595 1024 4648 καὶ
1049 4597 1174 4659 τοὺς
1200 4596 1449 4669 παθητὴν
1475 4599 1570 4653 τοῦ
1590 4602 1832 4669 Μονογε-

249 4681 374 4745 νοῦς
401 4682 719 4753 τολμῶντας
747 4682 928 4753 λέγειν
960 4686 1062 4757 τὴν
1093 4685 1343 4757 θεότητα,
1376 4689 1724 4756 καταδικάζει
1749 4691 1830 4745 δι’

1941 2235 2058 2279 ctos
2081 2239 2242 2293 quam
2282 2223 2406 2278 inde
2453 2221 2664 2292 aliquos
2708 2223 3004 2276 trahentes.
3045 2221 3324 2287 Quomodo
3370 2220 3513 2277 enim

1941 2316 2067 2370 talia
2099 2329 2220 2386 cum
2253 2312 2419 2368 Paulo
2462 2312 2644 2366 dicere
2677 2310 2838 2365 liceat
2859 2350 2872 2375 ,
2909 2309 3046 2374 Quia
3096 2325 3264 2362 sermo
3300 2317 3473 2362 noster
3497 2349 3512 2371 ,

1936 2407 2155 2476 σαί-[αὴ
2194 2406 2335 2476 apud
2375 2420 2495 2470 vos,
2537 2419 2640 2456 non
2675 2410 2751 2457 est
2782 2407 2836 2454 in
2870 2401 2962 2454 illo
3004 2399 3096 2454 Est
3133 2411 3179 2454 et
3224 2398 3345 2453 Non
3374 2414 3392 2453 .'
3423 2402 3513 2454 sed

1938 2499 2037 2553 Est
2068 2500 2121 2552 in
2157 2500 2268 2567 ipso
2295 2498 2494 2565 factum
2523 2505 2599 2550 est
2626 2497 2643 2536 ί
2672 2535 2688 2558 ,
2734 2495 3047 2548 innumeras
3089 2494 3140 2546 in
3195 2493 3303 2546 vita
3339 2493 3514 2546 varia-

1941 2593 2116 2648 tiones
2175 2589 2585 2646 admittentibus
2643 2599 2698 2641 et
2757 2584 2942 2654 Euripi
2988 2584 3315 2639 mutationes
3388 2583 3511 2636 imi-

1942 2683 2223 2739 tantibus?
2267 2681 2372 2737 Sed
2413 2679 2538 2751 quid
2573 2693 2789 2734 rursum
2816 2676 3013 2732 asserit
3058 2677 3314 2731 haeresis?
3352 2673 3514 2728 Venia

1942 2776 2191 2832 Patribus
2212 2776 2410 2832 danda.
2435 2775 2627 2846 26οὸ
2650 2772 2708 2828 Si
2731 2772 2874 2827 enim
2899 2772 2950 2826 vi
2975 2771 3202 2840 quadam
3235 2767 3515 2825 seutentiaa

1939 2869 2200 2938 pervincit
2220 2909 2236 2934 ,
2277 2876 2532 2938 tanquam
2561 2873 2874 2936 potestatem
2899 2875 3055 2918 nacta
3078 2861 3436 2928 conviciandi,
3461 2873 3516 2914 et

1940 2961 2332 3017 condemnandi
2363 2960 2506 3030 quod
2537 2958 2728 3023 libeat,
2753 2965 2810 3012 et
2833 2970 3049 3011 rursum
3081 2955 3355 3010 dimittere
3387 2967 3516 3023 pec-

1941 3064 2119 3108 catum
2145 3061 2201 3107 et
2225 3062 2434 3106 tantum
2460 3065 2564 3105 non
2599 3050 2679 3105 sic
2704 3048 3041 3104 exclamans:
3076 3046 3243 3102 Labia
3275 3057 3454 3101 nostra
3481 3062 3516 3097 a

1941 3146 2087 3197 nobis
2114 3153 2257 3208 sunt,
2296 3145 2411 3213 quis
2450 3153 2624 3196 noster
2666 3139 2922 3194 Dominus
2958 3149 3034 3194 est
3066 3137 3116 3194 i?
3140 3136 3512 3208 Praeterquam

1941 3234 2087 3303 quod
2109 3249 2232 3289 eum
2261 3233 2533 3288 haereticis
2557 3232 2746 3286 Patres
2776 3239 3101 3301 pugnarunt,
3133 3229 3235 3285 etsi
3262 3243 3292 3284 a
3315 3229 3514 3298 pietate

1939 3325 2278 3390 exciderunt,
2301 3335 2588 3395 propterea
2617 3325 2773 3378 venia
2802 3322 2968 3392 digni,
2992 3321 3263 3390 quomodo
3285 3318 3513 3390 aequalis

1941 3413 2224 3468 nobiscum
2253 3411 2574 3476 aﬂectionis,
2601 3421 2658 3467 et
2697 3415 2740 3465 si
2777 3412 2907 3481 quid
2942 3411 3253 3466 adulterare
3287 3409 3510 3463 videan-

1943 3517 2052 3575 tur,
2083 3507 2176 3576 qui
2206 3504 2629 3562 Chalcedonensi
2665 3505 2870 3576 synodo
2898 3519 3002 3558 non
3037 3501 3425 3564 interfuerunt,
3459 3509 3516 3556 et

1940 3601 2006 3654 ad
2036 3600 2170 3654 duas
2200 3599 2454 3664 haereses,
2481 3607 2535 3652 et
2565 3597 2616 3651 hi
2645 3605 3019 3667 Oppugnantes
3045 3593 3277 3650 Nestorii
3303 3592 3504 3662 opinio-

1939 3707 2062 3748 nem
2084 3700 2138 3745 et
2159 3691 2440 3761 Eutychis,
2474 3689 2830 3744 tradiderunt.
2856 3686 2962 3742 Sed
2985 3686 3184 3762 ubique
3210 3684 3344 3739 adeo
3365 3697 3508 3739 caeca

1937 3793 2023 3840 est
2051 3798 2117 3838 ac
2146 3784 2309 3837 surda
2342 3782 2611 3850 impietas,
2643 3789 2698 3835 et
2729 3792 2905 3850 neque
2943 3790 3170 3832 eernere
3206 3777 3501 3846 quidquam

1939 3877 2109 3940 novit,
2139 3887 2314 3945 neque
2346 3874 2558 3938 audire,
2589 3867 2764 3941 neque
2794 3884 2915 3940 qua:
2954 3869 3044 3924 illa
3089 3869 3204 3938 ipsa
3234 3867 3506 3938 proponit.

1935 3967 2372 4022 Chalcedonense
2406 3963 2698 4019 concilium
2738 3963 2922 4016 statim
2964 3961 3142 4025 initio,
3175 3959 3507 4029 qum‘contra

1936 4056 2246 4112 Nestorium
2279 4055 2472 4111 beatus
2499 4053 2738 4125 Cyrillus
2779 4051 2974 4120 Ephesi
3011 4052 3283 4115 tractavit,
3317 4050 3386 4106 iis
3410 4049 3508 4104 de-

1934 4157 2140 4202 cretam
2179 4146 2560 4204 auetoritatem
2600 4143 2826 4208 addidit,
2865 4152 2922 4198 et
2955 4153 3084 4196 ante
3109 4143 3211 4198 hoc
3243 4142 3378 4196 duas
3409 4141 3508 4196 ha-

1934 4237 2076 4294 bitas
2108 4237 2346 4309 synodos
2377 4249 2631 4308 tanquam
2667 4236 2789 4290 ﬁdei
2819 4233 3414 4304 delinitrices'recepit,
3450 4241 3508 4287 et

1933 4328 2151 4394 Arium,
2190 4327 2599 4394 Macedoniam,
2644 4326 2956 4382 Nestorium
2995 4325 3184 4380 eodem
3229 4323 3506 4378 damnavit

1931 4421 2314 4477 anathemate:
2345 4430 2401 4476 et
2430 4420 2524 4491 qui
2555 4421 2608 4474 in
2640 4419 2874 4474 llliorum
2902 4417 3220 4472 dualitatem
3251 4416 3504 4470 incarna-

1932 4514 2096 4568 tionis
2135 4521 2324 4568 seeant
2353 4513 2707 4582 myuerium,
2748 4509 3200 4582 quemadmodum
3239 4508 3502 4562 audentes

1930 4605 2114 4658 dicere
2138 4603 2418 4674 Unigeniti
2449 4601 2787 4658 divinitatem
2817 4598 3115 4670 patibilem,
3135 4596 3343 4668 pariter
3367 4611 3500 4652 con-

1931 4696 2210 4760 demnant,
2240 4694 2311 4748 ita
2345 4704 2403 4749 et
2428 4693 2565 4749 duas
2593 4699 2719 4747 ante
2750 4691 3004 4746 unionem
3039 4688 3250 4746 Domini
3278 4695 3503 4743 naturas

251 4772 520 4846 ἱσότητος.
557 4775 666 4827 Ναὶ
691 4774 758 4846 δὴ
787 4776 883 4830 καὶ
914 4777 1042 4840 τοὺς
1065 4777 1159 4832 δύο
1185 4779 1286 4850 μὲν
1319 4780 1427 4852 πρὸ
1452 4783 1551 4852 τῆς
1583 4782 1826 4848 ἐνώσεως

1941 4785 2325 4854 contingentes,
2359 4798 2520 4838 unam
2545 4791 2665 4852 post
2685 4781 2936 4837 unionem
2967 4779 3285 4844 formantes,
3312 4780 3502 4836 eadem

247 4865 441 4934 φύσεις
476 4866 573 4919 τοῦ
607 4867 813 4936 Κυρίου
845 4866 1182 4938 μυθεύοντας
1205 4910 1221 4936 ,
1253 4871 1384 4941 μίαν
1430 4871 1487 4926 δὲ
1541 4873 1682 4944 μετὰ
1729 4873 1828 4946 τὴν

1941 4875 2182 4944 :ompede
2221 4873 2564 4942 constringit.
2602 4869 2854 4926 Detinivit
2895 4879 3077 4924 autem
3100 4909 3116 4936 ,
3148 4870 3504 4937 quemadmo-

247 4955 446 5012 ἕνωσιν
493 4956 936 5022 ἀναπλάττοντας
964 4961 1080 5023 τοῖς
1109 4960 1296 5024 αὐτοῖς
1342 4961 1666 5033 συνέσφιγξε
1699 4963 1826 5036 βρό-

1941 4969 2050 5022 lum
2099 4980 2220 5035 quae
2282 4975 2408 5019 ante
2461 4964 2601 5018 hanc
2647 4959 2944 5034 synodum,
2995 4962 3190 5016 nemini
3251 4961 3334 5030 fas
3393 4978 3506 5017 esse

249 5064 364 5120 χαις
390 5049 486 5102 τοῦ
511 5047 1076 5122 ἀναθέματος.Ὥρισε
1096 5049 1176 5114 δὲ,
1202 5050 1454 5122 καθάπερ
1476 5053 1570 5108 καὶ
1589 5054 1703 5108 αί⁵³
1722 5056 1830 5128 πρὸ

1941 5059 2089 5114 uiam
2112 5056 2347 5129 proﬁteri
2375 5056 2559 5124 ﬁdem,
2590 5053 2693 5109 hoc
2725 5062 2811 5109 est
2841 5053 3217 5118 conscribere,
3248 5053 3332 5108 vel
3356 5069 3504 5109 eom-

249 5138 442 5209 αὐτῆς,
473 5138 702 5206 Μηδενὶ
743 5138 966 5205 ἐξεῖναι
998 5139 1214 5195 ,πίστιν
1235 5141 1448 5212 ἑτέραν
1481 5145 1826 5216 προφέρειν,

1941 5162 2150 5216 ponere,
2181 5146 2265 5201 vel
2303 5146 2524 5210 sentire,
2557 5151 2752 5214 praeter
2789 5157 2954 5214 quam
2990 5143 3218 5200 tradidit
3243 5144 3415 5212 prima
3448 5155 3504 5198 et

248 5229 417 5300 ἤγουν
466 5230 805 5300 συγγράφειν
835 5229 868 5300 ἦ
903 5229 1210 5284 συντιθέναι
1257 5232 1291 5303 ἦ
1341 5237 1558 5304 φρονεῖν
1601 5238 1732 5309 παρ’
1760 5239 1826 5310 ἥν

1941 5240 2166 5294 secunda
2202 5238 2439 5309 synodus
2485 5235 2778 5306 generalis.
2807 5235 2909 5303 Qui
2939 5249 3070 5291 vero
3101 5235 3334 5291 audeant
3357 5235 3500 5288 aliud

250 5321 574 5393 παρέδωκαν
615 5323 652 5393 ἦ
681 5339 740 5375 τε
775 5322 968 5394 πρώτη
1010 5323 1106 5377 καὶ
1138 5324 1170 5393 ἡ
1200 5323 1427 5395 δευτέρα
1471 5327 1823 5401 οἱκουμενικὴ

1941 5330 2218 5401 symbolon
2242 5339 2436 5399 praeter
2461 5330 2562 5383 hoc
2585 5327 2826 5383 scribere
2852 5326 2933 5380 vel
2957 5326 3176 5392 docere,
3203 5327 3293 5396 qui
3320 5328 3501 5384 volunt

363 5438 377 5477 ί
411 5434 454 5493 ll
479 5437 608 5494 Cor.
644 5437 798 5503 t,18,
911 5437 924 5487 i
974 5436 1278 5505 Psal.tx,‘5

1524 5545 1759 5602 VARI/E
1782 5543 2187 5604 LECTIONES.

320 5641 365 5712 δή
397 5639 492 5693 τοῦ
515 5639 674 5708 λόγου
705 5638 893 5712 ἐνώσει
922 5657 982 5712 ς.
1061 5640 1107 5672 ⁸³
1134 5639 1294 5712 ἀλλη]
1322 5639 1437 5712 ἀλλῗ
1461 5641 1494 5710 ή
1524 5640 1582 5712 Δ.
1632 5709 1646 5712 ᾼ
1665 5639 1711 5712 (⁸⁸
1738 5639 1951 5712 ἐα-υτῶν
1973 5656 2042 5712 ς·1
2110 5639 2155 5670 ⁸⁵
2176 5640 2499 5712 περιθέντες
2533 5656 2594 5706 ς,
2672 5640 2720 5673 ⁸⁵
2746 5639 2914 5712 αὐτὰς
2932 5641 3202 5712 _Scaliger.
3281 5642 3323 5674 "
3349 5642 3437 5712 καὶ
3475 5643 3504 5693 ό

250 5710 368 5762 κατ’
407 5727 512 5784 gn
543 5704 600 5784 ξεί
623 5704 1350 5784 προκριτάςςὺποφαίνεινξς.
1428 5704 1598 5780 Μ’τὴν
1625 5709 1743 5780 βίαν
1775 5704 2133 5765 llmséhelius.
2167 5704 2283 5780 βίον
2307 5711 2399 5764 καὶ
2427 5711 2489 5764 οὐ
2511 5704 2597 5775 τρζ
2629 5728 2688 5776 ς.
2763 5712 2808 5742 ⁵⁰
2831 5709 2950 5781 τὰς]
2975 5712 3073 5774 τὰς
3089 5704 3202 5767 ’καὶ
3233 5729 3296 5777 ς’.
3369 5711 3412 5743 ¹¹
3447 5713 3497 5778 ὃ,

248 5795 298 5832 τι
333 5797 391 5845 ς.
469 5780 515 5812 ⁸²
542 5778 702 5851 ἡμῶν
743 5778 802 5845 ς.
900 5780 945 5813 ⁸³
969 5778 1050 5853 αἱ]
1080 5782 1107 5832 ὁ
1129 5778 1216 5850 'pr.
1249 5780 1314 5835 Λ.
