3964 6246
419 337 554 405 1007

1545 331 1806 395 ΡΗΟΤῙΙ
1842 329 2348 395 ΡΑἸἮΙΑΗΟΗᾸΞ
2372 328 2480 390 CP.

3548 322 3690 389 1008

416 447 659 506 converti
698 461 762 504 ex
808 443 1089 502 Judaismo
1116 452 1171 500 et
1213 442 1559 509 cthniclsmn,
1608 445 1995 517 cujuscumque

2103 443 2230 512 ἁγία
2265 441 2512 506 σύνοδοςο
2545 439 2670 503 τοὺς
2697 437 2755 492 δὲ
2780 435 3095 507 τολμῶντας
3123 434 3313 507 ἕτερον
3344 434 3474 508 παρ’
3507 439 3691 491 ἐκεῖνο

417 542 631 597 tandem
666 548 849 603 secttc,
871 536 1071 608 privari
1099 537 1380 608 episcopos
1410 537 1628 607 quidem
1657 546 1750 590 aut
1780 536 2005 591 clericos

415 633 698 703 dignitate,
729 631 1023 685 monachos
1045 644 1175 685 vero
1204 637 1296 683 aut
1323 628 1490 683 laicos
1514 628 1994 683 excommunicari.

2112 534 2378 604 σύμϐολον
2412 532 2749 603 συγγράφειν
2796 530 2832 600 ἦ
2878 528 3153 583 διδάσκειν
3198 529 3326 592 τοὺς
3340 527 3387 562 ⁸⁸
3431 527 3690 590 θέλοντας

2104 627 2452 697 ἐπιστρέφειν
2487 623 2544 690 ἐξ
2573 619 2924 691 ’Ἰουδαῖσμοῢ
2968 621 3003 692 ἢ
3043 618 3400 691 Ἑλληνισμοῦ
3435 620 3606 690 ἤγουν
3630 619 3693 683 ἐξ

413 726 678 796 αἱρέσεως
704 721 1119 795 οἱασδηποτοῦν,
1155 720 1494 784 ἐπισκόπους
1530 720 1629 791 μὲν
1658 719 1694 790 ἢ
1723 717 2020 788 κληρικοὺς
2046 716 2208 783 (ista;
2252 713 2665 787 ἀλλοτριοῦσθαι
2719 713 2815 768 τοῦ
2846 710 3155 783 ἀξιώματος
3183 750 3198 778 ,
3230 709 3360 783 [817
3388 710 3484 781 IL]
3523 712 3689 780 μοιά³

415 820 606 885 ζοντας
640 817 698 872 δὲ
735 817 769 888 ἢ
808 816 1032 878 λαῖκοὺς
1069 811 1597 884 ἀναθεματίζεσθαι.

483 909 609 967 Haec
636 910 747 965 lere
774 925 805 964 a
837 908 1017 965 Leone
1047 906 1306 979 pontiﬁce
1337 906 1483 961 dicta
1518 915 1645 961 sunt
1668 905 1720 959 in
1762 904 1987 975 epistola

413 1003 479 1058 ad
510 1001 827 1058 Flavianum
855 999 1402 1071 Constantinopoleos
1420 1036 1438 1064 ,
1465 999 1661 1070 quibus
1698 998 1846 1052 clare
1874 995 1991 1063 ejus

414 1094 588 1163 pietas
611 1092 889 1158 elucescit,
925 1101 982 1148 et
1019 1091 1218 1147 ibidem
1262 1090 1639 1146 adhortatione
1673 1097 1837 1159 atque
1860 1102 1994 1142 con-

415 1186 537 1240 silio
552 1198 859 1242 sermonem
887 1183 1111 1245 claudit.
1134 1195 1229 1238 eos
1255 1182 1344 1251 qui
1374 1181 1659 1251 epistolam
1685 1180 1993 1247 suscepturi
2032 1208 2041 1221 ι

415 1284 577 1337 sunt,
628 1273 928 1327 adhortans
963 1283 1019 1324 ut
1056 1284 1298 1326 errorem
1336 1270 1642 1339 deponant,
1692 1277 1747 1320 et
1786 1268 1996 1338 piormn

417 1364 740 1420 sententiam
782 1362 1199 1432 amplectantur.
1249 1359 1340 1415 Sic
1382 1360 1599 1429 quidem
1633 1358 1774 1412 libro
1815 1357 1996 1411 tertio.

486 1643 749 1711 Quartum
780 1656 908 1698 vero
937 1641 1002 1694 ad
1047 1640 1285 1697 Orientis
1312 1640 1605 1696 monachos
1651 1640 1944 1695 elaboravit
1972 1677 1988 1701 ,

2170 896 2359 953 Ταῦτα
2406 892 2580 949 εἰπὼν
2631 891 2729 947 καὶ
2777 892 2917 960 ῥητὰ
2954 893 3055 961 τῆς
3084 889 3377 963 ἐπιστολῆς
3404 889 3499 944 τοῦ
3527 892 3691 944 πάπα

2099 991 2330 1054 Λέοντος
2374 988 2474 1058 τῆς
2525 985 2660 1057 πρὸς
2700 982 3000 1039 Φλαϐιανδν
3043 982 3138 1037 τὸν
3172 983 3693 1039 Κωνσταντινουπό-

2099 1083 2240 1147 λεως
2270 1070 2663 1151 παρατίθήσιν,
2697 1079 2757 1132 ἐν
2781 1069 2864 1141 οἷς
2897 1074 3065 1131 αὐτοῦ
3113 1075 3344 1147 λαμπρὰ
3386 1075 3691 1146 διαλάμπει

2101 1174 2137 1243 ἡ
2167 1170 2449 1225 εὐσέϐεια.
2478 1167 2750 1224 Κάκεῖθεν
2772 1169 2854 1232 είς
2882 1168 3208 1238 παραίνεσιν
3237 1167 3332 1221 καὶ
3369 1165 3691 1236 συμϐουλὴν

2103 1263 2380 1333 συγκλείει
2427 1262 2519 1316 τὸν
2563 1261 2742 1331 λόγον,
2776 1257 3110 1331 μεταθέσθαι
3156 1258 3259 1329 τῆς
3306 1257 3515 1328 πλάνης
3561 1257 3692 1319 τοὺς

2101 1355 2425 1426 δεχομένους
2473 1353 2573 1425 τὴν
2612 1351 2903 1421 ἐπιστολὴν
2932 1352 3270 1424 παρακαλῶν
3315 1352 3411 1405 καὶ
3462 1350 3542 1421 τῷ
3589 1350 3693 1418 τῆς

2104 1447 2386 1509 εὖσεϐεὲας
2414 1445 2753 1516 συναφθῆναι
2778 1448 3110 1517 φρονήματι.
3142 1443 3300 1498 uino)
3330 1443 3431 1513 μὲν
3462 1442 3561 1496 καὶ
3587 1444 3617 1495 ό
3638 1440 3692 1509 γ’

2100 1540 2273 1608 λόγος.

2175 1631 2333 1684 Ἐστι
2367 1630 2423 1683 δὲ
2469 1630 2564 1683 καὶ
2603 1631 2632 1681 ὁ
2677 1627 2721 1681 δ’
2751 1626 2902 1697 αὐτῷ
2948 1625 3324 1697 πεπονημένος
3366 1625 3505 1695 πρός
3531 1639 3689 1686 τινας

417 1734 855 1804 Deopassitarum
881 1733 1067 1788 haeresi
1091 1731 1344 1797 infectos,
1365 1724 1593 1800 quorum
1619 1745 1804 1809 unum,
1839 1729 1994 1785 facile

2103 1720 2449 1785 ἀνατολικοὺς
2482 1717 2934 1790 μοναχοὺς,¹[429
2962 1717 3053 1789 Η.]
3081 1721 3148 1789 τῇ
3175 1719 3310 1788 αὐτῇ
3342 1718 3451 1772 τῶν
3475 1716 3695 1803 Beatu-

418 1826 583 1881 falsas
611 1826 1017 1880 criminationes
1041 1825 1355 1886 ostendens,
1401 1824 1631 1878 crimine
1664 1838 1722 1877 se
1760 1829 1989 1892 purgat;

416 1930 554 1985 quos
572 1915 641 1969 ab
663 1914 913 1969 haeretica
939 1913 1192 1982 opinione
1219 1923 1446 1968 conatur
1471 1922 1740 1979 avertere,
1760 1915 1825 1968 de
1850 1923 1995 1968 recta

419 2007 523 2061 [ille
550 2004 830 2076 proferens
861 2004 1187 2067 testimonia,
1213 2003 1408 2074 quibus
1432 2014 1486 2059 ct
1520 2004 1719 2075 261a
1771 2005 1824 2058 iu
1853 2004 1997 2074 prio-

417 2097 568 2153 ribus
601 2110 732 2150 usus
768 2107 851 2150 est
872 2135 887 2160 ,
924 2094 1204 2148 Athanasii
1227 2134 1242 2155 ,
1280 2095 1583 2159 Ambrosii,
1612 2095 1796 2165 Cyrilli
1822 2139 1835 2161 ,
1863 2095 1999 2149 alie-

418 2201 646 2259 rumque
683 2186 901 2241 Patrum
927 2228 941 2254 ,
969 2188 1164 2257 quibus
1204 2186 1489 2242 Dominum
1530 2197 1772 2243 nostrum
1813 2186 1997 2243 Jesum

417 2278 693 2333 Christum
723 2278 774 2331 in
801 2278 1080 2332 divinitate
1111 2286 1166 2332 et
1198 2277 1532 2332 humanitate
1563 2277 1862 2347 perfectum
1887 2277 2001 2335 cla-

418 2369 634 2423 rissime
661 2369 920 2432 ostendit,
944 2384 1173 2437 quorum
1205 2385 1370 2423 unttm
1403 2379 1488 2425 est
1515 2370 1688 2425 sancti
1716 2369 1989 2426 Ambrosii

417 2459 748 2515 confessoris
780 2458 1065 2514 Mediolani
1091 2461 1354 2530 episcopi,
1380 2461 1522 2531 quod
1552 2461 1605 2516 in
1633 2463 1771 2519 libro
1800 2462 1997 2517 Contra

418 2552 807 2621 Apollinarium
843 2553 1093 2622 produxit
1126 2553 1228 2607 hoc
1262 2554 1458 2608 modo:
1508 2553 1611 2608 Sed
1646 2555 1701 2607 in
1725 2563 1998 2625 quantum,

420 2645 615 2713 inquit,
643 2646 735 2697 hos
763 2642 1093 2709 accusamus,
1113 2646 1421 2713 prodierunt
1445 2646 1539 2699 alii
1564 2646 1791 2700 dicentes
1818 2659 1836 2697 :
1866 2645 2000 2700 Cor-

417 2751 515 2805 pus
541 2733 754 2789 Domini
777 2745 825 2788 et
849 2735 1199 2800 divinitatem,
1229 2736 1384 2789 unius
1422 2746 1648 2790 naturae.
1683 2734 1727 2790 Ο
1759 2735 2001 2805 blasphe-

421 2828 584 2881 miam
612 2843 677 2881 ex
713 2826 937 2881 Tartaro
969 2838 1255 2881 eruetatam
1280 2828 1300 2881 .'
1322 2828 1509 2881 Ariani
1546 2830 1683 2881 enim
1707 2829 1868 2897 paulo
1888 2845 2004 2882 nta-

419 2919 498 2988 gis
530 2918 731 2986 ferendi
754 2929 896 2981 sunt,
930 2933 1155 2986 quorum
1197 2933 1347 2970 error
1384 2934 1474 2985 per
1511 2918 1602 2970 hos
1635 2919 1999 2985 conﬁrmatur,

424 3009 682 3075 Patrem,
721 3008 957 3074 Filium,
1004 3021 1050 3063 et
1104 3009 1362 3076 Spiritum
1399 3020 1673 3077 sanctum,
1706 3027 1810 3064 non
1845 3013 2002 3064 unius

423 3113 628 3156 natura:
652 3113 957 3156 asserentes.
989 3100 1425 3168 Quandoquidem
1456 3102 1654 3157 Christi
1675 3102 1999 3157 divinitate»:

420 3206 467 3251 et
498 3210 747 3261 carnem,
797 3211 956 3249 unam
1000 3195 1200 3248 dicunt.
1244 3193 1417 3264 llujus
1461 3196 1633 3250 sancti
1687 3197 1785 3250 viri
1835 3197 2002 3251 verba

420 3284 585 3340 etiam
607 3294 968 3355 perstrenuus
994 3284 1231 3355 Cyrillus
1262 3297 1450 3339 contra
1484 3284 1789 3339 Nestorium
1829 3287 1998 3340 addu-

421 3380 518 3444 cit,
559 3381 753 3449 quibus
788 3362 1006 3450 dignum
1038 3394 1161 3433 eum
1189 3378 1292 3432 ﬁde
1327 3388 1382 3430 et
1419 3376 1793 3431 admirandum
1826 3378 1997 3432 ducit.

421 3469 562 3526 Dicit
596 3483 724 3523 vero
757 3475 811 3522 et
853 3470 993 3524 idem
1038 3467 1273 3539 Cyrillus
1308 3468 1489 3522 multis
1532 3467 1704 3522 modis
1742 3468 1998 3537 pietatem

420 3561 782 3617 corroborans
813 3561 864 3614 in
893 3560 1031 3614 libro
1065 3559 1139 3614 De
1165 3560 1270 3630 ﬁde
1296 3575 1314 3613 :
1352 3559 1598 3614 Solutum
1630 3568 1705 3613 est
1750 3558 2000 3627 templum

420 3666 645 3723 tempore
667 3654 932 3706 triduana:
959 3654 1244 3721 sepultura:
1274 3651 1370 3705 illo
1394 3652 1613 3707 volente.
1657 3651 1722 3706 Et
1752 3651 1948 3705 iterum
1981 3667 1993 3702 :

423 3744 767 3809 Resurrexit,
816 3754 864 3799 et
908 3744 1113 3798 unitum
1154 3752 1230 3797 est
1266 3744 1368 3814 ipsi
1417 3743 1581 3797 Verba
1623 3743 1994 3812 ineffabiliter,

419 3835 590 3888 tribus
619 3834 801 3888 diebus
834 3850 937 3888 non
962 3835 1015 3887 in
1038 3834 1130 3887 illo
1164 3834 1400 3898 mistum,
1424 3835 1502 3887 vel
1544 3850 1700 3887 carne
1731 3836 1994 3897 indutum,

417 3927 510 3979 sed
555 3926 611 3979 in
644 3941 699 3979 se
741 3941 954 3979 servans
988 3925 1319 3995 incon/usam
1360 3927 1730 3995 proprietatem
1774 3938 1997 3979 natura-

419 4031 538 4069 rum
561 4056 577 4081 ,
622 4008 742 4084 qua:
773 4017 992 4070 diversa:
1020 4027 1169 4070 erant
1195 4017 1457 4070 essentite.
1498 4017 1561 4071 Et
1601 4033 1812 4071 rursum
1842 4031 1993 4070 com-

418 4109 688 4164 mentario
726 4109 779 4163 in
804 4107 1111 4162 Matthznum
1138 4106 1273 4164 libro
1304 4106 1322 4161 l
1363 4128 1373 4162 :
1414 4108 1537 4162 Nisi
1568 4109 1800 4162 sciuisset
1827 4126 1858 4161 a
1890 4108 1996 4161 Deo

418 4198 596 4268 infusa
620 4197 921 4268 Scriptura,
954 4199 1215 4252 hominem
1255 4213 1302 4253 et
1327 4199 1516 4265 Deum,
1556 4198 1830 4254 Christum
1857 4215 1992 4262 esse,

416 4291 513 4345 etsi
535 4308 670 4346 unus
702 4302 747 4345 et
768 4290 901 4345 idem
928 4289 1330 4359 intelligeretur.
1361 4288 1571 4343 Tribuit
1594 4290 1757 4359 igitur
1780 4299 1995 4343 sanctus

2100 1815 2301 1886 σχιτῶν
2326 1812 2724 1884 κατεχομένους
2744 1804 3081 1881 αἱρέσει.Ὦν
3099 1799 3514 1880 ὲγκαλεσάντων
3533 1810 3686 1872 τινὰ,

2102 1905 2298 1977 ῥᾳδίως
2342 1905 2441 1974 μὲν
2465 1906 2565 1968 τὰς
2593 1903 2880 1973 ἐγκλήσεις
2923 1906 3143 1973 ψευδεῖς
3184 1904 3458 1972 ἐπιδείξας
3494 1903 3558 1958 τὺ
3596 1902 3693 1971 ἔγ-

2099 1998 2287 2068 κλημα
2314 1996 2611 2053 ἀπολύεται
2628 1999 2694 2063 ⁸⁸,
2734 2002 2991 2072 παραινεῖ
3036 1999 3095 2053 δὲ
3138 1998 3236 2054 καὶ
3277 1997 3477 2058 αὐτοὺς
3514 2011 3696 2065 μετα-

2100 2088 2291 2143 θέσθαι
2324 2089 2423 2161 τῆς
2457 2090 2739 2163 αἱρετικῆς
2766 2091 2947 2166 δόξης,
2977 2091 3158 2162 φέρων
3194 2089 3338 2160 ὑπὲρ
3382 2088 3477 2141 τοῦ
3520 2084 3687 2157 ὀρθοῦ

2099 2180 2368 2251 δόγματος
2415 2184 2724 2255 μαρτυρίας
2772 2180 2861 2248 αἷς
2912 2183 3008 2237 καὶ
3061 2184 3119 2236 ὲν
3170 2181 3249 2254 τῷ
3280 2180 3514 2253 πρόσθεν
3543 2178 3691 2246 λόγῳ

2101 2274 2391 2344 ἐχρήσατο,
2411 2273 2729 2331 Ἀθανασίου
2776 2276 2838 2330 τι
2889 2294 3031 2348 φημι
3074 2276 3170 2329 καὶ¹
3211 2273 3536 2345 Ἀμϐροσίου
3590 2271 3692 2325 καὶ

2101 2365 2369 2436 Κυρίλλου
2406 2368 2499 2421 καὶ
2528 2367 2640 2421 τῶν
2666 2368 2839 2438 ἁγίων
2868 2367 3151 2441 Πατάρων,
3172 2368 3239 2422 δι’
3264 2360 3340 2422 ὧν
3368 2366 3461 2419 τὸν
3479 2363 3690 2437 Κύριον

2102 2457 2261 2528 ἡμῶν
2300 2458 2509 2529 Ἰησοῦν
2550 2460 2787 2531 Χριστὸν
2815 2462 2873 2513 ὲν
2900 2460 3113 2532 θεότητι
3144 2461 3348 2514 τέλειον
3379 2460 3477 2513 καὶ
3505 2459 3564 2509 ἒν
3592 2458 3692 2510 ἀν·
3716 2510 3731 2521 ί

2104 2548 2413 2620 θρωπότητι
2436 2551 2638 2605 τέλειον
2662 2552 2962 2625 διαπρυσίᾳ
2983 2556 3050 2624 τῇ
3076 2555 3227 2624 φωνῇ
3254 2553 3419 2622 ἀνεκή
3431 2551 3598 2622 ρυξαν
3615 2549 3687 2602 ⁸³.

2104 2633 2202 2693 Ὧν
2232 2642 2348 2694 ἐστι
2379 2642 2476 2711 μία
2509 2644 2605 2696 καὶ
2649 2645 2683 2715 ἡ
2728 2644 2840 2696 τοῦ·
2870 2645 2929 2698 ὲν
2968 2644 3143 2712 ἁγίοις
3182 2642 3530 2715 ’Δμϐροσίου,
3565 2642 3690 2694 ἑπι-

2108 2732 2308 2786 σκόπου
2343 2733 2685 2789 Μεδιολάνων
2726 2737 2820 2789 καὶ
2860 2718 3228 2808 όμολογητοῦ,
3258 2737 3327 2807 ἢν
3350 2736 3409 2789 ἐν
3437 2734 3516 2805 τῷ
3542 2733 3690 2789 κατὰ

2118 2823 2494 2896 Ἀπολιναρίου
2547 2825 2690 2897 λόγῳ
2720 2826 3011 2897 παρέθετο,
3042 2826 3243 2897 ἔχουσα
3266 2824 3440 2889 οὕτως
3458 2839 3476 2855 ·
3512 2826 3660 2879 Ἀλλ
3678 2823 3693 2843 ’

2104 2915 2176 2967 ἐν
2202 2914 2346 2981 ὅσῳ,
2384 2916 2538 2985 φησὶ,
2579 2916 2833 2980 τούτους
2848 2916 2894 2948 ⁸⁷
2926 2914 3287 2985 ἐλέγχομεν,
3323 2914 3691 2983 ἀνεφύησαν

2105 3006 2295 3076 ἕτεροι
2322 3007 2605 3077 ,λέγοντες
2632 3010 2703 3062 τό
2723 3024 2789 3062 τε
2819 3007 2993 3076 σῶμα
3021 3005 3132 3061 τοῦ
3163 3007 3384 3093 Κυρίρυ
3427 3004 3527 3060 καὶ
3573 3004 3691 3093 τὴν

2108 3101 2359 3166 θεότητα
2375 3098 2519 3168 μιᾶς
2540 3100 2803 3170 φύσεως.
2821 3099 3000 3166 Ποῒος
3017 3099 3205 3171 ’ᾍδης
3231 3086 3347 3168 τὴν
3375 3086 3689 3166 τοσαύτηῦ

2102 3190 2399 3259 ἠρεύεατο
2426 3191 2872 3262 ,ϐλασφημίαη
2911 3192 3336 3264 Ἀρειανοϊγὰρ
3383 3192 3501 3261 ἤδη
3550 3210 3691 3262 τυτ-

2102 3283 2401 3351 χάνουσιν
2421 3283 2818 3352 ἁνεκτότεροι,
2849 3279 2937 3339 ὧν
2967 3285 3006 3352 »ἠ
3029 3284 3282 3341 ἀπιστία
3309 3283 3412 3338 διὰ
3432 3284 3691 3347 τούτους

2102 3376 2455 3443 κρατύνεται
2475 3375 2701 3445 μείζονι
2717 3378 2765 3409 ⁵³
2781 3378 3123 3446 φιλονεικίᾳ
3146 3376 3375 3446 Πατέρα
3407 3375 3508 3431 καὶ
3548 3376 3691 3429 Υίὸν

2101 3467 2199 3520 καὶ
2229 3466 2399 3536 ἅγιον
2439 3469 2683 3537 Πνεῦμα
2707 3468 2851 3538 μιᾶς
2885 3471 3101 3535 οὐσίας
3129 3467 3216 3539 μὴ
3250 3469 3454 3538 λέγειν
3477 3508 3494 3531 ,
3528 3470 3690 3522 ἐπει-

2102 3559 2291 3629 δήπερ
2334 3555 2499 3616 οὗτοι
2538 3562 2655 3628 τὴν
2702 3561 2955 3629 θεότητα
2998 3560 3107 3615 τοῦ
3150 3562 3371 3629 Κυρίου
3425 3560 3529 3614 καὶ
3572 3559 3690 3627 τὴν

2100 3651 2297 3719 σάρκα
2319 3652 2469 3720 μίαν
2496 3652 2824 3721 ἐκήρυξαν.
2854 3651 2962 3707 Τοῦ
2992 3653 3047 3706 δὲ
3077 3652 3226 3725 ίεροῦ
3254 3653 3446 3706 τούτου
3491 3652 3687 3723 ἀνδρὸς

2101 3744 2296 3814 χρῆσιν
2333 3746 2360 3797 δ
2389 3743 2685 3814 νικηφόρος
2728 3743 2997 3816 Κύριλλος
3029 3746 3174 3799 κατὰ
3218 3746 3518 3815 Nsce-aptat:
3549 3763 3687 3815 πρε-

2100 3838 2352 3903 ήνεγκεν,
2386 3836 2445 3901 ἐξ
2467 3836 2515 3869 ⁵³
2542 3830 2619 3889 ὧν
2649 3835 2813 3890 αὐτοῦ
2836 3836 3220 3903 τὺάξιόπιστον
3246 3837 3343 3891 καὶ
3366 3836 3686 3904 θαυμαστὸν

2099 3927 2488 3982 ἐπιδείκνυται.
2523 3928 2683 3996 Λέγει
2725 3928 2781 3981 δὲ
2815 3926 2910 3982 καὶ
2952 3928 3115 3992 αὐτὸς
3157 3930 3186 3983 ὁ
3229 3929 3385 3997 ἅγιος
3415 3929 3687 3998 Κύριλλος

2099 4016 2235 4070 ἄλλα
2279 4036 2339 4071 τε
2381 4017 2554 4072 πολλὰ
2598 4018 2883 4090 κρατύνων
2910 4019 3011 4091 τὴν
3040 4019 3343 4085 εὐσέϐειαν,
3368 4021 3463 4075 καὶ
3504 4021 3563 4074 ὲν
3604 4019 3684 4089 τῷ

2098 4107 2237 4177 Περὶ
2270 4110 2527 4174 πίστεως
2572 4108 2736 4178 λόγῳ·
2771 4109 3031 4163 Λέλυται
3072 4107 3185 4178 μὲν
3231 4111 3266 4163 ό
3291 4109 3441 4175 ναὸς
3487 4109 3561 4167 ἐν
3602 4106 3682 4171 τῷ

2098 4196 2280 4266 καιρῷ
2321 4196 2433 4265 τῆς
2462 4199 2779 4267 τριημέρου
2805 4184 3004 4267 ταφῆς
3041 4199 3422 4268 βουλομένου
3466 4199 3678 4263 αὑτοῦ,

2098 4290 2197 4342 καί
2236 4290 2321 4341 πά
2336 4290 2423 4343 λιν
2449 4290 2753 4356 ἀνέστησε
2776 4332 2790 4356 ,
2824 4291 2923 4345 καὶ
2955 4291 3154 4359 ήνώθη
3183 4290 3343 4355 αὐτῷ
3380 4292 3677 4359 ἀῤῥητῳσο

416 4385 738 4455 evangelista
757 4393 1005 4455 tanquam
1028 4383 1312 4452 unicuique
1323 4381 1463 4448 parti
1495 4381 1761 4445 decorum,
1788 4379 1991 4433 clarum

2103 4380 2279 4449 λόγῳ,
2312 4379 2384 4448 τῇ
2431 4381 2725 4450 τριημέρῳ
2778 4385 2850 4436 ού
2903 4383 3268 4452 κεκραμένος
3310 4385 3380 4438 ἐν
3418 4383 3584 4449 αὐτῷ
3638 4384 3677 4450 ἢ

416 4485 464 4530 et
493 4476 827 4545 incon/usum
855 4476 1089 4544 mysterii
1121 4489 1415 4529 sermonem
1441 4488 1674 4527 servans.
1711 4471 1850 4526 Nam
1883 4470 1993 4524 htrc

414 4568 621 4638 quidem
645 4568 858 4637 propria
881 4582 991 4620 esse
1012 4565 1181 4631 scivit,
1212 4573 1260 4617 et
1296 4563 1652 4618 convenientia
1681 4562 1990 4615 humanita-

417 4660 484 4715 tis
513 4659 751 4714 terminis
777 4674 793 4713 :
828 4658 922 4711 illa
954 4674 1071 4711 vero
1100 4655 1420 4711 excellentia!
1449 4653 1739 4723 ine/fallitis
1759 4653 1988 4708 deitatis.

416 4751 558 4819 Ergo
595 4766 701 4804 non
739 4750 912 4803 solum
951 4749 1084 4802 duas
1133 4756 1378 4810 naturas,
1424 4747 1520 4800 sed
1549 4755 1602 4800 et
1636 4745 1773 4802 duas
1803 4760 1994 4815 opera-

414 4841 592 4896 tiones
624 4840 858 4912 Cyrillus
895 4840 1204 4902 conﬁtetur,
1242 4845 1301 4891 ut
1324 4838 1379 4892 in
1403 4835 1686 4891 Thesauris
1710 4836 1987 4906 loquitur:

415 4927 541 4984 Non
568 4930 703 4984 enim
734 4928 1187 4983 incommutabiles
1225 4928 1441 4981 virtutes
1475 4936 1522 4981 et
1558 4927 1887 4995 operationes
1918 4927 1987 4980 ad

412 5037 475 5075 ca
505 5037 622 5090 qua:
645 5022 866 5074 alterius
900 5017 1247 5089 generationis
1276 5026 1323 5071 et
1362 5016 1600 5072 essentia:
1626 5017 1890 5086 producit.
1921 5015 1987 5070 Et

413 5126 629 5166 rursum
658 5127 672 5166 :
710 5108 1166 5176 Quemadmodum
1193 5116 1493 5177 separatam
1531 5107 1723 5161 habent
1745 5108 1987 5162 essentia:

411 5205 490 5259 vel
524 5203 797 5276 qualitatis
841 5202 1120 5264 rationem,
1156 5200 1232 5254 sic
1259 5208 1307 5254 et
1347 5200 1606 5254 diversam
1633 5201 1988 5267 operationem

411 5305 637 5351 seruant.
666 5294 726 5348 Et
759 5294 952 5347 iterum
980 5308 995 5346 :
1032 5289 1153 5345 Non
1174 5290 1311 5345 enim
1348 5303 1507 5341 unam
1541 5302 1669 5341 sane
1691 5302 1805 5342 esse
1828 5297 1989 5343 natu-

410 5386 575 5441 ralem
601 5387 954 5455 operationem
980 5384 1224 5437 dabimus
1251 5380 1347 5435 Dei
1378 5391 1424 5433 et
1444 5389 1719 5447 creaturae,
1738 5387 1798 5433 ut
1826 5396 1987 5451 neque

2099 4469 2697 4539 ἁποσεσαρκωμένος.
2740 4472 2902 4526 ἀλλὰ
2947 4470 3149 4532 σώζων
3198 4474 3270 4525 ἐν
3315 4471 3509 4537 ἑαυτῷ
3561 4472 3680 4527 τῶν

2097 4560 2210 4615 δύο
2263 4562 2509 4629 φύσεων
2557 4560 2678 4615 τῶν
2706 4552 3103 4631 ἑτεροουσίων
3158 4564 3507 4634 ἁσύγχυτον
3565 4566 3679 4633 τὴν

2094 4650 2379 4717 ἰδιότητα.
2419 4653 2528 4705 Καὶ
2553 4654 2716 4706 πάλιν
2748 4657 2807 4708 ἐν
2831 4654 2910 4724 τῷ
2953 4656 3093 4710 κατὰ
3122 4655 3401 4710 Ματθαῖον
3430 4657 3676 4727 ὑπομνή-

2098 4760 2251 4813 ματι,
2274 4741 2465 4814 βιϐλίῳ
2492 4751 2540 4796 α’
2558 4760 2574 4777 ο
2602 4745 2778 4812 Πλὴν
2805 4740 2970 4799 οἶδεν
2991 4749 3025 4799 ό
3044 4747 3228 4816 λόγος
3254 4745 3363 4813 τῆς
3389 4748 3676 4800 θεοπνεύ-

2091 4848 2243 4889 στου
2268 4835 2518 4905 Γραφῇ·
2555 4837 2874 4905 ἄνθρωπον
2897 4838 3043 4892 ὄντα
3088 4839 3187 4892 καὶ
3232 4836 3382 4892 Θεὸν
3406 4840 3514 4892 τὸν
3536 4840 3673 4908 Χρι-

2089 4927 2266 4991 στὸν,
2302 4929 2358 4981 el
2405 4927 2501 4980 καί
2545 4923 2633 4994 εἷς
2680 4929 2883 4984 νοοῖτο
2926 4929 3027 4984 καί
3072 4933 3107 4985 ὁ
3144 4931 3346 4996 αὐτός.
3364 4931 3673 5000 Ἀπονέμει

2090 5019 2409 5089 τοιγαροῦν
2432 5023 2466 5074 ό
2481 5019 2775 5089 μακάριος
2797 5021 3235 5092 εὐαγγελιστὴς
3258 5024 3327 5078 τὸ
3348 5023 3525 5077 οἱονεί
3556 5024 3677 5077 τῶν

2088 5110 2285 5180 μερῶν
2324 5111 2581 5180 ἐκατέρῳ
2617 5111 2869 5181 πρέπον,
2895 5113 3142 5181 ἀπλανῆ
3181 5115 3279 5168 καί
3326 5115 3677 5184 dmi-mvros-

2093 5201 2202 5256 τοῦ
2244 5202 2585 5271 μυστηρίου
2625 5201 2995 5273 διατηρήσας
3044 5205 3154 5258 τὸν
3206 5206 3410 5274 λόγον.
3457 5207 3536 5259 Τὰ
3557 5204 3677 5273 μὲν

2095 5290 2209 5360 γὰρ
2236 5289 2437 5358 ίδικῶς
2459 5286 2626 5344 οἶδεν
2668 5291 2815 5345 ὄντα
2859 5308 2924 5346 τε
2951 5294 3047 5347 καὶ
3079 5293 3386 5362 πρέποντα
3416 5293 3540 5361 τοῖς
3563 5293 3676 5359 τῆς

2093 5382 2545 5448 ἀνθρωπότητος
2566 5382 2826 5451 μέτροις,
2856 5383 2929 5437 τὰ
2956 5384 3025 5438 δὲ
3053 5386 3182 5451 ταῖς
3209 5386 3535 5456 ὑπεροχαῖς
3564 5384 3676 5454 τῆς

1696 5544 1936 5602 VARUE
1978 5547 2381 5606 LECTIONES.

480 5658 526 5692 ss
570 5661 696 5724 τοὺς
753 5662 819 5715 Α,
854 5661 977 5724 τοὺς
1017 5661 1071 5713 δὲ
1120 5675 1178 5722 ς.
1254 5658 1299 5687 ⁵⁸
1333 5656 1449 5709 libri
1480 5655 1779 5724 ἀποδύεται,
1812 5656 1884 5713 cf.

1926 5673 1979 5727 p.
2011 5658 2313 5734 ᾂϐξὶιιῇἳι.
2389 5660 2436 5693 ⁸⁸
2478 5661 2811 5734 ἀνεκήρυξεν
2851 5682 2910 5730 ς,
2988 5667 3029 5698 ⁸⁷
3084 5664 3293 5728 τούτοις
3323 5680 3384 5730 ς.
3459 5662 3508 5698 ⁸⁸
3552 5662 3670 5718 libri

410 5747 567 5801 κρατ.
596 5722 906 5800 ὼςμείζονι
933 5722 969 5785 l'.
1006 5746 1059 5800 p.
1085 5729 1183 5782 251
1219 5728 1322 5782 b7.
1398 5727 1442 5759 δ’
1472 5727 1531 5789 ἐξ
1556 5727 1596 5778 Α
1633 5743 1647 5780 :
1680 5722 1818 5779 εἶναι
1856 5722 1940 5792 gf
1996 5728 2040 5760 θ’
2076 5729 2330 5801 ἀρρήτως
2360 5747 2422 5794 ς.
