3964 6246
439 224 570 292 1011

1587 225 1852 294 ΡΗΟΤῙΙ
1881 224 2381 293 PATRIABCHIE
2418 223 2527 291 GP.-

3551 221 3693 289 1012

434 336 649 407 quando
680 337 828 392 nobis
860 338 1081 408 simplex
1100 379 1115 403 ,
1163 348 1407 392 naturam
1447 338 1743 409 ingreditur
1774 336 1997 407 duplex;

2105 352 2217 392 νον
2243 334 2559 392 τεθεᾶσθαι
2600 345 2792 405 φησιν
2831 333 2929 390 ἐπὶ
2965 334 3373 405 στερεώματος
3400 336 3684 402 une-puto

436 439 492 484 et
519 428 622 483 alia
660 437 933 486 sexcenta.
969 431 1249 498 Quomodo
1291 446 1396 486 non
1440 445 1506 486 ex
1545 431 1751 486 duabus
1796 427 2005 483 naturis

438 519 574 574 dixit
610 535 762 576 sacra
809 523 1044 593 synodus
1084 522 1359 578 Christum
1403 537 1542 588 esse,
1577 522 1879 578 luculenter
1905 520 2004 574 de—

438 612 677 677 clarans,
716 621 841 669 ante
866 613 1059 668 saecula
1089 627 1211 669 cum
1241 628 1273 669 e
1303 613 1465 669 Patre
1495 622 1675 668 natum
1702 610 2005 675 divinitate,

436 702 572 756 etin
604 702 814 757 ultimis
836 702 1027 759 diebus
1063 715 1245 761 nostra
1278 720 1439 760 causa
1475 713 1530 759 et
1553 704 1622 761 ad
1645 711 1888 760 nostram
1925 715 2008 757 sa-

436 793 599 848 lutem
636 807 668 848 e
692 792 862 848 Maria
884 793 1115 864 Delpara
1147 811 1467 866 semperque
1508 795 1728 866 Virgine
1757 791 2006 850 humanis

2104 443 2295 497 μενον
2312 425 2432 481 τῶν
2454 427 2775 496 Χερουὸίμ·
2809 426 2926 497 ἔφη
2962 426 3030 481 δὲ
3057 426 3145 481 ὅτι
3175 426 3284 481 τὸν
3324 427 3424 481 ἐπὶ
3469 431 3691 496 θρόνου

2111 518 2451 588 καθήμενον
2485 518 2710 587 ἑώρακε
2750 517 2955 588 διφυᾶ.
2996 520 3110 574 Καὶ
3158 519 3322 573 πάλιν
3370 519 3693 591 ἑρμηνεύων

2112 610 2173 664 τὸ
2198 609 2337 664 κατὰ
2369 611 2624 682 Ἰωάννην
2649 611 3005 678 Εύαγγὲλιον,
3035 612 3093 666 ὲν
3130 611 3210 682 τῷ
3237 612 3475 683 δευτέρῳ
3498 611 3693 683 βιϐλίῳ

2114 700 2276 769 φησίν
2295 716 2311 734 ο
2351 701 2507 756 Ἐπεί
2534 702 2592 756 τι
2613 701 2912 771 ποιήσεις,
2929 703 3076 756 ὅταν
3099 703 3243 772 ἡμῖν
3262 705 3296 757 ό
3319 702 3557 769 ἁπλοῦς
3574 703 3697 771 τὴν

2106 793 2298 861 φύσιν
2327 795 2599 864 εὶσϐαίνῃ
2631 794 2930 861 διπλοῦς-ς
2964 794 3059 848 καὶ
3096 795 3266 866 μυρία
3308 794 3464 851 ἄλλα.
3491 795 3698 858 Πῶςδὶ

438 894 564 938 tate.
601 885 812 955 Alioqui
842 886 888 942 si
921 887 1106 959 Cyrilli
1145 889 1403 959 epistolas
1440 887 1722 958 amplexus
1756 887 1863 951 sit,
1889 899 1997 956 qua

2106 881 2206 937 οὐκ
2240 885 2306 937 ἐκ
2337 885 2431 938 δύο
2457 887 2673 956 φύσεων
2717 887 2870 944 εἶπεν
2902 893 2935 961 ἡ
2975 892 3108 960 ἁγία
3140 890 3355 955 σύνοδος
3406 891 3500 944 τὸν
3555 891 3700 960 Χριο

437 974 639 1044 ubique
682 974 811 1032 illud
848 989 880 1031 e
924 977 1134 1033 duabus
1172 978 1382 1033 naturis
1420 977 1835 1033 vociferantur:
1875 988 2011 1043 quo-

438 1067 596 1122 modo
640 1081 745 1122 non
787 1067 908 1123 sine
959 1083 1121 1123 causa
1176 1070 1400 1126 itaaresis
1450 1069 1709 1125 adversus
1758 1074 2006 1121 sanctum

434 1158 695 1229 synodum
728 1158 951 1215 fremit?

2109 971 2253 1040 στὸν,
2283 974 2580 1049 διαρρήδην
2608 978 2799 1050 βοῶσα
2823 982 2930 1051 πρὸ
2950 980 3162 1034 αἰώνων
3192 980 3284 1034 τὸν
3310 981 3474 1035 αὐτὸν
3500 983 3566 1035 ὲκ
3594 978 3697 1034 τοῦ

2108 1061 2319 1135 Ηατρδς
2345 1069 2670 1140 γεννηθῆναι
2694 1071 2836 1125 κατὰ
2867 1071 2967 1144 τὴν
2996 1072 3247 1143 θεότητα,
3277 1073 3375 1126 καὶ
3404 1071 3492 1125 ἐπ’
3523 1069 3697 1142 ἐσχά-

2111 1173 2220 1211 των
2243 1156 2351 1212 τῶν
2381 1159 2602 1233 ἡμερῶν
2632 1158 2723 1216 τὸν
2744 1163 2908 1218 αὑτὸν
2936 1163 3005 1218 δι’
3027 1166 3176 1235 ἡμᾶς
3202 1163 3298 1218 καὶ
3317 1161 3407 1218 διὰ
3429 1164 3531 1235 τὴν
3550 1163 3696 1234 ἠμε-

433 1251 597 1320 τέραν
647 1252 920 1323 σωτηρίαν
953 1256 1027 1331 ,ὲκ
1072 1255 1291 1326 Μαρίας
1333 1254 1434 1326 τῆς
1464 1253 1726 1308 Θεοτόκου
1751 1250 1871 1325 [451
1910 1248 2007 1322 3,]
2048 1249 2143 1304 καὶ
2204 1250 2590 1328 Ἀειπαρθένου
2622 1258 2762 1313 κατὰ
2803 1259 2904 1330 τὴν
2952 1259 3388 1331 ἁνθρωπότητας
3418 1258 3596 1322 ἄλλως
3629 1273 3695 1313 τε

433 1344 493 1398 δὲ
524 1346 686 1411 sita;
712 1348 982 1419 Κυρίλλου
1015 1349 1301 1419 ἠσπάσατο
1336 1349 1657 1415 ἐπιστολὰς,
1703 1348 1759 1402 αἳ
1816 1342 2085 1414 πολλαχοῦ
2112 1345 2174 1399 τὸ
2218 1348 2284 1402 ὲκ
2330 1348 2424 1405 δύο
2482 1351 2699 1421 φύσεων
2745 1354 3160 1427 διακεκράγασι,
3191 1354 3306 1419 πῶς
3376 1353 3438 1408 οὐ
3513 1352 3698 1424 μάτην

433 1440 469 1511 ἠ
494 1440 706 1512 αῐρεσις
736 1441 876 1494 κατὰ
905 1443 999 1513 τῆς
1036 1444 1187 1513 ἱερᾶς
1218 1443 1434 1496 συνόδου
1465 1443 1832 1513 φρυάττεται;

504 1531 701 1588 Verum
727 1535 932 1604 inspice
958 1536 1341 1606 malignitatem
1367 1537 1759 1591 haereticorum.
1787 1533 1997 1588 Dicente

2182 1534 2322 1589 Ἀλλ’
2338 1536 2439 1607 ὅρα
2462 1536 2524 1590 τὸ
2551 1537 2856 1610 κακοῦργον
2884 1537 2986 1608 τῆς
3013 1536 3561 1609 αἱρέσεως.Φαμὲνης
3582 1534 3697 1607 γὰρ

432 1625 575 1679 enim
601 1627 842 1698 synodo:
860 1626 938 1681 De
966 1625 1131 1681 Patre
1155 1638 1202 1682 et
1233 1626 1375 1683 Filio
1396 1639 1445 1682 et
1465 1626 1670 1698 Spiritu
1699 1635 1877 1681 sancto
1909 1625 1997 1678 do-

2109 1626 2210 1696 τῆς
2234 1628 2451 1682 συνόδου
2467 1640 2480 1654 ⁸
2504 1629 2649 1697 Περι
2676 1646 2740 1684 τε
2768 1630 2880 1700 γὰρ
2904 1631 3009 1686 τοῦ
3038 1629 3271 1698 Πατρός
3296 1629 3394 1684 καὶ
3422 1628 3529 1683 τοῦ
3554 1626 3698 1683 Υίοΰ

431 1725 546 1770 cent
596 1717 999 1785 perfectionem,
1050 1728 1099 1774 et
1152 1718 1365 1775 Domini
1410 1717 1822 1772 incarnationem
1874 1723 1997 1769 recte

2109 1719 2206 1772 καί
2228 1718 2334 1774 τοῦ
2350 1720 2523 1781 ἁγίου
2538 1720 2883 1790 Πνεύματος
2903 1713 3337 1776 ἐκδιδάσκουσι
3350 1720 3419 1774 τὸ
3435 1720 3695 1785 τέλειρν,

431 1807 773 1862 sentientibus
806 1811 868 1863 ob
897 1812 1075 1864 oculos
1107 1823 1325 1878 ponunt.
1369 1810 1615 1878 Quatuor
1648 1809 1700 1863 in
1737 1805 1997 1862 Trinitate

2103 1808 2203 1861 καί
2243 1808 2351 1862 τοῦ
2398 1811 2620 1879 Κυρίου
2650 1811 2768 1881 τὴν
2800 1811 3263 1881 ἐνανθρώπησιν
3304 1811 3428 1878 τοῖς
3464 1808 3699 1877 πιστῶς

430 1913 689 1967 personas
720 1901 865 1955 illam
884 1903 1063 1958 dicere
1087 1902 1331 1959 l'nrenter
1356 1913 1640 1958 accusator
1659 1899 1997 1956 exclamavit.

2103 1899 2449 1971 δεχομένοις
2487 1904 2877 1972 nuptarum”
2899 1919 2913 1933 °
2947 1904 3193 1975 Τετράδα
3224 1900 3402 1958 είπεῖν
3430 1902 3695 1975 ἐμμανῶς

432 1992 651 2060 Quare?
682 1996 832 2063 quia,
867 2009 988 2049 cum
1017 1996 1240 2050 dixisset
1267 1992 1504 2058 Patrem,
1539 1991 1730 2046 Filium
1757 1997 1811 2045 et
1837 1988 1997 2059 Spiri-

2100 1993 2134 2060 ἠ
2166 1991 2471 2064 κατήγορος
2509 1992 2794 2064 ἀνεϐόησε.
2822 1994 2922 2048 Διὶ
2950 1994 3036 2061 τί;
3071 1994 3188 2067 [8‘21
3229 1994 3323 2067 R.]
3369 1995 3506 2049 διότι
3552 1993 3697 2066 μετὰ

432 2093 542 2140 tum
563 2097 834 2150 sanctum,
868 2097 922 2141 et
943 2087 1157 2142 Domini
1197 2084 1621 2142 incarnationem
1653 2100 1750 2155 pro
1777 2097 1997 2153 persona

2101 2079 2164 2133 τὸ
2195 2082 2369 2135 είπετν
2406 2082 2627 2153 Πατέρα
2665 2084 2759 2139 καὶ
2802 2083 2933 2138 Υἱδν
2980 2086 3077 2139 καὶ
3123 2084 3350 2155 Πνεῦμα
3391 2083 3548 2154 ἆγιον
3591 2085 3696 2155 τὴν

427 2176 692 2246 adjunxit.
726 2176 921 2233 Verum
943 2179 1079 2233 hanc
1103 2177 1492 2248 blasphemiam
1519 2186 1739 2232 sanctus
1770 2177 2003 2245 scriptor

427 2269 485 2324 in
538 2278 699 2339 caput
744 2281 1024 2325 auctorum
1078 2280 1387 2340 retorquet,
1448 2270 1632 2326 multis
1679 2269 2002 2329 testimoniis

427 2362 647 2431 antiqua
683 2363 973 2418 traditione
1002 2365 1142 2419 hunc
1171 2364 1416 2419 ordinem
1457 2378 1579 2418 esse
1603 2362 1913 2424 ostendens,
1945 2370 2003 2415 ut

427 2461 551 2522 post
594 2462 798 2506 sanctae
850 2462 906 2507 et
963 2453 1393 2521 supernaturalis
1448 2453 1730 2508 Trinitatis
1782 2452 1998 2518 laudes,

427 2544 584 2598 unius
634 2544 686 2598 in
737 2543 1004 2601 Trinitate
1052 2546 1475 2601 incarnationem
1521 2553 1708 2600 sancta
1757 2543 1998 2599 Ecclesia

423 2636 750 2693 conﬁteatur
776 2680 790 2703 ,
836 2652 902 2693 ne
944 2649 1125 2693 autem
1168 2640 1582 2707 quaternitatem
1627 2648 1997 2694 connumeret.

428 2727 518 2785 Sic
546 2730 798 2800 Cyrillns,
827 2731 966 2787 libro
988 2749 1062 2788 vu
1098 2732 1174 2787 De
1194 2735 1504 2789 adoratione
1533 2735 1590 2789 in
1610 2735 1800 2805 spiritu
1830 2743 1880 2789 et
1916 2750 2001 2789 ve-

425 2821 613 2885 ritate,
656 2821 925 2892 loquitur;
972 2824 1053 2878 sic
1095 2834 1150 2879 et
1180 2825 1235 2881 in
1284 2825 1633 2896 Evangelium
1683 2822 1909 2881 Joannis
1947 2833 2003 2879 et

424 2909 687 2980 Matthtei,
722 2914 922 2982 aliique
950 2916 1221 2985 permulti.

494 3174 653 3230 Clare
678 3187 805 3232 vero
834 3176 899 3231 in‘
919 3174 1103 3233 multis
1136 3174 1253 3233 Suis
1282 3172 1438 3234 libris
1472 3171 1629 3234 divus
1654 3172 1907 3249 Cyrillus,
1940 3187 1996 3232 et

425 3265 479 3320 in
511 3267 791 3323 divinitate
824 3268 1144 3339 perfectum.
1177 3279 1232 3325 et
1271 3269 1324 3325 in
1352 3270 1691 3326 humanitate
1717 3269 2019 3340 Christum,

424 3360 682 3429 praedicat
707 3370 763 3415 et
792 3362 977 3417 tradit.
1017 3360 1225 3430 Quibus
1254 3373 1310 3419 et
1336 3378 1492 3420 sacra
1526 3365 1877 3420 consentiens
1902 3377 1995 3435 sy-

424 3451 620 3518 nodus,
655 3468 817 3507 unum
849 3453 1208 3524 eumdemque
1227 3452 1414 3511 Iesum
1441 3455 1716 3511 Christum
1751 3455 1998 3527 unigeni-

424 3549 536 3595 tum
568 3541 621 3594 in
656 3541 862 3598 duabus
890 3543 1101 3599 naturis
1131 3543 1419 3599 inconfuse
1454 3552 1509 3598 et
1537 3544 1769 3600 indivise
1804 3544 1999 3614 praedi-

424 3633 587 3688 cavit.
623 3631 828 3700 Quibus
879 3635 1073 3690 iterum
1116 3627 1311 3706 262a
1366 3635 1598 3706 Cyrillus
1667 3635 1720 3690 in
1772 3635 1998 3705 epistola

424 3726 492 3780 ad
516 3726 850 3781 Succensum
884 3730 1179 3792 consentit,
1203 3728 1392 3784 dicens
1422 3745 1435 3782 :
1464 3720 1820 3798 lntelligentes
1853 3712 1993 3797 ergo,

424 3827 482 3871 ut
510 3819 661 3883 dixi,
704 3819 1088 3874 incarnationis
1134 3818 1347 3874 modum
1373 3835 1393 3876 :
1422 3821 1695 3876 videamus
1738 3816 1998 3892 quomodo

421 3909 541 3963 dua:
567 3922 790 3975 natum,
830 3926 923 3978 per
955 3911 1200 3965 unionent
1231 3911 1654 3980 inseparabilem,
1691 3911 1993 3979 inconfuse,

422 3998 772 4054 insolabiliter
791 4002 925 4055 inter
952 4018 1007 4056 se
1032 4003 1383 4058 convenerint.
1413 4001 1553 4059 Caro
1574 4005 1712 4058 enim
1745 4020 1868 4058 raro
1893 4011 1994 4069 est,

422 4107 527 4145 non
553 4092 834 4158 divinitas,
878 4090 996 4147 licet
1023 4082 1123 4147 Dei
1150 4111 1273 4148 caro
1299 4093 1444 4164 facta
1479 4095 1566 4149 sit.
1610 4093 1809 4149 Eodem
1840 4095 1996 4149 modo

420 4192 472 4237 et
505 4181 729 4237 Verbum
770 4184 911 4239 Deus
945 4194 1045 4251 est,
1076 4201 1180 4238 non
1209 4202 1366 4251 caro,
1400 4186 1516 4241 licet
1551 4203 1645 4256 per
1672 4186 1996 4240 incarnatio-

421 4290 536 4329 nem
560 4274 827 4342 propriam
851 4274 955 4328 sibi
983 4292 1190 4330 carnem
1214 4275 1412 4346 fecerit.
1443 4277 1507 4332 Et
1538 4274 1734 4333 deinde
1761 4296 1774 4332 :
1812 4270 1997 4343 Quan-

2100 2171 2195 2225 τοῦ
2229 2172 2435 2244 Κυρίου
2460 2175 2741 2245 ἐπήγαγεν
2779 2175 3217 2250 ὲνανθρώπησιν.
3235 2175 3397 2230 Ἀλλὰ
3424 2177 3521 2231 καὶ
3552 2175 3695 2230 ταύ-

2099 2269 2202 2332 την
2232 2263 2262 2315 ό
2299 2264 2650 2333 συγγραφεὺς
2687 2264 2789 2335 τὴν
2824 2265 3190 2334 συκοφαντίαν
3219 2266 3299 2328 είς
3328 2264 3429 2328 τὰς
3452 2266 3565 2317 τῶν
3598 2281 3696 2317 συ-

2102 2351 2387 2423 κοφαντῶν
2420 2353 2614 2426 ἔτρεψε
2657 2354 2923 2424 κεφαλὰς,
2949 2356 3170 2427 μυρίαις
3204 2354 3531 2427 μαρτυρίαις
3586 2356 3694 2426 ἀρ·

2101 2444 2531 2515 χαιοπαράδοτον
2553 2441 2694 2499 εἶναι
2726 2445 2823 2517 τὴν
2846 2447 3101 2517 τοιαύτην
3130 2446 3541 2516 ἐπιδειξάμενος
3559 2445 3691 2500 σύν-

2100 2528 2274 2604 ταξιν,
2313 2536 2389 2601 ὼς
2429 2537 2570 2608 μετὰ
2598 2534 2699 2610 τὴν
2726 2541 2824 2609 τῆς
2855 2539 3018 2607 ἁγίας
3053 2539 3148 2594 καὶ
3178 2538 3494 2610 ὑπερφυοῦς
3519 2539 3692 2610 Τριά-

2100 2629 2191 2694 δος
2236 2629 2541 2700 ἁνύμνησιν
2558 2630 2670 2701 τὴν
2703 2631 2797 2684 τοῦ
2831 2630 2949 2694 ἐνὸς
2980 2633 3076 2700 τῆς
3107 2631 3269 2701 ἁγίας
3296 2631 3527 2703 Τριάδος
3555 2632 3691 2703 σάρ-

2102 2738 2270 2773 κωσιν
2300 2721 2333 2792 ἠ
2368 2717 2665 2790 Ἐκκλησία
2697 2715 2958 2790 θεολογεῖ,
3009 2721 3275 2793 μηδαμῶς
3305 2719 3563 2791 τετράδος
3595 2722 3689 2789 ὲγο

2101 2812 2365 2883 κληθεῖσα
2388 2810 2805 2884 συναρίθμησιν.
2827 2813 2984 2867 Οὕτω
3009 2808 3275 2884 Κύριλλος
3298 2812 3356 2866 ὲν
3376 2807 3453 2884 τῷ
3475 2808 3691 2884 ἑϐδόμῳ

2102 2898 2245 2973 λόγῳ
2276 2896 2379 2973 τῆς
2410 2903 2469 2953 ὲν
2500 2902 2779 2973 Πνεύματι
2822 2902 3077 2975 λατρείας
3110 2903 3280 2973 λέγει,
3313 2899 3489 2967 οὕτως
3522 2904 3582 2955 ὲν
3608 2902 3689 2973 τῷ

2102 2994 2243 3049 κατὰ
2279 2994 2530 3064 Ἰωάννην
2571 2992 2913 3067 Εὑαγγελίῳ,
2944 2992 3118 3061 οὕτως
3165 2998 3223 3051 ὲν
3251 2994 3329 3067 τῷ
3360 2994 3501 3050 κατὰ
3533 2992 3691 3051 Mas-

2025 3059 2070 3119 Ο
2101 3082 2272 3157 θαῖον,
2306 3089 2401 3142 καὶ
2428 3059 2610 3159 μυρίοι
2634 3059 2805 3143 ἄλλοι.

2170 3174 2454 3252 Λαμπρῶς
2482 3174 2537 3234 δὲ
2571 3181 2666 3235 καὶ
2701 3183 2758 3237 ἐν
2793 3179 3011 3245 πολλοῖς
3045 3178 3213 3234 αὑτοῦ
3256 3180 3439 3250 λόγοις
3469 3181 3500 3235 ό
3529 3198 3690 3252 νικηο

2086 3254 2265 3342 ’φόρος
2294 3268 2564 3342 Κύριλλος
2601 3273 2662 3325 τὸ
2692 3272 2751 3326 ἑν
2787 3271 3003 3343 θεότητι
3033 3271 3236 3326 τέλειον
3268 3273 3362 3327 καὶ
3390 3272 3447 3325 ὲν
3480 3271 3691 3342 ἀνθρω-

2099 3363 2294 3434 πότητι
2325 3362 2419 3416 τοῦ
2465 3363 2705 3435 Χριστοῦ
2731 3363 2940 3418 τέλειον
2972 3364 3339 3435 ἀνακηρύττει
3369 3363 3467 3417 καὶ
3506 3380 3688 3436 παρα-

2097 3448 2407 3527 δίδωσιν.ᾯ
2440 3456 2533 3510 καὶ
2578 3458 2611 3525 ἡ
2661 3455 2792 3524 ἁγία
2842 3456 3144 3527 συνᾴδουσα
3190 3455 3409 3519 σύνοδος
3453 3456 3551 3511 ἕνα
3598 3457 3688 3511 τὸν

2099 3546 2260 3601 αὐτὸν
2294 3546 2502 3618 Ἰησοῦν
2544 3547 2778 3618 Χριστὸν
2823 3544 3095 3617 Κύριοντο
3151 3546 3413 3619 μονογενῆ
3464 3546 3525 3599 ὲν
3569 3545 3690 3599 δυσὶ

2101 3635 2330 3708 φύσεσιν
2383 3637 2706 3709 ἀσυγχύτως
2756 3655 2820 3690 τε
2881 3637 2978 3691 καὶ
3025 3636 3349 3708 ἀδιαιρέτως
3395 3635 3683 3707 ἐκήρυξεν.

2100 3721 2196 3792 Οἷς
2224 3728 2387 3782 πάλιν
2431 3731 2460 3783 ὁ
2495 3729 2638 3798 ἱερὸς
2686 3728 2955 3801 sepone;
2999 3729 3059 3783 ὲν
3108 3731 3176 3800 τῇ
3223 3728 3360 3801 πρὸς
3386 3728 3688 3783 Σούκενσον

2097 3820 2356 3892 ἐπιστολῇ
2406 3820 2818 3892 συμφθέγγεται
2840 3860 2854 3884 ,
2900 3819 3106 3888 λέγων’
3149 3818 3537 3885 Ἐννοοῦντες
3565 3816 3686 3872 τοί-

2098 3928 2233 3978 νυν,
2269 3912 2350 3978 ὡς
2381 3911 2556 3981 ἔφην,
2600 3910 2709 3979 τῆς
2752 3909 3267 3979 ἑνανθρωπήσεως
3300 3909 3407 3963 τὸν
3434 3910 3682 3978 τρόπον,

2079 3996 2329 4069 ’ὁρῶμεν
2361 4000 2451 4054 ὅτι
2479 4000 2589 4055 δύο
2622 4001 2839 4069 φύσεις
2879 4000 3197 4068 συνῆλθον
3227 3998 3527 4067 ἀλλήλαις
3555 4001 3685 4055 καθ’

2097 4091 2318 4146 ἕνωσιν
2361 4092 2784 4147 ἀδιάσπαστον
2829 4093 3208 4162 ἀσυγχύτως,
3265 4091 3571 4161 ἀτρέπτως
3592 4106 3609 4124 ⁶
3642 4091 3681 4161 ἡ

2098 4183 2209 4254 τὰρ
2234 4184 2393 4252 σὰρξ
2422 4183 2580 4252 σάρξ
2607 4184 2739 4239 ἐστι
2765 4183 2865 4238 καὶ
2893 4185 2966 4238 οὐ
2994 4186 3226 4253 θεότης,
3253 4186 3305 4239 el
3335 4183 3433 4238 καὶ
3470 4184 3684 4255 γέγονε

2101 4277 2248 4331 Θεοῦ
2276 4277 2435 4348 σάρξ
2454 4295 2468 4309 ·
2498 4277 2713 4348 ὁμοίως
2742 4277 2812 4331 δὲ
2838 4278 2937 4332 καὶ
2969 4281 3003 4332 ὁ
3028 4278 3219 4349 Λόγος
3249 4278 3393 4345 Θεός
3422 4277 3558 4333 ἐστι
3583 4276 3684 4332 καὶ

421 4374 529 4418 tum
556 4364 790 4433 profecto
820 4367 914 4420 sub
948 4358 1347 4439 intelligentiam
1376 4375 1565 4422 cadere
1599 4370 1785 4436 possit,
1819 4379 1867 4422 et
1893 4371 1989 4423 sub

2100 4369 2169 4425 οὐ
2197 4369 2377 4438 σὰρξ,
2398 4372 2449 4424 sl
2474 4370 2572 4424 καὶ
2610 4369 2769 4424 ἰδίαν
2788 4368 3119 4435 ἐποιήσατο
3151 4371 3267 4438 τὴν
3299 4369 3498 4439 σάρκα
3521 4368 3681 4425 alno-

419 4455 597 4508 oculos
638 4457 859 4523 animm,
887 4474 989 4527 quo
1020 4459 1173 4511 modo
1198 4458 1510 4512 incarnatus
1552 4459 1630 4513 est
1661 4455 1993 4529 Unigenitus,

418 4547 552 4599 duas
598 4557 818 4600 naturas
860 4563 971 4601 esse
1009 4548 1280 4602 dicimus:
1326 4563 1488 4602 unum
1534 4565 1655 4603 vero
1704 4546 1994 4615 Christum,

419 4634 654 4700 Filium,
699 4632 1004 4703 Dominum,
1051 4636 1147 4692 Dei
1182 4630 1405 4692 Verbum
1448 4640 1787 4694 incarnatum
1820 4650 1868 4696 et
1897 4642 1995 4696 lto-

419 4729 611 4780 miuem
640 4726 841 4795 factum
873 4743 892 4783 :
924 4726 992 4783 Et
1020 4728 1073 4783 in
1105 4729 1330 4806 epistola
1361 4731 1427 4785 ad
1462 4729 1765 4786 Orientales
1799 4751 1813 4786 :
1848 4731 1995 4785 Dua-

418 4836 533 4872 rum
559 4829 873 4874 naturarum
898 4816 1022 4876 unio
1067 4823 1211 4892 facta
1232 4831 1332 4890 est,
1372 4823 1489 4877 ideo
1511 4840 1671 4880 unum
1696 4820 1990 4889 Christum,

415 4926 580 4964 unum
627 4903 849 4977 Filium,
900 4928 1063 4965 unum
1118 4912 1400 4967 Dominum
1453 4910 1782 4984 conﬁtemur.
1823 4915 1891 4971 Et
1939 4917 1990 4971 in

386 5001 640 5071 ,epistula
697 5003 762 5055 :ul
812 5005 1067 5058 Acacium
1120 4999 1394 5061 Meliteues
1431 5008 1739 5077 episcopum
1792 5020 1808 5063 :
1860 5007 1992 5062 Cum

416 5094 590 5162 itaque
628 5092 835 5147 curiose
873 5095 1255 5149 incarnationis
1302 5096 1485 5151 modus
1538 5099 1850 5168 inquiritur,
1885 5098 1989 5152 duo

411 5187 655 5253 quwdmn
695 5185 833 5238 inter
860 5202 914 5239 se
940 5184 1277 5254 ineﬁ‘abiliter
1300 5198 1348 5240 et
1383 5190 1494 5243 sine
1542 5189 1867 5257 confusione,
1897 5207 1988 5256 per

416 5276 662 5330 unionem
702 5277 981 5347 conjuncta
1018 5279 1251 5334 humana
1286 5296 1429 5335 mens
1468 5284 1678 5336 omnino
1708 5282 1863 5349 uidet,
1900 5285 1985 5337 in-

414 5381 691 5421 carnatum
736 5385 855 5423 vero
906 5385 1232 5440 nequaquam
1277 5372 1542 5443 intelligit,
1582 5375 1674 5427 sed
1719 5390 1878 5427 unum
1917 5391 1983 5428 ea:

2094 4459 2372 4528 νομικῶς.
2402 4460 2514 4513 Καὶ
2546 4460 2667 4531 μεθ’
2690 4460 2886 4533 ἕτερα·
2924 4462 3161 4516 Οὐκοῦν
3197 4460 3349 4516 ὅσον
3380 4461 3499 4532 μὲν
3530 4456 3680 4533 ἧκεν

2093 4551 2181 4617 εὶς
2207 4551 2450 4605 ἔννοιαν
2490 4551 2591 4607 καί
2625 4554 2714 4620 εἰς
2753 4552 2947 4623 μόνον
2995 4554 3057 4608 τὸ
3089 4552 3238 4623 όρᾷν
3265 4553 3389 4621 τοῖς
3414 4549 3528 4622 τῆς
3559 4556 3679 4623 ψυ-

2092 4644 2210 4713 χῆς
2240 4642 2522 4714 ὄμμασιν,
2552 4640 2625 4699 δν
2653 4646 2875 4714 τρόπον
2904 4645 3372 4715 ἐνηνθρώπησεν
3415 4649 3450 4701 ό
3492 4664 3677 4716 μονο-

2092 4734 2295 4805 γενὴς,
2319 4736 2428 4791 δύο
2464 4738 2572 4804 τὰς
2597 4738 2815 4808 φύσεις
2858 4734 3015 4793 εἶναι
3047 4756 3263 4808 φαμεν,
3302 4739 3411 4794 ἕνα
3436 4740 3508 4793 δὲ
3544 4742 3677 4809 Χρι-

2092 4828 2243 4883 στὸν
2274 4830 2373 4883 καὶ
2417 4828 2554 4884 Υἱὸν
2592 4829 2689 4884 καί
2724 4832 2938 4899 Κύριον
2982 4832 3091 4886 τὸν
3133 4830 3241 4886 τοῦ
3292 4832 3443 4887 Θεοῦ
3481 4835 3678 4903 Λόγον

2091 4912 2643 4989 ἐνανθρωπήσαντα
2686 4921 2787 4975 καὶ
2827 4921 3309 4991 σεσαρκωμένογ.
3358 4923 3469 4978 Καὶ
3518 4923 3578 4976 ἐν
3609 4924 3675 4995 τῇ

2090 5011 2230 5082 πρὸς
2256 5012 2382 5077 τοὺς
2420 5011 2795 5077 Ἀνατολικοὺς
2820 5014 3077 5084 ἐπιστολῇ
3097 5031 3111 5045 ’
3142 5016 3257 5069 Δύο
3289 5014 3398 5086 γὰρ
3428 5016 3675 5084 φύσεων

2088 5098 2305 5170 ἔνωσις
2353 5103 2580 5174 γέγονε,
2607 5103 2699 5157 διὸ
2744 5104 2853 5158 ἕνα
2896 5105 3172 5173 Χριστὸν,
3196 5105 3305 5160 ἕνα
3359 5105 3517 5171 Flor,
3563 5106 3673 5160 ἕνα

2093 5197 2312 5264 Κύριον
2339 5197 2768 5265 ὁμολογοῦμεν.
2800 5198 2909 5251 Καὶ
2936 5198 2994 5251 ἐν
3025 5199 3090 5269 τῇ
3128 5197 3271 5277 πρὸς,
3297 5198 3552 5254 Ἀκάκιον
3580 5196 3673 5251 τδν

2090 5284 2430 5355 Μελιτηνῆςο
2460 5285 2599 5338 Ὅτε
2620 5285 2663 5318 ⁷⁸
2700 5286 2908 5341 τοίνυν
2953 5289 2987 5340 ό
3027 5285 3139 5354 τῆς
3182 5286 3540 5356 σαρκώσεως
3565 5303 3670 5340 πο-

2088 5376 2592 5448 λυπραγμονεῖται
2617 5380 2856 5447 τρόπος,
2896 5378 3007 5434 δύο
3046 5379 3121 5434 τὰ
3156 5380 3456 5451 ἀλλήλοις
3478 5380 3665 5451 ἀπορο

1689 5510 1922 5572 νΑιυΑε
1963 5516 2368 5575 LECTIONES.

392 5624 403 5631 ’
485 5619 533 5654 ”
565 5622 885 5693 παρίστησιῖ
920 5625 1027 5683 into
1052 5627 1376 5696 παριστῶσι.
1455 5628 1498 5661 ⁷⁰
1532 5628 1735 5702 Κύριον
1765 5641 1820 5689 et
1838 5647 1965 5689 mox
1986 5650 2044 5687 τε
2078 5632 2202 5691 add.
2228 5634 2294 5690 A.
2369 5634 2411 5667 '"
2441 5632 2554 5707 ὅτε]
2588 5634 2671 5690 ὅτι
2708 5635 2752 5690 Δ
2787 5635 2952 5691 εὸταν
2975 5652 3036 5700 ς.
