  <div class='ocr_page' id='page_1' title='image "/cluster/home/n/w/nwhite01/storage/ocr_20150623/103 pt.3/mdp.39015061933738/526.png"; bbox 0 0 3964 6246; ppageno 0'>
   <div class='ocr_carea' id='block_1_1' title="bbox 262 242 398 314">
    <p class='ocr_par' dir='ltr' id='par_1_1' title="bbox 262 242 398 314">
     <span class='ocr_line' id='line_1_1' title="bbox 262 242 398 314; baseline -0.015 0"><span class='ocrx_word' id='word_1_1' title='bbox 262 242 398 314; x_wconf 81' lang='grc'><strong>1017</strong></span> 
     </span>
    </p>
   </div>
   <div class='ocr_carea' id='block_1_2' title="bbox 1334 255 2512 324">
    <p class='ocr_par' dir='ltr' id='par_1_2' title="bbox 1334 255 2512 324">
     <span class='ocr_line' id='line_1_2' title="bbox 1334 255 2512 324; baseline 0.007 -7"><span class='ocrx_word' id='word_1_2' title='bbox 1334 255 1862 319; x_wconf 80' lang='lat' dir='ltr'><strong>BIBLI-OTHECA.</strong></span> <span class='ocrx_word' id='word_1_3' title='bbox 1901 285 1971 299; x_wconf 88' lang='grc'><strong>--</strong></span> <span class='ocrx_word' id='word_1_4' title='bbox 2010 261 2170 321; x_wconf 89' lang='lat' dir='ltr'><strong>COD.</strong></span> <span class='ocrx_word' id='word_1_5' title='bbox 2215 255 2512 324; x_wconf 78' lang='lat' dir='ltr'><strong>CCXXIX.</strong></span> 
     </span>
    </p>
   </div>
   <div class='ocr_carea' id='block_1_3' title="bbox 3385 265 3518 333">
    <p class='ocr_par' dir='ltr' id='par_1_3' title="bbox 3385 265 3518 333">
     <span class='ocr_line' id='line_1_3' title="bbox 3385 265 3518 333; baseline 0 -1"><span class='ocrx_word' id='word_1_6' title='bbox 3385 265 3518 333; x_wconf 82' lang='lat'><strong>1018</strong></span> 
     </span>
    </p>
   </div>
   <div class='ocr_carea' id='block_1_4' title="bbox 261 357 1848 444">
    <p class='ocr_par' dir='ltr' id='par_1_4' title="bbox 261 357 1843 433">
     <span class='ocr_line' id='line_1_4' title="bbox 261 357 1843 433; baseline 0.007 -20"><span class='ocrx_word' id='word_1_7' title='bbox 261 360 551 428; x_wconf 74' lang='grc' dir='ltr'>Καξτοιγε</span> <span class='ocrx_word' id='word_1_8' title='bbox 593 357 640 413; x_wconf 73' lang='lat' dir='ltr'><strong>ei</strong></span> <span class='ocrx_word' id='word_1_9' title='bbox 671 359 772 430; x_wconf 74' lang='grc' dir='ltr'>μὲν</span> <span class='ocrx_word' id='word_1_10' title='bbox 808 362 880 433; x_wconf 84' lang='grc' dir='ltr'>μὴ</span> <span class='ocrx_word' id='word_1_11' title='bbox 921 359 1194 433; x_wconf 84' lang='grc' dir='ltr'>προειπὼν</span> <span class='ocrx_word' id='word_1_12' title='bbox 1227 363 1330 417; x_wconf 91' lang='grc' dir='ltr'><strong>τοῦ</strong></span> <span class='ocrx_word' id='word_1_13' title='bbox 1367 365 1508 429; x_wconf 84' lang='grc' dir='ltr'>ἐνὸς</span> <span class='ocrx_word' id='word_1_14' title='bbox 1571 365 1670 420; x_wconf 74' lang='grc' dir='ltr'><strong>καὶ</strong></span> <span class='ocrx_word' id='word_1_15' title='bbox 1738 367 1843 424; x_wconf 88' lang='grc' dir='ltr'><strong>τοῦ</strong></span> 
     </span>
    </p>
   </div>
   <div class='ocr_carea' id='block_1_5' title="bbox 1956 357 3522 444">
    <p class='ocr_par' dir='ltr' id='par_1_5' title="bbox 1956 368 3522 444">
     <span class='ocr_line' id='line_1_5' title="bbox 1956 368 3522 444; baseline 0.008 -23"><span class='ocrx_word' id='word_1_16' title='bbox 1956 368 2171 424; x_wconf 79' lang='lat' dir='ltr'><strong>dixisset</strong></span> <span class='ocrx_word' id='word_1_17' title='bbox 2228 374 2385 426; x_wconf 84' lang='lat' dir='ltr'><strong>unius</strong></span> <span class='ocrx_word' id='word_1_18' title='bbox 2419 384 2470 427; x_wconf 88' lang='lat' dir='ltr'><strong>et</strong></span> <span class='ocrx_word' id='word_1_19' title='bbox 2531 375 2786 444; x_wconf 83' lang='lat' dir='ltr'><strong>ejusdem,</strong></span> <span class='ocrx_word' id='word_1_20' title='bbox 2825 376 2934 431; x_wconf 90' lang='lat' dir='ltr'><strong>cito</strong></span> <span class='ocrx_word' id='word_1_21' title='bbox 2980 376 3249 432; x_wconf 58' lang='lat' dir='ltr'><strong>haereticis</strong></span> <span class='ocrx_word' id='word_1_22' title='bbox 3287 379 3522 434; x_wconf 84' lang='lat' dir='ltr'><strong>occasio-</strong></span> 
     </span>
    </p>
   </div>
   <div class='ocr_carea' id='block_1_6' title="bbox 259 447 1842 525">
    <p class='ocr_par' dir='ltr' id='par_1_6' title="bbox 259 447 1842 525">
     <span class='ocr_line' id='line_1_6' title="bbox 259 447 1842 525; baseline 0.006 -25"><span class='ocrx_word' id='word_1_23' title='bbox 259 447 469 512; x_wconf 71' lang='grc' dir='ltr'>αὐτοῦ,</span> <span class='ocrx_word' id='word_1_24' title='bbox 495 451 636 519; x_wconf 83' lang='grc' dir='ltr'><strong>τάχα</strong></span> <span class='ocrx_word' id='word_1_25' title='bbox 659 451 729 504; x_wconf 81' lang='grc' dir='ltr'><strong>ἂν</strong></span> <span class='ocrx_word' id='word_1_26' title='bbox 763 455 870 514; x_wconf 80' lang='grc' dir='ltr'>τοῖς</span> <span class='ocrx_word' id='word_1_27' title='bbox 897 451 1105 522; x_wconf 73' lang='grc' dir='ltr'>ἄφροσι</span> <span class='ocrx_word' id='word_1_28' title='bbox 1134 455 1358 524; x_wconf 82' lang='grc' dir='ltr'>παρεῖχε</span> <span class='ocrx_word' id='word_1_29' title='bbox 1390 455 1559 525; x_wconf 76' lang='grc' dir='ltr'>λαϐῆς</span> <span class='ocrx_word' id='word_1_30' title='bbox 1584 457 1842 510; x_wconf 84' lang='grc' dir='ltr'>ὑπόνοιαν</span> 
     </span>
    </p>
   </div>
   <div class='ocr_carea' id='block_1_7' title="bbox 262 542 1843 619">
    <p class='ocr_par' dir='ltr' id='par_1_7' title="bbox 262 542 1843 619">
     <span class='ocr_line' id='line_1_7' title="bbox 262 542 1843 619; baseline 0.006 -27"><span class='ocrx_word' id='word_1_31' title='bbox 262 542 336 603; x_wconf 82' lang='grc' dir='ltr'>ὡς</span> <span class='ocrx_word' id='word_1_32' title='bbox 367 543 469 595; x_wconf 70' lang='grc' dir='ltr'><strong>ἀνὰ</strong></span> <span class='ocrx_word' id='word_1_33' title='bbox 526 543 687 613; x_wconf 81' lang='grc' dir='ltr'><strong>μέρος</strong></span> <span class='ocrx_word' id='word_1_34' title='bbox 739 543 916 614; x_wconf 84' lang='grc' dir='ltr'>τίθησι</span> <span class='ocrx_word' id='word_1_35' title='bbox 951 547 1050 615; x_wconf 86' lang='grc' dir='ltr'><strong>τὴν</strong></span> <span class='ocrx_word' id='word_1_36' title='bbox 1077 546 1251 615; x_wconf 82' lang='grc' dir='ltr'>σάρκα</span> <span class='ocrx_word' id='word_1_37' title='bbox 1271 547 1362 600; x_wconf 80' lang='grc' dir='ltr'><strong>καὶ</strong></span> <span class='ocrx_word' id='word_1_38' title='bbox 1387 549 1486 616; x_wconf 85' lang='grc' dir='ltr'>τὴν</span> <span class='ocrx_word' id='word_1_39' title='bbox 1514 549 1767 619; x_wconf 77' lang='grc' dir='ltr'>θεότητα,</span> <span class='ocrx_word' id='word_1_40' title='bbox 1793 551 1843 602; x_wconf 91' lang='grc' dir='ltr'>εἰ</span> 
     </span>
    </p>
   </div>
   <div class='ocr_carea' id='block_1_8' title="bbox 262 632 1844 706">
    <p class='ocr_par' dir='ltr' id='par_1_8' title="bbox 262 632 1844 706">
     <span class='ocr_line' id='line_1_8' title="bbox 262 632 1844 706; baseline 0.006 -23"><span class='ocrx_word' id='word_1_41' title='bbox 262 632 355 684; x_wconf 77' lang='grc' dir='ltr'>καὶ</span> <span class='ocrx_word' id='word_1_42' title='bbox 417 633 551 700; x_wconf 78' lang='grc' dir='ltr'>μηδὲ</span> <span class='ocrx_word' id='word_1_43' title='bbox 579 632 737 684; x_wconf 79' lang='grc' dir='ltr'>τοῦτο</span> <span class='ocrx_word' id='word_1_44' title='bbox 765 634 797 704; x_wconf 85' lang='grc' dir='ltr'><strong>ή</strong></span> <span class='ocrx_word' id='word_1_45' title='bbox 824 634 968 700; x_wconf 80' lang='grc' dir='ltr'><strong>λέξις</strong></span> <span class='ocrx_word' id='word_1_46' title='bbox 1027 636 1163 704; x_wconf 80' lang='grc' dir='ltr'>μηδέ</span> <span class='ocrx_word' id='word_1_47' title='bbox 1197 637 1316 689; x_wconf 85' lang='grc' dir='ltr'>τότε</span> <span class='ocrx_word' id='word_1_48' title='bbox 1371 637 1558 706; x_wconf 78' lang='grc' dir='ltr'><strong>ἐδήλου</strong></span> <span class='ocrx_word' id='word_1_49' title='bbox 1583 656 1596 668; x_wconf 85' lang='grc'><strong>·</strong></span> <span class='ocrx_word' id='word_1_50' title='bbox 1627 639 1750 692; x_wconf 79' lang='grc' dir='ltr'>ἐπεὶ</span> <span class='ocrx_word' id='word_1_51' title='bbox 1786 639 1844 692; x_wconf 79' lang='grc' dir='ltr'><strong>δὲ</strong></span> 
     </span>
    </p>
   </div>
   <div class='ocr_carea' id='block_1_9' title="bbox 263 719 1845 796">
    <p class='ocr_par' dir='ltr' id='par_1_9' title="bbox 263 719 1845 796">
     <span class='ocr_line' id='line_1_9' title="bbox 263 719 1845 796; baseline 0.008 -26"><span class='ocrx_word' id='word_1_52' title='bbox 263 719 566 789; x_wconf 78' lang='grc' dir='ltr'>προειπὼν,</span> <span class='ocrx_word' id='word_1_53' title='bbox 601 719 719 775; x_wconf 85' lang='grc' dir='ltr'><strong>Τοῦ</strong></span> <span class='ocrx_word' id='word_1_54' title='bbox 737 722 876 787; x_wconf 81' lang='grc' dir='ltr'>ἐνὸς</span> <span class='ocrx_word' id='word_1_55' title='bbox 898 723 996 776; x_wconf 76' lang='grc' dir='ltr'><strong>καὶ</strong></span> <span class='ocrx_word' id='word_1_56' title='bbox 1029 725 1139 778; x_wconf 83' lang='grc' dir='ltr'><strong>τοῦ</strong></span> <span class='ocrx_word' id='word_1_57' title='bbox 1159 726 1369 793; x_wconf 82' lang='grc' dir='ltr'>αὐτοῦ,</span> <span class='ocrx_word' id='word_1_58' title='bbox 1389 729 1660 796; x_wconf 84' lang='grc' dir='ltr'>ἐπήγαγε,</span> <span class='ocrx_word' id='word_1_59' title='bbox 1692 731 1760 783; x_wconf 84' lang='grc' dir='ltr'>τό</span> <span class='ocrx_word' id='word_1_60' title='bbox 1781 745 1845 783; x_wconf 85' lang='grc' dir='ltr'><strong>τε</strong></span> 
     </span>
    </p>
   </div>
   <div class='ocr_carea' id='block_1_10' title="bbox 262 811 1842 886">
    <p class='ocr_par' dir='ltr' id='par_1_10' title="bbox 262 811 1842 886">
     <span class='ocr_line' id='line_1_10' title="bbox 262 811 1842 886; baseline 0.006 -23"><span class='ocrx_word' id='word_1_61' title='bbox 262 811 550 864; x_wconf 72' lang='grc' dir='ltr'>ταπεινὸν</span> <span class='ocrx_word' id='word_1_62' title='bbox 566 811 677 880; x_wconf 82' lang='grc' dir='ltr'>τῆς</span> <span class='ocrx_word' id='word_1_63' title='bbox 696 815 921 881; x_wconf 74' lang='grc' dir='ltr'>σαρκὸς</span> <span class='ocrx_word' id='word_1_64' title='bbox 939 815 1036 867; x_wconf 81' lang='grc' dir='ltr'><strong>καὶ</strong></span> <span class='ocrx_word' id='word_1_65' title='bbox 1065 816 1132 868; x_wconf 84' lang='grc' dir='ltr'>τὸ</span> <span class='ocrx_word' id='word_1_66' title='bbox 1147 815 1395 884; x_wconf 74' lang='grc' dir='ltr'>μέγεθος</span> <span class='ocrx_word' id='word_1_67' title='bbox 1410 817 1520 884; x_wconf 80' lang='grc' dir='ltr'>τῆς</span> <span class='ocrx_word' id='word_1_68' title='bbox 1542 819 1842 886; x_wconf 81' lang='grc' dir='ltr'><strong>θεότητος,</strong></span> 
     </span>
    </p>
   </div>
   <div class='ocr_carea' id='block_1_11' title="bbox 262 902 1845 978">
    <p class='ocr_par' dir='ltr' id='par_1_11' title="bbox 262 902 1845 978">
     <span class='ocr_line' id='line_1_11' title="bbox 262 902 1845 978; baseline 0.007 -25"><span class='ocrx_word' id='word_1_69' title='bbox 262 902 379 963; x_wconf 81' lang='grc' dir='ltr'><strong>πῶς</strong></span> <span class='ocrx_word' id='word_1_70' title='bbox 407 903 507 954; x_wconf 77' lang='grc' dir='ltr'>οὐκ</span> <span class='ocrx_word' id='word_1_71' title='bbox 551 903 787 972; x_wconf 84' lang='grc' dir='ltr'>ἐσχάτης</span> <span class='ocrx_word' id='word_1_72' title='bbox 839 905 956 958; x_wconf 80' lang='grc' dir='ltr'>ἐστὶ</span> <span class='ocrx_word' id='word_1_73' title='bbox 985 906 1180 974; x_wconf 84' lang='grc' dir='ltr'>μανίας</span> <span class='ocrx_word' id='word_1_74' title='bbox 1203 909 1260 957; x_wconf 86' lang='grc' dir='ltr'><strong>ἐν</strong></span> <span class='ocrx_word' id='word_1_75' title='bbox 1287 908 1492 971; x_wconf 75' lang='grc' dir='ltr'><strong>αἰτίαις</strong></span> <span class='ocrx_word' id='word_1_76' title='bbox 1539 912 1712 978; x_wconf 74' lang='grc' dir='ltr'>ποιεῖν</span> <span class='ocrx_word' id='word_1_77' title='bbox 1754 911 1845 964; x_wconf 88' lang='grc' dir='ltr'><strong>τὸν</strong></span> 
     </span>
    </p>
   </div>
   <div class='ocr_carea' id='block_1_12' title="bbox 260 994 1847 1074">
    <p class='ocr_par' dir='ltr' id='par_1_12' title="bbox 260 994 1847 1074">
     <span class='ocr_line' id='line_1_12' title="bbox 260 994 1847 1074; baseline 0.008 -29"><span class='ocrx_word' id='word_1_78' title='bbox 260 994 549 1056; x_wconf 77' lang='grc' dir='ltr'>ἀναίτιονς</span> <span class='ocrx_word' id='word_1_79' title='bbox 610 996 778 1048; x_wconf 85' lang='grc' dir='ltr'>ὄτιδὲ</span> <span class='ocrx_word' id='word_1_80' title='bbox 821 996 916 1049; x_wconf 71' lang='grc' dir='ltr'>καὶ</span> <span class='ocrx_word' id='word_1_81' title='bbox 971 997 1082 1051; x_wconf 78' lang='grc' dir='ltr'>τῶν</span> <span class='ocrx_word' id='word_1_82' title='bbox 1151 999 1312 1070; x_wconf 80' lang='grc' dir='ltr'>ιερῶν</span> <span class='ocrx_word' id='word_1_83' title='bbox 1369 1001 1526 1071; x_wconf 80' lang='grc' dir='ltr'>ἡμῶν</span> <span class='ocrx_word' id='word_1_84' title='bbox 1586 1004 1847 1074; x_wconf 85' lang='grc' dir='ltr'>Πατέρων</span> 
     </span>
    </p>
   </div>
   <div class='ocr_carea' id='block_1_13' title="bbox 261 1084 1845 1164">
    <p class='ocr_par' dir='ltr' id='par_1_13' title="bbox 261 1084 1845 1164">
     <span class='ocr_line' id='line_1_13' title="bbox 261 1084 1845 1164; baseline 0.009 -29"><span class='ocrx_word' id='word_1_85' title='bbox 261 1084 422 1154; x_wconf 78' lang='grc' dir='ltr'>γέμει</span> <span class='ocrx_word' id='word_1_86' title='bbox 456 1085 524 1138; x_wconf 69' lang='grc' dir='ltr'>τὰ</span> <span class='ocrx_word' id='word_1_87' title='bbox 578 1087 882 1158; x_wconf 84' lang='grc' dir='ltr'>γράμματα</span> <span class='ocrx_word' id='word_1_88' title='bbox 926 1088 1027 1152; x_wconf 77' lang='grc' dir='ltr'><strong>τὰς</strong></span> <span class='ocrx_word' id='word_1_89' title='bbox 1055 1091 1313 1154; x_wconf 83' lang='grc' dir='ltr'><strong>τοιαύτας</strong></span> <span class='ocrx_word' id='word_1_90' title='bbox 1353 1093 1556 1160; x_wconf 73' lang='grc' dir='ltr'>φωνὰς,</span> <span class='ocrx_word' id='word_1_91' title='bbox 1593 1096 1845 1164; x_wconf 83' lang='grc' dir='ltr'>περιττὸν</span> 
     </span>
    </p>
   </div>
   <div class='ocr_carea' id='block_1_14' title="bbox 262 1169 1848 1253">
    <p class='ocr_par' dir='ltr' id='par_1_14' title="bbox 262 1169 1848 1253">
     <span class='ocr_line' id='line_1_14' title="bbox 262 1169 1848 1253; baseline 0.01 -28"><span class='ocrx_word' id='word_1_92' title='bbox 262 1169 416 1244; x_wconf 76' lang='grc' dir='ltr'>οἶμαι</span> <span class='ocrx_word' id='word_1_93' title='bbox 437 1177 792 1244; x_wconf 84' lang='grc' dir='ltr'><strong>παριστάνειν</strong></span> <span class='ocrx_word' id='word_1_94' title='bbox 816 1180 881 1249; x_wconf 80' lang='grc' dir='ltr'>τῇ</span> <span class='ocrx_word' id='word_1_95' title='bbox 911 1180 1334 1248; x_wconf 73' lang='grc' dir='ltr'>παραθέσειτῶν</span> <span class='ocrx_word' id='word_1_96' title='bbox 1351 1186 1598 1253; x_wconf 82' lang='grc' dir='ltr'><strong>χρήσεων</strong></span> <span class='ocrx_word' id='word_1_97' title='bbox 1612 1185 1680 1240; x_wconf 77' lang='grc'><strong>⁸⁸.</strong></span> <span class='ocrx_word' id='word_1_98' title='bbox 1710 1189 1848 1241; x_wconf 86' lang='grc' dir='ltr'>Καί-</span> 
     </span>
    </p>
   </div>
   <div class='ocr_carea' id='block_1_15' title="bbox 262 1269 1845 1348">
    <p class='ocr_par' dir='ltr' id='par_1_15' title="bbox 262 1269 1845 1348">
     <span class='ocr_line' id='line_1_15' title="bbox 262 1269 1845 1348; baseline 0.009 -30"><span class='ocrx_word' id='word_1_99' title='bbox 262 1283 344 1318; x_wconf 88' lang='grc' dir='ltr'><strong>τοι</strong></span> <span class='ocrx_word' id='word_1_100' title='bbox 374 1269 466 1320; x_wconf 78' lang='grc' dir='ltr'>καὶ</span> <span class='ocrx_word' id='word_1_101' title='bbox 500 1269 552 1320; x_wconf 81' lang='grc' dir='ltr'>εἴ</span> <span class='ocrx_word' id='word_1_102' title='bbox 577 1286 628 1321; x_wconf 88' lang='grc' dir='ltr'><strong>τι</strong></span> <span class='ocrx_word' id='word_1_103' title='bbox 657 1270 899 1324; x_wconf 82' lang='grc' dir='ltr'>τοιοῦτον</span> <span class='ocrx_word' id='word_1_104' title='bbox 932 1271 1238 1327; x_wconf 81' lang='grc' dir='ltr'>ὑπονοείται</span> <span class='ocrx_word' id='word_1_105' title='bbox 1293 1278 1406 1338; x_wconf 86' lang='grc' dir='ltr'>τοῖς</span> <span class='ocrx_word' id='word_1_106' title='bbox 1430 1277 1524 1329; x_wconf 77' lang='grc' dir='ltr'><strong>τοῦ</strong></span> <span class='ocrx_word' id='word_1_107' title='bbox 1571 1278 1845 1348; x_wconf 80' lang='grc' dir='ltr'>μακαρίου</span> 
     </span>
    </p>
   </div>
   <div class='ocr_carea' id='block_1_16' title="bbox 262 1355 1847 1436">
    <p class='ocr_par' dir='ltr' id='par_1_16' title="bbox 262 1355 1847 1436">
     <span class='ocr_line' id='line_1_16' title="bbox 262 1355 1847 1436; baseline 0.007 -28"><span class='ocrx_word' id='word_1_108' title='bbox 262 1355 492 1420; x_wconf 83' lang='grc' dir='ltr'>Λέοντος</span> <span class='ocrx_word' id='word_1_109' title='bbox 521 1356 644 1430; x_wconf 58' lang='grc'><strong>[451</strong></span> <span class='ocrx_word' id='word_1_110' title='bbox 671 1357 765 1430; x_wconf 88' lang='lat' dir='ltr'><strong>H.]</strong></span> <span class='ocrx_word' id='word_1_111' title='bbox 791 1362 1053 1430; x_wconf 79' lang='grc' dir='ltr'>ῥήμασιν,</span> <span class='ocrx_word' id='word_1_112' title='bbox 1081 1362 1250 1434; x_wconf 82' lang='grc' dir='ltr'>ἐχρῆν</span> <span class='ocrx_word' id='word_1_113' title='bbox 1289 1363 1430 1416; x_wconf 73' lang='grc' dir='ltr'>κατὰ</span> <span class='ocrx_word' id='word_1_114' title='bbox 1451 1365 1550 1418; x_wconf 73' lang='grc' dir='ltr'>’τὸν</span> <span class='ocrx_word' id='word_1_115' title='bbox 1583 1369 1642 1420; x_wconf 84' lang='grc' dir='ltr'><strong>ἐν</strong></span> <span class='ocrx_word' id='word_1_116' title='bbox 1672 1368 1847 1436; x_wconf 83' lang='grc' dir='ltr'>ἁγίοις</span> 
     </span>
    </p>
   </div>
   <div class='ocr_carea' id='block_1_17' title="bbox 264 1447 1846 1529">
    <p class='ocr_par' dir='ltr' id='par_1_17' title="bbox 264 1447 1846 1529">
     <span class='ocr_line' id='line_1_17' title="bbox 264 1447 1846 1529; baseline 0.009 -31"><span class='ocrx_word' id='word_1_117' title='bbox 264 1447 568 1520; x_wconf 84' lang='grc' dir='ltr'>Γρηγόριον</span> <span class='ocrx_word' id='word_1_118' title='bbox 593 1449 654 1502; x_wconf 86' lang='grc' dir='ltr'>τὸ</span> <span class='ocrx_word' id='word_1_119' title='bbox 682 1451 981 1518; x_wconf 78' lang='grc' dir='ltr'>ἀμφίϐολον</span> <span class='ocrx_word' id='word_1_120' title='bbox 1015 1453 1152 1522; x_wconf 80' lang='grc' dir='ltr'>πρὸς</span> <span class='ocrx_word' id='word_1_121' title='bbox 1183 1454 1244 1506; x_wconf 86' lang='grc' dir='ltr'><strong>τὸ</strong></span> <span class='ocrx_word' id='word_1_122' title='bbox 1271 1454 1658 1529; x_wconf 79' lang='grc' dir='ltr'>εὐσεϐέστερον</span> <span class='ocrx_word' id='word_1_123' title='bbox 1688 1460 1846 1512; x_wconf 80' lang='grc' dir='ltr'>εὐλα-</span> 
     </span>
    </p>
   </div>
   <div class='ocr_carea' id='block_1_18' title="bbox 1945 462 3522 538">
    <p class='ocr_par' dir='ltr' id='par_1_18' title="bbox 1945 462 3522 538">
     <span class='ocr_line' id='line_1_18' title="bbox 1945 462 3522 538; baseline 0.008 -27"><span class='ocrx_word' id='word_1_124' title='bbox 1945 473 2068 513; x_wconf 85' lang='lat' dir='ltr'><strong>nem</strong></span> <span class='ocrx_word' id='word_1_125' title='bbox 2107 462 2376 518; x_wconf 79' lang='lat' dir='ltr'><strong>haereseos</strong></span> <span class='ocrx_word' id='word_1_126' title='bbox 2397 466 2656 533; x_wconf 83' lang='lat' dir='ltr'><strong>dedisset,</strong></span> <span class='ocrx_word' id='word_1_127' title='bbox 2682 470 2824 538; x_wconf 86' lang='lat' dir='ltr'><strong>quod</strong></span> <span class='ocrx_word' id='word_1_128' title='bbox 2851 469 2965 537; x_wconf 85' lang='lat' dir='ltr'><strong>ipse</strong></span> <span class='ocrx_word' id='word_1_129' title='bbox 2983 469 3196 523; x_wconf 79' lang='lat' dir='ltr'><strong>divisim</strong></span> <span class='ocrx_word' id='word_1_130' title='bbox 3220 479 3382 538; x_wconf 86' lang='lat' dir='ltr'><strong>ponat</strong></span> <span class='ocrx_word' id='word_1_131' title='bbox 3409 484 3522 524; x_wconf 87' lang='lat' dir='ltr'><strong>car-</strong></span> 
     </span>
    </p>
   </div>
   <div class='ocr_carea' id='block_1_19' title="bbox 1947 552 3523 630">
    <p class='ocr_par' dir='ltr' id='par_1_19' title="bbox 1947 552 3523 630">
     <span class='ocr_line' id='line_1_19' title="bbox 1947 552 3523 630; baseline 0.009 -29"><span class='ocrx_word' id='word_1_132' title='bbox 1947 563 2071 603; x_wconf 87' lang='lat' dir='ltr'><strong>nem</strong></span> <span class='ocrx_word' id='word_1_133' title='bbox 2096 561 2150 605; x_wconf 89' lang='lat' dir='ltr'><strong>et</strong></span> <span class='ocrx_word' id='word_1_134' title='bbox 2181 552 2542 610; x_wconf 76' lang='lat' dir='ltr'><strong>divinitatem.</strong></span> <span class='ocrx_word' id='word_1_135' title='bbox 2574 557 2687 612; x_wconf 84' lang='lat' dir='ltr'><strong>Etsi</strong></span> <span class='ocrx_word' id='word_1_136' title='bbox 2733 575 2834 612; x_wconf 83' lang='lat' dir='ltr'><strong>vox</strong></span> <span class='ocrx_word' id='word_1_137' title='bbox 2873 560 2974 613; x_wconf 91' lang='lat' dir='ltr'><strong>hoc</strong></span> <span class='ocrx_word' id='word_1_138' title='bbox 3003 568 3131 612; x_wconf 85' lang='lat' dir='ltr'><strong>ttmc</strong></span> <span class='ocrx_word' id='word_1_139' title='bbox 3164 575 3270 613; x_wconf 87' lang='lat' dir='ltr'><strong>non</strong></span> <span class='ocrx_word' id='word_1_140' title='bbox 3315 560 3523 630; x_wconf 73' lang='lat' dir='ltr'><strong>signiﬁ-</strong></span> 
     </span>
    </p>
   </div>
   <div class='ocr_carea' id='block_1_20' title="bbox 1946 641 3520 718">
    <p class='ocr_par' dir='ltr' id='par_1_20' title="bbox 1946 641 3520 718">
     <span class='ocr_line' id='line_1_20' title="bbox 1946 641 3520 718; baseline 0.005 -25"><span class='ocrx_word' id='word_1_141' title='bbox 1946 641 2126 695; x_wconf 87' lang='lat' dir='ltr'><strong>cabat.</strong></span> <span class='ocrx_word' id='word_1_142' title='bbox 2173 642 2402 709; x_wconf 82' lang='lat' dir='ltr'><strong>Quando</strong></span> <span class='ocrx_word' id='word_1_143' title='bbox 2451 662 2581 700; x_wconf 82' lang='lat' dir='ltr'><strong>vero</strong></span> <span class='ocrx_word' id='word_1_144' title='bbox 2629 649 2762 701; x_wconf 84' lang='lat' dir='ltr'><strong>dixit</strong></span> <span class='ocrx_word' id='word_1_145' title='bbox 2821 649 2974 702; x_wconf 89' lang='lat' dir='ltr'><strong>unius</strong></span> <span class='ocrx_word' id='word_1_146' title='bbox 3028 652 3078 702; x_wconf 89' lang='lat' dir='ltr'><strong>et</strong></span> <span class='ocrx_word' id='word_1_147' title='bbox 3116 649 3375 718; x_wconf 75' lang='lat' dir='ltr'><strong>ejusdem,</strong></span> <span class='ocrx_word' id='word_1_148' title='bbox 3422 653 3520 703; x_wconf 82' lang='lat' dir='ltr'><strong>ad-</strong></span> 
     </span>
    </p>
   </div>
   <div class='ocr_carea' id='block_1_21' title="bbox 1941 731 3519 810">
    <p class='ocr_par' dir='ltr' id='par_1_21' title="bbox 1941 731 3519 810">
     <span class='ocr_line' id='line_1_21' title="bbox 1941 731 3519 810; baseline 0.007 -26"><span class='ocrx_word' id='word_1_149' title='bbox 1941 731 2143 797; x_wconf 75' lang='lat' dir='ltr'><strong>junxit,</strong></span> <span class='ocrx_word' id='word_1_150' title='bbox 2165 733 2440 790; x_wconf 77' lang='lat' dir='ltr'><strong>humilitas</strong></span> <span class='ocrx_word' id='word_1_151' title='bbox 2473 741 2647 792; x_wconf 87' lang='lat' dir='ltr'><strong>carnis</strong></span> <span class='ocrx_word' id='word_1_152' title='bbox 2665 740 2864 810; x_wconf 65' lang='lat' dir='ltr'><strong>264a</strong></span> <span class='ocrx_word' id='word_1_153' title='bbox 2883 752 2930 794; x_wconf 85' lang='lat' dir='ltr'><strong>et</strong></span> <span class='ocrx_word' id='word_1_154' title='bbox 2947 741 3255 810; x_wconf 80' lang='lat' dir='ltr'><strong>magnitudo</strong></span> <span class='ocrx_word' id='word_1_155' title='bbox 3272 743 3519 795; x_wconf 81' lang='lat' dir='ltr'><strong>diuinita-</strong></span> 
     </span>
    </p>
   </div>
   <div class='ocr_carea' id='block_1_22' title="bbox 1949 824 3520 889">
    <p class='ocr_par' dir='ltr' id='par_1_22' title="bbox 1949 824 3520 889">
     <span class='ocr_line' id='line_1_22' title="bbox 1949 824 3520 889; baseline 0.008 -13"><span class='ocrx_word' id='word_1_156' title='bbox 1949 824 2038 881; x_wconf 93' lang='lat' dir='ltr'><strong>tis.</strong></span> <span class='ocrx_word' id='word_1_157' title='bbox 2066 824 2350 889; x_wconf 81' lang='lat' dir='ltr'><strong>Quomodo</strong></span> <span class='ocrx_word' id='word_1_158' title='bbox 2375 846 2481 884; x_wconf 89' lang='lat' dir='ltr'><strong>non</strong></span> <span class='ocrx_word' id='word_1_159' title='bbox 2517 832 2717 886; x_wconf 76' lang='lat' dir='ltr'><strong>ultima:</strong></span> <span class='ocrx_word' id='word_1_160' title='bbox 2740 834 3105 888; x_wconf 74' lang='lat' dir='ltr'><strong>sitdementire</strong></span> <span class='ocrx_word' id='word_1_161' title='bbox 3136 835 3411 888; x_wconf 76' lang='lat' dir='ltr'><strong>innoxium</strong></span> <span class='ocrx_word' id='word_1_162' title='bbox 3427 850 3520 888; x_wconf 88' lang='lat' dir='ltr'><strong>ac-</strong></span> 
     </span>
    </p>
   </div>
   <div class='ocr_carea' id='block_1_23' title="bbox 1946 919 3523 983">
    <p class='ocr_par' dir='ltr' id='par_1_23' title="bbox 1946 919 3523 983">
     <span class='ocr_line' id='line_1_23' title="bbox 1946 919 3523 983; baseline 0.006 -17"><span class='ocrx_word' id='word_1_163' title='bbox 1946 929 2162 972; x_wconf 85' lang='lat' dir='ltr'><strong>cusare.</strong></span> <span class='ocrx_word' id='word_1_164' title='bbox 2218 919 2351 983; x_wconf 83' lang='lat' dir='ltr'><strong>Quia</strong></span> <span class='ocrx_word' id='word_1_165' title='bbox 2388 933 2700 976; x_wconf 89' lang='lat' dir='ltr'><strong>sanctorum</strong></span> <span class='ocrx_word' id='word_1_166' title='bbox 2736 921 2956 976; x_wconf 84' lang='lat' dir='ltr'><strong>Patrum</strong></span> <span class='ocrx_word' id='word_1_167' title='bbox 3011 923 3134 978; x_wconf 89' lang='lat' dir='ltr'><strong>libri</strong></span> <span class='ocrx_word' id='word_1_168' title='bbox 3181 926 3266 979; x_wconf 88' lang='lat' dir='ltr'><strong>his</strong></span> <span class='ocrx_word' id='word_1_169' title='bbox 3303 925 3523 979; x_wconf 83' lang='lat' dir='ltr'><strong>vocibus</strong></span> 
     </span>
    </p>
   </div>
   <div class='ocr_carea' id='block_1_24' title="bbox 1948 1013 3514 1084">
    <p class='ocr_par' dir='ltr' id='par_1_24' title="bbox 1948 1013 3514 1084">
     <span class='ocr_line' id='line_1_24' title="bbox 1948 1013 3514 1084; baseline 0.004 -26"><span class='ocrx_word' id='word_1_170' title='bbox 1948 1015 2181 1072; x_wconf 87' lang='lat' dir='ltr'><strong>scatent,</strong></span> <span class='ocrx_word' id='word_1_171' title='bbox 2240 1025 2701 1080; x_wconf 78' lang='lat' dir='ltr'><strong>supervacaneum</strong></span> <span class='ocrx_word' id='word_1_172' title='bbox 2757 1015 3013 1070; x_wconf 74' lang='lat' dir='ltr'><strong>existimo</strong></span> <span class='ocrx_word' id='word_1_173' title='bbox 3061 1013 3258 1070; x_wconf 77' lang='lat' dir='ltr'><strong>aﬂ‘erre</strong></span> <span class='ocrx_word' id='word_1_174' title='bbox 3305 1017 3514 1084; x_wconf 87' lang='lat' dir='ltr'><strong>copiam</strong></span> 
     </span>
    </p>
   </div>
   <div class='ocr_carea' id='block_1_25' title="bbox 1947 1099 3519 1172">
    <p class='ocr_par' dir='ltr' id='par_1_25' title="bbox 1947 1099 3519 1172">
     <span class='ocr_line' id='line_1_25' title="bbox 1947 1099 3519 1172; baseline 0.007 -23"><span class='ocrx_word' id='word_1_175' title='bbox 1947 1099 2349 1167; x_wconf 84' lang='lat' dir='ltr'><strong>exemplorum,</strong></span> <span class='ocrx_word' id='word_1_176' title='bbox 2377 1112 2431 1155; x_wconf 87' lang='lat' dir='ltr'><strong>et</strong></span> <span class='ocrx_word' id='word_1_177' title='bbox 2459 1106 2503 1157; x_wconf 90' lang='lat' dir='ltr'><strong>si</strong></span> <span class='ocrx_word' id='word_1_178' title='bbox 2551 1105 2680 1172; x_wconf 87' lang='lat' dir='ltr'><strong>quid</strong></span> <span class='ocrx_word' id='word_1_179' title='bbox 2730 1105 2910 1160; x_wconf 89' lang='lat' dir='ltr'><strong>simile</strong></span> <span class='ocrx_word' id='word_1_180' title='bbox 2954 1107 3004 1159; x_wconf 92' lang='lat' dir='ltr'><strong>in</strong></span> <span class='ocrx_word' id='word_1_181' title='bbox 3042 1107 3123 1160; x_wconf 85' lang='lat' dir='ltr'><strong>his</strong></span> <span class='ocrx_word' id='word_1_182' title='bbox 3159 1107 3338 1161; x_wconf 78' lang='lat' dir='ltr'><strong>verbis</strong></span> <span class='ocrx_word' id='word_1_183' title='bbox 3379 1107 3519 1161; x_wconf 81' lang='lat' dir='ltr'><strong>beati</strong></span> 
     </span>
    </p>
   </div>
   <div class='ocr_carea' id='block_1_26' title="bbox 1948 1185 3522 1268">
    <p class='ocr_par' dir='ltr' id='par_1_26' title="bbox 1948 1185 3522 1268">
     <span class='ocr_line' id='line_1_26' title="bbox 1948 1185 3522 1268; baseline 0.005 -28"><span class='ocrx_word' id='word_1_184' title='bbox 1948 1185 2149 1243; x_wconf 81' lang='lat' dir='ltr'><strong>Leonis</strong></span> <span class='ocrx_word' id='word_1_185' title='bbox 2193 1190 2536 1262; x_wconf 78' lang='lat' dir='ltr'><strong>intelligitur,</strong></span> <span class='ocrx_word' id='word_1_186' title='bbox 2567 1197 2822 1262; x_wconf 85' lang='lat' dir='ltr'><strong>oportuit,</strong></span> <span class='ocrx_word' id='word_1_187' title='bbox 2855 1199 3150 1252; x_wconf 89' lang='lat' dir='ltr'><strong>secundum</strong></span> <span class='ocrx_word' id='word_1_188' title='bbox 3178 1198 3522 1268; x_wconf 78' lang='lat' dir='ltr'><strong>Gregorium,</strong></span> 
     </span>
    </p>
   </div>
   <div class='ocr_carea' id='block_1_27' title="bbox 1955 1280 3524 1352">
    <p class='ocr_par' dir='ltr' id='par_1_27' title="bbox 1955 1280 3524 1352">
     <span class='ocr_line' id='line_1_27' title="bbox 1955 1280 3524 1352; baseline 0.005 -18"><span class='ocrx_word' id='word_1_189' title='bbox 1955 1280 2178 1334; x_wconf 88' lang='lat' dir='ltr'><strong>dubium</strong></span> <span class='ocrx_word' id='word_1_190' title='bbox 2206 1284 2272 1337; x_wconf 91' lang='lat' dir='ltr'><strong>ad</strong></span> <span class='ocrx_word' id='word_1_191' title='bbox 2295 1285 2552 1352; x_wconf 86' lang='lat' dir='ltr'><strong>pietatem</strong></span> <span class='ocrx_word' id='word_1_192' title='bbox 2580 1296 2735 1341; x_wconf 78' lang='lat' dir='ltr'><strong>cattle</strong></span> <span class='ocrx_word' id='word_1_193' title='bbox 2763 1289 3000 1352; x_wconf 82' lang='lat' dir='ltr'><strong>trahere,</strong></span> <span class='ocrx_word' id='word_1_194' title='bbox 3022 1290 3115 1344; x_wconf 88' lang='lat' dir='ltr'><strong>sed</strong></span> <span class='ocrx_word' id='word_1_195' title='bbox 3142 1306 3244 1342; x_wconf 90' lang='lat' dir='ltr'><strong>non</strong></span> <span class='ocrx_word' id='word_1_196' title='bbox 3269 1289 3524 1344; x_wconf 64' lang='lat' dir='ltr'><strong>audacter</strong></span> 
     </span>
    </p>
   </div>
   <div class='ocr_carea' id='block_1_28' title="bbox 1951 1373 3525 1442">
    <p class='ocr_par' dir='ltr' id='par_1_28' title="bbox 1951 1373 3525 1442">
     <span class='ocr_line' id='line_1_28' title="bbox 1951 1373 3525 1442; baseline 0.006 -17"><span class='ocrx_word' id='word_1_197' title='bbox 1951 1373 2019 1426; x_wconf 89' lang='lat' dir='ltr'><strong>ad</strong></span> <span class='ocrx_word' id='word_1_198' title='bbox 2053 1373 2388 1442; x_wconf 75' lang='lat' dir='ltr'><strong>impietatem</strong></span> <span class='ocrx_word' id='word_1_199' title='bbox 2413 1390 2754 1433; x_wconf 77' lang='lat' dir='ltr'><strong>convertere.</strong></span> <span class='ocrx_word' id='word_1_200' title='bbox 2791 1381 2846 1436; x_wconf 91' lang='lat' dir='ltr'><strong>Si</strong></span> <span class='ocrx_word' id='word_1_201' title='bbox 2885 1381 2936 1435; x_wconf 93' lang='lat' dir='ltr'><strong>in</strong></span> <span class='ocrx_word' id='word_1_202' title='bbox 2972 1381 3120 1435; x_wconf 92' lang='lat' dir='ltr'><strong>nullo</strong></span> <span class='ocrx_word' id='word_1_203' title='bbox 3143 1381 3278 1435; x_wconf 88' lang='lat' dir='ltr'><strong>libro</strong></span> <span class='ocrx_word' id='word_1_204' title='bbox 3297 1380 3525 1436; x_wconf 83' lang='lat' dir='ltr'><strong>Theolo-</strong></span> 
     </span>
    </p>
   </div>
   <div class='ocr_carea' id='block_1_29' title="bbox 1951 1465 3524 1537">
    <p class='ocr_par' dir='ltr' id='par_1_29' title="bbox 1951 1465 3524 1537">
     <span class='ocr_line' id='line_1_29' title="bbox 1951 1465 3524 1537; baseline 0.006 -23"><span class='ocrx_word' id='word_1_205' title='bbox 1951 1478 2050 1533; x_wconf 72' lang='lat' dir='ltr'><strong>gns</strong></span> <span class='ocrx_word' id='word_1_206' title='bbox 2101 1465 2396 1535; x_wconf 81' lang='lat' dir='ltr'><strong>Gregorius</strong></span> <span class='ocrx_word' id='word_1_207' title='bbox 2439 1469 2559 1523; x_wconf 87' lang='lat' dir='ltr'><strong>illos</strong></span> <span class='ocrx_word' id='word_1_208' title='bbox 2597 1471 2911 1537; x_wconf 85' lang='lat' dir='ltr'><strong>confundat,</strong></span> <span class='ocrx_word' id='word_1_209' title='bbox 2949 1482 3170 1527; x_wconf 85' lang='lat' dir='ltr'><strong>sanctus</strong></span> <span class='ocrx_word' id='word_1_210' title='bbox 3230 1471 3432 1526; x_wconf 85' lang='lat' dir='ltr'><strong>Paulus</strong></span> <span class='ocrx_word' id='word_1_211' title='bbox 3473 1472 3524 1524; x_wconf 92' lang='lat' dir='ltr'><strong>id</strong></span> 
     </span>
    </p>
   </div>
   <div class='ocr_carea' id='block_1_30' title="bbox 262 1537 1848 1633">
    <p class='ocr_par' dir='ltr' id='par_1_30' title="bbox 262 1537 1838 1619">
     <span class='ocr_line' id='line_1_30' title="bbox 262 1537 1838 1619; baseline 0.009 -29"><span class='ocrx_word' id='word_1_212' title='bbox 262 1537 374 1601; x_wconf 72' lang='grc' dir='ltr'><strong>σῶς</strong></span> <span class='ocrx_word' id='word_1_213' title='bbox 418 1540 644 1594; x_wconf 84' lang='grc' dir='ltr'>ἐλκῦσαι</span> <span class='ocrx_word' id='word_1_214' title='bbox 682 1541 819 1595; x_wconf 72' lang='grc' dir='ltr'>ἀλλὰ</span> <span class='ocrx_word' id='word_1_215' title='bbox 852 1543 925 1613; x_wconf 84' lang='grc' dir='ltr'>μὴ</span> <span class='ocrx_word' id='word_1_216' title='bbox 953 1541 1200 1613; x_wconf 79' lang='grc' dir='ltr'>θρασέως</span> <span class='ocrx_word' id='word_1_217' title='bbox 1244 1543 1386 1599; x_wconf 77' lang='grc' dir='ltr'>οὕτω</span> <span class='ocrx_word' id='word_1_218' title='bbox 1419 1547 1558 1618; x_wconf 82' lang='grc' dir='ltr'>πρὸς</span> <span class='ocrx_word' id='word_1_219' title='bbox 1587 1548 1686 1619; x_wconf 83' lang='grc' dir='ltr'>τὴν</span> <span class='ocrx_word' id='word_1_220' title='bbox 1709 1551 1838 1604; x_wconf 81' lang='grc' dir='ltr'><strong>ἀσέ-</strong></span> 
     </span>
    </p>
   </div>
   <div class='ocr_carea' id='block_1_31' title="bbox 1956 1537 3526 1633">
    <p class='ocr_par' dir='ltr' id='par_1_31' title="bbox 1956 1555 3526 1633">
     <span class='ocr_line' id='line_1_31' title="bbox 1956 1555 3526 1633; baseline 0.006 -26"><span class='ocrx_word' id='word_1_221' title='bbox 1956 1555 2109 1608; x_wconf 78' lang='lat' dir='ltr'><strong>‘acit:</strong></span> <span class='ocrx_word' id='word_1_222' title='bbox 2144 1555 2208 1610; x_wconf 82' lang='lat' dir='ltr'><strong>In</strong></span> <span class='ocrx_word' id='word_1_223' title='bbox 2238 1560 2590 1624; x_wconf 81' lang='lat' dir='ltr'><strong>captivitatem</strong></span> <span class='ocrx_word' id='word_1_224' title='bbox 2632 1565 2925 1633; x_wconf 85' lang='lat' dir='ltr'><strong>redigentes</strong></span> <span class='ocrx_word' id='word_1_225' title='bbox 2981 1581 3180 1618; x_wconf 86' lang='lat' dir='ltr'><strong>omnem</strong></span> <span class='ocrx_word' id='word_1_226' title='bbox 3207 1564 3526 1620; x_wconf 86' lang='lat' dir='ltr'><strong>intellectum</strong></span> 
     </span>
    </p>
   </div>
   <div class='ocr_carea' id='block_1_32' title="bbox 263 1629 1843 1710">
    <p class='ocr_par' dir='ltr' id='par_1_32' title="bbox 263 1629 1843 1710">
     <span class='ocr_line' id='line_1_32' title="bbox 263 1629 1843 1710; baseline 0.009 -29"><span class='ocrx_word' id='word_1_227' title='bbox 263 1629 416 1684; x_wconf 74' lang='grc' dir='ltr'>ϐειαν</span> <span class='ocrx_word' id='word_1_228' title='bbox 463 1631 855 1687; x_wconf 78' lang='grc' dir='ltr'>ἐκϐιάσασθαιο</span> <span class='ocrx_word' id='word_1_229' title='bbox 891 1637 938 1688; x_wconf 74' lang='grc' dir='ltr'>εξ</span> <span class='ocrx_word' id='word_1_230' title='bbox 968 1636 1025 1688; x_wconf 84' lang='grc' dir='ltr'><strong>δὲ</strong></span> <span class='ocrx_word' id='word_1_231' title='bbox 1069 1637 1129 1689; x_wconf 82' lang='grc' dir='ltr'>ὲν</span> <span class='ocrx_word' id='word_1_232' title='bbox 1173 1637 1349 1690; x_wconf 75' lang='grc' dir='ltr'>οὐδενὶ</span> <span class='ocrx_word' id='word_1_233' title='bbox 1384 1637 1529 1710; x_wconf 82' lang='grc' dir='ltr'>λόγῳ</span> <span class='ocrx_word' id='word_1_234' title='bbox 1587 1642 1771 1705; x_wconf 72' lang='grc' dir='ltr'>αὐτοῖς</span> <span class='ocrx_word' id='word_1_235' title='bbox 1812 1642 1843 1696; x_wconf 83' lang='grc' dir='ltr'>ὁ</span> 
     </span>
    </p>
   </div>
   <div class='ocr_carea' id='block_1_33' title="bbox 1950 1647 2631 1720">
    <p class='ocr_par' dir='ltr' id='par_1_33' title="bbox 1950 1647 2631 1720">
     <span class='ocr_line' id='line_1_33' title="bbox 1950 1647 2631 1720; baseline 0.015 -20"><span class='ocrx_word' id='word_1_236' title='bbox 1950 1647 2001 1700; x_wconf 85' lang='lat' dir='ltr'><strong>in</strong></span> <span class='ocrx_word' id='word_1_237' title='bbox 2035 1649 2335 1720; x_wconf 73' lang='lat' dir='ltr'><strong>obsequium</strong></span> <span class='ocrx_word' id='word_1_238' title='bbox 2367 1653 2562 1708; x_wconf 87' lang='lat' dir='ltr'><strong>Christi</strong></span> <span class='ocrx_word' id='word_1_239' title='bbox 2585 1667 2631 1710; x_wconf 74' lang='grc' dir='ltr'>Ρ.</span> 
     </span>
    </p>
   </div>
   <div class='ocr_carea' id='block_1_34' title="bbox 259 1721 3531 1819">
    <p class='ocr_par' dir='ltr' id='par_1_34' title="bbox 259 1721 3531 1819">
     <span class='ocr_line' id='line_1_34' title="bbox 259 1721 3531 1819; baseline 0.009 -45"><span class='ocrx_word' id='word_1_240' title='bbox 259 1721 522 1819; x_wconf 81' lang='grc' dir='ltr'>Θεολόγος</span> <span class='ocrx_word' id='word_1_241' title='bbox 557 1726 877 1819; x_wconf 67' lang='grc' dir='ltr'>Γρῃγόριος,</span> <span class='ocrx_word' id='word_1_242' title='bbox 922 1728 1039 1819; x_wconf 73' lang='grc' dir='ltr'>ἀλλ’</span> <span class='ocrx_word' id='word_1_243' title='bbox 1087 1725 1182 1784; x_wconf 76' lang='grc' dir='ltr'><strong>οὖν</strong></span> <span class='ocrx_word' id='word_1_244' title='bbox 1219 1747 1285 1799; x_wconf 92' lang='grc' dir='ltr'><strong>γε</strong></span> <span class='ocrx_word' id='word_1_245' title='bbox 1313 1731 1703 1805; x_wconf 80' lang='grc' dir='ltr'>δυσωπηθῆναι</span> <span class='ocrx_word' id='word_1_246' title='bbox 1746 1735 1840 1791; x_wconf 79' lang='grc' dir='ltr'>τὸν</span> <span class='ocrx_word' id='word_1_247' title='bbox 1864 1737 2163 1796; x_wconf 75' lang='grc' dir='ltr'>ἀπόστολον</span> <span class='ocrx_word' id='word_1_248' title='bbox 2199 1744 2410 1800; x_wconf 84' lang='grc' dir='ltr'>Παῦλον</span> <span class='ocrx_word' id='word_1_249' title='bbox 2438 1747 2688 1815; x_wconf 77' lang='grc' dir='ltr'>λεγοντα,</span> <span class='ocrx_word' id='word_1_250' title='bbox 2718 1749 3260 1819; x_wconf 71' lang='grc' dir='ltr'>Αιχμαλωτίζοντες</span> <span class='ocrx_word' id='word_1_251' title='bbox 3304 1749 3348 1784; x_wconf 79' lang='grc'><strong>⁸⁷</strong></span> <span class='ocrx_word' id='word_1_252' title='bbox 3408 1748 3531 1805; x_wconf 84' lang='grc' dir='ltr'>πᾶν</span> 
     </span>
    </p>
   </div>
   <div class='ocr_carea' id='block_1_35' title="bbox 258 1815 1452 1889">
    <p class='ocr_par' dir='ltr' id='par_1_35' title="bbox 258 1815 1452 1889">
     <span class='ocr_line' id='line_1_35' title="bbox 258 1815 1452 1889; baseline 0.006 -21"><span class='ocrx_word' id='word_1_253' title='bbox 258 1815 457 1882; x_wconf 79' lang='grc' dir='ltr'>νόημα</span> <span class='ocrx_word' id='word_1_254' title='bbox 472 1819 560 1882; x_wconf 74' lang='grc' dir='ltr'>εἰς</span> <span class='ocrx_word' id='word_1_255' title='bbox 583 1817 697 1886; x_wconf 81' lang='grc' dir='ltr'>τὴν</span> <span class='ocrx_word' id='word_1_256' title='bbox 730 1818 1010 1888; x_wconf 81' lang='grc' dir='ltr'>ὑπακοὴν</span> <span class='ocrx_word' id='word_1_257' title='bbox 1043 1819 1150 1874; x_wconf 87' lang='grc' dir='ltr'><strong>τοῦ</strong></span> <span class='ocrx_word' id='word_1_258' title='bbox 1169 1820 1452 1889; x_wconf 77' lang='grc' dir='ltr'>Χριστοῦ.</span> 
     </span>
    </p>
   </div>
   <div class='ocr_carea' id='block_1_36' title="bbox 328 1911 1848 1991">
    <p class='ocr_par' dir='ltr' id='par_1_36' title="bbox 328 1911 1848 1991">
     <span class='ocr_line' id='line_1_36' title="bbox 328 1911 1848 1991; baseline 0.007 -28"><span class='ocrx_word' id='word_1_259' title='bbox 328 1912 393 1963; x_wconf 76' lang='lat' dir='ltr'><strong>Ol</strong></span> <span class='ocrx_word' id='word_1_260' title='bbox 418 1911 477 1964; x_wconf 85' lang='grc' dir='ltr'><strong>δὲ</strong></span> <span class='ocrx_word' id='word_1_261' title='bbox 517 1913 679 1968; x_wconf 79' lang='grc' dir='ltr'>πάλιν</span> <span class='ocrx_word' id='word_1_262' title='bbox 705 1914 1012 1984; x_wconf 78' lang='grc' dir='ltr'>ἐπιπηδῶσι</span> <span class='ocrx_word' id='word_1_263' title='bbox 1040 1918 1152 1981; x_wconf 79' lang='grc' dir='ltr'>τοῖς</span> <span class='ocrx_word' id='word_1_264' title='bbox 1175 1916 1268 1970; x_wconf 80' lang='grc' dir='ltr'><strong>τοῦ</strong></span> <span class='ocrx_word' id='word_1_265' title='bbox 1301 1917 1493 1990; x_wconf 81' lang='grc' dir='ltr'>ἀνδρὸς</span> <span class='ocrx_word' id='word_1_266' title='bbox 1519 1919 1762 1991; x_wconf 71' lang='grc' dir='ltr'>ῥήμασιν</span> <span class='ocrx_word' id='word_1_267' title='bbox 1790 1922 1848 1975; x_wconf 90' lang='grc' dir='ltr'><strong>ἐν</strong></span> 
     </span>
    </p>
   </div>
   <div class='ocr_carea' id='block_1_37' title="bbox 257 1997 1848 2081">
    <p class='ocr_par' dir='ltr' id='par_1_37' title="bbox 257 1997 1848 2081">
     <span class='ocr_line' id='line_1_37' title="bbox 257 1997 1848 2081; baseline 0.008 -27"><span class='ocrx_word' id='word_1_268' title='bbox 257 1997 340 2064; x_wconf 73' lang='grc' dir='ltr'><strong>οἷς</strong></span> <span class='ocrx_word' id='word_1_269' title='bbox 371 2019 560 2074; x_wconf 77' lang='grc' dir='ltr'>φησιν’</span> <span class='ocrx_word' id='word_1_270' title='bbox 596 2006 860 2073; x_wconf 82' lang='grc' dir='ltr'>Ἔνερτεῖ</span> <span class='ocrx_word' id='word_1_271' title='bbox 879 2013 990 2077; x_wconf 80' lang='grc' dir='ltr'>γὰρ</span> <span class='ocrx_word' id='word_1_272' title='bbox 1019 2010 1090 2064; x_wconf 84' lang='grc' dir='ltr'>ὲν</span> <span class='ocrx_word' id='word_1_273' title='bbox 1105 2010 1152 2042; x_wconf 79' lang='grc'>⁸⁸</span> <span class='ocrx_word' id='word_1_274' title='bbox 1185 2010 1436 2079; x_wconf 80' lang='grc' dir='ltr'>ἑκατέρᾳ</span> <span class='ocrx_word' id='word_1_275' title='bbox 1465 2011 1667 2081; x_wconf 71' lang='grc' dir='ltr'>μορφῇ</span> <span class='ocrx_word' id='word_1_276' title='bbox 1697 2014 1848 2081; x_wconf 77' lang='grc' dir='ltr'>μετὰ</span> 
     </span>
    </p>
   </div>
   <div class='ocr_carea' id='block_1_38' title="bbox 257 2091 1849 2172">
    <p class='ocr_par' dir='ltr' id='par_1_38' title="bbox 257 2091 1849 2172">
     <span class='ocr_line' id='line_1_38' title="bbox 257 2091 1849 2172; baseline 0.006 -26"><span class='ocrx_word' id='word_1_277' title='bbox 257 2091 369 2160; x_wconf 77' lang='grc' dir='ltr'>τῆς</span> <span class='ocrx_word' id='word_1_278' title='bbox 385 2096 634 2162; x_wconf 84' lang='grc' dir='ltr'>θατέρου</span> <span class='ocrx_word' id='word_1_279' title='bbox 651 2098 962 2166; x_wconf 79' lang='grc' dir='ltr'>κοινωνίας</span> <span class='ocrx_word' id='word_1_280' title='bbox 977 2099 1123 2170; x_wconf 73' lang='grc' dir='ltr'>ὅπερ</span> <span class='ocrx_word' id='word_1_281' title='bbox 1145 2099 1300 2153; x_wconf 80' lang='grc' dir='ltr'>τδιόν</span> <span class='ocrx_word' id='word_1_282' title='bbox 1312 2101 1464 2162; x_wconf 82' lang='grc' dir='ltr'>ἐστι,</span> <span class='ocrx_word' id='word_1_283' title='bbox 1483 2102 1588 2155; x_wconf 85' lang='grc' dir='ltr'><strong>τοῦ</strong></span> <span class='ocrx_word' id='word_1_284' title='bbox 1607 2100 1724 2172; x_wconf 68' lang='grc' dir='ltr'>μὲν</span> <span class='ocrx_word' id='word_1_285' title='bbox 1737 2106 1849 2156; x_wconf 82' lang='grc' dir='ltr'><strong>Λό-</strong></span> 
     </span>
    </p>
   </div>
   <div class='ocr_carea' id='block_1_39' title="bbox 261 2187 1842 2265">
    <p class='ocr_par' dir='ltr' id='par_1_39' title="bbox 261 2187 1842 2265">
     <span class='ocr_line' id='line_1_39' title="bbox 261 2187 1842 2265; baseline 0.007 -26"><span class='ocrx_word' id='word_1_286' title='bbox 261 2203 395 2254; x_wconf 77' lang='grc' dir='ltr'>γου,</span> <span class='ocrx_word' id='word_1_287' title='bbox 431 2187 934 2259; x_wconf 77' lang='grc' dir='ltr'>κατεργαζομένου</span> <span class='ocrx_word' id='word_1_288' title='bbox 958 2191 1120 2247; x_wconf 79' lang='grc' dir='ltr'>τοῦθ’</span> <span class='ocrx_word' id='word_1_289' title='bbox 1150 2191 1294 2260; x_wconf 79' lang='grc' dir='ltr'>ὅπερ</span> <span class='ocrx_word' id='word_1_290' title='bbox 1333 2193 1464 2246; x_wconf 74' lang='grc' dir='ltr'>ἐστὶ</span> <span class='ocrx_word' id='word_1_291' title='bbox 1488 2195 1592 2248; x_wconf 91' lang='grc' dir='ltr'><strong>τοῦ</strong></span> <span class='ocrx_word' id='word_1_292' title='bbox 1623 2197 1842 2265; x_wconf 75' lang='grc' dir='ltr'>Λόγου,</span> 
     </span>
    </p>
   </div>
   <div class='ocr_carea' id='block_1_40' title="bbox 258 2275 1845 2351">
    <p class='ocr_par' dir='ltr' id='par_1_40' title="bbox 258 2275 1845 2351">
     <span class='ocr_line' id='line_1_40' title="bbox 258 2275 1845 2351; baseline 0.008 -23"><span class='ocrx_word' id='word_1_293' title='bbox 258 2275 367 2329; x_wconf 81' lang='grc' dir='ltr'><strong>τοῦ</strong></span> <span class='ocrx_word' id='word_1_294' title='bbox 388 2275 458 2329; x_wconf 82' lang='grc' dir='ltr'><strong>δὲ</strong></span> <span class='ocrx_word' id='word_1_295' title='bbox 476 2276 749 2348; x_wconf 86' lang='grc' dir='ltr'>σώματος</span> <span class='ocrx_word' id='word_1_296' title='bbox 773 2281 1168 2348; x_wconf 74' lang='grc' dir='ltr'>ἐκτελοῦντος</span> <span class='ocrx_word' id='word_1_297' title='bbox 1201 2282 1352 2351; x_wconf 82' lang='grc' dir='ltr'>ἅπερ</span> <span class='ocrx_word' id='word_1_298' title='bbox 1380 2283 1514 2337; x_wconf 76' lang='grc' dir='ltr'>ἐστὶ</span> <span class='ocrx_word' id='word_1_299' title='bbox 1572 2286 1677 2340; x_wconf 85' lang='grc' dir='ltr'><strong>τοῦ</strong></span> <span class='ocrx_word' id='word_1_300' title='bbox 1724 2287 1845 2339; x_wconf 90' lang='grc' dir='ltr'><strong>σώ-</strong></span> 
     </span>
    </p>
   </div>
   <div class='ocr_carea' id='block_1_41' title="bbox 253 2372 1843 2451">
    <p class='ocr_par' dir='ltr' id='par_1_41' title="bbox 253 2372 1843 2451">
     <span class='ocr_line' id='line_1_41' title="bbox 253 2372 1843 2451; baseline 0.005 -29"><span class='ocrx_word' id='word_1_301' title='bbox 253 2387 468 2438; x_wconf 80' lang='grc' dir='ltr'>ματος.</span> <span class='ocrx_word' id='word_1_302' title='bbox 511 2372 666 2435; x_wconf 81' lang='grc' dir='ltr'>Ἰδοὺ,</span> <span class='ocrx_word' id='word_1_303' title='bbox 692 2373 846 2442; x_wconf 68' lang='grc' dir='ltr'>φασὶ,</span> <span class='ocrx_word' id='word_1_304' title='bbox 876 2373 969 2427; x_wconf 78' lang='grc' dir='ltr'>δύο</span> <span class='ocrx_word' id='word_1_305' title='bbox 1017 2375 1280 2446; x_wconf 83' lang='grc' dir='ltr'>πρόσωπα</span> <span class='ocrx_word' id='word_1_306' title='bbox 1307 2377 1546 2446; x_wconf 76' lang='grc' dir='ltr'>εἴρηκεν.</span> <span class='ocrx_word' id='word_1_307' title='bbox 1582 2379 1676 2432; x_wconf 76' lang='grc' dir='ltr'>καὶ</span> <span class='ocrx_word' id='word_1_308' title='bbox 1735 2378 1843 2451; x_wconf 62' lang='grc' dir='ltr'>ἰδία</span> 
     </span>
    </p>
   </div>
   <div class='ocr_carea' id='block_1_42' title="bbox 262 2462 1844 2536">
    <p class='ocr_par' dir='ltr' id='par_1_42' title="bbox 262 2462 1844 2536">
     <span class='ocr_line' id='line_1_42' title="bbox 262 2462 1844 2536; baseline 0.008 -23"><span class='ocrx_word' id='word_1_309' title='bbox 262 2462 364 2525; x_wconf 73' lang='grc' dir='ltr'>τὰς</span> <span class='ocrx_word' id='word_1_310' title='bbox 419 2464 700 2536; x_wconf 78' lang='grc' dir='ltr'>ἐνεργείας</span> <span class='ocrx_word' id='word_1_311' title='bbox 753 2467 1007 2534; x_wconf 75' lang='grc' dir='ltr'>ἐκήρυξε.</span> <span class='ocrx_word' id='word_1_312' title='bbox 1059 2468 1251 2522; x_wconf 82' lang='grc' dir='ltr'>Καίτοι</span> <span class='ocrx_word' id='word_1_313' title='bbox 1280 2485 1344 2536; x_wconf 89' lang='grc' dir='ltr'><strong>γε</strong></span> <span class='ocrx_word' id='word_1_314' title='bbox 1395 2469 1547 2522; x_wconf 74' lang='grc' dir='ltr'>οὐδὲν</span> <span class='ocrx_word' id='word_1_315' title='bbox 1605 2470 1844 2525; x_wconf 85' lang='grc' dir='ltr'>τοιοῦτον</span> 
     </span>
    </p>
   </div>
   <div class='ocr_carea' id='block_1_43' title="bbox 264 2553 1842 2631">
    <p class='ocr_par' dir='ltr' id='par_1_43' title="bbox 264 2553 1842 2631">
     <span class='ocr_line' id='line_1_43' title="bbox 264 2553 1842 2631; baseline 0.007 -25"><span class='ocrx_word' id='word_1_316' title='bbox 264 2553 389 2607; x_wconf 77' lang='grc' dir='ltr'>οὔτε</span> <span class='ocrx_word' id='word_1_317' title='bbox 413 2557 444 2625; x_wconf 89' lang='grc' dir='ltr'>ή</span> <span class='ocrx_word' id='word_1_318' title='bbox 479 2555 623 2621; x_wconf 79' lang='grc' dir='ltr'>λέξις</span> <span class='ocrx_word' id='word_1_319' title='bbox 652 2555 777 2610; x_wconf 73' lang='grc' dir='ltr'>οὔτε</span> <span class='ocrx_word' id='word_1_320' title='bbox 801 2559 833 2628; x_wconf 75' lang='grc' dir='ltr'>ἡ</span> <span class='ocrx_word' id='word_1_321' title='bbox 869 2558 1160 2612; x_wconf 74' lang='grc' dir='ltr'>ἀκολουθία</span> <span class='ocrx_word' id='word_1_322' title='bbox 1185 2560 1409 2612; x_wconf 88' lang='grc' dir='ltr'>ἀπαιτεί</span> <span class='ocrx_word' id='word_1_323' title='bbox 1434 2559 1529 2613; x_wconf 78' lang='grc' dir='ltr'><strong>τοῦ</strong></span> <span class='ocrx_word' id='word_1_324' title='bbox 1552 2562 1842 2631; x_wconf 85' lang='grc' dir='ltr'>νοήματος.</span> 
     </span>
    </p>
   </div>
   <div class='ocr_carea' id='block_1_44' title="bbox 264 2641 1840 2719">
    <p class='ocr_par' dir='ltr' id='par_1_44' title="bbox 264 2641 1840 2719">
     <span class='ocr_line' id='line_1_44' title="bbox 264 2641 1840 2719; baseline 0.011 -23"><span class='ocrx_word' id='word_1_325' title='bbox 264 2642 375 2696; x_wconf 75' lang='grc' dir='ltr'>Ποῦ</span> <span class='ocrx_word' id='word_1_326' title='bbox 406 2645 513 2716; x_wconf 76' lang='grc' dir='ltr'><strong>γὰρ</strong></span> <span class='ocrx_word' id='word_1_327' title='bbox 543 2641 698 2698; x_wconf 79' lang='grc' dir='ltr'>εἶπεν</span> <span class='ocrx_word' id='word_1_328' title='bbox 723 2645 798 2709; x_wconf 82' lang='grc' dir='ltr'><strong>ὡς</strong></span> <span class='ocrx_word' id='word_1_329' title='bbox 823 2645 926 2698; x_wconf 73' lang='grc' dir='ltr'><strong>ἀνὰ</strong></span> <span class='ocrx_word' id='word_1_330' title='bbox 953 2647 1119 2717; x_wconf 79' lang='grc' dir='ltr'>μέρος</span> <span class='ocrx_word' id='word_1_331' title='bbox 1152 2645 1268 2718; x_wconf 77' lang='grc' dir='ltr'><strong>[καὶ</strong></span> <span class='ocrx_word' id='word_1_332' title='bbox 1296 2647 1400 2700; x_wconf 78' lang='grc' dir='ltr'><strong>ἀνὰ</strong></span> <span class='ocrx_word' id='word_1_333' title='bbox 1435 2647 1622 2718; x_wconf 77' lang='grc' dir='ltr'>μέρος]</span> <span class='ocrx_word' id='word_1_334' title='bbox 1656 2648 1840 2719; x_wconf 68' lang='grc' dir='ltr'>μορφὴ</span> 
     </span>
    </p>
   </div>
   <div class='ocr_carea' id='block_1_45' title="bbox 263 2737 1840 2810">
    <p class='ocr_par' dir='ltr' id='par_1_45' title="bbox 263 2737 1840 2810">
     <span class='ocr_line' id='line_1_45' title="bbox 263 2737 1840 2810; baseline 0.003 -21"><span class='ocrx_word' id='word_1_335' title='bbox 263 2737 504 2808; x_wconf 78' lang='grc' dir='ltr'>ἑκατέρα</span> <span class='ocrx_word' id='word_1_336' title='bbox 565 2737 865 2810; x_wconf 79' lang='grc' dir='ltr'>ἐνεργεί;ἣ</span> <span class='ocrx_word' id='word_1_337' title='bbox 897 2739 1000 2792; x_wconf 73' lang='grc' dir='ltr'><strong>ποῦ</strong></span> <span class='ocrx_word' id='word_1_338' title='bbox 1059 2739 1388 2807; x_wconf 72' lang='grc' dir='ltr'>παρέλιπεθο</span> <span class='ocrx_word' id='word_1_339' title='bbox 1420 2741 1480 2792; x_wconf 82' lang='grc' dir='ltr'>τὸ</span> <span class='ocrx_word' id='word_1_340' title='bbox 1548 2741 1688 2810; x_wconf 73' lang='grc' dir='ltr'>μετὰ</span> <span class='ocrx_word' id='word_1_341' title='bbox 1739 2741 1840 2810; x_wconf 83' lang='grc' dir='ltr'>τῆς</span> 
     </span>
    </p>
   </div>
   <div class='ocr_carea' id='block_1_46' title="bbox 265 2827 1844 2903">
    <p class='ocr_par' dir='ltr' id='par_1_46' title="bbox 265 2827 1844 2903">
     <span class='ocr_line' id='line_1_46' title="bbox 265 2827 1844 2903; baseline 0.003 -22"><span class='ocrx_word' id='word_1_342' title='bbox 265 2827 497 2899; x_wconf 81' lang='grc' dir='ltr'>θατέρου</span> <span class='ocrx_word' id='word_1_343' title='bbox 557 2831 860 2894; x_wconf 86' lang='grc' dir='ltr'>κοινωνίας,</span> <span class='ocrx_word' id='word_1_344' title='bbox 893 2832 1173 2884; x_wconf 81' lang='grc' dir='ltr'>τουτέστιν</span> <span class='ocrx_word' id='word_1_345' title='bbox 1197 2833 1254 2884; x_wconf 84' lang='grc' dir='ltr'><strong>ἐν</strong></span> <span class='ocrx_word' id='word_1_346' title='bbox 1277 2834 1342 2903; x_wconf 80' lang='grc' dir='ltr'>τῇ</span> <span class='ocrx_word' id='word_1_347' title='bbox 1375 2831 1566 2884; x_wconf 85' lang='grc' dir='ltr'>ἐνώσει</span> <span class='ocrx_word' id='word_1_348' title='bbox 1603 2835 1709 2885; x_wconf 85' lang='grc' dir='ltr'><strong>τῶν</strong></span> <span class='ocrx_word' id='word_1_349' title='bbox 1744 2831 1844 2900; x_wconf 80' lang='grc' dir='ltr'><strong>φύ-</strong></span> 
     </span>
    </p>
   </div>
   <div class='ocr_carea' id='block_1_47' title="bbox 267 2917 1844 2989">
    <p class='ocr_par' dir='ltr' id='par_1_47' title="bbox 267 2917 1844 2989">
     <span class='ocr_line' id='line_1_47' title="bbox 267 2917 1844 2989; baseline 0.003 -15"><span class='ocrx_word' id='word_1_350' title='bbox 267 2938 403 2975; x_wconf 87' lang='grc' dir='ltr'>σεων</span> <span class='ocrx_word' id='word_1_351' title='bbox 433 2939 449 2988; x_wconf 90' lang='grc'><strong>;</strong></span> <span class='ocrx_word' id='word_1_352' title='bbox 483 2917 543 2974; x_wconf 77' lang='grc' dir='ltr'>Εἰ</span> <span class='ocrx_word' id='word_1_353' title='bbox 572 2924 616 2976; x_wconf 85' lang='grc' dir='ltr'>δ’</span> <span class='ocrx_word' id='word_1_354' title='bbox 643 2917 796 2986; x_wconf 71' lang='grc' dir='ltr'>οὗτος</span> <span class='ocrx_word' id='word_1_355' title='bbox 821 2923 994 2978; x_wconf 81' lang='grc' dir='ltr'>ταῦτα</span> <span class='ocrx_word' id='word_1_356' title='bbox 1027 2923 1196 2977; x_wconf 87' lang='grc' dir='ltr'>εἰπὼν</span> <span class='ocrx_word' id='word_1_357' title='bbox 1229 2924 1319 2976; x_wconf 80' lang='grc' dir='ltr'>ὑπ’</span> <span class='ocrx_word' id='word_1_358' title='bbox 1371 2925 1572 2989; x_wconf 80' lang='grc' dir='ltr'>αἰτίαν,</span> <span class='ocrx_word' id='word_1_359' title='bbox 1614 2926 1707 2978; x_wconf 77' lang='grc' dir='ltr'><strong>καὶ</strong></span> <span class='ocrx_word' id='word_1_360' title='bbox 1732 2925 1844 2978; x_wconf 79' lang='grc' dir='ltr'><strong>Κύ-</strong></span> 
     </span>
    </p>
   </div>
   <div class='ocr_carea' id='block_1_48' title="bbox 2018 1921 3534 1993">
    <p class='ocr_par' dir='ltr' id='par_1_48' title="bbox 2018 1921 3534 1993">
     <span class='ocr_line' id='line_1_48' title="bbox 2018 1921 3534 1993; baseline -0.003 -15"><span class='ocrx_word' id='word_1_361' title='bbox 2018 1921 2123 1978; x_wconf 91' lang='lat' dir='ltr'><strong>Sed</strong></span> <span class='ocrx_word' id='word_1_362' title='bbox 2161 1938 2372 1979; x_wconf 87' lang='lat' dir='ltr'><strong>rursum</strong></span> <span class='ocrx_word' id='word_1_363' title='bbox 2417 1923 2468 1979; x_wconf 91' lang='lat' dir='ltr'><strong>in</strong></span> <span class='ocrx_word' id='word_1_364' title='bbox 2518 1924 2661 1980; x_wconf 90' lang='lat' dir='ltr'><strong>illius</strong></span> <span class='ocrx_word' id='word_1_365' title='bbox 2745 1927 2907 1980; x_wconf 70' lang='lat' dir='ltr'><strong>verba</strong></span> <span class='ocrx_word' id='word_1_366' title='bbox 2971 1925 3249 1990; x_wconf 87' lang='lat' dir='ltr'><strong>invadunt,</strong></span> <span class='ocrx_word' id='word_1_367' title='bbox 3308 1927 3360 1978; x_wconf 90' lang='lat' dir='ltr'><strong>in</strong></span> <span class='ocrx_word' id='word_1_368' title='bbox 3421 1927 3534 1993; x_wconf 69' lang='lat' dir='ltr'><strong>qui.</strong></span> 
     </span>
    </p>
   </div>
   <div class='ocr_carea' id='block_1_49' title="bbox 1943 2011 3534 2085">
    <p class='ocr_par' dir='ltr' id='par_1_49' title="bbox 1943 2011 3534 2085">
     <span class='ocr_line' id='line_1_49' title="bbox 1943 2011 3534 2085; baseline 0 -17"><span class='ocrx_word' id='word_1_369' title='bbox 1943 2012 2044 2068; x_wconf 84' lang='lat' dir='ltr'><strong>bus</strong></span> <span class='ocrx_word' id='word_1_370' title='bbox 2092 2013 2209 2066; x_wconf 87' lang='lat' dir='ltr'><strong>ait:</strong></span> <span class='ocrx_word' id='word_1_371' title='bbox 2267 2011 2591 2082; x_wconf 82' lang='lat' dir='ltr'><strong>Cooperatur</strong></span> <span class='ocrx_word' id='word_1_372' title='bbox 2639 2025 2856 2081; x_wconf 87' lang='lat' dir='ltr'><strong>utraque</strong></span> <span class='ocrx_word' id='word_1_373' title='bbox 2913 2014 3085 2083; x_wconf 81' lang='lat' dir='ltr'><strong>forma</strong></span> <span class='ocrx_word' id='word_1_374' title='bbox 3146 2031 3266 2068; x_wconf 91' lang='lat' dir='ltr'><strong>cum</strong></span> <span class='ocrx_word' id='word_1_375' title='bbox 3314 2025 3534 2085; x_wconf 80' lang='lat' dir='ltr'><strong>utraque</strong></span> 
     </span>
    </p>
   </div>
   <div class='ocr_carea' id='block_1_50' title="bbox 1943 2105 3533 2176">
    <p class='ocr_par' dir='ltr' id='par_1_50' title="bbox 1943 2105 3533 2176">
     <span class='ocr_line' id='line_1_50' title="bbox 1943 2105 3533 2176; baseline 0.002 -21"><span class='ocrx_word' id='word_1_376' title='bbox 1943 2105 2329 2168; x_wconf 81' lang='lat' dir='ltr'><strong>communione,</strong></span> <span class='ocrx_word' id='word_1_377' title='bbox 2390 2105 2528 2174; x_wconf 87' lang='lat' dir='ltr'><strong>quod</strong></span> <span class='ocrx_word' id='word_1_378' title='bbox 2597 2108 2868 2171; x_wconf 84' lang='lat' dir='ltr'><strong>proprium</strong></span> <span class='ocrx_word' id='word_1_379' title='bbox 2933 2117 3028 2160; x_wconf 83' lang='lat' dir='ltr'><strong>est.</strong></span> <span class='ocrx_word' id='word_1_380' title='bbox 3098 2105 3263 2159; x_wconf 81' lang='lat' dir='ltr'><strong>Verbo</strong></span> <span class='ocrx_word' id='word_1_381' title='bbox 3323 2107 3533 2176; x_wconf 79' lang='lat' dir='ltr'><strong>quidem</strong></span> 
     </span>
    </p>
   </div>
   <div class='ocr_carea' id='block_1_51' title="bbox 1943 2191 3534 2265">
    <p class='ocr_par' dir='ltr' id='par_1_51' title="bbox 1943 2191 3534 2265">
     <span class='ocr_line' id='line_1_51' title="bbox 1943 2191 3534 2265; baseline 0.004 -21"><span class='ocrx_word' id='word_1_382' title='bbox 1943 2203 2186 2260; x_wconf 79' lang='lat' dir='ltr'><strong>operante</strong></span> <span class='ocrx_word' id='word_1_383' title='bbox 2230 2191 2326 2245; x_wconf 88' lang='lat' dir='ltr'><strong>hoc</strong></span> <span class='ocrx_word' id='word_1_384' title='bbox 2363 2195 2502 2261; x_wconf 80' lang='lat' dir='ltr'><strong>quod</strong></span> <span class='ocrx_word' id='word_1_385' title='bbox 2543 2203 2617 2246; x_wconf 88' lang='lat' dir='ltr'><strong>est</strong></span> <span class='ocrx_word' id='word_1_386' title='bbox 2677 2191 2869 2256; x_wconf 75' lang='lat' dir='ltr'><strong>Verbi,</strong></span> <span class='ocrx_word' id='word_1_387' title='bbox 2926 2203 2973 2246; x_wconf 88' lang='lat' dir='ltr'><strong>et</strong></span> <span class='ocrx_word' id='word_1_388' title='bbox 3015 2211 3228 2264; x_wconf 79' lang='lat' dir='ltr'><strong>corpore</strong></span> <span class='ocrx_word' id='word_1_389' title='bbox 3255 2212 3370 2265; x_wconf 78' lang='lat' dir='ltr'><strong>qua:</strong></span> <span class='ocrx_word' id='word_1_390' title='bbox 3415 2200 3534 2250; x_wconf 81' lang='grc' dir='ltr'>ειιιιι</span> 
     </span>
    </p>
   </div>
   <div class='ocr_carea' id='block_1_52' title="bbox 1953 2284 3532 2355">
    <p class='ocr_par' dir='ltr' id='par_1_52' title="bbox 1953 2284 3532 2355">
     <span class='ocr_line' id='line_1_52' title="bbox 1953 2284 3532 2355; baseline 0.001 -19"><span class='ocrx_word' id='word_1_391' title='bbox 1953 2286 2207 2354; x_wconf 88' lang='lat' dir='ltr'><strong>corporis.</strong></span> <span class='ocrx_word' id='word_1_392' title='bbox 2265 2284 2425 2347; x_wconf 84' lang='lat' dir='ltr'><strong>Ecce,</strong></span> <span class='ocrx_word' id='word_1_393' title='bbox 2459 2285 2748 2354; x_wconf 80' lang='lat' dir='ltr'><strong>inquiunt,</strong></span> <span class='ocrx_word' id='word_1_394' title='bbox 2815 2286 2951 2342; x_wconf 87' lang='lat' dir='ltr'><strong>duas</strong></span> <span class='ocrx_word' id='word_1_395' title='bbox 3011 2301 3270 2355; x_wconf 80' lang='lat' dir='ltr'><strong>personas</strong></span> <span class='ocrx_word' id='word_1_396' title='bbox 3334 2288 3532 2354; x_wconf 83' lang='lat' dir='ltr'><strong>posuit,</strong></span> 
     </span>
    </p>
   </div>
   <div class='ocr_carea' id='block_1_53' title="bbox 1953 2375 3536 2450">
    <p class='ocr_par' dir='ltr' id='par_1_53' title="bbox 1953 2375 3536 2450">
     <span class='ocr_line' id='line_1_53' title="bbox 1953 2375 3536 2450; baseline 0.003 -22"><span class='ocrx_word' id='word_1_397' title='bbox 1953 2383 2006 2429; x_wconf 88' lang='lat' dir='ltr'><strong>et</strong></span> <span class='ocrx_word' id='word_1_398' title='bbox 2053 2376 2269 2446; x_wconf 85' lang='lat' dir='ltr'><strong>propria</strong></span> <span class='ocrx_word' id='word_1_399' title='bbox 2297 2390 2460 2450; x_wconf 68' lang='lat' dir='ltr'><strong>opera</strong></span> <span class='ocrx_word' id='word_1_400' title='bbox 2518 2377 2783 2431; x_wconf 78' lang='lat' dir='ltr'><strong>attribuit.</strong></span> <span class='ocrx_word' id='word_1_401' title='bbox 2834 2375 2900 2429; x_wconf 87' lang='lat' dir='ltr'><strong>Et</strong></span> <span class='ocrx_word' id='word_1_402' title='bbox 2937 2392 3071 2432; x_wconf 78' lang='lat' dir='ltr'><strong>Sane</strong></span> <span class='ocrx_word' id='word_1_403' title='bbox 3114 2378 3245 2431; x_wconf 82' lang='lat' dir='ltr'><strong>nihil</strong></span> <span class='ocrx_word' id='word_1_404' title='bbox 3292 2377 3397 2430; x_wconf 83' lang='lat' dir='ltr'><strong>tale</strong></span> <span class='ocrx_word' id='word_1_405' title='bbox 3443 2394 3536 2433; x_wconf 87' lang='lat' dir='ltr'><strong>ne-</strong></span> 
     </span>
    </p>
   </div>
   <div class='ocr_carea' id='block_1_54' title="bbox 1954 2467 3534 2537">
    <p class='ocr_par' dir='ltr' id='par_1_54' title="bbox 1954 2467 3534 2537">
     <span class='ocr_line' id='line_1_54' title="bbox 1954 2467 3534 2537; baseline 0.001 -16"><span class='ocrx_word' id='word_1_406' title='bbox 1954 2483 2058 2536; x_wconf 85' lang='lat' dir='ltr'><strong>que</strong></span> <span class='ocrx_word' id='word_1_407' title='bbox 2090 2484 2191 2521; x_wconf 73' lang='lat' dir='ltr'><strong>vox</strong></span> <span class='ocrx_word' id='word_1_408' title='bbox 2235 2484 2409 2535; x_wconf 77' lang='lat' dir='ltr'><strong>neque</strong></span> <span class='ocrx_word' id='word_1_409' title='bbox 2460 2469 2848 2537; x_wconf 78' lang='lat' dir='ltr'><strong>consequentia</strong></span> <span class='ocrx_word' id='word_1_410' title='bbox 2897 2483 3090 2522; x_wconf 89' lang='lat' dir='ltr'><strong>sensus</strong></span> <span class='ocrx_word' id='word_1_411' title='bbox 3136 2469 3391 2537; x_wconf 87' lang='lat' dir='ltr'><strong>postulat.</strong></span> <span class='ocrx_word' id='word_1_412' title='bbox 3432 2467 3534 2523; x_wconf 83' lang='lat' dir='ltr'><strong>Ubi</strong></span> 
     </span>
    </p>
   </div>
   <div class='ocr_carea' id='block_1_55' title="bbox 1952 2560 3534 2629">
    <p class='ocr_par' dir='ltr' id='par_1_55' title="bbox 1952 2560 3534 2629">
     <span class='ocr_line' id='line_1_55' title="bbox 1952 2560 3534 2629; baseline -0.003 -13"><span class='ocrx_word' id='word_1_413' title='bbox 1952 2562 2095 2616; x_wconf 87' lang='lat' dir='ltr'><strong>enim</strong></span> <span class='ocrx_word' id='word_1_414' title='bbox 2137 2560 2294 2626; x_wconf 80' lang='lat' dir='ltr'><strong>dixit,</strong></span> <span class='ocrx_word' id='word_1_415' title='bbox 2340 2570 2398 2613; x_wconf 93' lang='lat' dir='ltr'><strong>ut</strong></span> <span class='ocrx_word' id='word_1_416' title='bbox 2456 2560 2672 2614; x_wconf 81' lang='lat' dir='ltr'><strong>divisim</strong></span> <span class='ocrx_word' id='word_1_417' title='bbox 2729 2571 2957 2629; x_wconf 87' lang='lat' dir='ltr'><strong>utraque</strong></span> <span class='ocrx_word' id='word_1_418' title='bbox 3008 2571 3194 2614; x_wconf 85' lang='lat' dir='ltr'><strong>natura</strong></span> <span class='ocrx_word' id='word_1_419' title='bbox 3256 2573 3534 2628; x_wconf 85' lang='lat' dir='ltr'><strong>Operetur,</strong></span> 
     </span>
    </p>
   </div>
   <div class='ocr_carea' id='block_1_56' title="bbox 1957 2651 3538 2722">
    <p class='ocr_par' dir='ltr' id='par_1_56' title="bbox 1957 2651 3538 2722">
     <span class='ocr_line' id='line_1_56' title="bbox 1957 2651 3538 2722; baseline 0.002 -18"><span class='ocrx_word' id='word_1_420' title='bbox 1957 2651 2040 2705; x_wconf 81' lang='lat' dir='ltr'><strong>vel</strong></span> <span class='ocrx_word' id='word_1_421' title='bbox 2084 2651 2172 2704; x_wconf 83' lang='lat' dir='ltr'><strong>ubi</strong></span> <span class='ocrx_word' id='word_1_422' title='bbox 2210 2651 2464 2720; x_wconf 85' lang='lat' dir='ltr'><strong>reliquit,</strong></span> <span class='ocrx_word' id='word_1_423' title='bbox 2503 2668 2623 2707; x_wconf 88' lang='lat' dir='ltr'><strong>cum</strong></span> <span class='ocrx_word' id='word_1_424' title='bbox 2676 2653 2956 2721; x_wconf 79' lang='lat' dir='ltr'><strong>utriusque</strong></span> <span class='ocrx_word' id='word_1_425' title='bbox 2989 2652 3362 2722; x_wconf 84' lang='lat' dir='ltr'><strong>conjunctione</strong></span> <span class='ocrx_word' id='word_1_426' title='bbox 3386 2694 3400 2719; x_wconf 90' lang='lat'><strong>,</strong></span> <span class='ocrx_word' id='word_1_427' title='bbox 3437 2656 3538 2707; x_wconf 88' lang='lat' dir='ltr'><strong>hoc</strong></span> 
     </span>
    </p>
   </div>
   <div class='ocr_carea' id='block_1_57' title="bbox 1949 2741 3537 2811">
    <p class='ocr_par' dir='ltr' id='par_1_57' title="bbox 1949 2741 3537 2811">
     <span class='ocr_line' id='line_1_57' title="bbox 1949 2741 3537 2811; baseline -0.002 -14"><span class='ocrx_word' id='word_1_428' title='bbox 1949 2751 2049 2808; x_wconf 80' lang='lat' dir='ltr'><strong>est,</strong></span> <span class='ocrx_word' id='word_1_429' title='bbox 2087 2744 2283 2796; x_wconf 88' lang='lat' dir='ltr'><strong>unione</strong></span> <span class='ocrx_word' id='word_1_430' title='bbox 2327 2743 2684 2797; x_wconf 85' lang='lat' dir='ltr'><strong>naturarum?</strong></span> <span class='ocrx_word' id='word_1_431' title='bbox 2718 2741 2774 2796; x_wconf 89' lang='lat' dir='ltr'><strong>Si</strong></span> <span class='ocrx_word' id='word_1_432' title='bbox 2807 2758 2932 2796; x_wconf 78' lang='lat' dir='ltr'><strong>vero</strong></span> <span class='ocrx_word' id='word_1_433' title='bbox 2972 2744 3086 2810; x_wconf 88' lang='lat' dir='ltr'><strong>ipse</strong></span> <span class='ocrx_word' id='word_1_434' title='bbox 3116 2743 3204 2811; x_wconf 86' lang='lat' dir='ltr'><strong>qui</strong></span> <span class='ocrx_word' id='word_1_435' title='bbox 3237 2747 3348 2798; x_wconf 74' lang='lat' dir='ltr'><strong>ha-c</strong></span> <span class='ocrx_word' id='word_1_436' title='bbox 3381 2743 3537 2809; x_wconf 78' lang='lat' dir='ltr'><strong>dixit,</strong></span> 
     </span>
    </p>
   </div>
   <div class='ocr_carea' id='block_1_58' title="bbox 1951 2833 3538 2902">
    <p class='ocr_par' dir='ltr' id='par_1_58' title="bbox 1951 2833 3538 2902">
     <span class='ocr_line' id='line_1_58' title="bbox 1951 2833 3538 2902; baseline 0 -16"><span class='ocrx_word' id='word_1_437' title='bbox 1951 2844 2274 2898; x_wconf 89' lang='lat' dir='ltr'><strong>accusatur,</strong></span> <span class='ocrx_word' id='word_1_438' title='bbox 2332 2833 2563 2902; x_wconf 87' lang='lat' dir='ltr'><strong>Cyrillus</strong></span> <span class='ocrx_word' id='word_1_439' title='bbox 2612 2850 2718 2888; x_wconf 85' lang='lat' dir='ltr'><strong>non</strong></span> <span class='ocrx_word' id='word_1_440' title='bbox 2768 2833 2870 2887; x_wconf 86' lang='lat' dir='ltr'><strong>alia</strong></span> <span class='ocrx_word' id='word_1_441' title='bbox 2909 2833 3095 2889; x_wconf 85' lang='lat' dir='ltr'><strong>dicens</strong></span> <span class='ocrx_word' id='word_1_442' title='bbox 3133 2835 3369 2889; x_wconf 83' lang='lat' dir='ltr'><strong>in&#39;libris</strong></span> <span class='ocrx_word' id='word_1_443' title='bbox 3395 2833 3538 2888; x_wconf 89' lang='lat' dir='ltr'><strong>Con-</strong></span> 
     </span>
    </p>
   </div>
   <div class='ocr_carea' id='block_1_59' title="bbox 1953 2921 3540 2994">
    <p class='ocr_par' dir='ltr' id='par_1_59' title="bbox 1953 2921 3540 2994">
     <span class='ocr_line' id='line_1_59' title="bbox 1953 2921 3540 2994; baseline 0.004 -20"><span class='ocrx_word' id='word_1_444' title='bbox 1953 2931 2036 2975; x_wconf 86' lang='lat' dir='ltr'><strong>tra</strong></span> <span class='ocrx_word' id='word_1_445' title='bbox 2068 2921 2399 2988; x_wconf 79' lang='lat' dir='ltr'><strong>Nestorium,</strong></span> <span class='ocrx_word' id='word_1_446' title='bbox 2433 2923 2596 2979; x_wconf 79' lang='lat' dir='ltr'><strong>etiarn</strong></span> <span class='ocrx_word' id='word_1_447' title='bbox 2635 2935 2942 2982; x_wconf 88' lang='lat' dir='ltr'><strong>accusetur.</strong></span> <span class='ocrx_word' id='word_1_448' title='bbox 2970 2924 3304 2980; x_wconf 87' lang='lat' dir='ltr'><strong>Dicitenim:</strong></span> <span class='ocrx_word' id='word_1_449' title='bbox 3336 2924 3540 2994; x_wconf 66' lang='lat' dir='ltr'><strong>Corpus</strong></span> 
     </span>
    </p>
   </div>
   <div class='ocr_carea' id='block_1_60' title="bbox 270 3011 1848 3096">
    <p class='ocr_par' dir='ltr' id='par_1_60' title="bbox 270 3011 1848 3084">
     <span class='ocr_line' id='line_1_60' title="bbox 270 3011 1848 3084; baseline 0.003 -20"><span class='ocrx_word' id='word_1_450' title='bbox 270 3011 445 3082; x_wconf 84' lang='grc' dir='ltr'>ριλλος</span> <span class='ocrx_word' id='word_1_451' title='bbox 473 3012 573 3065; x_wconf 80' lang='grc' dir='ltr'>οὐκ</span> <span class='ocrx_word' id='word_1_452' title='bbox 596 3012 729 3066; x_wconf 81' lang='grc' dir='ltr'>ἄλλα</span> <span class='ocrx_word' id='word_1_453' title='bbox 752 3013 926 3080; x_wconf 80' lang='grc' dir='ltr'>λέγων</span> <span class='ocrx_word' id='word_1_454' title='bbox 945 3015 1003 3066; x_wconf 83' lang='grc' dir='ltr'><strong>ἐν</strong></span> <span class='ocrx_word' id='word_1_455' title='bbox 1050 3017 1163 3076; x_wconf 87' lang='grc' dir='ltr'>τοῖς</span> <span class='ocrx_word' id='word_1_456' title='bbox 1213 3015 1356 3068; x_wconf 87' lang='grc' dir='ltr'><strong>κατὰ</strong></span> <span class='ocrx_word' id='word_1_457' title='bbox 1404 3014 1700 3084; x_wconf 81' lang='grc' dir='ltr'>Νεστορίου</span> <span class='ocrx_word' id='word_1_458' title='bbox 1758 3014 1848 3068; x_wconf 80' lang='grc' dir='ltr'><strong>λό-</strong></span> 
     </span>
    </p>
   </div>
   <div class='ocr_carea' id='block_1_61' title="bbox 1956 3011 3543 3096">
    <p class='ocr_par' dir='ltr' id='par_1_61' title="bbox 1956 3015 3543 3088">
     <span class='ocr_line' id='line_1_61' title="bbox 1956 3015 3543 3088; baseline 0.001 -20"><span class='ocrx_word' id='word_1_459' title='bbox 1956 3018 2178 3084; x_wconf 74' lang='lat' dir='ltr'><strong>prOpria:</strong></span> <span class='ocrx_word' id='word_1_460' title='bbox 2223 3027 2427 3070; x_wconf 77' lang='lat' dir='ltr'><strong>natura:</strong></span> <span class='ocrx_word' id='word_1_461' title='bbox 2474 3015 2598 3088; x_wconf 75' lang='lat' dir='ltr'><strong>[uti]</strong></span> <span class='ocrx_word' id='word_1_462' title='bbox 2656 3015 2888 3086; x_wconf 77' lang='lat' dir='ltr'><strong>legibus,</strong></span> <span class='ocrx_word' id='word_1_463' title='bbox 2944 3025 2993 3070; x_wconf 75' lang='lat' dir='ltr'><strong>et</strong></span> <span class='ocrx_word' id='word_1_464' title='bbox 3056 3028 3272 3070; x_wconf 87' lang='lat' dir='ltr'><strong>mortem</strong></span> <span class='ocrx_word' id='word_1_465' title='bbox 3307 3029 3543 3087; x_wconf 80' lang='lat' dir='ltr'><strong>gustasse</strong></span> 
     </span>
    </p>
   </div>
   <div class='ocr_carea' id='block_1_62' title="bbox 263 3106 1845 3178">
    <p class='ocr_par' dir='ltr' id='par_1_62' title="bbox 263 3106 1845 3178">
     <span class='ocr_line' id='line_1_62' title="bbox 263 3106 1845 3178; baseline 0.002 -20"><span class='ocrx_word' id='word_1_466' title='bbox 263 3122 380 3174; x_wconf 85' lang='grc' dir='ltr'>γοις</span> <span class='ocrx_word' id='word_1_467' title='bbox 405 3106 503 3175; x_wconf 78' lang='grc' dir='ltr'>τῆς</span> <span class='ocrx_word' id='word_1_468' title='bbox 537 3106 706 3176; x_wconf 76' lang='grc' dir='ltr'>αὐτῆς</span> <span class='ocrx_word' id='word_1_469' title='bbox 758 3106 940 3178; x_wconf 82' lang='grc' dir='ltr'>ἔνοχος</span> <span class='ocrx_word' id='word_1_470' title='bbox 1003 3107 1263 3178; x_wconf 76' lang='grc' dir='ltr'>μέμψεως</span> <span class='ocrx_word' id='word_1_471' title='bbox 1295 3125 1308 3136; x_wconf 80' lang='grc'><em>’</em></span> <span class='ocrx_word' id='word_1_472' title='bbox 1356 3107 1690 3178; x_wconf 80' lang='grc' dir='ltr'>ιιαρεχὼρει</span> <span class='ocrx_word' id='word_1_473' title='bbox 1727 3106 1845 3176; x_wconf 78' lang='grc' dir='ltr'>μὲν</span> 
     </span>
    </p>
   </div>
   <div class='ocr_carea' id='block_1_63' title="bbox 261 3195 1845 3267">
    <p class='ocr_par' dir='ltr' id='par_1_63' title="bbox 261 3195 1845 3267">
     <span class='ocr_line' id='line_1_63' title="bbox 261 3195 1845 3267; baseline 0.001 -18"><span class='ocrx_word' id='word_1_474' title='bbox 261 3196 372 3266; x_wconf 80' lang='grc' dir='ltr'><strong>τὰρ</strong></span> <span class='ocrx_word' id='word_1_475' title='bbox 398 3195 466 3250; x_wconf 88' lang='grc' dir='ltr'>τὸ</span> <span class='ocrx_word' id='word_1_476' title='bbox 491 3195 687 3266; x_wconf 82' lang='grc' dir='ltr'>σῶμα,</span> <span class='ocrx_word' id='word_1_477' title='bbox 719 3198 875 3267; x_wconf 68' lang='grc' dir='ltr'>φησι,</span> <span class='ocrx_word' id='word_1_478' title='bbox 897 3198 943 3228; x_wconf 81' lang='grc'><strong>⁹⁰</strong></span> <span class='ocrx_word' id='word_1_479' title='bbox 980 3198 1104 3263; x_wconf 82' lang='grc' dir='ltr'>τοῖς</span> <span class='ocrx_word' id='word_1_480' title='bbox 1133 3195 1240 3265; x_wconf 83' lang='grc' dir='ltr'>τῆς</span> <span class='ocrx_word' id='word_1_481' title='bbox 1274 3196 1428 3264; x_wconf 79' lang='grc' dir='ltr'>ιδίας</span> <span class='ocrx_word' id='word_1_482' title='bbox 1453 3196 1711 3266; x_wconf 64' lang='grc' dir='ltr'>γριῖσϐαι</span> <span class='ocrx_word' id='word_1_483' title='bbox 1735 3197 1845 3266; x_wconf 69' lang='grc' dir='ltr'><strong>φύ-</strong></span> 
     </span>
    </p>
   </div>
   <div class='ocr_carea' id='block_1_64' title="bbox 263 3288 1846 3359">
    <p class='ocr_par' dir='ltr' id='par_1_64' title="bbox 263 3288 1846 3359">
     <span class='ocr_line' id='line_1_64' title="bbox 263 3288 1846 3359; baseline 0.001 -17"><span class='ocrx_word' id='word_1_484' title='bbox 263 3303 414 3355; x_wconf 83' lang='grc' dir='ltr'>σεως</span> <span class='ocrx_word' id='word_1_485' title='bbox 442 3288 674 3359; x_wconf 86' lang='grc' dir='ltr'>νόμοις,</span> <span class='ocrx_word' id='word_1_486' title='bbox 705 3289 804 3344; x_wconf 79' lang='grc' dir='ltr'><strong>καὶ</strong></span> <span class='ocrx_word' id='word_1_487' title='bbox 838 3288 953 3358; x_wconf 73' lang='grc' dir='ltr'><strong>τὴν</strong></span> <span class='ocrx_word' id='word_1_488' title='bbox 978 3290 1085 3344; x_wconf 85' lang='grc' dir='ltr'><strong>τοῦ</strong></span> <span class='ocrx_word' id='word_1_489' title='bbox 1113 3290 1373 3346; x_wconf 78' lang='grc' dir='ltr'>θανάτου</span> <span class='ocrx_word' id='word_1_490' title='bbox 1402 3289 1616 3358; x_wconf 78' lang='grc' dir='ltr'>γεῦσιν</span> <span class='ocrx_word' id='word_1_491' title='bbox 1644 3289 1846 3358; x_wconf 80' lang='grc' dir='ltr'><strong>ἑδέχε·</strong></span> 
     </span>
    </p>
   </div>
   <div class='ocr_carea' id='block_1_65' title="bbox 262 3380 1846 3451">
    <p class='ocr_par' dir='ltr' id='par_1_65' title="bbox 262 3380 1846 3451">
     <span class='ocr_line' id='line_1_65' title="bbox 262 3380 1846 3451; baseline 0.001 -17"><span class='ocrx_word' id='word_1_492' title='bbox 262 3399 348 3444; x_wconf 86' lang='grc' dir='ltr'><strong>το,</strong></span> <span class='ocrx_word' id='word_1_493' title='bbox 379 3381 481 3436; x_wconf 75' lang='grc' dir='ltr'>καί</span> <span class='ocrx_word' id='word_1_494' title='bbox 514 3382 914 3438; x_wconf 83' lang='grc' dir='ltr'>τοῦτοπαθεῖν</span> <span class='ocrx_word' id='word_1_495' title='bbox 936 3383 1185 3451; x_wconf 63' lang='grc' dir='ltr'>ἐφέντος</span> <span class='ocrx_word' id='word_1_496' title='bbox 1209 3380 1370 3446; x_wconf 81' lang='grc' dir='ltr'>αὐτῷ</span> <span class='ocrx_word' id='word_1_497' title='bbox 1399 3383 1711 3451; x_wconf 77' lang='grc' dir='ltr'>χρησίμως</span> <span class='ocrx_word' id='word_1_498' title='bbox 1738 3383 1846 3436; x_wconf 86' lang='grc' dir='ltr'><strong>τοῦ</strong></span> 
     </span>
    </p>
   </div>
   <div class='ocr_carea' id='block_1_66' title="bbox 261 3473 1845 3543">
    <p class='ocr_par' dir='ltr' id='par_1_66' title="bbox 261 3473 1845 3543">
     <span class='ocr_line' id='line_1_66' title="bbox 261 3473 1845 3543; baseline 0.001 -17"><span class='ocrx_word' id='word_1_499' title='bbox 261 3473 586 3540; x_wconf 84' lang='grc' dir='ltr'>ὲνωθέντος</span> <span class='ocrx_word' id='word_1_500' title='bbox 629 3475 846 3543; x_wconf 77' lang='grc' dir='ltr'>Λόγου.</span> <span class='ocrx_word' id='word_1_501' title='bbox 881 3475 990 3528; x_wconf 74' lang='grc' dir='ltr'>Καὶ</span> <span class='ocrx_word' id='word_1_502' title='bbox 1035 3474 1196 3527; x_wconf 73' lang='grc' dir='ltr'>πάλιν</span> <span class='ocrx_word' id='word_1_503' title='bbox 1249 3476 1306 3526; x_wconf 86' lang='grc' dir='ltr'><strong>ἐν</strong></span> <span class='ocrx_word' id='word_1_504' title='bbox 1339 3478 1448 3538; x_wconf 88' lang='grc' dir='ltr'>τοῖς</span> <span class='ocrx_word' id='word_1_505' title='bbox 1483 3474 1845 3542; x_wconf 85' lang='grc' dir='ltr'>Θησαυροῐς,</span> 
     </span>
    </p>
   </div>
   <div class='ocr_carea' id='block_1_67' title="bbox 1944 3108 3544 3179">
    <p class='ocr_par' dir='ltr' id='par_1_67' title="bbox 1944 3108 3544 3179">
     <span class='ocr_line' id='line_1_67' title="bbox 1944 3108 3544 3179; baseline -0.003 -15"><span class='ocrx_word' id='word_1_506' title='bbox 1944 3108 2198 3173; x_wconf 81' lang='lat' dir='ltr'><strong>concedit,</strong></span> <span class='ocrx_word' id='word_1_507' title='bbox 2251 3118 2298 3161; x_wconf 88' lang='lat' dir='ltr'><strong>et</strong></span> <span class='ocrx_word' id='word_1_508' title='bbox 2346 3108 2442 3162; x_wconf 89' lang='lat' dir='ltr'><strong>hoc</strong></span> <span class='ocrx_word' id='word_1_509' title='bbox 2494 3127 2707 3178; x_wconf 85' lang='lat' dir='ltr'><strong>passum</strong></span> <span class='ocrx_word' id='word_1_510' title='bbox 2753 3125 2861 3163; x_wconf 82' lang='lat' dir='ltr'><strong>esse</strong></span> <span class='ocrx_word' id='word_1_511' title='bbox 2913 3109 3167 3179; x_wconf 81' lang='lat' dir='ltr'><strong>adjuncto</strong></span> <span class='ocrx_word' id='word_1_512' title='bbox 3207 3109 3288 3162; x_wconf 84' lang='lat' dir='ltr'><strong>illi</strong></span> <span class='ocrx_word' id='word_1_513' title='bbox 3347 3110 3544 3162; x_wconf 75' lang='lat' dir='ltr'><strong>utiliter</strong></span> 
     </span>
    </p>
   </div>
   <div class='ocr_carea' id='block_1_68' title="bbox 1947 3196 3543 3255">
    <p class='ocr_par' dir='ltr' id='par_1_68' title="bbox 1947 3196 3543 3255">
     <span class='ocr_line' id='line_1_68' title="bbox 1947 3196 3543 3255; baseline -0.003 0"><span class='ocrx_word' id='word_1_514' title='bbox 1947 3205 2096 3255; x_wconf 85' lang='lat' dir='ltr'><strong>unita</strong></span> <span class='ocrx_word' id='word_1_515' title='bbox 2159 3196 2348 3253; x_wconf 83' lang='lat' dir='ltr'><strong>Verbo.</strong></span> <span class='ocrx_word' id='word_1_516' title='bbox 2411 3199 2473 3252; x_wconf 77' lang='lat' dir='ltr'><strong>Et</strong></span> <span class='ocrx_word' id='word_1_517' title='bbox 2513 3215 2724 3254; x_wconf 85' lang='lat' dir='ltr'><strong>rursum</strong></span> <span class='ocrx_word' id='word_1_518' title='bbox 2770 3200 2822 3253; x_wconf 92' lang='lat' dir='ltr'><strong>in</strong></span> <span class='ocrx_word' id='word_1_519' title='bbox 2876 3199 3157 3252; x_wconf 79' lang='lat' dir='ltr'><strong>Thesauris</strong></span> <span class='ocrx_word' id='word_1_520' title='bbox 3209 3214 3227 3253; x_wconf 89' lang='lat'><strong><em>:</em></strong></span> <span class='ocrx_word' id='word_1_521' title='bbox 3283 3198 3543 3251; x_wconf 78' lang='lat' dir='ltr'><strong>Permittit</strong></span> 
     </span>
    </p>
   </div>
   <div class='ocr_carea' id='block_1_69' title="bbox 1945 3288 3544 3361">
    <p class='ocr_par' dir='ltr' id='par_1_69' title="bbox 1945 3288 3544 3361">
     <span class='ocr_line' id='line_1_69' title="bbox 1945 3288 3544 3361; baseline -0.004 -15"><span class='ocrx_word' id='word_1_522' title='bbox 1945 3293 2150 3361; x_wconf 84' lang='lat' dir='ltr'><strong>corpori</strong></span> <span class='ocrx_word' id='word_1_523' title='bbox 2201 3300 2249 3344; x_wconf 90' lang='lat' dir='ltr'><strong>et</strong></span> <span class='ocrx_word' id='word_1_524' title='bbox 2311 3291 2630 3344; x_wconf 78' lang='lat' dir='ltr'><strong>humanitati</strong></span> <span class='ocrx_word' id='word_1_525' title='bbox 2669 3307 2729 3344; x_wconf 88' lang='lat' dir='ltr'><strong>ea</strong></span> <span class='ocrx_word' id='word_1_526' title='bbox 2772 3307 2887 3360; x_wconf 76' lang='lat' dir='ltr'><strong>qua:</strong></span> <span class='ocrx_word' id='word_1_527' title='bbox 2937 3290 3044 3343; x_wconf 83' lang='lat' dir='ltr'><strong>illis</strong></span> <span class='ocrx_word' id='word_1_528' title='bbox 3092 3288 3446 3351; x_wconf 83' lang='lat' dir='ltr'><strong>conveniunt;</strong></span> <span class='ocrx_word' id='word_1_529' title='bbox 3496 3297 3544 3340; x_wconf 90' lang='lat' dir='ltr'><strong>et</strong></span> 
     </span>
    </p>
   </div>
   <div class='ocr_carea' id='block_1_70' title="bbox 1947 3378 3545 3450">
    <p class='ocr_par' dir='ltr' id='par_1_70' title="bbox 1947 3378 3545 3450">
     <span class='ocr_line' id='line_1_70' title="bbox 1947 3378 3545 3450; baseline -0.003 -16"><span class='ocrx_word' id='word_1_530' title='bbox 1947 3383 2356 3436; x_wconf 79' lang='lat' dir='ltr'><strong>declarationem</strong></span> <span class='ocrx_word' id='word_1_531' title='bbox 2391 3398 2562 3434; x_wconf 76' lang='lat' dir='ltr'><strong>rerum</strong></span> <span class='ocrx_word' id='word_1_532' title='bbox 2599 3398 2808 3436; x_wconf 84' lang='lat' dir='ltr'><strong>carnem</strong></span> <span class='ocrx_word' id='word_1_533' title='bbox 2845 3382 3033 3450; x_wconf 78' lang='lat' dir='ltr'><strong>fuisse,</strong></span> <span class='ocrx_word' id='word_1_534' title='bbox 3061 3391 3108 3434; x_wconf 89' lang='lat' dir='ltr'><strong>et</strong></span> <span class='ocrx_word' id='word_1_535' title='bbox 3143 3381 3417 3433; x_wconf 76' lang='lat' dir='ltr'><strong>&#39;homiuom</strong></span> <span class='ocrx_word' id='word_1_536' title='bbox 3463 3378 3545 3446; x_wconf 82' lang='lat' dir='ltr'><strong>[u-</strong></span> 
     </span>
    </p>
   </div>
   <div class='ocr_carea' id='block_1_71' title="bbox 1948 3471 3240 3540">
    <p class='ocr_par' dir='ltr' id='par_1_71' title="bbox 1948 3471 3240 3540">
     <span class='ocr_line' id='line_1_71' title="bbox 1948 3471 3240 3540; baseline -0.002 -14"><span class='ocrx_word' id='word_1_537' title='bbox 1948 3485 2089 3527; x_wconf 89' lang='lat' dir='ltr'><strong>ctum</strong></span> <span class='ocrx_word' id='word_1_538' title='bbox 2113 3475 2397 3526; x_wconf 86' lang='lat' dir='ltr'><strong>secundum</strong></span> <span class='ocrx_word' id='word_1_539' title='bbox 2429 3471 2757 3540; x_wconf 70' lang='lat' dir='ltr'><strong>Scriptores.</strong></span> <span class='ocrx_word' id='word_1_540' title='bbox 2790 3473 2896 3525; x_wconf 84' lang='lat' dir='ltr'><strong>Sed</strong></span> <span class='ocrx_word' id='word_1_541' title='bbox 2933 3471 3047 3525; x_wconf 74' lang='lat' dir='ltr'><strong>haec</strong></span> <span class='ocrx_word' id='word_1_542' title='bbox 3083 3486 3240 3524; x_wconf 86' lang='lat' dir='ltr'><strong>mmc.</strong></span> 
     </span>
    </p>
   </div>
   <div class='ocr_carea' id='block_1_72' title="bbox 279 3565 3547 3638">
    <p class='ocr_par' dir='ltr' id='par_1_72' title="bbox 279 3565 3547 3638">
     <span class='ocr_line' id='line_1_72' title="bbox 279 3565 3547 3638; baseline -0.002 -17"><span class='ocrx_word' id='word_1_543' title='bbox 279 3569 602 3637; x_wconf 78' lang='grc' dir='ltr'>Ἑπιτρέπει</span> <span class='ocrx_word' id='word_1_544' title='bbox 629 3569 698 3622; x_wconf 81' lang='grc' dir='ltr'><strong>δὲ</strong></span> <span class='ocrx_word' id='word_1_545' title='bbox 752 3568 830 3635; x_wconf 85' lang='grc' dir='ltr'>τῷ</span> <span class='ocrx_word' id='word_1_546' title='bbox 856 3569 1082 3638; x_wconf 82' lang='grc' dir='ltr'>σώματι</span> <span class='ocrx_word' id='word_1_547' title='bbox 1119 3569 1218 3622; x_wconf 72' lang='grc' dir='ltr'><strong>καὶ</strong></span> <span class='ocrx_word' id='word_1_548' title='bbox 1241 3567 1315 3637; x_wconf 74' lang='grc' dir='ltr'>τῇ</span> <span class='ocrx_word' id='word_1_549' title='bbox 1332 3569 1741 3636; x_wconf 77' lang='grc' dir='ltr'>ἀνθρωπότητι</span> <span class='ocrx_word' id='word_1_550' title='bbox 1764 3568 1837 3622; x_wconf 84' lang='grc' dir='ltr'>τὰ</span> <span class='ocrx_word' id='word_1_551' title='bbox 1857 3567 2062 3634; x_wconf 84' lang='grc' dir='ltr'>αὐτοῖς</span> <span class='ocrx_word' id='word_1_552' title='bbox 2092 3567 2135 3600; x_wconf 77' lang='grc'><strong>⁰¹</strong></span> <span class='ocrx_word' id='word_1_553' title='bbox 2173 3566 2358 3636; x_wconf 69' lang='grc' dir='ltr'>φύσει</span> <span class='ocrx_word' id='word_1_554' title='bbox 2387 3569 2717 3635; x_wconf 82' lang='grc' dir='ltr'>προσόντα,</span> <span class='ocrx_word' id='word_1_555' title='bbox 2749 3569 2836 3633; x_wconf 78' lang='grc' dir='ltr'>εἰς</span> <span class='ocrx_word' id='word_1_556' title='bbox 2864 3566 3176 3631; x_wconf 78' lang='grc' dir='ltr'>ἀπόδειξιν</span> <span class='ocrx_word' id='word_1_557' title='bbox 3223 3565 3329 3619; x_wconf 83' lang='grc' dir='ltr'><strong>τοῦ</strong></span> <span class='ocrx_word' id='word_1_558' title='bbox 3358 3565 3547 3632; x_wconf 82' lang='grc' dir='ltr'>ὅντως</span> 
     </span>
    </p>
   </div>
   <div class='ocr_carea' id='block_1_73' title="bbox 265 3657 3543 3734">
    <p class='ocr_par' dir='ltr' id='par_1_73' title="bbox 265 3657 3543 3734">
     <span class='ocr_line' id='line_1_73' title="bbox 265 3657 3543 3734; baseline -0.001 -19"><span class='ocrx_word' id='word_1_559' title='bbox 265 3663 360 3716; x_wconf 78' lang='grc' dir='ltr'><strong>καὶ</strong></span> <span class='ocrx_word' id='word_1_560' title='bbox 384 3663 536 3720; x_wconf 81' lang='grc' dir='ltr'>κατὰ</span> <span class='ocrx_word' id='word_1_561' title='bbox 567 3660 856 3726; x_wconf 70' lang='grc' dir='ltr'>ἀλήθειαν</span> <span class='ocrx_word' id='word_1_562' title='bbox 875 3659 1136 3730; x_wconf 66' lang='grc' dir='ltr'>φορῆσαι</span> <span class='ocrx_word' id='word_1_563' title='bbox 1177 3660 1375 3727; x_wconf 83' lang='grc' dir='ltr'>σάρκα</span> <span class='ocrx_word' id='word_1_564' title='bbox 1420 3659 1517 3713; x_wconf 75' lang='grc' dir='ltr'><strong>καὶ</strong></span> <span class='ocrx_word' id='word_1_565' title='bbox 1548 3657 1864 3728; x_wconf 79' lang='grc' dir='ltr'>ἄνθρωπον</span> <span class='ocrx_word' id='word_1_566' title='bbox 1888 3658 2169 3729; x_wconf 76' lang='grc' dir='ltr'>γενέσθαι</span> <span class='ocrx_word' id='word_1_567' title='bbox 2198 3659 2349 3712; x_wconf 84' lang='grc' dir='ltr'>κατὰ</span> <span class='ocrx_word' id='word_1_568' title='bbox 2383 3660 2487 3726; x_wconf 83' lang='grc' dir='ltr'>τὰς</span> <span class='ocrx_word' id='word_1_569' title='bbox 2520 3659 2786 3730; x_wconf 63' lang='grc' dir='ltr'>Γραφιὶς.</span> <span class='ocrx_word' id='word_1_570' title='bbox 2844 3658 3002 3714; x_wconf 77' lang='grc' dir='ltr'>Ἀλλὰ</span> <span class='ocrx_word' id='word_1_571' title='bbox 3030 3659 3204 3714; x_wconf 82' lang='grc' dir='ltr'>ταῦτα</span> <span class='ocrx_word' id='word_1_572' title='bbox 3227 3659 3328 3730; x_wconf 81' lang='grc' dir='ltr'>μὲν</span> <span class='ocrx_word' id='word_1_573' title='bbox 3347 3660 3543 3734; x_wconf 54' lang='grc' dir='ltr'>ταύτῃ,</span> 
     </span>
    </p>
   </div>
   <div class='ocr_carea' id='block_1_74' title="bbox 333 3775 1855 3847">
    <p class='ocr_par' dir='ltr' id='par_1_74' title="bbox 333 3775 1855 3847">
     <span class='ocr_line' id='line_1_74' title="bbox 333 3775 1855 3847; baseline -0.001 -16"><span class='ocrx_word' id='word_1_574' title='bbox 333 3779 458 3832; x_wconf 79' lang='grc' dir='ltr'>Ὅτι</span> <span class='ocrx_word' id='word_1_575' title='bbox 485 3777 543 3831; x_wconf 75' lang='grc' dir='ltr'><strong>δὲ</strong></span> <span class='ocrx_word' id='word_1_576' title='bbox 568 3779 602 3846; x_wconf 82' lang='grc' dir='ltr'>ἡ</span> <span class='ocrx_word' id='word_1_577' title='bbox 627 3778 808 3847; x_wconf 69' lang='grc' dir='ltr'>μορφὴ</span> <span class='ocrx_word' id='word_1_578' title='bbox 828 3778 926 3846; x_wconf 82' lang='grc' dir='ltr'><strong>οὐχ</strong></span> <span class='ocrx_word' id='word_1_579' title='bbox 952 3775 1298 3845; x_wconf 79' lang='grc' dir='ltr'>ὑπόστασιςῆ</span> <span class='ocrx_word' id='word_1_580' title='bbox 1333 3776 1625 3844; x_wconf 73' lang='grc' dir='ltr'>πρόσωπον</span> <span class='ocrx_word' id='word_1_581' title='bbox 1646 3777 1694 3808; x_wconf 74' lang='grc'>⁸³</span> <span class='ocrx_word' id='word_1_582' title='bbox 1717 3778 1855 3830; x_wconf 88' lang='grc' dir='ltr'>νοεῖ-</span> 
     </span>
    </p>
   </div>
   <div class='ocr_carea' id='block_1_75' title="bbox 264 3867 1856 3939">
    <p class='ocr_par' dir='ltr' id='par_1_75' title="bbox 264 3867 1856 3939">
     <span class='ocr_line' id='line_1_75' title="bbox 264 3867 1856 3939; baseline -0.003 -16"><span class='ocrx_word' id='word_1_583' title='bbox 264 3886 350 3923; x_wconf 83' lang='grc' dir='ltr'><strong>ται</strong></span> <span class='ocrx_word' id='word_1_584' title='bbox 377 3868 493 3923; x_wconf 76' lang='grc' dir='ltr'>ἀλλ’</span> <span class='ocrx_word' id='word_1_585' title='bbox 525 3870 703 3932; x_wconf 81' lang='grc' dir='ltr'>οὐσία,</span> <span class='ocrx_word' id='word_1_586' title='bbox 732 3868 1008 3930; x_wconf 83' lang='grc' dir='ltr'>Βασίλειος</span> <span class='ocrx_word' id='word_1_587' title='bbox 1038 3870 1134 3938; x_wconf 80' lang='grc' dir='ltr'><strong>μὲν</strong></span> <span class='ocrx_word' id='word_1_588' title='bbox 1154 3871 1182 3920; x_wconf 83' lang='grc' dir='ltr'>ὁ</span> <span class='ocrx_word' id='word_1_589' title='bbox 1208 3869 1458 3938; x_wconf 77' lang='grc' dir='ltr'>λαμπρὸς</span> <span class='ocrx_word' id='word_1_590' title='bbox 1487 3870 1585 3939; x_wconf 80' lang='grc' dir='ltr'>τῆς</span> <span class='ocrx_word' id='word_1_591' title='bbox 1625 3867 1856 3936; x_wconf 83' lang='grc' dir='ltr'>Ἐκκλη-</span> 
     </span>
    </p>
   </div>
   <div class='ocr_carea' id='block_1_76' title="bbox 268 3960 1860 4032">
    <p class='ocr_par' dir='ltr' id='par_1_76' title="bbox 268 3960 1860 4032">
     <span class='ocr_line' id='line_1_76' title="bbox 268 3960 1860 4032; baseline 0 -18"><span class='ocrx_word' id='word_1_592' title='bbox 268 3963 384 4023; x_wconf 82' lang='grc' dir='ltr'>σίας</span> <span class='ocrx_word' id='word_1_593' title='bbox 439 3963 613 4031; x_wconf 76' lang='grc' dir='ltr'>κῆρυξ</span> <span class='ocrx_word' id='word_1_594' title='bbox 652 3965 708 4015; x_wconf 83' lang='grc' dir='ltr'><strong>ἐν</strong></span> <span class='ocrx_word' id='word_1_595' title='bbox 764 3961 844 4031; x_wconf 81' lang='grc' dir='ltr'>τῷ</span> <span class='ocrx_word' id='word_1_596' title='bbox 893 3962 1012 4015; x_wconf 86' lang='grc' dir='ltr'>κατ’</span> <span class='ocrx_word' id='word_1_597' title='bbox 1053 3961 1324 4032; x_wconf 80' lang='grc' dir='ltr'>Εὐνομίου</span> <span class='ocrx_word' id='word_1_598' title='bbox 1343 3961 1391 3994; x_wconf 73' lang='grc'>⁸³</span> <span class='ocrx_word' id='word_1_599' title='bbox 1453 3960 1598 4032; x_wconf 83' lang='grc' dir='ltr'>λόγῳ</span> <span class='ocrx_word' id='word_1_600' title='bbox 1644 3960 1860 4030; x_wconf 82' lang='grc' dir='ltr'>τρανῶς</span> 
     </span>
    </p>
   </div>
   <div class='ocr_carea' id='block_1_77' title="bbox 266 4053 1856 4124">
    <p class='ocr_par' dir='ltr' id='par_1_77' title="bbox 266 4053 1856 4124">
     <span class='ocr_line' id='line_1_77' title="bbox 266 4053 1856 4124; baseline 0 -18"><span class='ocrx_word' id='word_1_601' title='bbox 266 4053 526 4118; x_wconf 63' lang='grc' dir='ltr'>διδάσκει,</span> <span class='ocrx_word' id='word_1_602' title='bbox 565 4056 658 4108; x_wconf 82' lang='grc' dir='ltr'>καὶ</span> <span class='ocrx_word' id='word_1_603' title='bbox 693 4053 959 4124; x_wconf 77' lang='grc' dir='ltr'>Κύριλλος</span> <span class='ocrx_word' id='word_1_604' title='bbox 987 4053 1031 4106; x_wconf 86' lang='grc' dir='ltr'><strong>δ’</strong></span> <span class='ocrx_word' id='word_1_605' title='bbox 1058 4055 1114 4106; x_wconf 84' lang='grc' dir='ltr'><strong>ἐν</strong></span> <span class='ocrx_word' id='word_1_606' title='bbox 1149 4056 1261 4117; x_wconf 87' lang='grc' dir='ltr'>τοῖς</span> <span class='ocrx_word' id='word_1_607' title='bbox 1293 4053 1630 4122; x_wconf 76' lang='grc' dir='ltr'>Θησαυροῖς</span> <span class='ocrx_word' id='word_1_608' title='bbox 1663 4054 1856 4122; x_wconf 78' lang='grc' dir='ltr'>λέγων,</span> 
     </span>
    </p>
   </div>
   <div class='ocr_carea' id='block_1_78' title="bbox 275 4143 1847 4214">
    <p class='ocr_par' dir='ltr' id='par_1_78' title="bbox 275 4143 1847 4214">
     <span class='ocr_line' id='line_1_78' title="bbox 275 4143 1847 4214; baseline -0.002 -15"><span class='ocrx_word' id='word_1_609' title='bbox 275 4148 386 4199; x_wconf 84' lang='grc' dir='ltr'>Ἦν</span> <span class='ocrx_word' id='word_1_610' title='bbox 423 4146 604 4199; x_wconf 58' lang='lat' dir='ltr'><strong>Elaris</strong></span> <span class='ocrx_word' id='word_1_611' title='bbox 631 4145 874 4214; x_wconf 68' lang='grc' dir='ltr'>μορφὴν</span> <span class='ocrx_word' id='word_1_612' title='bbox 911 4149 944 4199; x_wconf 80' lang='grc' dir='ltr'><em>ὁ</em></span> <span class='ocrx_word' id='word_1_613' title='bbox 990 4147 1060 4200; x_wconf 85' lang='grc' dir='ltr'>ἐν</span> <span class='ocrx_word' id='word_1_614' title='bbox 1093 4144 1297 4214; x_wconf 70' lang='grc' dir='ltr'>μορφῇ</span> <span class='ocrx_word' id='word_1_615' title='bbox 1335 4145 1482 4199; x_wconf 84' lang='grc' dir='ltr'>Θεοῦ</span> <span class='ocrx_word' id='word_1_616' title='bbox 1538 4143 1847 4213; x_wconf 81' lang='grc' dir='ltr'>ὑπάρχων,</span> 
     </span>
    </p>
   </div>
   <div class='ocr_carea' id='block_1_79' title="bbox 270 4236 1855 4307">
    <p class='ocr_par' dir='ltr' id='par_1_79' title="bbox 270 4236 1855 4307">
     <span class='ocr_line' id='line_1_79' title="bbox 270 4236 1855 4307; baseline -0.002 -16"><span class='ocrx_word' id='word_1_617' title='bbox 270 4237 565 4307; x_wconf 81' lang='grc' dir='ltr'>ὀμοουσία</span> <span class='ocrx_word' id='word_1_618' title='bbox 593 4236 760 4306; x_wconf 77' lang='grc' dir='ltr'>ἡμῶν</span> <span class='ocrx_word' id='word_1_619' title='bbox 777 4237 823 4268; x_wconf 67' lang='grc'><strong>⁸³</strong></span> <span class='ocrx_word' id='word_1_620' title='bbox 851 4237 1041 4301; x_wconf 83' lang='grc' dir='ltr'>ἐστιν,</span> <span class='ocrx_word' id='word_1_621' title='bbox 1091 4237 1183 4290; x_wconf 87' lang='grc' dir='ltr'>ὅτι</span> <span class='ocrx_word' id='word_1_622' title='bbox 1221 4238 1319 4290; x_wconf 75' lang='grc' dir='ltr'><strong>καὶ</strong></span> <span class='ocrx_word' id='word_1_623' title='bbox 1359 4238 1427 4300; x_wconf 82' lang='grc' dir='ltr'><strong>ἐξ</strong></span> <span class='ocrx_word' id='word_1_624' title='bbox 1464 4237 1648 4306; x_wconf 71' lang='grc' dir='ltr'>ἡμῶν.</span> <span class='ocrx_word' id='word_1_625' title='bbox 1679 4238 1855 4290; x_wconf 83' lang='grc' dir='ltr'>Ἔστι</span> 
     </span>
    </p>
   </div>
   <div class='ocr_carea' id='block_1_80' title="bbox 271 4327 1852 4398">
    <p class='ocr_par' dir='ltr' id='par_1_80' title="bbox 271 4327 1852 4398">
     <span class='ocr_line' id='line_1_80' title="bbox 271 4327 1852 4398; baseline 0 -16"><span class='ocrx_word' id='word_1_626' title='bbox 271 4329 338 4382; x_wconf 75' lang='grc' dir='ltr'><strong>δὲ</strong></span> <span class='ocrx_word' id='word_1_627' title='bbox 371 4329 521 4382; x_wconf 85' lang='grc' dir='ltr'>Θεοῦ</span> <span class='ocrx_word' id='word_1_628' title='bbox 548 4328 752 4398; x_wconf 69' lang='grc' dir='ltr'>μορφὴ</span> <span class='ocrx_word' id='word_1_629' title='bbox 791 4331 824 4383; x_wconf 86' lang='grc' dir='ltr'><em>ό</em></span> <span class='ocrx_word' id='word_1_630' title='bbox 887 4330 1037 4394; x_wconf 73' lang='grc' dir='ltr'><em>Υἱός·</em></span> <span class='ocrx_word' id='word_1_631' title='bbox 1105 4329 1428 4397; x_wconf 79' lang='grc' dir='ltr'>ὀμοούσιος</span> <span class='ocrx_word' id='word_1_632' title='bbox 1459 4327 1576 4396; x_wconf 78' lang='grc' dir='ltr'>ἄρα</span> <span class='ocrx_word' id='word_1_633' title='bbox 1611 4328 1852 4382; x_wconf 76' lang='grc' dir='ltr'>ἐκείνου</span> 
     </span>
    </p>
   </div>
   <div class='ocr_carea' id='block_1_81' title="bbox 270 4415 1853 4491">
    <p class='ocr_par' dir='ltr' id='par_1_81' title="bbox 270 4415 1853 4491">
     <span class='ocr_line' id='line_1_81' title="bbox 270 4415 1853 4491; baseline -0.002 -15"><span class='ocrx_word' id='word_1_634' title='bbox 270 4415 342 4476; x_wconf 83' lang='grc' dir='ltr'>οὗ</span> <span class='ocrx_word' id='word_1_635' title='bbox 376 4421 476 4474; x_wconf 77' lang='grc' dir='ltr'><strong>καὶ</strong></span> <span class='ocrx_word' id='word_1_636' title='bbox 509 4419 685 4474; x_wconf 72' lang='grc' dir='ltr'>ἐστιν</span> <span class='ocrx_word' id='word_1_637' title='bbox 729 4421 800 4474; x_wconf 85' lang='grc' dir='ltr'>ἐν</span> <span class='ocrx_word' id='word_1_638' title='bbox 817 4421 1043 4490; x_wconf 67' lang='grc' dir='ltr'>μορφῇ.</span> <span class='ocrx_word' id='word_1_639' title='bbox 1105 4422 1214 4475; x_wconf 79' lang='grc' dir='ltr'><strong>Καὶ</strong></span> <span class='ocrx_word' id='word_1_640' title='bbox 1247 4422 1354 4491; x_wconf 82' lang='grc' dir='ltr'><strong>πρὸ</strong></span> <span class='ocrx_word' id='word_1_641' title='bbox 1379 4421 1588 4475; x_wconf 75' lang='grc' dir='ltr'>τούτων</span> <span class='ocrx_word' id='word_1_642' title='bbox 1614 4422 1641 4473; x_wconf 84' lang='grc' dir='ltr'>ὁ</span> <span class='ocrx_word' id='word_1_643' title='bbox 1679 4420 1853 4490; x_wconf 79' lang='grc' dir='ltr'>μέγας</span> 
     </span>
    </p>
   </div>
   <div class='ocr_carea' id='block_1_82' title="bbox 2025 3773 3545 3845">
    <p class='ocr_par' dir='ltr' id='par_1_82' title="bbox 2025 3773 3545 3845">
     <span class='ocr_line' id='line_1_82' title="bbox 2025 3773 3545 3845; baseline -0.002 -17"><span class='ocrx_word' id='word_1_644' title='bbox 2025 3774 2162 3840; x_wconf 85' lang='lat' dir='ltr'><strong>Quia</strong></span> <span class='ocrx_word' id='word_1_645' title='bbox 2185 3774 2356 3829; x_wconf 79' lang='lat' dir='ltr'><strong>forma</strong></span> <span class='ocrx_word' id='word_1_646' title='bbox 2383 3788 2488 3829; x_wconf 91' lang='lat' dir='ltr'><strong>non</strong></span> <span class='ocrx_word' id='word_1_647' title='bbox 2514 3775 2821 3845; x_wconf 78' lang='lat' dir='ltr'><strong>hypostasis</strong></span> <span class='ocrx_word' id='word_1_648' title='bbox 2850 3773 2933 3827; x_wconf 82' lang='lat' dir='ltr'><strong>vel</strong></span> <span class='ocrx_word' id='word_1_649' title='bbox 2980 3788 3208 3842; x_wconf 84' lang='lat' dir='ltr'><strong>persona</strong></span> <span class='ocrx_word' id='word_1_650' title='bbox 3247 3787 3434 3826; x_wconf 87' lang='lat' dir='ltr'><strong>rursus</strong></span> <span class='ocrx_word' id='word_1_651' title='bbox 3463 3774 3545 3825; x_wconf 88' lang='lat' dir='ltr'><strong>in-</strong></span> 
     </span>
    </p>
   </div>
   <div class='ocr_carea' id='block_1_83' title="bbox 1954 3863 3546 3936">
    <p class='ocr_par' dir='ltr' id='par_1_83' title="bbox 1954 3863 3546 3936">
     <span class='ocr_line' id='line_1_83' title="bbox 1954 3863 3546 3936; baseline -0.001 -17"><span class='ocrx_word' id='word_1_652' title='bbox 1954 3867 2230 3934; x_wconf 79' lang='lat' dir='ltr'><strong>telligitur,</strong></span> <span class='ocrx_word' id='word_1_653' title='bbox 2251 3868 2342 3920; x_wconf 86' lang='lat' dir='ltr'><strong>sed</strong></span> <span class='ocrx_word' id='word_1_654' title='bbox 2367 3868 2620 3921; x_wconf 88' lang='lat' dir='ltr'><strong>essentia.</strong></span> <span class='ocrx_word' id='word_1_655' title='bbox 2656 3867 3138 3936; x_wconf 77' lang='lat' dir='ltr'><strong>Egregiusquoque</strong></span> <span class='ocrx_word' id='word_1_656' title='bbox 3167 3864 3421 3920; x_wconf 58' lang='lat' dir='ltr'><strong>Ecclesia</strong></span> <span class='ocrx_word' id='word_1_657' title='bbox 3451 3863 3546 3918; x_wconf 88' lang='lat' dir='ltr'><strong>do-</strong></span> 
     </span>
    </p>
   </div>
   <div class='ocr_carea' id='block_1_84' title="bbox 1956 3953 3547 4020">
    <p class='ocr_par' dir='ltr' id='par_1_84' title="bbox 1956 3953 3547 4020">
     <span class='ocr_line' id='line_1_84' title="bbox 1956 3953 3547 4020; baseline -0.003 -11"><span class='ocrx_word' id='word_1_658' title='bbox 1956 3966 2075 4010; x_wconf 87' lang='lat' dir='ltr'><strong>ctor</strong></span> <span class='ocrx_word' id='word_1_659' title='bbox 2109 3955 2336 4009; x_wconf 83' lang='lat' dir='ltr'><strong>Basilius</strong></span> <span class='ocrx_word' id='word_1_660' title='bbox 2359 3956 2410 4009; x_wconf 91' lang='lat' dir='ltr'><strong>in</strong></span> <span class='ocrx_word' id='word_1_661' title='bbox 2441 3956 2577 4010; x_wconf 85' lang='lat' dir='ltr'><strong>libro</strong></span> <span class='ocrx_word' id='word_1_662' title='bbox 2606 3955 2805 4011; x_wconf 87' lang='lat' dir='ltr'><strong>Contra</strong></span> <span class='ocrx_word' id='word_1_663' title='bbox 2829 3955 3166 4020; x_wconf 80' lang='lat' dir='ltr'><strong>Eunomium,</strong></span> <span class='ocrx_word' id='word_1_664' title='bbox 3191 3955 3334 4009; x_wconf 89' lang='lat' dir='ltr'><strong>clare</strong></span> <span class='ocrx_word' id='word_1_665' title='bbox 3365 3953 3547 4018; x_wconf 67' lang='lat' dir='ltr'><strong>docn,</strong></span> 
     </span>
    </p>
   </div>
   <div class='ocr_carea' id='block_1_85' title="bbox 1957 4047 3544 4117">
    <p class='ocr_par' dir='ltr' id='par_1_85' title="bbox 1957 4047 3544 4117">
     <span class='ocr_line' id='line_1_85' title="bbox 1957 4047 3544 4117; baseline -0.003 -14"><span class='ocrx_word' id='word_1_666' title='bbox 1957 4059 2011 4104; x_wconf 87' lang='lat' dir='ltr'><strong>et</strong></span> <span class='ocrx_word' id='word_1_667' title='bbox 2032 4048 2263 4116; x_wconf 87' lang='lat' dir='ltr'><strong>Cyrillns</strong></span> <span class='ocrx_word' id='word_1_668' title='bbox 2288 4049 2338 4099; x_wconf 93' lang='lat' dir='ltr'><strong>in</strong></span> <span class='ocrx_word' id='word_1_669' title='bbox 2366 4047 2672 4113; x_wconf 83' lang='lat' dir='ltr'><strong>Thesauris,</strong></span> <span class='ocrx_word' id='word_1_670' title='bbox 2695 4049 2972 4103; x_wconf 81' lang='lat' dir='ltr'><strong>dicentes:</strong></span> <span class='ocrx_word' id='word_1_671' title='bbox 3007 4049 3180 4114; x_wconf 79' lang='lat' dir='ltr'><strong>Quam</strong></span> <span class='ocrx_word' id='word_1_672' title='bbox 3206 4049 3400 4117; x_wconf 82' lang='lat' dir='ltr'><strong>accepit</strong></span> <span class='ocrx_word' id='word_1_673' title='bbox 3431 4047 3544 4116; x_wconf 74' lang='lat' dir='ltr'><strong>[or-</strong></span> 
     </span>
    </p>
   </div>
   <div class='ocr_carea' id='block_1_86' title="bbox 1961 4138 3542 4207">
    <p class='ocr_par' dir='ltr' id='par_1_86' title="bbox 1961 4138 3542 4207">
     <span class='ocr_line' id='line_1_86' title="bbox 1961 4138 3542 4207; baseline -0.001 -14"><span class='ocrx_word' id='word_1_674' title='bbox 1961 4157 2099 4193; x_wconf 82' lang='lat' dir='ltr'><strong>mam</strong></span> <span class='ocrx_word' id='word_1_675' title='bbox 2140 4139 2192 4190; x_wconf 87' lang='lat' dir='ltr'><strong>in</strong></span> <span class='ocrx_word' id='word_1_676' title='bbox 2227 4138 2404 4207; x_wconf 76' lang='lat' dir='ltr'><strong>forma</strong></span> <span class='ocrx_word' id='word_1_677' title='bbox 2433 4140 2526 4192; x_wconf 86' lang='lat' dir='ltr'><strong>Dei</strong></span> <span class='ocrx_word' id='word_1_678' title='bbox 2549 4143 2822 4207; x_wconf 65' lang='lat' dir='ltr'><strong>exsistam,</strong></span> <span class='ocrx_word' id='word_1_679' title='bbox 2855 4142 3000 4195; x_wconf 83' lang='lat' dir='ltr'><strong>nobis</strong></span> <span class='ocrx_word' id='word_1_680' title='bbox 3021 4149 3100 4194; x_wconf 86' lang='lat' dir='ltr'><strong>est</strong></span> <span class='ocrx_word' id='word_1_681' title='bbox 3121 4140 3542 4194; x_wconf 80' lang='lat' dir='ltr'><strong>consubstantia-</strong></span> 
     </span>
    </p>
   </div>
   <div class='ocr_carea' id='block_1_87' title="bbox 1959 4231 3542 4302">
    <p class='ocr_par' dir='ltr' id='par_1_87' title="bbox 1959 4231 3542 4302">
     <span class='ocr_line' id='line_1_87' title="bbox 1959 4231 3542 4302; baseline -0.001 -16"><span class='ocrx_word' id='word_1_682' title='bbox 1959 4234 2046 4299; x_wconf 81' lang='lat' dir='ltr'><strong>lis,</strong></span> <span class='ocrx_word' id='word_1_683' title='bbox 2076 4241 2124 4286; x_wconf 91' lang='lat' dir='ltr'><strong>et</strong></span> <span class='ocrx_word' id='word_1_684' title='bbox 2150 4246 2178 4284; x_wconf 91' lang='lat' dir='ltr'><strong>e</strong></span> <span class='ocrx_word' id='word_1_685' title='bbox 2212 4231 2357 4284; x_wconf 81' lang='lat' dir='ltr'><strong>nobis</strong></span> <span class='ocrx_word' id='word_1_686' title='bbox 2376 4242 2472 4287; x_wconf 85' lang='lat' dir='ltr'><strong>est.</strong></span> <span class='ocrx_word' id='word_1_687' title='bbox 2522 4233 2614 4286; x_wconf 83' lang='lat' dir='ltr'><strong>Est</strong></span> <span class='ocrx_word' id='word_1_688' title='bbox 2640 4250 2758 4287; x_wconf 87' lang='lat' dir='ltr'><strong>vero</strong></span> <span class='ocrx_word' id='word_1_689' title='bbox 2789 4234 2881 4287; x_wconf 85' lang='lat' dir='ltr'><strong>Dei</strong></span> <span class='ocrx_word' id='word_1_690' title='bbox 2908 4233 3076 4302; x_wconf 81' lang='lat' dir='ltr'><strong>[arma</strong></span> <span class='ocrx_word' id='word_1_691' title='bbox 3098 4231 3309 4297; x_wconf 83' lang='lat' dir='ltr'><strong>Filius;</strong></span> <span class='ocrx_word' id='word_1_692' title='bbox 3350 4232 3542 4285; x_wconf 78' lang='lat' dir='ltr'><strong>similis</strong></span> 
     </span>
    </p>
   </div>
   <div class='ocr_carea' id='block_1_88' title="bbox 1961 4325 3542 4398">
    <p class='ocr_par' dir='ltr' id='par_1_88' title="bbox 1961 4325 3542 4398">
     <span class='ocr_line' id='line_1_88' title="bbox 1961 4325 3542 4398; baseline -0.002 -19"><span class='ocrx_word' id='word_1_693' title='bbox 1961 4329 2226 4396; x_wconf 84' lang='lat' dir='ltr'><strong>igiturilli</strong></span> <span class='ocrx_word' id='word_1_694' title='bbox 2287 4329 2440 4398; x_wconf 82' lang='lat' dir='ltr'><strong>cujus</strong></span> <span class='ocrx_word' id='word_1_695' title='bbox 2488 4327 2652 4380; x_wconf 84' lang='lat' dir='ltr'><strong>etiam</strong></span> <span class='ocrx_word' id='word_1_696' title='bbox 2703 4327 2755 4380; x_wconf 89' lang='lat' dir='ltr'><strong>in</strong></span> <span class='ocrx_word' id='word_1_697' title='bbox 2812 4325 2986 4389; x_wconf 79' lang='lat' dir='ltr'><strong>[arma</strong></span> <span class='ocrx_word' id='word_1_698' title='bbox 3026 4336 3123 4377; x_wconf 82' lang='lat' dir='ltr'><strong>est.</strong></span> <span class='ocrx_word' id='word_1_699' title='bbox 3164 4325 3228 4376; x_wconf 79' lang='lat' dir='ltr'><strong>Et</strong></span> <span class='ocrx_word' id='word_1_700' title='bbox 3279 4333 3402 4377; x_wconf 83' lang='lat' dir='ltr'><strong>ante</strong></span> <span class='ocrx_word' id='word_1_701' title='bbox 3443 4325 3542 4377; x_wconf 64' lang='lat' dir='ltr'><strong>hos</strong></span> 
     </span>
    </p>
   </div>
   <div class='ocr_carea' id='block_1_89' title="bbox 1964 4411 3541 4488">
    <p class='ocr_par' dir='ltr' id='par_1_89' title="bbox 1964 4411 3541 4488">
     <span class='ocr_line' id='line_1_89' title="bbox 1964 4411 3541 4488; baseline -0.007 -18"><span class='ocrx_word' id='word_1_702' title='bbox 1964 4433 2190 4488; x_wconf 78' lang='lat' dir='ltr'><strong>magnus</strong></span> <span class='ocrx_word' id='word_1_703' title='bbox 2241 4419 2331 4474; x_wconf 85' lang='lat' dir='ltr'><strong>ille</strong></span> <span class='ocrx_word' id='word_1_704' title='bbox 2378 4416 2576 4472; x_wconf 81' lang='lat' dir='ltr'><strong>Paulus</strong></span> <span class='ocrx_word' id='word_1_705' title='bbox 2618 4433 2629 4468; x_wconf 92' lang='lat'>:</span> <span class='ocrx_word' id='word_1_706' title='bbox 2669 4413 2770 4479; x_wconf 81' lang='lat' dir='ltr'><strong>Qui</strong></span> <span class='ocrx_word' id='word_1_707' title='bbox 2817 4429 2935 4466; x_wconf 87' lang='lat' dir='ltr'><strong>cum</strong></span> <span class='ocrx_word' id='word_1_708' title='bbox 2962 4429 3017 4465; x_wconf 90' lang='lat' dir='ltr'><strong>m</strong></span> <span class='ocrx_word' id='word_1_709' title='bbox 3054 4413 3226 4479; x_wconf 78' lang='lat' dir='ltr'><strong>[arma</strong></span> <span class='ocrx_word' id='word_1_710' title='bbox 3259 4411 3351 4462; x_wconf 87' lang='lat' dir='ltr'><strong>Dei</strong></span> <span class='ocrx_word' id='word_1_711' title='bbox 3389 4423 3541 4472; x_wconf 80' lang='lat' dir='ltr'><strong>esset,</strong></span> 
     </span>
    </p>
   </div>
   <div class='ocr_carea' id='block_1_90' title="bbox 273 4495 1848 4582">
    <p class='ocr_par' dir='ltr' id='par_1_90' title="bbox 273 4511 1848 4582">
     <span class='ocr_line' id='line_1_90' title="bbox 273 4511 1848 4582; baseline 0 -16"><span class='ocrx_word' id='word_1_712' title='bbox 273 4512 509 4577; x_wconf 80' lang='grc' dir='ltr'>Παῦλος,</span> <span class='ocrx_word' id='word_1_713' title='bbox 557 4512 622 4565; x_wconf 86' lang='lat'><strong>&#39;0</strong></span> <span class='ocrx_word' id='word_1_714' title='bbox 653 4513 784 4566; x_wconf 78' lang='grc' dir='ltr'>ἐν⁹¹</span> <span class='ocrx_word' id='word_1_715' title='bbox 824 4512 1030 4582; x_wconf 75' lang='grc' dir='ltr'>μορφῇ</span> <span class='ocrx_word' id='word_1_716' title='bbox 1076 4512 1224 4567; x_wconf 87' lang='grc' dir='ltr'>Θεοῦ</span> <span class='ocrx_word' id='word_1_717' title='bbox 1272 4511 1562 4580; x_wconf 75' lang='grc' dir='ltr'>ὑπάρχων</span> <span class='ocrx_word' id='word_1_718' title='bbox 1609 4511 1735 4582; x_wconf 69' lang='grc'><strong>[828</strong></span> 
     </span>
    </p>
   </div>
   <div class='ocr_carea' id='block_1_91' title="bbox 1956 4495 3544 4582">
    <p class='ocr_par' dir='ltr' id='par_1_91' title="bbox 1969 4500 3544 4579">
     <span class='ocr_line' id='line_1_91' title="bbox 1969 4500 3544 4579; baseline -0.006 -15"><span class='ocrx_word' id='word_1_719' title='bbox 1969 4527 2074 4564; x_wconf 88' lang='lat' dir='ltr'><strong>non</strong></span> <span class='ocrx_word' id='word_1_720' title='bbox 2098 4512 2340 4579; x_wconf 85' lang='lat' dir='ltr'><strong>rapinam</strong></span> <span class='ocrx_word' id='word_1_721' title='bbox 2369 4510 2658 4560; x_wconf 82' lang='lat' dir='ltr'><strong>arbitratus</strong></span> <span class='ocrx_word' id='word_1_722' title='bbox 2687 4514 2762 4559; x_wconf 83' lang='lat' dir='ltr'><strong>est</strong></span> <span class='ocrx_word' id='word_1_723' title='bbox 2798 4521 2910 4558; x_wconf 84' lang='lat' dir='ltr'><strong>esse</strong></span> <span class='ocrx_word' id='word_1_724' title='bbox 2934 4520 2986 4556; x_wconf 87' lang='lat' dir='ltr'><strong>se</strong></span> <span class='ocrx_word' id='word_1_725' title='bbox 3010 4503 3265 4571; x_wconf 68' lang='lat' dir='ltr'><strong>aqualem</strong></span> <span class='ocrx_word' id='word_1_726' title='bbox 3295 4500 3426 4564; x_wconf 90' lang='lat' dir='ltr'><strong>Deo,</strong></span> <span class='ocrx_word' id='word_1_727' title='bbox 3454 4502 3544 4554; x_wconf 81' lang='lat' dir='ltr'><strong>sed</strong></span> 
     </span>
    </p>
   </div>
   <div class='ocr_carea' id='block_1_92' title="bbox 271 4602 1864 4674">
    <p class='ocr_par' dir='ltr' id='par_1_92' title="bbox 271 4602 1864 4674">
     <span class='ocr_line' id='line_1_92' title="bbox 271 4602 1864 4674; baseline -0.001 -16"><span class='ocrx_word' id='word_1_728' title='bbox 271 4605 383 4671; x_wconf 76' lang='grc' dir='ltr'>οὐχ</span> <span class='ocrx_word' id='word_1_729' title='bbox 428 4603 746 4672; x_wconf 79' lang='grc' dir='ltr'>ἁρπαγμὸν</span> <span class='ocrx_word' id='word_1_730' title='bbox 799 4604 1074 4674; x_wconf 72' lang='grc' dir='ltr'>ἡγήσατο</span> <span class='ocrx_word' id='word_1_731' title='bbox 1099 4605 1164 4659; x_wconf 89' lang='grc' dir='ltr'>τὸ</span> <span class='ocrx_word' id='word_1_732' title='bbox 1201 4602 1354 4659; x_wconf 81' lang='grc' dir='ltr'>εἶναι</span> <span class='ocrx_word' id='word_1_733' title='bbox 1386 4605 1492 4658; x_wconf 85' lang='grc' dir='ltr'><strong>ισα</strong></span> <span class='ocrx_word' id='word_1_734' title='bbox 1532 4603 1672 4669; x_wconf 84' lang='grc' dir='ltr'>Θεῷ,</span> <span class='ocrx_word' id='word_1_735' title='bbox 1727 4603 1864 4657; x_wconf 69' lang='grc' dir='ltr'><strong>ἀλλ’</strong></span> 
     </span>
    </p>
   </div>
   <div class='ocr_carea' id='block_1_93' title="bbox 271 4691 1865 4767">
    <p class='ocr_par' dir='ltr' id='par_1_93' title="bbox 271 4691 1865 4767">
     <span class='ocr_line' id='line_1_93' title="bbox 271 4691 1865 4767; baseline 0 -19"><span class='ocrx_word' id='word_1_736' title='bbox 271 4691 492 4749; x_wconf 75' lang='grc' dir='ltr'>ἑαυτὸν</span> <span class='ocrx_word' id='word_1_737' title='bbox 515 4694 780 4750; x_wconf 81' lang='grc' dir='ltr'>ἐκένωσε</span> <span class='ocrx_word' id='word_1_738' title='bbox 825 4699 1069 4767; x_wconf 71' lang='grc' dir='ltr'>μορφὴν</span> <span class='ocrx_word' id='word_1_739' title='bbox 1121 4697 1349 4751; x_wconf 76' lang='grc' dir='ltr'>δούλου</span> <span class='ocrx_word' id='word_1_740' title='bbox 1406 4695 1632 4754; x_wconf 72' lang='grc' dir='ltr'>λαϐὼν.</span> <span class='ocrx_word' id='word_1_741' title='bbox 1696 4696 1865 4765; x_wconf 79' lang='grc' dir='ltr'>Δῆλον</span> 
     </span>
    </p>
   </div>
   <div class='ocr_carea' id='block_1_94' title="bbox 273 4785 1858 4858">
    <p class='ocr_par' dir='ltr' id='par_1_94' title="bbox 273 4785 1858 4858">
     <span class='ocr_line' id='line_1_94' title="bbox 273 4785 1858 4858; baseline 0.003 -23"><span class='ocrx_word' id='word_1_742' title='bbox 273 4785 380 4855; x_wconf 82' lang='grc' dir='ltr'><strong>γὰρ</strong></span> <span class='ocrx_word' id='word_1_743' title='bbox 426 4786 548 4856; x_wconf 69' lang='grc' dir='ltr'>οὐχὶ</span> <span class='ocrx_word' id='word_1_744' title='bbox 597 4787 888 4854; x_wconf 81' lang='grc' dir='ltr'>πρόσωπον</span> <span class='ocrx_word' id='word_1_745' title='bbox 937 4788 1182 4858; x_wconf 80' lang='grc' dir='ltr'>ὑπῆρχεν</span> <span class='ocrx_word' id='word_1_746' title='bbox 1217 4790 1246 4841; x_wconf 85' lang='grc' dir='ltr'>ὁ</span> <span class='ocrx_word' id='word_1_747' title='bbox 1290 4788 1417 4850; x_wconf 82' lang='grc' dir='ltr'>Υἱὸς</span> <span class='ocrx_word' id='word_1_748' title='bbox 1475 4787 1570 4840; x_wconf 84' lang='grc' dir='ltr'><strong>τοῦ</strong></span> <span class='ocrx_word' id='word_1_749' title='bbox 1625 4787 1858 4858; x_wconf 74' lang='grc' dir='ltr'>[ἰατρὸς.</span> 
     </span>
    </p>
   </div>
   <div class='ocr_carea' id='block_1_95' title="bbox 270 4863 1856 4948">
    <p class='ocr_par' dir='ltr' id='par_1_95' title="bbox 270 4863 1856 4948">
     <span class='ocr_line' id='line_1_95' title="bbox 270 4863 1856 4948; baseline 0.003 -21"><span class='ocrx_word' id='word_1_750' title='bbox 270 4875 392 4928; x_wconf 79' lang='grc' dir='ltr'>οὐδὲ</span> <span class='ocrx_word' id='word_1_751' title='bbox 419 4874 519 4944; x_wconf 81' lang='grc' dir='ltr'>τῆς</span> <span class='ocrx_word' id='word_1_752' title='bbox 547 4875 716 4945; x_wconf 76' lang='grc' dir='ltr'>αὐτῆς</span> <span class='ocrx_word' id='word_1_753' title='bbox 739 4863 1110 4940; x_wconf 62' lang='grc' dir='ltr'>ὑποστάσεως,</span> <span class='ocrx_word' id='word_1_754' title='bbox 1140 4877 1275 4931; x_wconf 79' lang='grc' dir='ltr'>ἀλλᾶ</span> <span class='ocrx_word' id='word_1_755' title='bbox 1301 4877 1402 4946; x_wconf 85' lang='grc' dir='ltr'><strong>τῆς</strong></span> <span class='ocrx_word' id='word_1_756' title='bbox 1437 4877 1609 4948; x_wconf 81' lang='grc' dir='ltr'>αὐτῆς</span> <span class='ocrx_word' id='word_1_757' title='bbox 1658 4876 1856 4939; x_wconf 74' lang='grc' dir='ltr'>οὐσίας</span> 
     </span>
    </p>
   </div>
   <div class='ocr_carea' id='block_1_96' title="bbox 274 4959 1852 5038">
    <p class='ocr_par' dir='ltr' id='par_1_96' title="bbox 274 4959 1852 5038">
     <span class='ocr_line' id='line_1_96' title="bbox 274 4959 1852 5038; baseline 0.004 -22"><span class='ocrx_word' id='word_1_758' title='bbox 274 4959 382 5038; x_wconf 79' lang='grc' dir='ltr'>ἐνῇ</span> <span class='ocrx_word' id='word_1_759' title='bbox 417 4966 513 5017; x_wconf 73' lang='grc' dir='ltr'>καὶ</span> <span class='ocrx_word' id='word_1_760' title='bbox 529 4959 671 5020; x_wconf 71' lang='grc' dir='ltr'>εἶναι</span> <span class='ocrx_word' id='word_1_761' title='bbox 691 4966 930 5036; x_wconf 79' lang='grc' dir='ltr'>λέγεται.</span> <span class='ocrx_word' id='word_1_762' title='bbox 957 4969 1128 5022; x_wconf 73' lang='grc' dir='ltr'>Πᾱιλιν</span> <span class='ocrx_word' id='word_1_763' title='bbox 1151 4969 1210 5023; x_wconf 75' lang='grc' dir='ltr'><strong>δὲ</strong></span> <span class='ocrx_word' id='word_1_764' title='bbox 1237 4971 1265 5022; x_wconf 84' lang='grc' dir='ltr'>ὀ</span> <span class='ocrx_word' id='word_1_765' title='bbox 1286 4970 1343 5022; x_wconf 82' lang='grc' dir='ltr'>ὲν</span> <span class='ocrx_word' id='word_1_766' title='bbox 1369 4968 1543 5038; x_wconf 81' lang='grc' dir='ltr'>ἁγίοις</span> <span class='ocrx_word' id='word_1_767' title='bbox 1571 4969 1852 5032; x_wconf 80' lang='grc' dir='ltr'>Βασίλειος</span> 
     </span>
    </p>
   </div>
   <div class='ocr_carea' id='block_1_97' title="bbox 274 5056 1858 5130">
    <p class='ocr_par' dir='ltr' id='par_1_97' title="bbox 274 5056 1858 5130">
     <span class='ocr_line' id='line_1_97' title="bbox 274 5056 1858 5130; baseline -0.002 -18"><span class='ocrx_word' id='word_1_768' title='bbox 274 5057 332 5109; x_wconf 72' lang='grc' dir='ltr'><strong>ἐν</strong></span> <span class='ocrx_word' id='word_1_769' title='bbox 365 5056 442 5126; x_wconf 82' lang='grc' dir='ltr'>τῷ</span> <span class='ocrx_word' id='word_1_770' title='bbox 472 5058 594 5110; x_wconf 85' lang='grc' dir='ltr'>κατ’</span> <span class='ocrx_word' id='word_1_771' title='bbox 623 5058 950 5128; x_wconf 80' lang='grc' dir='ltr'>Εὑνομίου⁹⁶</span> <span class='ocrx_word' id='word_1_772' title='bbox 971 5058 1135 5130; x_wconf 83' lang='grc' dir='ltr'>λόγῳ,</span> <span class='ocrx_word' id='word_1_773' title='bbox 1158 5061 1216 5113; x_wconf 85' lang='grc' dir='ltr'><strong>ἐν</strong></span> <span class='ocrx_word' id='word_1_774' title='bbox 1240 5059 1315 5130; x_wconf 79' lang='grc' dir='ltr'>τῷ</span> <span class='ocrx_word' id='word_1_775' title='bbox 1328 5059 1529 5130; x_wconf 83' lang='grc' dir='ltr'>πρώτῳ</span> <span class='ocrx_word' id='word_1_776' title='bbox 1556 5058 1858 5128; x_wconf 71' lang='grc' dir='ltr'>κεφαλαίῳ,</span> 
     </span>
    </p>
   </div>
   <div class='ocr_carea' id='block_1_98' title="bbox 275 5148 1860 5222">
    <p class='ocr_par' dir='ltr' id='par_1_98' title="bbox 275 5148 1860 5222">
     <span class='ocr_line' id='line_1_98' title="bbox 275 5148 1860 5222; baseline 0.001 -21"><span class='ocrx_word' id='word_1_777' title='bbox 275 5148 418 5202; x_wconf 76' lang='grc' dir='ltr'>οὕτω</span> <span class='ocrx_word' id='word_1_778' title='bbox 448 5150 605 5221; x_wconf 74' lang='grc' dir='ltr'>φησὶ,</span> <span class='ocrx_word' id='word_1_779' title='bbox 639 5150 708 5204; x_wconf 84' lang='grc' dir='ltr'><strong>Τὸ</strong></span> <span class='ocrx_word' id='word_1_780' title='bbox 729 5153 800 5204; x_wconf 87' lang='grc' dir='ltr'><strong>ἐν</strong></span> <span class='ocrx_word' id='word_1_781' title='bbox 828 5151 1034 5222; x_wconf 62' lang='grc' dir='ltr'>μορφῇ</span> <span class='ocrx_word' id='word_1_782' title='bbox 1063 5153 1134 5205; x_wconf 90' lang='grc' dir='ltr'>ἐν</span> <span class='ocrx_word' id='word_1_783' title='bbox 1188 5153 1371 5220; x_wconf 79' lang='grc' dir='ltr'>οὐσίᾳ</span> <span class='ocrx_word' id='word_1_784' title='bbox 1402 5152 1530 5206; x_wconf 73' lang='grc' dir='ltr'>ἐστὶ</span> <span class='ocrx_word' id='word_1_785' title='bbox 1583 5149 1751 5205; x_wconf 89' lang='grc' dir='ltr'>Θεοῦ.</span> <span class='ocrx_word' id='word_1_786' title='bbox 1785 5149 1860 5202; x_wconf 69' lang='lat' dir='ltr'><strong>UO</strong></span> 
     </span>
    </p>
   </div>
   <div class='ocr_carea' id='block_1_99' title="bbox 351 5261 1344 5334">
    <p class='ocr_par' dir='ltr' id='par_1_99' title="bbox 351 5261 1344 5334">
     <span class='ocr_line' id='line_1_99' title="bbox 351 5261 1344 5334; baseline 0.008 -22"><span class='ocrx_word' id='word_1_787' title='bbox 351 5273 380 5312; x_wconf 71' lang='grc' dir='ltr'>ι)</span> <span class='ocrx_word' id='word_1_788' title='bbox 406 5261 425 5316; x_wconf 94' lang='lat' dir='ltr'><strong>l</strong></span> <span class='ocrx_word' id='word_1_789' title='bbox 451 5262 579 5318; x_wconf 89' lang='lat' dir='ltr'><strong>Cor.</strong></span> <span class='ocrx_word' id='word_1_790' title='bbox 606 5279 662 5328; x_wconf 71' lang='grc' dir='ltr'><strong>ε,</strong></span> <span class='ocrx_word' id='word_1_791' title='bbox 695 5263 749 5318; x_wconf 83' lang='grc'>5.</span> <span class='ocrx_word' id='word_1_792' title='bbox 793 5275 821 5314; x_wconf 72' lang='grc' dir='ltr'>τι</span> <span class='ocrx_word' id='word_1_793' title='bbox 854 5264 1086 5334; x_wconf 84' lang='lat' dir='ltr'><strong>Philipp.</strong></span> <span class='ocrx_word' id='word_1_794' title='bbox 1117 5279 1178 5328; x_wconf 85' lang='grc' dir='ltr'><strong>ιι,</strong></span> <span class='ocrx_word' id='word_1_795' title='bbox 1201 5266 1252 5328; x_wconf 83' lang='lat'><strong>5,</strong></span> <span class='ocrx_word' id='word_1_796' title='bbox 1289 5267 1344 5320; x_wconf 85' lang='lat'><strong>6.</strong></span> 
     </span>
    </p>
   </div>
   <div class='ocr_carea' id='block_1_100' title="bbox 1963 4593 3543 4671">
    <p class='ocr_par' dir='ltr' id='par_1_100' title="bbox 1963 4593 3543 4671">
     <span class='ocr_line' id='line_1_100' title="bbox 1963 4593 3543 4671; baseline -0.007 -16"><span class='ocrx_word' id='word_1_797' title='bbox 1963 4617 2017 4656; x_wconf 85' lang='lat' dir='ltr'><strong>se</strong></span> <span class='ocrx_word' id='word_1_798' title='bbox 2043 4603 2213 4670; x_wconf 82' lang='lat' dir='ltr'><strong>ipsum</strong></span> <span class='ocrx_word' id='word_1_799' title='bbox 2249 4599 2444 4671; x_wconf 60' lang='lat' dir='ltr'><strong>264i:</strong></span> <span class='ocrx_word' id='word_1_800' title='bbox 2463 4597 2751 4652; x_wconf 67' lang='lat' dir='ltr'><strong>exinaniuit</strong></span> <span class='ocrx_word' id='word_1_801' title='bbox 2791 4596 3021 4665; x_wconf 77' lang='lat' dir='ltr'><strong>formam</strong></span> <span class='ocrx_word' id='word_1_802' title='bbox 3045 4594 3182 4647; x_wconf 80' lang='lat' dir='ltr'><strong>servi</strong></span> <span class='ocrx_word' id='word_1_803' title='bbox 3207 4593 3467 4658; x_wconf 83' lang='lat' dir='ltr'><strong>accipiens</strong></span> <span class='ocrx_word' id='word_1_804' title='bbox 3494 4601 3543 4644; x_wconf 69' lang='grc' dir='ltr'>τι.</span> 
     </span>
    </p>
   </div>
   <div class='ocr_carea' id='block_1_101' title="bbox 1963 4683 3545 4760">
    <p class='ocr_par' dir='ltr' id='par_1_101' title="bbox 1963 4683 3545 4760">
     <span class='ocr_line' id='line_1_101' title="bbox 1963 4683 3545 4760; baseline -0.009 -12"><span class='ocrx_word' id='word_1_805' title='bbox 1963 4693 2185 4748; x_wconf 87' lang='lat' dir='ltr'><strong>Clarum</strong></span> <span class='ocrx_word' id='word_1_806' title='bbox 2228 4700 2312 4747; x_wconf 79' lang='lat' dir='ltr'><strong>est</strong></span> <span class='ocrx_word' id='word_1_807' title='bbox 2357 4691 2470 4760; x_wconf 85' lang='lat' dir='ltr'><strong>jam</strong></span> <span class='ocrx_word' id='word_1_808' title='bbox 2501 4690 2770 4758; x_wconf 86' lang='lat' dir='ltr'><strong>quomodo</strong></span> <span class='ocrx_word' id='word_1_809' title='bbox 2821 4702 2927 4740; x_wconf 81' lang='lat' dir='ltr'><strong>non</strong></span> <span class='ocrx_word' id='word_1_810' title='bbox 2982 4700 3214 4752; x_wconf 81' lang='lat' dir='ltr'><strong>persona</strong></span> <span class='ocrx_word' id='word_1_811' title='bbox 3265 4684 3334 4736; x_wconf 86' lang='lat' dir='ltr'><strong>sit</strong></span> <span class='ocrx_word' id='word_1_812' title='bbox 3368 4683 3545 4735; x_wconf 68' lang='lat' dir='ltr'><strong>Patris</strong></span> 
     </span>
    </p>
   </div>
   <div class='ocr_carea' id='block_1_102' title="bbox 1968 4775 3544 4854">
    <p class='ocr_par' dir='ltr' id='par_1_102' title="bbox 1968 4775 3544 4854">
     <span class='ocr_line' id='line_1_102' title="bbox 1968 4775 3544 4854; baseline -0.009 -17"><span class='ocrx_word' id='word_1_813' title='bbox 1968 4783 2161 4848; x_wconf 86' lang='lat' dir='ltr'><strong>Filius,</strong></span> <span class='ocrx_word' id='word_1_814' title='bbox 2198 4799 2297 4839; x_wconf 90' lang='lat' dir='ltr'><strong>nec</strong></span> <span class='ocrx_word' id='word_1_815' title='bbox 2322 4782 2562 4854; x_wconf 84' lang='lat' dir='ltr'><strong>ejusdem</strong></span> <span class='ocrx_word' id='word_1_816' title='bbox 2587 4795 2852 4851; x_wconf 57' lang='lat' dir='ltr'><strong>persoua‘,</strong></span> <span class='ocrx_word' id='word_1_817' title='bbox 2882 4779 2975 4832; x_wconf 90' lang='lat' dir='ltr'><strong>sed</strong></span> <span class='ocrx_word' id='word_1_818' title='bbox 2999 4778 3239 4846; x_wconf 81' lang='lat' dir='ltr'><strong>ejusdem</strong></span> <span class='ocrx_word' id='word_1_819' title='bbox 3271 4775 3544 4838; x_wconf 58' lang='lat' dir='ltr'><strong>essentia,</strong></span> 
     </span>
    </p>
   </div>
   <div class='ocr_carea' id='block_1_103' title="bbox 1965 4864 3548 4944">
    <p class='ocr_par' dir='ltr' id='par_1_103' title="bbox 1965 4864 3548 4944">
     <span class='ocr_line' id='line_1_103' title="bbox 1965 4864 3548 4944; baseline -0.009 -14"><span class='ocrx_word' id='word_1_820' title='bbox 1965 4885 2020 4930; x_wconf 91' lang='lat' dir='ltr'><strong>et</strong></span> <span class='ocrx_word' id='word_1_821' title='bbox 2051 4876 2102 4930; x_wconf 87' lang='lat' dir='ltr'><strong>in</strong></span> <span class='ocrx_word' id='word_1_822' title='bbox 2133 4891 2235 4944; x_wconf 80' lang='lat' dir='ltr'><strong>qua</strong></span> <span class='ocrx_word' id='word_1_823' title='bbox 2262 4875 2427 4930; x_wconf 84' lang='lat' dir='ltr'><strong>etiam</strong></span> <span class='ocrx_word' id='word_1_824' title='bbox 2461 4883 2564 4928; x_wconf 87' lang='lat' dir='ltr'><strong>est.</strong></span> <span class='ocrx_word' id='word_1_825' title='bbox 2593 4873 2827 4925; x_wconf 70' lang='lat' dir='ltr'><strong>llursutn</strong></span> <span class='ocrx_word' id='word_1_826' title='bbox 2885 4879 3109 4922; x_wconf 86' lang='lat' dir='ltr'><strong>sanctus</strong></span> <span class='ocrx_word' id='word_1_827' title='bbox 3139 4865 3371 4920; x_wconf 87' lang='lat' dir='ltr'><strong>Basilius</strong></span> <span class='ocrx_word' id='word_1_828' title='bbox 3407 4864 3548 4919; x_wconf 83' lang='lat' dir='ltr'><strong>libro</strong></span> 
     </span>
    </p>
   </div>
   <div class='ocr_carea' id='block_1_104' title="bbox 1966 4955 3548 5034">
    <p class='ocr_par' dir='ltr' id='par_1_104' title="bbox 1966 4955 3548 5034">
     <span class='ocr_line' id='line_1_104' title="bbox 1966 4955 3548 5034; baseline -0.01 -10"><span class='ocrx_word' id='word_1_829' title='bbox 1966 4968 2164 5024; x_wconf 87' lang='lat' dir='ltr'><strong>Contra</strong></span> <span class='ocrx_word' id='word_1_830' title='bbox 2195 4965 2539 5030; x_wconf 81' lang='lat' dir='ltr'><strong>Eunomium,</strong></span> <span class='ocrx_word' id='word_1_831' title='bbox 2558 4964 2734 5034; x_wconf 83' lang='lat' dir='ltr'><strong>capite</strong></span> <span class='ocrx_word' id='word_1_832' title='bbox 2757 4963 2936 5030; x_wconf 88' lang='lat' dir='ltr'><strong>primo</strong></span> <span class='ocrx_word' id='word_1_833' title='bbox 2956 4960 3033 5014; x_wconf 85' lang='lat' dir='ltr'><strong>sic</strong></span> <span class='ocrx_word' id='word_1_834' title='bbox 3061 4960 3222 5016; x_wconf 81' lang='lat' dir='ltr'><strong>habet</strong></span> <span class='ocrx_word' id='word_1_835' title='bbox 3245 4977 3258 5011; x_wconf 89' lang='lat'><strong>:</strong></span> <span class='ocrx_word' id='word_1_836' title='bbox 3283 4955 3349 5009; x_wconf 84' lang='lat' dir='ltr'><strong>In</strong></span> <span class='ocrx_word' id='word_1_837' title='bbox 3373 4955 3548 5025; x_wconf 78' lang='lat' dir='ltr'><strong>[arma</strong></span> 
     </span>
    </p>
   </div>
   <div class='ocr_carea' id='block_1_105' title="bbox 1967 5045 3546 5121">
    <p class='ocr_par' dir='ltr' id='par_1_105' title="bbox 1967 5045 3546 5121">
     <span class='ocr_line' id='line_1_105' title="bbox 1967 5045 3546 5121; baseline -0.01 -9"><span class='ocrx_word' id='word_1_838' title='bbox 1967 5060 2022 5113; x_wconf 89' lang='lat' dir='ltr'><strong>iu</strong></span> <span class='ocrx_word' id='word_1_839' title='bbox 2039 5058 2262 5110; x_wconf 81' lang='lat' dir='ltr'><strong>essentia</strong></span> <span class='ocrx_word' id='word_1_840' title='bbox 2293 5055 2424 5119; x_wconf 86' lang='lat' dir='ltr'><strong>Dei;</strong></span> <span class='ocrx_word' id='word_1_841' title='bbox 2453 5070 2555 5109; x_wconf 87' lang='lat' dir='ltr'><strong>non</strong></span> <span class='ocrx_word' id='word_1_842' title='bbox 2571 5054 2711 5108; x_wconf 84' lang='lat' dir='ltr'><strong>enim</strong></span> <span class='ocrx_word' id='word_1_843' title='bbox 2735 5052 2882 5106; x_wconf 83' lang='lat' dir='ltr'><strong>aliud</strong></span> <span class='ocrx_word' id='word_1_844' title='bbox 2913 5051 3106 5120; x_wconf 73' lang='lat' dir='ltr'><strong>(arma,</strong></span> <span class='ocrx_word' id='word_1_845' title='bbox 3128 5045 3349 5121; x_wconf 79' lang='lat' dir='ltr'><strong>etaliud</strong></span> <span class='ocrx_word' id='word_1_846' title='bbox 3369 5060 3546 5099; x_wconf 81' lang='lat' dir='ltr'><strong>essen-</strong></span> 
     </span>
    </p>
   </div>
   <div class='ocr_carea' id='block_1_106' title="bbox 1970 5137 3547 5216">
    <p class='ocr_par' dir='ltr' id='par_1_106' title="bbox 1970 5137 3547 5216">
     <span class='ocr_line' id='line_1_106' title="bbox 1970 5137 3547 5216; baseline -0.008 -13"><span class='ocrx_word' id='word_1_847' title='bbox 1970 5151 2044 5204; x_wconf 91' lang='lat' dir='ltr'><strong>tia</strong></span> <span class='ocrx_word' id='word_1_848' title='bbox 2079 5151 2175 5204; x_wconf 81' lang='lat' dir='ltr'><strong>Dei</strong></span> <span class='ocrx_word' id='word_1_849' title='bbox 2197 5159 2272 5204; x_wconf 87' lang='lat' dir='ltr'><strong>est</strong></span> <span class='ocrx_word' id='word_1_850' title='bbox 2295 5189 2311 5216; x_wconf 95' lang='lat'><strong>,</strong></span> <span class='ocrx_word' id='word_1_851' title='bbox 2345 5164 2406 5203; x_wconf 88' lang='lat' dir='ltr'><strong>ne</strong></span> <span class='ocrx_word' id='word_1_852' title='bbox 2431 5147 2716 5213; x_wconf 83' lang='lat' dir='ltr'><strong>composita</strong></span> <span class='ocrx_word' id='word_1_853' title='bbox 2746 5145 2848 5212; x_wconf 86' lang='lat' dir='ltr'><strong>sit,</strong></span> <span class='ocrx_word' id='word_1_854' title='bbox 2880 5143 2970 5215; x_wconf 82' lang='lat' dir='ltr'><strong>qui</strong></span> <span class='ocrx_word' id='word_1_855' title='bbox 2992 5141 3280 5197; x_wconf 77' lang='lat' dir='ltr'><strong>secundant</strong></span> <span class='ocrx_word' id='word_1_856' title='bbox 3322 5137 3547 5208; x_wconf 79' lang='lat' dir='ltr'><strong>[armant</strong></span> 
     </span>
    </p>
   </div>
   <div class='ocr_carea' id='block_1_107' title="bbox 1585 5415 2272 5472">
    <p class='ocr_par' dir='ltr' id='par_1_107' title="bbox 1585 5415 2272 5472">
     <span class='ocr_line' id='line_1_107' title="bbox 1585 5415 2272 5472; baseline 0.003 -2"><span class='ocrx_word' id='word_1_857' title='bbox 1585 5416 1816 5472; x_wconf 65' lang='lat' dir='ltr'><strong>VARIIE</strong></span> <span class='ocrx_word' id='word_1_858' title='bbox 1863 5415 2272 5472; x_wconf 73' lang='lat' dir='ltr'><strong>LECTIONES.</strong></span> 
     </span>
    </p>
   </div>
   <div class='ocr_carea' id='block_1_108' title="bbox 351 5503 3516 5585">
    <p class='ocr_par' dir='ltr' id='par_1_108' title="bbox 351 5503 3516 5585">
     <span class='ocr_line' id='line_1_108' title="bbox 351 5503 3516 5585; baseline -0.008 -5"><span class='ocrx_word' id='word_1_859' title='bbox 351 5508 398 5539; x_wconf 71' lang='grc'>⁸⁸</span> <span class='ocrx_word' id='word_1_860' title='bbox 419 5509 671 5585; x_wconf 63' lang='grc' dir='ltr'><strong>Χρήσεέυν</strong></span> <span class='ocrx_word' id='word_1_861' title='bbox 799 5511 1139 5585; x_wconf 55' lang='grc' dir='ltr'>εχρημάτῳν</span> <span class='ocrx_word' id='word_1_862' title='bbox 1173 5529 1233 5585; x_wconf 57' lang='grc' dir='ltr'>ς.</span> <span class='ocrx_word' id='word_1_863' title='bbox 1310 5513 1353 5545; x_wconf 83' lang='grc'><strong>⁸⁷</strong></span> <span class='ocrx_word' id='word_1_864' title='bbox 1389 5513 1571 5585; x_wconf 82' lang='grc' dir='ltr'>αἰχμ.]</span> <span class='ocrx_word' id='word_1_865' title='bbox 1606 5513 1646 5567; x_wconf 94' lang='lat' dir='ltr'>II</span> <span class='ocrx_word' id='word_1_866' title='bbox 1685 5514 1842 5567; x_wconf 87' lang='lat' dir='ltr'><strong>Corr.</strong></span> <span class='ocrx_word' id='word_1_867' title='bbox 1873 5508 2037 5585; x_wconf 37' lang='grc' dir='ltr'>αλδ..</span> <span class='ocrx_word' id='word_1_868' title='bbox 2089 5507 2133 5585; x_wconf 59' lang='grc' dir='ltr'><strong>’ξε</strong></span> <span class='ocrx_word' id='word_1_869' title='bbox 2178 5511 2236 5563; x_wconf 80' lang='grc' dir='ltr'><strong>ἐν</strong></span> <span class='ocrx_word' id='word_1_870' title='bbox 2268 5529 2375 5585; x_wconf 74' lang='lat' dir='ltr'><strong>orti.</strong></span> <span class='ocrx_word' id='word_1_871' title='bbox 2399 5509 2464 5585; x_wconf 74' lang='grc' dir='ltr'>Λ.</span> <span class='ocrx_word' id='word_1_872' title='bbox 2496 5583 2503 5585; x_wconf 11' lang='grc' dir='ltr'>ξ</span> <span class='ocrx_word' id='word_1_873' title='bbox 2541 5511 2587 5544; x_wconf 75' lang='grc'>⁸³</span> <span class='ocrx_word' id='word_1_874' title='bbox 2618 5509 2914 5585; x_wconf 69' lang='grc' dir='ltr'>παρέλειπε</span> <span class='ocrx_word' id='word_1_875' title='bbox 2932 5508 3015 5585; x_wconf 25' lang='grc' dir='ltr'><strong>ΔΑ.</strong></span> <span class='ocrx_word' id='word_1_876' title='bbox 3043 5577 3062 5585; x_wconf 38' lang='lat' dir='ltr'><strong>ﬂ</strong></span> <span class='ocrx_word' id='word_1_877' title='bbox 3091 5507 3140 5585; x_wconf 77' lang='lat'><strong>°°_</strong></span> <span class='ocrx_word' id='word_1_878' title='bbox 3168 5507 3300 5575; x_wconf 83' lang='grc' dir='ltr'>φησι</span> <span class='ocrx_word' id='word_1_879' title='bbox 3325 5503 3446 5585; x_wconf 80' lang='lat' dir='ltr'><strong>add.</strong></span> <span class='ocrx_word' id='word_1_880' title='bbox 3477 5505 3516 5556; x_wconf 85' lang='grc' dir='ltr'><strong>Λ</strong></span> 
     </span>
    </p>
   </div>
   <div class='ocr_carea' id='block_1_109' title="bbox 283 5576 3546 5653">
    <p class='ocr_par' dir='ltr' id='par_1_109' title="bbox 283 5576 3546 5653">
     <span class='ocr_line' id='line_1_109' title="bbox 283 5576 3546 5653; baseline -0.002 -21"><span class='ocrx_word' id='word_1_881' title='bbox 283 5576 325 5608; x_wconf 76' lang='grc'><strong>³⁸</strong></span> <span class='ocrx_word' id='word_1_882' title='bbox 371 5576 556 5653; x_wconf 61' lang='grc' dir='ltr'><strong>αξξ-ἑοῖς</strong></span> <span class='ocrx_word' id='word_1_883' title='bbox 583 5579 628 5632; x_wconf 82' lang='grc' dir='ltr'><strong>Α</strong></span> <span class='ocrx_word' id='word_1_884' title='bbox 664 5596 676 5632; x_wconf 92' lang='lat'>:</span> <span class='ocrx_word' id='word_1_885' title='bbox 706 5576 889 5650; x_wconf 65' lang='grc' dir='ltr'><strong>αὺτῆξ</strong></span> <span class='ocrx_word' id='word_1_886' title='bbox 910 5576 970 5645; x_wconf 66' lang='lat' dir='ltr'><strong>g&quot;.</strong></span> <span class='ocrx_word' id='word_1_887' title='bbox 1044 5583 1092 5653; x_wconf 74' lang='lat'><strong>_”</strong></span> <span class='ocrx_word' id='word_1_888' title='bbox 1117 5581 1286 5653; x_wconf 53' lang='lat'><strong>7:963.</strong></span> <span class='ocrx_word' id='word_1_889' title='bbox 1332 5576 1500 5640; x_wconf 68' lang='grc' dir='ltr'>πάλίί</span> <span class='ocrx_word' id='word_1_890' title='bbox 1537 5576 1739 5639; x_wconf 60' lang='grc' dir='ltr'>ῠοεῖται</span> <span class='ocrx_word' id='word_1_891' title='bbox 1768 5598 1828 5646; x_wconf 79' lang='grc' dir='ltr'><strong>ς.</strong></span> <span class='ocrx_word' id='word_1_892' title='bbox 1905 5580 1951 5612; x_wconf 69' lang='grc'><strong>⁸³</strong></span> <span class='ocrx_word' id='word_1_893' title='bbox 1987 5577 2237 5650; x_wconf 73' lang='grc' dir='ltr'>εὐιόμιον</span> <span class='ocrx_word' id='word_1_894' title='bbox 2264 5582 2330 5636; x_wconf 83' lang='grc' dir='ltr'>Λ.</span> <span class='ocrx_word' id='word_1_895' title='bbox 2405 5584 2451 5614; x_wconf 62' lang='grc'>⁸⁸</span> <span class='ocrx_word' id='word_1_896' title='bbox 2484 5583 2616 5653; x_wconf 73' lang='grc' dir='ltr'>ἡμῖν</span> <span class='ocrx_word' id='word_1_897' title='bbox 2650 5576 2711 5646; x_wconf 73' lang='grc' dir='ltr'>ςξ</span> <span class='ocrx_word' id='word_1_898' title='bbox 2787 5580 2834 5613; x_wconf 72' lang='grc'><strong>’⁸</strong></span> <span class='ocrx_word' id='word_1_899' title='bbox 2862 5578 2891 5632; x_wconf 83' lang='grc' dir='ltr'>ὁ</span> <span class='ocrx_word' id='word_1_900' title='bbox 2929 5576 3011 5650; x_wconf 78' lang='grc' dir='ltr'>ἐν]</span> <span class='ocrx_word' id='word_1_901' title='bbox 3039 5577 3096 5642; x_wconf 81' lang='grc' dir='ltr'>ὃς</span> <span class='ocrx_word' id='word_1_902' title='bbox 3126 5579 3184 5630; x_wconf 77' lang='grc' dir='ltr'>ὲν</span> <span class='ocrx_word' id='word_1_903' title='bbox 3214 5591 3358 5633; x_wconf 84' lang='lat' dir='ltr'><strong>corr.</strong></span> <span class='ocrx_word' id='word_1_904' title='bbox 3389 5577 3452 5628; x_wconf 87' lang='grc' dir='ltr'>Δ.</span> <span class='ocrx_word' id='word_1_905' title='bbox 3487 5581 3546 5629; x_wconf 77' lang='lat' dir='ltr'><strong>ut</strong></span> 
     </span>
    </p>
   </div>
   <div class='ocr_carea' id='block_1_110' title="bbox 285 5650 1347 5724">
    <p class='ocr_par' dir='ltr' id='par_1_110' title="bbox 285 5650 1347 5724">
     <span class='ocr_line' id='line_1_110' title="bbox 285 5650 1347 5724; baseline 0.008 -22"><span class='ocrx_word' id='word_1_906' title='bbox 285 5658 364 5702; x_wconf 82' lang='lat' dir='ltr'><strong>cst</strong></span> <span class='ocrx_word' id='word_1_907' title='bbox 423 5650 654 5720; x_wconf 86' lang='lat' dir='ltr'><strong>Philipp.</strong></span> <span class='ocrx_word' id='word_1_908' title='bbox 687 5665 746 5717; x_wconf 91' lang='lat' dir='ltr'><strong>ll,</strong></span> <span class='ocrx_word' id='word_1_909' title='bbox 794 5653 845 5706; x_wconf 84' lang='lat' dir='ltr'><strong>(i.</strong></span> <span class='ocrx_word' id='word_1_910' title='bbox 922 5653 968 5684; x_wconf 64' lang='grc'>³⁸</span> <span class='ocrx_word' id='word_1_911' title='bbox 1004 5650 1252 5724; x_wconf 74' lang='grc' dir='ltr'>εὐνόμιον</span> <span class='ocrx_word' id='word_1_912' title='bbox 1283 5655 1347 5710; x_wconf 81' lang='grc' dir='ltr'>Α.</span> 
     </span>
    </p>
   </div>
  </div>
