3964 6246
149 5677 152 5679 ·
234 5653 345 5711 libri
377 5656 496 5713 ὑπό.

247 213 370 282 1021
995 197 1005 232 ⁴

1257 223 1780 290 BIBIJOTHECA.
1820 254 1890 264 —
1921 228 2087 292 COD.
2125 227 2431 296 CCXXIX.

3346 240 3487 308 1022

242 329 423 386 Καίτοι
453 327 480 380 6
523 327 582 381 ἐν
613 327 779 393 ὁσίοις
811 329 966 384 Λέων
1003 333 1116 394 τοῖς
1164 333 1481 403 είρημένοις
1514 336 1795 414 ἐπιφέρει,

1910 335 2070 391 Filius
2099 339 2350 404 hominis,
2380 340 2523 407 quod
2555 357 2732 397 onmes
2765 343 2900 400 vires
2935 346 3214 416 impiorum
3251 348 3484 411 imbelles

242 416 338 485 Εἷς
360 418 465 488 γὰρ
501 419 601 473 καί
631 422 665 474 ό
699 421 882 486 αὐτὸς
913 421 1154 490 ἀληθῶς
1184 425 1316 491 Υἱός
1346 443 1409 479 τε
1455 428 1605 482 Θεοῦ
1633 429 1676 460 ²⁰
1702 428 1802 483 καί

1910 436 2073 496 potest
2103 429 2443 499 confundere.

239 510 463 580 ἀληθῶς
503 509 636 577 Υἱὸς
681 511 996 578 ἀνθρώπου
1038 513 1317 582 ὑπάρχει.
1353 518 1418 569 Ὀ
1449 519 1630 571 πᾶσαν
1676 520 1804 574 ἀσε-

241 601 462 654 ϐούντων
495 600 648 670 ἰσχὺν
697 601 914 670 ἄμαχον
939 599 1053 671 ἔχει
1096 603 1455 674 καταισχῦναι
1487 608 1800 664 κακόνοιαν.

306 692 426 764 [829
453 691 542 764 R.]
578 690 764 745 Ταῦτα
789 693 888 761 μὲν
916 689 1010 746 οὖν
1040 695 1192 766 παρὰ
1211 695 1319 749 τῶν
1343 699 1637 769 αἱρετικῶν
1669 718 1802 772 προ-

238 785 509 853 τεινόμενα
553 784 690 855 πρὸς
736 783 908 855 λαϐὴν
955 785 996 815 ¹¹
1025 786 1126 854 τῆς
1167 786 1452 852 εὐσεϐείας
1479 793 1744 856 γενναίως
1775 795 1803 846 6

238 881 290 931 ἐν
315 877 482 943 ἁγίοις
510 875 834 946 Ἐφραίμιος
853 877 1190 934 ἀπελύσατο.
1212 879 1407 950 Τίθησι
1435 881 1492 933 δὲ
1526 883 1619 935 καὶ
1641 885 1803 949 αὐτὸς

237 969 431 1022 οἴκοθεν
464 965 557 1020 τοῦ
587 967 755 1020 αὐτοῦ
783 968 952 1038 τόμου
989 969 1233 1041 ῥήματα,
1278 973 1335 1024 ἐν
1371 968 1452 1036 οἷς
1489 974 1582 1028 τοῦ
1613 977 1802 1047 ἀρχιε-

240 1060 367 1132 ρέως
389 1059 553 1113 αὐτοῦ
587 1060 685 1129 τῆς
717 1059 998 1123 εὐσεϐείας
1028 1061 1392 1133 ὲξαστράπτει
1415 1063 1476 1117 τὸ
1514 1067 1798 1137 κήρυγμα,

238 1152 321 1206 καὶ
363 1150 471 1204 οὐδ’
512 1153 546 1221 ή
599 1152 959 1222 ἀναίσχυντος
1008 1152 1116 1206 τῶν
1162 1152 1292 1225 [456
1329 1154 1418 1227 ΙΙ.]
1457 1157 1802 1214 ἀσεϐούντων

236 1241 396 1312 τόλμα
425 1240 786 1294 ἐπιλαϐέσθαι
815 1242 962 1306 τινὸς
1001 1243 1209 1296 τούτων
1241 1246 1504 1314 οὐμενοῦν
1551 1248 1802 1318 οὐδαμῶς

236 1326 858 1403 ἀπηναισχύντησεν.Ὦν
888 1336 955 1386 ὲκ
984 1335 1196 1388 πολλῶν
1221 1337 1368 1390 ἐστὶν
1399 1337 1456 1390 ἓν
1482 1339 1578 1392 καὶ
1604 1341 1689 1403 τὸ,
1735 1340 1798 1394 Ὀ

235 1425 457 1493 ἀπαθὴς
501 1424 649 1491 Θεὸς
696 1427 807 1480 οὐκ
859 1426 1170 1494 ἀπηξίωσε
1214 1429 1480 1495 παθητὸς
1521 1430 1802 1499 γενέσθαι

235 1515 562 1584 ἄνθρωπος,
609 1517 710 1570 καί
767 1520 801 1572 ό
847 1519 1146 1586 ἀθάνατος
1187 1521 1392 1589 νόμοις
1444 1524 1801 1580 ὑποκεῖσθαι

236 1607 498 1662 θανάτου.
557 1609 969 1679 ’Λναθεματίζει
1016 1611 1073 1664 δὲ
1110 1613 1322 1682 τρανῶς
1372 1616 1404 1686 ἡ
1446 1616 1662 1681 σύνοδος
1705 1623 1800 1673 καὶ

233 1699 514 1768 Νεστὸριον
569 1699 660 1752 διὰ
686 1699 780 1753 τοῦ
827 1698 992 1753 αὐτοῦ
1042 1700 1293 1767 Λέοντος,
1351 1704 1494 1758 οὕτω
1539 1705 1796 1776 λέγουσα,

247 1788 770 1858 Ἀναθεματιζέσθω
787 1791 1110 1860 Νεστόριος
1130 1793 1162 1845 ό
1195 1793 1311 1862 τὴν
1327 1799 1630 1866 μακαρίαν
1657 1804 1798 1872 οὐχὶ

234 1880 329 1935 τοῦ
379 1881 550 1947 Θεοῦ,
598 1883 914 1951 ἀνθρώπου
963 1883 1034 1938 δὲ
1070 1887 1267 1954 μόνον
1302 1891 1608 1946 πιστεύων
1648 1891 1801 1953 εἷναι

1975 711 2101 770 llaec
2147 716 2366 786 quidem
2418 729 2608 775 contra
2661 721 2948 780 bmreticos
2994 725 3248 794 pietatem
3293 729 3485 786 delen-

1905 804 2041 861 dens
2096 807 2440 878 Epliramius
2496 813 2750 877 adducit;
2806 818 2957 885 ponit
3004 826 3058 872 et
3099 819 3239 875 idem
3281 825 3489 893 proprii

1906 896 2028 951 libri
2071 901 2254 965 verba,
2291 901 2344 955 in
2392 905 2588 972 quibus
2633 909 3029 980 archiepiscopi
3074 912 3222 968 illius
3273 917 3490 987 pietatis

1907 987 2147 1044 illustrat
2174 996 2531 1062 praeconium,
2565 1007 2616 1053 et
2649 1017 2826 1070 neque
2867 1003 3154 1071 impudens
3194 1007 3487 1076 impiorum

1905 1083 2131 1138 audacia
2193 1087 2396 1156 aliquid
2465 1090 2661 1146 borum
2723 1098 3133 1165 apprehendere
3190 1101 3484 1167 erubescit,

1904 1189 2134 1243 quorum
2167 1194 2196 1232 e
2225 1181 2411 1235 nudtis
2442 1181 2544 1237 hoc
2580 1201 2770 1240 verum
2819 1197 2925 1254 est,
2959 1188 3097 1244 Deus
3145 1192 3486 1260 impauibilis

1904 1269 2057 1321 homo
2093 1272 2360 1337 passibilis
2397 1275 2516 1342 ﬁeri
2557 1293 2662 1330 non
2715 1280 3029 1350 dedignatus
3064 1293 3162 1349 est,
3188 1295 3234 1338 et
3267 1287 3487 1354 immor-

1905 1360 2027 1413 talis
2055 1361 2310 1432 subjicere
2331 1383 2386 1420 se
2411 1371 2592 1422 mortis
2620 1370 2839 1441 legibus.
2867 1373 3318 1432 Excommunicat
3342 1379 3488 1434 clare

1903 1461 2001 1516 per
2058 1447 2297 1507 Leonem
2360 1466 2610 1512 sanetum
2675 1462 2964 1518 concilium
3021 1463 3332 1540 Nestorium
3385 1469 3489 1524 hoc
3543 1533 3546 1536 ,

1904 1541 2064 1596 modo
2097 1563 2108 1597 :
2145 1541 2463 1602 Exsecratus
2492 1553 2558 1603 sit
2595 1552 2898 1623 Nestorius,
2930 1559 3021 1627 qui
3063 1577 3275 1614 sacram
3314 1559 3490 1632 Virgi-

1905 1647 2020 1686 nem
2045 1641 2147 1689 non
2177 1637 2292 1703 Dei,
2318 1641 2409 1693 sed
2437 1641 2665 1700 hominis
2692 1650 2846 1702 modo
2887 1660 3105 1705 matrem
3134 1670 3244 1706 esse
3272 1666 3489 1709 conten-

1833 1719 1872 1773 Β
1901 1725 1979 1778 dit
2018 1739 2039 1777 :
2079 1735 2135 1780 ut
2188 1732 2363 1784 curuis
2414 1734 2608 1801 alium,
2660 1738 2824 1792 aliaat
2873 1741 3166 1797 divinitatis
3209 1762 3488 1812 personam

1905 1825 2131 1872 statuat.
2169 1820 2450 1886 Quomodo
2493 1826 2656 1894 igitur
2693 1845 2815 1883 cum
2851 1831 3103 1888 Nestorio
3136 1837 3323 1904 sentit,
3361 1854 3486 1893 cum

1911 1908 2030 1979 ejus
2057 1910 2305 1982 dogmata
2343 1917 2704 1975 condemnet?

229 1976 460 2045 μητέρα,
481 1978 588 2032 ἵνα
624 1978 733 2047 τῆς
766 1979 886 2088 μέτ’
915 1981 1142 2088 σιζρκὸς
1168 1980 1329 2088 (θ’-ἕλοι
1361 1986 1471 2054 τῆς
1503 1988 1572 2041 δέ
1602 1993 1883 2067 θεότητος
1912 1976 2069 2060 ἀλλο
2115 1976 2447 2077 ,πρόσωπον
2499 2015 2916 2088 ἀπεργάσηται
2970 2019 3038 2074 ¹¹.
3085 2021 3211 2085 Πῶς
3263 2017 3358 2076 οὖν
3420 2022 3490 2078 τά

235 2073 516 2142 Νεστορίου
550 2077 742 2144 φρονεῖ
759 2076 789 2129 6
816 2076 1118 2150 Νεστόριον
1150 2079 1244 2133 καὶ
1275 2081 1344 2135 τὰ
1373 2084 1541 2139 αὐτοῦ
1567 2087 1817 2159 δόγματα
1840 2094 1983 2154 οὕτω
2006 2073 2422 2178 καταδικάζων;

294 2165 456 2220 Πάλιν
503 2167 566 2221 δὲ
609 2170 1012 2241 ἐπηρεάζουσιν
1046 2171 1097 2225 ot
1136 2173 1409 2245 αἱρετικοὶ
1450 2179 1552 2249 τὴν
1584 2181 1626 2234 δ’
1673 2183 1801 2237 σύν-

235 2260 361 2328 οδον,
391 2259 644 2329 λέγοντες
668 2261 744 2325 ὡς
768 2262 1095 2330 ἐδογμάτισε
1133 2265 1322 2335 μηδενὶ
1363 2267 1561 2334 ἐξεῖναι
1592 2276 1801 2346 προφέ-

236 2372 338 2423 ρειν
367 2356 536 2426 ἤγουν
578 2355 920 2425 συγγράφειν
959 2355 992 2425 ἢ
1033 2355 1343 2412 συντιθέναι
1383 2360 1416 2431 ἢ
1451 2367 1668 2434 φρονεῖν
1711 2367 1802 2421 πί-

233 2462 339 2500 στιν
370 2447 562 2516 έτέραν
592 2447 724 2516 παρ’
754 2445 820 2516 ἣν
859 2446 1076 2510 ἐξέθετο
1111 2449 1271 2519 αὐτή.
1301 2451 1496 2507 Καίτοι
1540 2455 1600 2508 οὐ
1646 2458 1802 2530 τοῦτο

231 2541 262 2611 ή
295 2540 500 2603 σύνοδος
535 2539 850 2610 διωρίσατο,
893 2539 998 2594 κᾶν
1035 2542 1411 2610 ἀναισχύντως
1453 2541 1598 2602 οὗτοι
1629 2567 1802 2607 κατα-

230 2631 517 2700 ψεύδωνται
544 2631 585 2662 ¹³
604 2647 617 2660 ’
642 2630 779 2712 ἀλλά
808 2630 905 2701 τὴν
930 2633 1114 2686 πίστιν
1137 2635 1204 2704 ἣν
1229 2637 1278 2689 οἱ
1301 2643 1367 2690 τι⁹
1398 2641 1490 2692 καὶ
1519 2641 1569 2712 η’
1596 2642 1639 2674 ίδ
1663 2643 1807 2712 ἅγιοι

233 2724 457 2793 Πατὲρες
501 2707 756 2787 ἐξέθεντο
801 2725 1023 2794 τιμώσά
1058 2744 1118 2778 τε
1153 2728 1242 2780 καὶ
1283 2728 1575 2795 θειάζουσα
1600 2774 1614 2797 ,
1657 2737 1809 2807 παρὰ

230 2816 416 2886 ταύτην
442 2816 621 2886 ἔφησε
654 2817 847 2887 μηδενὶ
888 2818 1089 2881 ἐξεῖναι
1134 2821 1431 2893 προφέρειν
1487 2825 1682 2896 ἑτέραν
1713 2830 1806 2881 πί-

233 2925 357 2973 στιν,
388 2911 480 2962 καὶ
522 2909 598 2963 τὰ
649 2910 941 2964 ὑπόλοιπα.
970 2912 1138 2982 Δῆλον
1171 2913 1228 2966 δέ
1285 2915 1434 2968 ἐστιν
1471 2918 1530 2982 ἐξ
1557 2919 1735 2973 αὐτῶν
1763 2921 1804 2954 ¹⁵

237 3000 450 3069 μάλιστα
485 3001 599 3055 τῶν
636 3003 931 3056 συνοδικῶν
963 3005 1178 3073 φωνῶν,
1230 2998 1306 3059 ὧν
1343 3009 1438 3059 καὶ
1471 3009 1628 3077 μόνον
1668 3013 1800 3064 ἀνα-

233 3095 638 3163 γινωσκομένων
659 3095 916 3164 οὐδεμιᾶς
943 3095 1349 3166 ἄλλης-δεῖσθαι
1382 3100 1424 3130 ’⁸
1452 3106 1800 3173 κατασκευῆς
1828 3070 1870 3128 C

234 3182 262 3252 ἣ
288 3187 594 3249 συστάσεως
625 3186 999 3256 ὲπιδειχθεῖσα
1029 3190 1060 3256 ἡ
1099 3189 1347 3258 ἀλήθεια.
1371 3191 1481 3244 Καὶ
1515 3194 1612 3263 οὐχ
1632 3192 1800 3266 ῶρισε

236 3275 324 3344 μὲν
354 3278 526 3342 τοῦτο,
560 3277 768 3348 ἔπραξε
809 3279 864 3330 δὲ
905 3278 1102 3344 ἄλλως,
1134 3281 1249 3334 ἀλλ’
1285 3281 1359 3346 ὡς
1407 3284 1626 3355 ὥρισεν,
1660 3288 1802 3342 οὕτω

236 3369 496 3440 πανταχοῦ
536 3371 636 3423 xui.
680 3371 1126 3444 διαπραττομένη
1167 3370 1524 3446 γνωρίζεται·
1559 3383 1654 3433 καὶ
1691 3381 1800 3452 γὰρ

233 3459 346 3522 τοὺς
381 3463 444 3530 τῇ
482 3459 742 3531 εὐσεϐείᾳ
801 3463 1128 3532 προσιόντας
1176 3464 1276 3518 οὐκ
1329 3465 1455 3518 ἄλλο
1499 3468 1796 3538 σύμϐολον,

232 3551 356 3605 ἀλλὰ
380 3553 485 3608 τῶν
521 3559 632 3624 τιη¹
659 3553 832 3622 ἀγίων
867 3554 1128 3625 Πατέρων
1158 3555 1462 3612 ἐκδιδάσκει
1499 3561 1594 3614 καὶ
1622 3579 1801 3633 παραυ

233 3642 453 3700 δίδωσιν.

297 3735 506 3790 Γέλωτα
557 3739 619 3792 δὲ
661 3739 861 3808 μᾶλλον
909 3740 1037 3792 καθ’
1083 3741 1294 3794 ἑαυτῶν
1330 3742 1362 3812 ἢ
1407 3742 1658 3816 διαϐολὴν
1699 3746 1798 3817 τῆς

236 3830 436 3884 συνόδου
459 3834 838 3903 καταχέουσιν,
870 3837 930 3889 ἐν
957 3830 1038 3899 οἷς
1063 3855 1230 3907 φασιν
1261 3838 1430 3908 αὐτὴν
1463 3840 1569 3894 ὐπὸ
1590 3841 1800 3896 πολλῶν

233 3919 593 3992 διασύρεσθαι.
624 3925 795 3980 Πόσαι
837 3926 947 3995 γάρ
983 3927 1085 3998 τῆς
1119 3928 1342 4000 πρώτης
1373 3936 1468 3984 καὶ
1495 3935 1800 4004 οἰκουμενι-

235 4012 326 4082 xi};
350 4015 505 4084 ἁγίας
547 4018 771 4071 συνόδου
801 4023 1058 4072 κατεῖπον
1084 4020 1314 4088 σύνοδοι,
1334 4024 1430 4076 καὶ
1465 4025 1587 4078 τότε
1613 4028 1799 4098 ἀρχιε-

236 4106 362 4176 ρέων
387 4104 540 4162 οὖσαι
575 4109 889 4179 πλήρωμα;
921 4112 1019 4182 τὴν
1052 4111 1107 4164 δὲ
1135 4112 1242 4165 τῶν
1276 4120 1351 4184 ρν¹
1381 4115 1491 4169 οὐδ’
1514 4118 1562 4170 εἰ
1608 4118 1800 4187 γέγονε

233 4195 364 4259 τινὲς
389 4197 497 4251 τῶν
527 4199 845 4267 Αἰγυπτίων
873 4200 1072 4254 εἰδέναι
1114 4201 1404 4272 ἠθέλησαν.
1453 4205 1592 4260 Ἀλλ’
1624 4209 1800 4262 ἐάσω-

235 4303 325 4356 μεν
347 4287 387 4318 "
415 4289 473 4342 τὸ
495 4291 805 4359 ἀλόγιστον.

1977 2195 2117 2254 Ecce
2163 2201 2357 2257 iterum
2400 2216 2649 2274 mmrtam
2693 2209 2956 2278 synodum
3000 2211 3238 2266 bmretiei
3280 2213 3489 2268 calum-

1907 2289 2145 2354 niantur,
2207 2294 2450 2352 dicentes
2493 2313 2613 2352 eam
2671 2299 2922 2354 docuisse
2966 2316 3068 2356 non
3130 2301 3293 2358 licere
3359 2320 3488 2375 pro-

1905 2378 2069 2444 ferre,
2098 2383 2178 2437 vel
2209 2387 2468 2453 scribere,
2495 2389 2578 2442 vel
2602 2406 2950 2461 componere,
2976 2393 3058 2446 vel
3089 2394 3295 2450 sentire
3323 2395 3483 2450 aliam

1905 2472 2088 2540 lidcm,
2121 2488 2319 2546 prmter
2360 2495 2479 2534 eam
2510 2499 2674 2550 quam
2709 2499 2771 2539 ea
2808 2486 3084 2554 reposuit;
3131 2498 3184 2542 et
3221 2497 3398 2544 tamen
3434 2490 3484 2543 id

1906 2565 2146 2633 synodus
2183 2582 2288 2622 non
2326 2570 2584 2634 decrevit,
2627 2574 2878 2641 quamvis
2917 2574 3388 2644 impudentissime
3431 2578 3484 2632 id

1909 2655 2146 2712 haeretici
2191 2661 2528 2716 mentiantur
2559 2682 2572 2717 :
2605 2666 2698 2718 sed
2745 2665 2938 2736 265a
2973 2682 3093 2721 eam
3134 2667 3289 2722 ﬁdem
3323 2684 3486 2738 quam

1909 2751 2132 2804 trecenti
2192 2754 2494 2808 octodecim
2541 2755 2730 2812 Patres
2776 2767 3131 2813 asseruerunt
3189 2762 3489 2818 observans

1906 2848 1959 2894 et
2004 2844 2358 2908 conﬁrmans,
2395 2856 2752 2916 praeterquam
2811 2853 2953 2919 quod
2999 2851 3138 2906 dixit
3174 2854 3373 2908 nemini
3420 2855 3479 2910 liv

1905 2941 2028 2982 cere
2063 2929 2223 2983 aliam
2265 2932 2428 3010 ﬁdem
2477 2937 2744 3004 proferre,
2779 2946 2834 2993 et
2881 2955 2999 3008 qua:
3043 2954 3366 3010 sequuntur.
3410 2944 3485 2999 Ex

1908 3019 1992 3074 bis
2047 3008 2299 3079 omnibus
2352 3027 2540 3096 synodi
2599 3031 2825 3086 vocibus
2871 3047 3008 3100 quas
3059 3035 3231 3088 solum
3276 3047 3488 3104 oportet

1905 3109 2104 3181 legere,
2161 3116 2398 3171 maxime
2453 3119 2826 3184 manifestum,
2881 3139 2991 3176 non
3050 3125 3156 3179 alia
3215 3141 3488 3197 praepara-

1908 3204 2050 3258 tione
2080 3205 2162 3258 vel
2204 3208 2526 3276 probatione
2573 3211 2854 3265 verilatem
2896 3225 3174 3283 receptam
3223 3215 3485 3286 indigere,

1907 3307 2005 3346 nec
2041 3294 2186 3347 aliud
2219 3296 2464 3360 delinire,
2491 3299 2635 3353 aliud
2670 3299 2881 3368 facere;
2918 3303 3012 3356 sed
3049 3312 3106 3357 ut
3139 3305 3380 3360 decrevit
3408 3307 3490 3360 sic

1905 3383 2106 3450 ubique
2156 3394 2210 3438 et
2265 3385 2459 3440 fecisse
2511 3390 2894 3458 cognoscitur,
2961 3408 3096 3447 neve
3151 3395 3316 3449 etiam
3371 3395 3490 3466 pius

1905 3473 2049 3527 aliud
2092 3477 2397 3546 symbolum
2433 3480 2699 3548 proﬁteri,
2730 3496 2892 3549 quant
2931 3482 3036 3538 5l8
3071 3477 3264 3540 Patres
3292 3487 3490 3543 docue-

1905 3573 2034 3619 runt
2063 3575 2118 3619 et
2152 3569 2511 3626 tradiderunt.

1976 3740 2082 3797 Sed
2142 3744 2320 3799 rident
2373 3762 2471 3802 eos
2525 3747 2792 3816 hazretiei,
2838 3752 2928 3808 ubi
2983 3753 3171 3810 dicunt
3227 3756 3368 3812 hanc
3419 3757 3491 3812 ab

1903 3834 2156 3891 Omnibus
2213 3836 2480 3893 infestari.
2531 3839 2674 3905 Quot
2717 3841 2862 3896 enini
2916 3847 3107 3916 synodi
3151 3859 3339 3903 contra
3380 3851 3492 3920 pri-

1903 3939 2047 3978 mam
2107 3928 2412 3994 generalem
2467 3931 2961 3999 contradixerunt,
3022 3952 3144 4006 qua:
3194 3944 3248 3990 et
3301 3939 3488 3993 arcbi-

1903 4017 2183 4087 episcopos
2231 4019 2572 4089 halmerunt;
2634 4024 2779 4078 illam
2826 4042 2954 4081 vero
2995 4039 3211 4082 centum
3249 4038 3302 4084 et
3330 4031 3493 4100 quin-

1903 4111 2159 4181 quaginta
2220 4111 2468 4182 Patrum,
2511 4117 2556 4171 si
2626 4133 2732 4172 non
2793 4119 2914 4185 fuit,
2975 4123 3194 4192 quidam
3249 4123 3490 4197 Egyptii

1902 4206 2046 4262 scire
2074 4206 2384 4276 voluerunt,
2418 4213 2510 4264 sed
2537 4212 2886 4281 permittatur
2919 4215 3026 4269 illis
3061 4217 3375 4286 stupiditas.

307 4381 450 4436 Ἐπεὶ
484 4383 542 4437 δὲ
577 4385 775 4456 χρῆσίν
805 4387 1053 4452 τινα,τοῦ
1088 4387 1306 4441 Ἰουλίου
1339 4387 1558 4460 Ῥώμης
1596 4392 1643 4444 οἱ
1666 4392 1801 4464 πρὸς

1977 4381 2110 4438 Cum
2160 4400 2291 4441 vero
2342 4387 2559 4457 aliquod
2612 4392 2836 4445 verbum
2888 4390 3018 4447 Julii
3074 4395 3367 4464 pontiﬁcis,
3418 4400 3486 4455 ad

231 4471 316 4536 οὓς
345 4474 584 4546 ἔγραφεν
629 4479 771 4551 ὑπὲρ
797 4479 838 4511 ’⁸
881 4483 982 4550 τῆς
1020 4480 1154 4544 ἰδίας
1199 4481 1516 4547 δυσσεϐείας
1548 4485 1644 4552 (ὡς
1681 4488 1800 4540 ὲνό-

236 4565 401 4637 μιζον)
438 4571 814 4641 προεκόμισαν
840 4573 905 4637 ίθ,
936 4572 1036 4644 τὴν
1070 4573 1169 4644 μὲν
1199 4574 1394 4644 χρῆσιν
1418 4577 1445 4628 6
1478 4577 1639 4645 σοφὸς
1674 4595 1802 4646 συγ-

233 4660 461 4725 γραφεὺς
493 4661 811 4728 ἐπεδείξατο
839 4662 984 4715 κατά
1021 4679 1082 4715 τε
1117 4663 1211 4716 τοῦ
1248 4663 1627 4733 Σαμωσατέως
1654 4666 1801 4718 Παύ-

233 4744 317 4800 λου
349 4753 440 4803 καὶ
490 4752 587 4822 τῆς
619 4752 993 4825 Νεστοριανῆς
1043 4754 1304 4825 δευτέρας
1349 4755 1614 4824 αἱρέσεως
1648 4756 1799 4826 είρῆ-

234 4840 367 4908 σθαι,
415 4846 509 4898 καὶ
565 4845 798 4900 κωλύειν
823 4846 923 4910 τὰς
967 4847 1061 4899 δύο
1116 4846 1308 4916 φύσεις
1343 4847 1526 4910 ίδικῶς
1565 4847 1658 4900 καὶ
1697 4849 1802 4902 ἀνὰ

236 4933 386 5005 μέρος
410 4941 648 5007 φρονεῖν,
681 4937 870 5009 ὥσπερ
894 4939 990 4992 καὶ
1020 4937 1112 4991 δύο
1143 4939 1472 5002 ὑποστάσεις
1504 4940 1598 4992 καὶ
1633 4939 1802 5010 πρόσ-

233 5042 345 5078 ωπα
374 5029 466 5080 καὶ
493 5028 664 5092 υἱούς.
711 5031 822 5085 Καὶ
848 5032 956 5101 γὰρ
994 5033 1025 5101 ὴ
1073 5031 1169 5100 μία
1211 5031 1371 5100 φύσις
1411 5031 1507 5084 ἐπὶ
1560 5031 1799 5102 Χριστοῦ

232 5116 301 5186 τῷ
336 5120 535 5190 Ἰουλίῳ
566 5123 802 5176 ἐνταῦθα
841 5124 962 5176 ἀντὶ
1004 5124 1104 5192 τῆς
1135 5125 1489 5187 ὑποστάσεως
1521 5124 1798 5194 εἴληπται,

235 5211 318 5262 καὶ
347 5212 496 5266 οὐδὲν
523 5211 649 5265 οὐτε
677 5217 740 5283 τῇ
764 5214 996 5287 ἀληθείᾳ
1019 5214 1145 5268 οὐτε
1168 5219 1280 5279 τοῖς
1307 5216 1489 5279 ἄλλοις
1519 5216 1802 5286 θεοφόροις

234 5304 378 5372 ἡμῶν
416 5306 690 5372 Πατράσιν
714 5309 1083 5378 ἀπομάχεται.
1117 5310 1226 5364 Καὶ
1269 5308 1428 5380 δῆλον
1455 5307 1614 5362 τοῦτο
1647 5311 1790 5362 ποιεῖ

1907 4489 2044 4544 quos
2079 4477 2144 4531 de
2185 4482 2401 4547 proyria
2437 4480 2718 4548 impietate
2765 4483 3083 4552 scripserat,
3131 4497 3190 4539 ut
3225 4491 3490 4557 putabant

1909 4567 2178 4634 prolatum
2209 4587 2222 4622 :
2252 4571 2470 4636 sapiens
2499 4570 2587 4625 ille
2617 4573 2698 4625 vir
2733 4573 2783 4626 id
2819 4584 3008 4629 contra
3042 4575 3262 4631 Paulum
3297 4577 3488 4634 Samo-
3524 4596 3538 4607 '

1907 4669 2204 4723 satensem,
2257 4660 2663 4730 secundamque
2718 4662 2949 4717 Nestorii
3011 4667 3256 4720 haeresim
3307 4669 3486 4734 prola-

1910 4758 2018 4802 tmn
2081 4764 2202 4803 esse
2254 4749 2576 4814 declaravit,
2611 4761 2665 4806 et
2709 4753 2844 4808 duas
2898 4764 3120 4811 naturas
3165 4759 3394 4813 seorsim
3431 4769 3488 4816 et

1907 4840 2124 4894 divisim
2160 4842 2408 4896 conﬁteri
2449 4844 2758 4912 prohibere,
2798 4855 2855 4900 ut
2885 4855 2940 4900 et
2971 4847 3105 4903 duas
3141 4849 3483 4920 bypostases,

1901 4933 2150 5002 duasque
2207 4950 2469 5004 personas
2516 4947 2568 4990 et
2628 4937 2786 4993 ﬁlios.
2837 4937 2955 4994 Una
3004 4941 3148 4994 enim
3197 4951 3386 4996 natura
3430 4945 3483 4998 in

1901 5027 2116 5083 Christo
2161 5044 2261 5098 pro
2307 5029 2582 5100 bypostasi
2635 5046 2666 5084 a
2716 5028 2857 5086 Julio
2895 5032 3080 5088 relicta
3122 5044 3225 5099 est,
3263 5051 3485 5090 verum-

1902 5130 2079 5174 tamen
2111 5136 2287 5190 neque
2316 5121 2557 5188 veritati,
2601 5139 2775 5191 neque
2821 5126 3025 5180 sanctis
3071 5126 3323 5182 Patribus
3354 5143 3486 5183 cor.-

1903 5212 2134 5267 tradicit.
2179 5213 2335 5268 Clare
2373 5214 2514 5269 idem
2543 5216 2778 5269 ostendit
2804 5213 2980 5271 Julius
3011 5218 3256 5286 pontifex
3293 5231 3482 5274 contra

1901 5303 2259 5372 Marcionem,
2317 5305 2686 5375 Valentinum,
2738 5309 3158 5379 Apollinarium,
3202 5319 3258 5366 et
3311 5311 3486 5384 Euty-

1507 5423 1742 5480 VAHIIE
1781 5421 2073 5478 LECTION
2083 5422 2184 5477 ES.

303 5514 340 5605 ξ’
379 5515 572 5605 τειτού
613 5517 848 5605 Θεοῦις..
915 5518 954 5550 ¹¹
991 5516 1424 5605 πρὸςιλαϐὴν
1459 5517 1827 5605 είπροσλαϐιὶξν
1851 5533 1930 5604 5:
2038 5518 2500 5605 "D&1§pyi§n'f9t'
2522 5538 2612 5605 ςκλ
2661 5518 2747 5604 ¹⁸ξ

1014 5587 1058 5620 ³⁸
1087 5587 1323 5655 μάλιστα
1353 5590 1412 5656 ἐξ
1440 5587 1621 5645 αὐτῶν
1643 5607 1702 5653 ς.
1778 5587 1822 5620 ¹⁶
1847 5588 2016 5642 δεῖται
2077 5587 2336 5659 Scaliger.
2390 5587 2459 5624 ’¹⁷
2485 5590 2663 5646 ἑάσθω
2690 5588 2791 5660 μὲν
2823 5587 2882 5642 τὸ
2914 5606 2976 5654 ς.
3054 5589 3099 5622 ⁸⁸
3128 5589 3269 5663 ὑπὲρ
3333 5608 3439 5664 mg.
3460 5606 3483 5649 ε

234 5586 401 5656 καιτγ
435 5587 478 5640 Α
510 5604 523 5640 :
553 5595 659 5656 τιη⁹
685 5590 778 5640 καὶ
802 5589 850 5641 οἱ
875 5606 936 5653 ς.

607 5660 646 5691 ¹⁹
681 5660 1086 5732 προσεκόμισαν
1119 5661 1183 5716 Λ.

2038 5518 2080 5548 ¹⁹
2117 5518 2493 5590 ἀπεργάζηται
2522 5538 2580 5584 ς’.
2661 5518 2704 5551 ³³
2734 5517 3162 5590 καταψεύδονται
3197 5538 3257 5584 ς.
3338 5520 3381 5552 ¹⁸
3411 5540 3482 5578 τι.
3511 5535 3514 5546 ·
