3964 6246
259 318 396 387 1025

253 515 395 588 ὑπὲρ
441 508 519 571 ὧν
559 515 757 587 ᾐτιάθη
805 514 1004 583 διδοὺς,
1034 516 1252 588 πρῶτον
1296 520 1399 588 μὲν
1443 520 1829 592 περιειλῆφθαι

250 608 429 663 ⁴κάνι-ιιι
466 608 635 679 φησιν
665 608 759 662 ἐπὶ
791 606 1102 676 κεφαλαίων
1124 611 1237 673 τοῖς
1268 611 1568 674 συνοδικοῖς
1602 612 1640 666 ἃ.
1678 612 1825 679 ἔδοξε

252 699 719 772 παραλελεῖφθαι,
760 698 904 772 πλὴν
965 699 1304 772 πλατύτερον
1341 703 1437 756 καὶ
1499 701 1595 756 νῦν
1651 703 1828 758 εἰπεῖν

251 793 385 864 περὶ
421 791 604 846 αὐτῶν
639 791 845 863 μηδένα
895 791 1083 846 λαὸεῐν
1130 791 1308 846 ὄκνον.
1343 792 1516 848 Τοῦτο
1562 782 1623 850 δὲ
1663 813 1834 849 σπου-

251 885 418 948 δαίως
460 886 506 918 ³⁸
535 901 597 938 τε
627 884 724 940 καὶ
755 883 1060 954 θεοφρόνως
1102 884 1371 939 ἐπιτελῶν
1403 888 1484 951 εἰς
1517 886 1579 942 τδ
1610 887 1833 960 ἄριστόν

251 992 314 1030 τε
340 976 434 1029 καὶ
461 973 793 1028 τελεώτατον
819 975 889 1027 τά
921 991 981 1027 τε
1011 974 1146 1029 ἄλλα
1175 976 1272 1030 καὶ
1296 976 1396 1049 τὴν
1429 979 1557 1050 περὶ
1603 979 1702 1050 τῆς
1741 978 1835 1032 πί-

253 1081 428 1129 στεως
446 1064 599 1141 ἱερὰν
618 1065 777 1137 ήμῶν
788 1064 1079 1135 ὁμολογίαν
1099 1065 1312 1138 διατίθη
1322 1084 1426 1133 σιν,
1442 1068 1836 1139 ὲμφιλοχωρῶν

155 1198 158 1201 η
256 1157 497 1229 μάλιστα
529 1160 597 1228 τῇ
622 1158 765 1215 κατὰ
788 1157 888 1230 τὴν
915 1158 1233 1228 οἰκονομίαν
1260 1160 1550 1233 ίερολογίᾳ,
1580 1155 1696 1237 ἕνῇ
1723 1161 1834 1216 τῶν

252 1267 313 1304 τε
335 1251 433 1305 δύο
458 1250 676 1319 φύσεων
696 1249 1007 1322 ἀδιαίρετόν
1037 1264 1098 1305 τε
1124 1254 1221 1308 καὶ⁵
1254 1253 1558 1324 ἀσύγχυτον
1585 1255 1685 1326 τὴν
1708 1254 1835 1309 καθ’

253 1344 561 1398 ὑπόστασιν
588 1342 786 1397 ἕνωσιν
815 1342 1000 1413 ὑμνεῖ,
1041 1345 1138 1399 καὶ
1168 1344 1269 1408 τὰς
1301 1344 1644 1415 ἑκατέρωθεν
1680 1345 1829 1416 αἱρε-

250 1435 414 1499 τικὰς
443 1433 808 1505 παραφυάδας
830 1436 895 1505 τῇ
927 1434 1175 1507 μαχαίρᾳ
1207 1435 1397 1505 τέμνει
1417 1435 1518 1505 τῆς
1551 1435 1832 1505 ἀληθείας.

250 1524 540 1596 Κέχρηται
567 1525 623 1578 δὲ
658 1524 753 1578 καὶ
778 1528 847 1595 τῇ
871 1525 1018 1591 λέξει
1047 1526 1148 1596 τῆς
1178 1526 1429 1596 κράσεως
1450 1526 1689 1592 εὐσεϐῶς
1714 1529 1834 1599 μὲν,

250 1616 399 1686 πλὴν
426 1617 714 1687 κέχρηται,
753 1616 827 1686 μὴ
869 1616 1014 1670 κατά
1039 1617 1132 1670 τὸν
1177 1619 1338 1671 ἄνουν
1365 1617 1739 1689 Ἀπολινάριον
1764 1622 1831 1689 τῇ

253 1711 409 1780 φωνῇ
463 1707 766 1778 κεχρῆσθαι
811 1707 1350 1779 διαμαρτυρόμενος,
1416 1708 1492 1779 μὴ
1547 1709 1731 1779 μέντοι
1770 1728 1833 1779 γε

254 1800 398 1870 μηδὲ
432 1800 579 1854 κατά
609 1799 700 1853 τὸν
735 1799 973 1868 δυσσεϐῆ
1009 1800 1244 1870 Εὐτυχῆ,
1284 1799 1398 1852 ἀλλ’
1441 1799 1519 1862 ὡς
1549 1801 1579 1852 ὁ
1604 1802 1703 1864 τῆς
1738 1801 1830 1856 εὖ-
1861 1779 1906 1838 Β

253 1891 479 1954 σεϐείας
529 1891 692 1962 νόμος
732 1891 1005 1963 βούλεται,
1048 1892 1145 1945 ἆτε
1196 1891 1261 1963 δὴ
1299 1892 1397 1945 ἕνα
1439 1891 1531 1945 τδν
1577 1891 1706 1964 [458
1736 1894 1833 1965 IL}

250 1981 463 2052 Κύριον
495 1980 653 2051 ήμῶν
708 1980 916 2051 Ἰησοῦν
964 1981 1199 2050 Χριστὸν
1248 1981 1597 2052 τρανολογεῖν
1636 1984 1694 2037 ἐν
1741 1982 1835 2037 δύο

251 2072 484 2139 φύσεσιν
533 2072 864 2143 ἀδιαιρέτοις
914 2089 981 2126 τε
1036 2072 1132 2127 καὶ
1166 2074 1494 2143 ἀσυγχύτοις
1545 2074 1731 2139 εἰδὼς,
1774 2077 1833 2128 ὲν

248 2162 440 2233 τελείᾳ
467 2161 682 2233 Θεότητι
713 2163 807 2221 καὶ
868 2161 1054 2231 τελείᾳ
1106 2163 1506 2235 ἀνθρωπότητι,
1552 2164 1678 2219 οὔτε
1732 2167 1833 2236 τῆς

249 2254 509 2323 κράσεως
540 2255 804 2323 σύγχυσιν
843 2255 989 2324 αὐτῷ
1021 2253 1309 2325 δηλούσης,
1339 2254 1463 2310 οὔτε
1494 2258 1592 2327 τῆς
1617 2258 1689 2312 ἐν
1723 2259 1832 2314 δύο

251 2344 442 2413 φωνῆς
472 2344 740 2415 διαίρεσιν
770 2344 1235 2417 παρεισαγούσης.
1267 2344 1393 2416 [855
1410 2345 1501 2418 8.]
1530 2348 1752 2413 Τούτοις
1776 2349 1834 2404 δὲ

146 2506 149 2511 λ
250 2435 351 2490 καὶ
379 2434 697 2491 Ἀθανάσιον
724 2436 816 2488 καὶ
840 2435 1110 2506 Κύριλλον
1135 2435 1456 2507 συμϐαίνειν
1478 2437 1829 2509 ὑπαγορεύει,

248 2522 334 2589 οἷς
358 2527 455 2579 καὶ
478 2524 521 2555 ³⁷
545 2525 701 2581 αὐτοὶ
726 2524 1135 2597 διωμολόγησαν
1160 2526 1290 2597 μίαν
1316 2526 1480 2596 φύσιν
1502 2527 1599 2580 τοῦ
1628 2528 1765 2582 Θεοῦ
1787 2529 1833 2563 ⁸⁸

249 2620 434 2685 Λόγου
493 2619 923 2690 σεσαρκωμὲνην
945 2635 960 2650 ·
1024 2619 1084 2672 ὲν
1133 2611 1180 2687 ᾧ
1216 2618 1326 2692 γὰρ
1374 2619 1584 2689 ἔφησαν
1634 2636 1833 2690 σεσαρ-

249 2709 551 2777 κωμένην,
602 2708 704 2779 τὴν
752 2708 1197 2780 προσληφθεῖσαν
1247 2711 1592 2780 ἁνεκήρυξαν
1647 2710 1830 2779 φύσιν.

249 2797 445 2852 Ταῦτα
486 2796 735 2863 διελθὼν,
775 2797 871 2852 καὶ
900 2798 975 2861 ὡς
1002 2798 1097 2852 καὶ
1135 2799 1194 2852 ὲν
1222 2798 1405 2862 ἀλλοις
1434 2796 1595 2851 αὐτοῦ
1647 2799 1832 2862 πόνοις

250 2890 526 2960 γυμνάζει
568 2891 669 2964 τὴν
699 2890 1071 2960 προκειμένην
1116 2890 1298 2963 φωνὴν
1327 2874 1827 2961 ἐπισημηνάμενος,

249 2982 458 3052 τριπλῇ
514 2998 648 3051 φησι
710 2978 1033 3057 μερίζεσραι
1075 2978 1119 3011 ³³
1165 2979 1373 3050 διανοίᾳ
1421 2979 1520 3048 τὴν
1550 2978 1831 3049 παροῦσαν

251 3074 454 3145 χρῆσιν
481 3073 546 3126 ⁵ο.
599 3075 708 3127 Καὶ
761 3076 871 3145 γὰρ
927 3074 987 3126 τὸ
1032 3072 1425 3144 σεσαρκωμένη
1479 3070 1512 3143 ἢ
1560 3071 1684 3124 ἀντὶ
1711 3070 1827 3139 τοῦ,

254 3166 427 3237 σαρκὶ
458 3166 909 3237 ὲσχηματισμένη
937 3166 1030 3219 καὶ
1058 3162 1168 3219 οἷον
1190 3164 1612 3235 είδοποιηθεῖσα,
1642 3162 1831 3234 ὥσπερ

249 3259 283 3315 ὁ
309 3257 549 3329 χαλκοῦς
574 3261 641 3328 τῇ
680 3261 858 3328 μορφῇ
900 3257 993 3311 τοῦ
1036 3257 1375 3328 ἀνδριάντος,
1405 3256 1702 3327 ὲκληφθείη
1729 3255 1832 3310 ἀν’

250 3352 288 3422 ἦ
316 3349 405 3403 ὅτι
429 3351 510 3413 είς
565 3350 744 3418 σάρκα
781 3349 881 3418 τῆς
916 3348 1011 3402 τοῦ
1042 3349 1217 3418 Λόγου
1271 3347 1487 3417 φύσεως
1525 3349 1834 3419 τραπείσης

251 3443 352 3496 καὶ
395 3437 509 3493 οἷον
543 3440 1031 3514 ἀποσαρκωοείσης
1065 3439 1163 3510 μία
1211 3439 1482 3510 προῆλθεν
1514 3442 1547 3510 ή
1572 3440 1768 3508 φύσις⁶
1797 3439 1833 3512 ἢ

251 3533 338 3586 ὃτι
372 3534 475 3602 μία
491 3529 625 3588 οὖσα
658 3534 693 3603 ἡ
716 3532 810 3586 τοῦ
832 3534 1013 3605 Λόγου
1044 3531 1208 3602 φύσις
1237 3530 1379 3584 κατὰ
1399 3535 1502 3600 τὴν
1521 3530 1835 3599 οἰκονομίαν

248 3623 442 3675 οὐκέτι
502 3624 599 3692 μία
661 3621 795 3694 μόνη
842 3622 981 3677 ἀλλὰ
1029 3623 1124 3676 xal.
1165 3621 1303 3693 μετά
1361 3622 1563 3694 σαρκὸς
1619 3622 1837 3693 θεωρεῖ.

249 3730 371 3778 ται,
402 3715 464 3767 τὸ
491 3714 760 3786 ἄτρεπτον
803 3716 897 3769 καὶ
939 3713 1301 3769 ἀναλλοίωτον
1337 3715 1503 3784 ἑαυτῇ
1534 3730 1595 3767 τε
1643 3713 1738 3766 καὶ
1766 3716 1833 3785 τῇ

250 3806 671 3877 προσληφθείσῃ
699 3806 866 3877 σαρκὶ
896 3805 1254 3869 διασώζουσα.
1284 3805 1349 3859 Δί
1374 3805 1472 3876 μὲν
1493 3804 1590 3860 οὖν
1620 3805 1834 3877 πρῶται

248 3896 353 3952 δύο
388 3896 684 3967 ὑπολήψεις
740 3897 1114 3968 Ἀπολινάριον
1168 3895 1315 3949 ἴσασι
1353 3895 1449 3948 καὶ
1487 3894 1729 3964 Εὐτυχέα
1751 3909 1766 3924 ο
1799 3895 1834 3966 η

248 3986 311 4041 δὲ
339 3987 505 4056 τρίτη
537 3987 665 4052 δόξα
696 3986 793 4040 τοῦ
828 3987 1185 4058 κηρύγματός
1210 3989 1328 4040 ἐστι
1361 3986 1471 4039 τῶν
1500 3985 1833 4048 ἀποστόλων,

247 4079 320 4150 ἢν
356 4080 453 4131 καὶ
501 4080 531 4131 ὁ
587 4079 697 4132 τῶν
748 4079 1034 4151 μακαρίων
1080 4079 1236 4149 ἡμῶν
1289 4081 1552 4148 Πατέρων
1581 4077 1624 4110 δι
1676 4077 1836 4149 χορὸς

249 4169 468 4222 ἐκεῖθεν
518 4168 705 4239 μαθὼν
738 4172 1128 4240 συνετήρησεν.
1165 4170 1278 4224 Καὶ
1332 4168 1493 4241 δῆλον
1535 4168 1631 4231 ὡς,
1665 4168 1720 4220 εῐ
1752 4184 1835 4230 τις

251 4260 506 4314 εὐσεϐεῖν
537 4260 711 4313 ὲῡέλοι
729 4260 774 4294 ⁸³
808 4264 866 4315 ἐν
888 4261 964 4330 τῷ
990 4261 1169 4328 λέγειν
1203 4258 1333 4331 μίαν
1356 4257 1518 4327 φύσιν
1543 4256 1638 4311 τοῦ
1660 4256 1835 4325 Λόγου

253 4351 713 4423 σεσαρκωμένην,
749 4352 811 4406 τδ
841 4351 973 4407 αὐτὸ
999 4351 1218 4422 φρονεῖν
1255 4348 1324 4410 ἂν
1366 4347 1700 4420 χαριτωϐείη
1727 4349 1838 4410 τοῖς

250 4443 349 4496 δύο
396 4441 591 4510 φύσεις
640 4441 976 4513 άδιαιρέτους
1029 4442 1122 4497 καὶ
1171 4440 1509 4511 ἀσυγχύτους
1555 4441 1613 4493 ὲν
1644 4438 1723 4509 τῷ
1756 4438 1837 4491 ἐνὶ

251 4533 350 4586 καὶ
376 4531 457 4601 τῷ
492 4531 642 4601 αὐτῷ
673 4530 893 4601 Χριστῷ
929 4531 1195 4602 θεωροῦσί
1239 4549 1297 4585 τε
1353 4530 1449 4584 καὶ
1482 4527 1795 4593 δοξάζουσιν
1817 4543 1832 4557 ·

251 4619 301 4669 εἰ
343 4619 400 4671 δὲ
452 4619 551 4687 μὴ,
597 4618 735 4689 πρὸς
769 4618 1149 4685 Ἀπολινάριον
1182 4619 1214 4692 ἢ
1252 4618 1296 4651 ⁸⁸
1343 4617 1588 4686 Εὑτυχέα
1621 4616 1836 4677 πάντως

251 4710 565 4779 δραμεῖται.
589 4710 699 4763 Καὶ
724 4711 832 4782 γὰρ
861 4709 1094 4763 ἐνταῦθα
1117 4710 1216 4780 τὴν
1244 4708 1372 4780 μίαν
1399 4709 1497 4776 μὲν
1528 4707 1690 4775 φύσιν
1718 4706 1838 4759 ἀντὶ

251 4798 352 4869 τῆς
381 4798 733 4863 ὑποστάσεως
764 4800 1042 4871 εἰρῆσθαι,
1077 4800 1137 4853 τὸ
1175 4800 1230 4853 δὲ
1262 4796 1690 4870 σεσαρκωμένην
1718 4796 1838 4850 ἀντὶ

252 4890 353 4959 τῆς
391 4890 737 4962 ἀνθρωπίνης
787 4892 1036 4961 φύσεως,
1079 4892 1153 4953 ὡς
1205 4890 1370 4962 μηδὲν
1409 4890 1697 4958 διαφωνεῖν
1743 4888 1834 4939 τὸν

253 4978 484 5046 λέγοντα
511 4979 640 5049 μίαν
673 4980 834 5050 φύσιν
857 4978 952 5034 τοῦ
975 4981 1150 5050 Λόγου
1180 4980 1613 5049 σεσαρκωμένην
1642 4977 1675 5049 ἢ
1707 4977 1834 5046 μίαν

256 5069 559 5122 ὑπόστασιν
606 5069 701 5122 τοῦ
736 5069 911 5139 Λόγου
945 5069 1295 5142 ἀνθρωπίνην
1339 5069 1500 5138 φύσιν
1533 5066 1836 5121 ἀναλαὗοῦ-

257 5175 395 5211 σαν·
426 5160 509 5213 διὸ
555 5161 650 5214 καὶ
677 5162 727 5214 οἱ
776 5162 1021 5232 Πατέρες
1060 5161 1214 5232 ἡμῶν
1263 5159 1692 5231 ἐπεξηγοῦμενοι
1739 5157 1836 5228 τὴν

257 5251 445 5323 φωνὴν
473 5253 796 5320 ἐπάγουσιν,
826 5254 948 5307 Οὐκ
992 5251 1381 5323 ἀνῃρημένης
1415 5250 1527 5319 τῆς
1568 5249 1689 5303 τῶν
1725 5251 1838 5318 φύο-

257 5358 418 5396 σεων
450 5341 741 5414 διαφορᾶς
766 5342 864 5397 διὰ
895 5343 941 5375 ⁸⁸
967 5342 1082 5405 τὴν
1119 5344 1361 5409 ἕνωσιν,
1388 5340 1729 5411 σωᾱῃιένης
1767 5338 1836 5392 δὲ

1308 317 1833 382 BIBLIOTHECA.
1870 343 1940 357 --
1977 317 2141 382 COD.
2185 314 2455 381 CCXXX.

252 427 462 498 ᾐτιᾶτο,
496 423 672 479 ταῦτα
701 416 771 497 ἦν
794 440 809 456 ·
850 424 879 478 ό
908 424 1092 496 μέντοι
1117 440 1182 496 γε
1219 425 1475 499 θεοφιλὴς
1510 429 1650 504 ἀνὴρ
1678 429 1833 499 λόγον

1938 429 2144 500 cipiens
2200 431 2494 486 accusabat

3382 317 3518 385 1026

2553 444 2568 484 :
2624 435 2844 485 sanctus
2897 441 3027 483 vero
3081 427 3167 483 vir
3212 439 3400 483 eorum
3451 430 3518 483 de

1938 523 2138 591 quibus
2181 526 2563 588 accusabatur,
2596 522 2862 577 rationem
2905 521 3160 577 reddens.
3191 520 3368 590 primo
3395 521 3517 590 qui-

1934 616 2055 671 dem
2102 617 2500 688 cnmprehensa
2550 629 2674 670 esse
2710 613 2982 683 capitibus
3020 613 3200 667 omnia
3243 611 3518 682 synodali-

1932 707 2036 764 bus
2084 708 2191 775 ait,
2239 723 2394 778 quat,
2445 708 2507 762 ut
2549 706 2922 777 recipiantur,
2983 705 3142 775 digna
3196 705 3315 758 visa
3367 712 3513 759 sunt.

1935 797 2138 854 Verum
2171 800 2351 855 dehis
2378 798 2628 870 pluribus
2664 812 2825 870 agere
2866 811 2973 852 non
3025 797 3191 868 piget.
3236 795 3348 851 iloe
3389 810 3519 852 vero

1935 891 2183 949 studiose
2240 899 2296 947 et
2349 889 2439 961 pie
2487 892 2554 946 ad
2612 892 2875 960 optimum
2936 905 3000 946 ac
3058 890 3513 960 perfectissimum

1934 982 2144 1037 exitum
2207 980 2482 1036 adducens
2531 997 2547 1036 :
2597 996 2719 1036 cum
2773 981 2900 1047 alia,
2951 990 3064 1036 tum
3122 996 3332 1036 sacram
3393 980 3516 1036 fidei

1937 1082 2138 1129 nostra:
2165 1073 2315 1129 addit
2343 1071 2765 1137 confessionem,
2801 1074 3040 1130 maxime
3080 1074 3356 1129 inluerens
3385 1089 3514 1129 sen-

1938 1164 2121 1221 tentiae
2165 1165 2231 1219 de
2279 1164 2659 1219 incarnatione
2722 1163 2952 1220 Domini.
2996 1163 3051 1218 lu
3086 1179 3189 1234 qua
3226 1164 3514 1218 indivisam

1936 1267 1993 1311 et
2041 1256 2437 1326 impermistam
2489 1255 2851 1326 bypostaseos
2902 1256 3131 1309 duarum
3190 1264 3512 1309 naturarum

1939 1349 2193 1404 unionem
2264 1347 2574 1418 profitetur,
2629 1357 2683 1402 et
2750 1348 3005 1417 utrinque
3060 1355 3221 1401 natas
3278 1347 3515 1401 hereses

1940 1441 2121 1513 gladio
2148 1441 2386 1496 disseeat
2410 1439 2674 1494 veritatis.
2705 1437 2890 1494 Utitur
2908 1448 3090 1494 autem
3117 1438 3285 1492 verbo
3315 1440 3515 1493 mistie-

1938 1535 2024 1589 nis
2052 1534 2139 1604 pie
2184 1533 2426 1603 quidem,
2479 1532 2572 1599 sed
2627 1546 2734 1587 non
2789 1532 2961 1585 utitur
3006 1531 3304 1586 secundum
3361 1526 3514 1585 insa—

1937 1642 2067 1682 num
2095 1625 2513 1693 Apollinarium,
2555 1627 2827 1695 quomodo
2856 1624 2959 1680 hac
2987 1635 3118 1678 voce
3148 1623 3222 1678 sit
3254 1622 3510 1677 utendum

1940 1729 2194 1783 teSIatus,
2220 1731 2395 1786 neque
2423 1717 2724 1772 secundum
2766 1717 3026 1771 audacem
3064 1715 3385 1786 Eutycbem,
3418 1716 3511 1769 sed

1937 1822 1992 1864 ut
2022 1811 2104 1866 lex
2135 1810 2354 1879 pietatis
2376 1808 2641 1877 permittit
2666 1826 2678 1863 :
2705 1819 2761 1862 ut
2789 1809 2878 1877 qui
2908 1817 3089 1862 nosset
3122 1821 3291 1862 unum
3315 1806 3509 1861 Filium

1936 1904 2223 1959 Dominum
2254 1911 2500 1957 nostrum
2529 1900 2711 1956 Jesum
2738 1899 3018 1957 Christum
3048 1897 3353 1961 declarare,
3373 1896 3512 1951 dua-

1933 1994 2037 2048 bus
2101 1994 2311 2047 naturis
2370 1992 2617 2047 indivisis
2667 2000 2722 2046 et
2777 1987 3095 2043 inconfnsis-
3144 1997 3397 2042 constare
3456 1985 3510 2038 in

1932 2083 2174 2155 perfecta
2240 2085 2586 2139 humanitate
2650 2092 2703 2136 et
2766 2081 3006 2149 perfecta
3073 2080 3408 2135 divinitate:
3453 2086 3511 2132 ut

1932 2178 2219 2249 permistio
2251 2177 2547 2233 secundum
2595 2174 2745 2229 illum
2791 2172 3167 2229 confusionem
3201 2187 3307 2227 non
3341 2172 3509 2242 signi-

1933 2270 2083 2335 ﬁcet,
2114 2284 2289 2339 neque
2314 2270 2533 2323 inducat
2557 2265 2881 2321 divisionem
2910 2265 3058 2319 vocis
3084 2265 3143 2318 tv
3164 2264 3277 2318 δύο.
3311 2264 3506 2318 Eadem

1934 2372 2116 2421 autem
2171 2362 2375 2417 sentire
2419 2361 2778 2415 Athanasium
2825 2367 2880 2412 et
2917 2356 3175 2430 Cyrillum
3226 2355 3504 2426 praedicat,

1934 2456 2029 2527 qui
2067 2469 2230 2510 unam
2266 2453 2417 2507 verbi
2450 2463 2703 2507 naturam
2734 2453 3071 2506 incantatam
3098 2448 3331 2505 confessi
3358 2458 3504 2505 sunt.

1934 2545 2068 2597 Cum
2111 2542 2256 2597 enim
2301 2541 2636 2595 incarnalam
2675 2541 2945 2604 dixerunt,
2983 2547 3318 2608 assumptum
3352 2546 3508 2592 natu-

1935 2650 2051 2689 ram
2079 2634 2463 2703 pradicarunt.
2494 2632 2551 2688 In
2580 2632 2663 2689 Itis
2694 2647 2946 2703 pergens,
2970 2640 3031 2686 ut
3060 2642 3112 2686 et
3144 2633 3196 2685 in
3239 2631 3361 2685 aliis
3389 2631 3507 2701 eius

1932 2728 2157 2796 scriptis
2185 2727 2464 2782 contendit
2491 2739 2656 2795 super
2680 2729 2785 2780 hac
2812 2739 2965 2791 voce,
3002 2725 3176 2779 tribus
3214 2721 3506 2778 ostendens

1932 2818 2111 2875 modis
2156 2818 2275 2886 capi
2320 2832 2479 2887 posse
2525 2831 2713 2873 vocem
2758 2817 3118 2871 incantatam.
3161 2814 3373 2869 Etenim
3417 2815 3508 2868 itt-

1933 2922 2175 2977 carnata,
2207 2926 2304 2981 pro
2349 2926 2572 2966 carnem
2615 2912 2820 2973 mdnta.
2867 2921 2922 2964 et
2957 2909 3121 2964 veluti
3158 2908 3331 2978 eﬂigie
3380 2923 3509 2963 con-

1934 3006 2190 3073 formata,
2214 3005 2672 3074 quemadmodum
2696 3004 2895 3074 267b
2917 3018 2992 3059 aes
3013 3002 3287 3057 simulacri
3313 3001 3504 3061 forma.

1858 3120 1903 3180 ο
1936 3100 2074 3155 sumi
2129 3101 2339 3170 possit;
2392 3099 2477 3152 vel
2514 3100 2656 3168 quod
2704 3112 2965 3151 conversa
3016 3095 3165 3150 verbi
3212 3104 3402 3149 natura
3454 3095 3505 3147 in

1934 3208 2176 3258 carnem,
2228 3203 2284 3247 et
2316 3192 2471 3261 quasi
2523 3193 2800 3246 incarnata
2856 3203 2963 3244 una
3014 3187 3217 3259 prodiit
3261 3197 3503 3240 natura:

1935 3289 2019 3344 vel
2068 3286 2208 3359 quod
2262 3303 2364 3342 una
2415 3285 2688 3343 cxsistens
2736 3284 2893 3339 Verbi
2945 3293 3162 3348 natura,
3212 3280 3505 3337 scentulum

1936 3380 2369 3438 incarnationem
2400 3395 2506 3434 non
2530 3378 2762 3449 amplius
2787 3393 2889 3430 una
2916 3376 3051 3440 sola,
3079 3376 3171 3430 sed
3193 3389 3315 3429 cum
3342 3387 3510 3427 carne

1935 3481 2245 3543 spectetur;
2299 3469 2900 3527 incommutabilitatem
2938 3478 3100 3537 atque
3142 3467 3507 3539 integritatem

1935 3562 2039 3617 sibi
2059 3569 2113 3616 et
2130 3571 2419 3629 assumpta:
2436 3560 2586 3615 carni
2611 3572 2965 3614 conservans.
2983 3557 3177 3613 Primae
3195 3558 3375 3627 itaque
3391 3558 3509 3611 dua!

1936 3653 2365 3726 signiﬁcationes
2414 3651 2731 3722 Apollinarii
2775 3659 2831 3705 et
2867 3650 3144 3721 Eotycbis,
3186 3651 3347 3703 tertia
3377 3662 3509 3702 vero

1934 3762 2003 3803 ex
2049 3755 2233 3801 mente
2282 3745 2650 3815 apostolorum
2706 3751 2829 3808 est,
2876 3756 3041 3812 quam
3090 3749 3147 3796 et
3196 3748 3506 3795 sanctorum

1936 3839 2158 3895 Patrum
2206 3849 2523 3892 nostrorum
2571 3844 2742 3890 castus
2781 3832 2909 3890 inde
2945 3842 3229 3886 mutuatus
3262 3833 3503 3886 retinuit.

1936 3931 2152 3988 Clarum
2196 3943 2325 3983 vero
2355 3939 2460 3995 est,
2507 3927 2552 3982 si
2582 3927 2704 3996 quis
2743 3925 2830 3996 pie
2863 3926 3070 3980 sentire
3100 3923 3244 3986 velit,
3282 3924 3509 3978 dicendo

1937 4040 2099 4077 unam
2122 4021 2287 4077 Verbi
2329 4028 2579 4077 naturam
2626 4020 2984 4083 incarnatam,
3008 4017 3238 4088 gratiam
3282 4016 3510 4086 adeptu-

1938 4132 2083 4181 rum,
2107 4115 2392 4170 sentiendo
2414 4127 2536 4166 cnm
2570 4111 2635 4165 iis
2659 4111 2751 4180 qui
2784 4112 2918 4165 duas
2948 4118 3171 4165 naturas
3199 4108 3508 4164 incenfusas

1940 4218 2102 4277 atque
2150 4204 2521 4276 impermistas
2563 4204 2615 4259 in
2662 4217 2772 4259 uno
2801 4211 2856 4258 et
2893 4203 3082 4257 eodem
3122 4200 3343 4257 Christo
3388 4216 3509 4257 esse

1938 4310 1992 4356 ct
2013 4307 2369 4370 cognoscunt,
2397 4303 2452 4350 et
2481 4305 2750 4351 statuunt.
2785 4293 2995 4363 Alioqui
3027 4308 3148 4347 cum
3176 4292 3509 4361 Apollinario

1941 4405 1992 4450 et
2028 4393 2271 4464 Eutyche
2313 4390 2501 4446 sentit.
2547 4387 2758 4443 Etenim
2792 4401 2954 4442 unam
2998 4386 3086 4440 hic
3115 4394 3363 4438 naturam
3411 4399 3508 4451 pro

1869 4470 1912 4525 ί)
1940 4501 2168 4559 persona
2201 4485 2405 4539 dictam
2429 4495 2570 4544 esse,
2601 4478 2940 4532 lncarnatam
2976 4490 3106 4531 vero
3143 4490 3241 4545 pro
3273 4474 3505 4529 humana

1932 4587 2129 4634 natura
2162 4592 2177 4632 :
2224 4584 2280 4628 ut
2311 4572 2446 4627 nihil
2494 4570 2711 4625 intersit
2741 4570 2925 4624 dicere
2950 4581 3116 4622 unam
3155 4565 3314 4620 Verbi
3346 4575 3506 4619 natu-

1935 4686 2050 4725 ram
2080 4669 2442 4729 incantatam,
2474 4662 2557 4716 vel
2590 4677 2747 4714 unam
2781 4659 2939 4713 Verbi
2982 4673 3267 4727 personam
3305 4658 3511 4712 htttua-

1933 4776 2060 4814 nam
2123 4756 2483 4826 assumpsisse
2550 4763 2829 4808 naturam.
2895 4748 3260 4817 Quamobrem
3318 4748 3510 4802 Patres

1934 4853 2106 4910 nostri
2161 4853 2302 4904 hanc
2349 4862 2537 4905 vocem
2586 4844 2943 4913 explanantes
2995 4841 3265 4894 adducunt
3315 4857 3329 4894 :
3387 4837 3508 4892 Non

1930 4966 2143 5023 sublata
2189 4972 2505 5018 naturarum
2543 4955 2841 5027 (ti/ferentia
2871 4970 2962 5020 per
2996 4952 3259 5017 unionem,
3293 4951 3381 5005 sed
3417 4966 3509 5017 ro-

1932 5062 2036 5114 tius
2076 5066 2295 5128 utraque
2335 5061 2636 5107 conservata
2679 5050 2734 5102 in
2781 5047 2991 5115 proprio
3048 5058 3255 5099 natura
3288 5045 3507 5099 termino

1933 5163 1983 5208 et
2012 5150 2186 5217 verba,
2218 5150 2269 5203 iu
2300 5162 2407 5201 uno
2447 5143 2728 5213 eodemque
2767 5140 2975 5196 Clu-isto
3007 5138 3136 5192 Jesu
3174 5135 3279 5191 Deo
3306 5144 3502 5189 nostra.

1936 5242 2114 5309 Quare
2148 5239 2193 5293 si
2224 5243 2546 5291 conservata
2585 5238 3011 5301 cognoscantur,
3044 5226 3258 5295 cognita
3309 5223 3506 5293 praedi-

1944 5343 2156 5394 ccutur,
2183 5342 2237 5384 et
2266 5342 2385 5398 qua:
2413 5324 2795 5394 praedicantur,
2818 5329 2873 5376 et
2897 5326 3248 5395 numerentur
3273 5332 3287 5371 :
3314 5313 3510 5385 perspi-

1534 5491 1773 5555 VABI/‘E
1815 5482 2221 5545 LECTIONES.

333 5620 377 5652 ’θ
399 5619 453 5673 δὲ
477 5618 781 5680 σπουδαίως
807 5633 869 5670 τε
899 5618 941 5671 Α
975 5635 1074 5673 trs
1106 5618 1412 5679 σπουδαίως
1448 5632 1510 5680 ς.
1571 5614 1615 5646 ³⁷
1644 5611 1740 5666 καὶ
1764 5617 1884 5679 post
1910 5600 2011 5680 οἷς.
2073 5605 2116 5680 ’ξ
2138 5600 2274 5680 Θεοῦ
2309 5608 2363 5656 et
2387 5614 2510 5680 mos
2525 5597 2628 5680 καὶ
2645 5595 2769 5651 add.
2906 5664 2927 5680 ﬂ
2945 5593 2992 5680 ’ξ
3019 5588 3513 5680 διο.μεῆζιεσριαξὶςξἶ

261 5690 313 5722 ⁸⁸
1094 5655 1589 5758 iiiiﬁiiié‘f'ﬁ'um
1609 5655 2063 5748 q'."'~7".—Ia2—fé'p’dv
2093 5673 2251 5744 ἡμῶν
2282 5655 2356 5736 ςέ
2417 5670 2460 5702 ⁸⁸
2492 5667 2664 5723 ἐθέλει
2698 5685 2759 5732 ς.
2833 5664 2878 5697 ⁵³
2900 5664 2934 5736 ἢ
2959 5664 3001 5717 Α
3035 5678 3052 5717 :
3079 5655 3257 5727 καῖ’ς.
3330 5659 3376 5691 ν’
3403 5655 3513 5731 διὰ]

270 5762 365 5814 καὶ
402 5758 471 5825 Α,
505 5758 598 5811 κάι
634 5758 772 5828 μετὰ
807 5762 966 5814 rc.A.
