3964 6246
429 293 563 357 ῙΟἳἿ
1526 289 1792 351 ΡΗΟΤῙῙ
1827 287 2335 350 PATRIARCHE
2371 290 2480 350 ΟΡ.
3551 290 3692 355 1028

422 417 582 455 cuum
627 408 713 453 est
756 400 844 468 pie
882 398 1106 454 dicendo
1139 412 1300 452 unam
1331 397 1498 453 Verbi
1538 407 1791 452 naturam
1831 399 2005 452 incar-

2112 395 2350 466 μᾶλλον
2373 395 2658 464 ἑκατέρας
2695 396 2764 451 ἐν
2792 395 2872 464 τῷ
2905 396 3033 465 ἰδίῳ
3065 398 3173 466 τῆς
3203 399 3443 469 φύσεως
3474 401 3592 471 ὅρῳ
3628 421 3694 457 τε

424 502 630 552 natam,
661 501 718 542 ct
750 489 904 551 illud,
929 490 1064 541 duas
1100 498 1323 541 naturas
1350 489 1401 542 in
1431 488 1631 542 unione
1668 487 2004 558 hypostatica

2112 489 2210 542 καί
2245 491 2425 558 λόγῳ,
2476 491 2546 543 ἐν
2572 490 2652 554 τῷ
2701 489 2863 557 αὐτῷ
2897 492 2990 545 καί
3048 493 3136 546 ἐνὶ
3187 493 3419 561 Χριστῷ
3452 494 3534 560 τῷ
3563 495 3691 559 Θεῷ

425 581 705 645 iudivisas,
737 579 939 632 nullam
990 578 1347 632 dili‘erentiam
1392 578 1496 647 piis
1543 575 1760 632 afferre.
1801 575 1893 631 llis
1939 593 2004 632 ac

2112 580 2301 650 ἡμῶν.
2335 583 2499 634 Ὥστε
2528 584 2575 634 εί
2601 582 2669 635 τὰ
2695 582 2979 654 σωζόμενα
3007 585 3108 654 μὲν
3131 585 3436 656 θεωρεῖται,
3465 589 3532 639 τὰ
3565 587 3624 640 δέ
3643 589 3690 620 ⁸³

431 672 697 728 similibus
726 675 898 738 prima
935 672 1235 726 absolvitur
1261 672 1457 726 oratio.

2113 672 2466 745 θεωρούμενα
2501 675 2866 745 ὁμολογεῖται,
2897 676 2934 731 ἀ
2965 675 3022 730 δέ
3049 677 3415 746 ὁμολογεῖται.
3447 679 3543 733 καὶ
3567 679 3694 749 ἀρι-

431 768 664 837 δμεῖται,
699 771 932 837 φανερὸν
964 768 1043 820 ὅτι
1074 768 1134 820 τὸ
1177 767 1356 836 λέγειν
1391 767 1635 831 εὐσεϐῶς
1667 767 1796 837 μίαν
1835 765 1998 837 φύσιν
2033 767 2130 821 τοῦ
2167 770 2340 838 Λόγου
2376 772 2822 843 σεσαρκωμένην,
2879 773 2975 828 καὶ
3019 772 3079 827 τὺ
3128 772 3223 827 δύο
3269 774 3461 844 φύσεις
3515 775 3694 828 ἀδιαι-

345 915 354 928 λ
429 863 614 933 ρὲτους
643 864 700 914 ἐν
731 867 796 932 τῇ
831 862 950 915 καθ’
981 863 1282 915 ὑπόστασιν
1311 861 1524 925 ἐνώσει,
1564 863 1832 934 διαφορὰν
1865 861 2122 931 οὐδεμίαν
2146 866 2227 929 εἰς
2249 865 2342 919 τδιν
2367 867 2464 938 τῆς
2491 868 2772 932 εὑσεϐείας
2835 869 3055 941 ἐμποιεῖ
3125 869 3303 937 λόγον.
3358 868 3547 924 Ταῦτα
3595 870 3696 924 καὶ

432 959 650 1013 τοιαῦτα
685 959 848 1027 ἕτερα
879 957 1048 1012 εἰπὼν
1082 961 1311 1028 περατοῖ
1338 959 1428 1012 τὸν
1457 958 1507 1011 α’
1536 958 1714 1026 λόγον.

495 1053 743 1109 Secunda
784 1056 1078 1122 dogmatica
1115 1054 1450 1118 inscribitur,
1483 1069 1602 1124 qua:
1635 1055 1755 1109 ﬁdei
1795 1055 2005 1123 exposi-

2199 1055 2258 1110 Ὀ
2282 1055 2338 1109 δὲ
2373 1054 2417 1124 β’
2447 1052 2813 1124 ἐπιγράφεται
2847 1051 2944 1120 μὲν
2979 1050 3356 1122 δογματικός,
3385 1052 3605 1107 ἔκθεσιν
3635 1053 3694 1108 δὲ

429 1146 628 1200 tionem
684 1148 954 1230 continet;
1005 1163 1125 1215 qua;
1176 1149 1260 1216 pic
1313 1159 1367 1201 ct
1426 1149 1638 1201 sincere
1682 1147 1750 1201 de
1781 1150 2005 1202 veritate

2114 1149 2208 1204 καὶ
2241 1141 2396 1211 οὗτος
2426 1147 2761 1216 ἀπαγγέλλει
2794 1146 3064 1208 πίστεως’
3099 1139 3210 1220 ἐνῇ
3238 1147 3340 1218 τήν
3380 1163 3441 1200 τε
3482 1147 3695 1218 Τριάδα

429 1241 612 1301 ειιιιιίι,
661 1249 713 1292 et
763 1240 878 1292 luce
930 1241 996 1292 de
1040 1240 1324 1292 iuearnato
1354 1239 1574 1293 Christo
1623 1240 1812 1293 eodem
1848 1241 2005 1294 modo

2115 1240 2524 1310 εὑσεϐοφρόνως
2567 1239 2810 1308 θεολογεῖ
2836 1237 2932 1291 καὶ
2977 1237 3046 1291 τὰ
3080 1239 3212 1308 περὶ
3250 1238 3348 1310 τὴν
3377 1239 3698 1308 οἰκονομίαν

429 1343 792 1400 prosequitur,
836 1331 1272 1399 compendiosius
1303 1333 1415 1385 huic
1455 1347 1617 1399 quam
1651 1348 1814 1402 supra
1855 1347 2005 1387 exse‘

2119 1335 2321 1405 ὁμοίως
2348 1333 2592 1399 διέξεισι,
2635 1329 3104 1401 συνοπτικώτερον
3150 1332 3248 1401 μὲν
3281 1331 3314 1402 ἢ
3358 1333 3416 1384 ἐν
3441 1331 3521 1402 τῷ
3559 1347 3697 1401 προ·

429 1437 622 1490 quens,
671 1421 802 1474 nihil
845 1431 1028 1475 tamen
1077 1422 1445 1476 accurationis
1491 1423 1771 1486 omittens,
1804 1433 1858 1476 et
1896 1424 2005 1478 haec

2112 1427 2429 1497 τεταγμένῳ
2461 1425 2633 1480 ταῦτα
2682 1424 2917 1490 διεξιὼν,
2953 1424 3107 1478 οὐδὲν
3151 1424 3334 1494 μέντοι
3381 1425 3481 1494 τῆς
3528 1424 3694 1495 ἀκριε

430 1525 755 1578 percurrens
789 1511 840 1563 iu
882 1509 1304 1563 admonitionem
1339 1510 1557 1574 desinit,
1607 1521 1659 1563 et
1692 1527 1786 1565 eos
1818 1513 1907 1579 qui
1942 1512 2005 1567 ab

2113 1518 2266 1580 ϐείας
2288 1517 2597 1587 καθυφιείς.
2639 1519 2750 1571 Καὶ
2767 1517 2942 1572 ταῦτα
2971 1516 3287 1589 διαδραμὼν
3317 1518 3397 1580 είς
3429 1517 3698 1588 παραίνε-

429 1600 667 1655 Ecclesia
713 1617 774 1656 se
803 1614 1182 1669 scgregarunt,
1225 1601 1291 1655 ad
1327 1616 1670 1656 communem
1699 1605 2005 1658 consensio-

2113 1626 2198 1663 σιν
2245 1609 2492 1680 περαίνει
2527 1608 2628 1681 τὴν
2674 1609 2932 1680 σπουδὴν,
2968 1610 3034 1663 δι’
3063 1605 3132 1682 ἦς
3168 1610 3295 1674 τοὺς
3322 1610 3423 1678 τῆς
3460 1609 3698 1677 Ἐκκλη-

431 1705 551 1742 nem
597 1705 853 1743 revet-arc
901 1703 1148 1745 conatur.
1188 1689 1300 1745 Hoc
1353 1690 1492 1744 libro
1523 1693 1618 1756 ait,
1666 1708 1852 1748 earum
1889 1710 2005 1764 qua:

2114 1699 2236 1763 σίας
2289 1698 2416 1772 [459
2442 1698 2537 1771 Η.]
2598 1699 3009 1768 ἀποφοιτῶντας
3049 1699 3148 1770 τὴν
3199 1699 3384 1769 κοινὴν
3434 1699 3696 1768 ὁμόνοιαν

430 1781 484 1834 in
520 1781 757 1834 Ecclesia
811 1792 935 1836 sunt
968 1797 997 1835 a
1037 1782 1196 1838 Verbi
1248 1785 1512 1838 ministris
1541 1785 1752 1839 traditae
1805 1785 2005 1840 doctri-

2117 1789 2470 1842 ἀσπάσασθαι
2502 1788 2836 1859 παρακαλεῖ.
2881 1788 2970 1840 Ἐν
2997 1787 3172 1857 τούτῳ
3217 1787 3294 1857 τῷ
3332 1787 3478 1856 λόγῳ
3527 1789 3697 1857 φησὶν

432 1889 536 1937 nm,
583 1875 830 1943 quzedam
877 1876 1127 1944 dogmata
1165 1883 1312 1939 sunt,
1345 1878 1588 1946 quaedam
1642 1877 1910 1944 prreconia
1959 1888 2005 1932 el

2114 1877 2188 1942 ὡς
2222 1877 2330 1931 τῶν
2355 1879 2414 1930 ἐν
2442 1881 2509 1948 τῇ
2560 1877 2856 1948 Ἐκκλησία
2895 1874 3344 1946 παραδιδομένων
3374 1876 3419 1908 ’⁵⁸
3453 1877 3561 1928 ὑπὸ
3585 1877 3698 1929 τῶν

429 1965 731 2020 diﬂ'crentia
782 1985 796 2021 :
846 1969 1092 2038 dogmata
1131 1969 1331 2038 268a
1376 1986 1498 2023 cum
1559 1969 1921 2024 occultatione
1957 1979 2013 2025 et

429 2059 695 2127 sapientia
741 2059 1111 2124 declarantur,
1163 2072 1216 2113 et
1264 2061 1583 2116 obscuritati
1642 2078 1783 2131 saepe
1827 2064 1895 2116 de
1927 2064 2010 2116 iu—

429 2151 634 2204 dustria
679 2152 1049 2220 involvuntur,
1099 2167 1164 2206 ne
1205 2153 1448 2222 profanis
1477 2155 1585 2208 sint
1618 2166 1807 2209 sancta
1853 2170 2011 2222 expo-

429 2240 556 2306 sita,
610 2251 666 2296 et
719 2244 1030 2313 margaritae
1081 2247 1258 2313 porcis
1310 2245 1681 2315 objiciautur:
1737 2248 2008 2316 praeconia

429 2333 546 2386 sine
575 2333 678 2386 ttlla
709 2335 1042 2390 obscuritate
1072 2337 1344 2399 dicuntur,
1378 2348 1432 2389 et
1459 2351 1522 2390 ea
1559 2337 1862 2405 prmscrtim
1889 2352 2010 2406 qua:

427 2425 498 2480 de
535 2437 925 2494 prmceptorum
960 2437 1014 2481 et
1055 2429 1249 2482 tlivinzc
1284 2431 1600 2484 reverentiae
1629 2431 2010 2485 observatione

431 2529 684 2574 tractant.
725 2519 856 2574 Esse
907 2528 1164 2588 praeterea
1215 2522 1465 2590 dogmata
1515 2523 1762 2591 quaadam
1816 2523 2013 2577 obscu-

431 2607 597 2670 riora,
631 2625 750 2677 qua:
795 2611 1045 2674 omnino,
1099 2623 1159 2665 ut
1187 2613 1257 2665 ita
1297 2613 1551 2679 dixerim,
1585 2624 1834 2669 tacentur
1869 2634 1882 2670 :
1917 2631 2008 2669 so-

430 2703 496 2754 lis
543 2717 672 2754 vero
713 2703 821 2756 illis
864 2705 1092 2774 mystice
1151 2705 1366 2768 tradita,
1419 2706 1511 2774 qui
1569 2706 1751 2762 lideles
1806 2707 2010 2762 habent

429 2793 776 2861 spiritualem
826 2797 1148 2864 sapientiam
1185 2813 1281 2866 per
1334 2796 1572 2851 Verbum
1610 2801 1810 2853 vivum.
1862 2799 2008 2854 Prai-

433 2895 579 2940 terea
614 2887 1016 2941 distinctionem
1054 2903 1266 2950 eorum,
1305 2904 1426 2957 qua:
1459 2889 1526 2942 de
1555 2890 1778 2945 Christo
1814 2891 2006 2944 dicun-

431 2986 538 3040 tur,
560 2978 706 3041 facit,
735 2979 978 3046 quaedam
1010 2995 1191 3034 revera
1220 2990 1274 3034 et
1304 2987 1520 3050 proprie
1547 2982 1690 3036 dicta
1715 2997 1966 3037 asserens
1992 3001 2005 3036 :

2116 1969 2405 2041 ὑπηρετῶν
2423 1969 2518 2022 τοῦ
2536 1969 2710 2037 Λόγου
2743 1968 3091 2038 διδαγμάτων
3110 1968 3179 2020 τὰ
3215 1968 3314 2037 μέν
3349 1967 3465 2021 ἐστι
3487 1968 3698 2038 δόγμα-

2113 2079 2203 2126 τα,
2249 2062 2318 2114 τὰ
2353 2061 2411 2115 δὲ
2445 2059 2800 2132 κηρύγματα.
2843 2061 2953 2113 Καὶ
2987 2062 3019 2130 ἡ
3053 2059 3312 2130 διαφορὰ,
3351 2059 3422 2113 τὰ
3471 2061 3574 2130 μὲν
3610 2061 3700 2114 δό-

2113 2171 2300 2224 γματα
2349 2153 2464 2223 μετ’
2513 2151 2867 2220 ἐπικρύψεως
2906 2152 2998 2204 καὶ
3029 2151 3222 2220 σοφίας
3259 2152 3695 2219 ἀπαγγέλλεται,

2114 2246 2208 2298 καὶ
2235 2246 2336 2312 τὴν
2365 2243 2634 2314 ἀσάφειαν
2656 2241 2913 2306 πολλάκις
2937 2241 3248 2311 ἐξεπίτηδες
3279 2241 3697 2311 περιϐάλλεται,

2111 2337 2188 2398 ὡς
2210 2336 2275 2389 ἂν
2303 2333 2376 2406 μὴ
2408 2335 2651 2405 βεϐήλοις
2678 2329 2788 2386 εἷεν
2817 2333 3052 2402 τά“ἀγια
3099 2333 3296 2387 ἔκθετα
3329 2335 3425 2388 καὶ
3455 2335 3507 2386 oi
3552 2351 3701 2405 μαρ-

2114 2430 2338 2500 γαρῖται
2366 2430 2477 2490 τοῖς
2517 2427 2720 2498 χοίροις
2753 2427 3127 2496 προκείμενοι,
3159 2427 3227 2480 τὰ
3257 2426 3316 2480 δέ
3354 2427 3698 2499 κηρύγματα

2112 2519 2282 2590 χωρίς
2310 2535 2454 2581 τινος
2493 2517 2842 2588 ἐπικρύψεως
2865 2515 3288 2585 ἀπαγγέλλεται,
3325 2519 3420 2571 καὶ
3455 2518 3697 2588 μάλιστα

2111 2613 2210 2666 ὅσα
2239 2613 2319 2674 εἰς
2363 2610 2518 2680 λόγον
2562 2610 2790 2662 ἐντολῶν
2821 2610 2914 2662 καὶ
2959 2609 3104 2664 Θείου
3139 2609 3307 2678 φόϐου
3351 2612 3696 2681 συντήρησιν

2111 2703 2464 2773 ἀναφέρεται.
2490 2697 2647 2755 Εἶναι
2666 2702 2723 2755 δὲ
2753 2701 2982 2754 καὶτῶν
3011 2701 3295 2771 δογμάτων
3321 2703 3399 2755 ἔτι
3428 2703 3551 2756 τινὰ
3579 2720 3698 2772 μυ-

2113 2795 2439 2868 στικώτερα,
2462 2795 2499 2850 ἀ
2525 2795 2805 2858 παντελῶς
2833 2796 2908 2858 ὡς
2939 2795 2998 2848 τὸ
3028 2795 3157 2858 ἔπος
3181 2795 3344 2865 φάναι
3381 2796 3693 2866 σεσίγηται,

2111 2890 2342 2953 ἐκείνοις
2383 2889 2440 2942 δὲ
2481 2889 2662 2959 μόνοις
2693 2888 2976 2958 μυστικῶς
3023 2888 3406 2960 παραδέδοται,
3442 2890 3492 2942 οἳ
3527 2889 3572 2921 ⁸⁷
3599 2888 3695 2942 διὰ

2111 2981 2288 3051 Λόγου
2309 2980 2510 3046 ζῶντος
2545 2981 2728 3051 ἔχουσι
2757 2983 3140 3051 πνευματικὴν
3175 2981 3369 3050 σοφίαν
3401 2985 3612 3046 πιστοῖς
3646 2983 3696 3014 ⁸⁸

437 3070 542 3122 alia
573 3085 668 3138 per
702 3073 1207 3139 transumptionem.
1245 3072 1547 3140 Capiuntur
1575 3074 1718 3127 enim
1757 3088 1784 3126 a
1830 3074 2003 3139 nobis,

2112 3072 2284 3126 ταῦτα
2315 3072 2714 3144 παρατίθεσθαι
2741 3072 2807 3129 δ’.
2840 3074 2963 3126 Ἐτι
3012 3073 3069 3126 δὲ
3123 3073 3406 3144 διαστολὴν
3436 3072 3545 3126 τῶν
3597 3074 3696 3127 ἐπὶ

429 3162 883 3229 quemadmodum
918 3163 1033 3232 ipse
1061 3173 1220 3232 caput
1246 3164 1316 3216 sit
1343 3165 1584 3217 outnium
1605 3205 1620 3230 ,
1651 3180 1770 3234 qum
1799 3179 1828 3218 a
1861 3166 2015 3221 nobis

430 3251 701 3318 dicuntur,
738 3264 1042 3323 peccatum,
1097 3256 1476 3319 maledictum,
1508 3265 1562 3308 et
1590 3255 1634 3309 si
1665 3271 1766 3323 qua
1795 3257 2013 3310 similia.

430 3346 521 3399 Ait
554 3345 696 3400 enim
727 3348 1012 3416 Apostolus
1044 3365 1060 3402 ι
1095 3348 1201 3414 Qui
1233 3365 1334 3402 non
1361 3360 1569 3404 uouerat
1598 3361 1890 3418 peccatum,
1920 3365 2014 3416 pro

433 3439 580 3492 uobis
603 3454 868 3506 peccatum
894 3441 1014 3509 fecit
1037 3449 1084 3492 ι’.
1111 3441 1175 3494 Et
1197 3441 1391 3495 iterum
1423 3459 1436 3495 :
1470 3441 1714 3497 Christus
1749 3459 1841 3495 nos
1869 3444 2016 3495 rede-

434 3531 525 3584 mit
559 3548 590 3583 a
619 3532 896 3585 maledicto
921 3532 1070 3602 legis,
1094 3534 1266 3603 factus
1289 3552 1382 3602 pro
1407 3535 1554 3588 nobis
1592 3534 1929 3588 maledictum
1961 3542 2010 3591 '.

431 3623 525 3680 Sic
555 3634 610 3680 et
642 3625 1060 3680 inobedientiam
1118 3638 1357 3682 nostram
1407 3636 1462 3682 et
1516 3629 1899 3697 ignorantiam,
1952 3635 2011 3680 ut

429 3731 592 3786 caput
623 3720 821 3789 integri
871 3719 1118 3788 corporis
1167 3719 1492 3787 suscepisse.
1553 3718 1620 3772 Et
1667 3717 1821 3782 illud,
1867 3716 2009 3771 Deus

430 3828 594 3873 meus.
616 3811 754 3866 Deus
778 3828 944 3877 meus,
1001 3813 1186 3881 utquid
1226 3812 1550 3882 dereliquiin
1587 3813 1707 3868 me?
1737 3827 1832 3882 per
1864 3809 2008 3864 inef-

428 3905 646 3959 fabilem
678 3920 940 3966 amorem,
967 3915 1150 3960 nostra
1181 3912 1440 3977 tanquam
1469 3919 1564 3957 sua
1599 3903 1911 3971 assumpsit.

2113 3164 2353 3235 Χριστοῦ
2402 3164 2714 3234 λεγομένων
2761 3167 3021 3229 ποιεῖται,
3053 3163 3122 3217 τά
3169 3163 3270 3234 μὲν
3323 3163 3543 3235 ἀληθῶς
3594 3166 3696 3217 καὶ

2113 3257 2317 3328 κυρίως
2359 3256 2750 3327 ὑποτιθέμενος
2791 3256 3071 3326 λέγεσθαι,
3113 3257 3181 3310 τὰ
3213 3255 3270 3309 δὲ
3317 3256 3456 3310 κατά
3489 3258 3697 3324 ἀναφο-

2115 3350 2235 3421 ράν.
2265 3349 2622 3420 Ἀναφέρεται
2650 3349 2758 3420 γὰρ
2783 3348 2876 3419 ἀφ’
2905 3349 3084 3420 ἡμῶν,
3113 3349 3188 3412 ὡς
3211 3348 3456 3418 κεφαλῆς
3480 3349 3694 3401 ἐκείνου

2112 3443 2331 3496 πάντων
2365 3441 2522 3511 ἡμῶν
2555 3439 2931 3510 ἀνασχομένου
2974 3439 3101 3512 [856
3142 3438 3235 3512 IL]
3257 3439 3536 3509 γενέσθαι,
3565 3441 3599 3511 ἦ
3632 3458 3694 3494 τε

2115 3533 2358 3604 ἁμαρτία
2397 3533 2490 3585 καὶ
2517 3533 2550 3602 ὴ
2582 3531 2794 3602 κατάρα
2842 3533 2936 3585 καὶ
2966 3533 3069 3588 ὅσα
3111 3533 3488 3604 παραπλήσια.
3520 3535 3692 3602 Λέγει

2113 3626 2222 3696 γάρ
2247 3625 2276 3677 ό
2304 3623 2644 3690 Ἀπόστολος,
2675 3624 2786 3678 Τὸν
2801 3623 2885 3693 μὴ
2903 3623 2948 3656 ⁸⁸
2980 3626 3199 3694 γνόντα
3221 3626 3516 3694 ἁμαρτίαν
3537 3626 3696 3694 ὑπὲρ

2111 3715 2282 3786 ἡμῶν
2328 3716 2623 3786 ἁμαρτίαν
2670 3716 2955 3784 ἐποίησε·
2997 3718 3093 3770 καὶ
3131 3717 3314 3784 πάλιν,
3365 3718 3623 3786 Χριστὸς
3647 3719 3692 3750 ιι

2110 3807 2270 3878 ἡμᾶς
2303 3809 2678 3878 ἐξηγόρασεν
2715 3810 2784 3862 ἐκ
2831 3807 2942 3877 τῆς
3001 3807 3264 3877 κατάρας
3313 3808 3419 3863 τοῦ
3474 3810 3693 3878 νόμον,

2109 3901 2431 3970 γενόμενος
2486 3898 2640 3968 ὑπὲρ
2677 3897 2846 3968 ἡμῶν
2888 3897 3137 3966 κατάρα.
3191 3898 3348 3952 Οὑτω
3388 3898 3446 3952 δέ
3493 3897 3591 3952 καὶ
3630 3898 3696 3952 τὸ

427 3999 800 4052 ἀνυπότακτον
847 3997 1007 4068 ἡμῶν
1057 3998 1153 4052 καὶ
1181 3998 1280 4070 τὴν
1330 3998 1573 4068 ἄγνοιαν,
1625 3997 1702 4060 ὠς
1749 3993 1994 4065 κεφαλὴν
2017 3991 2111 4045 τοῦ
2144 3993 2268 4046 ὅλου
2299 3990 2571 4061 σώματος,
2605 3989 2980 4060 ἀναδέχεσθαι,
3002 3989 3098 4042 καὶ
3128 3991 3208 4054 τὸ,
3255 3987 3364 4042 Θεέ
3401 4006 3548 4057 μου,
3584 3989 3698 4042 Θεέ

421 4112 561 4164 μου.
587 4095 686 4148 ἵνα
719 4099 775 4148 τι
803 4111 881 4165 με
908 4096 1334 4162 ἐγκατέλιπεςς
1360 4095 1438 4147 Δι’
1462 4094 1666 4163 άφατον
1697 4089 2111 4162 φιλανθρωπίαν
2129 4087 2204 4150 ὡς
2235 4085 2432 4140 ἑαυτοῦ
2467 4084 2538 4138 τὰ
2560 4084 2813 4155 ἡμέτερα
2834 4083 3228 4153 οἰκειούμενον.

494 4183 679 4241 Tertia
727 4187 904 4240 oratio
935 4189 1193 4241 adversus
1217 4187 1612 4240 calmuniautes
1642 4195 1858 4239 sanctos
1906 4182 2010 4236 Pa-

425 4287 537 4333 tres
584 4290 638 4332 et
680 4278 969 4333 concilium
1015 4277 1458 4332 Chalcedoueuse
1508 4277 1771 4330 decertat.
1825 4273 2009 4328 Primo

420 4379 552 4427 v‘ero
587 4372 846 4442 epistolas
896 4373 963 4426 ad
1006 4371 1341 4425 Succensum
1376 4385 1404 4424 a
1436 4369 1596 4424 beato
1641 4368 1845 4439 Cyrillo
1871 4382 2006 4422 cou-

418 4465 672 4534 scriptas,
706 4473 759 4516 et
805 4480 926 4534 qum
971 4465 1075 4518 huc
1120 4465 1396 4533 pertinere
1424 4461 1677 4516 videntur
1719 4459 2001 4527 diiudicat.

2193 4181 2252 4232 Ὀ
2285 4179 2342 4232 δὲ
2374 4183 2423 4245 γ’
2463 4177 2622 4244 λόγος
2673 4174 2816 4228 κατὰ
2839 4173 2947 4227 τῶν
3000 4174 3531 4244 συκοφαντησάντων
3563 4175 3695 4238 τοὺς

2110 4273 2298 4337 ἁγίους
2328 4269 2578 4340 Πατέρας
2608 4268 2704 4320 καὶ
2742 4266 2843 4340 τὴν
2874 4268 2931 4320 ἐν
2957 4265 3265 4337 Καλχηδόνι
3297 4266 3516 4319 σύνοδον
3544 4268 3696 4336 ἀγω-

2104 4365 2333 4428 νίζεται.
2361 4362 2474 4415 Καὶ
2519 4361 2737 4432 πρῶτον
2785 4359 2884 4430 μὲν
2917 4357 3015 4421 τὰς
3058 4357 3195 4430 πρὸς
3235 4355 3534 4410 Σούκενσον
3569 4359 3695 4410 ἐπι-

2105 4459 2319 4520 στολὰς,
2343 4457 2399 4510 αἶ
2437 4455 2514 4526 τῷ
2539 4455 2794 4526 μακαρίῳ
2815 4453 3070 4524 Κυρίλλῳ
3098 4453 3439 4524 ἐγράφησαν,
3467 4453 3562 4506 καὶ
3588 4454 3696 4507 ὅσα

417 4555 630 4610 Etenim
668 4555 968 4609 adversarii
1003 4553 1070 4607 ab
1101 4553 1406 4620 hujusmodi
1468 4553 1692 4606 vocibus
1738 4563 1994 4619 tauquam

2112 4549 2240 4604 Ξλλα
2264 4546 2487 4609 ταύταις
2518 4545 2833 4616 συντρέχειν
2862 4543 3101 4607 δοκοῦσι,
3122 4543 3418 4614 διευκρινεῖ
3443 4542 3560 4614 (καὶ
3581 4543 3696 4613 γάρ

415 4663 447 4702 a
491 4658 635 4700 turre
677 4649 908 4717 quadam
953 4647 1214 4702 adversus
1257 4647 1506 4714 dogmata
1545 4646 1762 4714 pietatis
1811 4647 1995 4698 incur-

415 4751 561 4795 runt.
599 4741 733 4795 lliuc
761 4751 813 4794 et
845 4741 983 4798 alias
1017 4739 1319 4794 calumnias
1358 4738 1576 4793 refellit.
1621 4739 1996 4793 Namhmreti-

411 4847 600 4887 corum
627 4833 934 4898 opinionem
966 4833 1199 4900 primum
1224 4832 1448 4902 quidem
1477 4833 1730 4902 proponit
1752 4836 1990 4888 secunda

412 4921 636 4989 epistola
685 4923 752 4976 ad
787 4921 1143 4988 Succensum,
1200 4938 1322 4992 quae
1362 4923 1464 4987 ait,
1495 4923 1680 4978 dicere
1711 4925 1846 4979 duas
1871 4939 1995 4978 esse

409 5021 635 5066 naturas
680 5011 937 5066 indivisas
986 5021 1108 5080 post
1155 5014 1440 5076 unionem,
1487 5013 1826 5066 contrariqu
1875 5025 1997 5066 esse

408 5103 475 5157 iis
515 5103 606 5172 qui
648 5116 810 5156 unam
866 5103 1030 5158 Verbi
1083 5112 1334 5158 naturam
1391 5105 1730 5158 incarnatam
1787 5102 1990 5158 colunt.

404 5195 605 5250 Contra
662 5209 802 5263 quos
851 5195 1103 5248 veritatis
1156 5205 1422 5255 patronus
1491 5194 1730 5259 disserit,
1788 5205 1845 5248 ut
1898 5194 1988 5265 qui

478 5335 502 5368 ι
537 5326 578 5380 ll
611 5327 738 5382 Cor.
771 5342 824 5391 ν,
857 5326 947 5380 2|.
1030 5337 1052 5365 τ
1079 5327 1256 5382 Galat.
1291 5341 1378 5390 ιιι,
1415 5326 1502 5381 l3.
1543 5330 1559 5363 ι
1599 5325 1740 5381 Psal.
1771 5342 1883 5394 ut,
1918 5328 1988 5393 1;

2027 4593 2074 4650 Ι)

2102 4642 2152 4695 οἱ
2183 4641 2252 4695 δι’
2282 4639 2532 4702 ἐναντίας
2567 4639 2674 4692 ἀπὸ
2697 4637 2804 4690 τῶν
2833 4635 3090 4690 τοιούτων
3113 4636 3327 4704 φωνῶν,
3356 4634 3550 4706 ὥσπερ
3580 4637 3696 4689 ἀπό

2103 4751 2250 4796 τινος
2303 4731 2676 4804 ἀκροπόλεως,
2729 4729 3086 4800 κατατρέχειν
3117 4728 3228 4780 τῶν
3264 4727 3368 4797 τῆς
3405 4727 3696 4790 εὐσεϐείας

2105 4825 2393 4896 δογμάτων
2423 4821 2844 4894 φρυάττονται),
2899 4822 3094 4874 ἔπειτα
3143 4821 3200 4872 δὲ
3248 4819 3475 4882 καὶτὰς
3518 4817 3694 4882 ἄλλας

2105 4917 2478 4987 συκοφαντίας
2507 4915 2971 4980 ἀποσκευάζεται.
3006 4914 3080 4967 Τὸ
3115 4913 3215 4984 μὲν
3263 4907 3372 4965 οὗν»
3411 4913 3695 4982 αἱρετικὸν

2101 5009 2359 5081 φρόνημα
2401 5009 2618 5080 πρῶτον
2663 5008 2761 5078 μέν
2796 5006 3064 5078 προτείνει
3119 5005 3222 5075 τῆς
3258 5004 3521 5075 δευτέρας
3553 5003 3693 5074 πρὸς

2104 5102 2404 5156 Σούκενσον
2445 5101 2736 5169 ἐπιπολῆς
2781 5101 2978 5172 χρῆσιν
3007 5101 3075 5164 ⁸³,
3111 5099 3232 5171 ἥτις
3267 5099 3329 5152 τὸ
3376 5099 3471 5151 δύο
3507 5098 3694 5166 λέγειν

2103 5191 2294 5262 φύσεις
2325 5193 2668 5263 ἀδιαιρέτους
2704 5191 2843 5262 μετά
2895 5191 2996 5262 τὴν
3026 5191 3221 5245 ἕνωσιν
3270 5189 3516 5243 ἐναντίον
3547 5185 3694 5242 εἷναί

2081 5327 2259 5382 datth.
2283 5343 2431 5393 τινι,
2465 5328 2552 5384 46.

1693 5483 1928 5540 VARUS
1959 5484 2249 5542 LECTION
2257 5485 2360 5543 ES.

469 5597 606 5672 "ﬁt"-
639 5599 762 5656 atld.
785 5600 853 5658 A.
928 5601 974 5632 “
1007 5599 1458 5672 παραδεδομένων
1484 5601 1551 5655 Α.
1633 5602 1678 5634 ⁸⁷
1701 5600 1775 5672 οἳ]
1808 5598 1889 5665 οἷς
1916 5618 2062 5660 corr.
2088 5604 2152 5657 Α.
2227 5602 2275 5636 ⁸⁸
2295 5604 2478 5658 πιστοὶ⁵
2507 5603 2549 5659 ε
2581 5621 2594 5656 :
2633 5602 2862 5659 fortasse
2893 5602 3172 5672 legendum
3197 5599 3427 5664 πιστῶς.

3505 5603 3551 5636 υ
3578 5621 3687 5658 πα,

399 5668 678 5736 ρστίθεται
708 5674 774 5724 Α.
849 5672 895 5704 ⁸⁸
927 5672 1020 5726 τὸν
1074 5668 1174 5742 μὴ]
1211 5671 1255 5725 ll
1281 5668 1431 5725 'Cor.
1482 5687 1533 5736 v,
1586 5673 1678 5728 9.1.
1755 5668 1797 5706 ⁵·
1831 5675 2091 5746 Χριστὸς]
2113 5673 2234 5728 Gal.
2266 5691 2349 5742 ιιι,
2381 5675 2465 5730 15.
2542 5675 2587 5706 ³⁸
2619 5675 2816 5744 χρῆσιν
2843 5668 2975 5728 ΛΟΞ
3007 5672 3198 5744 χρῆσις
3230 5690 3289 5736 ς.
