3964 6246
593 243 642 277 Ι,

257 316 388 382 1029

1291 314 1817 386 BIBLIOTHECA.
1859 338 1927 348 -
1967 310 2128 373 COD.
2161 311 2430 374 CCXXX.

3385 309 3520 376 1030

251 442 385 496 φησι
415 426 528 488 τοῖς
562 424 691 496 μίαν
722 424 1087 496 πρεσϐεύουσι
1111 423 1205 478 τοῦ
1239 424 1413 493 Λόγου
1443 424 1604 495 φύσιν
1639 439 1832 492 σεσαρ-

1943 435 2106 475 unam
2160 421 2325 476 Verbi
2386 427 2641 475 naturam
2696 417 3034 474 incarnatam
3093 417 3314 484 docent,
3374 419 3520 473 clara

252 518 526 587 κωμένην.
556 513 652 579 Οἷς
697 517 1094 587 ἁνθυποφέρων
1139 518 1166 569 0
1203 514 1504 588 συνήγορος
1547 517 1706 584 λέγει,
1739 515 1839 586 τῆς

250 608 532 679 ἀληθείας,
553 608 629 672 ὡς
660 609 710 660 οί
743 609 870 678 μίαν
899 607 994 661 τοῦ
1025 611 1197 678 Λόγου
1223 609 1387 678 φύσιν
1411 609 1840 680 σεσαρκωμένην

250 701 571 767 δδξάζοντες
595 703 740 771 σαφῆ
768 702 867 771 μὲν
895 701 1174 770 βούλονται
1200 701 1288 755 διὰ
1319 703 1419 772 τῆς
1449 702 1636 772 φωνῆς
1668 705 1840 756 ποιεῖν

250 792 350 863 τὴν
388 791 511 844 καθ’
550 792 850 844 ὑπόστασιν
901 790 1096 844 ἕνωσιν
1124 792 1193 858 ⁸³,
1229 793 1324 846 καὶ
1371 793 1447 857 ὼς
1481 793 1510 846 0
1538 795 1710 861 Λόγος
1739 793 1840 846 οὐκ

253 881 541 952 ἄνθρωπον
575 881 998 952 προῦποστάντα
1042 883 1380 951 προσέλαϐεν
1427 883 1564 936 ἀλλὰ
1597 883 1734 954 σὰρξ
1762 883 1840 945 ὡς

252 972 472 1042 άληθῶς
521 973 782 1040 γέγονεν·
820 973 852 1041 ή
895 973 950 1024 δὲ
1001 973 1100 1025 οὐκ
1133 973 1355 1043 ἐξαρκεῖ
1391 975 1484 1026 τοῦ
1538 974 1838 1046 μυστηρίου

252 1061 425 1128 δεῖξαι
457 1062 522 1114 τὸ
559 1062 785 1115 τέλειον.
817 1062 928 1115 Ποῦ
977 1065 1088 1132 γὰρ
1117 1062 1231 1116 ἔστι
1263 1064 1353 1118 διὰ
1400 1065 1500 1134 τῆς
1529 1065 1710 1134 φωνῆς
1739 1065 1836 1117 λα-

253 1150 372 1205 ϐεῖν
396 1152 508 1205 εἴτε
543 1151 788 1221 ἔμψυχος
816 1147 883 1222 ἦν
908 1153 941 1222 ἡ
980 1152 1355 1222 ἀναληφθεῖσα
1395 1153 1585 1224 σὰρξῆ
1622 1155 1716 1223 μὴ,
1745 1157 1838 1208 καὶ

251 1245 303 1296 εἰ
328 1244 702 1313 ὲσχημάτιστο
738 1243 900 1313 μόνον
942 1247 1008 1315 τῇ
1054 1246 1218 1317 σαρκὶ
1253 1247 1286 1316 ἢ
1331 1246 1547 1316 ἀληθῶς
1575 1246 1838 1316 ἐπεφύκει

252 1334 429 1404 σάρξς
462 1334 627 1387 πόθεν
657 1333 700 1386 δ’
750 1334 831 1387 ὅτι
880 1336 1062 1389 τέλεια
1091 1337 1126 1408 ἢ
1159 1338 1240 1390 ὅτι
1279 1337 1559 1407 άσύγχυτα
1594 1339 1660 1392 τὰ
1709 1357 1837 1392 συν-

251 1424 479 1480 ελθόντα
521 1426 938 1496 μεμενήκασιν;
989 1427 1142 1480 οὐδὲν
1185 1429 1294 1500 γὰρ
1343 1429 1547 1482 τούτων
1592 1431 1838 1502 διευκρι-

251 1516 486 1587 νημένον
518 1516 666 1570 ἐστιν
709 1516 768 1581 ἐξ
801 1518 868 1570 αύ
884 1519 970 1588 τῆς
1001 1520 1205 1590 εὑρεῖν.
1251 1520 1349 1573 Διὰ
1389 1521 1546 1574 τοῦτο
1589 1523 1697 1593 γὰρ
1742 1523 1837 1575 καὶ

271 1608 636 1680 Ἀπολιναρίῳ
665 1609 758 1661 καὶ
796 1611 1028 1680 Εὑτυχεῖ
1043 1611 1104 1664 τὸ
1124 1613 1493 1682 προκείμενον
1517 1617 1715 1684 χωρίον
1740 1633 1837 1667 πε-

254 1697 640 1768 ριπτύσσεται,
662 1697 739 1768 τῷ
773 1700 870 1770 μὲν
899 1701 1179 1770 συγχέοντι
1206 1702 1276 1756 τὰ
1305 1704 1646 1770 συνελθόντα,
1679 1706 1837 1759 Ἀπο-

251 1788 479 1860 λιναρίῳ
523 1788 579 1842 δὲ
625 1789 830 1860 ἄψυχον
863 1792 961 1862 τὴν
1015 1793 1194 1863 σάρκα
1250 1794 1376 1866 [MO
1419 1795 1512 1867 IL]
1565 1797 1831 1866 φανταζο-
1866 1775 1908 1830 Β

255 1880 424 1950 μένῳ.
474 1880 633 1933 Ἀλλὰ
685 1881 780 1934 καὶ
831 1883 1070 1936 Μάνεντι
1105 1884 1259 1952 φίλον
1305 1888 1338 1956 ἡ
1370 1887 1542 1956 φωνὴ,
1588 1888 1830 1957 σχήματι

251 1973 346 2024 καὶ
378 1971 650 2042 φαντασίᾳ
675 1972 774 2042 τὴν
811 1973 1233 2044 ἐνανθρώπησιν
1263 1976 1574 2034 πλάττοντι.
1607 1981 1669 2031 Οἱ
1705 1981 1832 2049 μέν·

249 2080 334 2116 τοι
358 2081 423 2130 γε
453 2064 500 2095 ⁸⁸
535 2063 784 2132 λέγοντες
821 2065 914 2118 δύο
943 2066 1134 2135 φύσεις
1181 2068 1516 2138 ἀδιαιρέτους
1545 2069 1830 2141 ἀσύγχυτα

255 2156 354 2225 μὲν
400 2157 469 2208 τὰ
500 2155 827 2210 συνελθόντα
879 2158 1260 2228 φυλάττουσιν,
1309 2161 1417 2213 οὐδ’
1456 2156 1602 2215 οὗτοι
1646 2165 1831 2231 μέντοι

248 2247 340 2301 διὰ
368 2248 477 2299 τῶν
510 2247 688 2300 αὐτῶν
731 2249 926 2316 φωνῶν
966 2252 1063 2320 τὴν
1108 2250 1232 2304 καθ’
1283 2252 1580 2306 ὑπόστασιν
1626 2255 1832 2324 κηρύτ-

247 2354 436 2392 τουσιν
473 2339 690 2393 ἕνωσιν.
711 2340 948 2393 Δυνατὸν
982 2342 1091 2414 γὰρ
1129 2344 1286 2396 πάλιν
1317 2343 1640 2414 κακούργως
1664 2348 1709 2378 ⁵⁵
1738 2347 1834 2401 λα-

249 2431 368 2483 ϐεῖν
402 2430 462 2483 τὸ
503 2432 807 2500 ἡνωμένον,
839 2431 914 2496 ὡς
945 2434 1261 2503 Νεστόριος,
1293 2439 1426 2508 τιμῇ
1456 2439 1549 2490 καὶ
1581 2438 1707 2509 δόξῃ
1735 2440 1832 2491 καὶ

245 2520 560 2597 τοῑςάλλοις
594 2521 896 2591 αἱρετικοῖς
919 2523 1401 2593 ὲπιτεχνάσμασιν.
1427 2525 1526 2578 Διὰ
1554 2526 1711 2578 τοῦτο
1736 2525 1832 2579 καὶ

247 2616 279 2668 0
318 2613 462 2677 θεῖος
488 2613 751 2684 Κύριλλος
777 2615 916 2669 κατὰ
944 2617 1005 2669 τὸ
1032 2618 1204 2688 πέρας
1247 2619 1344 2688 τῆς
1389 2619 1684 2689 εἰρημένης
1716 2621 1831 2671 ἐπι-

248 2707 468 2777 στολῆς,
515 2707 585 2760 Τὸ
615 2705 683 2758 δὲ
706 2707 1072 2775 ἀδιαίρετον,
1096 2710 1142 2740 ⁵⁸
1166 2710 1291 2780 ἔφη,
1317 2714 1647 2779 προστεθὲν
1671 2711 1839 2766 δοκεῖ

242 2797 363 2866 μέν
399 2811 524 2860 πως
555 2799 690 2866 παρ’
723 2797 868 2866 ’ἡμῖν
912 2798 1094 2867 ὀρθῆς
1131 2799 1318 2867 δόξης
1356 2799 1508 2855 εἶναι
1545 2817 1834 2870 σημαντι-

249 2887 383 2949 κὸν,
410 2887 581 2941 αὐτοὶ
609 2887 676 2940 δὲ
704 2890 820 2956 οὐχ
842 2889 997 2942 οὕτω
1031 2892 1266 2946 νοοῦσι.
1303 2891 1375 2946 T0
1395 2892 1500 2964 γάρ
1527 2893 1832 2965 ἀδιαίρετον

248 2981 384 3048 παρ’
435 2981 620 3042 αὐτοῖς
659 2980 804 3032 κατὰ
833 2980 932 3045 τὰς
984 2983 1282 3053 Νεστορίου
1325 2987 1661 3054 κενοφωνίας
1709 2985 1832 3040 καθ’

247 3068 436 3140 ἓτερον
460 3069 798 3139 λαμϐάνεται
840 3073 1075 3142 τρόπον’
1107 3075 1240 3142 φασὶ
1273 3061 1382 3146 γάρ
1427 3077 1509 3130 ὅτι
1550 3079 1616 3148 τῇ
1671 3079 1830 3130 ίσοτιο

252 3161 372 3230 μίᾳ,
393 3164 462 3231 τῇ
484 3161 860 3233 ταυτοϐουλίᾳ,
893 3166 958 3235 τῇ
978 3164 1234 3234 αὑθεντίᾳ
1257 3166 1563 3239 ἀδιαίρετός
1595 3171 1709 3221 ἐστι
1733 3169 1828 3223 τοῦ

247 3249 386 3302 Θεοῦ
428 3250 604 3318 Λόγου
659 3253 688 3305 0
737 3253 795 3305 ἐν
842 3245 886 3320 ᾧ
941 3253 1262 3324 κατῴκησεν
1309 3255 1615 3328 ἄνθρωπος.
1666 3259 1829 3312 Ὥστε

247 3339 427 3392 διττὸν
461 3342 558 3394 καὶ
601 3342 630 3394 0
668 3341 843 3411 μέγας
872 3343 1137 3414 Κύριλλος
1184 3341 1293 3398 οἶδε
1324 3347 1384 3400 τὸ
1417 3348 1744 3420 ἀδιαίρετον,
1771 3351 1832 3403 τὺ

255 3432 352 3502 μὲν
374 3432 662 3503 αἱρετικῆς
688 3433 868 3504 δόξης,
897 3434 959 3487 τὸ
999 3435 1056 3488 δὲ
1089 3437 1292 3491 οἰκεῖόν
1319 3455 1379 3490 τε
1415 3441 1510 3493 καὶ
1547 3439 1828 3511 όρθοδόξου

250 3523 619 3593 φρονήματος.
653 3524 786 3594 Διχῆ
828 3525 885 3578 δὲ
916 3524 1010 3578 τοῦ
1046 3527 1357 3601 ἀδιαιρέτου
1385 3530 1703 3602 λεγομένου,
1737 3534 1832 3586 εύ-

249 3613 422 3683 λόγως
449 3613 621 3684 ἔφησε
645 3615 913 3686 μάχεσθαι
938 3617 1001 3671 τὸ
1024 3619 1206 3688 λέγειν
1239 3621 1369 3690 μίαν
1393 3622 1487 3675 τοῦ
1517 3623 1694 3693 Λόγου
1726 3627 1830 3694 φύ-

252 3721 336 3760 σιν
372 3707 805 3777 σεσαρκωμένην
863 3710 977 3773 τοῖς
1024 3711 1168 3765 κατὰ
1215 3713 1509 3785 Νεστόριον
1559 3717 1831 3786 φάσκουσι

251 3793 343 3852 δύο
377 3794 572 3862 φύσεις
617 3795 975 3866 άδιαιρέτους.
1012 3797 1138 3870 [857
1177 3800 1268 3874 R.]
1305 3803 1446 3858 Αὐτὸ
1476 3805 1533 3859 δὲ
1571 3805 1731 3860 τοῦτο
1767 3807 1832 3861 τὺ

255 3885 418 3956 ῥητὸν
451 3885 621 3957 ὀρθῆς
656 3885 870 3955 γίνεται
911 3889 1091 3959 δόξης,
1136 3893 1510 3965 ἀπομερισθὲν
1549 3898 1648 3969 τῆς
1679 3900 1832 3970 όμω-

253 3976 474 4046 νυμίας.
516 3976 938 4047 Ἀπομερίζεται
966 3981 1023 4034 δὲ
1054 3983 1172 4034 κατ’
1207 3983 1399 4049 ἄλλους
1429 3987 1685 4058 τρόπους,
1723 3990 1831 4059 μά-

251 4065 410 4121 λιστα
445 4067 501 4119 δὲ
532 4069 589 4122 ἐν
635 4067 714 4138 τῷ
769 4070 868 4140 τὴν
909 4071 954 4102 ³⁷
998 4072 1120 4126 καθ’
1152 4075 1452 4130 ὑπόστασιν
1499 4080 1830 4148 προσλαϐεῖν

252 4159 445 4214 ἕνωσιν
465 4175 478 4188 ⁶
508 4158 647 4228 αῦτη
670 4162 779 4230 γὰρ
815 4164 848 4232 η
878 4165 1166 4235 προσθήκη
1200 4166 1260 4218 τὸ
1298 4169 1524 4239 ἀκριϐὲς
1547 4171 1829 4241 πληροῦσα

251 4249 345 4306 καὶ
372 4249 466 4301 τὸν
500 4249 650 4301 δόλον
697 4250 910 4305 ἐλαύνει
945 4252 1246 4324 Νεστορίου
1277 4257 1371 4308 καὶ
1400 4259 1526 4322 τοὺς
1557 4261 1830 4330 συκοφάν-

249 4354 345 4401 τας
401 4338 504 4408 τῆς
555 4339 837 4402 εὐσεϐείας
876 4344 1250 4414 καταισχύνει.
1298 4348 1515 4420 ’Δτελὴς
1563 4347 1656 4404 οὖν
1695 4355 1829 4406 ἑκα-

1943 529 2076 568 voce
2129 514 2321 568 volunt
2349 512 2730 568 demonstrare
2775 526 2894 565 eam
2935 526 3056 580 qua:
3095 520 3179 566 est
3220 525 3318 580 per
3351 511 3524 580 hypo-

1942 608 2133 660 stasim
2168 614 2263 660 :et
2293 606 2435 676 quod
2479 603 2714 658 Verbum
2747 605 3019 658 hominem
3054 604 3520 674 prmexsistentem

1941 715 2048 755 non
2085 698 2468 769 assumpserit,
2508 700 2602 752 sed
2645 711 2839 752 revera
2875 711 3006 750 caro
3033 695 3233 750 factum
3269 697 3360 750 sit.
3396 695 3522 750 [huc

1939 801 2114 846 autem
2156 807 2258 845 vox
2291 807 2396 844 non
2431 789 2564 844 satis
2603 788 2939 842 demonstrat
2972 786 3210 856 mysterii
3241 786 3523 855 perfectio-

1945 899 2090 938 nem.
2123 883 2226 939 Ubi
2275 883 2418 936 enim
2449 882 2575 936 licet
2612 881 2856 950 accipere
2882 894 2977 947 per
3025 893 3236 943 vocem,
3289 877 3522 933 fueritne

1940 976 2175 1027 animata
2209 983 2485 1042 assumpta
2521 987 2669 1036 caro,
2734 969 2945 1025 necne?
3004 970 3200 1040 2680
3240 979 3295 1023 et
3338 984 3404 1023 an
3433 983 3522 1023 so-

1939 1067 2047 1119 lum
2086 1080 2250 1119 carne
2294 1065 2568 1127 indutum,
2617 1063 2699 1117 vel
2748 1076 2936 1116 revera
2991 1073 3176 1116 natum
3229 1064 3301 1116 sit
3354 1061 3521 1115 caro?

1939 1158 2094 1213 Unde
2122 1172 2284 1224 porro
2321 1157 2462 1225 quod
2494 1153 2732 1224 perfecta
2760 1163 2816 1208 et
2843 1154 3152 1217 inconfusa,
3187 1168 3520 1208 concurren-

1941 1250 2012 1302 tia
2069 1245 2505 1316 permanserint?
2535 1245 2669 1299 nihil
2703 1245 2847 1299 enim
2886 1245 3078 1298 horum
3127 1244 3331 1298 clarum
3363 1259 3429 1298 ex
3454 1259 3516 1300 ea

1943 1339 2202 1406 reperies.
2256 1335 2547 1406 Propterea
2601 1335 2744 1387 enim
2801 1343 2854 1386 et
2900 1332 3234 1399 Apollinario
3271 1332 3518 1403 etEuty-

1938 1433 2024 1484 t-hi
2055 1429 2362 1499 propositus
2394 1428 2546 1481 locus
2585 1425 2860 1492 convenit,
2891 1425 3016 1479 huic
3047 1425 3262 1494 quidem
3289 1425 3516 1493 conjun-

1939 1534 2024 1577 cta
2077 1521 2448 1584 confundenli,
2495 1519 2832 1587 Apollinario
2886 1531 3014 1571 vero
3069 1517 3356 1570 animatam
3389 1532 3516 1572 car-

1940 1631 2060 1667 nem
2117 1611 2454 1680 imaginanti.
2509 1607 2646 1674 Quin
2683 1618 2729 1662 et
2766 1609 2878 1662 haec
2929 1622 3030 1660 vox
3073 1608 3247 1676 placet
3293 1607 3517 1673 Maneti,

1942 1705 2315 1773 imaginariam
2365 1711 2419 1756 et
2473 1699 2849 1755 adumbratam
2903 1699 3122 1766 [ingenti
3179 1699 3511 1752 incarnatioo

1940 1809 2082 1847 nem.
2123 1791 2225 1856 Qui
2271 1806 2403 1844 vero
2454 1790 2588 1842 duas
2639 1787 2947 1842 inconfusas
2985 1796 3236 1841 asserunt
3270 1797 3511 1853 naturas,

1939 1881 2227 1939 inconfusa
2278 1883 2495 1952 quidem
2543 1879 2925 1934 concurrentia
2958 1887 3308 1945 conservant,
3341 1894 3518 1948 neque

1939 1975 1989 2028 hi
2025 1989 2122 2043 per
2148 1972 2368 2027 easdem
2397 1983 2556 2024 voces
2589 1968 2843 2023 unionem
2890 1968 3290 2038 hypostaticam
3323 1969 3517 2036 praadi-

1935 2075 2082 2120 cant.
2117 2064 2257 2118 Fieri
2301 2063 2444 2116 enim
2479 2070 2681 2130 potest,
2716 2069 2775 2113 ut
2803 2070 2990 2113 contra
3023 2060 3268 2128 improbe
3299 2061 3516 2126 capiant

1933 2157 2076 2226 quod
2109 2157 2314 2209 unitum
2345 2163 2426 2207 est
2452 2152 2534 2223 (ut
2563 2150 2862 2220 Nestorius)
2895 2151 3100 2204 honore
3134 2159 3188 2204 et
3215 2150 3384 2220 gloria
3414 2167 3429 2217 ;
3466 2161 3518 2204 et

1935 2249 2056 2301 aliis
2099 2245 2480 2300 haereticorum
2515 2241 2772 2296 inventis.
2822 2239 2947 2293 ideo
2978 2249 3032 2293 et
3063 2239 3254 2293 beatus
3281 2238 3516 2309 Cyr-illus

1935 2341 1988 2394 in
2031 2340 2135 2392 line
2199 2336 2358 2405 hujus
2411 2334 2672 2406 epistolae,
2738 2333 3036 2396 indivisum,
3085 2333 3197 2398 ait,
3249 2333 3514 2396 additum,

1935 2435 2138 2487 videtur
2165 2441 2356 2483 nostra:
2392 2437 2545 2480 rectm
2569 2426 2692 2494 ﬁdei
2717 2441 2825 2478 esse
2866 2428 3113 2495 signum:
3149 2423 3229 2476 illi
3266 2440 3380 2478 vero
3411 2441 3513 2477 non

1935 2526 2010 2578 ita
2040 2523 2293 2576 sentiunt.
2334 2519 2631 2574 Indivisum
2661 2518 2805 2572 enim
2837 2520 2978 2587 apud
3023 2517 3164 2583 illos,
3217 2518 3510 2571 secundum

1936 2626 2103 2664 novas
2169 2609 2403 2663 Nestorii
2436 2622 2619 2669 voces,
2681 2605 2786 2660 alio
2853 2607 3014 2659 modo
3059 2605 3314 2672 sumitur.
3375 2605 3516 2660 Dicit

1935 2703 2078 2755 enim
2112 2700 2335 2757 honoris
2383 2699 2635 2769 paritate,
2683 2708 2739 2752 et
2770 2698 3064 2752 voluntatis
3094 2707 3148 2752 et
3175 2696 3512 2750 auctoritatis

1937 2797 2228 2849 indivisum
2277 2794 2551 2846 hominem
2586 2805 2729 2855 esse,
2762 2790 2813 2844 in
2855 2806 2962 2860 quo
2995 2789 3083 2844 Dei
3112 2789 3332 2843 verbum
3364 2789 3515 2842 hahi-

1937 2891 2088 2944 tavit.
2149 2889 2326 2954 Quare
2381 2885 2667 2956 dupliciter
2710 2899 2935 2954 magnus
2974 2884 3066 2938 ille
3109 2883 3342 2954 Cyrillus
3373 2882 3513 2935 imii-

1935 2983 2109 3036 visum
2145 2981 2398 3050 intelligit
2434 3001 2445 3036 :
2481 2979 2623 3032 aliud
2655 2977 2871 3044 quidem
2904 2979 3172 3042 baeretice,
3209 2977 3352 3029 aliud
3384 2988 3513 3028 vero

1937 3073 2154 3142 proprie
2198 3082 2253 3125 et
2281 3070 2604 3124 orthodoxe.
2644 3067 2860 3124 Duobus
2897 3079 3076 3121 autem
3109 3068 3281 3120 modis
3316 3068 3512 3121 indivi-

1936 3180 2055 3218 sum
2119 3165 2612 3232 usurpando,‘vcre
2661 3160 2798 3213 dixit
2843 3175 2857 3212 :
2915 3159 3099 3212 dicere
3145 3173 3314 3211 unam
3348 3156 3508 3212 Verbi

1933 3265 2180 3308 naturam
2225 3253 2562 3305 incarnatam
2615 3265 2856 3320 pugnare
2911 3258 3098 3302 contra
3160 3249 3512 3304 Nestorianos

1934 3350 2250 3396 asserentes
2275 3342 2407 3394 duas
2441 3348 2661 3393 naturas
2683 3338 2964 3392 indivisas.
2995 3338 3136 3391 Idem
3162 3346 3340 3391 autem
3369 3341 3510 3405 quod

1933 3435 2134 3488 dictum
2178 3443 2282 3496 est,
2323 3431 2578 3486 Ecclesia
2611 3439 2695 3484 est
2725 3430 3058 3492 orthodoxae,
3085 3430 3128 3482 si
3159 3430 3514 3497 aaquivocatio

1933 3524 2177 3580 tollatur.
2229 3521 2460 3577 Tollitur
2513 3531 2694 3576 autem
2751 3530 2808 3575 et
2860 3521 2985 3574 aliis
3036 3521 3232 3586 modis,
3277 3522 3512 3575 maxime

1932 3631 2086 3677 vero,
2125 3620 2176 3670 in
2208 3613 2534 3669 assumendo
2566 3613 2818 3667 unionem
2853 3614 3271 3684 hypostaticam.
3311 3613 3509 3666 Eadem

1932 3708 2076 3762 enim
2119 3708 2232 3761 haec
2273 3705 2477 3760 additio
2522 3713 2777 3759 accurate
2813 3703 3115 3771 adimplens
3155 3712 3211 3758 et
3263 3703 3510 3756 fraudem

1932 3795 2167 3851 Nestorii
2211 3794 2456 3858 discutit,
2495 3802 2550 3847 et
2578 3791 2874 3847 haereticos
2917 3791 3220 3846 confundit.
3251 3788 3510 3861 Imperfe-

1933 3893 2017 3940 cta
2055 3900 2186 3955 ergo
2241 3893 2324 3940 est
2371 3893 2600 3953 utraque
2639 3897 2767 3948 vox,
2813 3891 2871 3935 ut
2912 3897 2979 3936 ex
3042 3881 3312 3951 prioribus
3365 3891 3511 3952 patet

1932 3990 2038 4030 non
2079 3977 2306 4030 alteram
2347 3973 2680 4044 arripiendo.
2734 3971 2919 4042 Itaque
2969 3973 3210 4043 intelligo
3252 3988 3375 4028 eam
3417 3989 3510 4028 vo-

1932 4084 2052 4122 cem
2096 4082 2216 4137 quae
2255 4067 2388 4121 dicit
2439 4081 2602 4120 unam
2643 4063 2803 4119 Verbi
2857 4075 3104 4119 naturam
3142 4065 3504 4132 incarnatam,

1931 4171 1986 4216 et
2015 4160 2160 4214 illam
2196 4173 2316 4227 quae
2345 4158 2476 4212 dicit
2514 4158 2649 4211 duas
2685 4167 2909 4210 naturas
2939 4154 3274 4218 inconfusus.
3308 4166 3510 4210 utram-

1931 4269 2037 4322 que
2087 4255 2347 4322 perticere
2395 4250 2538 4304 inter
2585 4265 2644 4303 se
2675 4249 3005 4318 copulatam.
3043 4248 3200 4304 Verbi
3243 4251 3388 4302 enim
3419 4265 3508 4302 na-

1933 4354 2054 4399 tura
2108 4345 2392 4397 iucarnata
2446 4343 2702 4396 unionem
2759 4341 3151 4410 hypostaticam
3185 4341 3507 4409 simpliciter

249 4428 384 4501 τέρα
420 4430 596 4498 φωνὴ,
649 4429 725 4493 ὠς
757 4432 822 4484 ἐκ
867 4433 976 4485 τῶν
1010 4436 1315 4506 εἰρημένων
1367 4438 1524 4510 δῆλον
1569 4444 1828 4514 κατέστη,

1937 4437 2164 4508 profert,
2218 4437 2306 4503 qui
2349 4451 2476 4490 vero
2519 4436 2653 4490 duas
2700 4437 2897 4489 asserit
2947 4435 3206 4488 indivisas
3258 4447 3503 4499 naturas,

253 4520 330 4590 μὴ
355 4520 740 4591 προσλαϐοῦσα
771 4525 870 4595 τὴν
903 4525 1120 4595 ἑτέραν,
1147 4528 1291 4596 λέγω
1320 4531 1384 4602 δὴ
1417 4532 1513 4584 καὶ
1538 4533 1571 4602 ὴ
1596 4533 1830 4601 λέγουσα

250 4608 385 4678 μίαν
415 4609 577 4677 φύσιν
611 4610 706 4663 τοῦ
739 4612 915 4681 Λόγου
949 4619 1374 4691 σεσαρκωμένην
1402 4621 1494 4674 καὶ
1524 4624 1556 4693 ἡ
1596 4623 1690 4677 δύο
1725 4625 1829 4695 φύ-

251 4717 365 4762 σεις
401 4700 770 4771 άδιαιρέτους·
816 4704 1112 4761 τελειοῦται
1135 4709 1210 4761 δὲ
1254 4710 1490 4782 ἑκατέρα
1521 4715 1832 4782 συμπλεκο-

251 4791 386 4861 μένη
405 4793 472 4860 τῇ
499 4792 660 4862 ἑτέρᾳ.
679 4794 722 4824 ⁸⁸
746 4811 759 4824 ⁸
793 4795 826 4865 ἡ
855 4796 951 4864 μὲν
976 4798 1086 4870 γὰρ
1108 4800 1202 4853 τοῦ
1235 4801 1411 4870 Λόγου
1447 4804 1606 4873 φύσις
1635 4807 1833 4877 σεσαρ-

247 4884 472 4952 κωμένη
503 4883 601 4954 τὴν
636 4885 757 4938 καθ’
798 4888 1093 4943 ὑπόστασιν
1137 4892 1324 4956 ἁπλῶς
1365 4895 1558 4949 ἕνωσιν
1589 4898 1823 4967 εἰσάγει,

245 4978 274 5029 0
301 4977 360 5030 δὲ
390 4976 489 5040 τὰς
517 4977 609 5030 δύο
651 4980 845 5048 φύσεις
886 4983 1060 5050 λέγων
1104 4987 1442 5058 ἀδιαιρέτους
1479 4992 1541 5044 τὸ
1583 4992 1825 5065 ἄφυρτόν

245 5082 305 5118 τε
344 5067 441 5118 καὶ
474 5067 781 5136 ἀσύγχυτον
815 5070 923 5123 τῶν
956 5073 1319 5128 συνελθόντων
1367 5077 1580 5148 μηνύει.
1615 5081 1824 5133 Οὐκοῦν

245 5156 685 5228 ἁπομερισθεῖσα
727 5161 880 5234 φωνὴ
915 5162 1150 5236 θατέροις
1181 5169 1215 5238 ἡ
1249 5168 1414 5240 ἑτέρα
1453 5171 1548 5224 καὶ
1578 5188 1823 5240 σοφιστι-

245 5247 358 5308 κῶς
407 5250 756 5323 προαγομένη
810 5255 1158 5328 δικαιοτάτην
1211 5259 1278 5313 ἂν
1325 5260 1424 5330 τὴν
1478 5261 1822 5330 κατάγνωσιν

244 5335 484 5402 ἐνέγκοι.
518 5337 681 5414 Ὥστε
713 5341 937 5408 δικαίως
985 5348 1079 5400 καὶ
1110 5349 1137 5400 0
1183 5349 1324 5420 ἱερὸς
1370 5335 1638 5420 Κύριλλος
1687 5354 1824 5424 πρὸς

244 5425 543 5501 Νεστόριον
590 5435 1009 5508 ἀποτεινόμενος
1055 5441 1131 5505 ὡς
1184 5443 1350 5512 ἀτελῆ
1409 5443 1510 5515 τὴν
1561 5444 1826 5513 λέγουσαν

1931 4531 2225 4585 immistum
2267 4535 2321 4580 ct
2350 4527 2688 4581 inconfusum
2735 4541 2923 4580 eorum
2958 4541 3078 4594 qua:
3105 4524 3506 4596 conjunguntur

1929 4621 2222 4689 signiﬁcat.
2251 4617 2422 4689 Igitur
2462 4618 2632 4672 divisa
2671 4633 2772 4672 vox
2812 4618 2982 4671 altera
3009 4619 3076 4671 ab
3106 4618 3296 4683 altera,
3327 4628 3380 4670 et
3407 4635 3502 4672 ea-

1928 4713 2104 4783 ptiose
2133 4711 2359 4763 adducta
2389 4707 2744 4776 iustissimam
2784 4708 3258 4776 reprehensionem
3289 4708 3502 4779 269a

1932 4812 2188 4857 meretur.
2207 4799 2384 4866 Quare
2412 4808 2559 4853 recte
2587 4807 2808 4852 sanctus
2839 4798 3073 4866 Cyrillus
3105 4799 3155 4851 in
3194 4798 3501 4853 Nestorium

1893 4927 1898 4934 ι
1930 4895 2197 4956 invectus,
2236 4901 2294 4945 ut
2325 4891 2697 4959 imperfectam
2730 4904 2916 4943 vocem
2949 4890 3217 4944 dicentem
3255 4893 3389 4944 duas
3421 4891 3502 4944 in-

1927 4987 2130 5042 divisas
2173 4993 2413 5047 naturas,
2459 4991 2513 5036 ct
2547 4997 2652 5035 non
2698 4980 2968 5034 valentem
3006 4982 3380 5036 haereticorum
3415 4997 3500 5035 se-

1927 5087 2067 5131 ctam
2124 5074 2382 5134 refutare,
2433 5080 2670 5137 accusat,
2719 5081 2774 5125 et
2808 5086 3043 5141 pugnare
3092 5070 3214 5143 [ait]
3243 5087 3362 5125 cum
3408 5071 3497 5124 illa

1927 5185 2048 5239 qua:
2091 5167 2223 5221 dicit
2270 5179 2430 5218 unam
2477 5171 2725 5217 naturam
2768 5163 3124 5217 incarnatam.
3151 5165 3284 5218 Cum
3311 5177 3416 5232 qua
3451 5161 3495 5216 si

1928 5259 2224 5328 composita
2261 5254 2461 5316 veniat,
2493 5254 2760 5307 sinceram
2787 5252 3040 5322 pietatem
3075 5251 3336 5317 ostendit,
3363 5253 3496 5304 duas

1931 5350 2188 5406 indivisas
2230 5355 2449 5400 naturas
2489 5345 2540 5398 in
2568 5344 2768 5398 unione
2813 5342 3149 5413 hypostatica
3182 5341 3326 5394 clare
3357 5356 3497 5410 prae-

1934 5447 2142 5497 dicans.
2195 5438 2287 5493 Sic
2337 5448 2484 5493 certe
2533 5436 2658 5492 licet
2689 5435 2811 5505 quis
2853 5451 3011 5489 unam
3044 5432 3203 5488 Verbi
3247 5443 3494 5486 naturam

1551 5558 1784 5615 VARI/13
1822 5549 2227 5611 LECTIONES.

316 5634 364 5669 ⁸³
389 5635 588 5721 ξνωσιν
635 5641 758 5698 add.
807 5643 869 5700 C.
945 5647 992 5678 ⁵³
1024 5663 1085 5715 γε
1141 5648 1266 5704 add.
1303 5647 1368 5702 A.
1444 5649 1489 5683 ⁸³
1519 5648 1845 5721 κακούργοις
1885 5667 1946 5713 ς’.
2022 5647 2069 5680 ⁵⁸
2120 5639 2437 5712 ἀδιαιρέτως
2479 5642 2541 5694 Α.
2617 5639 2662 5673 ³⁷
2702 5635 2800 5709 τὴν
2837 5650 2945 5695 om.
2983 5637 3046 5692 A.
3121 5635 3168 5669 ’⁸
3204 5635 3364 5707 ἑτέρᾳ
3393 5632 3435 5687 Δ
3478 5652 3491 5686 :

243 5703 484 5778 ἑκατέρᾳ
515 5724 577 5772 ς.
