3964 6246
391 261 528 327 1031
1463 259 1730 327 ILLOTII
1769 256 2278 322 PATRIARCH/E
2318 257 2428 319 CP.
3502 255 3645 321 1032

390 375 732 429 incarnatam
756 373 975 440 dixerit,
1005 381 1058 427 ct
1102 371 1335 427 maxime
1369 386 1492 427 cum
1521 371 1852 442 Apollinario
1886 369 1968 423 di.

2076 369 2234 438 ῥῆσιν
2257 368 2350 421 δύο
2384 365 2574 438 φύσεις
2597 364 2956 434 ἀδιαιρέτους,
2983 363 3080 419 καὶ
3113 363 3188 434 μὴ
3220 363 3560 436 ἐξαρκοῖωαν
3589 367 3651 420 τδ

391 467 620 522 micans.
671 474 762 519 aut
791 465 998 520 Manete
1019 505 1034 527 ,
1066 475 1157 519 aut
1187 465 1452 534 Eutyche.
1497 463 1812 532 imperfecte
1841 476 1966 532 pro-

2076 461 2346 533 αἱρετικὸν
2379 461 2620 529 σόφισμα
2666 458 2958 526 διελέγξαι,
2992 460 3359 529 παραιτεῖται,
3411 461 3509 512 καὶ
3539 459 3650 529 μά-

388 556 552 620 ferat,
610 565 665 611 et
711 557 926 612 illorum
967 558 1290 610 sententiam
1335 557 1511 624 potius
1558 554 1859 621 adiuvans,
1916 561 1968 608 et

2076 553 2258 625 χεσθαι
2319 552 2456 622 αὐτῇ
2488 551 2588 622 τὴν
2644 549 2911 618 λέγουσαν
2959 550 3088 618 μίαν
3135 549 3298 618 φύσιν
3345 550 3442 602 τοῦ
3474 551 3649 618 Λόγου

395 645 582 717 Cyrilli
655 647 978 700 sententiam
1057 661 1399 715 oppugnans,
1453 655 1508 699 et
1561 647 1856 708 invertens,
1917 654 1968 700 et

2076 645 2528 716 σεσαρκωμένην,
2590 642 2708 712 μεθ’
2755 638 2822 713 ἧς
2877 643 2926 694 εί
2975 641 3290 695 συντεθεῖσα
3352 641 3646 712 προῆλθεν,

387 739 769 808 constringens
799 752 893 792 cos
915 738 1006 807 qui
1039 739 1172 791 duas
1208 748 1429 791 naturas
1457 737 1714 791 indivisas
1741 737 1793 791 in
1819 736 1968 791 unio-

2076 737 2354 806 ἀκήρατον
2398 735 2498 801 τὴν
2544 733 2828 786 εὐσέϐειαν
2882 732 3109 800 ἐδήλου,
3159 733 3258 796 τὰς
3309 732 3404 786 δύο
3451 733 3651 801 φύσεις

386 843 454 883 ne
485 831 818 900 liypostatica
853 830 1200 884 conﬁtentur.

2076 826 2416 897 ἀδιαιρέτους
2447 827 2504 877 ἐν
2555 829 2622 896 τῇ
2651 825 2772 879 καθ’
2812 825 3108 879 ὑπόστασιν
3159 824 3352 879 ἑνώσει
3393 826 3653 896 τρανολο-

385 919 576 986 γοῦσα.
615 917 770 972 Οὑτω
797 918 863 990 δὴ
892 917 998 971 κᾶν
1030 917 1159 987 μίαν
1183 935 1266 982 τις
1295 919 1547 991 προφέρῃ
1579 917 1622 951 ⁸ο
1659 917 1754 970 τοῦ
1784 917 1958 985 Λόγου
1989 915 2152 986 φύσιν
2216 919 2664 987 σεσαρκωμένην,
2718 917 2813 971 καὶ
2877 916 3112 983 μάλιστα
3165 916 3301 986 πρὸς
3365 917 3656 974 ’Λπολινά-

387 1027 501 1078 ριον
535 1009 937 1079 διαμαχόμενος
959 1011 1003 1041 ⁶⁰
1033 1010 1066 1080 ἢ
1093 1007 1347 1064 Μάνεντα
1379 1010 1412 1081 ἢ
1458 1011 1724 1080 Εὑτυχέα,
1761 1009 1966 1072 ἀτελῶς
1997 1027 2056 1062 τε
2092 1009 2158 1063 ἂν
2205 1008 2615 1078 προφερόμενος
2636 1009 2679 1040 ⁶¹
2730 1009 2838 1079 εἴη,
2893 1008 2987 1061 καὶ
3018 1007 3098 1078 τῷ
3157 1009 3385 1062 ἐκείνων
3449 1009 3653 1079 μᾶλλον

385 1099 698 1170 φρονήματι
757 1099 1186 1168 συνεπαμύνων,
1249 1103 1343 1153 καὶ
1391 1101 1491 1168 τὴν
1544 1100 1639 1152 τοῦ
1695 1099 1964 1169 Κυρίλλου
2005 1099 2162 1162 δόξαν
2188 1097 2532 1168 διαπολεμῶν
2564 1115 2625 1152 τε
2659 1099 2703 1130 ⁸⁸
2762 1099 2856 1152 καὶ
2906 1098 3249 1168 ἀνατρέπων,
3311 1099 3654 1154 συνελαύνων

385 1190 441 1244 δὲ
475 1193 567 1244 καὶ
594 1194 719 1255 τοὺς
745 1192 838 1245 δύο
875 1192 1066 1261 φύσεις
1109 1193 1454 1264 ἀδιαιρέτους
1475 1195 1532 1247 ὲν
1582 1196 1646 1264 τῇ
1678 1193 1800 1246 καθ’
1831 1194 2125 1248 ὑπόστασιν
2157 1193 2554 1262 ὁμολογοῦντας
2586 1191 2796 1245 ἐνὼσει.

457 1286 612 1352 Quod
651 1293 830 1340 autem
885 1286 1022 1340 duas
1079 1295 1302 1341 naturas
1361 1287 1609 1342 conﬁteri
1651 1287 1704 1342 in
1757 1287 1961 1341 unione

2133 1289 2256 1340 Ὅτι
2293 1287 2349 1339 δὲ
2387 1287 2448 1339 τὸ
2474 1287 2568 1339 δύο
2605 1286 2796 1355 φύσεις
2842 1285 3125 1355 ὁμολογεῖν
3166 1287 3224 1338 ὲν
3258 1286 3327 1355 τῇ
3373 1281 3501 1338 καθ’
3521 1282 3655 1336 ὑπό-

388 1374 752 1444 hypostatica,
779 1385 1047 1445 congruat
1067 1391 1191 1430 cum
1236 1377 1479 1432 Ecclesia
1511 1393 1676 1432 unam
1709 1389 1960 1432 naturam

2076 1395 2256 1433 στασιν
2294 1377 2488 1432 ἑνώσει
2523 1377 2822 1449 σύνδρομόν
2856 1378 2973 1430 ἐστι
3000 1379 3068 1446 τῇ
3092 1377 3328 1439 εὐσεϐῶς
3349 1375 3653 1449 δοξαζούσῃ

388 1466 550 1522 Verbi
584 1468 925 1521 incarnatam
973 1468 1220 1534 docente,
1261 1468 1498 1538 Cyrillus
1539 1479 1788 1524 accurate
1819 1470 1965 1524 veri-

2076 1468 2256 1540 γνώμῃ
2285 1469 2416 1539 μίαν
2439 1467 2559 1541 [Ml
2584 1466 2675 1539 H.]
2706 1467 2868 1536 φύσιν
2885 1465 2979 1519 τοῦ
2999 1466 3174 1532 Λόγου
3202 1465 3650 1536 σεσαρκωμένην,

391 1559 519 1614 tatis
553 1567 766 1622 custos,
818 1559 966 1613 clare
1009 1562 1261 1614 ostendit.
1290 1560 1526 1616 Orientis
1562 1561 1707 1616 enim
1753 1562 1967 1630 episco-

2076 1561 2418 1633 ἐμαρτύρησε
2457 1561 2822 1630 περιφανῶςό
2851 1557 3026 1627 φύλαξ
3060 1557 3160 1626 τῆς
3203 1557 3489 1627 ἀκριῦείας
3531 1559 3649 1612 Κύ-

388 1665 487 1719 pos
517 1659 776 1719 negantes
825 1666 987 1704 unam
1041 1652 1199 1706 Verbi
1235 1653 1594 1718 incarnatam,
1654 1655 1792 1710 duas
1830 1669 1962 1710 vero

2076 1654 2268 1724 ριλλος.
2317 1655 2455 1716 Τοὺς
2499 1654 2608 1724 γάρ
2659 1652 3034 1715 ’Λνατολικοὺς
3069 1650 3164 1704 τοῦ
3199 1651 3334 1704 Θεοῦ
3369 1654 3650 1723 ἀρχιερεῖς

391 1750 614 1796 naturas
654 1741 707 1795 in
753 1742 954 1797 unione
1001 1743 1342 1812 hypostatica
1370 1755 1424 1798 et
1460 1745 1719 1801 docentes
1759 1757 1813 1802 ct
1837 1763 1956 1802 sen-

2076 1745 2197 1814 μίαν
2229 1745 2328 1815 μὲν
2363 1745 2460 1797 τοῦ
2508 1745 2682 1812 Λόγου
2733 1745 2895 1813 φύσιν
2931 1743 3360 1814 σεσαρκωμένην
3394 1743 3653 1812 οὐδαμῶς

388 1831 606 1895 tientes,
645 1844 788 1888 recte
811 1845 864 1887 et
886 1835 1262 1890 lubentissime
1286 1839 1516 1908 excepit.
1548 1839 1781 1894 Sanctus
1821 1841 1967 1895 enim

2076 1837 2346 1900 εἰπόντας,
2369 1837 2463 1890 δύο
2499 1836 2555 1890 δὲ
2582 1836 2772 1909 φύσεις
2808 1837 2867 1888 ἐν
2892 1838 2956 1905 τῇ
2993 1834 3118 1888 καθ’
3142 1835 3437 1888 ὑπόστασιν
3458 1835 3651 1887 ὲνώσει

388 1922 644 1989 Joannes,
675 1925 768 1994 qui
819 1926 1212 1980 Antiochenam
1245 1930 1417 1982 tenuit
1463 1931 1664 1995 sedem,
1717 1932 1966 2000 scripsit,

391 2019 615 2069 duarum
662 2018 860 2086 factam
911 2035 1022 2073 esse
1070 2021 1315 2074 unionem
1371 2031 1709 2088 naturarum,
1761 2034 1807 2076 ct
1857 2025 1971 2077 ideo

390 2123 550 2160 unum
592 2107 880 2173 Christum,
912 2126 1074 2163 unum
1108 2109 1330 2178 Filium,
1364 2127 1522 2166 unum
1556 2114 1836 2168 Dominum
1874 2131 1968 2168 nos

393 2200 632 2268 conﬁteri
665 2215 683 2253 :
729 2203 1011 2255 secundum
1039 2203 1176 2258 hanc
1200 2205 1489 2272 inconfustv
1513 2207 1719 2260 unionis
1766 2206 1970 2260 intelli-

393 2293 644 2361 gentiam,
676 2293 989 2362 cauﬁtemur
1009 2293 1294 2365 Deiparam
1324 2295 1588 2367 Virginem
1624 2297 1716 2351 Dei
1751 2309 1969 2352 matrem

389 2399 519 2446 esse,
552 2385 677 2454 quia
705 2384 803 2438 Dei
840 2383 1063 2440 Verbum
1092 2388 1426 2442 inearnatum
1452 2401 1552 2454 est,
1584 2401 1630 2443 et
1654 2407 1861 2444 carnem
1886 2393 1971 2445 in-

391 2473 528 2526 duit.
555 2474 772 2530 Ardeas
803 2477 890 2531 ille
916 2478 1166 2534 veritatis
1189 2481 1467 2536 studiosus
1488 2481 1749 2552 Cyrillus,
1781 2485 1893 2539 haec
1916 2497 1970 2540 et

391 2564 478 2621 his
498 2567 798 2622 consimilia
823 2567 1120 2640 Scripturis
1143 2586 1412 2634 asserens,
1430 2588 1537 2628 non
1562 2576 1721 2628 modo
1741 2576 1972 2631 libenter

388 2655 865 2725 etjucundissime
896 2662 1158 2724 accessit,
1185 2663 1278 2716 sed
1305 2671 1358 2716 et
1387 2663 1614 2718 Paulum
1651 2665 1966 2720 Emisenum

389 2750 480 2817 qui
509 2751 576 2802 ab
612 2751 726 2820 ipso
774 2752 976 2808 missus
1001 2762 1120 2808 erat
1154 2755 1204 2809 in
1237 2756 1454 2825 publico
1493 2767 1638 2812 cmtu
1680 2759 1970 2812 conciona-

392 2847 570 2902 turus,
617 2855 740 2909 qua:
772 2851 828 2895 ct
859 2842 964 2896 sibi
1015 2852 1070 2896 et
1116 2843 1346 2896 mittenti
1379 2843 1583 2914 Cyrillo
1635 2842 1799 2897 fuerit
1840 2859 1968 2899 sen-

391 2929 584 2995 tentia,
644 2931 893 2985 laudibus
939 2934 1172 3002 excepit,
1204 2944 1259 2989 et
1292 2944 1350 2989 ut
1390 2937 1579 2990 eadem
1635 2937 1963 2991 sentientem

390 3021 720 3092 tnagnifecit.
761 3022 964 3077 Concio
991 3041 1118 3079 vero
1152 3026 1496 3095 persequitur
1546 3027 1676 3081 illud
1710 3026 1964 3081 :Verbum

2071 1931 2167 1984 καὶ
2223 1931 2647 2000 δογματίζοντας
2702 1933 2796 1984 καὶ
2854 1929 3188 2001 φρονοῦντας
3245 1928 3305 1983 εῦ
3357 1929 3501 1999 μάλα
3553 1931 3652 1983 καὶ

2073 2022 2213 2092 μετά
2251 2023 2451 2091 πολλῆς
2513 2023 2610 2092 τῆς
2663 2022 3004 2094 εὐφροσύνης
3059 2021 3377 2086 ἀπεδέξατο.
3447 2023 3504 2073 ’0
3549 2021 3654 2091 μὲν

2069 2114 2180 2182 γάρ
2217 2113 2262 2144 ⁸³
2308 2115 2366 2166 ὲν
2394 2115 2570 2182 ἁγίοις
2608 2113 2879 2184 Ἰωάννης,
2918 2114 2978 2177 ὃς
3007 2114 3100 2166 τὸν
3135 2113 3519 2184 ἀρχιερατικδν
3548 2113 3653 2182 τῆς

2083 2203 2420 2274 ’Λντιοχείας
2457 2206 2708 2274 περιεῖπε
2731 2203 2940 2274 θρόνον,
2983 2202 3244 2272 ἔγραψεν,
3281 2204 3363 2256 ὅτι
3387 2206 3503 2257 Δύο
3536 2206 3653 2272 φύε

2069 2315 2230 2354 σεων
2267 2300 2486 2364 ἓνωσις
2512 2299 2720 2369 γέγονε
2740 2316 2756 2330 ο
2787 2299 2880 2354 διὸ
2899 2300 3008 2353 ἕνα
3038 2301 3317 2368 Χριστὸν,
3348 2301 3455 2354 ἕνα
3487 2303 3650 2361 Υιόν,

2069 2392 2177 2446 ἕνα
2208 2393 2428 2460 Κύριον
2465 2390 2895 2462 ὁμολογοῦμεν.
2942 2393 3102 2446 Κατὰ
3142 2391 3368 2458 ταύτην
3399 2391 3514 2459 τὴν
3538 2391 3656 2458 τῆς

2070 2485 2422 2553 ἁσυγχύτου
2465 2483 2739 2548 ἐνώσεως
2791 2481 3040 2536 ἔννοιαν
3087 2483 3499 2552 ὁμολογοῦμεν
3532 2483 3656 2548 τὴν

2071 2576 2250 2642 ἁγίαν
2277 2577 2584 2645 Παρθένον
2616 2577 2904 2630 Θεοτόκον
2929 2574 3026 2630 διὰ
3059 2575 3126 2628 τὸ
3149 2575 3260 2629 τὸν
3279 2577 3426 2629 Θεὸν
3453 2576 3655 2645 Λόγον

2072 2671 2450 2739 σαρωθῆναι
2476 2671 2575 2726 καί
2630 2671 3109 2739 ἐνανθρωπῆσαι.
3146 2672 3207 2726 Ὀ
3230 2672 3287 2725 δὲ
3325 2670 3524 2742 θερμὸς
3547 2670 3656 2740 τῆς

2072 2759 2362 2829 ἀκριϐείας
2402 2761 2636 2832 ἐραστὴς
2693 2760 2959 2831 Κύριλλος
2988 2761 3292 2815 ταῦτακαὶ
3328 2761 3398 2814 τὰ
3435 2762 3655 2821 τούτοις

2072 2852 2338 2906 ἀκόλουθα
2355 2857 2466 2917 τοῖς
2498 2855 2791 2924 γράμμασι
2825 2854 3359 2925 διομολογησάμενον
3377 2854 3424 2885 ⁸⁸
3447 2853 3509 2904 οὑ
3546 2853 3653 2922 μό-

2072 2960 2162 2995 νον
2209 2945 2463 3013 ἀσμένως
2493 2946 2586 2999 καὶ
2623 2946 2936 3015 περιχαρῶς
2978 2947 3316 3015 προσήκατο,
3367 2944 3502 2998 ἀλλά
3552 2944 3653 2996 καὶ

2073 3034 2284 3088 Παῦλον
2342 3035 2432 3088 τὸν
2502 3036 2730 3105 Ἐμίσης
2783 3038 2828 3069 ⁸⁸
2899 3036 3218 3100 ἐπίσκοπον,
3269 3036 3328 3098 ὃς
3377 3035 3436 3102 ἐξ
3479 3033 3652 3088 αὑτοῦ

391 3127 516 3166 caro
543 3111 743 3181 factum
767 3125 862 3178 est,
888 3125 934 3166 et
965 3113 1218 3168 habitavit
1249 3117 1303 3169 in
1336 3116 1483 3170 nobis
1506 3124 1555 3170 ιι.
1585 3116 1861 3187 [Secundo
1888 3118 1968 3172 in-

2076 3124 2397 3188 ἀπέσταλτο,
2434 3125 2528 3178 ἐπὶ
2557 3126 2841 3196 πανδήμου
2883 3127 3369 3198 προσομιλήσαντα
3399 3125 3652 3195 πανηγύ-

392 3215 720 3273 terpretatns
776 3215 860 3260 est
903 3221 915 3257 :
968 3204 1187 3260 Verbum
1226 3225 1351 3261 caro
1416 3211 1616 3274 factum
1639 3219 1739 3274 est,
1767 3221 1816 3265 et
1869 3213 1968 3265 ha-

392 3293 572 3347 bitavit
613 3295 685 3345 "in
745 3293 976 3366 nobis.]
1049 3293 1163 3351 lloc
1231 3307 1314 3351 est
1375 3298 1568 3368 269b
1639 3299 1692 3354 in
1781 3310 1965 3355 nostra

392 3394 606 3439 natura.
645 3385 792 3440 Talia
844 3387 1044 3442 Paulus
1080 3388 1168 3443 illc
1231 3391 1555 3458 prmdicans,
1613 3391 1800 3463 Cyrilli
1851 3393 1968 3448 lau-

392 3477 554 3532 dibus
584 3489 829 3533 ornatur.

2071 3231 2212 3286 ρεως
2251 3215 2280 3267 ὃ
2322 3217 2366 3248 ⁵⁸
2419 3216 2661 3287 ὑπῆρχεν
2708 3217 2854 3288 αὐτῷ
2897 3235 2955 3270 τε
3009 3219 3105 3271 καὶ
3141 3218 3219 3288 τῷ
3267 3217 3650 3271 ἀποστείλαντι

2069 3307 2322 3378 φρόνημα
2343 3349 2359 3375 ,
2402 3311 2700 3378 ἐγκωμίοις
2721 3328 2780 3362 τε
2810 3312 3135 3378 ἐδεξιώσατο
3170 3311 3265 3364 καὶ
3293 3311 3367 3373 ῶς
3395 3311 3650 3380 ὁμογνώ-

2072 3415 2209 3467 μονα
2257 3401 2616 3468 ὲμεγάλυνεν.
2657 3403 2721 3454 Ἥ
2759 3402 2816 3455 δὲ
2853 3403 3039 3473 ὁμιλία
3071 3402 3274 3472 διεξῄει
3308 3401 3383 3464 ὡς
3413 3403 3443 3455 ὁ
3476 3403 3651 3468 Λόγος

2071 3489 2208 3561 σὰρξ
2254 3492 2474 3558 ἐγένετο
2501 3494 2596 3546 καὶ
2628 3494 2940 3564 ἐσκήνωσεν
2973 3496 3016 3526 δ’
3051 3495 3106 3546 ὲν
3135 3496 3289 3564 ἡμῖν,
3327 3495 3424 3547 καὶ
3465 3494 3546 3546 ὅτι
3587 3494 3652 3546 τὸ

388 3565 636 3638 δεύτερον
663 3567 754 3620 τοῦ
794 3568 1011 3639 πρώτου
1043 3569 1087 3601 ⁸⁸
1115 3572 1383 3642 ἑρμηνεία
1415 3573 1556 3639 ἐστὶ,
1583 3574 1678 3628 τοῦ
1719 3573 1783 3628 '0
1811 3578 2004 3646 Λόγος
2033 3580 2189 3649 σὰρξ
2213 3582 2450 3650 ἐγένετο
2473 3583 2535 3636 τὸ
2567 3585 2920 3653 ἐσκήνωσεν
2973 3585 3043 3637 ἐν
3069 3584 3232 3653 ἡμῖν,
3258 3584 3536 3637 τουτέστιν
3589 3584 3653 3634 ἐν

390 3656 457 3726 τῇ
501 3657 747 3731 ἡμετέρᾳ
784 3660 965 3728 φύσει.
1009 3662 1249 3716 Τοιαῦτα
1293 3664 1392 3734 μὲν
1423 3666 1692 3736 ὁμιλήσας
1713 3670 1742 3721 ό
1767 3668 1980 3735 Παῦλος
2013 3673 2124 3729 τῶν
2163 3676 2498 3746 Κυριλλείων
2527 3677 2838 3748 ἀπήλαυσεν
2867 3677 3122 3732 ἐπαίνων.

465 3748 692 3820 Respice
723 3753 916 3806 iturum
946 3753 1208 3810 Joannem
1253 3757 1390 3811 dnas
1420 3769 1644 3814 naturas
1689 3762 1968 3816 declaran-

2150 3769 2290 3839 Ὅρα
2319 3769 2375 3822 δὲ
2421 3769 2581 3824 πάλιν
2620 3771 2712 3824 καὶ
2749 3769 2841 3823 τὸν
2886 3770 3139 3840 Ἰωάννην
3177 3770 3271 3822 δύο
3315 3769 3510 3836 φύσεις
3541 3785 3655 3837 κη-

394 3849 525 3903 tem,
572 3854 625 3896 et
669 3860 832 3898 unum
884 3846 1118 3902 Filium:
1157 3850 1316 3902 Aliud
1365 3850 1780 3914 tabernaculum.
1816 3853 1966 3908 aliud

2076 3859 2336 3929 ρύττοντα
2381 3861 2474 3915 καὶ
2504 3860 2600 3915 ἕνα
2644 3861 2773 3915 Υἱόν
2801 3877 2815 3892 ⁸
2859 3861 3104 3929 Ἕτερον
3135 3859 3337 3927 σκηνὴ
3381 3861 3476 3913 καὶ
3518 3860 3650 3912 ἐτε-

390 3931 730 3999 inltabitans;
766 3937 913 3992 aliud
968 3942 1235 4008 templum,
1274 3942 1421 3996 aliud
1465 3945 1764 4000 inhabitans
1800 3946 1959 4003 Deus.

2076 3969 2179 4016 ρον
2223 3952 2292 4005 τὸ
2321 3953 2618 4020 σκηνοῦν,
2655 3953 2862 4022 ἕτερον
2885 3957 2920 4008 d
2941 3953 3194 4007 ἐνοικῶν
3241 3951 3405 4017 Θεός.
3452 3951 3653 4018 Πρόσ-

392 4026 614 4081 Attende
637 4029 780 4082 dicto
811 4047 829 4094 ,°
859 4047 960 4084 non
1001 4035 1114 4086 dixi
1143 4049 1164 4088 :
1187 4035 1340 4088 Alius
1371 4046 1444 4090 est
1477 4047 1524 4090 et
1566 4038 1702 4092 alius
1728 4078 1743 4103 ,
1799 4053 1854 4094 ut
1899 4043 1965 4095 de

2076 4061 2174 4114 εχε
2199 4046 2278 4112 τῷ
2305 4047 2626 4116 λεγομένῳ.
2660 4045 2788 4118 [840
2834 4045 2925 4117 8.]
2954 4049 3071 4100 Οὐκ
3103 4041 3278 4099 εἶπον
3301 4044 3502 4112 ἕτερος
3549 4044 3648 4095 καὶ

392 4119 595 4172 duobus
646 4117 871 4175 Christis
928 4133 1019 4176 aut
1071 4125 1271 4179 duobus
1318 4128 1494 4194 ﬁliis;
1553 4133 1640 4183 sed
1691 4151 1708 4182 ι
1749 4132 1896 4186 aliud
1923 4141 1968 4188 et

2076 4135 2293 4204 ἔτερος,
2323 4136 2404 4202 ὡς
2440 4135 2538 4188 ἐπὶ
2579 4117 2689 4190 δύο
2718 4134 2992 4206 Χριστῶν
3014 4152 3028 4164 ·
3078 4135 3116 4200 ἢ
3153 4134 3263 4188 δύο
3307 4132 3474 4198 υἱῶν,
3509 4132 3653 4186 ἀλλ’

393 4209 562 4278 aliud,
615 4221 670 4264 ut
718 4216 782 4266 de
820 4215 1024 4269 duabus
1067 4219 1296 4272 naturis.
1347 4219 1573 4284 Quando
1621 4238 1744 4289 ergo
1782 4223 1968 4280 dixit:

2076 4227 2276 4296 ἓτερον
2312 4228 2409 4281 καὶ
2444 4227 2668 4295 ἕτερον,
2697 4227 2777 4293 ὡς
2803 4227 2901 4280 ἐπὶ
2928 4225 3036 4280 δύο
3069 4225 3332 4294 φύσεων.
3359 4224 3499 4276 "Ore
3537 4220 3656 4278 οὖν

394 4299 661 4356 Habitavit
693 4307 746 4356 in
790 4308 974 4370 nobis,
1024 4318 1072 4362 et
1108 4309 1242 4363 duas
1294 4312 1429 4364 dixit
1479 4324 1720 4376 naturas,
1773 4324 1884 4368 tum
1923 4327 1968 4372 et

2076 4316 2238 4373 εἶπεν
2286 4318 2667 4386 Ἐσκήνωσεν
2705 4318 2774 4371 ἐν
2805 4317 2948 4388 ἡμῖν
2986 4317 3086 4370 καὶ
3121 4315 3378 4383 ἐκήρυξε
3406 4315 3518 4369 δύο
3539 4317 3656 4384 geri-

392 4390 489 4444 hoc
541 4393 790 4449 addidit:
837 4414 856 4448 ι
896 4395 965 4449 Et
994 4399 1218 4453 uidimus
1272 4399 1496 4470 gloriam
1551 4403 1686 4471 ejus,
1746 4404 1968 4474 gloriam

2076 4426 2223 4477 σεις,
2259 4412 2393 4465 τότε
2421 4411 2713 4480 ἐπήγαγε·
2751 4409 2860 4463 Καὶ
2888 4407 3257 4478 ἐθεασάμεθα
3304 4406 3415 4472 τὴν
3461 4405 3655 4470 δόξαν

392 4484 545 4553 quasi
598 4484 893 4555 Unigeniti.
932 4507 951 4539 ι
1022 4487 1146 4543 Haec
1191 4501 1246 4544 et
1293 4491 1344 4544 id
1402 4507 1570 4561 genus
1629 4494 1732 4548 alia
1795 4499 1966 4550 sancti

2076 4505 2280 4571 αὐτοῦ,
2313 4504 2502 4568 δόξαν
2530 4504 2611 4569 ὡς
2647 4500 3046 4570 Μονοτενοῦς.
3079 4497 3264 4552 Ταῦτα
3288 4494 3380 4551 οὖν
3417 4498 3514 4551 καὶ
3536 4513 3652 4550 τοι·

391 4577 734 4644 evangclistzc
785 4578 1009 4636 Joannis
1057 4583 1215 4637 verba
1255 4584 1452 4638 docent
1500 4600 1632 4640 vera
1676 4601 1795 4642 esse
1851 4605 1968 4644 cum

2076 4595 2377 4664 ουτότροπα
2401 4591 2495 4646 τοῦ
2533 4591 2680 4663 ἱεροῦ
2711 4590 3054 4660 γεγραφότος
3095 4589 3362 4653 Ἰωάννου,
3407 4587 3652 4657 ἐπιμαρ-

392 4667 664 4735 prazdictis
707 4671 978 4741 dogmata.
1013 4671 1056 4727 A
1087 4676 1303 4744 propria
1365 4677 1676 4746 auspicatus
1731 4679 1968 4733 doctrina

2076 4683 2296 4754 τὺρεται
2345 4683 2440 4752 μὲν
2490 4684 2603 4744 τοῖς
2646 4679 2958 4751 εἰρημένοις
3013 4677 3298 4747 δογμάτων
3339 4675 3650 4746 ὀρθότητα,

393 4760 501 4812 ait:
539 4760 765 4814 Sanetus
813 4763 989 4819 Isaias
1019 4767 1269 4832 propheta
1317 4766 1515 4821 Christi
1549 4769 1825 4824 doctorum
1867 4770 1968 4825 elo-

2076 4776 2170 4845 τῆς
2195 4775 2251 4827 δὲ
2284 4773 2490 4834 οἰκείας
2533 4773 2911 4842 ἀπαρχόμενος
2939 4769 3284 4830 διδασκαλίας
3326 4766 3430 4820 ωδὲ
3461 4782 3652 4836 φησιν,

390 4853 652 4918 quentiam
687 4857 1045 4920 prwnuntians
1077 4859 1150 4909 ait
1183 4874 1200 4912 :
1234 4857 1540 4915 illaurietis
1564 4878 1728 4930 aquas
1755 4863 1809 4914 in
1839 4878 1968 4930 gau-

2087 4867 2139 4918 '0
2161 4864 2454 4934 μακάριος
2485 4863 2798 4932 προφήτης
2826 4861 3071 4926 Ἡσαΐας
3097 4859 3164 4925 ⁶⁹,
3187 4857 3307 4912 τῶν
3334 4855 3658 4924 ὲνΧριστῷ

393 4941 481 4993 dio
512 4944 574 4995 de
605 4943 834 5011 fontibus
876 4949 1170 5002 Salratoris
1199 4960 1279 5002 ν.»
1317 4951 1450 5006 Ecce
1498 4953 1771 5007 hausimus
1824 4956 1968 5008 nobis

2076 4955 2460 5010 διδασκάλων
2521 4955 2627 5019 τὰς
2685 4951 3009 5021 εὐστομίας
3074 4949 3651 5018 προανακηρὺττων,

395 5050 558 5103 aquas
598 5054 625 5089 e
661 5039 836 5092 divino
887 5041 1050 5108 fonte,
1115 5045 1376 5112 pra'dicti,
1433 5047 1671 5116 inquam,
1721 5048 1968 5110 doctoris,

2076 5048 2304 5117 ἔλεγεν·
2323 5046 2696 5114 Ἀντλήσατε
2722 5043 2879 5113 ὕδωρ
2895 5045 3022 5112 μετ’
3046 5041 3432 5110 εὐφροσύνης
3449 5040 3520 5093 ἐκ
3537 5037 3658 5092 τῶν

391 5125 482 5191 qui
505 5129 673 5180 sancti
710 5126 938 5196 Spiritus
979 5130 1180 5199 facibus
1229 5150 1500 5198 accensus,
1543 5137 1766 5188 ostendit
1825 5135 1968 5189 nobis

2077 5136 2288 5205 πηγῶν
2309 5137 2416 5190 τοῦ
2459 5139 2779 5204 σωτηρίου.
2827 5133 2984 5191 Ἰδοὺ
3011 5133 3223 5188 τοίνυν
3262 5129 3658 5199 ήντλήσαμεν

391 5232 636 5288 magnum
667 5232 714 5273 et
734 5232 971 5275 sanctum
1001 5223 1298 5280 Saluatoris
1327 5229 1650 5296 mysterium.
1697 5225 1791 5281 Sic
1839 5243 1968 5282 san-

2076 5230 2223 5297 ἠμῖν
2269 5228 2424 5296 ὕδωρ
2478 5228 2547 5292 ἐξ
2592 5229 2764 5296 ἁγίας
2808 5227 3028 5296 πηγῆς,
3084 5226 3191 5279 τοῦ
3246 5223 3657 5292 προλαϐόντος

469 5365 494 5391 υ
555 5353 713 5409 Joan.
768 5372 805 5419 t,
867 5348 956 5412 Η.
1034 5367 1059 5397 ν
1107 5358 1209 5413 lea.
1255 5377 1353 5425 xu,
1403 5366 1458 5419 5.

1665 5478 1902 5536 VARUE
1931 5475 2334 5536 LECTIONES.

463 5559 509 5592 '9
534 5564 796 5644 προφέροι
843 5566 886 5621 Α
925 5585 936 5620 :
971 5571 1252 5674 προσφέρῃ
1285 5590 1346 5638 ς.
1422 5575 1466 5605 ⁸ο
1499 5577 1921 5646 ἀπομαχόμενος
1951 5594 2010 5640 ς.
2088 5576 2130 5606 ⁵⁸
2168 5574 2608 5644 προσφερόμενος
2640 5589 2700 5636 ς.
2777 5572 2821 5605 ⁸⁸
2853 5591 2912 5627 τε
2947 5571 3068 5630 add.
3109 5573 3174 5629 Λ.
3250 5574 3296 5606 ⁶⁸
3317 5571 3556 5660 fidem:
3581 5571 3648 5628 Δ.

395 5628 442 5659 ⁸⁸
491 5629 1016 5674 διοηωηγνηάηευη-
1076 5657 1116 5674 ,-
1239 5643 1258 5674 s
1320 5645 1525 5674 tua---
1586 5665 1622 5674 -
1722 5654 1764 5674 ut
1807 5647 1854 5674 :1
1907 5647 1935 5674 ς.
1982 5649 2005 5674 Α
2113 5648 2156 5674 s1
2208 5647 2294 5674 ...Α
2346 5646 2406 5674 -t.
2449 5644 2755 5674 s-...t..........
2792 5660 2832 5674 ,-
2928 5647 2972 5674 ea
3006 5643 3222 5674 -....:-....
3267 5644 3295 5674 Α
3339 5661 3353 5673 .
3390 5661 3550 5674 -........
3582 5659 3618 5674 ρ

395 5629 443 5734 ἓ
485 5629 1026 5767 ξέἒμῖῗὲἷηὲάμενοξ
1076 5629 1138 5704 ςξ
1189 5629 1258 5674 ’⁸⁵
1294 5629 1525 5714 ’ἐμέσῃς
1691 5629 1769 5678 ’λδ
1806 5629 1854 5717 ό]
1905 5629 2038 5702 ἀθΛ.
2113 5648 2156 5677 ⁸⁷
2208 5629 2407 5702 ita‘t'tb
2449 5629 2755 5715 ἐσκήνωσεν
2792 5660 2853 5706 ς.
2928 5647 2972 5677 ⁵⁸
3006 5629 3222 5714 πρώτου
3260 5644 3302 5698 Α
3329 5629 3354 5697 ’τ
3388 5629 3551 5699 αὑτοῦ
3580 5659 3650 5709 ς.

591 5740 605 5754 ο
740 5743 754 5768 ,
820 5741 836 5760 .
