3964 6246
252 264 390 330 rosa

1343 262 1870 326 BIBLIOTHECA.
1908 288 1978 300 -
2014 261 2178 323 COD.
2214 261 2484 323 CCXXX.

3389 268 3525 332 1034

248 371 400 444 φημί
433 369 850 436 διδασκάλου,
899 368 1122 437 ὅς’-,καί
1165 369 1297 436 ταῖς
1344 371 1454 427 τοῦ
1499 374 1843 442 Πνεύματος

1953 381 2104 425 ctum
2135 369 2398 426 Joannem
2437 372 2572 426 duas
2610 380 2838 428 naturas
2868 387 3082 429 sursum
3116 375 3369 431 deorsum
3407 393 3527 434 ver-

247 461 606 533 ἃᾳόουχίαις
651 461 1202 533 λελαμπρυσμένος
1217 461 1264 492 ⁷⁰
1294 460 1670 532 διεσάφησεν
1701 462 1844 530 ἡμῖν

245 555 316 606 τὸ
365 552 525 621 μέγα
559 551 658 605 καὶ
713 551 946 605 σεπτὸν
1000 550 1108 604 τοῦ
1156 550 1435 621 Σωτῆρος
1482 551 1840 621 μυστήριον.

246 643 409 700 Οὕτω
438 645 533 698 τὸν
563 645 708 716 ἱερὸν
746 643 1025 712 Ἰωάννην,
1065 643 1159 698 δύο
1199 643 1396 714 φύσεις
1426 645 1539 699 ἀνω
1568 644 1661 696 καὶ
1693 644 1845 697 κάτω

250 735 585 809 στρέφοντα,
616 736 646 789 ὁ
670 737 770 805 τῆς
792 735 1050 805 ἀληθείας
1073 736 1280 808 θερμὸς
1310 737 1545 808 ἐραστὴς
1574 735 1844 808 Κύριλλος

247 827 438 901 πηγὴν
485 829 587 899 μὲν
629 829 795 898 ἁγίαν
855 828 1146 894 ἀποκαλεῖ,
1197 829 1298 900 τῆς
1350 829 1406 883 δὲ
1451 829 1546 882 τοῦ
1576 830 1842 899 παναγίου

249 922 577 992 Πνεύματος
645 921 990 992 φωτοχυσίας
1037 920 1292 992 ἔμπλεων
1347 923 1389 952 ⁷³
1439 923 1534 975 καὶ
1595 921 1844 992 λαμπρὸν

249 1013 539 1084 ὑποφήτην
590 1013 686 1068 τοῦ
736 1012 880 1066 κατά
927 1013 1163 1084 Χριστὸν
1212 1013 1414 1067 σεπτοῦ
1469 1014 1562 1068 καὶ
1606 1014 1844 1085 μεγάλου

251 1105 580 1178 μυστηρίου.
620 1104 695 1158 Οὐ
742 1104 902 1176 μόνον
947 1104 1026 1166 δὲ.
1055 1103 1194 1158 ἀλλά
1221 1105 1315 1159 καὶ
1343 1107 1474 1178 περὶ
1504 1105 1598 1159 τοῦ
1631 1124 1845 1178 μνημο-

250 1198 543 1260 νευθὲντος
589 1199 892 1270 ἀρχιερέως
941 1199 1184 1264 Παύλου,
1241 1197 1378 1270 πρὸς
1431 1199 1524 1254 τὸν
1577 1200 1740 1255 αὐτὸν
1784 1202 1844 1256 ἐν

251 1290 430 1360 ἁγίοις
473 1290 726 1360 Ἰωάννην
753 1291 1129 1362 ἀντιγράφων,
1157 1284 1260 1345 ὧδέ
1292 1308 1458 1361 φησιν
1503 1293 1600 1348 ἐπὶ
1623 1292 1841 1359 λέξεωςο

270 1381 665 1452 Ἀφικομένου
697 1383 912 1437 τοίνυν
946 1386 1036 1450 είς
1074 1383 1190 1452 τὴν
1232 1383 1682 1455 Ἀλεξάνδρειαν
1733 1387 1843 1442 τοῦ

251 1475 469 1544 κυρίου
521 1473 624 1531 καί
657 1475 1128 1530 θεοσεϐεστάτου
1165 1479 1210 1509 τ’
1243 1477 1511 1547 ἀδελφοῦ
1550 1479 1646 1535 καί
1690 1483 1846 1534 συλ-

251 1565 602 1636 λειτουργοῦ
633 1565 879 1620 Παύλου
930 1563 1060 1638 [449.
1083 1563 1178 1638 Η.]
1201 1565 1494 1637 θυμηδίας
1533 1566 1845 1637 ἐμπεπλή-

251 1660 470 1726 σμεθα,
510 1655 611 1710 καὶ
649 1655 887 1726 σφόδρα
915 1657 1178 1724 εἰκότως,
1207 1657 1286 1726 ὡς
1316 1656 1536 1728 ἀνδρὸς
1570 1661 1842 1714 τοιούτου

213 1745 218 1750 ’
247 1721 710 1819 μεσιτεύοντοςξ
750 1721 860 1801 καὶ
887 1747 1050 1804 πάλιν
1076 1765 1092 1778 ·
1121 1721 1242 1803 ’ἔστι
1261 1721 1332 1803 δὲ
1353 1721 1596 1819 περιτίτή
1627 1765 1842 1806 παντε-
1870 1721 1917 1781 Β

250 1839 378 1908 ,ιῶς
450 1840 550 1895 καί
627 1843 741 1896 οὐκ
805 1839 1148 1911 εὐάφορμος
1195 1841 1316 1896 τῶν
1369 1841 1750 1910 Ἐκκλησιῶν
1800 1843 1840 1912 ’ἡ

249 1933 618 2002 διχοστασία
659 1932 889 2003 γέγονε,
945 1933 1085 1988 νυνί
1126 1932 1399 2002 μάλιστα
1451 1938 1842 2004 πεπληροφο-

247 2026 506 2096 ρήμεθα,
557 2025 665 2080 τοῦ
688 2026 900 2094 κυρίου
943 2025 1049 2082 τοῦ
1071 2027 1542 2082 θεοσεϐεστάτου
1592 2029 1843 2085 Παύλου

249 2116 595 2174 ἐπισκόπου
640 2117 871 2188 χάρτην
909 2120 1435 2190 προσκομίσαντες
1463 2120 1511 2152 ⁷³
1551 2120 1842 2190 ἀδιάϐλη-

249 2226 363 2264 τον
402 2209 627 2279 ἔχοντα
661 2209 776 2278 τῆς
815 2209 1074 2277 πίστεως
1118 2210 1235 2278 τὴν
1290 2211 1636 2281 ὁμολογίαν.
1685 2209 1843 2266 Οὕτω

253 2300 358 2370 μὲν
396 2295 553 2363 οὗτος
575 2299 628 2337 ⁷⁵
655 2300 751 2354 καὶ
780 2299 873 2352 τὸν
916 2299 1179 2372 ἀρχιερέα
1207 2299 1420 2354 Παῦλον
1453 2300 1722 2372 θυμηδίας
1752 2302 1839 2354 αι’-

250 2410 368 2446 τιον
404 2393 452 2424 "
510 2392 767 2461 γενέσθαι
821 2393 917 2446 καὶ
970 2394 1070 2463 τὴν
1120 2393 1620 2466 προηομισθεῖσαν
1671 2395 1718 2425 ⁷⁸
1774 2394 1841 2447 δι’

252 2486 428 2539 αὐτοῦ
459 2485 570 2538 τῶν
596 2485 936 2539 ἀνατολικῶν
982 2485 1190 2549 πίστιν,
1232 2485 1294 2540 τὸ
1331 2485 1651 2556 ἀδιάϐλητον
1696 2483 1844 2555 ἔχου-

255 2595 378 2643 σαν,
409 2577 781 2650 ἀνακηρύττει
797 2578 870 2633 ⁷⁷.
899 2577 1024 2652 Ἐπὶ
1045 2576 1103 2630 δὲ
1123 2577 1338 2641 τούτοις
1367 2577 1582 2641 δεικνὺς
1597 2579 1843 2649 ἐναργῶς

251 2663 445 2738 ὲφόἷς
469 2672 583 2734 τοῖς
609 2670 950 2734 ἀνατολικοῖς
982 2669 1272 2740 συμϐαίνει
1302 2670 1398 2724 καὶ
1435 2669 1472 2724 ἂ
1521 2672 1674 2742 κοινῇ
1709 2687 1844 2741 πρε-

261 2761 579 2828 σϐεύουσιν,
621 2762 709 2816 ἵνα
752 2764 828 2834 μὴ
854 2761 917 2816 τὸ
942 2763 1246 2830 φιλόνεικον
1292 2761 1619 2834 μεταφέρειν
1658 2761 1844 2816 ἄδειαν

254 2856 412 2911 λάϐοι
443 2855 588 2927 πρὸς
616 2855 647 2909 ὃ
676 2855 924 2927 βούλοιτο
951 2855 1051 2926 τὴν
1076 2855 1362 2928 εἰρηνικὴν
1385 2854 1640 2926 ὁμόνοιάν
1661 2871 1721 2907 τε
1747 2854 1844 2908 καὶ

256 2950 621 3014 κατάστασιν,
686 2948 874 3012 αὐτοῖς
925 2949 1135 3019 ῥήμασι
1185 2945 1482 3017 κεφάλαιον
1537 2946 1844 3000 τελευταῖον

255 3040 432 3095 ταῦτα
463 3041 724 3094 ποιεῖται·
783 3042 893 3106 Τὰς
919 3039 990 3093 δὲ
1017 3041 1414 3110 εὐαγγελικὰς
1452 3037 1552 3092 καί
1586 3039 1846 3093 ἀποστο-

255 3132 434 3201 λικὰς
455 3133 594 3202 περὶ
637 3133 744 3189 τοῦ
774 3133 996 3202 Κυρίου
1019 3132 1224 3203 φωνὰς
1246 3132 1425 3202 τσμεν
1462 3131 1604 3199 τοὺς
1635 3133 1843 3188 θεολό-

258 3245 406 3297 τους
461 3225 688 3295 ἄνδρας
713 3224 760 3259 ⁷⁸
809 3227 917 3292 τὰς
951 3226 1073 3295 μὲν
1111 3223 1608 3290 κοινοποιοῦντας
1642 3224 1724 3291 ὡς
1747 3224 1842 3294 ἐφ’

259 3319 397 3385 ἑνὸς
436 3318 787 3389 προσώπου,
821 3317 930 3385 τὰς
955 3317 1026 3371 δὲ
1067 3315 1447 3386 διαιροῦντας
1481 3316 1562 3382 ὡς
1588 3317 1689 3371 ἐπὶ
1731 3316 1844 3372 δύο

261 3411 530 3480 φύσεων,
570 3410 670 3464 καὶ
701 3408 810 3476 τὰς
835 3407 957 3480 μὲν
995 3407 1343 3477 θεοπρεπεῖς
1375 3407 1526 3462 κατὰ
1563 3408 1679 3476 τὴν
1713 3408 1844 3462 θεό-

260 3516 413 3570 τητα
431 3496 542 3553 τοῦ
571 3497 852 3568 Χριστοῦ,
891 3497 997 3563 τὰς
1019 3496 1088 3551 δὲ
1107 3495 1394 3563 ταπεινὰς
1415 3498 1567 3552 κατὰ
1590 3499 1706 3565 τὴν
1732 3497 1844 3552 άν-

262 3595 611 3662 θρωπότητα
650 3591 1112 3659 παραδιδόντας.
1164 3585 1260 3654 Οἷς
1308 3589 1562 3661 ἐπιφέρει
1607 3591 1704 3644 και)⁴
1745 3589 1845 3656 τὴν

259 3685 474 3739 οἴκοθεν
502 3685 707 3755 κρίσιν,
727 3685 922 3752 λέγων’
950 3685 1197 3751 Ταύταις
1224 3682 1396 3753 ὑμῶν
1413 3685 1458 3717 "
1483 3683 1848 3752 ἐντυχόντες

1945 471 2173 531 tentem,
2229 462 2469 517 fervidus
2517 463 2606 517 ille
2668 465 2914 520 veritatis
2957 466 3238 522 adamatur
3292 470 3527 539 ()yrillus

1946 570 2162 610 sacrum
2197 554 2400 609 fontem
2462 555 2719 626 appellat,
2782 557 2990 612 lumine
3039 560 3215 614 sancti
3288 559 3526 630 Spiritus

1946 647 2188 716 plenum,
2246 657 2301 702 et
2344 647 2554 702 clarum
2620 648 3031 715 praedicatorem
3096 667 3417 720 magnorum
3472 664 3526 707 ct

1946 749 2263 796 sanctorum
2301 738 2508 794 Christi
2564 742 2980 811 mysteriorum.
3031 740 3224 811 Neque
3261 745 3408 799 hunc
3442 761 3505 800 so

1945 829 2081 898 lum,
2110 832 2205 887 sed
2233 832 2298 886 de
2330 841 2759 889 commemorato
2817 845 2974 889 antea
3012 835 3187 890 Paulo
3237 837 3302 890 ad
3361 837 3529 892 Joan-

1945 939 2068 979 nem
2122 925 2394 986 scribens,
2449 927 2540 994 qui
2569 928 2636 980 de
2668 941 2805 982 voce
2863 925 3036 982 dixit:
3105 929 3352 984 Veniente
3401 930 3497 983 Alc

1944 1015 2230 1068 xandriam
2282 1015 2551 1084 confratre
2602 1025 2653 1071 et
2681 1018 2898 1072 domino
2944 1020 3051 1088 p‘io,
3115 1030 3164 1074 et
3213 1022 3376 1076 sacris
3429 1022 3527 1077 iis~

1944 1109 2062 1162 dem
2130 1108 2365 1173 initiata,
2420 1108 2586 1162 animi
2649 1109 2913 1179 voluptate
2981 1111 3185 1180 impleti
3234 1129 3437 1179 sumus,
3479 1125 3528 1169 et

1943 1198 2095 1254 valde
2118 1199 2478 1270 probabiliter,
2514 1209 2571 1256 ut
2595 1201 2693 1256 viri
2721 1203 2801 1255 ita
2840 1202 3144 1259 mediantis.
3191 1205 3260 1260 Et
3288 1204 3482 1261 iterum
3508 1225 3526 1262 :

1946 1289 2164 1345 Modum
2185 1290 2462 1356 excedens,
2482 1300 2533 1346 et
2554 1307 2658 1346 non
2685 1292 2846 1362 facile
2873 1294 3238 1348 excusandum
3249 1294 3489 1352 Ecclesia
3503 1325 3524 1337 -

1945 1398 2062 1435 rum
2103 1382 2389 1437 discidium
2431 1384 2671 1453 contigit,
2730 1399 2872 1438 nunc
2897 1385 3129 1440 maxime
3157 1385 3386 1441 Domino
3418 1389 3525 1442 im»

1943 1471 2086 1542 pletil
2103 1489 2308 1537 sumus,
2337 1472 2630 1542 proferente
2682 1473 2963 1543 epistolam
2994 1474 3143 1530 beato
3190 1475 3366 1532 Paulo
3415 1479 3528 1546 epi-

1944 1579 2122 1634 sc0po,
2151 1547 2664 1632 inreprehensibilem
2729 1563 2926 1620 habens
2974 1567 3098 1634 ﬁdei
3128 1569 3524 1638 professionem.

1946 1652 2040 1708 Sic
2084 1652 2303 1723 quidem
2354 1651 2698 1723 jucunditate
2742 1653 2965 1725 dignum
2990 1683 3002 1717 ε
3044 1658 3272 1713 Paulum
3331 1660 3525 1726 fuisse,

1949 1752 2005 1800 et.
2064 1743 2284 1798 allatam
2342 1742 2702 1801 Orientalium
2752 1745 2915 1804 ﬁdem
2981 1747 3528 1819 irreprehensibilcm

1949 1835 2269 1906 praedicare.
2320 1836 2403 1894 Ad
2433 1838 2548 1892 haec
2599 1849 2854 1897 accurate
2893 1841 3210 1906 ostendens,
3253 1843 3305 1897 in
3330 1843 3529 1913 quibus

1947 1943 2070 1982 cum
2123 1927 2494 1984 Orientalibus
2546 1932 2877 1999 consentiat,
2910 1941 3111 2004 etquae
3167 1936 3531 1990 communiter

1948 2019 2143 2090 370a
2174 2021 2434 2092 allegant,
2495 2036 2562 2077 ne
2613 2025 3008 2080 contentiosam
3045 2023 3343 2082 transferre
3368 2041 3525 2084 secn-

1947 2113 2190 2179 ritatem,
2258 2115 2493 2185 accipiat
2534 2115 2600 2170 ad
2651 2117 2794 2186 quod
2844 2117 3010 2183 volet,
3058 2099 3345 2189 Apaciﬁcam
3390 2135 3527 2176 con-

1947 2204 2278 2271 sensionem,
2307 2214 2362 2260 et
2397 2205 2838 2261 constitutionem
2863 2207 3042 2261 verbis
3069 2209 3202 2278 ipsis
3230 2221 3390 2279 caput
3429 2213 3530 2264 hoc

1947 2305 2284 2365 postremum
2335 2295 2468 2352 facit
2502 2314 2516 2350 :
2551 2294 2761 2353 Scimus
2813 2299 2954 2352 viros
2980 2299 3188 2354 divinos
3235 2301 3530 2369 Scriptura.»

1946 2389 2140 2457 peritos
2170 2406 2302 2459 quas
2358 2392 2422 2445 de
2477 2389 2706 2444 Domino
2737 2406 2882 2445 voces
2932 2392 3270 2459 protulerint,
3335 2395 3530 2462 partim

1947 2482 2075 2535 dum
2129 2483 2285 2536 veluti
2320 2484 2414 2536 uni
2452 2500 2689 2552 personaz
2719 2482 2843 2537 illas
2881 2485 3298 2546 communicant,
3331 2485 3532 2551 partim

1948 2574 2075 2628 dum
2118 2573 2259 2628 velut
2281 2575 2336 2627 in
2382 2576 2519 2630 duas
2566 2575 2912 2638 distribuunt,
2945 2584 2996 2628 et
3023 2576 3282 2644 quasdam
3321 2573 3427 2627 Deo
3450 2576 3529 2626 di-

1947 2685 2079 2738 gnas
2114 2679 2348 2739 respectu
2405 2670 2697 2724 divinitatis
2752 2669 2972 2737 Christi,
3018 2673 3270 2741 quasdam
3302 2668 3530 2736 abjectas

1949 2775 2184 2829 respectu
2234 2762 2584 2816 humanitatis
2633 2763 2879 2819 tradunt.
2907 2761 3116 2830 Quibus
3171 2762 3418 2831 adjungit
3475 2769 3532 2812 et

1953 2868 2112 2908 suum
2144 2853 2410 2924 judicium
2444 2871 2460 2910 ;
2499 2853 2629 2919 Quir
2655 2870 2771 2908 cum
2813 2854 3009 2908 nostris
3071 2853 3281 2907 vocibus
3343 2867 3526 2905 convc-

1952 2948 2131 3011 niunt,
2166 2950 2242 3003 sic
2272 2958 2319 3002 et
2346 2947 2466 3002 illos
2506 2949 2784 3004 sentientes
2823 2949 3146 3016 reperimus;
3185 2945 3367 3001 «Unus
3391 2947 3532 3001 enim

1951 3038 2237 3106 Dominus,
2282 3056 2389 3094 una
2420 3040 2589 3111 ﬁdes,_
2616 3057 2782 3094 unum
2831 3040 3088 3109 baptisma
3128 3047 3180 3093 ι.
3214 3058 3233 3092 ι
3264 3037 3532 3093 Sensimus

1951 3131 2317 3186 universorum
2355 3131 2686 3186 Salvatorem
2717 3132 2885 3187 Deum
2911 3133 3030 3186 aliis
3059 3132 3276 3186 invicem
3303 3147 3534 3201 congau-

1950 3222 2302 3293 dentes,quia
2335 3223 2528 3278 divina:
2577 3221 2889 3292 Scripturaz,
2933 3235 2978 3277 et
3004 3223 3280 3277 traditioni
3324 3231 3532 3274 sancto-

1951 3329 2066 3367 rum
2095 3311 2321 3370 Patrum
2347 3314 2502 3385 ﬁdem
2531 3315 2719 3370 habent
2749 3315 3188 3384 ,‘consentientem,
3229 3328 3346 3383 qua’
3391 3309 3532 3381 apud

1950 3421 2039 3461 vos
2085 3417 2132 3460 et
2171 3423 2264 3462 nos
2294 3419 2414 3462 sunt
2461 3407 2732 3462 Ecclesiae.
2762 3407 2830 3462 Et
2861 3408 2984 3478 quis
3019 3406 3155 3461 alius
3187 3405 3258 3460 sit
3301 3418 3534 3474 genero-

1952 3500 2064 3552 sior
2103 3507 2160 3552 et
2213 3498 2320 3553 ﬁde
2380 3498 2588 3568 Cyr-illo
2639 3498 2876 3570 dignior,
2925 3499 2992 3553 ad
3042 3497 3302 3568 Cyrillum
3363 3496 3533 3550 inter-

1948 3589 2300 3660 pretandum,
2347 3599 2400 3645 et
2445 3589 2691 3661 ejusdem
2750 3591 3078 3647 sententiam
3118 3605 3310 3660 puram
3340 3597 3394 3644 et
3421 3589 3534 3642 liac-

1950 3681 2136 3738 reticis
2191 3682 2438 3738 misturis
2503 3699 2608 3738 non
2668 3684 3012 3754 inquinatam
3066 3682 3422 3747 constituere,
3479 3681 3534 3735 in

260 3777 390 3844 ταῖς
428 3777 615 3845 ἱεραῖς
637 3777 889 3847 φωναῖς,
917 3776 1072 3831 οὕτω
1092 3792 1157 3830 τε
1180 3775 1281 3830 καὶ
1303 3775 1529 3843 αὐτοὺς
1548 3775 1843 3845 φρονοῦν-

1947 3776 2146 3845 quibus
2213 3775 2592 3833 indiﬂerenter
2654 3779 2867 3849 opinari
2902 3794 2962 3835 se
3027 3787 3084 3833 et
3119 3776 3423 3833 Orientales
3469 3777 3536 3830 de

261 3885 369 3935 τας
395 3870 792 3937 εὑρίσκοντες
827 3863 937 3940 (εἷς
979 3868 1091 3938 γὰρ
1120 3868 1167 3899 ⁸ο
1200 3867 1438 3936 Κύριος,
1461 3868 1573 3936 μία
1615 3867 1843 3934 πίστις,

1947 3869 2150 3938 pietate
2188 3872 2619 3928 renuntiarunt?
2654 3871 2906 3929 Ostendit
2965 3872 3112 3930 clare
3163 3885 3269 3926 non
3317 3868 3537 3925 dill‘erre

258 3959 330 4014 ἓν
341 3958 686 4030 βάπτισμα)
715 3957 1097 4028 ἐδοξάσαμεν
1128 3958 1236 4013 τὸν
1267 3957 1388 4011 τῶν
1418 3951 1576 4012 ὅλων
1603 3956 1843 4028 Σωτῆρα

1955 3972 2013 4018 et
2077 3963 2205 4027 hoc,
2265 3964 2320 4019 in
2368 3981 2474 4020 una
2524 3981 2783 4036 persona,
2835 3966 2922 4023 vel
2971 3967 3025 4022 in
3087 3981 3194 4021 una
3254 3963 3539 4036 liypostasi

262 4050 437 4115 Θεὸν,
464 4050 767 4117 ἀλλήλοις
791 4051 1231 4120 συγχαίροντες
1277 4049 1367 4104 ὅτι
1397 4049 1527 4117 ταῖς
1562 4053 1843 4107 θεοπνεύ-

1956 4055 2092 4110 dnas
2151 4065 2376 4111 naturas
2428 4057 2694 4114 indivisas
2752 4060 3026 4125 conliteri,
3105 4068 3158 4113 et
3212 4043 3338 4120 hoc,
3373 4072 3537 4112 unam

259 4163 434 4210 στοις
475 4145 522 4177 ⁸¹
565 4143 837 4214 Γραφαῖς
885 4144 985 4198 καὶ
1031 4142 1108 4211 τῇ
1156 4141 1490 4211 παραδόσει
1525 4142 1644 4197 τῶν
1666 4144 1843 4214 ἁγίων

1958 4144 2122 4201 Verbi
2171 4157 2422 4204 naturam
2476 4150 2810 4208 incarnatam
2853 4155 3036 4209 anima
3076 4151 3330 4208 rationali
3369 4163 3425 4207 et
3456 4152 3540 4206 in-

260 4238 542 4308 Πατέρων
565 4238 1027 4307 συμϐαίνουσαν
1056 4236 1270 4304 έχουσι
1287 4235 1497 4288 πίστιν
1521 4236 1586 4289 αἵ
1613 4252 1677 4290 τε
1712 4238 1843 4304 παρ’

1957 4238 2245 4310 telligibili.

259 4330 407 4402 ὑμῖν
455 4328 558 4384 καὶ
602 4331 664 4384 al
699 4329 836 4398 παρ’
879 4327 1024 4398 ἡμῖν
1069 4325 1438 4394 Ἐκκλησίαι.
1491 4327 1604 4381 Καὶ
1647 4327 1734 4391 τίς
1765 4328 1835 4382 ἂν
1877 4327 2038 4395 ἄλλος
2086 4332 2173 4402 είη
2209 4331 2728 4406 μεγαλοφωνότερος
2777 4335 3279 4407 ἢάξιοπιστότερος
3337 4334 3540 4406 Κυρίλ·”

262 4423 356 4476 λου
404 4421 679 4493 Κύριλλον
731 4421 1072 4493 ἑρμηνεῦσαι
1123 4421 1220 4474 καὶ
1271 4420 1334 4474 τὸ
1399 4419 1566 4474 αὑτοῦ
1634 4421 1890 4492 φρόνημα
1910 4421 2152 4496 καθαρὸν
2191 4425 2288 4480 καὶ
2329 4425 2716 4496 ἀκαπήλευτον
2766 4429 3050 4497 αιρετικῆς
3105 4428 3386 4495 ἐπιμιξίας
3429 4443 3538 4480 πα-

266 4519 535 4592 ραστῆσαι
563 4536 579 4585 ;
635 4517 696 4583 ἐξ
720 4511 797 4572 ὧν
823 4513 917 4572 οὖν
956 4516 1282 4588 ἀδιαφόρους
1305 4516 1548 4581 δοξάζειν
1575 4516 1740 4570 αὐτόν
1779 4533 1839 4570 τε
1862 4517 1958 4573 καὶ
1996 4518 2124 4582 τοὺς
2183 4519 2537 4582 ἀνατολικοὺς
2563 4521 2663 4591 τὴν
2701 4520 2984 4574 εὐσέϐειαν
3050 4522 3274 4575 ἀνεῖπεν
3296 4561 3314 4585 ,
3367 4518 3540 4582 ἔδειξε

264 4610 581 4681 περιφανῶς
606 4611 897 4680 ἀδιάφορον
942 4606 1082 4662 εἶναι
1124 4609 1218 4662 καὶ
1258 4606 1323 4661 τὸ
1356 4607 1441 4676 ἐφ’
1474 4606 1594 4670 ἐνδς
1657 4605 1955 4676 προσώπου
2021 4609 2140 4680 ἦτοι
2191 4611 2323 4678 μιᾶς
2367 4611 2718 4674 ὑποστάσεως
2761 4611 2858 4664 δύο
2911 4611 3011 4676 τὰς
3057 4611 3250 4683 φύσεις
3297 4613 3540 4682 ἀδιαιρὲ-

263 4723 390 4770 τους
422 4704 726 4775 ὁμολογεῖν,
756 4702 852 4756 καὶ
888 4699 951 4754 τὸ
999 4699 1130 4770 μίαν
1157 4699 1250 4753 τοῦ
1285 4698 1462 4767 Λόγου
1495 4699 1923 4770 σεσαρκωμένην
1942 4697 2090 4770 ψυχῇ
2118 4700 2311 4772 λογικῇ
2340 4719 2399 4756 τε
2431 4703 2528 4757 καὶ
2545 4705 2735 4776 νοερᾷ.

334 4801 414 4853 Οὐ
470 4798 631 4869 μόνον
666 4797 724 4850 δὲ
767 4795 905 4868 πρὸς
950 4795 1079 4859 τοὺς
1109 4797 1211 4866 τῆς
1238 4793 1504 4864 ἀνατολῆς
1533 4793 1762 4864 γράφων
1791 4793 1843 4847 τὲ

2026 4793 2142 4850 Non
2169 4796 2239 4851 ad
2269 4793 2578 4852 Orientales
2629 4797 2792 4852 modo
2837 4797 3110 4862 scribens,
3159 4799 3392 4854 similem
3434 4800 3539 4856 illis

273 4891 534 4964 ὁμόδοξον
565 4891 754 4953 αὐτοῖς
781 4890 1072 4960 μαρτυρεῖ,
1115 4887 1237 4960 [8M
1277 4886 1370 4959 8.]
1401 4887 1538 4942 ἀλλά
1570 4887 1665 4938 καί
1692 4903 1843 4940 τινων

1967 4896 2204 4943 testatur
2247 4889 2588 4958 opinionem,
2637 4889 2734 4945 sed
2805 4891 3190 4946 accusantibus
3247 4895 3543 4954 nonnullis.

267 4983 653 5054 ἐγκαλούντων
681 4981 832 5054 αὐτῷ
868 4982 954 5036 ὃτι
993 4981 1094 5046 τὰς
1122 4979 1218 5034 δύο
1241 4979 1434 5050 φύσεις
1458 4978 1843 5050 ὁμολογοῦντας

1962 4981 2106 5049 quod
2137 4981 2271 5037 duas
2301 4992 2530 5037 naturas
2572 4982 2900 5039 cantitentes
2933 4981 3240 5040 Orientales
3280 4989 3541 5056 suscepit,

268 5077 396 5140 τοὺς
445 5074 800 5138 ἀνατολικοὺς
831 5071 1068 5140 ἐδέξατο,
1117 5071 1280 5136 αὐτὸς
1309 5071 1448 5142 πρὸς
1493 5069 1843 5141 Οὐαλεριανὸῖ

1963 5072 2079 5141 ipse
2108 5074 2176 5130 ad
2204 5073 2546 5130 Valerianum
2575 5075 2744 5130 lconii
2772 5076 3083 5146 episcopum
3114 5077 3326 5140 scribit,
3353 5077 3543 5131 Orien-

269 5167 362 5222 τὸν
433 5167 657 5222 Ἰκονίου
714 5165 1014 5220 ἐπίσκοπον
1071 5164 1215 5234 ὑπὲρ
1248 5163 1446 5219 ,αὐτῶν
1500 5162 1725 5232 γράφει,
1777 5162 1843 5227 ὡς

1966 5164 2101 5221 tales
2162 5165 2472 5223 Nestorium
2524 5169 2836 5235 damnasse,
2867 5178 2924 5224 et
2947 5179 3260 5225 sanctorum
3318 5171 3542 5224 Patrum

341 5319 372 5349 ι
400 5306 606 5378 Ephes.
641 5321 715 5373 tv,
765 5307 817 5362 5.

1535 5435 1770 5492 VARI/1'3
1804 5435 2211 5494 LECTIONES.

341 5580 886 5656 τοιλελαμπρνμένος
946 5581 1065 5656 Il.”
1090 5582 1159 5656 ’βίη
1185 5578 1422 5656 ἔμπλεον
1466 5579 1562 5656 Α.Δ
1601 5578 1654 5656 _"
1683 5577 2041 5656 Θεοσεϐάστου
2067 5596 2148 5656 ς’..
2203 5579 2248 5610 ⁷³
2285 5583 2719 5656 προκομίσαντος
2747 5600 2807 5646 ς.
2858 5653 2879 5656 _
2913 5585 2959 5616 ⁷⁵
2994 5578 3172 5653 οὗτος]
3229 5585 3348 5638 lillri
3381 5587 3542 5640 οὕτω·
3616 5643 3620 5645 ν

271 5651 318 5724 Ϊῗ
365 5648 541 5724 dimov
574 5648 848 5724 ίΑξίᾰξεον
884 5669 943 5714 ς.
975 5720 991 5724 _
1021 5652 1078 5724 ’1
1108 5652 1228 5704 libri
1259 5648 1743 5724 «postiwafisiﬂv:
1818 5651 1861 5681 ⁷⁷
1903 5649 2303 5721 ἀνακηρύττειν
2329 5648 2400 5714 1:.
2464 5648 2524 5684 ⁷⁷⁸
2559 5651 2758 5722 ἄνδρας
2813 5653 2922 5707 τῶν
2961 5648 3303 5724 γράμμέκτων
3354 5658 3453 5720 τάς
3483 5675 3542 5724 ς·

273 5721 322 5755 ⁷9
354 5723 510 5792 ἡμῶν
671 5723 717 5752 ⁸ο
741 5717 820 5785 εἷς
865 5720 994 5792 γάρ]
1044 5721 1237 5788 Ιίνιιιιε.
1277 5717 1351 5783 ιίν,
1378 5720 1428 5772 5.
1509 5720 1548 5749 ⁸⁸⁸
1578 5719 1880 5782 θεσπίστοις
1911 5738 1970 5784 ς’.

557 5821 830 5877 Parum.
872 5818 985 5875 Gn.
1023 5816 1176 5877 CIII.
1327 5907 1329 5909 ι
3138 5819 3214 5876 33
