3964 6246
454 259 592 327 1035

1641 254 1905 317 ΡΗΟΤΙΙ
1934 253 2441 316 ΡΑΤΒῙΑΒΟΗΑΞ
2480 255 2589 318 CP.

3567 255 3700 318 1036

449 371 866 431 consensionem
933 371 1200 427 sinceram
1257 383 1498 436 servare,
1555 383 1802 428 sanctam
1836 371 1986 443 Virgi

2116 369 2409 440 Νεπόριον
2453 370 2550 441 μὲν
2594 369 2644 423 οί
2701 364 3006 424 ἀνατολικοὶ
3036 364 3436 436 κατακρίνουσι,
3471 366 3566 417 καὶ
3596 365 3698 434 τὴν

441 483 565 523 nem
633 467 722 521 Dei
783 464 1117 520 Genitricem
1197 463 1480 518 nobiscum
1544 464 1889 531 conﬁtentes,
1951 474 2006 520 et

438 574 606 612 unum
661 571 783 610 esse
846 553 1146 616 Christum,
1184 552 1375 608 Filium
1414 563 1467 609 et
1505 552 1790 609 Dominum
1834 570 1862 608 a
1901 555 2010 609 Deo

432 649 590 704 Patro
637 650 878 716 genitum
923 645 1090 701 Deum
1132 645 1383 710 Verbum,
1420 655 1474 700 et
1505 645 1711 701 ultimis
1755 646 2012 714 tempori-

432 733 532 787 bus
586 747 615 787 e
671 731 899 785 muliere
966 734 1020 783 in
1075 743 1237 784 carne
1319 739 1528 795 natum,
1596 739 1649 784 et
1705 729 2005 799 perfectum

425 841 548 879 eum
611 837 733 878 esse
772 823 823 876 in
887 821 1191 887 divinitate,
1245 830 1301 875 et
1350 818 1646 888 perfectum
1704 821 1756 874 in
1814 821 2009 875 innua-

424 918 619 978 nitate,
691 929 797 968 non
873 915 926 967 in
979 915 1112 968 duos
1165 913 1304 968 ﬁlios
1364 922 1417 968 et
1473 913 1722 969 Christos
1782 923 1839 968 et
1897 915 2007 968 Do-

423 1007 603 1061 minos
637 1017 977 1074 separantes.
1031 1015 1086 1059 et
1144 1005 1256 1059 hinc
1321 1020 1634 1074 Oppugnare
1700 1005 1988 1067 audentes,

422 1110 482 1155 ιιι
532 1099 821 1154 mendaces
851 1110 904 1153 et
949 1098 1321 1152 fraudulentos
1366 1107 1421 1150 et
1457 1098 1722 1152 mendacii
1769 1099 1851 1151 sui
1898 1113 2001 1169 pa-

425 1203 561 1247 trem
618 1203 1004 1262 praetexentes,
1043 1191 1296 1246 detestari
1334 1191 1586 1246 hortatur
1613 1207 1676 1246 ac
1727 1191 2004 1262 refugere,

417 1285 524 1340 Sed
559 1286 694 1340 etin
724 1300 814 1348 ea,
845 1300 964 1353 qua:
1015 1286 1080 1336 ad
1113 1284 1376 1338 Acacium
1437 1283 1837 1339 Melitinensem
1887 1284 2006 1352 epi-

419 1393 664 1448 scopum,
694 1381 760 1431 de
793 1377 875 1432 his
899 1375 1266 1432 Orientalibus
1295 1378 1372 1431 sic
1399 1375 1596 1430 habet:
1631 1376 1752 1430 Non
1776 1378 2006 1430 dividere

412 1487 502 1527 eos
573 1470 780 1540 27Gb
832 1485 997 1521 unum
1056 1465 1258 1520 Filium
1305 1478 1352 1522 et
1395 1467 1705 1536 Christum,
1757 1484 1908 1535 quem
1979 1483 2007 1520 e

413 1561 579 1616 Patre
637 1563 828 1614 dicunt
880 1569 938 1614 ut
989 1559 1198 1624 Deum,
1246 1568 1294 1613 ct
1345 1575 1409 1612 ex
1457 1558 1673 1614 muliere
1730 1570 1910 1612 natum
1949 1559 2005 1612 in

414 1671 574 1709 carne
607 1665 661 1708 ut
699 1655 984 1716 hominem,
1014 1663 1063 1708 et
1105 1653 1365 1723 quomodo
1415 1670 1516 1706 non
1555 1653 1887 1723 intelligatur
1914 1668 2000 1706 se-

2115 463 2224 517 τῶν
2262 462 2525 534 11ατέρων
2569 461 2860 532 ὁμολογίαν
2893 461 3169 532 ἀκήρατον
3205 457 3552 522 διασώζουσι,
3597 457 3696 527 τὴν

2111 554 2276 622 ἁγίαν
2309 553 2586 623 Παρθένον
2611 552 2871 605 Θεοτόκον
2896 549 3012 620 μεθ’
3033 549 3188 619 ἡμῶν
3219 545 3695 618 ἀνομολογοῦντες,

2113 647 2209 700 καὶ
2239 646 2337 699 ἕνα
2382 643 2528 698 εἶναι
2559 642 2795 715 Χριστὸν
2821 644 2914 696 καὶ
2946 641 3074 695 Υἱδν
3107 642 3200 694 καὶ
3239 640 3462 710 Κύριον,
3491 637 3590 691 τδν
3631 639 3696 691 ὲκ

2114 735 2252 790 Θεοῦ
2297 737 2397 806 μὲν
2432 735 2646 807 Πατρὸς
2673 733 3002 804 γεννηθέντα
3031 731 3162 785 Θεὸν
3189 731 3382 799 Λόγον,
3414 730 3504 783 ἐπ’
3532 729 3698 799 ἑσχάο

2110 849 2221 884 των
2255 829 2313 884 δὲ
2340 829 2435 884 τὸν
2467 827 2633 883 αὑτὸν
2662 829 2726 880 ἐκ
2752 827 3010 896 γυναικὸς
3039 824 3180 879 κατὰ
3209 825 3387 894 σάρκα
3405 824 3694 893 τεχθέντα,

2110 923 2208 977 καὶ
2258 921 2464 976 τέλειον
2512 917 2651 974 εἷναι
2685 919 2778 973 τὸν
2828 918 2990 972 αὑτὸν
3017 919 3074 971 ἐν
3103 918 3315 978 θεότητι
3357 917 3452 970 καὶ
3482 915 3694 968 τέλειον

2109 1017 2169 1068 ὲν
2221 1012 2630 1084 ἀνθρωπότητι,
2695 1011 2756 1064 οὐ
2808 1008 3140 1081 διαιροῦντες
3195 1008 3273 1071 είς
3324 1007 3418 1061 δύο
3459 1005 3614 1069 υἱοὺς
3657 1005 3691 1075 ἦ

2108 1107 2382 1178 Χριστοὺς
2415 1106 2448 1176 ἢ
2483 1103 2722 1176 κυρίους
2749 1117 2764 1130 ·
2798 1103 2894 1156 καὶ
2937 1103 3061 1165 τοὺς
3089 1101 3400 1169 τολμῶντάς
3425 1115 3479 1151 τι
3511 1098 3694 1164 λέγειν

2109 1201 2243 1254 κατ’
2282 1199 2462 1254 αὐτῶν
2495 1197 2575 1261 ὡς
2605 1196 2842 1267 ψεύστας
2885 1196 2980 1249 καὶ
3006 1194 3324 1256 ἀπατεῶνας
3352 1192 3448 1246 καὶ
3479 1191 3574 1244 τὸν
3597 1189 3691 1244 τοῦ

2107 1292 2338 1362 ψεύδους
2379 1291 2589 1345 ἑαυτῶν
2637 1288 3107 1360 προϐαλλομένους
3154 1286 3367 1355 πατέρα
3414 1283 3693 1354 μυσάττε-

2109 1383 2235 1437 σθαί
2295 1400 2354 1436 τε
2403 1383 2664 1454 παραινεῖ
2705 1381 2797 1434 καὶ
2851 1378 3292 1448 ἀποπέμπεσθαι.
3366 1376 3531 1428 ’Δλλὰ
3584 1375 3692 1446 μὴν

2107 1475 2204 1529 καὶ
2259 1476 2318 1528 έν
2352 1476 2417 1546 τῇ
2479 1475 2617 1545 πρὸς
2658 1473 2913 1528 ’Λκάκιον
2948 1471 3072 1543 [MS
3118 1469 3210 1541 IL]
3257 1469 3348 1523 τὸν
3379 1469 3690 1538 Μελιτηνῆς

2109 1567 2414 1622 ἐπίσκοπον
2477 1566 2608 1637 περ).
2674 1564 2784 1618 τῶν
2832 1562 3163 1618 ἀνατολικῶν
3199 1561 3342 1614 οὑτω
3371 1561 3566 1630 φησίν·
3605 1560 3691 1612 Οὐ

2109 1657 2455 1726 διαιροῦσιν
2488 1659 2574 1724 εις
2602 1656 2712 1711 δύο
2744 1655 2790 1688 ⁸²
2830 1655 2936 1708 τὸν
2965 1655 3073 1708 ἕνα
3109 1655 3248 1707 Υίὸν
3274 1652 3370 1706 καὶ
3404 1650 3688 1720 Χριστδν,
3743 1715 3752 1724 ε

414 1748 644 1800 cundum
674 1746 1056 1800 humanitatem
1091 1746 1254 1798 nostri
1287 1744 1500 1807 similis,
1539 1761 1699 1815 neque
1736 1744 1886 1798 Patri
1912 1761 1991 1798 se-

2104 1749 2211 1804 τὸν
2238 1751 2424 1804 αὑτὸν
2452 1749 2520 1803 δὲ
2548 1745 2706 1804 εἶναι
2734 1749 2883 1818 φησι
2927 1748 3036 1801 τὸν
3072 1747 3139 1800 ἐκ
3163 1745 3310 1801 Θεοῦ
3343 1743 3576 1812 Πατρός
3607 1743 3690 1808 ὠς

413 1843 644 1892 cundum
675 1839 1030 1908 divinitatem,
1087 1840 1190 1892 nisi
1217 1839 1547 1908 intelligatur
1590 1838 1746 1892 simul
1772 1847 1819 1891 et
1850 1837 1988 1893 Deus

411 1943 460 1987 et
515 1933 668 1986 homo
691 1907 863 1986 ‘idem.
923 1930 1076 1996 Quod
1119 1907 1403 1986 Nestorius
1461 1933 1691 2002 negavit.
1751 1932 1841 1987 Sic
1881 1949 1986 1988 non

411 2025 589 2079 solum
625 2025 759 2079 duas
804 2033 1030 2078 naturas
1059 2021 1371 2079 Orientales
1411 2035 1720 2079 asserentes
1777 2023 1984 2078 salvat:

410 2115 507 2172 sed
553 2116 764 2170 tametsi
817 2115 939 2184 quis
969 2125 1210 2178 accuset,
1240 2127 1608 2186 propugnator
1639 2116 1717 2179 lit,
1745 2124 1800 2170 et
1846 2117 1988 2185 quod

409 2208 608 2261 mirum
639 2207 917 2271 videatur,
974 2207 1075 2262 etsi
1117 2222 1222 2262 non
1281 2217 1554 2276 apponant
1594 2209 1833 2271 indivise.
1881 2223 1984 2261 non

421 2293 552 2348 dicit
604 2293 751 2362 ipsos
803 2304 1027 2350 naturas
1058 2295 1319 2349 dividere.
1355 2293 1527 2350 Scivit
1557 2297 1700 2350 enim
1728 2305 1783 2350 et
1823 2312 1986 2348 unum

407 2383 704 2452 Christum,
763 2400 926 2439 unam
985 2400 1292 2455 personam,
1324 2397 1378 2439 et
1433 2400 1596 2439 unam
1650 2386 1984 2456 hypostasin,

405 2477 497 2546 qui
530 2478 662 2532 dicit
689 2479 939 2532 eumdem
995 2477 1160 2531 Deum
1187 2487 1243 2532 et
1270 2477 1570 2541 hominem,
1617 2487 1671 2532 et
1699 2477 1982 2545 Deiparam

405 2569 708 2640 Virginem,
770 2571 1118 2625 nihilominus
1184 2569 1400 2624 etiamsi
1451 2570 1614 2622 addat
1708 2569 1982 2634 indivisos,

406 2669 467 2716 ut
499 2663 764 2718 confitens
792 2678 856 2717 ex
911 2662 1073 2717 dictis
1141 2660 1393 2715 unionem
1463 2659 1880 2732 hypostaticam,
1909 2661 1985 2714 si-

408 2753 522 2808 mul
566 2764 622 2807 et
654 2755 754 2808 hoc
779 2754 1068 2808 indivisum
1101 2767 1228 2808 vere
1269 2751 1505 2807 adducit.
1538 2751 1640 2819 Qui
1685 2751 1826 2805 idem
1859 2760 1986 2806 tuta:

403 2853 460 2898 et
487 2844 683 2915 divina:
733 2847 1016 2900 adamator
1063 2843 1328 2898 doctrina:
1381 2843 1574 2897 iterum
1624 2842 1690 2896 ad
1720 2841 1981 2898 Acacium

406 2937 698 2992 scribens:
748 2935 916 3002 Licet,
961 2935 1158 3007 inquit,
1229 2937 1364 2990 duas
1393 2950 1613 2989 naturas
1643 2936 1842 3000 dicere,
1891 2951 1986 2989 nec

405 3028 713 3081 divisionem
753 3038 1064 3080 naturarum
1113 3027 1222 3080 ullo
1281 3027 1437 3080 modo
1505 3027 1814 3098 intelligere,
1862 3042 1980 3080 cum
2012 3065 2054 3121 Ο

399 3121 520 3188 auis
556 3117 810 3188 adjungat
865 3119 1135 3184 praedictis
1180 3119 1426 3173 unionem
1457 3119 1860 3188 hypostaticam.
1917 3117 1985 3171 Et

403 3210 471 3263 ad
523 3209 800 3279 Eulogium
866 3211 1133 3276 scribens,
1177 3211 1600 3265 consentientem
1655 3211 1989 3264 existimavit

400 3317 611 3364 secum,
675 3316 833 3355 unam
867 3299 1030 3355 Verbi
1076 3311 1324 3354 naturam
1375 3301 1710 3357 incarnatam
1772 3301 1992 3356 creden-

404 3395 540 3456 |em,
599 3406 720 3446 cum
771 3393 904 3446 duas
951 3401 1174 3445 naturas
1225 3391 1483 3445 indivisas
1545 3391 1599 3446 in
1641 3392 1844 3446 unione
1892 3393 1990 3461 hy-

409 3485 676 3553 postatica
733 3484 1084 3538 conlitentur.

2097 1841 2247 1896 Θεὸν
2280 1840 2377 1894 καὶ
2407 1841 2476 1894 ἐκ
2519 1837 2806 1910 γυναικός
2839 1839 2991 1894 κατὰ
3017 1837 3213 1905 σάρκα
3245 1837 3326 1903 ὡς
3347 1836 3687 1903 ἄνθρωπον,

2093 1933 2194 1990 καὶ
2229 1932 2310 1999 ὡς
2351 1933 2463 1986 οὐκ
2518 1931 2596 1986 ἂν
2618 1929 2817 1985 νοοῖτο
2857 1929 3174 1998 όμοούσιος
3201 1926 3344 1996 ἡμῖν
3377 1926 3525 1980 κατὰ
3570 1923 3687 1990 τὴν

2101 2026 2528 2095 ἁνθρωπότητα
2572 2023 2713 2078 οὐδὲ
2745 2022 2827 2089 τῷ
2870 2021 3051 2089 "arpi
3081 2020 3231 2074 κατὰ
3263 2018 3379 2085 τὴν
3403 2017 3685 2082 θεότητα,

2093 2118 2146 2171 εὶ
2172 2116 2257 2187 μὴ
2281 2115 2476 2171 νοοῖτο
2509 2117 2653 2182 Θεός
2677 2131 2740 2168 τε
2771 2111 2919 2183 ὁμοῦ
2952 2111 3047 2166 καὶ
3071 2111 3432 2179 ἇνθρωποςό
3461 2107 3671 2174 αὐτὸς,

2093 2207 2124 2261 ὃ
2157 2207 2478 2275 Νεστόριος
2527 2206 2638 2260 οὐκ
2692 2205 2985 2273 ἁνείχετο.
3040 2202 3197 2256 Οὕτω
3247 2202 3310 2254 οὐ
3362 2201 3523 2270 μόνον
3579 2197 3679 2252 δύο

2092 2297 2355 2368 λέγοντας
2390 2296 2601 2373 ιφύσεις
2653 2296 2778 2360 τοὺς
2823 2294 3179 2354 ἀνατολικοὺς
3237 2291 3682 2354 κατασπάζεται,

2092 2389 2230 2444 ἀλλὰ
2283 2388 2386 2444 κᾶν
2432 2391 2713 2461 κατηγορῇ
2770 2405 2877 2450 τις,
2927 2387 3246 2457 ὑπέρμαχος
3305 2384 3532 2453 γίνεται.
3584 2385 3686 2436 καὶ

2093 2483 2175 2551 (τὸ
2211 2481 2544 2550 παράδοξον)
2590 2481 2694 2535 κᾶν
2719 2480 2793 2552 μὴ
2823 2481 3100 2551 προσθῶσι
3128 2478 3189 2530 τὸ
3219 2475 3578 2544 ἀδιαιρέτως.
3621 2474 3686 2528 οὑ

2088 2573 2236 2642 λέγει
2269 2573 2499 2642 διαιρεῖν
2552 2571 2753 2635 αὑτοὺς
2798 2571 2898 2634 τὰς
2957 2570 3168 2640 φύσεις.
3224 2563 3346 2621 Οἵδε
3394 2567 3504 2636 γὰρ
3531 2565 3609 2629 ὡς
3637 2565 3686 2596 ⁸⁸

2090 2663 2189 2714 ἕνα
2211 2661 2467 2730 Χριστὸν,
2510 2659 2571 2713 ἓν
2598 2660 2913 2730 πρόσωπον,
2945 2659 3075 2730 μίαν
3099 2659 3394 2712 ὑπόστασιν
3421 2656 3450 2708 ό
3482 2656 3684 2724 λέγων,

2089 2753 2183 2806 τὸν
2229 2750 2392 2804 αὑτὸν
2434 2750 2566 2804 Θεὸν
2617 2750 2712 2802 καὶ
2763 2749 3072 2818 ἄνθρωπον,
3118 2749 3214 2802 καὶ
3263 2747 3522 2800 Θεοτόκον
3579 2741 3686 2814 τὴν

2086 2843 2384 2914 Παρθένον,
2415 2842 2568 2896 οὐδὲν
2600 2837 2790 2916 ἦττον,
2825 2841 2928 2895 κᾶν
2966 2841 3040 2912 μὴ
3069 2839 3280 2913 προσθῇ
3311 2839 3373 2892 τὸ
3417 2837 3684 2904 ἀδιαιρέ-

2085 2953 2251 3002 τους,
2303 2936 2379 2999 ὡς
2434 2934 2712 3006 ὁμολογῶν
2759 2935 2822 2987 ἐκ
2871 2933 2982 2986 τῶν
3035 2932 3341 3004 είρημένων
3395 2931 3496 3002 τὴν
3555 2929 3685 2984 καθ’

2087 3027 2388 3080 ὑπόστασιν
2409 3026 2628 3092 ένωσιν,
2656 3026 2970 3093 συνεισάγει
2997 3025 3091 3079 καὶ
3117 3023 3179 3077 τὸ
3203 3023 3418 3094 ἀληθῶς
3441 3022 3687 3091 ἀδιαίρε-

2089 3135 2204 3172 τον.
2246 3118 2304 3172 'O
2342 3119 2507 3182 αὑτὸς
2547 3117 2604 3171 δὲ
2643 3121 2745 3188 τῆς
2781 3116 3056 3184 ἀσφαλοῦς
3087 3116 3180 3170 καὶ
3214 3115 3364 3178 θείας
3391 3115 3620 3183 εἰρήνης
3636 3112 3685 3144 ⁸⁵

2089 3211 2257 3272 ὅντως
2274 3210 2509 3282 ἐραστὴς
2535 3209 2698 3263 πάλιν
2718 3211 2852 3279 πρὸς
2870 3210 3124 3262 Ἀκάκιον
3143 3209 3368 3280 γράφων
3376 3248 3391 3273 ,
3412 3209 3686 3271 Ἐνεστι,

2091 3304 2247 3372 φησὶ,
2273 3303 2370 3355 καὶ
2397 3301 2506 3356 δύο
2545 3303 2764 3371 φύσεις
2810 3302 3002 3356 εἰπεῖν
3025 3303 3091 3370 ⁸³,
3138 3301 3234 3355 καὶ
3267 3299 3354 3370 μὴ
3383 3299 3688 3366 διαίρεσιν

2092 3394 2212 3447 τῶν
2247 3395 2498 3462 φύσεων
2546 3393 2782 3447 ἐννοεῖν
2813 3410 2959 3458 πως.
3000 3392 3246 3446 ἐπειδάν
3286 3410 3377 3456 τις
3407 3390 3686 3460 συνάψω

2096 3486 2221 3550 τοῖς
2269 3485 2602 3554 εΙρημένοις
2662 3485 2778 3552 τὴν
2857 3486 2984 3539 καθ’
3043 3488 3386 3539 ὑπόστασιν
3437 3487 3683 3539 ἕνωσιν.

395 3575 511 3632 Καὶ
560 3576 668 3645 μὴν
718 3574 1052 3629 ἐπιστέλλων
1103 3576 1200 3629 καὶ
1242 3574 1378 3646 πρὸς
1421 3575 1681 3644 Εὑλόγιον
1748 3576 1998 3647 ὁμόδοξον
2055 3579 2270 3648 ἡγεῖται
2319 3577 2411 3630 τόν
2462 3578 2594 3646 μίαν
2659 3578 2823 3647 φύσιν
2895 3577 3122 3646 λέγοντα
3189 3578 3285 3631 τοῦ
3344 3579 3525 3645 Λόγου
3593 3595 3682 3631 σε·

400 3668 761 3740 σαρκωμένην
802 3669 881 3738 τῷ
909 3669 1003 3722 δύο
1051 3669 1240 3738 φύσεις
1276 3672 1616 3742 ἁδιπιιρέτους
1657 3673 1715 3725 έν
1753 3675 1818 3743 τῇ
1857 3672 1978 3725 καθ’
2001 3673 2299 3727 ὑπόστασιν
2331 3671 2522 3726 ἐνὼσει
2555 3691 2652 3726 συν
2667 3671 3036 3739 ομολογοῦντι.

470 3762 890 3831 Reprehendunt
919 3765 1134 3832 quidam
1161 3769 1550 3834 expositionem
1581 3784 1740 3838 quam
1774 3767 1983 3821 faciunt

396 3851 721 3918 Orientales,
757 3863 812 3906 et
839 3854 989 3908 aiunt
1038 3872 1053 3909 :
1081 3855 1261 3920 Quare
1293 3859 1432 3926 ipsos
1454 3856 1588 3911 duas
1619 3869 1836 3913 naturas
1853 3876 1979 3915 con-

396 3942 637 4010 ﬁtentes,
709 3944 853 4008 tulit,
927 3955 976 3998 et
1023 3947 1217 4008 prazsul
1278 3947 1512 4002 laudavit
1596 3950 1984 4007 Alexandriae?

393 4031 702 4089 Nestoriani
757 4047 1007 4091 asserunt
1043 4037 1191 4092 illum
1245 4054 1460 4109 quoque
1495 4041 1574 4095 sic
1614 4041 1853 4103 sentire.
1888 4057 1984 4098 eos

396 4126 762 4191 involventes,
795 4129 885 4198 qui
918 4128 1053 4183 nihil
1102 4141 1353 4186 accurate
1386 4132 1582 4186 sciant.
1619 4131 1846 4202 Oportet
1891 4149 1985 4186 au-

395 4227 504 4272 tem
541 4219 1058 4286 reprehendentibus
1110 4224 1224 4278 hazc
1272 4226 1616 4293 respondere,
1651 4239 1755 4278 non
1801 4225 1981 4280 omnia

392 4320 517 4372 qtue
565 4318 812 4360 astrunnt
845 4311 1084 4375 sectarii,
1114 4311 1269 4365 vitari
1309 4321 1364 4364 et
1396 4313 1712 4380 reprehendi
1739 4313 1934 4368 debere
1965 4331 1979 4367 :

399 4412 568 4464 quare
595 4397 898 4454 Orientales
937 4402 1070 4456 duas
1105 4411 1324 4455 naturas
1355 4404 1675 4457 conﬁtcntes
1712 4404 1980 4464 admittit;

2170 3767 2662 3837 Ἐπιλαμϐἀνονταί
2685 3783 2828 3830 τινες
2847 3765 2948 3834 τῆς
2965 3751 3234 3830 ἐκθέσεως
3258 3765 3326 3837 ἧς
3344 3767 3678 3835 πεποίηνται

2085 3861 2134 3914 οἱ
2167 3861 2496 3923 ἁνατολικοὶ,
2531 3860 2625 3914 καί
2658 3876 2811 3928 φασι·
2847 3861 2949 3912 Διὰ
2989 3860 3048 3912 τί
3087 3859 3197 3914 δύο
3221 3862 3439 3928 φύσεις
3465 3862 3688 3931 ὀνομα-

2088 3951 2306 4014 ζόντων
2352 3952 2551 4006 αὐτῶν
2609 3952 2906 4020 ἠνέσχετο
2964 3952 3062 4004 καὶ
3112 3952 3417 4020 ἐπῄνεσεν
3473 3955 3510 4006 ό
3569 3953 3687 4021 τῆς

2103 4042 2600 4111 Ἀλεξανδρείας;
2660 4044 2724 4096 OE
2777 4043 2835 4095 δὲ
2895 4043 2964 4096 τὰ
2996 4044 3292 4112 Νεστορξου
3353 4042 3687 4111 φρονοῦντες

2089 4133 2310 4201 λέγουσι
2341 4133 2764 4188 κάκεῖνονιοῦτω
2795 4137 3009 4204 φρονεῖν
3031 4175 3045 4197 ,
3080 4134 3526 4205 συναρπάζοντες
3553 4138 3686 4199 τοὺς

2092 4223 2192 4276 οὑκ
2236 4223 2442 4288 εἰδότας
2490 4223 2550 4276 τὸ
2588 4225 2838 4294 ἀκριϐές.
2876 4226 2993 4295 Χρὴ
3039 4225 3096 4279 δὲ
3139 4229 3250 4290 τοῖς
3299 4229 3684 4296 μεμφομένοις

2091 4317 2275 4369 ἐκεῖνα
2305 4315 2484 4384 λέγειν
2521 4317 2603 4370 ὅτι
2633 4317 2694 4369 οὑ
2724 4317 2919 4381 πάντα,
2969 4319 3070 4392 ὅσα
3101 4318 3351 4386 λέγουσιν
3378 4320 3429 4372 οί
3463 4322 3682 4390 αἱρετι-

2089 4406 2198 4470 κοὶ,
2233 4405 2458 4474 φεύγειν
2489 4407 2586 4460 καλ⁵
2607 4407 2992 4476 παραιτεῖσθαι
3021 4408 3124 4477 χρή
3147 4423 3161 4437 ·
3189 4408 3330 4462 ὥστε
3365 4409 3462 4463 δύο
3481 4412 3682 4478 φύσεις

394 4490 481 4557 pic
512 4495 654 4543 enim
691 4490 762 4544 illi
799 4494 1080 4562 asseruntj;
1114 4492 1422 4548 Nestorium
1457 4495 1697 4559 damnat,
1724 4511 1828 4549 non
1859 4496 1981 4564 quia

2099 4497 2346 4564 λέγοντας
2373 4498 2499 4560 τοὺς
2532 4498 2628 4568 μὲν
2663 4498 3012 4561 ἀνατολικοὺς
3048 4500 3375 4569 ἀποδέχεται
3406 4501 3680 4570 (εὐσεϐῶς

395 4580 529 4632 duas
558 4588 780 4635 naturas
815 4583 970 4642 dixit,
1003 4585 1097 4638 sed
1129 4585 1285 4652 quia,
1309 4585 1440 4638 duas
1468 4599 1719 4639 asserens
1747 4595 1988 4650 naturas,

2099 4588 2199 4658 γὰρ
2230 4582 2376 4642 οὗτοί
2411 4596 2587 4659 φασι),
2616 4589 2912 4659 Νεστόριον
2959 4590 3015 4642 δὲ
3062 4592 3408 4662 κατακρίνει.
3455 4596 3558 4663 οὑχ
3593 4597 3678 4649 ὅτι

392 4670 648 4724 unionem
712 4673 1098 4740 hypostaticam
1140 4691 1243 4728 non
1276 4676 1504 4744 recipit:
1541 4676 1987 4744 quemadmodum

2099 4679 2184 4732 δύο
2224 4680 2415 4746 φύσεις
2459 4680 2664 4746 ἔλεγεν,
2708 4680 2824 4734 ἀλλ’
2854 4681 2937 4733 ὃτι
2980 4681 3074 4733 δύο
3119 4681 3312 4749 φύσεις
3361 4683 3543 4751 λέγων
3575 4688 3679 4756 τὴν

398 4776 506 4812 non
563 4777 723 4816 unam
773 4762 930 4818 Verbi
991 4777 1238 4817 naturam
1279 4780 1397 4820 esse
1453 4766 1812 4820 incarnatam.
1867 4765 1989 4820 Mox

2099 4772 2218 4825 καθ’
2246 4773 2547 4824 ὑπόστασιν
2579 4771 2773 4825 ἕνωσιν
2809 4773 2872 4825 οὑ
2905 4773 3178 4841 προσίετο,
3221 4771 3414 4843 ῶσπερ
3455 4776 3582 4828 οὐδὲ
3617 4777 3679 4830 τὸ

390 4843 536 4904 enim
557 4849 780 4901 subdit:
824 4848 1053 4903 Tametsi
1102 4851 1238 4905 duas
1278 4863 1498 4905 naturas
1525 4853 1987 4916 Nestoriusdicat,

2099 4861 2223 4932 μίαν
2279 4861 2440 4929 φύσιν
2477 4862 2570 4914 τοῦ
2611 4863 2786 4927 Λόγου
2847 4863 3291 4932 σεσαρκωμένην.
3342 4865 3482 4916 Μετ’
3515 4867 3676 4935 ὀλίγα

391 4938 745 5004 differentiam
764 4943 940 4995 carnis
954 4953 1002 4995 et
1022 4944 1115 4997 Dei
1142 4945 1292 4999 Verbi
1310 4947 1632 5014 signiﬁcans,
1651 4945 1740 5000 sed
1756 4948 1988 5000 nondum

2099 4956 2198 5024 γὰρ
2225 4955 2494 5021 ἐπιφέρει,
2535 4953 2608 5016 ὡς
2639 4953 2765 5007 Κᾶν
2790 4953 2900 5006 δύο
2931 4953 3078 5022 λέγῃ
3115 4955 3332 5023 φύσεις
3359 4956 3405 4987 ⁸⁸
3446 4960 3679 5014 Νεστό-

391 5031 642 5083 unionem
661 5031 1054 5101 hypostaticnm
1083 5039 1354 5090 nobiscum
1375 5039 1673 5105 conﬁtetur.
1703 5037 1816 5090 Nos
1850 5040 1989 5091 enim

2099 5062 2234 5111 νιος,
2265 5047 2380 5111 τὴν
2404 5045 2694 5113 διαφορὰν
2711 5046 3021 5114 σημαίνων
3045 5046 3156 5113 τῆς
3183 5049 3412 5114 σαρκὸς
3436 5051 3537 5103 καὶ
3563 5051 3678 5105 τοῦ

391 5121 504 5174 haec
536 5123 938 5191 conjungentes,
975 5142 1140 5179 unum
1193 5127 1489 5191 Christum,
1539 5144 1701 5182 unum
1753 5125 1987 5192 Filium,

2099 5133 2238 5186 Θεοῦ
2288 5135 2504 5200 Λόγου,
2547 5133 2684 5186 ἀλλ’
2714 5133 2910 5186 οὐκέτι
2943 5133 3060 5201 τὴν
3112 5135 3335 5190 ἕνωσιν
3386 5141 3680 5209 ὁμολογεῖ

391 5227 553 5264 unum
601 5212 884 5268 Dominum
917 5217 1248 5283 conﬁtemur.
1279 5219 1388 5274 Hoc
1424 5219 1726 5274 communis
1752 5219 1917 5288 ipsius
1935 5229 1990 5274 et

2099 5222 2209 5275 μεθ’
2248 5219 2418 5288 ἡμῶν
2436 5236 2449 5250 ο
2495 5220 2665 5288 ἡμεῖς
2682 5221 2789 5290 γὰρ
2816 5221 3152 5290 ἑνώσαντες
3181 5225 3352 5289 αὐτὰ,
3385 5227 3496 5279 ἕνα
3544 5231 3675 5298 Χρι-

391 5300 1048 5364 Orientaliumconfessio.
1075 5310 1274 5365 Deinde
1296 5327 1503 5366 rursum
1518 5312 1735 5366 adducit
1769 5331 1782 5365 :
1805 5310 1979 5366 Unam

2099 5311 2270 5374 Ττὸν,
2329 5310 2436 5363 ἕνα
2489 5313 2644 5376 Υὶὸν,
2697 5311 2806 5364 ἕνα
2853 5314 3073 5380 Κύριον
3125 5315 3563 5384 ὁμολογοῦμεν.
3606 5321 3672 5372 '0

404 5391 556 5448 Verbi
580 5412 824 5454 naturam
864 5404 1203 5456 incarnnlam
1236 5405 1592 5471 conﬁtemur;
1624 5405 1776 5474 qttasi
1833 5394 1978 5458 ilice-

2099 5405 2260 5456 ιιοινόν
2294 5404 2440 5455 ἐστιν
2477 5402 2796 5473 ὁμολόγημα
2829 5405 2991 5457 αὑτοῦ
3038 5422 3099 5458 τε
3143 5407 3236 5459 καὶ
3273 5407 3384 5460 τῶν
3416 5410 3673 5462 ἀνατολι-

1699 5517 1938 5570 νΑιιιΑς
1975 5515 2355 5570 LECTIONES

389 5599 522 5740 “Si
542 5606 621 5737 iis
652 5610 744 5663 δύο
779 5615 902 5667 add.
927 5615 991 5668 A.
1069 5616 1111 5646 ⁸³
1139 5615 1214 5676 ὡς
1241 5616 1282 5666 Δ
1308 5617 1438 5677 τὸς.
1517 5616 1561 5648 ⁸⁵
1588 5616 1808 5685 εἰρήνης
1836 5615 1958 5667 add.
2004 5615 2042 5666 Α
2078 5620 2129 5665 ct
2155 5628 2259 5680 mg.
2293 5611 2356 5664 (Σ.
2436 5614 2478 5643 ⁸³⁵
2509 5612 2681 5664 εἰπεῖν
2705 5614 2798 5666 καὶ
2818 5613 2912 5668 δύο
2927 5615 3116 5683 φύσειε
3134 5615 3344 5691 φησίς.
3407 5619 3455 5650 ⁸⁸
3470 5616 3668 5687 φύσεις
