3964 6246
251 326 387 393 1037

1385 331 1910 396 BIBLIOTHECA.
1949 356 2018 373 -
2053 332 2218 395 COD.
2268 333 2535 395 CCXXX.

3385 328 3521 395 1038

245 445 382 501 κῶν.
437 437 570 498 Εἶτα
615 444 713 498 καὶ
758 442 921 503 πάλιν
959 444 1174 514 ἐπάγει·
1205 448 1365 502 Μίαν
1393 448 1508 518 τὴν
1552 450 1659 503 τοῦ
1697 448 1830 502 Υἱοῦ

1939 459 2019 503 ret
2056 468 2070 504 :
2126 448 2237 504 Nos
2272 447 2630 503 dill‘erentiam
2660 445 2965 499 coeuntium
2992 428 3332 511 c’onﬁtentcs,
3382 448 3518 503 duas

247 538 440 604 φύσιν
479 535 890 604 ὁμολογοῦμεν
918 536 1414 607 σεσαρκωμένην,
1446 539 1578 592 ὡσεὶ⁵
1614 539 1823 608 ἔλεγεν,

259 624 454 695 Ἡμεῖς
483 625 584 696 τὴν
619 625 881 697 διαφορᾶν
909 627 1018 680 τῶν
1047 627 1410 684 συνελθόντων
1438 629 1828 700 ὁμολογοῦντες

245 717 342 771 δύο
403 718 506 788 μὲν
553 717 784 788 λέγομεν
831 718 1048 789 φύσεις,
1101 719 1229 792 [844
1267 721 1356 794 IL]
1410 721 1548 776 ἀλλὰ
1598 723 1693 776 καὶ
1727 725 1826 794 τὴν

245 806 447 861 ἕνωσιν
501 805 918 877 ἐξακριϐοῦντες
977 808 1324 882 συνάπτομεν
1375 811 1531 876 αὖθις
1581 811 1644 866 τὸ
1698 813 1827 882 μίαν

247 898 416 968 φύσιν
439 896 534 951 τοῦ
567 899 741 966 Λόγου
777 902 1206 972 σεσαρκωμένην
1227 921 1240 933 ·
1271 903 1337 956 τὸ
1367 903 1466 974 μὲν
1499 905 1608 976 γάρ
1635 905 1750 958 ἐστι
1777 905 1823 938 ⁸⁷

244 988 346 1057 τῆς
375 987 489 1040 τῶν
515 987 824 1043 ἑνωθέντων
855 989 1138 1060 διαφορᾶς,
1173 993 1234 1046 τὸ
1270 993 1327 1047 δὲ
1363 993 1533 1064 αὐτῆς
1576 994 1676 1063 τῆς
1702 994 1824 1049 καθ’

247 1081 548 1134 ὑπόστασιν
596 1080 843 1146 ἑνώσεως
872 1081 920 1114 ⁸⁸
966 1083 1286 1154 δηλωτικόν.
1353 1083 1443 1149 Ἐξ
1491 1078 1569 1139 ὧν
1606 1085 1664 1139 δὲ
1695 1084 1827 1154 περὶ

247 1173 548 1245 Νεστορίου
573 1174 698 1246 ἔφη,
745 1175 905 1247 μόνον
930 1178 1051 1248 οὐχὶ
1074 1177 1232 1232 τοῦτο
1268 1178 1388 1250 βοᾷ,
1425 1179 1501 1243 ὡς
1529 1179 1598 1233 Et
1635 1196 1700 1248 γε
1727 1179 1825 1251 τὴν

246 1264 443 1318 ἕνωσιν
474 1265 595 1335 μεθ’
625 1266 783 1338 ἡμῶν
816 1268 910 1322 καὶ
935 1268 1228 1341 Nsce-opto;
1262 1268 1400 1340 ᾔδει,
1434 1269 1532 1323 ἕνα
1565 1270 1823 1342 Χριστὸν,

247 1357 345 1410 ἕνα
395 1358 544 1422 Υἱδν,
595 1358 694 1415 ἕνα
743 1359 948 1432 Κύριον
972 1361 1019 1393 θ’
1056 1361 1368 1432 ὁμολογῶν,
1405 1361 1704 1432 ἐδεξάμεθα
1758 1360 1827 1416 ἂν

175 1491 182 1498 .
248 1448 413 1502 αὐτὸν
434 1450 530 1502 καὶ
545 1450 639 1504 δύο
667 1449 893 1519 λέγοντα
918 1455 1130 1522 φύσεις,
1153 1454 1312 1524 εῐπερ
1338 1453 1426 1506 διὰ
1450 1453 1552 1524 τῆς
1571 1453 1828 1525 τοιαύτης

1929 541 2144 611 quidem
2170 542 2463 596 asserimus
2493 548 2734 603 naturas,
2771 538 2866 593 sed
2900 547 2957 592 et
2993 539 3246 593 unionem
3301 541 3518 594 traden-

1930 640 2043 693 tes.
2077 629 2280 699 271a
2305 627 2410 682 hoc
2440 628 2623 682 statim
2650 627 3187 697 adjungimus,unam
3215 626 3374 680 Verbi
3395 641 3518 681 esse

1929 726 2175 772 naturam
2193 719 2559 772 incarnatam:
2586 717 2688 769 hoc
2702 714 2962 784 siquidem
2982 715 3050 770 de
3077 715 3350 769 unitorum
3371 712 3519 768 diﬂ‘e-

1928 811 2128 875 rentia,
2162 810 2293 865 illud
2323 823 2452 865 vero
2469 807 2861 880 hypostaticam
2887 807 3138 861 unionem
3153 805 3362 860 ostendi
3382 804 3516 859 LEX

1925 903 2120 973 quibus
2137 904 2203 959 de
2221 901 2470 959 Nestorio
2489 901 2638 968 dicit,
2663 909 2868 954 tantum
2887 913 2990 953 non
3013 898 3210 953 clamat
3229 917 3243 952 :
3265 896 3334 953 Ut
3358 897 3400 951 si
3421 910 3518 950 no-

1924 997 2138 1052 biscum
2173 998 2420 1053 unionem
2454 994 2734 1051 Nestorius
2757 993 2974 1056 asserit,
3009 1009 3173 1047 unum
3213 992 3516 1060 Christum,

1925 1106 2088 1146 unum
2106 1090 2411 1155 Dominum,
2430 1103 2592 1143 unum
2625 1087 2815 1141 Filium
2829 1083 3426 1151 conﬁtens,recepimus
3454 1081 3520 1137 il‘

1925 1192 2033 1246 lum
2085 1183 2220 1238 duas
2249 1182 2512 1237 dicentem
2561 1186 2826 1234 naturas:
2859 1178 3137 1248 siquidem,
3158 1167 3345 1230 eadem
3390 1187 3522 1229 voce

1926 1274 2278 1331 diﬂerentiam
2317 1276 2499 1328 carnis
2527 1287 2593 1326 ac
2623 1272 2718 1326 Dei
2752 1271 2910 1327 Verbi
2949 1279 3175 1325 conatur
3212 1269 3520 1332 ostendere,

1927 1365 2020 1422 sed
2046 1381 2116 1421 ne
2153 1366 2443 1431 decerpere
2468 1360 2747 1418 veritatem
2773 1369 2998 1416 conatus
3020 1360 3110 1414 sit.
3137 1357 3195 1412 Si
3231 1369 3358 1410 vero
3386 1356 3522 1408 duas

1925 1467 2146 1513 naturas
2175 1457 2376 1516 dicere.
2424 1464 2482 1510 ut
2504 1456 2617 1528 ipse
2645 1455 2802 1520 dixit,
2863 1451 3219 1508 diﬁ‘erentiam
3252 1447 3524 1520 signiﬁcat

247 1543 435 1612 φωνῆς
461 1543 562 1612 τὴν
600 1542 864 1616 διαφορὰν
906 1545 1010 1614 τῆς
1039 1545 1240 1617 σαρκὸς
1285 1545 1380 1599 καὶ
1421 1544 1516 1599 τοῦ
1553 1543 1688 1599 Θεοῦ
1717 1546 1826 1600 Λό-

1936 1550 2107 1606 carnis
2139 1558 2194 1606 et
2234 1549 2328 1604 Dei
2375 1548 2562 1615 Verbi,
2590 1558 2647 1604 et
2678 1547 2819 1603 hanc
2851 1559 3070 1602 servare
3097 1551 3312 1612 oportet
3355 1538 3518 1612 [post]

248 1649 349 1701 γου
382 1634 578 1705 δηλοῦν
612 1635 886 1702 ἐϐούλετο,
919 1636 1060 1690 ἀλλά
1111 1637 1186 1708 μὴ
1218 1637 1454 1709 διασπᾷν
1497 1639 1598 1707 τὴν
1632 1638 1826 1694 ἕνωσιν

1936 1641 2178 1698 unionem
2211 1660 2226 1696 :
2250 1642 2504 1697 nimirum
2525 1639 2663 1697 duas
2681 1649 2904 1694 naturas
2927 1639 3083 1692 docet
3119 1644 3241 1705 post
3267 1635 3522 1688 unionem

246 1726 590 1797 ὲτεχνάζετο.
628 1729 690 1782 Ei
736 1729 793 1783 δὲ
822 1729 884 1783 τὸ
924 1729 1019 1783 δύο
1049 1731 1241 1798 φύσεις
1297 1730 1498 1799 λέγειν.
1541 1732 1620 1796 ὡς
1664 1731 1828 1794 αὐτὸς

1936 1749 2166 1790 servare.
2197 1732 2504 1789 Diﬂ'erentia
2565 1733 2770 1789 scilicet
2819 1739 3053 1793 servata,
3088 1741 3310 1784 necesse
3343 1735 3428 1781 est
3455 1739 3522 1781 ea

245 1813 394 1882 εἷπε,
441 1819 541 1888 τὴν
569 1819 834 1890 διαφορὰν
888 1824 1145 1893 σημαίνει
1191 1825 1293 1895 τῆς
1330 1825 1530 1896 σαρκὸς
1580 1825 1676 1881 καὶ
1725 1824 1822 1880 τοῦ

1936 1826 2133 1894 servari
2164 1827 2232 1881 de
2261 1826 2456 1896 quibus
2481 1825 2805 1881 diliereutia.
2837 1821 3216 1878 EtOrientales
3235 1834 3418 1875 secum
3448 1818 3526 1872 ait

244 1905 386 1961 Θεοῦ
411 1908 540 1981 [444
574 1909 665 1982 Η.]
707 1912 899 1981 Λόγου,
931 1915 1028 1967 καὶ
1059 1914 1266 1986 ταύτην
1283 1915 1363 1970 δεῖ
1394 1917 1663 1983 σώζεσθαι
1689 1917 1828 1990 μετὰ

1936 1918 2264 1984 consentire,
2292 1925 2349 1973 et
2376 1931 2712 1988 nequaquam
2729 1930 2888 1971 unam
2907 1913 3064 1970 Verbi
3081 1921 3328 1967 naturam
3347 1913 3527 1964 incar-

244 2004 346 2076 τὴν
371 2004 588 2069 ἕνωσιν,
635 2007 795 2077 δῆλον
828 2008 912 2062 ὄτι
941 2009 1035 2063 καὶ
1062 2010 1163 2075 τὰς
1198 2010 1293 2064 δύο
1343 2012 1584 2067 διδάσκει
1635 2012 1830 2082 φύσεις

1936 2021 2114 2067 natam
2143 2021 2468 2072 asserentes,
2486 2010 2579 2064 sed
2612 2011 2745 2064 duas
2781 2008 3000 2079 quidem
3027 2013 3335 2062 asserentes
3367 2012 3528 2056 natu-

249 2095 394 2166 μετὰ
426 2098 528 2168 τὴν
567 2099 762 2153 ’ἐνωσιν
795 2099 1062 2165 σώζεσθαι
1087 2117 1104 2133 ο
1132 2102 1234 2171 τῆς
1275 2102 1385 2174 γὰρ
1421 2103 1687 2178 διαφορᾶς
1716 2121 1823 2159 σω-

1936 2119 2022 2159 ras
2034 2103 2370 2175 hypostatica
2386 2103 2584 2157 unione
2598 2101 2800 2164 unitas,
2819 2097 3343 2154 inditi‘erentesvoces
3380 2093 3528 2148 clare

245 2187 504 2260 ζομένης,
557 2191 781 2262 ἀνάγκη
823 2193 918 2247 καὶ
964 2193 1033 2248 τὰ
1078 2186 1154 2248 ὧν
1190 2196 1223 2265 ὴ
1263 2194 1497 2268 διαφορὰ
1526 2197 1822 2251 συνδιασώ-

1936 2197 2250 2252 ostenditur.
2270 2197 2451 2264 Quare
2465 2195 2723 2268 synodus,
2749 2194 2851 2248 etsi
2865 2208 2971 2249 non
2989 2191 3191 2261 lingua,
3215 2197 3392 2244 tamen
3410 2198 3528 2240 sen-

244 2277 458 2342 ζεσθαι.
491 2283 602 2336 Kal.
629 2285 757 2346 τοὺς
801 2284 1156 2349 ἀνατολικοῦς
1193 2285 1240 2340 δ’
1269 2287 1441 2340 εἰπὼν
1484 2290 1819 2360 συμφρονεῖν

1936 2289 2093 2345 lentia
2107 2304 2266 2344 unam
2281 2288 2590 2345 novithrbi
2604 2298 2852 2343 naturam
2866 2287 3196 2342 incamatam
3207 2281 3526 2353 praedicare.

242 2371 418 2442 αὐτῷ,
465 2375 640 2426 καίτοι
705 2372 959 2447 μηδαμοῦ
1026 2374 1306 2445 φαμένους
1371 2377 1502 2448 μίαν
1553 2379 1717 2447 φύσιν
1758 2377 1855 2432 τοῦ
1897 2379 2075 2450 Λόγου
2141 2380 2588 2452 σεσαρκωμένην,
2630 2378 2768 2435 ἀλλὰ
2826 2378 2918 2432 δύο
2979 2376 3078 2449 μὲν
3125 2375 3381 2444 λέγοντας
3428 2371 3528 2434 τὰς

243 2459 798 2560 φήσεις-,ἡνωμένος
851 2463 912 2560 δὲ
1096 2465 1218 2560 καθ’
1273 2466 1572 2560 ύπόστασιν
1605 2467 1818 2535 ὲνώσει,
1858 2469 2184 2544 ἀδιαφόρους
2200 2473 2299 2535 τὰς
2351 2473 2536 2542 φωνὰς
2574 2471 2890 2542 περιφανῶς
2926 2468 3305 2538 ἀποφαίνεται.
3354 2467 3521 2526 Ὥστε

242 2556 342 2611 καὶ
358 2557 392 2626 ή
412 2554 650 2621 σύνοδος,
673 2556 778 2610 κᾶν
805 2554 882 2628 μὴ
911 2559 982 2628 τῇ
1009 2555 1255 2630 γλώσσῃ,
1279 2559 1415 2614 ἀλλὰ
1437 2563 1505 2632 τῇ
1523 2577 1587 2632 γε
1609 2563 1658 2595 ⁹⁰
1681 2561 1898 2636 γνώμῃ,
1935 2564 2067 2633 μίαν
2105 2563 2268 2635 φύσιν
2306 2564 2600 2637 κηρύττειν
2627 2561 2738 2620 οἵδε
2754 2564 2847 2619 τοῦ
2872 2563 3047 2632 Λόγου
3073 2563 3522 2634 σεσαρκωμένην.

313 2749 432 2802 οὐκ
454 2749 519 2801 ὲκ
537 2747 647 2801 τῶν
672 2747 976 2820 εἰρημένων
993 2747 1050 2802 δὲ
1077 2749 1238 2820 μόνον
1263 2750 1444 2822 ῥᾴδιόν
1461 2752 1503 2784 ⁹¹
1534 2753 1650 2808 ἐστι
1672 2755 1830 2810 τοῦτο

2012 2755 2128 2812 Non
2169 2752 2329 2808 modo
2369 2769 2399 2808 c
2428 2751 2585 2808 dictis
2622 2753 2726 2807 hoc
2755 2749 2913 2806 facile
2946 2759 3032 2804 est
3065 2751 3404 2818 perspicere,
3433 2748 3528 2800 scil

242 2841 508 2912 καθορᾷν,
543 2840 680 2894 ἀλλὰ
710 2842 805 2894 καὶ
851 2842 915 2894 ἑκ
967 2840 1063 2895 τοῦ
1111 2843 1358 2896 λιὸέλλου
1403 2844 1464 2898 ὃν
1493 2845 1702 2916 ἔγραψε
1734 2847 1830 2918 μὲν

1936 2844 2102 2901 etiam
2137 2859 2205 2900 ex
2241 2857 2308 2898 eo
2342 2841 2519 2897 libello
2551 2854 2709 2910 quem
2741 2839 2958 2908 propria
2990 2853 3147 2892 manu
3162 2847 3385 2891 sanctus
3407 2836 3531 2890 Fla-

239 2934 425 3005 οὶκεξᾳ
473 2934 619 3004 χειρὶ
665 2935 694 2988 ό
745 2933 1034 2997 θεσπέσιος
1085 2935 1404 3002 Φλαὸιανὸς,
1437 2937 1732 2992 ἐπιδέδωκε
1777 2939 1830 2993 δὲ

1937 2937 2132 2990 vianus
2152 2933 2463 3002 concripsit,
2486 2929 2858 2986 etTheodosio
2877 2927 3188 3000 imperatori
3218 2926 3489 2996 inscripsit
3511 2946 3529 2983 :

239 3025 510 3097 Θεοδοσίῳ
554 3025 632 3096 τῷ
678 3023 918 3096 βασιλεῖ·
963 3028 996 3096 ἡ
1047 3027 1105 3081 δὲ
1138 3027 1354 3092 σύνοδος
1384 3029 1490 3100 πρὸ
1512 3030 1621 3084 τῶν
1658 3029 1830 3085 ἄλλων

1939 3027 2230 3084 concilium
2259 3039 2388 3079 vero
2432 3033 2558 3077 ante
2592 3022 2728 3077 alios
2773 3021 2915 3076 hunc
2966 3019 3067 3090 legi
3103 3018 3376 3088 praecepit.
3438 3018 3530 3072 Sic

239 3116 449 3186 ταύτην
484 3117 700 3188 ἔκρινεν
727 3118 1329 3190 ἀναγνωσθῆναι.Ἔχει
1361 3121 1470 3191 γὰρ
1519 3123 1612 3176 ἐπὶ
1641 3122 1830 3188 λέξεως

1939 3120 2086 3174 enim
2120 3119 2194 3174 ibi
2229 3118 2296 3172 ad
2328 3113 2586 3170 verbum:
2622 3112 2826 3168 Etenim
2851 3112 3102 3167 eduabus
3127 3113 3335 3164 naturis
3366 3110 3524 3165 Chri-

239 3202 347 3264 ὧδε
371 3225 385 3241 ο
417 3209 531 3264 Καὶ
576 3210 687 3280 γὰρ
717 3209 788 3265 ἐκ
837 3210 947 3266 δύο
976 3212 1222 3280 φύσεων
1247 3213 1685 3282 ὁμολογοῦντες
1723 3217 1830 3269 τὸν

1936 3221 2068 3266 stum
2097 3220 2208 3281 post
2224 3207 2637 3264 incarnationem
2663 3207 2717 3259 in
2753 3222 2858 3259 una
2896 3204 3164 3274 hypostasi
3201 3203 3526 3272 conﬁtentes.

239 3304 506 3373 Χριστὸν
542 3301 698 3374 μετὰ
745 3302 861 3370 τὴν
909 3303 1223 3372 σάρκωσιν
1258 3304 1328 3358 ἐν
1353 3303 1463 3374 μιᾷ
1497 3305 1830 3361 ὑποστάσει

1938 3314 1986 3360 et
2004 3305 2058 3358 in
2072 3317 2177 3356 una
2205 3316 2427 3371 persona
2440 3315 2602 3352 unum
2626 3295 2912 3364 Christum,
2934 3312 3094 3350 unum
3118 3294 3342 3358 Filium,
3365 3312 3529 3348 unum

243 3398 344 3452 καὶ
380 3397 452 3452 ἐν
476 3397 568 3452 ἐνὶ
597 3397 918 3466 προσώπῳ,
945 3397 1055 3451 ἕνα
1079 3397 1358 3465 Χριστὸν,
1388 3397 1499 3453 ἕνα
1539 3399 1695 3465 Υιὸν,
1724 3399 1830 3454 ἕνα

1940 3395 2224 3449 Dominum
2240 3391 2552 3460 conﬁtemur
2576 3409 2588 3443 :
2615 3389 2804 3442 deinde
2819 3397 2868 3442 et
2900 3404 3059 3441 unam
3089 3397 3335 3441 naturam
3379 3384 3529 3440 Verbi

245 3491 466 3558 Κύριον
495 3490 924 3560 ὁμολογοῦμεν.
957 3486 1101 3545 Elea
1145 3490 1246 3544 καὶ
1292 3491 1440 3559 μίαν
1485 3490 1602 3560 μὲν
1643 3492 1830 3560 φύσιν

1940 3495 2294 3556 ίησανηαιαηι,
2323 3493 2371 3538 et
2399 3498 2610 3537 carnem
2641 3482 2886 3535 indutam
2923 3481 3094 3536 dicere
3128 3498 3230 3535 non
3256 3496 3527 3550 negamus,

243 3579 353 3635 τοῦ
382 3580 533 3635 Θεοῦ
550 3581 596 3612 ⁹¹
619 3581 838 3650 Λόγου,
869 3579 1344 3649 σεσαρκωμένην
1367 3578 1573 3648 μέντοι
1605 3580 1705 3635 καὶ
1738 3582 1834 3634 ἑν-

244 3670 738 3740 ανθρωπήσασαν
763 3670 963 3742 λέγειν
993 3673 1104 3726 οὐκ
1145 3671 1482 3738 ἀρνούμεθα
1501 3711 1516 3734 ,
1547 3669 1644 3724 διὰ
1675 3671 1738 3724 τὸ
1764 3670 1834 3733 ἐξ

245 3765 470 3836 ἀμφοῖν
491 3765 602 3820 ἕνα
628 3763 856 3819 καὶτὸν
882 3764 1070 3820 αὐτὸν
1097 3759 1252 3818 εἶναι
1282 3763 1389 3816 τὸν
1411 3763 1632 3831 Κύριον
1664 3761 1834 3832 ἡμῶν

260 3857 510 3924 Ἰησοῦν
546 3858 828 3926 Χριστόν.

317 3951 394 4004 Σὺ
431 3949 490 4003 δέ
531 3965 620 4020 μοι
665 3951 859 4004 σκόπει
905 3947 1233 4004 κάκεῖνο.Ἠ
1267 3947 1484 4011 σύνοδος
1525 3943 1764 4017 συνεχῶς
1787 3946 1833 3978 ⁸³

242 4044 338 4099 τδν
389 4044 554 4099 αὑτὸν
599 4043 748 4112 λέγει
777 4044 875 4098 καὶ
905 4044 1003 4097 ἕνα
1032 4043 1286 4114 Χριστόν.
1317 4041 1489 4096 Τοῦτο
1519 4041 1576 4094 δὲ
1603 4041 1655 4094 τί
1686 4042 1834 4094 ἐστιν

241 4137 435 4206 ἕτερον
461 4137 496 4209 ἢ
529 4137 590 4190 τὸ
615 4137 713 4208 τὴν
747 4136 870 4190 καθ’
897 4137 1192 4191 ὑπόστασιν
1217 4135 1410 4188 ἕνωσιν
1439 4133 1742 4205 ὁμολογεῖν,
1774 4133 1832 4203 ἢ,

244 4232 297 4285 εἰ
327 4229 531 4301 βούλει,
557 4229 655 4300 τὴν
691 4229 822 4300 μίαν
850 4230 1014 4297 φύσιν
1039 4227 1134 4280 τοῦ
1165 4227 1341 4294 Λόγου
1369 4225 1833 4296 σεσαρκωμένην;

243 4322 361 4376 Καὶ
386 4320 498 4392 γὰρ
529 4319 697 4391 χωρὶς
714 4321 760 4352 ’⁸
791 4319 902 4373 τῶν
929 4317 1221 4389 αἱρετικῶν
1251 4315 1602 4386 σοφισμάτων
1628 4315 1663 4386 ἡ
1695 4315 1834 4386 χρῆ-

246 4429 336 4478 σις
355 4413 495 4483 αῦτη
524 4413 912 4486 προφερομένη
940 4412 1001 4465 τὸ
1019 4411 1311 4481 ἀδιάφορον
1331 4408 1466 4480 ἔχει,
1491 4407 1629 4480 πρός
1651 4423 1716 4476 γε
1736 4407 1835 4478 τὴν

245 4503 658 4576 προειρημένην
693 4503 936 4557 διάνοιαν
953 4503 1020 4556 ’⁵.

1938 3577 2063 3647 quia
2093 3593 2121 3630 e
2176 3575 2380 3629 duobus
2433 3590 2597 3628 unum
2633 3582 2680 3627 et
2709 3573 2944 3628 eumdem
2969 3588 3080 3627 esse
3109 3570 3390 3626 Dominum
3428 3589 3526 3622 no-

1940 3680 2107 3723 strum
2133 3666 2319 3722 Iesum
2358 3661 2650 3718 Christum.

2011 3939 2093 3994 Tu
2121 3951 2251 3994 vero
2290 3945 2347 3990 et
2379 3934 2506 3989 illud
2537 3933 2841 3990 considera.
2863 3930 3158 3987 Concilium
3189 3929 3530 3985 continenter

1942 4029 2073 4086 dicit
2112 4028 2360 4086 eumdem
2399 4037 2456 4083 et
2487 4042 2650 4082 uuum
2711 4025 3005 4081 Christum.
3053 4022 3167 4078 lloc
3218 4036 3348 4077 vero
3399 4022 3528 4090 quid

1942 4124 2084 4178 aliud
2112 4134 2198 4178 est
2219 4135 2382 4192 quam
2414 4119 2667 4174 unionem
2701 4117 3092 4189 hypostaticam
3131 4115 3396 4178 conﬁteri,
3423 4115 3528 4177 vel,

1940 4214 1984 4269 si
2020 4213 2217 4283 placet,
2252 4226 2412 4266 unam
2455 4209 2612 4264 Verbi
2640 4217 2889 4262 naturam
2923 4206 3286 4259 incantatam?
3313 4205 3526 4257 Etenim

1943 4305 2150 4374 absque
2180 4303 2554 4359 haereticorum
2587 4298 3015 4356 cavillationibus
3036 4337 3052 4359 ,
3094 4312 3221 4350 usus
3249 4299 3335 4350 hic
3369 4304 3526 4349 antea

1943 4399 2136 4453 allatus
2158 4395 2516 4452 differentiam
2544 4387 2784 4447 continet
2807 4390 2873 4444 ad
2906 4390 3218 4458 prmdictmn
3242 4403 3480 4443 sensum.

321 4567 537 4668 Ὥσπερ
563 4567 625 4650 δέ
647 4599 710 4649 ὲκ
741 4597 992 4667 θεότητος
1043 4595 1135 4648 καὶ
1177 4591 1596 4664 ἀνθρωπότητος
1640 4591 1673 4661 ή
1710 4592 1830 4642 σύν-

2015 4575 2480 4644 Quemadmodum
2517 4581 2695 4626 autem
2729 4585 2795 4625 ex
2829 4569 3167 4626 humanitate
3199 4577 3362 4637 atque
3393 4567 3528 4622 divi-

243 4691 367 4754 οδος
411 4661 645 4760 λέγουσα
694 4689 785 4741 τὸν
834 4661 1040 4759 Κύριον
1085 4687 1242 4758 ἡμῶν
1276 4661 1750 4756 (ΙησοῦνίΧριστὸν
1776 4683 1830 4735 ἐκ

1941 4671 2112 4726 nitate
2139 4669 2414 4723 Christum
2453 4666 2734 4720 Dominum
2767 4679 2834 4718 cx
2870 4663 3081 4717 duabus
3134 4661 3340 4716 naturis
3373 4661 3523 4715 simi-

243 4752 586 4850 δύο-φύσεων
615 4780 815 4850 ὁμοίως
838 4752 1045 4848 ἀνευφη
1057 4752 1165 4848 psi,
1193 4752 1349 4830 oi'mo
1379 4775 1472 4829 καὶ
1520 4752 1579 4827 ὲν
1624 4773 1830 4841 θεότητι

1944 4762 2064 4816 liter
2086 4760 2322 4830 synodus
2337 4756 2637 4827 przedicans
2657 4755 2852 4810 iterum
2881 4754 3066 4808 laudat
3101 4752 3212 4806 :sic
3239 4762 3294 4806 et
3317 4753 3369 4806 in
3388 4753 3522 4806 divi.-

245 4875 343 4930 καὶ
372 4843 822 4945 ἀνθρωπότητιη
851 4843 1083 4940 λέγουσα
1123 4873 1184 4924 ἐν
1234 4869 1357 4922 δυσὶ
1399 4864 1611 4932 δοξάζει
1645 4864 1830 4935 φύσεσι

1943 4855 2110 4908 nitate
2135 4861 2190 4907 et
2223 4848 2421 4921 27ιὸ
2463 4847 2797 4902 humanitate
2839 4845 3024 4900 dicens
3070 4844 3122 4898 iu
3163 4843 3373 4898 duabus
3400 4844 3522 4912 Opi-

176 4971 185 4986 ¹
245 4972 345 5026 καὶ
371 4969 742 5038 συνομολογεῖ.
773 4968 849 5021 Οὐ
879 4967 988 5036 γὰρ
1018 4968 1082 5019 ἐκ
1115 4965 1326 5019 τούτων
1357 4965 1457 5034 μέν
1487 4964 1636 5016 ἐστιν
1659 4963 1689 5014 ὁ
1710 4961 1843 5030 Χρι-

246 5063 395 5126 στὸς,
424 5061 547 5131 οὐχὶ⁷
570 5059 742 5114 ταῦτα
775 5058 862 5125 δὲ,
893 5057 1014 5111 οὐδὲ
1044 5055 1217 5110 ταῦτα.
1252 5056 1372 5126 μὲν,
1401 5055 1501 5107 οὐκ
1530 5054 1587 5105 ὲν
1620 5050 1832 5112 τούτοις

245 5155 326 5219 δὲ,
356 5153 472 5208 ἀλλ’
499 5153 558 5218 ἐξ
601 5145 676 5205 ὧν
721 5153 860 5215 ἐστι,
891 5150 987 5202 καὶ
1017 5149 1076 5200 ὲν
1126 5147 1336 5209 τούτοις
1379 5143 1704 5214 γνωρίζεται
1739 5143 1832 5195 καὶ

245 5245 424 5298 ταῦτά
450 5244 616 5296 ἐστιν.
644 5241 801 5295 Οῦτω
830 5240 890 5294 δὲ
917 5241 1010 5294 καὶ
1043 5237 1365 5308 Ἀμϐρόσιος
1393 5237 1422 5289 ό
1451 5235 1759 5304 θαυμάσιος
1776 5234 1834 5285 ἐν

246 5335 327 5407 τῷ
356 5335 484 5403 περὶ
514 5333 980 5403 ἐνανθρωπήσεως
1004 5328 1252 5400 τετάρτῳ
1280 5323 1602 5394 δογματίζει
1650 5322 1794 5390 λόγῳ
1815 5337 1830 5352 ⁸

259 5428 359 5482 Ἐν
393 5427 474 5494 τῷ
503 5427 649 5494 Θεὸς
681 5421 836 5480 εἶναι
859 5423 1096 5488 αἰώνιος
1125 5422 1197 5476 τὰ
1224 5418 1335 5488 τῆς
1357 5416 1586 5485 σαρκὸς
1604 5413 1836 5485 μυστή-

1942 4955 2100 4998 natur
2123 4941 2332 4995 naturis
2365 4953 2429 4994 ac
2485 4938 2796 4992 coulitetur.
2852 4933 2968 4989 Non
3022 4939 3167 4990 enim
3205 4949 3271 5002 ex
3327 4933 3411 4988 Itis
3441 4946 3525 4987 OSl

1941 5034 2210 5098 Christus,
2249 5046 2425 5101 neque
2447 5031 2584 5092 lucc,
2607 5043 2782 5096 neque
2801 5027 3034 5090 illa,non
3065 5028 3116 5081 in
3135 5028 3351 5095 quibus,
3373 5026 3531 5086 sede

1935 5126 2133 5197 quibus
2186 5133 2292 5188 est,
2352 5133 2409 5177 et
2445 5122 2498 5176 in
2529 5121 2724 5189 quibus
2763 5119 3090 5190 agnoscitur.
3127 5117 3192 5172 Et
3252 5119 3366 5173 haec
3413 5118 3529 5175 fere

1936 5231 2082 5275 sunt.
2111 5218 2202 5274 Sic
2253 5231 2466 5287 quoque
2513 5215 2708 5271 beatus
2743 5213 3058 5268 Ambrosius
3079 5211 3216 5267 libro
3248 5229 3301 5266 Iv
3332 5212 3406 5266 De
3441 5214 3526 5266 in-

1939 5314 2248 5368 carnatione
2285 5313 2443 5365 tlocet
2477 5330 2488 5364 :
2519 5306 2604 5362 Ibi
2658 5309 2794 5362 Deus
2841 5307 2905 5360 ab
2946 5318 3144 5362 (eterna
3186 5324 3296 5362 esse
3345 5309 3521 5360 carnis

1941 5407 2191 5477 mysteria
2217 5403 2483 5474 pra'oidit,
2515 5417 2606 5455 nec
2622 5409 2917 5469 separatus,
2945 5402 3034 5454 sed
3065 5408 3218 5454 umis.
3235 5398 3525 5470 Postquam

1547 5580 1784 5638 VARIIE
1836 5573 2221 5633 LECTIONES
2244 5614 2258 5628 .

319 5706 363 5737 θ’
402 5709 518 5760 ἐστι
542 5709 584 5762 Α
615 5723 631 5761 :
661 5706 754 5760 ὲπί
789 5723 851 5772 ς.
926 5705 972 5737 ⁸⁸
993 5702 1186 5766 ἓνωσίς
1216 5703 1330 5756 ἐστι
1364 5699 1660 5772 δηλωτικός
1692 5713 1753 5760 ς.

1829 5694 1874 5725 ⁸⁸
1897 5692 1992 5745 ἕνα
2018 5689 2263 5758 Κύριον,
2281 5685 2379 5739 ἓνα
2410 5684 2630 5758 Υξόν-ς.

2709 5681 2756 5713 ⁹⁰
2783 5697 2847 5748 γε
2873 5679 3070 5734 atltl.A.
3149 5681 3189 5710 "
3215 5680 3336 5732 lillri
3370 5680 3522 5750 ῥᾷόν.

253 5776 303 5814 ⁹¹
798 5749 856 5812 ’δῖ
882 5776 973 5832 τὸν
1691 5749 1858 5838 impie
1889 5765 1934 5818 A
1969 5782 1981 5818 :
2014 5749 2296 5830 καἰ’χωρίς
2320 5773 2378 5820 ς’.
2458 5757 2505 5837 *ιδ
2535 5755 2771 5815 διανοίας
2800 5768 2859 5815 ς-
2923 5753 2969 5784 ⁹⁶
2995 5749 3433 5822 ἐνάνθρωπὸτητι
3461 5765 3520 5812 ς’.
