3964 6246
421 307 562 376 1039

1555 303 1822 366 ΡΗΟΤΙΙ
1856 303 2362 366 PATRIARCHIE
2393 304 2500 366 CP;

3545 305 3681 370 1040

419 439 866 496 utrumqueunul,
895 432 943 477 et
976 438 1113 478 unus
1136 423 1190 476 in
1217 431 1457 493 utroque,
1484 425 1582 478 hoc
1604 435 1702 492 est,
1731 427 1784 478 in
1806 425 1998 479 diuini-

2104 445 2194 494 pta
2224 427 2648 497 προσελάϐετο,
2679 427 2750 480 οὐ
2779 427 3314 497 διῃρημένος-,ἀλλ’
3345 425 3453 496 εἷς,
3472 431 3681 498 ἐπειδὴ

419 526 526 573 tate
547 528 595 572 et
625 518 974 570 humanitate.
999 513 1207 570 Rursus
1234 516 1374 569 idem
1392 515 1497 570 alio
1523 509 1682 578 libro,
1707 516 1847 571 unde
1875 533 1993 570 mu-

417 614 601 663 tuatus
627 615 713 661 est
736 608 926 661 doctus
950 605 1184 678 Cyrillus
1222 617 1410 660 contra
1445 606 1768 670 Nestorium,
1793 609 1870 661 sic
1900 608 1997 661 bo-

416 713 521 754 nus
549 697 721 765 inquit
747 697 1065 752 Ambrosius
1095 711 1114 750 .'
1161 696 1307 751 Unus
1357 697 1452 751 Dei
1479 697 1528 750 F
1532 698 1656 751 ilius
1684 699 1738 751 in
1775 709 1997 768 utraque

415 789 583 858 specie
603 789 754 844 verba
780 788 930 858 facit,
953 790 1160 857 quando
1183 799 1403 859 utraque
1415 791 1666 858 pra'ditus
1684 801 1874 845 natura
1896 799 1992 844 est.

413 880 529 937 Hoc
553 895 682 936 vero
712 882 914 935 dictum
953 881 1196 950 corrupit
1225 881 1480 944 Severus,
1512 881 1645 935 nihil
1675 879 1994 949 injuriarum

413 974 692 1030 omittens.
721 972 896 1028 Vertit
925 972 1071 1028 enim
1125 989 1285 1027 unam
1321 986 1509 1028 vocem
1564 973 1618 1028 in
1663 972 1909 1037 alteram,
1938 983 1998 1027 ut

412 1066 735 1138 persuadeat
757 1079 1018 1136 apparere
1039 1080 1169 1121 voce
1196 1079 1300 1120 non
1325 1073 1597 1129 naturam,
1625 1065 1719 1122 sed
1744 1064 1994 1137 loquendi

415 1157 723 1221 formulam,
754 1157 894 1226 quod
927 1157 1102 1227 ipsum
1134 1157 1661 1225 reprehendimerito
1685 1159 1866 1216 debet.
1895 1158 1996 1213 Ve-

416 1261 717 1305 rumtamen
750 1247 1016 1304 refellitur
1044 1253 1112 1304 oh
1154 1265 1306 1304 usum
1336 1251 1484 1305 vocis
1532 1251 1842 1320 praedictum
1871 1266 1993 1306 cum

415 1341 545 1396 dicit
576 1341 628 1403 in
654 1353 881 1410 utroque
916 1340 1056 1394 idem
1085 1340 1391 1410 designare.
1426 1341 1566 1408 Quid
1600 1341 1703 1396 sibi
1743 1341 1858 1394 vult
1889 1341 1991 1395 hoc

413 1432 593 1486 eodem
619 1447 716 1501 pro
748 1433 805 1485 in
852 1441 1091 1502 utraque,
1125 1432 1224 1487 hoc
1247 1441 1331 1486 est
1362 1431 1694 1502 coniungens
1729 1431 1991 1485 divinitati

415 1533 468 1579 et
487 1523 836 1588 humanitati,
870 1539 1037 1592 quare
1062 1523 1104 1577 si
1137 1522 1190 1576 in
1226 1534 1443 1592 utraque
1472 1522 1640 1586 dicat,
1698 1533 1756 1576 ut
1782 1522 1996 1577 sincere

415 1617 617 1672 habent
669 1617 827 1670 verba
868 1614 1161 1678 Ambrosii,
1195 1616 1310 1669 sive
1361 1616 1414 1668 in
1437 1625 1674 1678 utroque,
1707 1623 1766 1668 ut
1796 1615 1996 1684 impro-

413 1707 515 1762 hus
541 1706 628 1761 ille
654 1707 892 1775 sophista
939 1721 1122 1761 vocem
1175 1707 1454 1775 depravat,
1505 1705 1852 1760 nihilominus
1876 1707 1996 1761 duae

2099 519 2164 572 τὸ
2189 519 2472 587 ἑκάτερον
2496 513 2582 584 εἷς
2619 519 2716 571 καὶ
2737 520 2770 572 ὀ
2785 513 2871 583 εἷς
2889 519 2958 572 ἐν
2989 519 3264 587 ἑκατέρῳ,
3283 521 3559 576 τουτέστι
3581 523 3684 577 καὶ

2099 611 2332 676 θεότητι
2356 611 2454 664 καὶ
2483 609 2729 678 σώματι.
2760 610 2927 663 Πάλιν
2955 611 3012 664 δὲ
3053 613 3111 664 ἐν
3144 612 3288 682 ἄλλῳ
3329 612 3493 683 λόγῳ,
3531 614 3594 680 ἐξ
3621 608 3685 670 οὗ

2099 699 2195 754 καὶ
2233 702 2260 753 ὁ
2307 700 2467 768 σοφὸς
2512 698 2778 768 Κύριλλος
2816 700 3010 770 χρῆσιν
3055 702 3194 753 κατᾶ
3224 702 3522 772 Νεστορίου
3554 721 3690 774 προ-

2099 793 2349 862 ήνεγκεν,
2401 791 2574 852 οὕτως
2620 793 2648 844 ὁ
2698 792 2936 861 χρηστὸς
2980 792 3299 862 Ἀμὸρόσιός
3349 811 3545 865 φησιν·
3578 791 3687 860 Εἷς

2103 886 2252 938 Θεοῦ
2289 884 2422 950 Υἱὸς
2459 884 2528 938 ἐν
2563 884 2811 952 ἑκατέρᾳ
2847 884 3042 950 λαλεῖ,
3071 884 3394 954 ἐπειδήπερ
3429 885 3690 951 ἑκατέρα

2099 978 2286 1044 φύσις
2313 977 2382 1030 ἐν
2413 974 2593 1040 αὐτῷ.
2619 974 2789 1029 Τοῦτο
2808 974 2864 1028 δὲ
2892 973 2953 1028 τὸ
2983 974 3145 1047 ῥητὸν
3175 975 3558 1047 ἐκακούργησε
3585 976 3685 1045 μὲν

2099 1070 2357 1141 Σεόῆρος,
2378 1068 2530 1122 οὐδὲν
2565 1068 2625 1123 δὲ
2663 1070 2764 1140 τῆς
2805 1068 3141 1138 κακουργίας
3185 1066 3460 1122 ἀπώνατο.
3495 1068 3686 1122 Μετα-

2102 1163 2324 1232 στρέφει
2377 1161 2476 1231 μὲν
2528 1161 2634 1233 γὰρ
2686 1161 2765 1222 εἰς
2804 1159 2867 1212 τὸ
2915 1159 3177 1227 ἐκατέρῳ
3214 1161 3312 1229 τὴν
3358 1159 3616 1227 ἑκατέρᾳ
3633 1159 3682 1192 ³⁷

2101 1256 2301 1323 φωνὴν,
2338 1251 2425 1304 ἵνα
2455 1251 2620 1324 πείσῃ
2652 1250 2939 1322 δηλοῦσθαι
2970 1251 3058 1304 διὰ
3090 1251 3191 1321 τῆς
3229 1250 3416 1320 φωνῆς
3461 1251 3537 1321 μὴ
3583 1251 3685 1322 τὴν

2101 1344 2281 1414 φύσιν,
2303 1345 2439 1400 ἀλλά
2456 1344 2548 1398 τὸν
2576 1344 2774 1415 τρόπον
2799 1344 2900 1413 τῆς
2923 1342 3135 1407 λαλιᾶς,
3177 1342 3290 1397 οἷον
3331 1344 3389 1396 ἐν
3437 1343 3688 1412 ἐκατέρῳ

2099 1434 2287 1504 τρόπῳ
2315 1433 2446 1504 θείῳ
2479 1450 2539 1486 τε
2570 1431 2666 1485 καὶ
2693 1433 3018 1503 ἀνθρωπίνῳ
3067 1431 3422 1502 λα).εἶ.”οπερ
3455 1430 3690 1486 αὐτόθεν

2102 1525 2204 1596 μὲν
2231 1525 2345 1597 ἔχει
2370 1525 2464 1579 τὸν
2497 1524 2716 1596 ἔλεγχον
2735 1564 2751 1589 ,
2777 1526 2837 1578 οὑ
2871 1525 2976 1596 μὴν
3009 1525 3144 1579 ἀλλά
3172 1524 3268 1579 καὶ
3294 1524 3383 1578 διὰ
3413 1527 3516 1595 τῆς
3550 1541 3688 1593 προ-

2099 1618 2392 1689 ειρημένης
2422 1617 2844 1688 ὲπιρῤαπίζεται
2877 1619 3147 1688 χρήσεως·
3179 1617 3251 1671 ἐν
3276 1603 3430 1684 αὖτῇ
3464 1615 3576 1687 γὰρ
3606 1616 3690 1669 εξ-

2099 1705 2218 1760 πὼν
2241 1704 2410 1778 αὐτὴν
2436 1705 2536 1774 τὴν
2565 1705 2709 1772 λέξιν
2737 1706 2809 1761 ἐν
2836 1705 3094 1776 ἐκατέρῳ
3108 1706 3153 1738 ’⁸
3180 1707 3341 1770 αὐτὸς
3367 1707 3690 1778 ἡρμήνευσε

413 1797 758 1855 offenduntur
792 1807 1017 1853 naturae.
1046 1798 1274 1862 Idcirco,
1309 1809 1368 1853 ut
1392 1798 1654 1861 diximus,
1678 1797 1998 1858 Ambrosius

2104 1797 2334 1872 [84511.]
2363 1799 2414 1851 τί
2443 1797 2694 1869 βούλεται
2722 1799 2872 1870 αὑτῷ
2902 1800 2963 1854 τὸ
2982 1799 3053 1853 ἐν
3080 1798 3210 1872 [445
3230 1798 3600 1872 Η.]ἐκατέρῳ
3615 1800 3688 1864 ⁹⁹,

414 1889 555 1960 quod
589 1889 644 1943 in
686 1899 903 1959 utroque
932 1900 1016 1945 est
1064 1890 1268 1956 dicens,
1299 1891 1400 1944 hoc
1435 1901 1521 1946 est
1549 1891 1605 1944 in
1648 1901 1870 1961 utraque
1901 1908 2016 1955 re,.

413 1981 479 2034 ad
512 1981 854 2036 divinitatem
886 1991 940 2037 et
973 1996 1190 2051 corpus,
1225 1996 1409 2036 vocem
1436 1982 1737 2038 traduxisse
1767 1983 2016 2038 videtur-

413 2072 633 2130 Elidem
651 2072 978 2128 adAlbinum
1002 2073 1244 2130 scribens
1268 2090 1282 2126 :
1310 2070 1379 2126 Ut
1401 2074 1692 2140 perfectus,
1720 2074 1915 2144 inquit,
1943 2073 1996 2128 in

414 2173 638 2236 utraque
662 2175 856 2223 natura
883 2167 975 2221 sit.
1003 2165 1106 2221 Sed
1149 2167 1408 2221 hactenus
1439 2166 1506 2222 de
1537 2166 1639 2220 his.

2096 1890 2376 1944 τουτέστιν
2404 1889 2742 1960 ὲπισυνάῲας
2774 1890 2869 1944 καὶ
2898 1889 3114 1961 θεότητι
3149 1891 3245 1947 καὶ
3277 1891 3687 1962 σώματι.Ὠστε

2097 1983 2207 2036 είτε
2237 1982 2309 2036 ἐν
2332 1982 2583 2052 ἑκατέρᾳ
2612 1981 2785 2049 λαλεῖ,
2807 1981 2884 2046 ὡς
2907 1982 3020 2054 ἔχει
3039 1982 3099 2036 τὸ
3125 1983 3545 2054 ἀκακοῦργητον
3575 1980 3690 2035 τῶν

2111 2073 2435 2146 ’Λμϐροσίου
2488 2076 2770 2144 ῥημάτων,
2803 2075 2914 2127 εἴτε
2965 2073 3034 2127 ἐν
3064 2073 3350 2144 ἐκατέρῳ,
3385 2075 3462 2138 ὡς
3509 2075 3540 2127 ὅ
3584 2072 3689 2141 τῆς

2099 2166 2299 2230 κακίας
2330 2166 2587 2236 σοφιστὴς
2615 2166 2714 2235 τὴν
2745 2165 2930 2238 φωνὴν
2957 2165 3260 2238 διαφθείρει
3285 2205 3302 2230 ,
3339 2165 3492 2219 οὐδὲν
3523 2159 3691 2234 ἦττον

414 2256 468 2312 αἱ
495 2256 591 2311 δύο
621 2255 810 2326 φύσεις
851 2255 1155 2328 δηλοῦνται,
1221 2256 1356 2311 διότι
1405 2257 1435 2310 ὁ
1477 2258 1640 2322 αὑτὸς
1676 2255 2029 2329 Ἀμϐρόσιος,
2067 2258 2144 2328 ὡς
2179 2259 2416 2329 εἴρηται,
2442 2259 2503 2310 τὸ
2527 2257 2598 2311 ἐν
2633 2257 2894 2326 ἐκατέρῳ
2921 2257 3114 2322 εἰπὼν,
3139 2255 3418 2310 τουτέστιν
3453 2258 3513 2310 ὲν
3551 2257 3691 2309 tuea-

414 2351 552 2418 τέρῳ
577 2349 902 2422 πράγματι,
937 2347 1074 2420 πρὸς
1098 2349 1199 2418 τὴν
1231 2347 1462 2418 θεότητα
1492 2347 1671 2402 καὶτὸ
1702 2348 1862 2418 σῶμα
1889 2349 1987 2418 τὴν
2021 2347 2206 2419 φωνὴν
2247 2347 2586 2403 ἀποδέδωκεν
2616 2347 3006 2418 ἀναφέρεσθαι.
3037 2346 3150 2401 Καὶ
3233 2347 3370 2416 πρὸς
3443 2347 3688 2400 Ἀλϐῖνον

414 2442 467 2497 δὲ
494 2441 723 2513 γράφων
755 2442 786 2494 ὁ
812 2440 998 2507 αὐτὸς,
1049 2440 1205 2507 Ἵνα,
1229 2440 1385 2512 φησι,
1415 2440 1644 2506 τέλειος
1659 2442 1727 2496 ἐν
1740 2441 1990 2512 ἑκατέρῃ
2025 2444 2208 2513 φύσει
2243 2443 2714 2515 τυγχάνῃ.Ἀλλὰ
2748 2443 2922 2498 ταῦτα
2963 2442 3063 2514 μὲν
3101 2443 3196 2496 ἐπὶ
3232 2440 3506 2495 τοσοῦτον.

483 2579 539 2637 Si
571 2595 702 2637 vero
731 2581 858 2650 quis
895 2579 1049 2634 nobis
1074 2577 1435 2634 Athanasium
1481 2581 1722 2650 proferat
1757 2579 1895 2636 libro
1929 2581 2004 2634 De

415 2677 800 2739 incarnatione,
836 2674 1154 2744 Gregorium
1199 2673 1327 2727 item
1356 2673 1818 2741 Thaumaturgum
1847 2675 1899 2726 in
1943 2673 2008 2726 li-

2176 2581 2239 2635 Ei
2271 2581 2327 2636 δέ
2356 2598 2439 2642 τις
2468 2579 2943 2652 ἡμῖνἈθανάσιον
2966 2581 3026 2633 ὲν
3051 2579 3128 2650 τῷ
3147 2579 3288 2650 Περὶ
3324 2579 3690 2649 deputantem;

2105 2673 2429 2746 προκομίζει
2460 2672 2628 2742 λόγω,
2660 2672 2875 2727 καὶτὸν
2915 2671 3347 2742 Νεοκαισαρείας
3387 2672 3696 2743 Γρηγόριον

417 2771 514 2824 bro
545 2767 623 2824 De
651 2768 757 2837 ﬁde
786 2767 1119 2837 particulari,
1151 2766 1504 2836 prohibentes
1527 2765 1664 2819 duas
1691 2765 1742 2820 in
1782 2765 1998 2821 Christo

2104 2765 2158 2818 ἐν
2184 2765 2260 2835 τῷ
2293 2763 2436 2832 Περὶ
2480 2762 2592 2832 τῆς
2646 2761 2798 2818 κατὰ
2823 2762 3007 2832 μέρος
3053 2763 3334 2830 πίστεως,
3367 2761 3460 2816 δύο
3509 2762 3694 2830 λέγειν

416 2877 665 2918 asserere
714 2869 934 2914 naturas
973 2879 986 2915 :
1024 2859 1161 2914 sciat
1185 2859 1275 2914 ille
1314 2858 1395 2928 (ut
1424 2873 1565 2928 saepe
1590 2858 1702 2929 jam
1741 2859 1998 2927 diximus)

2105 2858 2416 2921 κωλύοντας
2445 2857 2542 2911 ἐπὶ
2568 2856 2662 2911 τοῦ
2683 2857 2700 2887 ¹
2724 2853 2962 2927 Χριστοῦ
2995 2853 3096 2917 τὰς
3127 2853 3341 2923 φύσεις,
3374 2855 3696 2924 μανθανέτω

417 2970 593 3026 neque
621 2953 857 3022 reliquos
886 2950 1075 3007 Patres
1107 2951 1239 3005 duas
1268 2959 1491 3006 naturas
1518 2965 1785 3015 asserere,
1821 2965 1998 3018 neque

2104 2948 2252 3016 οὗτος
2284 2952 2367 3006 ὅτι
2399 2950 2675 3021 (καθάπερ
2707 2948 2923 3018 εἴρηται
2957 2945 3244 3016 πολλάκις)
3281 2945 3391 2999 οὐδ’
3425 2947 3476 3000 οἱ
3509 2946 3697 3000 λοιποὶ

418 3061 580 3100 unam
621 3043 928 3113 complecti,
959 3043 1052 3095 sed
1093 3051 1147 3095 et
1176 3040 1491 3112 frequenter
1530 3041 1823 3111 reiecisse;
1878 3049 1998 3111 post

2104 3045 2342 3114 Πατέρες
2363 3043 2422 3096 τὸ
2443 3041 2537 3096 δύο
2557 3041 2737 3109 λέγειν
2757 3039 2951 3108 φύσεις
2971 3036 3126 3090 οὑτε¹
3147 3036 3333 3100 ἁπλῶς
3348 3037 3690 3106 ἠσπάσαντο.

418 3137 566 3192 enim
601 3136 888 3190 adductam
934 3133 1159 3188 ἰηιίὶιήδί
1195 3148 1404 3196 vocem,
1439 3148 1612 3204 neque
1643 3142 1845 3188 temere
1890 3148 1998 3187 am-

2104 3133 2355 3188 ἀλλὰκαὶ
2381 3129 2639 3193 πολλάκις
2689 3127 3002 3190 ἀπώσαντο,
3053 3125 3193 3195 μετὰ
3241 3127 3423 3197 μέντοι
3471 3141 3539 3194 γε
3585 3126 3698 3180 τοῦ

418 3227 607 3299 plexos
633 3240 776 3288 esse,
807 3238 981 3292 neque
1005 3223 1308 3293 improvide
1345 3223 1490 3277 illmn
1519 3223 1877 3293 explanasse;
1912 3240 1998 3278 ne-

2105 3223 2447 3294 ἀδιαιρέτου
2481 3220 2849 3292 προελθοῦσαν
2877 3219 2976 3290 τὴν
3004 3218 3188 3289 φωνὴν
3234 3215 3359 3270 οὔτε
3403 3216 3700 3286 προπετῶς

420 3335 527 3390 que
586 3318 730 3373 enim
785 3325 1133 3387 sumpserunt
1192 3316 1578 3371 inordinatum.
1638 3313 1998 3371 Conveniente

2106 3313 2494 3368 ἀσπάσασθαι⁸
2525 3310 2650 3365 οὔτε
2677 3310 3056 3373 ἀϐασανίστως
3103 3308 3308 3377 ταύτην
3355 3308 3703 3380 περιπτύξαο

415 3425 549 3466 vero
565 3425 687 3464 cum
708 3408 979 3478 praedictis
1003 3410 1198 3463 unione
1233 3409 1586 3480 hypostatica,
1614 3425 1774 3465 nemo
1794 3410 1956 3480 272
1972 3426 1998 3463 a

2109 3404 2232 3458 σθαι
2279 3403 2542 3473 οὐμενοῦν
2572 3403 2672 3455 οὐκ
2706 3401 3010 3471 ἐλάμϐανον
3057 3399 3119 3452 τὸ
3169 3399 3533 3452 άδίστακτον’
3569 3416 3700 3451 συν-

421 3502 542 3572 pius
593 3500 744 3554 visus
769 3509 853 3554 est
896 3499 987 3568 qui
1025 3498 1166 3552 hanc
1217 3513 1404 3553 vocem
1447 3497 1605 3552 valde
1648 3499 1998 3553 adamaverit.

2109 3495 2536 3566 ομολογηθείσης
2585 3494 2643 3546 δὲ
2691 3495 2804 3555 τοῖς
2851 3491 3087 3562 λεχθεῖσι
3119 3493 3218 3561 τῆς
3252 3489 3376 3544 καθ’
3397 3490 3703 3544 ὑπόστασιν

423 3593 594 3649 Nemo
614 3592 778 3661 igitur
810 3591 975 3655 dicat,
1008 3589 1303 3644 nihileuim
1334 3591 1439 3645 hoc
1463 3592 1526 3644 ad
1557 3591 1836 3661 pietatem,
1863 3600 1922 3645 ut
1949 3591 1998 3645 iu

2109 3587 2377 3651 ένώσεως,
2422 3584 2688 3655 οὐμενοῦν
2739 3585 2913 3647 οὐδεὶς
2962 3582 3118 3654 ὤφθη
3173 3582 3281 3635 τῶν
3327 3581 3571 3634 εὐσεϐῶν
3625 3582 3702 3652 μὴ

419 3684 644 3741 Christo
664 3681 802 3738 duas
831 3690 1056 3736 naturas
1084 3683 1266 3737 dicere
1297 3681 1489 3738 Patres
1521 3683 1873 3753 prohibeant;
1900 3682 1996 3738 sed

2108 3678 2230 3732 λίαν
2260 3679 2361 3748 τὴν
2409 3676 2593 3748 φωνὴν
2637 3675 3043 3744 ἀσπαζόμενος.
3075 3673 3168 3746 Μὴ
3220 3669 3315 3727 οῦν
3360 3671 3568 3740 λεγέτω
3615 3689 3704 3736 τις

421 3775 698 3841 ostendat,
737 3773 959 3844 quando
988 3784 1082 3828 aut
1107 3773 1530 3830 ubiconﬁtentcs
1561 3776 1812 3830 unionem
1828 3775 1998 3845 hypo-

2108 3769 2284 3843 (οὐδὲν
2318 3770 2428 3839 γὰρ
2451 3768 2610 3822 τοῦτο
2631 3767 2766 3838 πρὸς
2787 3768 2888 3838 τὴν
2909 3764 3213 3836 εὑσέόειαν)
3237 3764 3313 3829 ὡς
3339 3767 3433 3818 ἐπὶ
3455 3764 3702 3835 Χριστοῦ

427 3868 680 3927 staticam
714 3865 851 3921 duas
882 3864 1061 3942 dicere
1089 3873 1312 3919 naturas
1347 3864 1579 3920 indivise
1614 3864 1998 3934 prohibebant?

2105 3863 2199 3916 δύο
2231 3861 2422 3934 φύσεις
2452 3862 2631 3929 λέγειν
2661 3861 2711 3912 oi
2743 3859 2984 3928 Πατέρες
3026 3858 3308 3912 ἐκώλυσαν
3329 3871 3346 3888 ·
3398 3857 3539 3911 ἀλλά
3589 3858 3703 3911 δει-

424 3960 637 4017 Etenim
653 3966 710 4014 et
748 3958 828 4014 sic
848 3956 971 4013 vide
991 3956 1260 4025 quomodo
1286 3956 1431 4011 dicat
1462 3956 1794 4013 Athanasius
1823 3975 1838 4012 :
1883 3956 1998 4011 Non

2112 3954 2293 4008 κνὺτω
2320 3953 2453 4007 πότε
2493 3953 2528 4024 ἢ
2563 3950 2668 4006 ποῦ
2713 3951 2842 4014 τοὺς
2890 3949 3387 4020 συνομολογοῦντας
3428 3948 3532 4020 τὴν
3565 3948 3706 4001 καθ’

423 4055 562 4109 duas
595 4062 814 4106 natura:
866 4049 1214 4120 prazdieamus
1242 4065 1406 4103 unum
1447 4048 1673 4114 Filium,
1727 4067 1883 4104 unam
1913 4051 1998 4105 ad-

2114 4044 2414 4099 ὑπόστασιν
2446 4043 2640 4096 ἕνωσιν
2666 4041 2760 4095 δύο
2785 4040 2964 4108 λέγειν
2987 4040 3178 4107 φύσεις
3205 4039 3537 4110 ἀδιαιρέτως
3557 4036 3705 4091 ἑκώ-

423 4154 632 4202 oratam
655 4153 704 4198 et
732 4158 891 4197 unam
928 4158 1030 4195 non
1053 4141 1355 4196 adoratam.
1383 4139 1451 4194 Et
1477 4141 1600 4210 quis
1627 4141 1858 4211 ignorat,
1887 4143 1998 4197 ado.

2112 4135 2301 4192 λυσαν.
2330 4134 2445 4188 Καὶ
2491 4134 2599 4202 γὰρ
2642 4131 2924 4185 κάνταῦθα
2950 4130 3052 4201 ὅρα
3085 4130 3204 4193 πῶς
3229 4145 3393 4200 φησιν
3413 4131 3442 4182 ὁ
3471 4128 3706 4181 Ἀθανά-

426 4247 604 4294 ratum
642 4245 697 4290 et
735 4250 841 4289 non
877 4233 1161 4286 adoratum
1199 4230 1251 4284 in
1283 4230 1418 4286 duas
1443 4232 1656 4299 quidem
1692 4232 1998 4302 hypostases

2113 4229 2228 4291 σίος
2247 4244 2261 4257 ·
2311 4229 2394 4281 Οὐ
2423 4226 2532 4280 δύο
2561 4225 2780 4293 φύσεις
2829 4222 3232 4292 ὁμολογοῦμεν
3258 4223 3368 4275 τὸν
3391 4220 3502 4274 ἕνα
3540 4221 3703 4284 Υἱὸν,

423 4328 674 4384 dividunt
726 4341 915 4388 unum,
948 4321 1342 4395 hypostaticam
1387 4323 1641 4376 unionem
1683 4323 1998 4392 przedicant]

2109 4321 2258 4390 μίαν
2325 4317 2759 4388 προσκυητὴν
2823 4315 2922 4370 καὶ
2984 4316 3135 4384 μίαν
3202 4314 3702 4382 ἁπροσκύγητον.

435 4420 680 4484 Ἀκούεις
710 4418 828 4486 πῶς
855 4415 977 4474 εἷπε
1006 4417 1388 4491 προσκυνητὴν
1420 4416 1515 4470 καὶ
1557 4416 1990 4488 άπροσκὺνητον.
2030 4415 2144 4470 Καὶ
2167 4415 2252 4478 τίς
2277 4413 2380 4467 οὑκ
2407 4407 2546 4466 οἶδεν
2577 4413 2660 4465 ὅτι
2693 4411 2753 4464 τὸ
2786 4408 3163 4482 προσκυνητδν
3197 4416 3206 4423 ’
3246 4407 3343 4464 καὶ
3407 4409 3703 4479 ἀπροσκύ-

423 4517 624 4589 νητον⁴⁵
655 4517 734 4580 εἰς
761 4513 855 4568 δύο
890 4514 990 4585 μὲν
1016 4512 1341 4576 ὑποστάσεις
1361 4512 1618 4583 τέμνουσι
1645 4512 1736 4566 τὸν
1767 4512 1882 4576 ἕνα,
1907 4510 2006 4582 τὴν
2039 4509 2159 4564 καθ’
2194 4509 2490 4561 ὑπόστασιν
2527 4505 2584 4558 δὲ
2622 4504 2814 4557 ἕνωσιν
2852 4501 3320 4571 ὲκκηρὺττουσιν;

497 4656 604 4712 Sed
643 4655 821 4727 magni
854 4654 1134 4710 Athanasii
1164 4668 1360 4708 sensus
1387 4653 1568 4708 clarus
1594 4661 1698 4706 est.
1731 4651 1998 4705 Testimo-

2176 4643 2321 4697 Ἀλλ’
2348 4644 2380 4712 ἡ
2413 4642 2514 4712 μὲν
2545 4640 2637 4694 τοῦ
2670 4637 2909 4710 μεγάλου
2941 4634 3260 4690 ’Λθανασίου
3284 4633 3496 4686 διάνοια
3530 4633 3666 4705 δήλη
3685 4647 3699 4662 ·

430 4750 582 4806 nium
604 4725 1021 4819 quod—Gregorii
1044 4746 1432 4816 Thamnaturgi
1458 4746 1678 4799 nomine
1708 4742 1998 4810 subjicitur

2119 4738 2153 4807 ἡ
2177 4735 2232 4790 δὲ
2256 4736 2349 4788 τὸν
2370 4731 2784 4804 θαυματουργὸν
2808 4730 2846 4781 Γ
2852 4730 3105 4801 ρηγόριον
3131 4725 3543 4795 ὑποϐαλλομένη
3569 4728 3705 4794 χρῆ-

433 4841 578 4896 illius
602 4839 817 4906 quidem
860 4850 981 4891 esse
1011 4835 1231 4899 dicitur,
1279 4835 1372 4888 sed
1412 4831 1729 4901 Apollinarii
1764 4844 1886 4885 esse
1917 4829 1998 4883 ab

2124 4843 2208 4891 σις
2239 4827 2476 4898 (λέγεται
2509 4825 2608 4894 μὲν
2640 4824 2748 4894 γὰρ
2781 4822 3012 4884 ἐκείνου,
3048 4821 3137 4873 τὸν
3180 4821 3236 4872 δὲ
3291 4821 3705 4890 ’Δπολλινάριον

433 4930 673 4985 ειη-(Ιίιιιε
704 4929 794 4982 illa
825 4926 1109 4980 manifeste
1142 4925 1400 4980 declarat.
1425 4923 1596 4978 Habet
1619 4922 1764 4977 enim
1799 4937 1814 4974 :
1852 4919 1914 4974 Et
1937 4936 1998 4974 es.

2121 4917 2446 4990 εἰσκομίζει)
2491 4917 2814 4985 κατάφωρον
2849 4913 3251 4983 ⁸προϐάλλεται
3299 4910 3399 4982 τὴν
3448 4915 3704 4969 ἀτοπίαν.

433 5038 584 5077 verus
641 5021 776 5074 Deus
809 5019 919 5072 sine
959 5034 1117 5072 carne
1155 5019 1211 5072 in
1255 5034 1411 5072 carne
1451 5016 1614 5079 uisus,
1659 5013 1917 5081 perfectus
1961 5013 1998 5065 ii

2124 5013 2287 5078 Λέγει
2317 5010 2426 5081 γάρ
2446 5025 2460 5039 ·
2487 5009 2597 5063 Καὶ
2622 5009 2751 5063 ἔστι
2777 5009 2917 5073 Θεὸς
2945 5005 3231 5072 ἀληθινὸς
3261 5009 3294 5059 ό
3331 5005 3604 5074 ἄσαρκος
3637 5008 3706 5061 ἐν

433 5131 554 5168 vera
582 5123 628 5168 et
664 5111 841 5165 divina
880 5112 1221 5178 perfectione,
1255 5125 1356 5161 non
1399 5109 1520 5161 dua:
1559 5120 1817 5174 personae,
1850 5119 1998 5171 neque

2112 5102 2292 5168 σαρκὶ
2337 5098 2717 5169 φανερωθεὶς,
2753 5097 2980 5162 τέλειος
3025 5095 3102 5164 τῇ
3134 5095 3394 5163 ἀληθινῇ
3440 5097 3538 5148 καὶ
3577 5099 3709 5163 θείᾳ.

434 5209 557 5262 (tua:
583 5214 810 5260 natura'.
848 5203 1029 5274 Neque
1058 5206 1196 5258 enim
1231 5213 1456 5271 quatuor
1502 5200 1729 5252 adorare
1763 5195 1998 5248 dicimus.

2113 5194 2459 5258 τελειότητι,
2495 5193 2566 5246 οὺ
2613 5191 2723 5246 δύο
2766 5192 3058 5259 πρόσωπα
3106 5189 3250 5242 οὐδὲ
3301 5189 3410 5242 δύο
3447 5191 3700 5258 φύσεις·

436 5294 602 5349 Vides
623 5294 892 5364 quomodo
925 5303 1105 5363 pateat
1138 5293 1404 5362 impietas.
1440 5289 1571 5342 Nam
1605 5285 1900 5356 perfectum
1933 5281 1998 5336 di

2114 5283 2259 5337 οὐδὲ
2313 5283 2422 5352 γὰρ
2466 5283 2769 5351 τέσσαρας
2814 5280 3184 5348 προσκυνεῖν
3226 5281 3501 5350 λέγομεν.
3543 5283 3707 5352 Ὁρᾷς

435 5401 569 5443 cens
593 5387 648 5442 in
669 5387 968 5449 divinitate,
997 5385 1387 5440 humanitatem
1414 5381 1660 5446 reticuit;
1687 5376 1992 5444 etadjicerc

2119 5377 2266 5438 ὅπως
2293 5375 2574 5446 προφανὴς
2605 5378 2638 5444 ἡ
2667 5373 2990 5438 δυσσέϐεια;
3042 5373 3116 5425 Τὸ
3161 5373 3366 5424 τέλειον
3395 5375 3505 5442 γὰρ
3537 5373 3708 5425 εἰπὼν

1763 5553 2002 5612 VABIA'I
2043 5547 2448 5612 LECTIONES.

1593 5692 1636 5722 ⁵⁵
1665 5688 1903 5757 ἑκατέρᾳ
1938 5702 2079 5741 corr.
2108 5688 2146 5743 Α
2166 5727 2178 5739 .
2285 5688 2328 5716 ⁹⁹
2359 5685 2604 5755 ἐκατέρῳ
2636 5686 2674 5739 Α
2705 5703 2716 5736 :
2746 5684 2822 5754 τῷ
2851 5682 3097 5750 ἐκατέρῳ
3124 5699 3184 5746 ς·

1601 5763 1689 5809 lim
1734 5757 2075 5809 ἀπώσασθαι.
2157 5761 2178 5788 ⁵
2207 5757 2515 5809 κατάφοβον
2562 5772 2619 5809 ς.

2207 5772 2515 5824 καταφορον
2562 5772 2619 5817 ς.

513 5697 559 5725 ’⁷
590 5698 823 5769 ἑκατέρα
851 5715 992 5750 corr.
1031 5699 1068 5749 A
1105 5717 1114 5747 :
1147 5693 1411 5761 ἑκατέραν
1439 5708 1498 5753 ς’.
1593 5692 1636 5722 ⁵⁵
1665 5688 1903 5757 ἑκατέρᾳ
1938 5702 2079 5769 θοι-ι’.
2108 5688 2146 5743 Α
2166 5727 2178 5739 .
2285 5688 2337 5769 99'
2359 5685 2604 5755 ἐκατέρῳ
2636 5686 2674 5739 Α
2705 5703 2716 5736 :
2746 5684 2822 5754 τῷ
2851 5682 3097 5750 ἐκατέρῳ
3124 5699 3184 5746 ς.
3299 5683 3312 5713 ¹
3346 5679 3442 5735 τοῦ
3484 5681 3605 5734 add.
3638 5683 3695 5731 Α.

445 5766 466 5799 ‘
489 5763 637 5839 οὒτε]
664 5785 732 5822 an
759 5757 986 5829 ὀῦτωςῖ
1059 5767 1078 5796 ³
1099 5757 1468 5828 ἀσπάσασθαιι
1511 5763 1689 5816 malim
1734 5757 2075 5832 ἀπιρσασθαι.
