3964 6246
270 283 402 352 1041

1329 285 1864 349 BIBLIOTHECA.
1899 308 1969 318 -
2007 283 2173 344 COD.
2204 283 2478 346 CCXXX.

3399 273 3542 340 ιω

263 398 410 452 κατά
430 396 533 470 τὴν
555 397 809 470 θεότητα,
835 399 938 468 τὴν
955 397 1352 470 ἀνθρωπότητα
1385 396 1670 461 παντελῶς
1693 395 1851 450 ἐσιώ-

1959 396 2076 450 sine
2094 411 2254 451 carne
2270 397 2324 451 in
2343 412 2503 450 carne
2521 409 2808 465 apparens,
2836 393 3014 465 impiae
3030 392 3257 450 culturae
3279 395 3539 450 acerbum

264 507 432 562 πησε.
468 491 581 544 Καὶ
622 489 684 544 τὸ
725 493 1008 562 προειπεῖν
1054 491 1134 556 δὲ,
1159 493 1194 545 ό
1247 490 1518 560 ἄσαρκος
1566 489 1637 543 ἐν
1679 487 1851 557 σαρκί

1961 497 2043 544 est
2080 503 2326 558 germen.
3373 495 3382 507 ’

263 585 656 653 φανερωθείς,
679 583 778 654 τῆς
814 583 1192 655 Ἀπολιναρίου
1237 581 1641 655 φρενοϐλαϐοὖς
1670 597 1861 652 ,γεωρ-

263 675 388 745 γίας
429 677 626 747 πικρόν
666 679 781 728 ἐστι
824 676 1132 747 βλάστημα.

332 765 497 818 Ἀλλά
530 765 639 834 γὰρ
667 767 817 835 καὶὴ
846 768 1060 837 χρῆσις,
1088 768 1158 838 ἣν
1205 768 1238 834 ή
1271 767 1484 833 αἵρεσις
1531 765 1856 836 προκομίζει

263 861 328 910 ἐκ
350 859 454 926 τῆς
481 860 620 928 πρὸς
642 860 919 912 Διονύσιον
943 859 1236 929 ἐπιστολῆς
1263 859 1356 912 τοῦ
1375 860 1595 913 Ἰουλίου
1614 858 1854 930 Ῥώμης,

266 951 638 1019 ἁναμφίϐολον
687 952 788 1023 μὲν
838 955 938 1006 οὐκ
984 952 1098 1024 ἔχει
1137 952 1198 1005 τὸ
1230 955 1480 1023 γνήσιον·
1515 955 1544 1006 ὁ
1572 953 1682 1024 γάρ
1713 951 1858 1022 ίερὸς

269 1042 560 1112 Κύριλλος,
590 1044 648 1097 ἐν
697 1045 763 1113 τῇ
798 1043 920 1096 κατ’
947 1044 1181 1114 Ἔφεσον
1207 1045 1414 1115 συνόδῳ
1463 1045 1528 1098 ἐκ
1573 1044 1675 1114 τῆς
1719 1044 1856 1115 πρὸς

266 1136 457 1188 Δόκιον
515 1136 804 1208 ἐπιστολῆς
851 1136 1016 1190 αὐτοῦ
1079 1138 1270 1209 χρείαν
1333 1136 1700 1208 προενεγκὼν,
1754 1138 1857 1192 οὐκ

263 1227 498 1297 ἠξίωσεν
524 1230 607 1292 εἰς
643 1232 866 1300 μνήμην
903 1231 1108 1299 ταύτης
1133 1231 1444 1287 ὲλθεῖν.Ἦν
1471 1231 1528 1284 δὲ
1559 1234 1625 1305 τῇ
1655 1231 1856 1302 συνόδῳ

265 1319 748 1389 προανέγνωσενδ,
800 1319 947 1375 οὕτω
990 1324 1102 1385 τοῖς
1153 1323 1398 1392 ῥήμασιν
1438 1321 1581 1392 ἔχει’
1643 1322 1705 1376 Ὃ
1745 1323 1854 1378 τοῦ

266 1412 418 1466 Θεοῦ
464 1415 597 1479 Υἱὸς
641 1414 969 1482 σκηνώσας
1007 1417 1078 1470 ἐν
1118 1415 1474 1483 ἀνθρώποις,
1505 1417 1618 1471 οὐκ
1643 1417 1714 1470 ἐν
1749 1416 1858 1472 ἀν-

262 1504 475 1572 θρώπῳ
499 1506 854 1578 ἐνεργήσας,
877 1508 1109 1573 τέλειος
1133 1508 1278 1575 Θεὸς
1301 1508 1374 1562 ἐν
1399 1509 1603 1578 σαρκί,
1625 1508 1855 1576 τέλειος

260 1595 578 1667 ἄνθρωπος
603 1596 674 1650 ἐν
703 1599 1035 1668 Πνεύματι·
1064 1601 1136 1654 οὺ
1163 1598 1274 1654 δύο
1293 1599 1434 1666 υἱοὶ,
1465 1594 1554 1666 εἷς
1576 1600 1694 1670 μὲν
1711 1599 1855 1671 γνή-

2031 761 2137 817 Sed
2185 762 2327 816 cutim
2380 760 2748 815 testimonium
2802 760 2945 828 quod
2993 758 3216 814 haeresis
3265 757 3424 814 ali‘ert
3475 774 3542 814 ex

1956 854 2181 921 epistola
2230 851 2353 906 Julii
2401 850 2626 903 Romani
2665 852 2733 904 ad
2780 849 3137 920 Dionysium’,
3191 848 3332 902 haud
3383 847 3545 903 dubie

1959 959 2064 997 non
2115 955 2200 997 est
2249 943 2563 1013 genuinum.
2619 941 2830 996 Etenim
2894 949 3116 995 sanctus
3173 938 3408 1010 Cyrillus
3475 939 3530 995 in

1957 1037 2162 1108 synodo
2213 1034 2480 1106 Ephesina
2504 1051 2572 1090 ex
2592 1033 2820 1103 epistola
2842 1034 2907 1088 ad
2942 1032 3160 1087 Decium
3191 1031 3343 1103 [fort.
3389 1031 3542 1086 Deci-

1957 1127 2128 1201 mum]
2179 1129 2296 1200 ejus
2353 1143 2511 1184 usum
2558 1128 2854 1192 adducens,
2919 1142 3024 1181 non
3073 1126 3328 1196 dignatus
3375 1124 3540 1179 estin

1957 1223 2270 1277 memoriam
2315 1221 2477 1288 hujus
2502 1221 2708 1287 venire,
2742 1236 2908 1290 quant
2953 1220 3007 1273 in
3051 1219 3258 1290 synodo
3290 1216 3542 1288 cognovit

1955 1313 2041 1368 his
2070 1313 2247 1368 verbis
2281 1330 2294 1367 :
2332 1311 2510 1366 Filius
2547 1312 2644 1367 Dei
2682 1312 2927 1366 habitans
2977 1312 3031 1364 in
3061 1310 3383 1370 hominibus.
3437 1325 3542 1366 non

1952 1409 2008 1464 in
2031 1407 2240 1462 homine
2266 1423 2508 1476 operans,
2533 1407 2796 1476 perfectus
2827 1407 2964 1459 Dens
2992 1407 3045 1458 in
3067 1421 3244 1470 carne,
3272 1403 3540 1474 perfectus

1952 1499 2106 1554 homo
2151 1502 2206 1553 in
2229 1499 2455 1568 Spiritu,
2491 1486 2738 1554 nan'duo
2772 1499 2892 1566 ﬁlii,
2925 1514 3061 1551 unus
3096 1497 3306 1566 quidem
3336 1497 3541 1567 genitus

1955 1591 2130 1646 Filius
2165 1608 2380 1646 carnem
2412 1608 2712 1657 assumens,
2757 1591 2893 1645 alter
2932 1607 3052 1645 vero
3085 1589 3237 1644 homo
3265 1588 3422 1642 morti
3449 1586 3542 1642 ob—

261 1703 399 1753 σιος
425 1687 566 1754 mc
583 1688 905 1744 ἀναλαϐὼν
923 1690 1258 1760 ἄνθρωπον,
1287 1689 1414 1763 [446
1439 1692 1486 1744 Η
1494 1690 1534 1763 .]
1564 1689 1765 1760 ἕτερος
1785 1691 1851 1744 δὲ

1957 1687 2164 1749 noxius,
2207 1693 2508 1753 assumptus
2552 1701 2585 1738 a
2631 1683 2739 1738 Deo
2770 1699 2791 1737 :
2820 1685 2911 1738 sed
2957 1699 3093 1736 unus
3136 1682 3444 1751 unigenitus
3484 1678 3542 1734 in

259 1779 482 1846 θνητὸς
505 1780 817 1849 ἄνθρωπος
843 1754 1218 1852 ἀναληφθεὶς
1245 1754 1367 1839 ὑπὸ
1390 1783 1496 1839 τοῦ
1515 1754 1687 1851 ᾖεοιέ,
1707 1754 1848 1839 ἀλλ’

1957 1775 2107 1840 ccio,
2154 1776 2453 1845 unigenitus
2487 1774 2544 1828 in
2589 1785 2731 1829 terra
2765 1774 2929 1829 Deus.
2963 1773 3094 1827 Julii
3130 1786 3282 1840 papae
3313 1770 3536 1840 quidem

255 1865 348 1936 εἷς
389 1872 462 1925 ἐν
505 1871 740 1941 οὐρανῷ
772 1873 1110 1944 μονογενὴς
1130 1915 1146 1940 .
1189 1875 1530 1954 μονογενὴς
1581 1875 1681 1929 ἐπὶ
1734 1874 1851 1946 τῆς

258 1964 513 2030 Θεός.Ἠ
565 1965 665 2035 μὲν
714 1965 810 2018 τοῦ
845 1966 1066 2022 Ἰουλίου
1097 1969 1256 2040 ῥῆσις
1302 1969 1336 2040 ἠ
1381 1970 1448 2040 τῇ
1486 1967 1688 2039 συνόδῳ
1732 1968 1851 2022 δια-

255 2057 568 2125 γνωσθεῑσα
581 2059 603 2091 ⁸
623 2058 848 2131 τοιαύτη
869 2076 886 2092 ο
915 2061 965 2114 εἰ
998 2061 1054 2115 δὲ
1073 2063 1306 2134 γνησίαν
1333 2062 1453 2134 ᾔδει
1469 2061 1568 2135 τὴν
1584 2061 1766 2133 φωνὴν
1781 2060 1850 2132 ἢν

256 2153 324 2204 ὲκ
367 2150 470 2221 τῆς
520 2151 660 2221 πρὸς
702 2151 981 2208 Διονύσιον
1023 2155 1392 2226 προφέρουσιν
1431 2155 1723 2226 ἐπιπολῆς
1754 2155 1850 2208 καὶ

257 2241 498 2312 μάλιστα
527 2241 824 2314 Νεστόριον
847 2246 1308 2319 κατακρίνουσαν,
1339 2247 1440 2301 οὐκ
1487 2246 1556 2304 ἂν
1599 2246 1850 2316 ὑπερεῖδε

256 2337 492 2408 ταύτην.

333 2431 458 2484 Ἐτι
488 2431 547 2485 δὲ
573 2432 797 2488 κάκεῖνο
821 2433 905 2487 δεῖ
936 2432 1186 2498 συνιδεῖν,
1215 2434 1292 2496 ὡς
1326 2431 1356 2484 ὁ
1383 2431 1546 2500 σοφὸς
1580 2430 1849 2502 Κύριλλος

252 2523 350 2576 τὸν
397 2523 686 2595 ἄνθρωπον
729 2526 810 2589 είς
851 2525 1227 2598 παράδειγμα,
1255 2525 1353 2596 οὐχ
1404 2525 1494 2579 ἵνα
1534 2523 1682 2596 δείξῃ
1719 2525 1850 2596 μίαν

255 2616 424 2685 φύσιν
449 2617 544 2670 ἐπὶ
562 2617 658 2671 τοῦ
688 2617 951 2690 Χριστοῦ,
974 2617 1418 2689 παραλαμϐάνει,
1451 2616 1580 2690 [848
1603 2615 1694 2690 R.]
1721 2617 1853 2671 ἀλλ’

252 2711 338 2773 ὡς
389 2709 458 2764 ἂν
491 2710 560 2764 δι’
579 2709 747 2764 αὐτοῦ
780 2713 881 2782 τὴν
923 2709 1048 2766 καθ’
1079 2712 1381 2765 ὑπόστασιν
1429 2711 1625 2765 ἕνωσιν
1671 2728 1854 2778 παραυ

255 2803 460 2874 στήσῃ.
489 2804 603 2857 Καὶ
630 2803 739 2875 γὰρ
779 2804 872 2857 ἐπὶ
903 2804 1002 2874 μὲν
1031 2805 1127 2858 τοῦ
1158 2804 1280 2858 καθ’
1302 2804 1450 2874 ἡμᾶς
1477 2802 1852 2875 συγκρίματος

253 2891 533 2962 ἑτεροειδῆ
564 2893 806 2964 φάμενος
831 2894 894 2947 τὸ
924 2894 1084 2964 σῶμα
1127 2894 1224 2947 καὶ
1273 2894 1372 2964 τὴν
1399 2893 1578 2965 ψυχὴν
1596 2934 1611 2958 ,
1648 2895 1746 2948 καὶ
1773 2895 1850 2958 ὡς

252 2985 531 3039 ἑνωθέντα
579 2986 708 3055 μίαν
747 2986 1034 3060 ἀνθρώπου
1089 2987 1464 3041 ὰπετέλεσαντ
1514 2986 1699 3058 φύσιν,
1749 2985 1851 3040 οὐκ

254 3077 547 3170 ἐπήγαγεν
565 3077 688 3132 οὔτε
709 3079 1234 3148 σεσωματωμένην
1250 3079 1373 3133 οὔτε
1390 3079 1846 3149 ἐψυχωμένην⁸’
1877 3108 1923 3170 c

254 3169 354 3222 ἐπὶ
377 3169 435 3222 δὲ
476 3170 574 3224 τοῦ
609 3172 785 3240 Λόγου
823 3173 951 3243 μίαν
985 3172 1150 3242 φύσιν
1185 3171 1356 3227 εἰπὼν
1391 3173 1553 3236 εὐθὺς
1582 3172 1846 3227 συνάπτει

252 3259 317 3312 τὸ
346 3261 838 3331 σεσαρκωμένην.
857 3263 901 3316 Τ
903 3263 932 3315 δ
959 3264 1068 3334 γάρ
1102 3263 1397 3328 σπανιάκις
1421 3263 1592 3336 αὐτὴν
1603 3265 1847 3319 ἀποσιω-

253 3351 433 3421 πῆσαι
477 3354 577 3407 οὐκ
607 3355 959 3427 ἐναντιότητα
990 3358 1089 3427 τῆς
1133 3355 1299 3410 αὑτοῦ
1341 3357 1588 3429 γνώμης,
1618 3356 1846 3428 βεϐαίωο

254 3461 347 3498 σιν
370 3445 426 3498 δὲ
453 3446 657 3516 μᾶλλον
681 3450 954 3519 μαρτυρεῖ
973 3465 990 3481 ο
1016 3449 1277 3514 πολλάκις
1303 3451 1435 3522 γὰρ,
1460 3452 1600 3522 ὅπερ
1621 3468 1706 3515 τις
1727 3468 1848 3504 συν-

250 3535 402 3607 εχῶς
427 3538 634 3610 ἀναϐοᾷ
664 3542 757 3593 καὶ
784 3539 1008 3611 βεϐαίαν
1031 3542 1132 3613 τὴν
1160 3545 1288 3614 περὶ
1311 3542 1478 3597 αὑτοῦ
1502 3542 1660 3608 δόξαν
1680 3544 1846 3597 πᾶσιν

252 3629 546 3697 ὲνιδρύσας
574 3627 734 3700 οἶδεν,
772 3632 850 3696 ὡς
881 3632 1311 3706 ὁμολογούμενον
1351 3636 1446 3688 καὶ
1487 3635 1646 3705 δῆλον
1673 3635 1846 3689 ἐνίοτε

253 3721 572 3791 άποσιωπᾷ,
608 3720 695 3774 διά
725 3724 825 3795 τῆς
856 3723 1012 3795 σιγῆς
1040 3725 1142 3777 οὐκ
1175 3723 1383 3780 ἀθετῶν
1409 3724 1439 3778 ὃ
1461 3725 1720 3789 πολλάκις
1748 3726 1845 3780 ἁν-

253 3811 528 3882 εκήρυξεν
544 3812 588 3878 ⁸,
619 3812 756 3867 ἀλλὰ
780 3813 998 3879 δεικνὺς
1037 3815 1182 3871 οὕτω
1209 3815 1428 3887 βέϐαιον
1456 3815 1596 3873 εἶναι
1621 3819 1718 3872 καὶ
1748 3836 1847 3872 πε-

258 3900 509 3971 ριφανὲς,
554 3901 630 3966 ὡς
682 3905 880 3974 μηκέτι
921 3907 1106 3977 φωνῆς
1157 3907 1294 3979 μηδὲ
1349 3911 1571 3982 μνήμης
1610 3909 1842 3964 δεῖσθαι.

251 3992 422 4048 Οὕτω
460 3995 640 4050 τοίνυν
673 3997 770 4050 καὶ
798 3997 826 4050 ὁ
859 3998 1022 4069 σοφὸς
1061 4001 1156 4053 καὶ
1185 4000 1508 4067 ἀδίστακτος
1551 4003 1648 4076 τὴν
1690 4003 1846 4058 εὐσέ-

252 4086 410 4140 ϐειαν
459 4087 730 4159 Κύριλλος
757 4090 819 4145 τὸ
850 4091 981 4162 μίαν
1009 4091 1256 4160 δοξάζειν
1298 4094 1461 4166 φύσιν
1503 4095 1600 4150 τοῦ
1645 4097 1844 4168 Λόγου,

253 4181 356 4233 καὶ
409 4180 620 4253 ταύτην
678 4184 1143 4258 σεσαρκωμένην,
1178 4187 1273 4242 καὶ
1324 4187 1445 4242 οὐδὲ
1471 4187 1629 4242 τοῦτο
1658 4189 1844 4254 ἁπλῶς

253 4269 398 4324 ἀλλὰ
419 4272 566 4344 ψυχῇ
583 4275 746 4346 νοερᾷ
766 4293 824 4330 τε
843 4277 888 4309 ¹⁰
904 4278 1000 4332 καὶ
1027 4277 1244 4350 λογικῇ,
1267 4279 1424 4335 τοῦτο
1439 4279 1681 4353 δήτοῦτο
1707 4298 1846 4352 προ-

1951 1868 2116 1923 verba
2149 1867 2204 1922 in
2245 1867 2452 1937 synodo
2492 1867 2628 1922 lecta
2664 1867 2781 1921 hac
2811 1865 2949 1932 fere,
2986 1865 3106 1920 sive
3151 1878 3337 1918 veram
3385 1868 3543 1918 sonat

1953 1974 2165 2024 vocem,
2194 1974 2358 2029 quam
2394 1974 2462 2013 ex
2486 1958 2715 2027 epistola
2739 1958 2805 2012 ad
2831 1956 3148 2028 Dionysium
3168 1953 3463 2018 adducunt,
3486 1960 3545 2008 et

1953 2053 2190 2108 maxime
2249 2051 2561 2110 Nestorium
2620 2053 2888 2108 damnans
2933 2051 3076 2106 hanc
3129 2062 3239 2103 non
3293 2053 3542 2102 contem.

1956 2156 2089 2217 psit.

2021 2428 2104 2483 Ad
2127 2427 2242 2483 haec
2268 2435 2325 2482 et
2347 2425 2473 2481 illud
2501 2421 2808 2489 sciendum,
2839 2422 3056 2478 beatum
3079 2421 3339 2493 Cyrillum
3361 2422 3542 2478 homi-

1951 2533 2076 2577 nem
2109 2533 2316 2589 ponere
2348 2533 2445 2589 pro
2464 2516 2739 2586 exemplo,
2764 2530 2870 2570 non
2899 2524 2958 2570 ut
2981 2515 3234 2569 ostendat
3259 2529 3418 2570 unam
3446 2531 3541 2571 na-

1954 2623 2130 2668 turam
2161 2611 2218 2666 in
2250 2610 2471 2666 Christo
2519 2622 2739 2677 capere,
2805 2607 2901 2663 sed
2955 2617 3014 2661 ut
3056 2605 3253 2676 27211
3293 2621 3391 2675 per
3437 2607 3542 2663 hoc

1952 2706 2207 2760 unionem
2238 2703 2536 2760 constituat
2569 2700 2991 2773 hypostatieam.
3032 2699 3244 2754 Etenim
3280 2699 3332 2754 in
3364 2699 3540 2758 nostri

1947 2781 2376 2866 comparatiOne,
2416 2795 2647 2850 diversa:
2697 2791 2885 2847 formae
2925 2805 3126 2860 corpus
3169 2801 3224 2846 et
3273 2793 3537 2859 animam,

1953 2899 2014 2944 ut
2045 2889 2196 2942 unita
2251 2902 2411 2942 unam
2467 2884 2768 2956 perfectam
2825 2883 3062 2939 hominis
3117 2893 3390 2952 naturam,
3432 2900 3538 2940 non

1952 2976 2153 3048 adjecit
2196 2987 2533 3046 corporatam
2581 2984 2633 3029 et
2682 2974 3010 3038 animatum;
3059 2973 3114 3028 in
3146 2971 3326 3030 Verbo
3374 2988 3540 3029 unam

1954 3080 2203 3124 naturam
2231 3069 2436 3133 dicens,
2461 3066 2645 3122 Statim
2669 3065 2916 3137 adjungit
2956 3067 3317 3124 incamatam.
3346 3065 3542 3122 Rarius

1953 3161 2096 3216 enim
2112 3159 2260 3213 illam
2283 3158 2537 3222 tacuisse,
2560 3171 2664 3212 non
2691 3155 3102 3226 repugnantiam
3119 3157 3539 3223 sententiarum,

1952 3255 2046 3308 sed
2101 3251 2276 3320 magis
2325 3249 2797 3306 continuationem
2853 3257 3107 3304 testatur.
3159 3247 3542 3318 Saepenumero

1952 3349 2098 3403 enim
2121 3346 2265 3418 quod
2284 3346 2406 3416 quis
2431 3346 2652 3400 assiduo
2680 3343 2898 3407 clamat,
2926 3351 2987 3398 et
3010 3341 3247 3397 validam
3277 3340 3398 3412 ejus
3421 3342 3544 3413 opl-

1953 3443 2169 3496 nionem
2211 3437 2463 3494 omnibus
2505 3436 2803 3502 inculcatis,
2853 3435 3009 3490 novit
3047 3443 3106 3489 ut
3127 3433 3437 3490 confessum
3485 3441 3543 3490 et

1953 3533 2182 3595 clarum,
2211 3530 2492 3584 linterdum
2541 3527 2790 3592 tacendo,
2831 3527 3052 3582 silentio
3097 3541 3204 3582 non
3242 3528 3543 3583 contemnit

1951 3627 2093 3697 quod
2129 3625 2327 3692 saepius
2358 3621 2496 3678 dixit
2527 3637 2542 3675 :
2576 3619 2672 3675 sed
2705 3620 3000 3675 ostendens
3028 3620 3105 3676 ita
3133 3618 3350 3676 ﬁrmum
3378 3629 3543 3692 atque

1953 3729 2199 3788 apertum
2231 3731 2372 3782 esse,
2417 3726 2480 3770 ut
2522 3728 2625 3770 nec
2654 3713 2855 3780 verbis,
2894 3728 2996 3768 nec
3023 3713 3542 3770 commemoratione

1952 3809 2185 3880 amplius
2222 3806 2483 3876 indigeat.
2521 3805 2616 3861 Sic
2653 3804 2820 3875 igitur
2848 3804 3044 3860 doetus
3066 3813 3121 3859 et
3151 3805 3274 3873 pius
3318 3803 3543 3859 minime

1953 3903 2215 3958 vacillans
2263 3899 2502 3971 Cyrillus
2547 3913 2711 3952 unam
2741 3899 2898 3954 docet
2949 3895 3115 3952 Verbi
3165 3907 3439 3962 naturam,
3488 3905 3545 3952 et

1955 3994 2100 4049 illam
2125 3994 2496 4055 incarnatam;
2524 3990 2704 4045 ethoc
2728 4005 2833 4045 non
2859 3988 3207 4060 simpliciter,
3230 3987 3324 4043 sed
3357 3988 3543 4043 anima

1954 4086 2206 4143 rationali
2227 4092 2283 4140 et
2314 4083 2658 4155 intelligibili,
2683 4081 2801 4137 haec
2825 4095 3131 4146 assumens,
3157 4087 3214 4135 et
3237 4089 3396 4134 antea
3421 4077 3544 4134 fun-

1951 4185 2088 4239 dans
2131 4182 2186 4236 in
2239 4181 2481 4235 omnium
2525 4177 2726 4232 animis
2755 4191 2852 4247 per
2891 4175 3282 4247 cognitionem,
3328 4183 3387 4230 et
3433 4187 3544 4229 non

1953 4274 2368 4336 dubitationem,
2393 4281 2449 4328 et
2480 4280 2688 4326 natura:
2714 4269 3261 4338 comprehensionem
3287 4280 3353 4320 ex
3380 4274 3539 4336 parte

255 4362 591 4418 καταϐαλὼν
617 4367 660 4400 ιι
702 4368 797 4421 καὶ
845 4369 1300 4440 προθεμελιὼσας
1346 4371 1407 4426 ὲν
1445 4374 1564 4436 ταῖς
1586 4371 1847 4426 ἁπάντων

1957 4381 2234 4431 asserens,
2265 4365 2451 4421 omisit
2480 4362 2748 4432 reliquum
2772 4358 2951 4416 eﬂ'erri
2975 4367 3030 4414 et
3056 4356 3246 4412 audire
3285 4373 3300 4411 :
3337 4356 3542 4412 etenim

250 4451 480 4523 ψυχαῖς,
506 4453 596 4509 διά
627 4473 688 4510 τε
717 4459 778 4510 τὸ
789 4457 1068 4530 γνώριμον
1112 4461 1208 4515 καὶ
1235 4460 1723 4534 ἀναμφισϐήτητον
1752 4462 1848 4516 καὶ⁹

1957 4458 2121 4515 multa
2156 4458 2380 4527 cogitat,
2421 4472 2526 4510 non
2555 4453 2734 4509 verbis
2751 4462 2806 4508 et
2829 4450 3138 4506 nominibus
3165 4463 3389 4505 sensum
3416 4462 3544 4502 cre-

251 4546 320 4595 τὸ
353 4544 623 4617 σύντομον
643 4548 740 4619 τῆς
793 4549 984 4622 φωνῆς
1009 4551 1117 4605 ἀπὺ
1149 4551 1352 4624 μέρους
1374 4552 1546 4607 εἰπὼν
1565 4553 1748 4625 ἀφῆκε
1784 4554 1848 4610 τὸ

1957 4552 2046 4618 dit,
2078 4551 2173 4606 sed
2219 4559 2401 4604 mente
2450 4551 2614 4602 verba
2663 4554 2719 4600 et
2767 4545 2988 4597 nomina
3035 4540 3327 4596 conferens
3379 4549 3544 4610 atque

254 4633 447 4687 λοιπὸν
478 4641 942 4709 συνεκφωνεϊσθαι
972 4641 1067 4697 καὶ
1098 4643 1575 4709 συνεξακούεσθαι.
1606 4647 1717 4700 Καὶ
1738 4647 1850 4719 γάρ

1957 4644 2388 4701 accommodans.
2405 4639 2635 4694 Attende
2646 4637 2776 4706 quid
2793 4636 2930 4691 libro
2949 4635 3122 4703 primo
3149 4632 3542 4688 Thesaurorum

255 4725 410 4779 ἐστιν
439 4719 596 4792 οὗτος
621 4731 651 4783 ὁ
682 4731 851 4794 πολὺς
879 4733 939 4786 ἐν
972 4732 1203 4808 διανοίᾳ,
1230 4735 1290 4788 οὐ
1332 4737 1448 4801 τοῖς
1493 4735 1702 4806 ῥήμασι
1753 4737 1849 4790 καὶ

1957 4735 2110 4799 :licat,
2142 4740 2198 4787 et
2225 4732 2352 4800 quid
2389 4731 2441 4784 in
2489 4727 2736 4798 epistolis
2767 4726 2834 4781 ad
2882 4727 3241 4780 Succensum.
3276 4723 3351 4779 lbi
3396 4723 3541 4780 enim

255 4820 376 4880 τοῖς
431 4819 694 4891 ὀνόμασιν
745 4823 836 4878 ἀεὶ
891 4824 984 4880 τὸν
1021 4824 1147 4880 νοῦν
1168 4826 1611 4894 καταπιστεύων,
1638 4829 1758 4892 ,τοῖς
1786 4827 1847 4882 δὲ

1957 4827 2078 4882 dicit
2113 4825 2322 4880 :Deum
2350 4821 2574 4876 Verbum
2609 4835 2704 4889 pro
2736 4819 2884 4874 nobis
2931 4833 3193 4873 summum
3226 4815 3539 4887 pontiﬁcem

255 4908 503 4978 νοήμασι
533 4911 626 4965 καὶ
652 4912 722 4966 τά
741 4914 968 4985 ῥήματα
998 4917 1094 4971 καὶ
1121 4916 1460 4989 τὰ,όνόματα
1489 4918 1847 4990 συμμεταφέ-

262 5015 377 5067 ρων
404 5016 466 5051 τε
496 5003 588 5054 καὶ
617 5002 1123 5077 μεθαρμοςόμενος.
1159 5008 1361 5063 ’Λκουε
1382 5009 1494 5083 γάρ
1537 5009 1592 5064 τί
1641 5011 1742 5082 μὲν
1793 5011 1853 5065 ἐν

257 5087 339 5158 τῷ
361 5089 567 5161 πρώτῳ
587 5092 706 5146 τῶν
734 5095 1062 5165 θησαυρῶν
1088 5099 1258 5166 λέγει,
1284 5099 1337 5152 τί
1370 5100 1426 5153 δὲ
1460 5102 1518 5153 ὲν
1547 5103 1668 5165 ταῖς
1715 5101 1854 5172 πρὸς

260 5178 563 5235 Σούκενσον
590 5185 918 5250 ἐπιστολαῖς.
957 5189 1047 5242 Ἐν
1082 5190 1276 5262 ἐκείνῳ
1313 5193 1412 5261 μὲν
1440 5192 1548 5261 γάρ
1576 5209 1709 5263 φησι
1761 5193 1854 5246 τὸν

261 5268 398 5324 Θεὸν
424 5275 466 5306 ⁸²
486 5277 681 5344 Λόγον,
711 5279 854 5350 ὑπὲρ
876 5283 908 5352 ἡ
918 5282 1036 5352 μῶν
1061 5283 1321 5356 ἀρχιερέα
1356 5284 1642 5355 γεγονότα,
1663 5285 1855 5359 ὥσπερ

261 5368 385 5422 τινὰ
425 5370 639 5443 ποδήρη
688 5373 781 5428 τὸν
832 5376 897 5429 ἐκ
944 5377 1167 5448 Μαρίας
1214 5378 1502 5448 ἄνθρωπον
1537 5381 1570 5451 ἢ
1611 5381 1703 5434 τὸν
1727 5381 1856 5435 ναὸν

1955 4919 2176 4991 factum,
2205 4926 2456 4986 tanquam
2475 4923 2663 4969 vestem
2683 4913 2943 4980 aliquant,
2965 4925 3031 4965 ea:
3061 4910 3114 4966 Μ
3121 4909 3238 4963 aria
3260 4908 3544 4974 hominem,

1954 5011 2031 5067 uel
2079 5009 2328 5078 templum
2367 5021 2648 5061 resumere.
2687 5003 2788 5060 Hic
2822 5019 2954 5060 vero
2988 5021 3001 5058 :
3046 5000 3170 5057 Non
3197 5001 3351 5056 homo
3373 5001 3543 5072 igitur

1959 5102 2130 5173 {actus
2171 5110 2270 5164 est,
2312 5114 2415 5152 non
2444 5106 2618 5151 autem
2659 5096 2923 5150 hominem
2970 5093 3220 5149 assumit.
3261 5091 3545 5158 Quomodo

1958 5211 2087 5262 ergo
2110 5193 2180 5248 ibi
2203 5191 2444 5262 quidem,
2482 5207 2587 5243 non
2611 5188 2921 5257 assumpsit,
2954 5187 3042 5242 hic
3075 5201 3202 5241 vero
3225 5181 3546 5253 assumpsit?

1964 5285 2213 5353 Seipsmn
2257 5281 2544 5350 explanat;
2596 5280 2817 5334 adducit
2873 5279 3018 5333 enim
3051 5276 3304 5333 Nestorio
3350 5276 3543 5333 videri.

1965 5377 2105 5444 Quid
2134 5377 2236 5430 hoc
2259 5375 2405 5430 aliud
2425 5381 2508 5429 est
2533 5373 2636 5428 nisi
2659 5371 2840 5428 verbis
2863 5384 3083 5427 seusmn
3113 5369 3358 5435 credere.
3380 5368 3545 5424 verba

1569 5537 1808 5594 VARUE
1845 5535 2261 5593 LECTIUNES.

337 5669 358 5700 '
381 5670 762 5748 ἐπανέγνωσεν
792 5691 853 5738 ς’.
931 5675 952 5705 ⁵
975 5675 1436 5748 διαναγνωσθεῖσα
1477 5693 1536 5740 ς.
1578 5747 1582 5748 ν
1617 5678 1637 5709 ⁷
1670 5676 2005 5748 ἀπετέλεσαν
2035 5675 2308 5748 ἀνθρώπῳ
2340 5695 2402 5743 ς.
2492 5677 2514 5711 ⁸
2544 5672 2952 5748 ὲμψυχωμένην
2973 5687 3035 5737 ς.
3110 5671 3132 5705 ⁹
3161 5666 3432 5741 ἐκήρυξεν
3478 5685 3543 5736 ς’.

267 5736 316 5772 '~°
345 5743 505 5811 νοερᾷ
527 5734 589 5796 τε
624 5748 665 5797 Α
701 5734 995 5819 ιτῇνυερᾷ
1029 5764 1088 5812 ς.
1144 5734 1207 5778 ’⁸⁸
1234 5734 1666 5821 προκαταλαϐὼν
1694 5765 1756 5813 ς.
1832 5747 2033 5821 "ﬁbri
2057 5734 2220 5806 Θεῖον.
2279 5734 2292 5750 ⁸
