3964 6246
423 273 557 339 1047

1580 266 1837 330 ΡΗΟΤΙΙ
1860 264 2299 331 PATRIARCH
2320 265 2370 329 Ε
2409 268 2517 328 CP.

3531 269 3670 338 1048

418 397 543 440 seos
575 395 705 436 vocc
744 349 950 435 naturae
988 378 1087 433 uti.
1127 377 1236 434 Sed
1282 377 1410 434 illud
1450 376 1517 433 de
1549 376 1696 434 Julio
1736 379 1863 435 licet
1905 379 1968 434 diu

2089 381 2213 434 )iav
2243 380 2558 446 ἀκόλουθον,
2587 379 2706 432 ἀντὶ
2753 382 2849 450 τῆς
2879 379 3228 448 ὑποστάσεως
3257 386 3325 456 τῇ
3373 385 3517 451 λέξει
3567 389 3669 458 τῆς

419 493 563 531 rere.

486 672 565 726 Ad
596 671 709 726 haec
732 669 980 724 hzeretica
1006 667 1290 735 impudens
1312 665 1576 720 sententia
1605 664 1736 720 dicit
1763 680 1777 718 :
1807 665 1985 731 Quare

416 781 520 820 non
555 761 1010 834 quemadmodum
1043 776 1114 816 ex
1152 758 1361 814 duabus
1389 758 1597 812 naturis
1621 757 1865 813 dicentes
1889 759 1984 812 ho-

415 855 636 918 minem,
670 852 865 908 deinde
905 853 1315 923 post.unionem
1350 859 1404 904 et
1430 863 1590 903 unam
1628 847 1800 919 ipsius
1829 858 1984 903 natu-

415 947 563 1002 ram?
586 945 769 1014 Neque
787 946 951 1000 etiam
975 945 1250 1001 Christum
1273 958 1304 996 e
1325 943 1535 998 duabus
1559 943 1772 997 naturis
1799 942 1984 996 dicen~

414 1051 517 1103 tes,
549 1053 710 1092 unam
743 1036 985 1106 ejusdem
1031 1048 1279 1091 naturam
1314 1045 1436 1106 post
1469 1036 1722 1090 unionem
1754 1035 1982 1089 conﬁte-

412 1133 565 1186 mur?
591 1128 761 1186 Unam
792 1129 1011 1199 quidem
1054 1137 1302 1182 naturam
1352 1127 1556 1182 scimus
1594 1127 1977 1195 compositum,

407 1239 475 1278 ac
503 1224 834 1279 resolutorio
869 1221 951 1276 usi
991 1220 1287 1284 schemate,
1317 1220 1452 1274 duas
1482 1219 1851 1276 coincidenies
1885 1233 1980 1285 ag-

410 1315 705 1370 noscimus.
762 1313 869 1368 Sed
917 1313 1033 1366 haic
1077 1311 1272 1380 quaerit
1321 1309 1574 1366 haeretica
1623 1309 1972 1380 impudentia.

411 1406 625 1461 Discant
683 1401 939 1472 imperiti,
964 1402 1069 1456 hoc
1116 1398 1474 1470 compositum
1521 1414 1682 1453 unam
1726 1407 1976 1452 naturam

405 1499 526 1552 sine
578 1495 965 1564 impedimento
1005 1492 1134 1556 dici,
1175 1491 1389 1561 quando
1417 1505 1517 1545 nec
1557 1490 1772 1561 proprie
1805 1489 1860 1544 in
1890 1504 1976 1543 eo-

404 1591 525 1642 dem
556 1583 847 1655 simplicia,
886 1599 952 1638 ex
993 1582 1188 1651 quibus
1227 1579 1559 1648 compositus
1601 1588 1706 1644 est,
1756 1578 1971 1633 nomina

405 1681 676 1734 dicantur.
731 1673 892 1732 Velut
945 1675 1217 1728 hominem
1268 1671 1446 1726 nullus
1491 1685 1689 1739 corpus
1735 1669 1970 1738 praprie,

2093 473 2308 542 φύσεως
2356 471 2681 544 χρήσασθαι.
2720 473 2879 526 ’Δλλά
2931 473 3102 528 ταῦτα
3152 476 3253 546 μὲν
3277 477 3420 544 ὑπὲρ
3448 476 3667 532 Ἰουλίου

2091 566 2208 619 ἔστι
2259 565 2446 634 φάναι.
3054 624 3058 629 _

2165 655 2285 710 Ἔτι
2332 655 2390 709 δὲ
2435 655 2498 709 τὸ
2544 655 2820 727 αἱρετικὸν
2869 657 3217 726 ἀναισχυντεῖ
3263 660 3545 731 φρόνημα,
3573 678 3670 716 κατ

2090 765 2243 820 φησιο
2263 749 2362 803 Διά
2386 749 2552 820 τίμὴ,
2577 749 2829 821 καθάπερ
2853 750 2918 802 ικ
2941 749 3035 803 δύο
3061 751 3276 818 φύσεων
3301 751 3556 821 λέγοντες
3575 756 3670 809 τὸν

2087 840 2394 910 ἄνθρωπον,
2419 835 2537 892 εἶτα
2575 841 2710 910 μιτά
2739 840 2838 911 τὴν
2866 839 3062 894 ἕνωσιν
3087 841 3182 894 καὶ
3217 843 3345 912 μίαν
3375 844 3545 899 αὑτοῦ
3565 846 3672 918 τὴν

2087 931 2270 1000 φύσιν,
2305 932 2378 1002 μὴ
2410 931 2505 985 καὶ
2535 931 2627 986 τὸν
2654 931 2892 1002 Χριστὸν
2921 933 2987 986 ἐκ
3013 931 3108 986 δύο
3155 933 3371 1004 φύσεων
3415 936 3669 1006 λέγοντες

2089 1022 2219 1092 μίαν
2244 1020 2412 1075 αὑτοῦ
2439 1020 2538 1094 τὴν
2567 1022 2729 1090 φύσιν
2777 1021 2915 1093 μετά
2939 1022 3039 1094 τὴν
3065 1023 3258 1078 ἕνωσιν
3289 1025 3672 1097 ἀνομολογοῦ-

2087 1131 2222 1184 μεν;
2253 1114 2400 1168 Μίαν
2429 1112 2530 1184 μὲν
2560 1113 2670 1185 γὰρ
2700 1113 2857 1185 ἴσμεν
2886 1114 3049 1185 φύσιν
3075 1117 3138 1170 τδ
3166 1117 3440 1186 σύνθετον,
3463 1120 3669 1174 ἀναλυ-

2081 1206 2221 1276 τικῷ
2247 1206 2304 1260 δὲ
2337 1205 2667 1277 κεχρημένοι
2697 1207 2886 1278 τρόπῳ
2911 1207 3006 1262 δύο
3024 1210 3122 1272 τάς
3145 1209 3503 1275 συνελθούσας
3524 1227 3669 1280 γνω-

2084 1297 2481 1370 ρίζομεν.’Δ.λλ’
2508 1299 2542 1368 ἡ
2576 1298 2676 1369 μὲν
2698 1299 2950 1372 αίρετικὴ
2997 1301 3356 1371 ἀναισχυντία
3402 1301 3532 1374 [469
3566 1300 3665 1376 ιι]

2081 1390 2331 1462 ἐπιζητεῖ
2351 1391 2398 1422 ’⁸
2444 1389 2636 1446 ταῦτα.
2667 1391 3103 1448 Μανθανέτωσαν
3132 1393 3192 1447 δὲ
3219 1395 3270 1448 oi
3304 1395 3556 1449 ἀσύνετοι
3582 1396 3668 1451 ὃτι

2080 1483 2204 1536 τότε
2249 1483 2314 1536 rb
2360 1481 2614 1538 σύνθετον
2667 1485 2766 1556 μία
2811 1485 2976 1553 φύσις
3022 1486 3318 1550 ἀκωλύτως
3331 1489 3376 1520 ³⁷
3419 1487 3662 1557 λέγεται,

2081 1574 2242 1646 ἡνίκα
2291 1573 2366 1646 μὴ
2412 1574 2738 1648 κυρίωςοὲπ’
2767 1576 2934 1631 αὑτοῦ
2981 1577 3052 1631 τά
3096 1578 3206 1632 τῶν
3252 1578 3460 1644 ἁπλῶν,
3492 1579 3554 1644 ἐξ
3585 1574 3667 1635 ὧν

2081 1665 2360 1739 συνετέθη,
2389 1666 2631 1737 ὀνόματα
2657 1667 2897 1738 λέγεται.
2932 1665 3060 1724 Οἷον
3081 1671 3176 1725 τδν
3197 1670 3504 1742 άνθρωπων
3534 1671 3665 1727 οὔτε

404 1783 580 1836 neque
607 1767 843 1820 animam
869 1764 1086 1834 proprie
1113 1760 1427 1832 appellabit.
1464 1757 1651 1828 Neque
1679 1759 1825 1814 enim
1853 1773 1968 1814 cor-

2079 1761 2238 1830 σῶμα
2284 1759 2352 1814 ἄν
2397 1774 2482 1824 τις
2509 1761 2556 1792 ’⁸
2600 1761 2806 1831 κυρίως
2831 1760 2955 1816 οὑτε
2978 1763 3158 1834 ψυχὴν
3189 1764 3367 1818 είποιο
3396 1765 3520 1820 οὑδὲ
3551 1764 3666 1836 γὰρ

403 1860 554 1928 poris
602 1873 778 1927 neque
831 1855 1025 1909 anima)
1075 1854 1312 1908 termino
1365 1852 1681 1908 includitur.
1735 1850 1972 1906 Abusive

402 1951 619 2020 quidem
644 1933 785 2018 saepe
807 1954 861 2002 et
885 1946 1077 2001 leuiter
1100 1944 1383 2000 familiaris
1405 1957 1589 1999 sermo
1612 1957 1799 2012 parum
1823 1941 1974 1996 lima-

404 2053 510 2102 tus,
539 2051 594 2094 et
627 2054 798 2094 sacrae
839 2036 1134 2106 Scriptura:
1164 2034 1388 2105 spiritus
1430 2047 1562 2088 usus
1601 2032 1872 2092 libertate.
1903 2045 1972 2085 ex

400 2141 553 2202 parte
580 2139 749 2186 totum
779 2128 1049 2184 hominem
1078 2127 1430 2182 denominant
1457 2143 1471 2180 :
1505 2125 1754 2180 uolumus
1788 2122 1973 2180 subire

393 2225 584 2293 jugum
625 2221 907 2277 servitutis
945 2219 1242 2274 dialecticae
1273 2217 1546 2271 vanitatis.
1583 2213 1812 2283 Quando
1835 2210 1974 2268 inei-

399 2315 576 2371 fabilis
596 2325 758 2383 atque
781 2309 1346 2382 incomprehensibilis
1368 2309 1584 2365 unionis
1600 2323 1775 2378 neque
1792 2321 1973 2363 exem-

399 2408 516 2477 plar
546 2407 715 2476 magis
760 2403 1037 2474 proprium
1073 2417 1287 2456 sumere
1321 2402 1445 2471 quis
1479 2401 1686 2472 possit;
1736 2405 1971 2455 et'asse-

396 2507 580 2554 rentes
612 2497 886 2551 Christum
927 2510 994 2550 ex
1043 2494 1382 2548 humanitate
1425 2500 1481 2548 et
1524 2491 1811 2547 divinitate
1847 2504 1972 2545 con-

395 2602 560 2654 stare,
590 2591 822 2646 dicimus
857 2589 1108 2645 eumdem
1148 2586 1402 2643 similiter
1443 2594 1498 2641 et
1529 2585 1697 2639 Deum
1720 2582 1968 2638 eumdem

391 2695 448 2740 et
488 2682 789 2737 hominem.
824 2682 1162 2749 Quapmpter
1206 2677 1423 2748 proprie
1463 2692 1528 2732 ac
1580 2689 1708 2730 vere
1756 2688 1972 2743 semper

399 2774 560 2842 Virgo
593 2773 766 2827 Maria
802 2771 1031 2841 Deipara
1075 2771 1296 2824 dicitur.
1347 2769 1688 2838 Quapropter
1735 2765 1970 2820 hominis

393 2865 673 2934 exemplar
711 2873 914 2920 temere
948 2865 1017 2918 ab
1053 2860 1482 2931 imprudentibus
1510 2859 1564 2913 in
1595 2854 1966 2913 calumniandi

390 2956 731 3011 occasionem
768 2955 950 3019 vertit,
997 2963 1053 3009 et
1088 2953 1391 3008 evertendas
1417 2950 1632 3006 unionis
1669 2947 1966 3005 secundum

393 3048 705 3118 ltyposlasin
734 3047 1014 3102 inconfuse
1039 3056 1094 3102 et
1117 3045 1409 3101 indiscrete
1425 3044 1654 3098 duarum
1677 3042 1729 3095 in
1749 3038 1967 3094 Christo

393 3151 710 3194 naturarum

461 3316 597 3381 Quia
627 3314 878 3370 Christus
907 3313 1052 3367 Deus
1072 3321 1258 3367 noster
1288 3319 1580 3378 utrumque
1609 3316 1696 3364 est
1724 3308 1962 3378 proprie,

389 3405 586 3477 2741)
617 3404 762 3459 unde
813 3411 920 3467 est,
960 3413 1017 3456 et
1052 3402 1251 3456 dicitur
1288 3401 1450 3454 veluti
1484 3400 1630 3454 Deus
1663 3408 1718 3453 et
1754 3401 1959 3453 homo:

390 3499 481 3552 alii
518 3497 670 3549 multi
719 3495 978 3561 clamaui,
1026 3505 1081 3548 et
1123 3505 1344 3547 sanctus
1379 3490 1616 3560 Cyrillus
1649 3490 1703 3544 in
1737 3489 1964 3558 epistola

390 3590 458 3644 ad
505 3579 860 3651 succensum,
889 3603 1057 3642 unum
1091 3596 1146 3640 et
1169 3585 1418 3641 eumdem
1453 3587 1555 3638 hoc
1582 3594 1636 3639 et
1669 3581 1798 3637 illud
1841 3597 1964 3636 esse

389 3681 542 3736 dicit.
568 3681 634 3735 Et
660 3681 914 3735 similiter
963 3680 1029 3733 ad
1067 3677 1408 3732 Valerianum
1439 3675 1605 3732 lconii
1648 3675 1962 3745 episcopum

389 3773 577 3827 scribit
613 3789 628 3827 :
662 3771 841 3836 Quare
864 3771 1176 3838 conﬁtemur
1202 3770 1341 3838 quod
1375 3784 1406 3819 a
1439 3782 1597 3820 carne
1621 3765 1831 3837 quidem
1864 3775 1962 3831 est,

387 3875 600 3916 carnem
627 3877 759 3925 esse,
783 3860 923 3930 quod
955 3877 987 3912 a
1013 3858 1121 3912 Deo
1149 3857 1320 3911 Deum
1341 3872 1474 3918 esse,
1507 3855 1793 3910 secundum
1823 3855 1964 3908 idem

390 3965 610 4016 utraque
651 3951 911 4015 Christus,
952 3965 1088 4003 unus
1129 3948 1323 4012 Filius,
1349 3964 1486 4002 unus
1534 3947 1814 4016 Dominus,
1843 3963 1965 4001 cum

385 4045 601 4115 propria
629 4058 727 4098 sua
759 4059 937 4099 carne.
978 4039 1218 4111 Utraque
1245 4041 1392 4095 enim
1436 4040 1564 4111 quid
1592 4039 1737 4094 aliud
1770 4041 1966 4094 contir-

387 4146 518 4203 mat,
551 4151 714 4207 quam
759 4135 1010 4191 eumdem
1056 4148 1177 4190 esse
1209 4132 1379 4188 Deum
1425 4143 1482 4188 et
1519 4133 1820 4188 hominem.
1857 4130 1964 4187 Sed

383 4225 514 4281 .L'cet
549 4225 666 4279 haec
697 4223 1023 4278 vociferetur
1050 4222 1309 4293 Cyrillus,
1345 4233 1525 4278 tamen
1551 4222 1965 4278 allatrarenouo

384 4317 516 4372 nulli
568 4316 686 4372 ausi
727 4325 873 4383 sunt,
919 4315 1074 4385 quasi
1096 4315 1345 4371 Christus
1375 4329 1443 4370 ex
1478 4315 1763 4371 divinitate
1799 4325 1964 4385 atque

384 4411 765 4501 human_itate,_,
803 4409 1188 4501 neque‘homo
1229 4421 1406 4477 neque
1442 4406 1586 4501 Deus
1631 4407 1721 4461 sit.
1767 4406 1956 4501 i‘eque
1985 4440 2040 4501 Β

383 4497 531 4552 Pauli
560 4498 687 4553 illud
709 4499 969 4553 divinitus
997 4497 1319 4568 inspiratum
1349 4506 1408 4552 et
1430 4495 1570 4552 elata
1597 4511 1730 4552 voce
1753 4497 1955 4552 dictum

383 4601 718 4653 reverentur,
749 4590 842 4659 qui
875 4590 1080 4644 clamat
1096 4589 1285 4659 :EJesus
1311 4587 1558 4644 Christus
1580 4588 1757 4642 Iteriet
1776 4588 1956 4654 hodie,

381 4681 487 4747 ipse
515 4692 563 4734 et
587 4681 640 4734 in
668 4681 864 4735 swcula
881 4690 931 4735 1.
962 4681 1067 4737 Per
1092 4681 1256 4736 illud:
1285 4682 1398 4734 heri
1424 4692 1472 4734 et
1501 4682 1677 4745 hodie,
1707 4681 1958 4735 eumdem

381 4773 658 4826 hominem
698 4772 1014 4840 confessus;
1056 4789 1152 4842 per
1203 4774 1326 4838 hoc,
1361 4775 1415 4826 in
1455 4773 1670 4836 sarcula,
1708 4773 1958 4826 eumdem

381 4863 548 4916 Deum
600 4863 873 4931 pratdicat.
928 4863 994 4917 Et
1051 4864 1294 4919 iterum:
1330 4861 1478 4918 Unus
1531 4863 1690 4925 Deus,
1731 4879 1867 4916 unus
1910 4873 1958 4914 et

379 4956 639 5007 mediator
690 4953 782 5006 Dei
837 4963 886 5007 et
931 4953 1202 5007 hominum
1255 4955 1408 5006 homo
1460 4953 1614 5008 Iesus
1653 4952 1892 5008 Christus
1911 4961 1958 5004 ³.

378 5044 554 5111 Quare
572 5046 791 5113 proprie
804 5044 1055 5101 Christus
1072 5057 1128 5100 et
1149 5046 1290 5100 Deus
1311 5055 1364 5100 et
1386 5047 1566 5098 homo.
1589 5046 1768 5114 Atque
1793 5045 1959 5097 Atha-

377 5135 587 5202 nasius,
627 5153 946 5206 germanum
981 5153 1041 5194 se
1083 5137 1236 5191 Pauli
1280 5136 1600 5205 discipulum
1639 5137 1955 5196 ostendens,

453 5281 475 5315 γ
515 5272 684 5327 llebr.
721 5290 840 5338 xm,
874 5277 927 5328 8.
1008 5283 1030 5310 π
1063 5273 1076 5324 Ι
1109 5273 1250 5330 Tim.
1308 5290 1367 5334 ιι,
1413 5273 1463 5327 5.

2073 1849 2181 1903 οὐδ’
2209 1849 2516 1917 ὲπιδέξαιτο
2543 1849 2612 1906 ἂν
2643 1849 2768 1906 οὑτε
2809 1853 2900 1906 τὸν
2948 1853 3044 1907 τοῦ
3096 1854 3374 1925 σώματος,
3399 1854 3526 1909 οὑτε
3567 1856 3666 1910 τὸν

2070 1941 2172 2013 τῆς
2208 1942 2388 2012 ψυχῆς
2431 1944 2556 2015 ὅρον
2583 1957 2598 1974 ⁸
2627 1942 3085 2016 καταχρηστικῶς
3121 1945 3307 2016 μέντοι
3335 1945 3603 2010 πολλάκις
3623 1943 3663 2018 ἦ

2069 2050 2134 2087 τε
2162 2035 2268 2090 ἀνά
2295 2038 2454 2106 χεῖρα
2481 2035 2666 2106 ὁμιλία
2705 2036 2769 2090 τὸ
2813 2035 3040 2108 ἀκριϐὲς
3083 2038 3532 2109 παρατρέχουσα,
3563 2039 3666 2092 καὶ

2070 2128 2142 2182 τά
2172 2128 2292 2199 ίερά
2331 2127 2487 2197 λόγια
2514 2131 2581 2199 τῇ
2613 2129 2900 2200 ἐλευθερίᾳ
2932 2131 3249 2202 κεχρημένα
3277 2129 3371 2184 τοῦ
3407 2130 3664 2201 πνεύμα-

2069 2237 2182 2285 τος,
2213 2223 2281 2275 ὲκ
2331 2220 2530 2291 μέρους
2578 2224 2670 2274 τὸν
2716 2221 2839 2276 ὅλον
2883 2222 3173 2294 ἄνθρωπον
3217 2223 3662 2295 ἐπονομάζουσι,

2072 2311 2225 2383 ζυγῷ
2245 2312 2487 2376 δουλείας
2517 2313 2615 2380 τῆς
2637 2311 2989 2382 διαλεκτικῆς
3017 2314 3381 2386 ματαιότητος
3407 2314 3662 2368 ὑπείκειν

2067 2406 2172 2459 οὑκ
2220 2404 2526 2475 ἀνεχόμενα
2541 2407 2608 2460 ’⁸.
2626 2404 2750 2458 ’Esri.
2775 2405 2834 2459 δέ
2859 2423 2925 2474 γε
2951 2407 3051 2477 τῆς
3076 2407 3321 2478 ἀρρήτου
3347 2407 3442 2460 καὶ
3470 2407 3664 2459 ἀνεπι-

2068 2499 2267 2569 νοήτου
2311 2497 2559 2561 ἑνώσεως
2604 2497 2730 2552 οὔτε
2774 2498 3129 2569 παράδειγμα
3166 2498 3354 2553 λαϐεῖν
3396 2499 3662 2553 οίκειάτε-

2073 2609 2167 2662 ρον
2189 2591 2237 2623 ”
2265 2589 2468 2643 δύναιτ’
2500 2589 2566 2644 ἄν
2593 2606 2699 2654 τις,
2749 2589 2843 2643 καὶ
2892 2589 3145 2658 λέγοντες
3185 2590 3281 2643 τὸν
3329 2589 3565 2662 Χριστὸν
3593 2590 3663 2643 lat

2069 2682 2322 2753 θεότητος
2347 2683 2440 2735 καὶ
2462 2680 2905 2751 ἀνθρωπότητος,
2944 2681 3129 2751 φαμὲν
3155 2680 3317 2732 αὑτὸν
3347 2679 3549 2749 ὁμοίως
3565 2679 3664 2731 καὶ

2069 2774 2204 2828 Θεὸν
2246 2772 2339 2827 τὸν
2381 2773 2545 2826 αὑτὸν
2592 2773 2686 2826 καὶ
2727 2772 3048 2844 ἄνθρωπον·
3078 2771 3161 2826 διὸ
3191 2771 3288 2824 καὶ
3320 2771 3528 2842 κυρίως
3563 2768 3664 2822 καὶ

2070 2865 2286 2936 ἀληθῶς
2314 2867 2349 2937 ἡ
2390 2863 2632 2932 παναγία
2664 2862 2942 2934 Παρθένος
2977 2862 3244 2926 Θεοτόκος
3270 2860 3660 2932 πρεσϐεύεται.

2070 2958 2237 3011 ’Ὥστε
2269 2955 2448 3027 μάτην
2475 2953 2860 3026 ἑκακουργήθη
2886 2955 3000 3017 τοῖς
3021 2951 3300 3015 ἀσυνέτοις
3321 2951 3385 3006 τὸ
3404 2950 3548 3004 κατά
3567 2950 3665 3004 τὸν

2070 3045 2357 3116 ἄνθρωπον
2389 3043 2746 3116 παράδειγμα
2787 3043 2869 3108 είς
2914 3041 3169 3112 διαϐολὴν
3216 3041 3314 3095 καὶ⁵
3340 3039 3663 3108 ἀνατροπὴν

2065 3138 2165 3207 τῆς
2197 3135 2505 3206 ἁσυγχύτου
2549 3135 2646 3188 καὶ⁵
2687 3133 2996 3205 ἀδιαιρέτου
3029 3133 3140 3188 τῶν
3163 3132 3258 3188 δύο
3286 3131 3382 3186 τοῦ
3416 3129 3663 3203 Χριστοῦ

2063 3223 2282 3292 φύσεων
2308 3222 2434 3276 καθ’
2456 3221 2759 3276 ὑπόστασιν
2787 3220 3064 3285 ὲνὼσεως.

2137 3314 2261 3366 Ὅτι
2290 3313 2347 3367 δὲ
2382 3313 2616 3384 Χριστὸς
2646 3315 2675 3367 6
2707 3313 2840 3372 Θεὸς
2883 3312 3043 3383 ἡμῶν
3089 3311 3296 3382 κυρίως
3347 3310 3662 3383 ἀμφότερα⁹

2064 3405 2128 3470 ἐξ
2159 3398 2233 3458 ὧν
2265 3404 2371 3476 [τέ]
2407 3407 2546 3466 ἐστι,
2577 3404 2795 3472 λέγεται
2817 3405 2884 3469 ⁸⁸,
2913 3399 3028 3458 οἷον
3057 3404 3190 3464 Θεὸς
3217 3403 3313 3455 καὶ
3342 3401 3660 3471 ἅνθρωπος,

2064 3495 2216 3549 ἄλλοι
2243 3511 2305 3546 τε
2335 3492 2522 3547 πολλοὶ
2547 3492 2734 3564 βοῶσι,
2767 3493 2866 3548 καὶ
2890 3495 2918 3546 ὁ
2944 3492 3086 3554 θεῖος
3115 3491 3175 3544 δὲ
3205 3489 3474 3558 Κύριλλος
3504 3490 3563 3540 έν
3587 3489 3658 3558 τῇ

2069 3587 2207 3657 πρὸς
2253 3586 2553 3641 Σούκενσον
2585 3585 2841 3655 επιστολῇ
2907 3584 3004 3637 ἕνα
3052 3584 3187 3653 φησί
3217 3583 3312 3636 καὶ
3361 3581 3453 3636 τὸν
3495 3580 3664 3633 αὑτὸν

2067 3675 2226 3729 τοῦτο
2272 3676 2494 3728 κάκεῖνο
2543 3673 2833 3743 ὑπάρχειν.
2870 3672 2980 3725 Καὶ
3026 3671 3164 3739 πρὸς
3200 3668 3569 3740 Οὐαλεριανὸν
3603 3667 3664 3720 δὲ

2063 3768 2160 3821 τὸν
2179 3768 2222 3800 ³¹
2257 3767 2478 3820 Ἰκονίου
2527 3765 2826 3820 ἐπίσκοπον
2876 3765 3080 3834 ὁμοίως
3126 3761 3363 3832 γράψει’
3422 3760 3666 3815 Οὐκοῦν

2066 3857 2479 3928 ὁμολογοῦμεν
2494 3858 2540 3891 ³⁸
2570 3857 2652 3924 ὡς
2678 3856 2797 3928 μὲν
2820 3855 2888 3910 τὸ
2910 3855 3032 3911 ἀπὸ
3061 3853 3291 3922 σαρκὸς
3317 3850 3478 3920 σάρξ
3503 3851 3663 3918 ἐστι,

2065 3950 2136 4004 τὸ
2172 3948 2242 4004 δὲ
2268 3951 2339 4005 ἐκ
2371 3949 2521 4005 Θεοῦ
2557 3951 2702 4016 Θεός
2727 3949 2892 4014 ἐστι,
2925 3946 3079 4002 κατὰ
3104 3946 3327 4002 ταύτὸν
3352 3944 3665 4014 ἀμφότερα

2065 4043 2341 4112 Χριστὸς,
2367 4037 2456 4108 εἷς
2483 4041 2571 4096 ὢν
2607 4042 2763 4108 mc,
2793 4037 2882 4107 εἶς
2910 4042 3125 4110 Κύριος
3159 4039 3312 4110 μετὰ
3353 4036 3462 4106 τῆς
3507 4036 3667 4102 ιδίας

2064 4134 2254 4190 αὑτοῦ
2283 4134 2532 4202 σαρκός.
2561 4133 2635 4186 Τὸ
2663 4133 2772 4204 γὰρ
2805 4133 3097 4204 ἀμφότερα
3135 4131 3190 4185 τί
3233 4129 3363 4185 ἄλλο
3395 4129 3429 4201 ἦ
3458 4128 3544 4182 ὅτι
3567 4129 3598 4181 6
3621 4128 3668 4161 “

2065 4228 2230 4291 αὑτός
2277 4229 2395 4280 ἐστι
2447 4227 2544 4281 καὶ
2573 4226 2706 4290 Θεὸς
2748 4225 2844 4280 καὶ
2890 4223 3182 4296 ἄνθρωπος
3209 4221 3454 4292 βεϐαιοῖς
3503 4219 3668 4274 Ἀλλὰ

2068 4320 2248 4374 καίτοι
2274 4318 2449 4372 ταῦτα
2477 4317 2708 4388 βοῶντος
2723 4316 3013 4387 Κυρίλλου,
3037 4317 3186 4387 ὅμως
3203 4313 3510 4385 ἐτόλμησάν
3522 4329 3669 4374 τινες

2067 4412 2315 4466 ὑλακτεῖν
2339 4409 2414 4474 ὡς
2433 4410 2518 4482 ό,Χ
2527 4409 2706 4481 ριστὸς
2721 4411 2786 4462 ὲκ
2811 4407 3063 4478 θεότητος
3082 4407 3182 4478 μέν
3196 4409 3314 4460 ἐστι
3342 4405 3438 4458 καὶ
3452 4403 3669 4475 ἀνθρω,

2067 4505 2322 4572 πότητος,
2341 4501 2468 4556 οὔτε
2487 4501 2544 4554 δὲ
2557 4501 2656 4554 άνθ
2665 4517 2842 4572 ρωπος
2855 4500 2982 4552 οὔτε
2993 4499 3146 4561 Θεὸς.
3164 4497 3292 4569 [855
3307 4495 3396 4568 IL]
3418 4495 3555 4567 μηδὲ
3568 4492 3668 4549 τοῦ

2066 4591 2283 4646 Παύλου
2302 4590 2362 4644 τὸ
2384 4589 2741 4643 θεόπνευστον
2757 4589 2854 4642 καὶ
2874 4587 3260 4656 μεγαλόφωνον
3276 4583 3669 4640 καταιδεσθέν-

2066 4702 2180 4749 τες,
2195 4684 2252 4746 ὃς
2275 4683 2567 4754 κέκραγεν·
2601 4681 2840 4748 Ἰησοῦς
2857 4682 2903 4713 ³⁸
2921 4679 3178 4748 Χριστὸς
3199 4678 3340 4746 χθὲς
3355 4678 3455 4730 καί
3473 4680 3669 4745 σήμε-

2063 4794 2200 4843 ρον,
2233 4778 2265 4829 ὀ
2291 4773 2476 4840 αὐτὸς
2500 4773 2599 4826 καὶ
2623 4774 2710 4838 είς
2741 4773 2879 4834 τοὺς
2908 4771 3146 4836 αἰῶνας,
3171 4769 3259 4822 διὰ
3281 4767 3381 4838 μὲν
3405 4767 3502 4819 τοῦ
3522 4766 3669 4836 χθὲς

2067 4866 2166 4921 καὶ
2181 4866 2452 4935 σήμερον
2473 4865 2757 4934 ἄνθρωπον
2775 4863 2889 4934 [τὸν
2909 4862 2977 4934 ³⁸]
2997 4861 3158 4916 αὑτὸν
3181 4859 3482 4930 ὁμολογῶν,
3499 4859 3592 4910 διὰ
3609 4857 3669 4911 δὲ

2067 4957 2160 5010 τοῦ
2182 4957 2224 4988 ³⁷
2257 4958 2356 5009 καὶ
2381 4958 2471 5020 εὶς
2500 4956 2642 5020 τοὺς
2671 4953 2893 5020 αὶώνας
2928 4955 3020 5006 τὸν
3052 4951 3216 5006 αὑτὸν
3255 4948 3659 5019 ἀνακηρύττων

2067 5049 2218 5102 Θεόν.
2263 5049 2371 5101 Καὶ
2399 5046 2563 5101 πάλιν
2588 5047 2618 5098 6
2644 5046 2804 5106 αὑτός
2827 5061 2843 5075 ο
2879 5040 2982 5109 Εἷς
3015 5043 3160 5107 Θεὸς
3182 5041 3250 5102 ³⁸,
3287 5035 3375 5103 εἷς
3409 5037 3509 5092 καὶ
3553 5054 3666 5107 με-

2065 5141 2243 5207 σίτης
2291 5139 2440 5193 Θεοῦ
2492 5138 2592 5193 καὶ
2642 5138 2987 5206 ἀνθρώπων,
3036 5134 3352 5203 ἄνθρωπος
3407 5127 3671 5200 Χριστὸς

1679 5405 1914 5462 VARI/ii
1945 5405 2347 5460 LEC'I‘thES.

450 5571 494 5600 ²⁶
516 5571 669 5638 ζητεῖ
711 5587 770 5633 ς’.
848 5573 892 5600 ³⁷
921 5571 1202 5633 simiam);
1232 5571 1296 5622 Α·
1375 5571 1419 5600 ³⁸
1449 5570 1608 5640 σῶμά
1633 5588 1684 5622 τί
1714 5573 1778 5624 ἄν
1816 5588 1876 5633 (δ’

381 5639 594 5702 λέγεται
626 5656 688 5700 ς,

383 5709 542 5763 κιςᾰ.
643 5709 688 5740 ³⁸
726 5713 884 5766 ὁυω.
929 5716 991 5765 Α.

1950 5574 1996 5603 ‘9
2026 5569 2332 5640 ἀνεχόμεθα
2363 5587 2422 5632 ς.
2507 5571 2550 5600 ³⁰
2583 5569 2912 5621 οἰκειότατον
2944 5571 3006 5640 Α.
3085 5569 3127 5600 ³¹
3162 5569 3379 5632 λέγεται
3411 5568 3498 5623 AC
3527 5585 3540 5620 :
3567 5567 3664 5622 καὶ

765 5644 807 5672 ⁵³
836 5641 924 5693 τὸν
958 5642 1081 5695 add.
1121 5644 1180 5691 A.
1260 5642 1308 5711 3f
1341 5637 1710 5711 όμο).ογόὖμεν
1737 5641 1834 5711 ὼς]
1877 5641 1968 5711 iuit

2075 5637 2134 5703 μιί
2156 5640 2221 5695 Β.
2253 5641 2402 5708 857,)
2445 5640 2910 5711 ὁμολοχουμένωξ.
2942 5637 3151 5711 Ibide":
3200 5638 3259 5692 δὲ
3287 5641 3508 5695 additur
3531 5649 3660 5696 ante

1073 5714 1116 5743 ³⁵
1151 5709 1311 5781 Ἴης.)
1348 5704 1664 5766 Ιίςίιινζιιιιι.
1700 5713 1750 5765 8.
1823 5704 1875 5742 ’³⁸
1898 5710 1968 5762 τὶ·

2075 5729 2119 5764 u.
2150 5716 2212 5764 Α.
2289 5711 2332 5742 ³⁷
2362 5704 2454 5763 τοῦ
2477 5704 2600 5765 add.
2630 5709 2688 5761 Β.
2715 5704 2726 5708 ’
2766 5709 2809 5742 ³⁸
2837 5704 2917 5772 εἷς
2941 5709 3031 5781 8.]
3057 5709 3077 5765 Ι
3110 5707 3248 5766 Tim.
3287 5725 3350 5773 lt,
3377 5711 3430 5765 5.
