3964 6246
270 212 406 278 1049

1110 219 1636 279 BlbLlU’lHELA.
1667 242 1738 255 -··-
1766 223 1931 286 COD.
1967 224 2239 292 CCXXX.

3393 230 3530 306 1050

281 324 538 394 Ἰησοῦς,
575 325 716 378 ὥστε
743 325 945 394 κυρίως
982 327 1012 378 ὁ
1051 326 1286 398 Χριστὸς
1313 329 1407 382 καὶ
1430 328 1713 400 ἄνθρωπος
1743 332 1840 386 καλ⁵

1965 336 2020 391 ;ic
2066 337 2191 392 ait:
2225 337 2355 392 Cum
2405 339 2646 394 Christus
2702 342 2859 396 etiam
2917 341 3057 397 Deus
3101 345 3190 398 sit.
3237 344 3419 404 Basilii
3473 363 3530 410 et

267 421 419 480 θεός.
460 417 566 472 Καὶ
601 417 916 480 Ἀθανάσιος
939 417 996 470 δὲ
1023 419 1242 488 γνήσιον
1277 420 1474 472 ἑαυτὸν
1505 422 1600 474 τοῦ
1627 422 1842 476 Παύλου

267 511 481 573 δεικνὺς
511 508 758 580 μαθητὴν
790 507 933 562 οὕτω
959 509 1122 578 φησίν
1143 527 1157 542 ·
1199 512 1354 564 Ἐπεί
1379 514 1478 566 καί
1512 517 1655 580 Θεός
1675 517 1846 569 ἐστιν

269 609 303 658 o’
331 603 605 670 Χριστός.
636 602 920 656 Βασιλείου
957 604 1015 656 δὲ
1043 604 1139 656 καὶ
1177 604 1289 658 τῶν
1339 605 1500 676 ἱερῶν
1535 608 1847 680 Γρηγορίων

270 695 365 746 καὶ
387 693 496 745 τῶν
529 692 703 745 ἄλλων
728 692 890 744 ὁσίων
923 693 1201 762 Πατέρων,
1231 694 1285 746 εἴ
1309 713 1394 758 τις
1429 696 1706 765 συλλέγειν
1731 717 1848 751 πει-

192 853 195 856 _
274 786 488 856 ραθείη,
522 787 602 848 εἰς
633 785 694 838 τὸ
724 785 952 856 ἄπειρον
979 787 1045 839 ἂν
1073 789 1130 840 αί
1155 789 1446 858 μαρτυρίαι
1479 792 1848 860 παρατενοῦσι

271 881 364 928 τὸν
398 877 654 944 λόγον.⁹0
702 879 887 946 μέντοι
930 895 993 945 γε
1037 879 1199 947 σοφὸς
1231 880 1498 950 Κύριλλος
1525 883 1617 935 τὸν
1643 883 1743 951 τῆς
1769 885 1847 936 oi-

273 968 548 1038 καομένης
579 968 898 1022 διδάσκαλον
931 969 1141 1023 Παῦλον
1175 973 1426 1042 μάρτυρα
1454 972 1664 1038 καλῶν,
1688 975 1851 1028 Κατὰ

274 1061 396 1114 τῶν
431 1061 518 1129 μὴ
567 1061 963 1131 βουλομένων
1013 1063 1329 1132 ὁμολογεῖν
1379 1066 1672 1119 Θεοτόκον
1737 1065 1853 1134 τὴν

274 1153 458 1222 ἁγίαν
477 1155 787 1221 Παρθένον
808 1153 972 1224 (οὕτω
993 1155 1102 1225 γὰρ
1127 1155 1422 1223 ἐπιγράφει
1442 1155 1652 1209 καὶτὸν
1671 1155 1852 1224 λόγον)

277 1248 382 1317 ὅρα
413 1245 467 1298 τί
493 1263 658 1317 φησιν
678 1264 693 1278 ·
711 1247 841 1301 Νῦν
863 1247 934 1301 δὲ
953 1247 1070 1315 τὴν
1097 1248 1308 1316 φωνὴν
1323 1247 1442 1317 μὲν
1459 1250 1572 1303 οὐκ
1591 1249 1850 1318 εἴρηκεν,

277 1337 413 1406 ἢτοι
437 1339 556 1405 τὴν
603 1357 622 1390 ι
649 1338 957 1403 Θεοτόκος,
981 1357 1000 1389 ι
1050 1338 1200 1392 Θεὸν
1223 1339 1293 1392 δὲ
1325 1339 1432 1393 τὸν
1459 1340 1718 1408 Χριστὸν
1747 1340 1847 1393 ἐπὶ

277 1430 524 1484 πάντων
549 1431 906 1498 ἀνεϐόησεν.
931 1431 1044 1484 Καὶ
1072 1431 1235 1485 πάλιν
1251 1443 1266 1463 ⁸
1297 1431 1367 1484 El
1390 1429 1476 1500 μὴ
1503 1430 1655 1486 Θεὸν
1674 1430 1794 1500 ἅμα
1811 1432 1854 1464 ³³

277 1521 379 1576 και
403 1521 720 1589 ἄνθρωπον
744 1523 1040 1590 ἠπίστατο
1073 1522 1177 1576 τὸν
1207 1523 1484 1592 Χριστόν,
1515 1525 1627 1577 οὐκ
1657 1523 1735 1577 ἂν
1759 1523 1853 1576 ἐπι

277 1617 454 1684 eges-ps
473 1635 490 1668 I
502 1616 650 1669 κατὰ
664 1615 881 1684 σάρκα·
897 1633 915 1666 ι
938 1614 1114 1668 τοῦτο
1131 1613 1241 1684 γὰρ
1255 1612 1526 1684 φανερῶς
1539 1613 1635 1668 ἐπὶ
1648 1613 1755 1697 τοῦ
1766 1613 1854 1683 μὴ

1947 439 2260 485 sanctorum
2319 431 2737 501 Gregoriorum,
2793 443 2849 489 et
2914 436 3143 491 aliorum
3213 452 3531 499 sanctorum

1950 518 2193 586 Patrum,
2231 522 2276 576 si
2300 523 2422 591 quis
2452 526 2634 577 omnia
2675 526 2929 597 colligere
2956 529 3260 584 testimonia
3291 533 3532 604 studeat,

1950 611 2002 667 in
2038 613 2304 668 inﬁnitum
2335 616 2580 670 trahetur
2603 618 2799 673 oratio.
2835 617 3070 688 Sapiens
3095 622 3238 676 enim
3269 623 3534 695 Cyrillus,

1950 704 2098 758 orbis
2141 705 2423 761 doctorem
2474 716 2666 762 testem
2717 709 2941 763 Paulum
2989 713 3285 780 adducens,
3336 716 3537 772 Contra

1952 796 2182 850 nolentes
2224 794 2489 867 Virginem
2528 799 2686 866 fateri
2719 799 3004 870 Deiparam
3041 819 3060 856 :
3093 803 3172 858 sic
3200 805 3345 859 enim
3375 808 3538 862 habet

1950 888 2216 943 orationis
2249 888 2468 956 titulus;
2505 890 2628 943 vide
2665 891 2793 960 quid
2842 891 2990 946 dicat
3031 911 3046 947 :
3095 891 3284 948 Vocem
3329 899 3535 968 quidem

1953 995 2056 1032 non
2088 981 2466 1046 pronuntiavit,
2521 983 2721 1036 scilicet
2766 984 2902 1038 hanc
2936 1003 2955 1036 ι
3003 985 3233 1054 Deipara
3261 1003 3282 1041 :
3316 1009 3336 1041 ι
3369 989 3537 1044 Deum

1955 1080 2128 1124 autem
2155 1069 2424 1124 Christum
2445 1088 2600 1140 super
2618 1075 2793 1128 omnia
2811 1077 3162 1141 pra’dicavit‘.
3188 1078 3253 1132 Et
3277 1095 3493 1135 rursum
3517 1099 3533 1135 :

1956 1160 2079 1216 Nisi
2120 1162 2287 1216 Deum
2332 1172 2383 1217 et
2422 1166 2684 1220 hominem
2725 1169 3006 1223 crediderit
3039 1170 3068 1210 ιι
3095 1211 3111 1234 ,
3171 1187 3275 1225 non
3304 1172 3535 1237 addidit,

1961 1271 1978 1304 ι
2015 1254 2300 1307 secundum
2327 1269 2563 1309 carnem.
2600 1273 2620 1307 ι
2678 1255 2788 1310 Hoc
2855 1260 2995 1312 enim
3036 1261 3300 1326 prazcipue
3327 1263 3391 1314 de
3433 1277 3539 1316 non

1954 1346 2121 1400 solum
2151 1347 2378 1408 homine,
2413 1347 2504 1400 sed
2534 1347 2683 1400 aliud
2705 1349 2832 1417 quid
2865 1349 3157 1402 secundum
3185 1349 3538 1405 substantiam

1955 1438 2234 1492 exsistente
2258 1437 2475 1490 dicitur.
2503 1438 2649 1492 idem
2677 1439 2837 1494 homo
2867 1441 3081 1495 divinus
3118 1444 3172 1495 in
3202 1442 3374 1496 altero
3401 1459 3538 1498 ana-

1959 1529 2307 1582 thematismo
2361 1530 2548 1582 eadem
2606 1529 2940 1586 vociferatur
2972 1551 2985 1587 :
3023 1531 3082 1588 Si
3145 1535 3262 1603 quis
3320 1535 3536 1590 minime

1958 1619 2270 1688 conﬁteatur
2311 1618 2633 1688 hypostatice
2672 1624 2820 1675 carni
2869 1639 2934 1677 ea:
2966 1623 3125 1678 Patre
3165 1622 3270 1678 Deo
3312 1623 3539 1680 Verbum

273 1706 471 1777 μόνον
502 1706 631 1779 [450
658 1706 754 1778 Η.]
779 1705 1116 1774 ἀνθρώπου,
1142 1707 1304 1761 ἀλλὰ
1321 1705 1421 1760 καί
1442 1706 1646 1774 ἔτερόν
1667 1722 1722 1759 τι
1745 1705 1860 1773 τὴν

1965 1710 2188 1774 unitum,
2212 1721 2261 1763 et
2279 1724 2391 1762 esse
2420 1725 2580 1763 unum
2607 1708 2876 1766 Christum
2896 1730 3012 1767 cum
3035 1716 3248 1783 propria
3269 1731 3365 1768 sua
3381 1730 3540 1769 carne

277 1801 502 1854 οὐσίαν
537 1797 918 1868 ὑπάρχοντος
958 1799 1295 1869 λέγεται.⁶0
1327 1799 1386 1852 δὲ
1414 1799 1577 1862 αὐτὸς
1603 1800 1860 1870 θεοφόρος

276 1892 420 1962 ἀνὴρ
459 1892 562 1944 κάν
598 1890 678 1961 τῷ
707 1891 944 1962 δευτέρῳ
989 1891 1419 1962 ἁναθεματισμῷ
1456 1892 1525 1945 τὰ
1550 1892 1692 1945 αὐτὰ
1722 1891 1821 1962 βοᾷ
1841 1907 1857 1923 ⁶

276 1983 354 2037 Et
399 2001 490 2047 τις
534 1985 645 2050 οὐχ
669 1983 952 2052 ὁμολογεῖ
987 1985 1114 2037 καθ’
1138 1986 1482 2038 ὑπόστασιν
1503 1984 1684 2051 σαρκί
1712 1982 1863 2052 ἡνῶ-

271 2079 418 2129 σθαι
441 2076 552 2127 τὸν
592 2074 662 2128 ἐκ
707 2075 857 2130 Θεοῦ
877 2075 1109 2142 Πατρός
1127 2075 1341 2144 Λόγον,
1367 2075 1479 2130 ἕνα
1517 2092 1582 2128 τε
1607 2074 1865 2143 Χριστὸν

273 2164 432 2219 εἷναι
450 2165 603 2235 μετὰ
631 2165 742 2235 τῆς
768 2166 926 2232 ιδίας
953 2167 1202 2235 σαρκὸς,
1239 2167 1351 2220 τὸν
1375 2169 1562 2222 αὐτὸν
1583 2166 1867 2234 δηλονότι

276 2258 433 2311 Θεόν
452 2275 518 2312 τε
539 2257 642 2311 καί.
671 2258 1005 2326 ἄνθρωπον,
1043 2258 1312 2328 ἀνάθεμα
1337 2257 1512 2312 ἔστω.
1566 2260 1676 2312 Καὶ
1705 2261 1762 2311 ὲν
1787 2257 1865 2328 τῷ

273 2350 439 2418 Πρὸς
461 2350 570 2416 τὰς
593 2351 925 2417 βασιλίδας
946 2349 1383 2421 προσφωνητικῷ
1406 2352 1610 2421 ὁμοίως
1625 2391 1641 2417 ,
1665 2352 1772 2406 ἕνα
1799 2368 1865 2405 τε

274 2443 428 2508 ἡμῖν
469 2443 660 2508 οὕτως
707 2443 1136 2513 ἀναδειχθῆναι
1191 2443 1468 2510 Χριστὸν,
1517 2443 1625 2496 τὸν
1679 2445 1866 2498 αὐτὸν

1957 1800 2191 1854 eumdem
2235 1801 2483 1854 nimirum
2526 1802 2688 1856 Deum
2727 1815 2775 1857 et
2817 1805 3099 1873 hominem,
3134 1807 3414 1861 anathema
3444 1804 3538 1860 ιὶι.

1959 1892 2026 1946 Et
2073 1893 2324 1949 similiter
2367 1895 2420 1949 in
2469 1896 2720 1950 oratione
2769 1911 2932 1964 quam
2986 1897 3199 1968 Reginis
3237 1897 3538 1966 inscripsit,

1963 1980 2138 2036 Unum
2165 1985 2310 2038 nobis
2339 1985 2416 2038 sic
2450 1985 2736 2039 exhibitum
2762 2003 2876 2040 esse
2912 1987 3206 2054 Christum,
3236 2005 3355 2042 eum
3384 1986 3542 2042 simul

1967 2071 2128 2126 Deum
2147 2085 2196 2126 et
2212 2075 2469 2130 hominem
2487 2077 2851 2142 exsistentem;
2877 2077 3090 2147 aliaque
3105 2077 3540 2132 innumerabilia.

1969 2163 2124 2220 Patet
2172 2166 2372 2237 275a
2417 2169 2582 2237 igitur
2616 2183 2866 2237 magnam
2906 2179 2962 2223 et
2992 2170 3258 2224 inﬁnitam
3291 2168 3545 2223 diil'eren-

1965 2260 2094 2313 tiam
2128 2274 2248 2313 esse
2291 2261 2342 2314 in
2381 2261 2656 2330 mysteriis
2681 2259 2882 2315 Christi
2926 2269 2982 2313 et
3035 2261 3268 2315 humana
3321 2259 3494 2315 forma
3523 2277 3542 2315 ι

1964 2350 2055 2421 qui
2080 2350 2295 2420 quidem
2319 2365 2382 2405 ex
2403 2351 2596 2421 quibus
2625 2362 2837 2406 estnon
2861 2351 3063 2405 dicitur
3087 2352 3202 2406 haec
3220 2369 3240 2418 ;
3261 2368 3325 2406 ex
3347 2353 3545 2422 quibus

1965 2457 2032 2495 ve
2045 2456 2105 2496 ro
2134 2442 2353 2511 prodiit,
2386 2442 2666 2512 perspicue
2689 2442 2804 2496 haec
2831 2443 3158 2497 nominatur.

273 2534 433 2602 ὁμοῦ
473 2534 622 2588 Θεὸν
652 2533 799 2589 ὄντα
843 2535 943 2588 καί
976 2534 1307 2602 ἄνθρωπον.
1353 2534 1466 2588 Καὶ
1502 2533 1670 2605 μυρία
1697 2534 1851 2589 ἄλλα.
1893 2532 2208 2603 Κατάδηλον
2238 2532 2330 2586 οὖν
2355 2532 2431 2597 ὡς
2455 2533 2625 2604 πολλὴ
2669 2534 2764 2587 καὶ
2791 2533 3018 2605 ἄπειρος
3053 2535 3087 2605 ἠ
3156 2533 3388 2604 διαφορὰ
3447 2535 3546 2590 τού

277 2625 428 2680 κατὰ
452 2625 546 2679 τὸν
573 2627 809 2696 Χριστὸν
837 2625 1140 2696 μυστηρίου
1188 2627 1286 2680 καὶ
1320 2624 1415 2679 τοῦ
1450 2625 1592 2679 κατὰ
1637 2625 1728 2678 τὸν
1771 2623 2056 2695 ἄνθρωπον
2083 2623 2560 2694 παραδείγματος·
2639 2624 2668 2676 ὁ
2718 2623 2818 2694 μὲν
2864 2625 2974 2693 γὰρ
3003 2621 3064 2688 ἐξ
3119 2617 3195 2678 ὧν
3256 2625 3426 2694 ἐστὶν,
3481 2623 3546 2678 οὔ

275 2719 498 2785 λέγεται
521 2716 716 2783 ταῦτα,
746 2717 776 2770 ὁ
800 2717 857 2770 δὲ
881 2716 942 2780 ἐξ
961 2709 1036 2768 ὧν
1063 2714 1326 2786 προῆλθε,
1355 2716 1449 2769 διαὶ
1477 2714 1816 2785 διαπρυσίως
1852 2713 2022 2766 ταῦτα
2053 2712 2402 2783 ὀνομάζεται.

367 2813 531 2868 Ἀλλὰ
562 2813 672 2883 γὰρ
703 2813 803 2881 τῆς
823 2809 1090 2882 αἱρέσεως
1123 2811 1289 2865 πάλιν
1318 2813 1353 2882 ὴ
1374 2811 1603 2865 ἀπόνοια
1639 2811 1738 2880 τὴν
1773 2827 1862 2864 τε·

277 2907 492 2977 τάρτην
506 2906 553 2938 ⁸⁸
580 2905 858 2976 μέμφεται
887 2903 1104 2957 σύνοδον
1141 2903 1218 2967 ὡς
1246 2905 1373 2974 ὅρον
1401 2903 1722 2974 ἐκθεμένην,
1745 2902 1862 2957 δια-

2038 2807 2145 2862 Sed
2168 2807 2544 2862 hazreticorum
2578 2810 2803 2864 vesania
2832 2819 3078 2881 quartam
3110 2809 3376 2880 synodum
3407 2809 3552 2864 vitu-

1967 2907 2150 2967 perat,
2187 2901 2330 2969 quod
2371 2901 2652 2956 decretum
2691 2903 2967 2970 posuerit,
3011 2904 3405 2975 contenditque
3445 2901 3553 2958 tale

279 2999 574 3068 τεινομένη
601 2997 700 3068 τὴν
721 2996 980 3068 τοιαύτην
1011 2998 1358 3069 ἐπιχείρησιν
1403 2998 1508 3051 ὑπὸ
1565 2999 1666 3069 τῆς
1721 2996 1860 3051 κατὰ

1968 2992 2304 3062 propositum
2329 3007 2358 3046 a
2395 2995 2567 3064 prima
2609 2995 2816 3064 synodo
2857 2993 3057 3064 Ephesi
3101 2995 3286 3051 habita
3331 2995 3553 3052 omnino

280 3091 389 3162 τὴν
417 3091 652 3160 Ἔφεσον
707 3087 933 3161 πρώτης
983 3089 1202 3142 συνόδου
1247 3089 1529 3153 παντελῶς
1575 3091 1860 3145 ἀποκεκω-

1969 3084 2296 3154 prohibitum
2322 3083 2508 3140 fuisse.
2542 3085 2801 3151 Quamvis
2827 3087 2870 3140 si
2896 3087 3196 3140 secundum
3221 3087 3435 3143 illorum
3459 3088 3556 3143 de-

283 3182 504 3236 λῦσθαι.
535 3181 728 3236 Καίτοι
767 3197 833 3249 γε
866 3183 914 3233 εί
937 3180 1078 3234 κατὰ
1105 3180 1198 3234 τὸν
1241 3181 1405 3251 λῆρον
1443 3181 1623 3235 αὐτῶν
1670 3183 1860 3251 ἀπεῖρ-

1972 3177 2157 3230 lirium
2209 3178 2448 3247 synodus
2487 3177 2634 3232 aliud
2674 3182 2949 3232 decretum
2989 3180 3214 3231 ornninn
3257 3179 3555 3248 producere

207 3343 222 3353 ἱ
284 3293 385 3342 γεν
483 3274 700 3338 σύνοδος
729 3275 918 3346 ἕτερον
938 3276 1064 3345 ὅρον
1094 3275 1219 3346 μηδ’
1238 3275 1374 3338 ὅλως
1399 3273 1686 3347 προάγειν,
1723 3273 1860 3344 αὑτὴ

1969 3269 2174 3331 vetuit,
2225 3271 2338 3322 haec
2383 3280 2511 3322 ante
2549 3269 2685 3323 alias
2737 3280 2928 3324 contra
2976 3285 3036 3324 se
3082 3271 3556 3326 condemnatiouis

286 3365 413 3420 καθ’
441 3367 644 3436 ἑαυτῆς
695 3366 801 3436 πρὸ
831 3365 944 3420 τῶν
997 3366 1172 3420 ἄλλων
1229 3368 1332 3438 τὴν
1388 3366 1860 3431 καταδικάζουσαν

1965 3360 2292 3414 sententiam
2336 3359 2579 3428 protulit.
2621 3359 2820 3420 Deﬁnit
2854 3360 3000 3414 enim
3055 3363 3157 3415 hoc
3193 3361 3550 3426 adumbrans,

285 3461 556 3530 ἐξήνεγκε
580 3459 760 3529 ψῆφον
789 3475 805 3492 ο
844 3459 1018 3530 ὁρίζει
1045 3460 1154 3531 γὰρ
1191 3459 1323 3514 αὐτὸ
1379 3459 1539 3512 τοῦτο
1589 3458 1860 3524 τυποῦσα,

283 3553 326 3606 ἃ
357 3551 627 3621 μηδετέρα
655 3550 766 3605 τῶν
785 3551 894 3622 πρὸ
923 3551 1094 3621 αὐτῆς
1114 3551 1425 3622 διωρίσατο.
1463 3550 1628 3604 Ἀλλὰ
1681 3551 1778 3604 καὶ
1823 3550 1858 3620 ἡ

288 3643 417 3697 καθ’
470 3642 766 3697 ὑπόστασιν
816 3643 1012 3706 ἓνωσις
1067 3644 1239 3712 αὐτῆς
1288 3645 1438 3697 ἐστιν
1478 3645 1623 3712 ὅρος,
1667 3643 1696 3696 ὃ
1747 3644 1867 3705 ταῖς

289 3735 699 3805 πρεσϐυτέραις
739 3734 847 3789 τῶν
903 3735 1138 3789 συνόδων
1169 3737 1230 3788 ού
1277 3735 1582 3806 διώρισται.
1640 3735 1749 3788 Nai.
1800 3735 1868 3805 δὴ

292 3823 395 3878 καὶ
421 3824 522 3892 τὴν
555 3825 613 3876 ὲν
643 3825 1213 3881 Κωνσταντινουπόλει
1235 3824 1344 3879 τῶν
1382 3831 1457 3896 ρν⁹
1488 3825 1660 3894 ἁγίων
1691 3824 1866 3877 Πατέ-

294 3930 430 3983 ρων,
462 3913 520 3978 ἐξ
547 3907 621 3966 ὧν
649 3913 807 3967 αὐτοὶ
828 3913 1076 3986 ληροῦσι,
1106 3915 1530 3987 παραγράφεται
1548 3932 1562 3947 ο
1586 3914 1678 3968 τὸν
1701 3915 1871 3968 Πνευ-

297 4007 618 4076 ματομάχον
651 4005 760 4077 γὰρ
780 4004 920 4077 αὕτη
953 4006 1280 4069 καθελοῦσα,
1305 4007 1385 4078 τῷ
1429 4005 1570 4060 κατὰ
1620 4005 1722 4077 τὴν
1776 4005 1872 4058 Νί-

293 4115 463 4151 καιαν
483 4097 853 4168 ὲκφωνηθέντι
878 4099 991 4170 ὅρῳ
1030 4097 1130 4170 τὴν
1172 4097 1304 4169 περὶ
1365 4097 1460 4151 τοῦ
1503 4096 1660 4165 ἁγίου
1696 4096 1872 4152 Πνεύ-

297 4204 474 4258 ματος
502 4187 778 4257 θεολογίαν
808 4189 1108 4261 προσθεῖσα
1145 4191 1508 4260 συνήρμοσεν.
1554 4189 1618 4242 Εἰ
1650 4188 1761 4258 γὰρ
1816 4188 1876 4243 ai

295 4277 673 4346 προλαϐοῦσαι
697 4279 1072 4350 προστιθείσαι
1097 4279 1190 4332 τὸν
1240 4279 1430 4350 μῶμον
1486 4277 1872 4346 ἐκφεύγουσιν,

295 4369 409 4422 οὐδ’
444 4368 500 4421 ai
526 4370 648 4438 μετ’
677 4369 846 4432 αὐτὰς
884 4370 943 4424 ὲν
969 4371 1082 4432 τοῖς
1109 4368 1318 4440 ὁμοίοις
1373 4368 1642 4439 ἀνομοίως
1696 4367 1876 4432 ἕξουσι

295 4462 402 4532 τὴν
435 4463 799 4530 κατάγνωσιν.
831 4461 988 4515 Οὕτω
1016 4463 1077 4515 τὸ
1098 4462 1142 4494 ⁸⁸
1179 4461 1441 4517 ἀσύνετον
1485 4463 1665 4516 πάντα
1713 4459 1876 4530 φύρει

1965 3450 2144 3520 qualia
2175 3465 2350 3520 neque
2393 3451 2498 3505 alia
2545 3462 2673 3506 ante
2708 3453 2884 3522 ipsum
2927 3453 3189 3507 deﬁnivit.
3236 3451 3341 3506 Sed
3381 3453 3557 3523 hypo-

1969 3545 2160 3600 statica
2203 3546 2330 3599 uuio
2376 3546 2533 3616 hujus
2575 3556 2662 3602 est
2703 3547 2981 3615 deﬁnitio,
3022 3564 3142 3616 quae
3189 3548 3260 3602 ab
3314 3547 3556 3618 antiquis

1977 3634 2225 3690 conciliis
2250 3650 2355 3690 non
2398 3645 2599 3690 statuta
2634 3647 2736 3691 cst.
2777 3636 2938 3691 Certe
2975 3647 3032 3691 et
3059 3635 3559 3705 Constantinopoli-

1971 3739 2152 3784 tanam
2187 3729 2292 3785 150
2326 3729 2582 3795 Patrum,
2623 3745 2691 3784 ex
2733 3731 2929 3799 quibus
2967 3729 3196 3784 delirant
3254 3731 3382 3801 ipsi,
3427 3747 3561 3785 cott-

1975 3823 2213 3888 demnat,
2235 3837 2354 3892 quae
2386 3835 2510 3876 cum
2543 3821 2750 3891 Spiritu
2777 3831 3111 3892 pugnantem
3135 3819 3560 3893 [Macedonium]

1974 3915 2187 3979 tollens,
2217 3930 2249 3970 e
2278 3913 2494 3968 Nicaeus
2537 3913 2748 3980 synodo
2791 3911 3080 3968 declarata;
3119 3913 3421 3968 deﬁnitioni
3445 3954 3461 3980 ,
3492 3914 3561 3968 de

1975 4006 2181 4075 Spiritu
2224 4014 2414 4061 sancto
2448 4004 2756 4059 doctrinam
2793 4004 3182 4058 convenienter
3218 4002 3446 4056 addidit.
3490 3999 3551 4055 Si

1973 4099 2119 4153 enim
2155 4099 2522 4167 praecedentes
2561 4097 2884 4166 apponendo
2912 4095 3390 4167 reprehensionem
3422 4092 3562 4146 etfu-

1977 4190 2158 4260 giunt,
2196 4202 2375 4256 neque
2417 4187 2541 4241 illas
2576 4198 2778 4242 secutae
2819 4188 2872 4242 in
2917 4186 3188 4242 similibus
3231 4183 3565 4240 dissimiliter

1982 4280 2410 4333 damnabuulur.
2463 4279 2556 4333 Sic
2605 4279 2831 4333 stultum
2875 4278 3099 4333 omnino
3151 4277 3465 4331 commiscet
3508 4283 3566 4330 et

1987 4371 2274 4426 convertit.
2325 4370 2594 4440 Ephesius
2641 4371 2839 4425 etenim
2872 4369 3110 4440 synodus
3147 4367 3304 4422 ﬁdem
3342 4367 3562 4435 quidem

1981 4459 2183 4526 aliam,
2252 4458 2407 4529 cujus
2478 4461 2729 4528 dogmata
2808 4459 3084 4513 contraria
3152 4457 3382 4511 Nicaeum
3455 4455 3564 4510 sint

301 4557 401 4608 καὶ
429 4553 762 4624 διαστρέφει.
791 4555 904 4608 Καὶ
935 4555 1045 4625 γὰρ
1068 4556 1103 4625 ἡ
1125 4555 1183 4608 ὲν
1216 4555 1425 4626 Ἐφέσῳ
1455 4553 1671 4616 σύνοδος
1695 4553 1860 4605 πίστιπ

1984 4552 2450 4624 synodo,omnino
2473 4553 2668 4620 exponi
2709 4553 2900 4605 vetuit.
2941 4549 3183 4604 Sinceris
3213 4563 3343 4603 vero
3369 4549 3422 4601 in
3464 4549 3566 4602 hac

305 4647 408 4715 μὲν
448 4645 664 4715 ἑτέραν,
700 4642 770 4718 ἦς
797 4649 1018 4701 ἐναντία
1062 4649 1131 4701 τὰ
1179 4649 1423 4718 δόγματα
1475 4647 1612 4718 πρὸς
1674 4644 1772 4714 τὴν
1822 4647 1860 4697 ὲκ

1983 4643 2239 4705 servatis,
2271 4659 2394 4712 quae
2418 4645 2638 4698 occasio
2661 4645 2922 4714 postulat,
2953 4655 3225 4712 apponere
3256 4639 3402 4694 illius
3431 4653 3565 4708 opus

301 4734 515 4806 Νικαίᾳ
571 4737 880 4807 καθέστηκε
937 4737 1175 4803 σύνοδον,
1233 4737 1511 4800 παντελῶς
1559 4735 1860 4790 ἐκτίθεσθαι

1981 4735 2100 4799 fuit,
2133 4743 2188 4788 et
2223 4750 2401 4790 rerum
2436 4749 2631 4790 natura
2654 4774 2669 4800 ,
2712 4745 2768 4790 et
2798 4733 3052 4788 Ecclesia:
3083 4732 3306 4787 traditio
3351 4731 3567 4785 videtur

298 4822 634 4878 διεκώλυσεν
663 4843 680 4857 ·
715 4828 1008 4899 ἀκηράτων
1031 4829 1090 4883 δὲ
1122 4828 1229 4882 τῶν
1264 4832 1322 4882 ὲν
1346 4829 1482 4897 αὐτῇ
1531 4827 1860 4896 σωζομένων

1985 4843 2203 4897 semper
2235 4830 2337 4883 hoc
2384 4827 2689 4882 adamasse.
2727 4829 2909 4894 Quare
2940 4835 2995 4882 et
3025 4824 3393 4887 Alexandriae,
3431 4837 3567 4877 non-

303 4915 456 4986 ἅπερ
486 4915 514 4966 ὁ
548 4918 738 4989 καιρὸς
771 4921 996 4973 ἀπαιτεῖ
1023 4921 1374 4990 προστιθέναι
1417 4920 1586 4985 αὐτῆς
1631 4935 1690 4971 τε
1724 4918 1855 4986 γέγο

1983 4921 2108 4973 dum
2160 4921 2499 4976 oecumenica
2550 4921 2756 4991 synodo
2822 4930 3048 4985 coacta,
3095 4918 3332 4973 delectos
3388 4916 3442 4970 in
3501 4930 3565 4970 ea

306 5023 399 5058 νεν
417 5007 602 5078 ἔργον,
624 5012 716 5062 καὶ
736 5011 843 5063 τῶν
861 5015 1204 5082 πραγμάτων
1225 5014 1258 5082 ἡ
1289 5010 1450 5078 φύσις
1477 5010 1797 5073 διδάσκαλος
1815 5010 1860 5041 ⁵³

1995 5013 2307 5067 sacerdotes
2359 5012 2549 5067 beatus
2594 5013 2830 5082 Cyrillus
2876 5027 3247 5084 congregans,
3296 5022 3351 5067 et
3409 5014 3568 5065 iidem

309 5099 541 5167 καὶτῆς
608 5101 937 5171 Ἐκκλησίας
984 5105 1178 5172 ὁρᾶται
1226 5102 1386 5156 τοῦτο
1420 5101 1748 5172 ,στέργουσα
1801 5100 1860 5153 διν

1998 5108 2256 5173 scriptam
2285 5105 2605 5172 disponens,
2641 5106 2707 5158 ad
2740 5105 3050 5160 Nestorium
3087 5105 3250 5159 misit.

309 5191 519 5255 παντὸς
545 5195 578 5262 ὴ
609 5194 1033 5265 παράδοσιςΔιὺ
1058 5196 1152 5248 καὶ
1174 5195 1317 5247 κατὰ
1333 5195 1433 5264 τὴν
1459 5194 1885 5265 Ἀλεξάνδρειαν,
1927 5192 2080 5247 οὔπω
2141 5197 2241 5265 τῆς
2301 5197 2686 5267 οἰκουμενικῆς
2773 5197 2901 5270 [856
2923 5196 3017 5269 [1.]
3106 5195 3570 5268 συγκροτηθείσης

312 5287 561 5351 συνόδου,
596 5289 720 5350 τοὺς
751 5292 808 5341 ὲν
824 5289 964 5358 αὐτῇ
983 5289 1028 5321 ⁸³
1053 5289 1163 5343 τῶν
1189 5289 1381 5358 ἱερέων
1425 5288 1657 5357 λογάδας
1693 5288 1722 5340 ὁ
1763 5287 2456 5362 θεσπέσιοςὰοροισὰμενος
2510 5291 2797 5364 Κύριλλος,
2861 5294 2954 5346 καὶ
3014 5293 3198 5346 πίστιν
3252 5283 3570 5363 διαθέμενος

311 5379 615 5448 ἔγγραφον,
648 5380 726 5451 τῷ
751 5381 1031 5452 Νεστορίῳ
1062 5381 1423 5452 διεπέμψατο.

392 5483 419 5511 α
453 5470 610 5526 Rom.
640 5487 716 5539 rx,
753 5473 808 5528 5.
916 5471 1134 5528 bltom.
1165 5489 1206 5539 ι,
1236 5474 1290 5529 5.

1597 5535 2256 5612 νΑιιιΑς,ι.ις‹;ΤιοΝιῑδ.

397 5636 792 5709 ηᾰμαΔετε
842 5657 904 5706 ς.
979 5640 1480 5712 "Tﬁ‘lt$1£7.§.
1554 5640 1860 5695 διτόΛετ

1965 5654 2019 5702 ς.
2098 5636 2142 5668 ⁸³
2173 5632 2492 5698 διδάσκαλος
2551 5632 2672 5688 add.
2713 5631 2782 5685 A.
2859 5629 2905 5662 “
2931 5627 3068 5699 αὐτῇ
3100 5625 3180 5682 A:
3213 5623 3365 5697 αὐτῷ
3392 5639 3458 5690 ς.
