3964 6246
437 246 570 312 1051

1585 254 1848 316 PHOTII
1871 255 2379 316 PATRIARCHIE
2416 255 2522 316 (ΣΡ.

3543 255 3680 324 1052

504 358 597 414 Sic
640 359 855 430 quidem
898 331 1085 429 ell'ugit
1125 359 1357 427 iniustas
1391 365 1768 421 accusationes
1798 367 1993 436 pietas.

2169 364 2459 434 ,Εκφεύγει
2487 365 2585 434 μὲν
2611 360 2705 417 οὖν
2726 363 2773 394 ⁸³
2815 361 2958 417 οὕτω
3008 364 3109 426 τὰς
3140 364 3364 427 ἀδίκους
3422 365 3598 431 λα6ἀς
3639 371 3678 439 ὴ

433 444 666 501 llaeresis
689 447 807 502 aliis
838 447 1350 516 reprehensionibus
1384 452 1647 510 insultare
1680 469 1786 509 non
1812 457 2000 510 erube-

341 569 360 592 ,ι
431 540 555 605 scit,
589 539 774 594 dicens
810 538 1309 597 Chalcedonensem
1355 548 1623 615 synodum
1657 563 1781 601 cum
1817 547 2004 619 Cyrilli

415 630 615 704 -_verbis
641 645 897 700 pugnare.
924 631 1022 686 Hic
1043 634 1186 687 enim
1222 635 1276 688 in
1307 637 1554 705 epistolis
1579 638 1647 692 ad
1671 636 2004 693 Succensum

431 731 487 774 et
519 720 645 774 alibi
680 722 952 776 Christum
989 740 1020 778 e
1050 725 1259 780 duabus
1295 729 1504 782 naturis
1538 729 1718 797 docet,
1755 730 1844 784 illa
1879 745 2008 784 vero

431 812 572 865 hanc
599 827 781 866 vocem
821 816 1101 884 expellens
1135 818 1269 874 duas
1298 830 1521 875 naturas
1554 823 1814 877 indivisas
1845 824 2009 878 vicis-

431 900 534 954 sim
582 904 883 959 constituit.
938 907 1087 961 Adeo
1143 911 1463 963 calumniari
1515 927 1674 980 quam
1721 915 2032 968 veritatem-

431 997 628 1049 sectari
660 999 837 1051 studio
869 1001 1040 1067 magis
1072 1008 1155 1054 est
1187 1000 1476 1056 lucreticis.
1513 1004 1824 1058 Dioscorum
1861 1020 2011 1058 nam-

433 1103 538 1154 que
593 1088 646 1142 id
679 1091 818 1158 quod
853 1091 1046 1162 275b
1071 1108 1136 1146 ex
1168 1093 1377 1148 duabus
1409 1096 1618 1150 naturis
1651 1097 2007 1165 compositum

431 1188 554 1232 erat
599 1181 994 1248 admittentetn,
1038 1185 1170 1238 duas
1198 1199 1331 1238 vero
1371 1195 1595 1240 naturas
1644 1198 2009 1256 recusantem,

433 1269 577 1338 quod
607 1268 999 1342 Eutychianatn
1032 1283 1246 1343 saperet
1282 1275 1535 1342 ha’resin,
1579 1278 1817 1347 synodus
1849 1291 2010 1347 repu-

433 1363 621 1417 diavit.
653 1362 837 1433 Neque
875 1366 1198 1436 simpliciter
1231 1369 1508 1423 damnavit
1538 1369 1668 1424 illud
1703 1386 1768 1425 ex
1807 1373 2012 1427 duabus

432 1456 644 1510 naturis
682 1455 957 1511 Christum
991 1469 1258 1525 astruere,
1290 1460 1384 1514 sed
1409 1461 1591 1514 dicere
1614 1477 1737 1515 cum
1771 1461 2013 1532 Eutyche

432 1557 490 1600 ct
521 1547 803 1605 Dioscoro.
833 1548 935 1604 Per
959 1550 1142 1604 dicere
1171 1552 1305 1606 duas
1339 1563 1563 1608 naturas
1595 1553 1857 1608 iudivisas
1888 1570 2009 1609 cum

431 1639 524 1709 pio
569 1656 762 1704 sensu,
814 1640 958 1695 illam
1004 1643 1168 1696 etiam
1206 1659 1272 1698 ex
1315 1645 1524 1699 duabus
1563 1647 1805 1712 naturis,
1850 1647 2010 1700 simul

2106 457 2360 511 εὐσέϐεια
2382 474 2397 489 ο
2425 457 2486 508 τὸ
2518 455 2792 525 αἱρετικὸν
2825 453 2882 508 δὲ
2911 454 3071 510 πάλιν
3089 457 3294 526 ἑτέροις
3315 456 3528 528 μώμοις
3550 463 3679 514 ἐπι-

2105 550 2282 620 πηδᾷν
2305 548 2404 601 οὐκ
2431 547 2766 618 αἰσχύνεται,
2797 547 2887 600 καί
2919 564 3080 618 φησιν
3103 548 3227 619 ὠςή
3250 550 3394 603 κατὰ
3446 553 3676 622 Καλχη-

2107 642 2233 694 δόνα
2267 641 2311 673 ⁸⁵
2342 639 2558 703 σύνοδος
2585 643 2700 704 τοῖς
2747 639 3020 710 Κυρίλλου
3048 641 3284 712 δόγμασι
3328 643 3579 714 μάχεται.
3621 646 3681 700 '0

2112 733 2335 802 μὲνγὰρ
2368 732 2425 784 ἐν
2442 749 2502 784 τε
2551 735 2672 794 ταῖς
2701 732 2838 802 πρὸς
2876 732 3173 785 Σούκενσον
3222 735 3532 798 ἐπιστολαῖς
3588 739 3685 791 καὶ

2108 822 2341 893 ἀλλαχοῦ
2379 823 2436 875 δὲ
2454 822 2546 876 τὸν
2565 823 2798 892 Χριστὸν
2815 821 3131 892 δογματίζει
3147 825 3193 854 ⁸⁸
3233 826 3297 877 ἐκ
3325 825 3418 878 δύο
3440 826 3683 894 φύσεων,

2110 915 2144 983 ἡ
2179 914 2237 968 δέ
2272 915 2369 985 τὴν
2389 914 2646 984 τοιαύτην
2684 915 2868 985 φωνὴν
2897 915 3297 982 ὀστρακίζουσα
3345 917 3443 971 δύο
3488 919 3685 986 φύσεις

2110 1006 2454 1076 ἁδιαιρέτους
2503 1005 3012 1076 ἀντεχειροτόνησεν
3041 1022 3056 1036 ’
3113 1007 3259 1060 οὕτω
3307 1009 3367 1061 τὸ
3409 1027 3688 1080 συκοφαν-

2111 1101 2224 1150 τεῖν
2262 1097 2355 1150 τοῦ
2377 1097 2664 1167 ἀληθεύειν
2694 1097 2830 1150 πολὺ
2879 1100 2946 1168 τῇ
2991 1099 3202 1168 αἱρέσει
3245 1099 3686 1172 σπουδαιότερον.

2111 1189 2223 1242 Καὶ
2251 1189 2360 1258 γὰρ
2380 1189 2669 1259 Διόσκορον
2695 1191 2729 1258 ή
2757 1188 2996 1255 σύνοδος,
3019 1190 3082 1243 τὸ
3115 1190 3181 1243 ἐκ
3208 1189 3301 1244 δύο
3337 1191 3435 1261 μὲν
3467 1191 3690 1260 φύσεων

2111 1277 2420 1348 δεχόμενον,
2461 1276 2583 1348 [451
2626 1278 2718 1349 IL]
2740 1278 2801 1332 τὸ
2819 1278 2912 1332 δύο
2931 1279 2988 1332 δέ
3017 1278 3207 1349 φύσεις
3229 1281 3330 1335 ούκ
3358 1283 3690 1352 ἀνεχόμενον

2111 1370 2388 1436 δέξασθαι,
2421 1370 2496 1432 ὡς
2538 1371 2608 1422 τὰ
2629 1369 2722 1422 τοῦ
2753 1370 3029 1441 Εὐτυχοῦς
3083 1371 3348 1426 νοσοῦντα
3397 1373 3638 1428 διώσατο
3668 1373 3702 1406 ”

2114 1462 2210 1516 καὶ
2224 1461 2324 1531 οὐχ
2361 1460 2547 1524 ἁπλῶς
2576 1462 2872 1533 ἐξεκήρυξε
2900 1463 2960 1516 τὸ
3002 1465 3066 1516 ἐκ
3103 1464 3196 1517 δύο
3230 1465 3408 1533 λέγειν
3471 1467 3692 1535 φύσεων

2113 1554 2204 1605 τὸν
2228 1552 2490 1622 Χριστὸν,
2521 1552 2656 1606 ἀλλὰ
2688 1555 2750 1606 τὸ
2777 1554 2957 1623 λέγειν
2991 1554 3111 1609 κατ’
3158 1557 3401 1627 Εὐτυχέα
3429 1558 3525 1611 καὶ
3565 1559 3691 1611 Διό-

2118 1661 2336 1716 σκορον.
2370 1645 2468 1698 Διὰ
2498 1646 2678 1715 μέντοι
2697 1645 2791 1699 τοῦ
2822 1646 2914 1699 δύο
2947 1646 3138 1716 φύσεις
3177 1641 3519 1716 ἀδιαιρέτους
3550 1649 3694 1718 μετὰ

436 1730 758 1786 introduxit.
794 1733 928 1799 Quia
969 1734 1242 1805 Eutyches
1278 1751 1309 1790 e
1353 1737 1559 1790 duabus
1599 1736 1737 1791 dixit
1777 1739 2007 1806 naturis,

2115 1736 2212 1806 τῆς
2241 1736 2498 1800 εὐσεϐοῦς
2519 1737 2760 1801 διανοίας
2796 1738 2978 1806 λέγειν
3015 1739 3186 1809 αὐτὴν
3234 1741 3330 1792 καὶ
3357 1741 3417 1801 τὸ
3481 1742 3548 1792 ἐκ
3599 1740 3698 1793 δύο

434 1822 599 1890 impie
625 1839 774 1890 vero,
801 1835 1035 1880 constat.
1070 1825 1181 1880 Non
1211 1827 1374 1896 igitur
1404 1836 1613 1897 gratam
1643 1829 1879 1898 aliquam
1911 1829 2012 1901 Cy-

435 1913 558 1967 rillo
586 1930 796 1982 vocem,
822 1917 915 1971 sed
946 1917 1164 1987 impiam
1202 1920 1460 1991 Eutychis
1488 1923 1815 1976 sententiam
1844 1938 2012 1994 syno-

364 2068 371 2078 η
435 2006 536 2060 dus
561 2007 766 2078 rejecit.
790 2009 1001 2064 Etenim
1032 2014 1329 2065 secundum
1358 2015 1591 2068 medium
1613 2031 1799 2068 earum
1825 2031 2010 2071 rerum

436 2113 554 2167 qua:
574 2098 1074 2171 Chalcedone’gesta
1099 2113 1244 2168 sunt,
1265 2104 1403 2158 lecta
1430 2105 1533 2160 ﬁde
1553 2107 1728 2160 sancti
1749 2107 2012 2176 Flaviani,

435 2189 490 2245 in
521 2207 622 2260 qua
653 2193 951 2260 scriptum:
981 2192 1105 2247 Post
1135 2193 1551 2249 incarnationem
1573 2213 1600 2250 e
1626 2196 1831 2250 duabus
1859 2211 2015 2252 natu-

436 2285 510 2336 ris
545 2295 786 2340 constare
823 2286 1135 2353 conﬁtemur
1166 2285 1466 2351 Christum,
1496 2289 1552 2341 in
1587 2305 1691 2341 una
1720 2287 2012 2358 hpyouasi,

435 2391 642 2446 unaque
685 2393 924 2443 persona,
956 2393 1116 2430 unum
1145 2377 1434 2444 Christum,
1475 2396 1636 2433 unum
1667 2378 1867 2434 Filium
1890 2397 2018 2435 con-

435 2468 662 2535 ﬁtenles,
705 2468 1028 2524 exclamavit
1073 2471 1354 2541 synodus,
1403 2475 1548 2542 ipsos
1575 2474 1655 2527 sic
1681 2473 1921 2540 sentire,
1961 2483 2017 2529 et

435 2557 656 2612 Patrum
687 2559 845 2614 ﬁdem
874 2562 1014 2618 hanc
1043 2578 1165 2617 esse
1189 2578 1538 2634 cognoscere.
1575 2564 1853 2631 Quomodo
1887 2581 2016 2636 ergo

434 2649 553 2704 haec
583 2649 790 2716 dicens,
833 2651 915 2706 vel
946 2667 1069 2708 cum
1105 2652 1309 2725 Cyrillo
1342 2663 1564 2725 pugnat,
1602 2655 1683 2710 vel
1709 2669 2017 2712 asserentes

435 2743 525 2812 pie
567 2758 598 2798 e
648 2744 861 2800 duabus
903 2745 1117 2802 naturis
1158 2747 1481 2802 aversatur?
1523 2746 1651 2803 llaec
1687 2763 2019 2819 persequens

435 2837 724 2906 episcopus
765 2835 1025 2906 Eulogius
1055 2848 1110 2894 et
1149 2840 1575 2895 admonitionem
1609 2841 1882 2912 praedictis
1920 2842 2018 2896 ad-

436 2926 595 2994 dens,
619 2929 686 2981 ad
729 2929 981 2984 unionem
1020 2929 1277 2985 Ecclesia:
1305 2933 1613 2987 desertores
1650 2941 2016 3000 revocantem,

437 3019 680 3074 sermoni
712 3019 876 3074 tinem
911 3019 1166 3090 imponit.

2097 1827 2329 1897 Δφύσεων
2367 1831 2785 1902 συνεισήγαγεν.
2819 1831 2942 1884 Ὀτι
2965 1831 3074 1902 γὰρ
3109 1830 3355 1902 Εὑτυχὴς
3384 1834 3447 1884 ἐκ
3470 1831 3565 1885 δύο
3593 1833 3697 1901 μὲν

2114 1923 2266 1992 ἔλεγε
2292 1925 2526 1992 φύσεων,
2555 1924 2832 1988 δυσσεϐῶς
2861 1925 2938 1990 δέ,
2969 1925 3256 1997 πρόδηλον.
3281 1927 3356 1979 oo
3385 1926 3565 1981 τοίνυν
3591 1926 3699 1996 τὴν

2114 2015 2389 2084 Κυρίλλου
2423 2016 2586 2086 φίλην
2619 2015 2823 2088 φωνὴν,
2853 2016 2990 2070 ἀλλὰ
3017 2017 3114 2087 τὴν
3141 2017 3416 2087 Εύτυχοῦς
3490 2018 3694 2071 δυσσέ-

2115 2105 2268 2160 ϐειαν
2291 2109 2324 2176 ἡ
2361 2107 2579 2172 σύνοδος
2609 2108 2996 2178 ἀπεπέμψατο.
3025 2108 3134 2163 Καὶ
3157 2109 3264 2180 γὰρ
3293 2110 3387 2162 καὶ
3430 2109 3552 2163 κατ’
3596 2110 3698 2162 αύ-

2113 2199 2256 2252 τὸτὸ
2289 2199 2452 2270 μέσον
2500 2198 2610 2254 τῶν
2653 2202 2713 2254 ἐν
2760 2200 3074 2271 Καλχηδόνι
3131 2202 3540 2271 πεπραγμένων
3594 2199 3700 2270 τῆς

2118 2291 2356 2352 πίστεως⁹
2378 2292 2475 2345 τοῦ
2507 2295 2565 2346 ἐν
2594 2292 2770 2361 ἁγίοις
2811 2292 3110 2346 Φλαϐιανοῦ
3154 2292 3697 2362 ἀναγινωσκομένης,

2117 2385 2175 2437 ἐν
2324 2383 2653 2454 ἐγέγραπτο,
2689 2383 2795 2438 Ἐκ
2831 2382 2941 2438 δύο
2978 2384 3222 2453 φύσεων
3284 2382 3703 2452 ὁμολογοῦμεν

2117 2471 2272 2530 εἶναι
2302 2477 2408 2530 τὸν
2433 2477 2692 2544 Χριστὸν
2737 2477 2886 2546 μετὰ
2933 2476 3050 2545 τὴν
3082 2475 3565 2544 ἐνανθρώπησιν,
3626 2473 3702 2526 ἐν

2111 2564 2222 2635 μιᾷ
2257 2565 2613 2632 ὑποστάσει,
2654 2566 2725 2619 ἐν
2775 2567 2869 2621 ἐνὶ
2901 2567 3225 2636 προσώπῳ,
3275 2567 3386 2620 ἕνα
3418 2565 3699 2634 Χριστὸν,

2116 2655 2227 2712 ἕνα
2260 2656 2399 2710 rw»-
2427 2658 2890 2728 ὁμολογοῦντες,
2939 2661 2972 2730 ή
3025 2657 3244 2721 σύνοδος
3271 2657 3556 2727 ἐξεϐόησεν
3598 2657 3702 2708 αύ-

2117 2746 2248 2809 τούς
2281 2764 2342 2800 τε
2373 2748 2518 2807 οὕτω
2545 2751 2764 2818 φρονεῖν
2786 2749 2882 2802 καὶ
2905 2748 3013 2802 τῶν
3050 2749 3310 2820 Πατέρων
3340 2747 3522 2800 πίστιν
3554 2743 3703 2799 εἶναι

2117 2840 2321 2910 ταύτην
2353 2840 2701 2894 ἐπίστασθαι.
2736 2839 2863 2904 Πῶς
2885 2839 2977 2893 οῦν
3002 2841 3030 2911 ἰ]
3059 2839 3233 2893 ταῦτα
3257 2839 3494 2907 λέγουσα
3522 2839 3554 2908 ἢ
3579 2839 3703 2890 Κυ-

2122 2931 2287 3005 ρίλλῳ
2330 2931 2584 3001 μάχεται,
2634 2933 2668 3003 ἢ
2704 2933 2831 2996 τοὺς
2903 2932 3164 3002 λέγοντας
3206 2931 3445 2995 εὐσεϐῶς
3503 2931 3569 2983 ἐκ
3605 2929 3704 2983 δύο

2121 3025 2338 3095 φύσεων
2369 3026 2814 3097 ἀποστρέφεται;
2843 3026 3027 3080 Ταῦτα
3063 3025 3350 3091 διεξελθὼν
3379 3026 3423 3058 ⁸⁷
3454 3027 3482 3078 ὁ
3508 3024 3702 3097 ίεράρ-

439 3129 545 3186 χης
580 3111 860 3183 Εὑλόγιος,
895 3115 991 3168 καὶ
1020 3114 1345 3185 παραίνεσιν
1376 3113 1516 3186 πρὸς
1577 3114 1776 3171 ἕνωσιν
1823 3115 2292 3189 ἐκχλησιαστικήν
2320 3117 2450 3182 τοὺς
2517 3117 2814 3183 διεστῶτας
2871 3116 3300 3190 παρακαλοῦσαν
3363 3118 3476 3181 τοῖς
3545 3116 3707 3187 sim-

439 3209 626 3279 μένοις
654 3208 886 3274 ἐπιθεὶς,
917 3214 1156 3282 περατοῖ
1180 3211 1276 3266 τὸν
1295 3210 1342 3244 ’⁵⁸
1375 3209 1559 3280 λόγον.

511 3300 768 3358 Proxima
830 3321 1050 3376 quoque
1112 3307 1290 3364 oratio
1347 3319 1539 3366 contra
1601 3308 2015 3366 calumniatore:

2200 3303 2312 3358 Καὶ
2357 3303 2387 3357 ὁ
2420 3303 2619 3374 ἐφεξῆς
2640 3303 2698 3356 δὲ
2731 3301 2887 3371 λόγος
2911 3301 3054 3356 κατὰ
3081 3301 3190 3354 τῶν
3217 3298 3572 3366 συκοφαντῶν
3604 3298 3709 3368 τῆς

439 3392 898 3453 Chalcedonensis
928 3399 1117 3468 synodi
1147 3400 1292 3455 serio
1317 3402 1463 3472 agit;
1501 3403 1673 3457 utitur
1699 3416 1830 3458 vero
1851 3402 2017 3456 etiam

440 3485 532 3540 hic
568 3487 815 3557 exelnplo
857 3489 1126 3554 hominis,
1171 3507 1278 3560 quo
1325 3494 1414 3562 pie
1456 3509 1584 3549 usus
1628 3503 1712 3546 est
1759 3491 2015 3562 Cyrillus,

441 3576 605 3646 impie
634 3593 760 3632 vero
782 3595 979 3636 novum
995 3581 1136 3650 quid
1165 3581 1391 3650 profert.
1420 3583 1632 3638 Asserit
1659 3598 1820 3638 uuam
1860 3592 2021 3636 uatu-

440 3683 557 3722 ram
586 3670 651 3722 de
687 3668 927 3736 Christo,
957 3673 1414 3741 quemadmodum
1445 3683 1502 3727 et
1531 3674 1598 3728 de
1637 3673 1858 3728 homine
1887 3673 2016 3728 dici.

440 3759 559 3814 Nisi
583 3771 853 3828 quatenus
887 3778 986 3831 pro
1017 3763 1216 3832 pietate
1249 3763 1379 3832 agit,
1409 3775 1600 3818 contra
1640 3765 1811 3834 ipsam
1845 3766 2022 3832 magis

443 3864 668 3923 pugnat,
702 3853 832 3908 licet
860 3870 966 3909 non
998 3854 1221 3913 sentiat.
1254 3857 1468 3910 Asserit
1501 3857 1645 3910 enim
1679 3857 1745 3911 de
1775 3857 2020 3912 dissimi-

440 3951 583 4007 libus
605 3935 870 4022 partibus,
894 3963 1064 4009 totum
1100 3955 1330 4022 partium
1361 3957 1674 4012 nominibus
1707 3973 1812 4011 non
1840 3953 2022 4012 nomi-

443 4043 584 4108 nari,
608 4044 703 4099 sed
733 4045 951 4114 propria
975 4045 1336 4116 appellatione
1365 4048 1608 4116 agnosci.
1659 4046 1716 4102 Si
1743 4063 1872 4103 vero
1894 4048 2021 4110 hoc,

441 4132 604 4188 unius
635 4148 759 4188 esse
785 4144 1142 4202 cognoscetur
1174 4146 1403 4200 natum,
1444 4134 1673 4190 hatresis
1706 4135 1787 4189 sic
1816 4135 2024 4203 captio-

441 4237 567 4277 nem
619 4225 802 4278 nectit.
849 4223 949 4279 Hic
995 4239 1127 4280 vero
1196 4225 1358 4279 Verbi
1422 4225 1722 4294 discipulus
1763 4223 2024 4292 Eulogius

441 4297 900 4386 vaniloquentiam
951 4317 1097 4371 illius
1131 4318 1464 4387 redargueus
1506 4317 1730 4371 Patrum
1779 4317 2026 4372 testimo-

2119 3397 2179 3450 ἐν
2209 3395 2517 3467 Καλχηδόνι
2571 3394 2790 3448 συνόδου
2822 3392 2924 3463 τὴν
2953 3392 3192 3462 σπουδὴν
3239 3391 3376 3460 ἔχει.
3427 3388 3711 3459 Γυμνάζει

2118 3490 2177 3548 δὲ
2203 3487 2483 3542 κάνταῦθα
2502 3487 2564 3541 τὸ
2593 3487 2737 3542 κατὰ
2771 3486 2865 3540 τὸν
2915 3485 3204 3554 ἄνθρωπον
3241 3483 3627 3554 παράδειγμα,
3657 3476 3709 3548 ᾧ

2119 3581 2392 3652 κέχρηται
2425 3581 2526 3652 μὲν
2573 3579 2843 3648 Κύριλλος
2867 3577 3132 3643 εὐσεϐῶς,
3186 3575 3454 3646 προφέρει
3483 3573 3542 3626 δέ
3580 3573 3711 3626 δυσ-

2123 3675 2296 3738 σεϐῶς
2324 3675 2384 3726 τὸ
2407 3673 2706 3742 ἀλλόφυλον
2731 3688 2747 3703 ·
2784 3671 3050 3743 προφέρει
3073 3671 3183 3741 γὰρ
3216 3671 3303 3722 ἵνα
3346 3669 3478 3738 μίαν
3535 3666 3706 3734 φύσιν

2120 3768 2218 3820 ἐπὶ
2243 3765 2504 3836 Χριστοῦ,
2547 3765 2740 3834 ὥσπερ
2779 3763 2874 3816 καὶ
2905 3763 3001 3816 ἐπὶ
3027 3762 3122 3817 τοῦ
3179 3760 3494 3832 ἀνθρώπου,
3553 3759 3714 3828 λέγε-

2124 3858 2252 3912 σθαι
2279 3855 2604 3928 δογματίσῃ.
2642 3855 2788 3927 Πλὴν
2809 3854 2870 3920 ἐξ
2911 3846 2988 3908 ὧν
3035 3854 3175 3922 ύπέρ
3221 3852 3323 3922 τῆς
3376 3849 3641 3913 ἀσεϐείας
3663 3847 3716 3883 δ’

2125 3950 2438 4014 σπουδάζει,
2467 3947 2590 4002 κατ’
2618 3947 2788 4019 αὐτῆς
2820 3947 3044 4019 μᾶλλον,
3093 3945 3195 3998 κᾶν
3217 3944 3317 3998 οὐκ
3351 3941 3454 4014 ἔχῃ
3479 3939 3582 4011 τὴν
3618 3937 3715 3992 αἴ-

2125 4041 2338 4112 σθησιν,
2369 4038 2730 4106 ἐξοπλίξεται.
2770 4039 2936 4108 Λέγει
2990 4038 3102 4108 γὰρ
3149 4035 3230 4098 ῶς
3294 4033 3392 4087 ἐπὶ
3445 4030 3559 4085 τῶν
3617 4031 3717 4084 ἀν-

2143 4131 2494 4204 ομοιομερῶν
2514 4132 2575 4185 τὸ
2622 4131 2742 4184 ὅλον
2784 4133 2906 4194 ταῖς
2951 4129 3060 4184 τῶν
3093 4126 3276 4199 μερῶν
3311 4122 3716 4196 προσηγορίαις

2123 4224 2224 4276 οὐκ
2260 4222 2606 4292 ὀνομάζεται,
2639 4220 2755 4274 ἀλλ’
2793 4218 3074 4291 ίδιαζούσῃ
3107 4217 3300 4288 κλήσει
3329 4213 3714 4284 γνωρίζεται·

2125 4317 2250 4369 εἰδὲ
2269 4314 2450 4380 τοῦτο,
2501 4316 2597 4368 καὶ
2627 4315 2754 4384 μιᾶς
2804 4312 3187 4382 γνωσθήσεται
3222 4307 3462 4377 φύσεως.
3509 4305 3576 4359 Ἦ
3610 4303 3716 4374 μὲν

443 4407 571 4472 niis,
592 4410 825 4463 ostendit
855 4410 1072 4478 praprie
1096 4417 1151 4462 et
1184 4423 1311 4463 vere
1338 4423 1503 4462 unum
1526 4407 1814 4462 Dominum
1836 4406 2015 4462 Jesum

2126 4409 2340 4480 αἵρεσις
2369 4407 2510 4460 οὕτω
2529 4407 2836 4476 συμπλέκει
2856 4405 2918 4458 τὸ
2941 4405 3204 4472 σόφισμα,
3237 4403 3267 4454 ὁ
3315 4401 3374 4454 δέ
3401 4399 3500 4452 τοῦ
3533 4399 3720 4466 Λόγου

440 4499 718 4555 Christum
755 4510 810 4555 et
844 4499 1013 4555 Deum
1047 4500 1306 4570 appellari
1340 4507 1396 4555 et
1429 4499 1726 4554 hominem.
1765 4501 1943 4566 Quare
1976 4500 2015 4556 si

2130 4501 2379 4573 μαθητὴς
2400 4500 2656 4569 Εὑλόγιος
2681 4499 2744 4551 τὸ
2770 4497 3134 4568 ματαιολόγον
3168 4493 3342 4562 αὐτῆς
3403 4489 3720 4559 ἐξελέγξας,

443 4591 498 4646 in
529 4593 732 4662 quibus
757 4602 928 4648 totum
957 4593 1190 4663 partium
1217 4593 1437 4647 nomina
1469 4607 1574 4647 non
1597 4591 1814 4661 recipit,
1851 4607 2015 4662 neque

2128 4595 2426 4665 πατρικαῖς
2468 4593 2806 4645 ἐπιδείκνυσι
2862 4589 3197 4660 μαρτυρίαις
3257 4587 3464 4656 κυρίως
3507 4601 3570 4638 τε
3624 4584 3725 4638 καὶ

442 4698 551 4737 una
585 4683 878 4746 inducitur.
910 4685 964 4738 in
1001 4686 1198 4755 quibus
1232 4691 1403 4738 totum
1434 4683 1670 4752 partium
1702 4683 2015 4752 appellatio-

2125 4683 2340 4750 ἀληθῶς
2373 4684 2466 4737 τὸν
2491 4684 2590 4738 ’ἐνα
2622 4683 2829 4752 Κύριον
2877 4679 3090 4749 Ἰησοῦν
3143 4677 3380 4749 Χριστὸν
3423 4676 3522 4728 καὶ
3582 4674 3726 4727 Θεὸν

443 4787 543 4828 nes
584 4775 799 4842 pr0prie
838 4776 1099 4845 suscipit;
1150 4773 1206 4829 in
1253 4773 1340 4829 his
1387 4774 1531 4830 enim
1576 4782 1633 4828 et
1671 4789 1776 4827 una
1826 4783 2015 4828 natura

2131 4775 2418 4829 καλεῖσθαι
2456 4778 2549 4830 καὶ⁵
2579 4775 2892 4845 ἄνθρωπον,
2923 4772 3064 4824 ὥστε
3082 4771 3131 4823 εί
3165 4770 3249 4838 ἐφ’
3280 4762 3355 4823 ῶν
3387 4768 3449 4821 τὸ
3465 4767 3589 4821 ὅλον
3619 4767 3727 4830 τὰς

443 4875 824 4933 cognoscetur.

2129 4869 2240 4922 τῶν
2265 4871 2311 4903 ⁸ο
2346 4869 2530 4942 μερῶν
2561 4867 2937 4940 προσηγορίας
2991 4866 3054 4919 ού
3083 4863 3322 4935 δέχεται,
3354 4861 3464 4915 οὐδ’
3522 4861 3556 4930 ὴ
3614 4859 3720 4931 μία

445 4956 846 5024 συνεισάγεται,
877 4957 962 5026 ἐφ’
985 4950 1059 5011 ὧν
1075 4957 1139 5011 τὸ
1156 4957 1278 5014 ὅλον
1305 4959 1351 4992 ⁸⁸
1385 4958 1493 5012 τῶν
1523 4957 1708 5029 μερῶν
1737 4957 1839 5019 τὰς
1873 4957 2100 5029 κλήσεις
2167 4961 2374 5036 κυρίως
2444 4961 2786 5031 ἀναδέχεται,
2841 4959 2928 5012 ἐπ’
2983 4955 3213 5011 ἐκείνων
3267 4956 3314 4988 ⁵³
3351 4954 3448 5008 καὶ
3502 4954 3540 5023 ή
3610 4952 3725 5023 μία

446 5044 608 5116 φύσις
645 5047 1186 5119 συνθεωρηθήσεται.

513 5143 694 5207 Quare
737 5143 963 5217 sapiens
1018 5156 1210 5200 auctor
1269 5144 1488 5199 adducit
1539 5145 1721 5199 divum
1757 5143 2015 5214 Cyrillum

2213 5145 2275 5199 '0
2317 5145 2500 5214 μέντοι
2527 5159 2593 5211 γε
2622 5145 2786 5211 σοφδς
2811 5139 3164 5210 συγγραφεὺς
3192 5135 3432 5206 παράγει
3447 5134 3540 5233 τὸν
3563 5132 3728 5233 ’ξερὸν

445 5234 682 5304 seipsutn
737 5216 1144 5303 elucidanletn,
1216 5237 1487 5306 quomodo
1561 5237 1760 5306 276a
1821 5246 1877 5290 et
1932 5253 2015 5292 cut

2133 5235 2407 5306 Κύριλλον
2438 5234 2818 5306 ἐρμηνεύοντα
2869 5231 3086 5297 ἐαυτὸν,
3109 5229 3260 5292 ὅπως
3306 5227 3400 5280 καὶ
3447 5224 3533 5294 ἐφ’
3556 5216 3604 5293 ᾧ
3641 5221 3729 5293 τῷ

445 5325 695 5395 υκοηιριο
729 5327 967 5384 hominis
996 5344 1126 5384 usus
1153 5327 1244 5384 sit.
1279 5327 1567 5383 Theodoro
1597 5328 1739 5381 enim
1775 5325 2015 5396 Mopsue-

2131 5328 2278 5383 κατὰ
2306 5329 2398 5380 τὸν
2427 5326 2712 5398 ἄνθρωπον
2761 5324 3038 5395 ἐχρήσατο
3093 5317 3529 5391 παραδείγματι.
3584 5314 3728 5367 Θεο-

1711 5488 1950 5545 VARIIE
1991 5485 2398 5544 LECTIONES.

547 5601 591 5636 “
627 5600 721 5658 οὖν
745 5604 866 5656 add.
903 5603 968 5658 A.
1074 5604 1119 5637 ⁸³
1169 5613 1225 5656 et
1301 5600 1474 5666 infra,
1522 5600 1696 5654 Χαλκ.
1729 5602 1790 5654 Β.
1923 5598 1968 5629 ⁸⁸
1990 5600 2056 5652 ἐκ
2082 5597 2178 5650 δύο
2204 5595 2519 5666 δογματίζει
2556 5613 2619 5666 ς.
2693 5595 2738 5666 ‘f"
2771 5591 2943 5666 ταῦτα
2969 5592 3026 5645 δὲ
3074 5590 3209 5666 διεξ.
3248 5607 3309 5666 ς.
3343 5659 3357 5666 _
3390 5586 3438 5619 “
3466 5585 3559 5641 τδν
3585 5582 3728 5641 add.

450 5673 496 5727 Α
595 5655 1059 5746 θίασεϐείαςγίιιε.
1091 5692 1106 5730 :
1149 5655 1269 5730 libri
1301 5655 1602 5736 εὐσεϐείας,
1679 5674 1724 5704 ⁵ο
1765 5673 1862 5735 τὰς
1898 5671 2028 5724 τῶν.
2105 5671 2148 5701 ⁵⁸
2180 5669 2241 5722 τὸ
2269 5655 2391 5723 ὅλον
2418 5655 2528 5724 οἰιι.
2555 5655 2618 5722 Β.
2688 5665 2742 5728 ,⁸⁸
2769 5664 2993 5719 ἐκείνων
3029 5661 3139 5734 γὰρ
3174 5655 3288 5716 atat
3333 5659 3369 5730 ὴ
3413 5674 3473 5723 ς’.
