3964 6246
304 199 440 266 1053

1287 202 1812 265 BIBLIOTHECA.
1849 230 1916 240 —
1953 204 2118 267 COD.
2163 205 2430 270 CCXXX.

3395 210 3532 278 1054

298 315 471 384 δώρου
511 311 620 385 γὰρ
647 312 740 367 τοῦ
762 313 1142 384 Μοψουεστίας
1167 315 1229 370 τὸ
1269 317 1411 371 κατὰ
1431 317 1523 371 τὸν
1573 317 1859 388 ἄνθρωπον

1983 319 2079 374 :tiaa
2104 320 2400 375 humanum
2425 323 2734 391 exemplum
2760 323 3152 388 calumniante,
3183 335 3242 380 ut
3265 339 3371 380 non
3400 341 3531 382 con-

298 406 733 470 ὲνδιαὸἀλλοντος
778 406 1129 478 παράδειγμα
1173 407 1248 472 ὡς
1296 409 1543 479 ὑπάρχον
1599 409 1679 479 τῷ
1717 408 1863 463 κατά

298 496 533 566 Χριστὸν
563 497 847 567 μυστηρίῳ
884 497 1244 568 ἀνάρμοστον,
1266 498 1438 562 οὕτως
1466 502 1526 553 ὲν
1583 499 1662 570 τῷ
1705 499 1860 566 λεγοο

301 589 454 660 μένῳ
483 590 687 660 πρώτῳ
715 591 867 660 τόμῳ
906 590 1275 662 ἀνθυποφέρει
1324 595 1353 647 ὁ
1378 591 1644 662 Κύριλλος
1667 609 1681 622 ⁸
1715 593 1864 645 Ἕνα

299 681 401 734 καὶ
453 681 562 735 τὸν
609 683 797 735 αὐτὸν
849 680 994 734 ὄντα
1041 682 1414 752 γινώσκομεν
1465 682 1562 736 καὶ
1613 683 1682 736 ἑκ
1716 683 1863 737 Θεοῦ

299 773 535 840 Πατρός
566 770 772 837 θετκῶς
825 770 950 843 [857
987 773 1074 844 R.]
1118 773 1220 828 καί
1250 774 1319 826 ἐκ
1376 773 1662 844 γυναικὸς
1714 774 1866 827 κατὰ

300 863 501 930 σάρκα
533 879 546 892 ’
603 863 939 930 κεχρήμεθα
987 863 1056 916 δὲ
1116 863 1190 932 τῇ
1237 863 1345 917 τοῦ
1390 864 1866 933 παραδείγματος

303 955 491 1023 χρείᾳ,
525 955 849 1023 τηροῦντες
877 955 1186 1022 πανταχοῦ
1213 954 1288 1024 τῇ
1332 954 1545 1009 ἐνώσει
1590 956 1657 1008 τὸ
1698 955 1867 1010 ἀδιά-

302 1061 606 1112 σπαστον,
686 1048 787 1101 καὶ
844 1050 959 1112 τὴν
1041 1048 1335 1116 διαίρεσιν
1406 1050 1866 1118 παρωθούμενοι.

316 1138 564 1202 Ἀκούεις
593 1139 680 1207 ἐφ’
708 1133 753 1208 ᾧ
774 1140 820 1172 ⁵³
855 1140 1121 1211 Κύριλλος
1153 1138 1572 1210 παραλαμϐάνει
1607 1142 1668 1194 τὺ
1691 1142 1870 1214 παρά-

301 1230 533 1300 δειγμα·
565 1232 626 1284 οὐ
679 1231 789 1302 γάρ
829 1232 918 1286 ἵνα
966 1234 1031 1286 σὺ
1098 1233 1226 1302 μίαν
1288 1234 1384 1287 τοῦ
1428 1235 1663 1305 Χριστοῦ
1709 1235 1871 1304 φύσιν

305 1319 437 1391 [452
471 1318 563 1391 IL]
603 1321 1019 1392 καινολογήσῃς,
1051 1321 1165 1374 ἀλλ’
1211 1321 1298 1374 ἵνα
1337 1321 1610 1392 Θεόδωρος
1641 1321 1733 1374 καὶ
1763 1322 1871 1374 Νε-

307 1411 966 1483 στόριοςκαταισχυνθῶσι
995 1414 1062 1483 τῇ
1090 1412 1183 1466 τοῦ
1209 1413 1652 1484 παραδείγματος
1686 1413 1865 1484 χρείᾳ,

305 1503 604 1574 τηροῦντος
623 1503 718 1557 τοῦ
755 1504 902 1575 ίεροῦ
932 1503 1202 1573 Κυρίλλου
1241 1507 1310 1575 τῇ
1360 1503 1551 1559 ἑνώσει
1603 1503 1666 1558 τὸ
1697 1505 1874 1574 ἄτμη-

287 1594 402 1652 ,τόν
433 1612 492 1648 τε
521 1596 616 1650 καὶ
645 1595 1034 1651 ἀδιάσπαστον.
1088 1598 1160 1650 Σὺ
1195 1597 1242 1650 δ’
1291 1599 1422 1661 ίσως
1454 1595 1763 1650 ἀκολουθῶν
1791 1595 1870 1667 τῷ
1901 1624 1944 1678 Β

310 1687 720 1757 παραδείγματι
741 1687 862 1741 οὐδὲ
887 1688 1021 1742 Θεὸν
1046 1689 1168 1742 οὐδὲ
1208 1688 1494 1758 ἄνθρωπον
1527 1687 1734 1758 κυρίως
1792 1689 1873 1741 εί-

310 1779 437 1833 πεῖν
469 1779 728 1848 ἀνάσχοιο
753 1780 822 1833 ἂν
850 1779 943 1833 τὸν
991 1781 1246 1850 Χριστὸν,
1299 1780 1432 1833 διότι
1451 1780 1576 1834 οὐδὲ
1609 1781 1638 1832 ό
1666 1778 1868 1850 ἀνορω-

291 1883 436 1937 ςπος,
462 1867 526 1920 τὸ
545 1869 920 1939 παράδειγμα,
955 1869 1078 1923 οὔτε
1105 1871 1261 1942 σῶμα
1286 1871 1491 1940 κυρίως
1519 1870 1642 1925 οὔτε
1701 1871 1871 1942 ψυχὴν

309 1960 358 2012 εί
383 1959 430 1991 ⁸⁸
450 1959 686 2031 ὲκὸιάσῃ
711 1961 885 2015 ταῦτα
913 1962 1094 2032 λέγειν
1121 1965 1303 2027 αὑτὸν,
1330 1963 1462 2017 διότι
1482 1965 1574 2018 ἐπὶ
1595 1965 1698 2036 τῆς
1728 1964 1871 2019 κατά

311 2053 550 2122 Χριστὸν
575 2054 887 2126 ἀπορρήτου
909 2057 1178 2120 ὲνὼσεως,
1211 2057 1271 2122 ἐξ
1290 2052 1366 2112 ὧν
1381 2057 1540 2121 αὐτὸς
1571 2057 1875 2127 σύγκειται,

310 2144 486 2198 ταῦτα
515 2145 991 2216 κυρίωςλέγεται.
1018 2150 1091 2202 Οὐ
1120 2149 1322 2214 τοίνυν,
1363 2151 1467 2204 κᾶν
1505 2151 1533 2204 ό
1592 2149 1878 2224 ἄνθρωπος

314 2241 446 2308 μιᾶς
476 2240 689 2309 λέγοιτο
717 2241 953 2311 φύσεως,
988 2243 1166 2308 οὐδεὶς
1211 2244 1533 2308 ἀκολουθίας
1583 2245 1879 2314 ἀπαιτήσει

311 2332 474 2400 λόγος
507 2333 605 2387 καὶ
654 2333 746 2388 τὸν
806 2334 1039 2402 Χριστὸν
1075 2335 1205 2404 μιᾶς
1263 2335 1530 2408 ὑπάρχειν
1583 2337 1672 2389 διὰ
1721 2335 1882 2389 τοῦτο

310 2424 554 2492 φύσεως.
586 2426 677 2478 Διὸ
700 2426 795 2478 καὶ
819 2424 1086 2497 Κύριλλον
1111 2427 1156 2461 ⁸⁸
1179 2426 1271 2480 τὸν
1297 2427 1595 2497 θαυμάσιον
1624 2427 1753 2496 μίαν
1784 2428 1883 2498 μὲν

309 2517 405 2568 τὸν
449 2515 738 2586 ἄνθρωπον
788 2515 952 2583 φύσιν
1007 2518 1264 2588 εὑρήσεις
1331 2517 1579 2586 λέγοντα,
1646 2517 1777 2588 μίαν
1825 2518 1884 2572 δὲ

311 2604 478 2674 φύσιν
505 2606 727 2659 εἰπόντα
751 2606 844 2659 τοῦ
883 2607 1120 2675 Χριστοῦ
1151 2607 1252 2659 οὑκ
1284 2607 1349 2659 ἂν
1393 2608 1672 2679 φωράσῃς.
1720 2607 1781 2659 Ei
1825 2607 1885 2660 δέ

309 2712 401 2759 τις
424 2695 520 2749 δύο
549 2695 741 2766 φύσεις
763 2697 997 2751 δέδοικεν
1020 2700 1214 2760 εἰπεῖν,
1253 2698 1340 2750 ἵνα
1367 2698 1441 2768 μὴ
1459 2698 1723 2768 διαίρεσιν
1758 2715 1886 2750 συν-

310 2786 534 2858 εισάξῃ,
585 2787 803 2856 πρῶτον
834 2789 932 2857 μὲν
973 2787 1146 2852 οὕτως
1173 2787 1361 2851 ἁπλῶς
1393 2787 1529 2858 μηδὲ
1558 2787 1766 2856 λεγέτω
1794 2787 1888 2841 δύο

316 2880 536 2949 φύσεις,
559 2879 902 2949 «poet-Locro)
931 2880 989 2933 δὲ
1007 2880 1068 2932 τὸ
1096 2879 1421 2950 ἀδιαίρετον,
1453 2875 1573 2932 εἶτα
1599 2878 1890 2949 συνομολο-

317 2969 490 3038 γείτω
514 2970 610 3023 καὶ
635 2970 693 3025 ἓν
715 2971 762 3002 ⁵⁸
799 2971 921 3024 καθ’
950 2971 1245 3025 ὑπόστασιν
1274 2971 1562 3042 πρόσωπον
1615 2971 1712 3025 καὶ
1753 2970 1883 3041 μίαν

316 3059 648 3124 ὑπόστασιν,
671 3058 706 3130 ἢ
735 3060 851 3115 ἀντ’
885 3059 1087 3126 αὐτῶν,
1137 3062 1187 3113 εί
1216 3060 1395 3130 βούλει
1417 3061 1485 3127 ⁸²,
1517 3060 1580 3112 τὸ
1612 3059 1742 3130 μίαν
1791 3058 1887 3114 τοῦ

311 3149 493 3218 Λόγου
530 3149 693 3218 φύσιν
753 3150 1202 3222 σεσαρκωμὲνην.
1243 3149 1429 3204 Ταῦτα
1480 3149 1590 3219 γὰρ
1632 3151 1661 3204 ὁ
1715 3149 1891 3218 λέγων

307 3241 462 3295 κατά
488 3239 586 3294 τὸν
619 3240 874 3311 γνώμονα
897 3243 1000 3312 τῆς
1033 3241 1319 3312 ἀκριϐείας
1369 3240 1639 3312 Κύριλλον
1688 3241 1790 3294 οὐκ
1823 3240 1891 3294 ἂν

315 3333 442 3387 οὐδὲ
472 3333 838 3403 συκοφάνταις
871 3332 1152 3402 παράσχου
1169 3332 1216 3364 ⁵⁸
1252 3331 1424 3402 λαϐὴν
1477 3329 1554 3394 ὡς
1589 3331 1890 3402 ’διαίρεσιν

314 3424 655 3494 δογματίσας
688 3423 797 3477 τῶν
824 3423 1062 3492 φύσεων.
1094 3422 1204 3476 Καὶ
1237 3421 1348 3495 γὰρ
1376 3421 1470 3476 καὶ
1505 3421 1616 3477 τῶν
1632 3424 1675 3456 ⁸⁸
1699 3423 1892 3477 ἀνατοσ

315 3517 488 3571 λικῶν
510 3516 606 3570 δύο
628 3517 819 3586 φύσεις
855 3516 1142 3582 εἰπόντων,
1178 3516 1274 3570 καὶ
1305 3517 1662 3585 συκοφαντεῖν
1694 3515 1893 3580 αὐτοὺς

314 3611 398 3675 ὡς
422 3611 764 3682 διαιροῦντας
787 3609 990 3681 ἐτέρων
1042 3608 1396 3677 κινηθέντων,
1452 3607 1590 3679 πρὸς
1631 3607 1888 3661 Ἀκάκιον

316 3703 572 3771 γράφων,
597 3700 787 3771 ἐπειδὴ
813 3700 950 3770 μετά
980 3699 1074 3752 τοῦ
1097 3699 1274 3752 εἰπεῖν
1308 3698 1402 3752 δύο
1435 3699 1626 3768 φύσεις
1683 3700 1778 3752 καὶ
1833 3696 1895 3751 τὸ

315 3791 627 3862 ἀδιαίρετον
658 3791 902 3862 συνῆψαν
929 3790 1025 3844 καὶ
1059 3791 1118 3842 ὲν
1144 3789 1226 3843 ἐνὶ
1260 3790 1357 3843 καὶ
1386 3790 1464 3859 τῷ
1494 3787 1645 3859 αὐτῷ
1672 3787 1896 3861 Χριστῷ

316 3882 420 3945 τὰς
449 3882 544 3934 δύο
583 3881 775 3950 φύσεις
807 3881 941 3952 όρᾷν
970 3881 1358 3952 ὡμολόγησαν,
1406 3880 1572 3933 τέκνα
1623 3880 1720 3952 μὲν
1774 3879 1896 3933 δια-

319 3973 480 4028 ϐόλου
505 3975 631 4039 τοὺς
668 3973 1013 4042 συκοφάντας
1056 3973 1369 4042 ἀποφαίνει,
1397 3973 1526 4036 τοὺς
1560 3972 1618 4026 δὲ
1659 3972 1900 4044 διομολο·

319 4065 555 4134 γοῦντας
577 4065 730 4128 κατά,
747 4065 809 4118 τὸ
833 4065 1092 4135 φρόνημα
1119 4063 1227 4118 τῶν
1249 4064 1588 4119 ἀνατολικῶν
1635 4063 1898 4119 ἀδύνατόν

319 4172 457 4210 ποτε
486 4156 753 4228 διαίρεσιν
789 4157 1052 4226 εἰσάγειν.
1108 4156 1251 4226 Ὅρα
1301 4156 1358 4208 δὲ
1390 4156 1485 4209 καὶ
1549 4156 1889 4222 Ἀθανάσιον,

319 4241 412 4301 οἷα
433 4248 564 4318 περὶ
582 4249 678 4318 τῆς
703 4247 1168 4318 ἑνανϐρωπήσεως
1191 4245 1286 4301 τοῦ
1306 4246 1483 4314 Λόγου
1501 4248 1727 4318 γράφων
1757 4248 1901 4302 κατὰ

1964 413 2188 468 veniens
2210 413 2407 467 Christi
2439 416 2715 482 mysterio,
2740 417 2820 472 sic
2846 426 2902 470 et
2934 417 2988 471 in
3019 417 3164 472 dicto
3199 426 3343 471 tomo
3384 415 3404 469 Ι
3451 432 3533 473 re-

1964 511 2168 572 pugnat
2185 500 2447 572 Cyrilltts:
2473 501 2650 558 Unum
2679 513 2730 558 et
2760 507 2997 560 eumdem
3023 523 3133 560 esse
3150 507 3534 576 cognoscimus,

1963 602 2010 645 et
2029 609 2056 646 e
2086 591 2191 646 Deo
2222 591 2384 647 Patre
2423 595 2597 648 divine
2629 604 2677 648 et
2698 612 2726 650 e
2745 597 2962 650 muliere
2985 599 3276 650 secundum
3299 612 3531 651 carnem.

1966 680 2010 736 U
2019 684 2179 737 timur
2206 696 2379 738 autem
2412 685 2676 754 exemplo,
2713 698 2972 740 servantes
2997 689 3187 756 ubique
3216 686 3408 740 unione
3447 703 3534 740 sn-

1965 772 2246 837 divulsum,
2272 774 2576 827 diuisionem
2600 774 2912 842 rejicientes.
2941 776 3109 829 Audis
3131 779 3273 829 unde
3295 775 3533 844 Cyrinus

1964 867 2268 932 exemplum
2300 877 2519 919 sumat:
2559 881 2664 919 non
2694 871 2839 920 enim
2877 876 2934 920 ut
2965 877 3018 921 tu
3043 885 3202 921 unam
3237 869 3291 922 in
3316 867 3536 923 Christo

1965 965 2214 1010 naturam
2239 971 2376 1010 nove
2398 957 2586 1026 ﬁngas,
2613 972 2797 1011 verum
2829 968 2890 1012 ut
2915 957 3234 1012 Theodorus
3260 967 3315 1012 et
3343 957 3534 1011 Nesto-

1970 1046 2082 1100 rius
2122 1047 2397 1116 pudeﬁant
2433 1049 2666 1118 exempli
2717 1064 2814 1103 usu
2859 1057 3110 1104 servante
3137 1051 3296 1104 beato
3337 1048 3539 1121 Cyrillo

1969 1138 2168 1191 unione
2221 1139 2477 1193 sectionis
2525 1154 2717 1208 expers
2763 1150 2820 1195 et
2871 1141 3222 1196 indivulsum.
3276 1141 3356 1195 Tu
3408 1157 3540 1196 vero

1969 1227 2195 1283 forsitan
2234 1230 2538 1298 exemplum
2564 1241 2804 1296 secutus,
2834 1247 3007 1302 neque
3035 1233 3200 1287 Deum
3231 1248 3406 1303 neque
3438 1233 3539 1288 lto-

1971 1320 2170 1374 minem
2195 1321 2412 1390 preprie
2433 1311 2627 1377 dicere
2645 1325 2919 1379 sustineas
2947 1313 3197 1380 eittndem
3229 1325 3540 1380 Christum?

1971 1410 2104 1478 Quia
2132 1428 2306 1483 neque
2335 1415 2496 1468 homo
2517 1414 2849 1484 exemplum,
2877 1431 3052 1486 neque
3075 1432 3271 1486 corpus
3296 1418 3537 1487 proprie,

1974 1519 2147 1574 neque
2166 1505 2372 1570 anima,
2399 1507 2444 1560 si
2470 1522 2633 1577 cogas
2661 1523 2783 1562 eum
2816 1511 2928 1562 hme
2954 1508 3134 1563 dicere
3159 1526 3174 1563 :
3203 1510 3546 1578 quandoqui-

1973 1596 2092 1651 dem
2123 1596 2190 1651 de
2219 1597 2414 1652 unione
2452 1598 2712 1652 inellabili
2745 1601 2797 1665 in
2827 1600 3068 1662 Christo,
3098 1599 3240 1653 unde
3267 1601 3382 1668 ipse
3413 1616 3543 1654 con—

1975 1696 2118 1754 stat,
2158 1690 2383 1760 proprie
2409 1691 2526 1744 haec
2553 1691 2830 1747 dicuntur.
2875 1691 2991 1746 Non
3028 1692 3190 1762 igitur
3218 1692 3343 1746 licet
3385 1693 3548 1746 homo

1976 1781 2136 1839 unius
2191 1783 2400 1836 dicatur
2466 1793 2718 1848 naturae,
2781 1783 2886 1837 ulla
2943 1784 3348 1852 consequentia:
3407 1783 3548 1836 ratio

1975 1873 2174 1940 exiget,
2204 1882 2257 1927 et
2293 1874 2570 1928 Christum
2599 1875 2763 1930 unius
2807 1889 2929 1930 esse
2955 1876 3074 1930 ideo
3111 1885 3335 1929 naturae.
3367 1874 3550 1940 Quare

1976 1973 2032 2018 et
2055 1960 2426 2019 admirandum
2451 1965 2596 2020 illuni
2625 1965 2906 2036 Cyrillum,
2937 1983 3098 2022 unam
3127 1968 3344 2038 quidem
3375 1966 3553 2021 homi-

1977 2071 2102 2109 nem
2139 2066 2472 2110 asserentem
2517 2065 2766 2110 naturam
2819 2057 3080 2121 invenies,
3127 2073 3286 2110 unam
3319 2072 3447 2111 vero
3467 2055 3554 2109 di-

1978 2157 2190 2216 centem
2223 2147 2425 2202 Christi
2449 2162 2554 2201 non
2590 2148 2989 2217 deprehendes.
3018 2147 3076 2202 Si
3108 2161 3238 2202 vero
3269 2149 3403 2200 duas
3429 2145 3553 2214 quis

1979 2249 2200 2294 naturas
2229 2249 2435 2294 metuat
2457 2239 2659 2302 dicere,
2687 2256 2754 2293 ne
2783 2238 3102 2295 divisionem
3131 2239 3389 2292 inducat:
3435 2238 3549 2305 pri-

1983 2347 2130 2386 tuum
2163 2333 2381 2403 quidem
2427 2332 2563 2387 adeo
2604 2331 2964 2401 simpliciter,
3008 2345 3182 2398 neque
3227 2329 3370 2384 dicat
3417 2329 3554 2383 duas

1981 2431 2237 2488 naturas,
2285 2430 2520 2491 apponat
2567 2435 2695 2475 vero
2734 2420 3013 2484 iudivisas,
3044 2418 3238 2473 deinde
3289 2416 3552 2472 conﬁtea-

1984 2525 2072 2568 tur
2095 2523 2150 2568 et
2175 2529 2334 2567 uuam
2365 2512 2759 2584 hypostaticam
2786 2525 3094 2581 personam,
3123 2519 3178 2564 et
3203 2524 3364 2564 unam
3389 2510 3558 2580 hypo-

1984 2607 2195 2662 stasin:
2225 2616 2319 2660 aut
2354 2605 2570 2660 illorum
2601 2603 2736 2669 loco,
2777 2603 2822 2658 si
2852 2604 2973 2672 quis
3005 2603 3170 2666 volet,
3201 2616 3363 2655 unam
3390 2599 3557 2655 Verbi

1986 2709 2231 2754 naturam
2260 2699 2618 2752 incarnatam.
2646 2695 2759 2751 Hoc
2784 2696 2948 2766 igitur
2969 2697 3035 2749 ad
3053 2703 3561 2749 accuratamamus-

1986 2791 2088 2845 sim
2121 2790 2292 2855 dicto,
2326 2788 2562 2860 Cyrillus
2592 2801 2768 2858 neque
2795 2787 3206 2841 accusatoribus
3235 2785 3439 2854 praebet
3467 2799 3563 2839 oc-

1987 2881 2261 2938 casionem
2318 2881 2476 2950 quasi
2531 2880 2736 2936 divisas
2790 2881 2992 2934 docens
3051 2890 3295 2934 naturas.
3347 2877 3560 2931 Etenim

1913 2998 1958 3058 α
1988 2975 2354 3031 Orientalibus
2401 2975 2536 3029 duas
2572 2981 2796 3027 naturas
2827 2972 3173 3040 ’diccntihus,
3206 2984 3260 3026 et
3291 2971 3414 3025 aliis
3444 2969 3564 3025 illos

1989 3065 2369 3120 accusantibus
2439 3062 2594 3133 quasi
2625 3061 2854 3118 alteram
2895 3063 2962 3118 ab
2986 3063 3154 3117 altera
3199 3063 3462 3127 dividant,
3492 3060 3564 3116 ad

1989 3157 2248 3213 Acacium
2287 3155 2757 3223 scribit..Quando
2793 3158 2930 3211 duas
2970 3165 3190 3210 naturas
3230 3155 3479 3220 dicendo,
3507 3162 3566 3210 et

1991 3248 2324 3304 individuum
2355 3247 2677 3317 adiunxere,
2704 3256 2758 3299 et
2788 3247 2840 3300 in
2873 3262 2980 3301 uno
3015 3248 3316 3315 eodemque
3345 3244 3566 3300 Christo

1991 3339 2126 3394 duas
2156 3349 2378 3393 naturas
2407 3353 2468 3392 se
2500 3338 2686 3393 videre
2715 3337 2895 3393 testati
2931 3347 3056 3392 sunt
3085 3355 3100 3390 :
3129 3339 3566 3392 contradicentes

1992 3429 2226 3484 liliorum
2263 3428 2465 3484 diaboli
2494 3429 2615 3484 loco
2645 3437 2815 3483 tenet.
2848 3429 2951 3497 Qui
2982 3443 3110 3483 vero
3141 3429 3284 3482 idem
3324 3429 3572 3482 sentiunt

1998 3521 2144 3590 quod
2189 3519 2517 3582 Orientales,
2546 3519 2879 3587 impossibile
2916 3529 3003 3573 est
3045 3518 3332 3589 aliquando
3357 3517 3577 3573 divisio-

1994 3627 2116 3668 nem
2162 3611 2436 3667 inducere.
2489 3611 2623 3666 Vide
2668 3611 2833 3666 etiam
2881 3611 3275 3676 Athanasium,
3338 3625 3458 3680 quae
3501 3611 3570 3664 de

1994 3705 2373 3761 incarnatione
2423 3703 2580 3759 Verbi
2633 3704 2878 3759 scribens
2920 3713 3107 3757 contra
3161 3702 3578 3774 Apollinaristas

1995 3797 2238 3866 exponit.
2264 3795 2400 3850 Cum
2428 3796 2573 3850 enim
2604 3795 2736 3851 dicit
2762 3809 2858 3864 per
2908 3794 3102 3865 276h
3135 3805 3384 3862 utraque,
3415 3807 3576 3869 nemp

1995 3888 2429 3946 Christianorum
2451 3889 2762 3957 suspicatus
2785 3897 2868 3941 est
2892 3902 2989 3954 per
3011 3886 3327 3940 dualitatem
3351 3884 3578 3939 divisio-

1997 3996 2121 4036 nem
2150 3980 2289 4035 lieri.
2322 3979 2460 4034 Dicit
2483 3995 2610 4035 vero
2631 3993 2647 4032 :
2668 3977 2775 4034 Sed
2791 3979 2882 4049 qui
2904 3988 2977 4032 est
3000 3988 3192 4031 natura
3222 3977 3386 4042 Deus,
3420 3991 3574 4046 gene-

1999 4076 2150 4121 ratur
2169 4069 2343 4133 ltomo,
2366 4077 2423 4122 ut
2449 4078 2670 4137 utraque
2690 4067 2796 4120 sint
2820 4082 2954 4120 unus
2983 4067 3261 4135 perfectus,
3279 4082 3370 4135 per
3390 4065 3575 4118 omnia

1998 4161 2137 4215 idem
2176 4161 2334 4224 Deus,
2362 4169 2413 4214 et
2442 4164 2614 4214 homo.
2657 4159 2762 4214 Sed
2800 4169 2851 4213 et
2889 4156 3182 4228 Gregorius
3215 4169 3576 4226 cognomento

2001 4253 2304 4322 Theologns
2338 4253 2389 4306 in
2420 4253 2752 4320 Apologetico
2782 4253 2895 4304 ait:
2929 4250 3333 4322 lloc_ea:inanita
3386 4249 3578 4315 deitas,

319 4345 433 4392 τῶν
464 4338 536 4392 τὰ
593 4338 971 4408 Ἀπολιναρίου
1039 4337 1338 4392 νοσούντων
1369 4337 1664 4392 ἐκτίθεται.
1706 4339 1883 4407 Λέγωι

2000 4346 2098 4397 hoc
2122 4355 2389 4412 assumpta
2415 4359 2571 4410 caro,
2616 4343 2712 4396 hoc
2747 4358 2877 4396 nova
2909 4342 3082 4394 mistio
3104 4381 3118 4408 ,
3150 4341 3289 4393 Deus
3321 4350 3368 4393 et
3399 4341 3578 4404 homo,

321 4433 432 4503 γὰρ
463 4433 554 4486 διά
576 4432 672 4486 τοῦ
701 4433 941 4504 ἑκάτερα
969 4430 1030 4484 τὸ
1057 4431 1150 4485 δύο
1180 4432 1312 4503 παρ’
1346 4432 1560 4494 οὐδενὸς
1591 4432 1700 4484 τῶν
1739 4433 1897 4485 εὐσε-

321 4523 434 4598 ρὦ
465 4524 711 4592 εἰσάγειν
739 4525 1012 4598 ὑπενοήθη
1033 4525 1319 4596 διαίρεσιν.
1349 4523 1514 4591 Λέγει
1546 4523 1603 4575 δέ
1629 4540 1642 4554 ο
1677 4523 1836 4577 Ἀλλ’
1866 4525 1900 4577 ό

319 4597 406 4668 ὧν
431 4618 616 4685 φύσει
644 4618 789 4684 Θεὸς
811 4616 1091 4688 γεννᾶται
1125 4617 1458 4685 ἅνθρωπος,
1492 4616 1594 4669 ἵνα
1630 4611 1717 4681 εἷς
1749 4610 1791 4686 ᾖ
1817 4616 1902 4684 ⁸τὰ

321 4707 578 4777 ἑκάτερα
604 4709 852 4776 τέλειος,
881 4710 1032 4764 κατὰ
1056 4710 1256 4762 πάντα
1280 4707 1425 4773 Θεὸς
1457 4706 1558 4762 καὶ
1589 4707 1900 4774 ἄνθρωπος

323 4801 359 4852 ὁ
386 4791 775 4865 αὐτός.’1ίαὶό
798 4801 1061 4870 Θεολόγος
1105 4801 1162 4854 δὲ
1205 4800 1506 4870 Γρηγόριος
1541 4800 1599 4851 ἐν
1632 4797 1900 4868 τῷἈπο-

323 4889 624 4960 λογητικῷ
651 4911 783 4964 φησι
807 4910 822 4923 ο
849 4893 1032 4949 Τοῦτο
1053 4894 1092 4961 ἡ
1115 4891 1445 4948 κενωθεῖσα
1467 4890 1698 4956 θεότης,
1723 4889 1900 4943 τοῦτο

324 4981 368 5051 ἠ
406 4984 872 5053 προσληφθεῖσα
929 4985 1109 5052 σὰρξ,
1162 4983 1341 5038 τοῦτο
1387 4981 1426 5049 ἠ
1488 4980 1670 5047 καινή
1716 4981 1902 5048 μίξις,

331 5073 474 5139 Θεὸς
506 5075 603 5128 καὶ
630 5075 965 5144 ἅνθρωπος,
1017 5074 1087 5128 ἓν
1117 5075 1190 5129 ἐκ.
1239 5073 1433 5139 δυοῖν,
1489 5072 1590 5126 καὶ
1645 5071 1720 5124 δι’
1763 5071 1902 5136 ἑνὸς

2003 4455 2165 4491 unum
2207 4452 2235 4489 e
2269 4435 2504 4498 duobus,
2533 4444 2582 4488 et
2621 4449 2712 4503 per
2750 4449 2912 4486 unum
2951 4443 3190 4504 utraque.
3226 4430 3293 4485 Et
3335 4447 3467 4486 sane
3509 4431 3576 4486 ad

2002 4528 2347 4582 Valerianum
2408 4526 2576 4580 Iconii
2644 4527 2956 4595 episcopum
3010 4525 3253 4578 scribens
3305 4523 3576 4595 Cyr-illus:

2005 4617 2181 4683 Quare
2225 4634 2289 4671 ea:
2323 4617 2580 4686 confesso,
2620 4617 2825 4686 inquit,
2865 4615 3004 4684 quod
3045 4633 3078 4668 a
3121 4631 3277 4668 carne
3312 4631 3437 4668 caro
3467 4617 3582 4681 ξεττ,

2003 4710 2141 4779 quod
2161 4725 2186 4761 e
2212 4707 2317 4762 Deo
2350 4707 2510 4764 Deus.
2551 4707 2645 4761 Est
2675 4723 2792 4761 vero
2823 4705 3109 4759 secundum
3159 4706 3328 4771 ipsum
3364 4715 3583 4774 utraque
3656 4707 3662 4738 ί

2005 4801 2279 4866 Christus;
2308 4809 2367 4855 ut
2399 4815 2532 4869 ergo
2570 4815 2676 4854 non
2719 4799 2908 4853 dividit
2929 4799 3090 4866 {Deus
3129 4807 3194 4873 et,
3227 4797 3388 4852 homo
3415 4812 3583 4852 unum

2006 4890 2322 4955 Christum,
2369 4905 2543 4958 neque
2569 4891 2735 4944 dictio
2777 4897 3049 4958 utraque:
3105 4888 3186 4944 sic
3228 4904 3401 4957 neque
3452 4886 3585 4942 illud

2006 4982 2133 5049 duo,
2177 4982 2277 5038 nisi
2304 4981 2445 5050 quod
2483 4981 2722 5035 nonnulli
2761 4997 2983 5036 sensum
3012 4981 3277 5046 dividant,
3315 4995 3414 5034 nec
3445 4978 3581 5033 boni

2008 5074 2206 5128 saturis
2237 5074 2403 5128 ullum
2440 5074 2672 5127 fructum
2708 5074 2951 5142 proferre
2997 5073 3260 5127 valentes.

329 5171 652 5240 ἀμφότερα.
680 5171 872 5243 Ναὶδὴ
894 5173 1142 5241 καὶπρὸς
1165 5168 1533 5240 Οὐαλεριανὸν
1556 5168 1648 5220 τὸν
1690 5167 1912 5220 Ἰκονίου
1951 5153 2181 5238 γράφων
2213 5171 2241 5223 ὁ
2301 5168 2590 5241 Κύριλλος,
2615 5169 2854 5250 Οὐκοξν
2892 5165 3380 5239 ὁμολογουμένως
3444 5165 3582 5234 μὲν,

333 5266 487 5337 φησὶ,
516 5267 584 5320 τὸ
614 5265 737 5320 ἀπὸ
767 5266 999 5336 σαρκὸς
1025 5265 1183 5335 σάρξ
1241 5265 1396 5330 ἐστι,
1435 5263 1502 5317 τὸ
1531 5261 1600 5315 δὲ
1631 5261 1700 5315 ἐκ
1727 5261 1876 5317 Θεοῦ
1915 5263 2060 5331 Θεός
2087 5279 2102 5295 ⁶
2131 5263 2266 5318 ἐστι
2295 5262 2365 5317 δὲ
2400 5262 2553 5317 κατὰ
2584 5263 2806 5316 ταύτὸν
2835 5264 2880 5296 ⁶⁰
2961 5261 3264 5333 ἀμφότερα
3282 5263 3316 5314 ό
3337 5260 3381 5291 ⁸⁸
3449 5261 3584 5328 Χρι-

1589 5419 1827 5477 νΑΒΙᾸΕ
1865 5421 2276 5479 LECTIONES.

405 5534 749 5610 ⁶³ᾦΔεῶν
788 5558 849 5606 ς.

337 5611 384 5645 υ
416 5609 528 5667 τῶν
567 5612 671 5668 add
695 5614 762 5666 A.
841 5613 885 5645 ω
915 5609 1244 5665 κατ’“αὐτόν
1275 5625 1337 5674 ς.
1409 5609 1451 5642 ⁸³
1480 5609 1510 5663 ό
1533 5623 1645 5665 om.
1676 5611 1741 5663 A.

927 5540 974 5572 ιι
995 5537 1068 5612 ενι]
1097 5539 1138 5612 η.
1163 5537 1230 5612 Α,
1307 5537 1354 5570 ⁸⁸
1384 5537 1654 5612 nuptum
1679 5537 1780 5612 μὲν
1802 5538 1894 5594 τόν
1925 5556 1986 5604 ς.

2096 5540 2143 5572 ⁵⁸
2167 5537 2248 5611 ἓν]
2275 5538 2336 5593 τὸ
2359 5537 2419 5594 ἓν
2446 5537 2510 5596 Δ.
2586 5540 2633 5578 ⁸⁷
2669 5534 2910 5609 βούλειτο
2929 5533 2991 5588 τὸ
3013 5551 3074 5599 ς’.
3175 5530 3482 5603 "neptium
3518 5547 3582 5596 ς.
