3964 6246
426 267 570 336 1055

1589 272 1853 334 PHOTII
1881 268 2392 334 PATRIARCILE
2442 220 2574 330 cr.

3537 250 3676 322 1055

423 383 597 446 στός.
626 381 839 449 Ὥσπερ
869 378 961 432 οῦν
993 378 1053 432 οὐ
1087 379 1275 449 τέμνει
1303 379 1367 433 τὸ
1412 378 1546 444 Θεὸς
1575 382 1669 436 καὶ⁵
1697 382 1986 454 ἄνθρωπος
2020 381 2111 436 τὸν
2135 382 2232 434 ἕνα
2257 377 2515 452 Χριστὸν,
2573 373 2692 429 οὐδὲ
2745 372 2805 425 τὸ
2860 371 3170 442 ἀμφότερα,
3228 369 3349 422 οὐδὲ
3406 368 3470 422 τὸ
3541 371 3676 424 ἐκά-

423 487 582 542 τερα,
617 471 790 532 οὓτως
817 470 935 522 οὐδὲ
964 471 1026 522 τὸ
1057 469 1170 536 δύο,
1201 472 1250 524 εἰ
1279 471 1356 543 μὴ
1388 472 1481 526 τὸν
1509 473 1635 527 νοῦν
1675 476 1869 545 εῐησαν
1893 474 2292 545 ἐκτετμημένοι
2354 471 2500 534 τινὲς
2571 469 2664 522 καὶ
2728 467 2825 522 τοῦ
2901 466 3067 520 καλοῦ
3099 463 3346 534 σπορέως
3372 464 3419 496 ⁸³
3478 463 3675 520 οὐδένα

427 562 638 632 καρπὸν
663 561 825 629 φῦναι
851 562 897 593 ⁸³
931 561 1245 630 δυνάμενοι.

499 657 577 710 'l‘u
625 671 755 711 vero
805 656 940 710 mihi
987 657 1274 712 considera
1330 658 1531 712 iterum
1587 669 1840 714 novatam
1889 659 1992 727 jam

2175 654 2247 706 Σὺ
2276 651 2334 706 δέ
2353 667 2442 720 μοι
2470 649 2666 704 σκόπει
2695 646 2857 702 πάλιν
2875 647 3296 718 νεανιευομένην
3322 647 3424 718 τὴν
3443 649 3678 719 αἰρεσιν.

427 744 695 798 hmresim.
728 741 982 813 Cyrillns,
1027 744 1124 808 ait,
1153 746 1290 800 duas
1331 741 1554 801 naturas
1589 747 1773 801 dicere
1802 748 1998 801 indivi-

423 849 514 888 sas
543 834 840 897 damnavit,
873 835 1247 889 contradicere
1284 848 1479 904 putans
1508 839 1750 907 opinioni
1799 839 1999 894 dicenti

423 938 587 975 unum
618 937 740 976 esse
777 922 932 977 Verbi
965 923 1300 978 incarnatam
1330 936 1578 979 naturam
1605 944 1620 992 ;
1655 927 1868 982 facilius
1902 941 2000 980 au-

424 1025 531 1068 tem
567 1015 684 1084 ejus
717 1015 887 1069 fastus
915 1016 1184 1084 dejicitur.
1237 1017 1532 1085 Dupliciter
1556 1019 1701 1071 enim
1738 1019 1826 1074 hic
1858 1019 2000 1073 imii-

422 1111 633 1175 visum,
671 1121 729 1164 ut
779 1112 935 1175 el,in
969 1111 1087 1165 aliis
1148 1127 1262 1166 suis
1318 1113 1658 1166 sermonibus
1713 1113 2000 1182 praedictus

421 1203 656 1272 scriptor
677 1202 934 1265 ostendit,
957 1211 1014 1254 ut
1035 1212 1276 1271 apparet.
1302 1201 1368 1256 Et
1389 1203 1489 1256 hoc
1514 1203 1732 1272 quidem
1753 1202 1998 1257 Nestorio

423 1293 680 1355 amicum,
711 1290 840 1356 illud
874 1291 977 1361 piis
998 1292 1342 1354 honoratum,
1371 1301 1424 1345 et
1453 1303 1738 1360 propterea
1773 1292 1916 1346 inter
1939 1306 2000 1347 se

421 1391 652 1434 certant.
699 1381 813 1436 Hoc
857 1381 998 1436 enim
1064 1382 1323 1436 relatione
1362 1381 1692 1449 iudivisum,
1742 1391 1800 1436 ut
1845 1397 1996 1436 arma

423 1472 656 1526 Nestorii
690 1475 998 1528 excutitur:
1044 1473 1174 1528 illud
1221 1488 1350 1529 vero
1381 1474 1652 1544 hypostasi
1689 1473 1992 1540 ἱιιάὶυὲειιιυι,

419 1562 506 1615 vel
541 1562 877 1633 hypostatica
909 1564 1058 1626 unio,
1093 1563 1240 1618 clare
1265 1571 1320 1619 et
1357 1563 1686 1632 praedicatur
1729 1572 1788 1619 et
1814 1563 1998 1632 expla-

423 1664 602 1707 natur.
659 1655 841 1722 Quare
885 1657 1025 1710 sicut
1074 1655 1119 1711 si
1175 1656 1298 1725 quis
1353 1655 1608 1710 unionem
1665 1656 1718 1711 in
1776 1655 1995 1713 Christo

419 1758 694 1808 asserens,
721 1760 832 1799 non
865 1754 1079 1814 coaptet
1106 1745 1290 1799 uniuni
1318 1745 1659 1815 hypostasin,
1686 1756 1994 1814 suspectum

419 1837 644 1890 verbum
675 1837 890 1892 reddit:
929 1838 1010 1893 sic
1050 1837 1094 1892 si
1138 1839 1260 1907 quis
1304 1839 1439 1893 duas
1476 1848 1700 1893 naturas
1734 1838 1996 1893 indivisas

420 1927 640 1992 dixerit,
661 1943 763 1982 non
787 1927 1088 1999 adiungens
1115 1929 1236 1994 hoc,
1266 1929 1552 1982 secundum
1582 1929 1906 1998 hyposlasin,
1940 1931 1991 1985 in

2109 743 2168 794 '0
2201 739 2490 812 Κύριλλος,
2523 738 2678 808 φησὶ,
2711 738 2770 789 τὸ
2790 736 2885 789 δύο
2909 736 3090 805 λέγειν
3115 737 3308 805 φύσεις
3329 739 3682 809 ἀδιαιρέτους

2097 831 2445 903 ἐξεκήρυξεν,
2488 830 2783 883 ἀντίπαλον
2823 827 2964 882 εἶναι
3013 829 3253 899 νομίζων
3319 833 3387 901 τῇ
3435 831 3681 904 λεγούσῃ

2097 924 2224 996 δόξῃ
2257 921 2386 994 μίαν
2432 918 2572 975 εἶναι
2624 920 2785 989 φύσιν
2807 921 2902 973 τοῦ
2993 921 3173 989 Λόγου
3221 922 3677 993 σεσαρκωμένην.

2109 1013 2261 1084 Ῥᾷον
2295 1014 2352 1066 δὲ
2387 1012 2560 1081 αὐτῆς
2588 1012 2651 1065 τὸ
2683 1011 2953 1081 φρύαγμα
3010 1012 3436 1068 καταϐάλλεται.
3487 1015 3682 1066 Διττδν

2097 1107 2207 1175 γὰρ
2232 1104 2293 1157 τὺ
2320 1103 2628 1172 ἀδιαίρετον
2653 1103 2955 1168 κάνταῦθα,
2986 1103 3060 1166 ὡς
3085 1104 3181 1158 καὶ
3235 1105 3293 1156 ἐν
3337 1106 3450 1168 τοῖς
3489 1105 3675 1170 ἄλλοις

2096 1197 2263 1251 αὐτοῦ
2297 1197 2426 1269 [455
2449 1195 2540 1267 Η.]
2571 1195 2774 1263 λόγοις,
2822 1196 2850 1247 ὁ
2881 1197 3234 1264 συγγραφεὺς
3265 1195 3680 1268 ἐπιδειξάμενος

2098 1290 2370 1358 φαίνεται,
2401 1288 2529 1360 [860
2557 1287 2648 1360 8.]
2682 1287 2779 1341 καὶ
2821 1288 2882 1341 τὸ
2933 1287 3032 1357 μὲν
3062 1287 3344 1358 Νεστορίῳ
3391 1288 3569 1358 φίλον,
3615 1289 3680 1342 τδ

2095 1377 2152 1431 δὲ
2176 1378 2244 1448 τῇ
2277 1374 2530 1446 εὐσεϐείᾳ
2558 1373 2892 1445 τιμώμενον,
2947 1377 3043 1428 καὶ
3094 1376 3182 1429 διὰ
3210 1377 3370 1430 τοῦτο
3424 1378 3678 1448 ἀλλήλοις

2094 1467 2464 1536 ἀντικείμενα.
2505 1466 2580 1520 Τὸ
2606 1466 2718 1537 γὰρ
2767 1466 2920 1522 κατὰ
2965 1465 3189 1536 σχέσιν
3230 1468 3571 1538 ἀδιαίρετον
3599 1470 3680 1534 ὡς

2094 1559 2258 1614 ὅπλον
2286 1557 2582 1630 Νεστορίου
2605 1558 2990 1624 ἁποϐὁιλλεται,
3022 1557 3084 1612 τὸ
3131 1559 3190 1613 δὲ
3223 1560 3359 1614 καθ’
3406 1561 3681 1616 ὑπόστα-

2093 1665 2202 1704 σιν
2230 1649 2567 1717 ἀδιαίρετον
2597 1649 2718 1720 ἦτοι
2746 1649 2781 1720 ἡ
2819 1650 2944 1703 καθ’
2963 1650 3263 1705 ὑπόστασιν
3291 1652 3486 1716 ἱνωσις
3513 1670 3679 1726 ⁴περι-

2095 1739 2281 1810 φανῶς
2311 1739 2406 1794 καὶ
2431 1739 2770 1811 κηρύσσεται
2799 1741 2895 1793 καὶ
2919 1741 3396 1812 περιπτύσσεται.
3455 1744 3678 1816 Ὥσπερ

2093 1833 2187 1888 οῦν
2224 1833 2279 1886 ετ
2299 1849 2384 1896 τις
2407 1832 2604 1886 ἕνωσιν
2637 1833 2730 1886 ἐπὶ
2756 1833 3000 1902 Χριστοῦ
3049 1833 3223 1903 λέγων
3277 1834 3354 1907 μὴ
3410 1836 3677 1889 συνάπτοι

2094 1929 2161 1997 τῇ
2204 1924 2395 1979 ἐνὼσει
2436 1925 2498 1978 τὸ
2541 1926 2673 1979 καθ’
2711 1926 3079 1991 ὑπόστασιν,
3113 1927 3356 1981 ὕποπτον
3400 1929 3464 1982 τὸ
3519 1929 3678 1999 ῥῆμα

419 2018 664 2074 eamdem
705 2020 1062 2090 suspicionem
1103 2020 1309 2076 incidit.
1349 2021 1430 2075 Ad
1481 2021 1748 2078 eumdetm
1777 2022 1990 2075 modum

2095 2018 2256 2081 ποιεῖ,
2286 2015 2459 2080 οὕτως
2490 2016 2544 2070 ετ
2571 2033 2656 2080 τις
2693 2015 2787 2069 δύο
2812 2016 3004 2084 φύσεις
3053 2018 3394 2088 άδιαιρὲτους
3414 2019 3565 2084 λέγοι
3587 2019 3656 2082 ⁸⁵,

419 2124 667 2164 asserens
691 2110 780 2166 Dei
803 2111 1036 2166 Verbum
1055 2127 1334 2167 assumere
1360 2112 1654 2176 hominem,
1678 2112 1782 2167 nisi
1807 2128 1993 2167 vocem

419 2216 684 2254 assumere
717 2201 935 2255 aliunde
996 2209 1228 2270 exponat
1258 2199 1404 2271 (nam
1443 2202 1556 2255 lieri
1589 2209 1803 2270 potest,
1837 2209 1895 2255 ut
1925 2216 1992 2256 ex

416 2285 648 2342 Nestorii
680 2298 856 2343 mente
880 2304 974 2343 seu
1012 2290 1266 2358 opinione
1286 2329 1301 2353 ,
1343 2289 1428 2342 vel
1465 2305 1534 2345 ex
1569 2291 1870 2344 orthodoxa
1901 2304 1992 2344 ra—

420 2377 562 2432 tione
592 2377 856 2447 explicata
885 2378 1220 2433 auditoribus
1247 2393 1466 2432 causam
1519 2377 1628 2450 [vel
1659 2379 1877 2433 errandi
1907 2376 1993 2433 vel

417 2477 564 2522 recte
611 2467 915 2542 sentiendi]
970 2469 1281 2540 praebeat),
1330 2469 1486 2538 culpa
1541 2469 1762 2523 minime
1813 2477 1989 2524 vacat.

414 2557 754 2627 Quapropter
815 2558 1050 2628 Cyrillus
1103 2558 1156 2613 in
1205 2559 1562 2614 conciliandis
1605 2559 1992 2614 controversiis

415 2658 636 2716 acutus,
673 2651 725 2704 in
760 2649 1026 2705 Thesauro
1061 2668 1188 2718 suo,
1231 2667 1260 2705 a
1302 2652 1410 2706 Deo
1439 2650 1618 2705 Verbo
1654 2661 1990 2720 assumptum

411 2755 481 2794 cx
510 2741 672 2796 Maria
706 2742 980 2798 hominem
1009 2745 1174 2799 veluti
1198 2754 1403 2798 vestem
1432 2754 1526 2797 aut
1553 2744 1814 2813 templum
1848 2745 1994 2797 alIir-

416 2840 557 2895 mat;
593 2831 646 2884 in
667 2832 912 2900 epistolis
943 2848 1072 2888 vero
1107 2835 1173 2887 ad
1211 2833 1544 2889 Succensum
1577 2851 1592 2887 :
1624 2832 1800 2901 Igitur
1832 2843 1988 2888 homo

415 2920 587 2987 [actus
613 2933 709 2988 est,
738 2923 932 2992 inquit,
967 2941 1070 2977 non
1091 2935 1266 2978 autem
1296 2927 1559 2978 hominem
1591 2926 1903 2994 assumpsit,
1932 2935 1988 2980 ut

417 3009 695 3066 Nestorius
723 3014 889 3067 docet.
907 3017 1083 3083 Atque
1106 3015 1403 3071 advertesis
1431 3015 1616 3083 iudicii
1637 3016 1913 3071 solertiam
1935 3025 1992 3073 et

415 3103 782 3172 prudentiam.
817 3104 916 3160 Hic
950 3117 1285 3176 assumptum
1322 3109 1595 3163 hominem
1641 3116 1701 3162 ut
1733 3109 1988 3178 templum

413 3202 602 3248 sancte
641 3193 859 3257 asserit,
910 3205 966 3248 et
1009 3205 1185 3250 tamen
1211 3195 1412 3265 277a
1446 3193 1778 3260 Nestorium,
1816 3195 1990 3250 homi-

413 3300 534 3337 nem
558 3283 612 3356 [α
636 3283 765 3356 Deo]
789 3297 1121 3355 assumptum
1147 3297 1479 3342 asserentem
1501 3289 1744 3341 damnat.
1766 3286 1988 3341 Utrum-

410 3391 518 3446 que
543 3355 674 3431 sane
705 3355 852 3431 recte
885 3377 1098 3446 pieque.
1138 3377 1350 3432 Etenim
1381 3376 1666 3433 Nestorius
1708 3378 1982 3432 hominem
2013 3355 2058 3416 (ἶ

413 3477 516 3514 una
559 3477 680 3515 cum
711 3465 989 3533 hypostasi
1024 3466 1254 3518 lnnuana
1288 3479 1625 3535 assumptum
1659 3467 1986 3535 uagabatur.

409 3552 644 3624 Cyrillus
691 3554 857 3625 igitur
896 3557 1052 3609 docet
1094 3555 1261 3612 Deum
1315 3567 1590 3628 assumpta
1627 3558 1986 3624 humanitate,

411 3647 526 3701 sive
570 3650 977 3717 prrcexsistente
1021 3649 1137 3704 sive
1182 3650 1513 3704 subsistente
1555 3651 1838 3722 bypostasi
1889 3651 1990 3704 hu-

412 3752 594 3800 mana,
629 3737 722 3791 sed
749 3738 983 3790 humana
1011 3748 1202 3793 natura
1237 3741 1292 3792 in
1323 3739 1436 3808 ipsa
1471 3741 1652 3794 divina
1703 3740 1986 3811 hypostasi

412 3828 785 3893 substistenle,
807 3829 924 3882 sine
943 3829 1048 3883 ulla
1070 3840 1246 3884 tamen
1277 3830 1578 3884 divinitatis
1606 3832 1990 3886 immutatione

411 3934 541 3973 vere
561 3919 832 3974 hominem
855 3921 1076 3976 factum.
1101 3921 1385 3989 Sapienter
1409 3939 1539 3993 ergo
1571 3923 1800 3994 parique
1830 3923 1990 3978 modo

411 4009 570 4066 divus
610 4011 844 4084 Cyrillus
883 4013 937 4068 in
979 4016 1206 4085 epistola
1251 4017 1319 4071 ad
1351 4015 1688 4072 Succensum
1730 4017 1988 4088 disputat,

413 4103 652 4173 dicitque
673 4121 796 4160 eum
829 4106 921 4176 qui
947 4106 1084 4163 duas
1114 4119 1339 4164 naturas
1360 4117 1482 4178 post
1507 4109 1764 4165 unionem
1794 4106 1991 4163 asserit

413 4195 692 4260 indivisas,
719 4213 818 4252 nec
849 4207 1026 4254 tamen
1059 4200 1246 4254 addit:
1281 4199 1569 4254 secundum
1601 4199 1990 4269 hypostaticam

413 4289 675 4354 unionem,
701 4304 939 4359 pugnare
958 4304 1079 4344 cum
1105 4291 1194 4355 iis,
1226 4291 1317 4361 qui
1343 4292 1560 4346 unicam
1593 4300 1798 4345 tantum
1825 4291 1988 4349 Verbi

412 4387 662 4432 naturam
723 4379 1060 4433 incarnatam
1116 4390 1389 4438 asserunt.
1455 4379 1806 4450 Nequaquam
1860 4395 1990 4452 ergo

2100 2111 2177 2179 μὴ
2217 2107 2599 2178 συνεπιφέρων
2633 2109 2694 2161 τὸ
2722 2109 2851 2164 καθ’
2867 2109 3234 2174 ὑπόστασιν,
3266 2111 3348 2174 είς
3369 2111 3470 2181 τὴν
3500 2111 3677 2180 αὐτὴν

2097 2196 2336 2266 ὑποψίαν
2369 2196 2784 2268 περιτρέπεται.
2840 2196 3115 2260 Ὡσαύτως
3164 2199 3222 2252 δὲ
3277 2200 3372 2253 καὶ
3427 2202 3457 2254 ό
3496 2200 3679 2270 λέγων

2095 2285 2386 2354 ἄνθρωπον
2415 2285 2706 2340 ἀναλαϐεῖν
2736 2286 2829 2340 τὸν
2852 2287 2987 2340 Θεὸν
3007 2289 3202 2357 Λόγον,
3224 2291 3275 2342 εί
3311 2291 3387 2360 μὴ
3421 2290 3521 2360 τὴν
3552 2309 3676 2360 φωσ-

2094 2378 2192 2450 νὴν
2227 2377 2452 2433 ἄλλοθεν
2507 2378 2868 2450 ἑρμηνεύσειε
2897 2381 3144 2451 (δυνατὸν
3190 2383 3300 2450 γὰρ
3363 2384 3535 2453 αὐτὴν
3575 2386 3678 2440 καὶ

2095 2473 2236 2525 κατὰ
2266 2469 2560 2541 Νεστόριον
2585 2472 2680 2524 καὶ
2703 2472 2748 2504 ⁸³
2783 2472 2930 2526 κατὰ
2971 2473 3064 2527 τὸν
3103 2473 3262 2544 ὀρθὸν
3307 2475 3482 2528 εἰπεῖν
3513 2475 3676 2544 λόγον

2097 2562 2272 2631 λαϐὴν
2300 2565 2605 2632 παρασχεῖν
2645 2565 2758 2627 τοῖς
2787 2565 3131 2634 ἀκροαταῖς),
3163 2565 3265 2620 οὐκ
3311 2565 3460 2619 ἐστιν
3514 2565 3678 2621 ἀναί-

2093 2652 2344 2714 τιος.Διὸ
2367 2653 2461 2704 καὶ
2486 2652 2744 2723 ὁδιαιτᾷν
2797 2654 2961 2722 σοφὸς
3022 2653 3291 2724 Κύριλλος
3337 2657 3396 2709 ἐν
3446 2655 3547 2726 μὲν
3593 2657 3677 2728 τῷ

2095 2745 2389 2814 Θησαυρῷ
2411 2746 2507 2798 τὸν
2538 2747 2671 2799 Θεὸν
2693 2746 2866 2814 Λόγον
2887 2747 3075 2818 ὥσπερ
3103 2750 3228 2801 τινὰ
3257 2749 3466 2821 ποδήρη
3493 2749 3589 2803 τὸν
3608 2751 3678 2804 ἐκ

2098 2840 2324 2909 Μαρίας
2346 2838 2633 2910 ἄνθρωπον
2656 2839 2836 2910 ἢναὺν
2869 2839 3160 2893 ἀναλαϐεῖν
3181 2841 3351 2908 λέγει,
3379 2844 3436 2895 ἐν
3454 2841 3515 2894 δέ
3547 2845 3676 2906 ταῖς

2094 2931 2231 3001 πρὸς
2245 2932 2539 2986 Σούκενσον
2557 2933 2890 2997 ἐπιστολαῖς,
2908 2933 3145 2987 Οὐκοῦν
3154 2932 3488 3002 ἅνθρωπος,
3512 2936 3673 3003 φησι,

2090 3020 2364 3090 γέγονεν,
2397 3025 2509 3076 οὐκ
2557 3023 2873 3091 ἄνθρωπον
2895 3024 3217 3091 ἀνέλαϐεν,
3256 3024 3338 3092 ὡς
3365 3027 3675 3092 Νεστορίφ

2093 3110 2276 3167 δοκεῖ.
2304 3114 2412 3166 Καὶ
2439 3113 2542 3183 ὅρα
2573 3114 2673 3183 τῆς
2700 3113 2910 3184 διαίτης
2946 3115 3009 3167 τὸ
3041 3115 3300 3183 ἀγχίνουν
3355 3116 3450 3168 καὶ
3499 3117 3677 3184 νηφά-

2093 3202 2224 3256 λιον.
2261 3202 2320 3256 '0
2348 3205 2446 3274 μὲν
2475 3203 2765 3274 ἄνθρωπον
2791 3205 2885 3258 καὶ
2911 3205 3038 3259 ναὸν
3062 3205 3352 3259 ἀναλαϐεῖν
3379 3205 3672 3277 ἱερολογεῖ,

2093 3295 2385 3364 Νεστόριον
2440 3295 2499 3349 δὲ
2532 3295 2821 3367 άνορωπον
2875 3297 3168 3350 ἀναλαϐεῖν
3217 3299 3445 3350 εἰπόντα
3491 3315 3677 3368 παρα-

2091 3388 2381 3457 γράφεται,
2415 3389 2739 3452 εὐσεϐῶςδέ
2781 3389 3060 3459 ἑκάτερον.
3108 3389 3168 3442 '0
3207 3391 3306 3458 μὲν
3367 3391 3476 3459 γάρ
3535 3391 3675 3442 ὐπο-

2093 3481 2295 3534 στάντα
2315 3480 2406 3534 τὸν
2427 3480 2714 3551 ἄνθρωπον
2739 3481 3029 3534 ἀναλαϐεῖν
3052 3481 3348 3554 Νεστόριος
3363 3483 3674 3552 ἐσοφίζετο,

2091 3568 2120 3622 ὁ
2150 3571 2206 3623 δὲ
2235 3569 2502 3640 οὐμενοῦν
2529 3571 2974 3640 προϋποστάντα,
3010 3573 3068 3624 ἐν
3118 3571 3300 3641 ἐαυτῷ
3356 3572 3415 3624 δὲ
3479 3571 3677 3625 τοῦτον

2094 3662 2503 3732 ὑποστήσαντα,
2559 3664 2661 3715 κάν
2713 3661 2792 3733 τῷ
2829 3663 3124 3734 ιάτρέπτῳ
3175 3665 3528 3734 μεμενηκὸτα
3573 3665 3677 3731 τῆς

2095 3753 2366 3824 θεότητος,
2418 3753 2636 3825 ἀληθῶς
2678 3754 2930 3824 γενέσθαι
2972 3756 3068 3809 καὶ
3116 3754 3426 3825 ἄνθρωπον.
3480 3755 3677 3825 Σοφῶς

2094 3843 2190 3902 οὖν
2220 3847 2312 3900 καὶ
2339 3847 2543 3918 ὁμοίως
2591 3846 3060 3918 διαπραττόμενος
3119 3848 3150 3900 δ
3200 3848 3341 3918 ἱερὸς
3405 3848 3677 3918 Κύριλλος

2091 3939 2190 3992 καὶ
2218 3940 2276 3992 ἐν
2297 3941 2365 4009 τῇ
2394 3938 2529 4010 πρὸς
2560 3938 2861 3994 Σούκενσον
2916 3939 3175 4011 ἐπιστολῇ
3225 3940 3288 3993 τὺ
3332 3939 3428 3994 δύο
3479 3939 3676 4009 φύσεις

2091 4030 2274 4098 λέγειν
2301 4029 2643 4100 ἀδιαιρέτους
2677 4028 2817 4099 μετὰ
2839 4028 2939 4101 τὴν
2975 4029 3194 4098 ἐνωσιν,
3249 4029 3326 4102 μὴ
3374 4029 3677 4099 συνεπιφὲ-

2095 4138 2254 4192 ροντα
2273 4121 2388 4188 τὴν
2420 4121 2548 4175 καθ’
2578 4121 2928 4176 ὑπόστασιν
2951 4121 3192 4187 ἔτρωσεν,
3248 4121 3542 4192 μάχεσθαι,
3558 4122 3676 4184 τοῖς

2095 4212 2224 4284 μίαν
2246 4213 2408 4282 φύσιν
2436 4211 2530 4265 τοῦ
2559 4213 2736 4281 Λόγου
2800 4212 3230 4284 σεσαρκωμένην
3278 4213 3676 4283 δογματίζουσι

2092 4319 2277 4370 φησιν.
2319 4301 2397 4354 Οὐ
2431 4301 2540 4372 γὰρ
2570 4302 2856 4372 αὐτάρκης
2901 4301 3077 4365 οὕτως
3107 4302 3378 4372 ἡμίτομος
3433 4303 3467 4372 ἡ
3517 4303 3676 4373 φωνὴ

2093 4393 2320 4464 ρηθείσα
2337 4395 2383 4426 ⁸⁸
2413 4393 2687 4447 συνελθεῖν
2715 4395 2812 4448 καὶ
2831 4394 3210 4464 ὁμοφρονῆσαι
3242 4395 3358 4457 τοῖς
3410 4394 3540 4464 μίαν
3565 4393 3676 4463 φύ-

413 4483 513 4523 vox
539 4480 829 4540 assumpta,
860 4470 962 4524 nisi
991 4471 1204 4540 integre
1229 4470 1547 4541 accipiatur,
1575 4473 1670 4525 sed
1694 4472 1834 4525 unde
1869 4482 1988 4524 tan-

2095 4501 2178 4536 σιν
2205 4483 2302 4536 τοῦ
2327 4483 2501 4552 Λόγου
2538 4484 2969 4554 σεσαρκωμὲνην
3013 4483 3380 4554 κηρύττουσιν
3396 4483 3467 4536 ⁸⁷.
3519 4483 3582 4535 Ei
3614 4483 3675 4536 δὲ

414 4570 528 4614 ιυιη
576 4563 976 4630 pronuntietur,
1022 4563 1218 4618 sullicit
1257 4573 1316 4616 ut
1360 4577 1482 4617 cum
1527 4563 1593 4617 iis
1632 4562 1990 4618 conveniatur

2095 4575 2182 4629 δύο
2210 4593 2294 4637 τις
2327 4575 2515 4643 φύσεις
2545 4575 2893 4646 ἁδιαιρέτους
2919 4576 3091 4628 εἰπὼν
3123 4574 3552 4645 συμπαμλάϐοι
3577 4574 3678 4628 καὶ

410 4655 913 4724 consentiaturque,
942 4656 1032 4724 qui
1063 4671 1222 4707 unam
1260 4654 1417 4710 Verbi
1443 4663 1690 4708 naturam
1727 4655 1984 4709 incarna-

2095 4661 2206 4730 τὴν
2233 4664 2360 4717 καθ’
2392 4663 2736 4717 ὑπόστασιν
2753 4663 3001 4727 ἕνωσιν,
3036 4663 3214 4734 ὀρθῶς
3261 4681 3321 4717 τε
3377 4665 3474 4718 καὶ
3522 4664 3678 4716 εὐσε-

415 4749 521 4796 tam
573 4743 788 4799 docent.
839 4744 991 4810 Quod
1036 4744 1082 4799 si
1127 4745 1250 4814 quis
1298 4760 1536 4810 rursum,
1559 4746 1693 4798 duas
1724 4745 1982 4800 indivisas

2095 4752 2201 4816 ϐῶς
2256 4755 2392 4824 ἐρεῖ,
2444 4753 2538 4807 καὶ
2595 4754 2868 4826 Κύριλλον
2920 4757 3144 4828 εὑρήσει
3209 4755 3520 4829 ὁμόψηφον.
3564 4758 3679 4812 Καὶ

411 4841 634 4887 naturas
659 4847 942 4900 asserens,
980 4837 1142 4888 addat
1174 4834 1339 4890 etiam
1372 4851 1387 4890 :
1423 4835 1709 4888 secundum
1734 4834 1985 4905 hyposta-

2095 4843 2320 4898 ἄκουσον
2367 4845 2511 4897 κατὰ
2559 4844 2620 4897 τὸ
2661 4845 2815 4910 τέλος
2864 4847 2965 4916 τῆς
3014 4846 3188 4917 αὐτῆς
3241 4847 3538 4917 ἐπιστολῆς
3584 4842 3681 4902 οἷα

411 4925 568 4976 ticam
606 4925 885 4991 unionem,
927 4936 1074 4981 recte
1113 4936 1167 4983 et
1212 4928 1300 4996 pie
1342 4927 1612 4996 loquetur,
1661 4926 1985 4996 habebittu

2095 4935 2306 4999 διέξεισι
2329 4951 2345 4966 ο
2385 4936 2454 4989 Τὸ
2491 4935 2860 5003 ἀδιαιρέτως,
2913 4937 3071 5006 φησὶ,
3124 4937 3464 5006 προστεθὲν
3508 4937 3685 4992 δοκεῖ

410 5015 668 5086 Cyrillum
701 5017 1131 5087 sulfragatorem.
1161 5019 1267 5073 Sed
1299 5021 1516 5074 attende
1543 5029 1844 5074 extremam
1868 5018 1984 5087 epi-

2095 5024 2200 5094 μέν
2229 5042 2354 5092 πως
2381 5029 2517 5095 παρ’
2545 5026 2693 5096 ἡμῖν
2721 5026 2901 5094 ὀρθῆς
2931 5024 3086 5082 εἶναι
3142 5029 3329 5096 δόξης
3377 5044 3677 5097 σημαντι-

410 5109 560 5163 stolae
603 5121 845 5179 partem,
887 5113 1342 5180 quemadmodum
1385 5112 1782 5166 ratiocinetur:
1847 5108 1982 5176 Vox,

2095 5117 2222 5179 κόν,
2251 5118 2419 5171 αὐτοὶ
2443 5116 2511 5170 δὲ
2535 5120 2647 5186 οὐχ
2676 5118 2831 5171 οὕτω
2878 5119 3154 5173 νοοῦσιν.
3212 5120 3376 5174 Ὥστε
3417 5120 3468 5172 si
3496 5118 3676 5183 οὕτως

413 5203 618 5270 inquit,
649 5204 870 5256 indivise
889 5244 904 5268 ,
934 5204 1144 5270 adiecta
1171 5204 1376 5257 videtur
1405 5220 1515 5258 esse
1553 5213 1679 5256 nota
1707 5213 1849 5256 certa
1887 5219 1984 5256 no-

2095 5207 2296 5268 ἐνόουν,
2331 5207 2628 5278 ὁρθοδόξως
2661 5207 2725 5261 ἂν
2756 5208 2942 5276 ἔλεγον
2977 5211 3072 5262 καὶ
3101 5213 3168 5280 τῇ
3202 5209 3474 5281 Κυρίλλου
3523 5209 3673 5278 γνὼ-

411 5306 532 5348 διιιιε
561 5306 608 5348 et
639 5297 942 5348 orthodoxa:
980 5298 1282 5362 sementim;
1321 5296 1410 5350 sed
1446 5296 1523 5348 illi
1559 5311 1728 5348 vocem
1773 5311 1876 5348 non
1908 5295 1986 5348 ita

2097 5313 2174 5369 μῃ
2204 5297 2536 5352 συνέϐαινον.
2565 5299 2725 5352 ’Ἐστι
2755 5301 2864 5371 γὰρ
2886 5301 2949 5353 τὸ
2977 5301 3283 5372 ἀδιαίρετον
3335 5299 3485 5369 αὐτῷ
3511 5299 3676 5370 δόξης

412 5387 734 5456 intelligunt.
762 5387 912 5453 Quod
937 5387 982 5443 si
1015 5387 1090 5441 ita
1117 5398 1174 5442 ut
1205 5404 1302 5442 nos
1336 5404 1457 5442 eam
1485 5388 1816 5456 acciperent,
1843 5397 1990 5442 recte

2096 5389 2262 5459 ὀρθῆς
2289 5392 2402 5452 τοῖς
2437 5390 2767 5444 συνάπτουσι
2792 5389 2890 5461 τὴν
2925 5394 3111 5462 φωνὴν
3151 5388 3247 5465 ᾖα
3293 5390 3676 5446 συνεπινοοῦσι

1676 5530 1908 5586 VARLE
1957 5528 2254 5584 LECTION
2267 5531 2372 5585 ES.

483 5624 528 5698 ξ’
549 5624 777 5698 σπορέος
810 5643 909 5698 gn
951 5626 996 5657 ⁸³
1016 5624 1181 5698 φῦσαι
1219 5624 1279 5680 Β.
1329 5624 1401 5698 cf.
1447 5627 1512 5679 ad
1556 5641 1607 5693 p.
1839 5627 1883 5655 θδ
1908 5624 2059 5698 λέγοι
2095 5626 2180 5698 βε
2221 5626 2354 5698 λέγῃ
2398 5645 2458 5691 ς.

2040 5641 2055 5674 ι
2101 5626 2180 5678 B:
2221 5626 2353 5681 λέγη
2398 5645 2458 5681 ς.
2557 5628 2602 5660 ⁸³
2637 5625 2868 5681 priorem
2900 5625 2995 5681 καὶ
3024 5625 3150 5681 add.
3209 5625 3276 5680 A.

483 5625 777 5694 ⁶²σπορέος
810 5643 870 5690 ς.
951 5626 996 5657 ⁸⁸
1016 5625 1181 5692 φῦσαι
1219 5625 1279 5680 Β.
1329 5625 1401 5678 cf.
1447 5627 1512 5679 ad
1556 5641 1607 5693 p.
1650 5625 1733 5678 l7.
1839 5627 1883 5655 θδ
1908 5625 2055 5692 λέγοι
2101 5626 2180 5678 B:
2221 5626 2354 5698 λέγῃ
2398 5645 2458 5691 ς.
2557 5628 2602 5660 ⁸³
2636 5625 2868 5695 priorem
2900 5625 2995 5681 καὶ
3024 5625 3092 5681 ad

415 5694 452 5763 η
475 5695 700 5763 ρηθεῖσα
731 5712 793 5760 ς.
868 5697 911 5728 ⁸⁷
939 5697 1298 5768 κηρύττουσιν
1313 5696 1358 5749 Λ
1384 5715 1398 5767 ;
1427 5695 1844 5767 δογματίζουειν
1887 5712 1947 5759 ς,
2019 5696 2063 5724 ⁵⁸
2089 5691 2148 5768 ᾖ]
2180 5712 2268 5750 an.
2299 5698 2372 5766 ﬁ?

3390 5625 3436 5658 “
3464 5624 3674 5697 ήφωνὴ
