3964 6246
265 307 403 376 105¹1

1289 245 1817 362 Bi‘BLIOTHECA.
1849 318 1918 331 -
1953 290 2118 354 COD.
2145 289 2416 352 CCXXX-

3391 283 3527 352 1058

261 421 360 491 τῆς
382 417 507 473 καθ’
532 415 833 471 ὑπόστασιν
862 411 1129 480 ένὼσεως,
1147 414 1261 478 τοῖς
1327 413 1625 484 αἱρετικοῖς
1670 408 1728 464 δὲ
1763 408 1845 460 δι-

1963 403 2233 461 sentirent.
2275 409 2332 456 et
2357 413 2480 455 cum
2509 395 2715 469 Cyrillo
2750 394 3146 460 consentirent,
3187 395 3330 464 apud
3363 411 3523 464 quem

266 511 614 582 εσπασμένον
635 511 681 542 ⁶⁹
703 509 798 561 καὶ
826 509 887 561 τὸ
911 506 1216 577 ἀδιαίρετον
1233 523 1248 537 ·
1283 505 1383 576 τῆς
1409 505 1521 575 γὰρ
1551 503 1673 558 καθ’
1705 501 1838 554 ὑπόε-

264 619 456 656 στασιν
480 601 724 663 ὲνὼσεως
763 598 896 651 αὑτὸ
921 596 1310 667 διασχίζουσιν.
1339 595 1497 649 Οὕτω
1529 595 1573 647 δ’
1608 595 1675 648 ἂν
1750 593 1837 664 εἴη

265 693 618 764 μεμφόμενος
651 692 748 744 καὶ
779 690 904 754 τοὺς
933 689 1190 758 λέγοντας
1214 689 1312 758 μὲν
1344 686 1438 740 δύο
1455 685 1646 756 φύσεις
1666 685 1842 738 ἀδιαι-

265 787 480 858 ρέτους,
515 784 617 854 τὴν
650 782 775 835 καθ’
815 782 1117 835 ὑπόστασιν
1143 780 1202 832 δὲ
1237 779 1312 849 μὴ
1342 776 1841 848 συνομολογοῦντας

263 877 495 931 ἕνωσινο
524 875 789 946 μάχονται
818 876 926 944 γὰρ
977 873 1053 937 ὡς
1089 871 1304 943 άληθῶς
1363 863 1510 924 οὗτοι
1565 871 1678 932 τοῖς
1713 869 1842 938 μίαν

265 968 431 1039 φύσιν
454 966 712 1039 φρονοῦσι
737 966 832 1019 τοὺ
851 963 988 1018 Θεοῦ
1011 963 1184 1032 Λόγου
1206 962 1658 1034 σεσαρκωμένην.
1695 959 1844 1025 Τοὺς

261 1062 472 1132 μέντοι
503 1061 656 1131 μετὰ
680 1060 788 1114 τοῦ
823 1059 1029 1130 λέγειν
1047 1058 1158 1113 δύο
1204 1058 1424 1128 φύσεις
1471 1056 1845 1124 ἀδιαιρέτους

264 1153 338 1208 ἐν
371 1152 450 1222 τῇ
482 1153 610 1208 καθ’
659 1154 1008 1208 ὑπόστασιν
1053 1151 1272 1206 ἑνώσει
1314 1149 1557 1218 θεωρεῖν
1603 1148 1727 1204 οὔτ’
1764 1146 1846 1204 ἂν

261 1245 620 1316 μεμψαίμην
642 1243 782 1312 ἐρεῖ,
813 1242 1014 1312 ὥσπερ
1051 1243 1195 1298 οὐδὲ
1247 1243 1389 1308 τοὺς
1443 1239 1847 1306 ἁνατολικοὺς

267 1337 343 1391 τὰ
374 1337 544 1406 ὅμοια
571 1335 863 1404 λέγοντας
919 1334 1302 1405 ἐμεμψάμην,
1339 1333 1480 1388 ἀλλ’
1535 1332 1674 1388 οὔτε
1711 1330 1844 1400 ἐμοὶ

268 1428 559 1482 τάναντία
603 1427 734 1500 [454
782 1426 877 1498 IL]
926 1426 1173 1496 φρονεῖν
1249 1426 1391 1480 οὔτε
1452 1422 1848 1494 διαμάχεσθαι

268 1520 423 1589 πρὸς
439 1518 556 1588 τὴν
590 1519 741 1588 μίαν
766 1518 876 1572 τοῦ
898 1519 1094 1590 Λόγου
1133 1517 1328 1588 φύσιν
1372 1513 1850 1586 σεσαρκωμένην

269 1611 385 1665 οὐκ
409 1609 487 1664 ἂν
517 1607 928 1679 ψηφισαίμην.

343 1875 418 1930 Σὺ
466 1874 526 1930 δέ
582 1891 674 1946 μοι
731 1873 1115 1929 συνδιασκόπει
1145 1872 1296 1937 ὅπως
1323 1872 1495 1944 ούδ’ή
1533 1871 1632 1944 μία
1690 1869 1856 1942 φύσις

273 1967 372 2021 τοῦ
409 1967 588 2036 Λόγου
623 1965 1041 2036 σεσαρκωμένη,
1084 1963 1274 2027 ἁπλῶς
1309 1962 1453 2018 οὑτω
1480 1967 1856 2035 προαγομένη,

274 2057 546 2127 οὐμενοῦν
601 2057 662 2111 τὸ
712 2056 1081 2128 ἀνεπίληπτον
1119 2056 1184 2110 ού
1238 2056 1514 2122 διασώζει.
1572 2053 1695 2127 [861
1764 2052 1856 2127 ιι]

276 2153 507 2220 Λέγοιτο
535 2151 646 2222 γὰρ
663 2149 731 2204 ἂν
765 2151 862 2222 μία
904 2149 1069 2221 φύσις
1099 2150 1197 2204 τοῦ
1241 2151 1417 2220 Λόγου
1461 2148 1856 2220 σεσαρκωμένη

275 2244 374 2299 καὶ
394 2239 479 2308 οἷς
512 2241 720 2314 ἄψυχος
742 2245 776 2315 ἡ
798 2243 1209 2314 προσληφθεῖσα
1241 2244 1520 2314 νομίζεται
1549 2242 1707 2313 σὰρξ,
1764 2243 1860 2296 καὶ

276 2329 362 2396 οἷς
378 2335 489 2388 τῶν
527 2334 888 2387 συνελθόντων
907 2336 940 2405 ὴ
970 2333 1228 2404 σύγχυσις
1251 2335 1613 2398 δυσσεϐεῖται,
1665 2333 1760 2386 καὶ
1778 2328 1862 2396 οἷς

275 2427 312 2496 ἡ
343 2426 439 2479 τοῦ
469 2427 644 2494 Λόγου
677 2425 839 2496 φύσις
870 2427 952 2489 εἰς
975 2427 1155 2496 σάρκα
1203 2426 1586 2496 φρενοδλαϐὦς
1638 2427 1860 2496 ἀναχεῖ-

275 2535 366 2572 ται
386 2519 453 2574 ⁷⁸.
494 2519 551 2572 '0
607 2519 666 2572 δὲ
724 2519 826 2588 τῆς
857 2519 1145 2591 ἀκριόεεας
1201 2519 1523 2582 διδάσκαλος
1567 2519 1860 2590 Κύριλλος,

273 2608 512 2663 ἓκαστον
567 2608 678 2662 τῶν
707 2609 999 2680 αἱρετικῶν
1045 2611 1410 2679 φρονημάτων
1435 2609 1713 2679 όμοτίμως
1743 2608 1862 2678 βδε-

273 2698 631 2770 λυσσόμενος,
668 2699 758 2754 διὰ
798 2701 898 2769 τῆς
945 2705 1098 2771 κοινῇ
1119 2701 1162 2732 ⁷⁸
1188 2701 1558 2773 προκειμένης
1590 2703 1774 2772 φωνῆς
1801 2699 1862 2753 τὸ

276 2790 616 2872 ἀδιαίρετον.
659 2793 760 2863 μὲν
809 2793 904 2845 καὶ
964 2792 1273 2863 άσύγχυτον
1329 2793 1440 2846 τῶν
1495 2792 1860 2846 συνελθόντων

274 2883 603 2955 τρανολογεῖ
629 2883 869 2953 φύσεων,
903 2884 1199 2940 ἀπευθύνει
1227 2887 1284 2938 δὲ
1307 2884 1512 2956 ταύτην
1530 2885 1610 2937 ἔτι
1637 2883 1858 2956 μᾶλλον,

274 2973 382 3046 τὴν
453 2976 880 3046 σεσαρκωμένην
940 2975 1104 3045 φύσιν
1154 2976 1469 3047 ἐψυχῶσθαι
1517 2975 1860 3047 δογματίζων

273 3067 430 3141 ψυχῇ
460 3070 652 3140 λογικῇ
676 3086 736 3122 τε
769 3069 866 3123 καὶ
895 3071 1079 3142 νοερᾷ.
1102 3068 1194 3123 Διὸ
1216 3071 1310 3123 καὶ
1334 3070 1462 3133 τοὺς
1483 3069 1856 3133 ἀνατολικοὺς,

1947 496 2099 563 illud,
2129 493 2383 557 indivise,
2409 499 2556 546 recte
2585 489 2895 558 intelligunt
2917 489 2978 553 ii,
3003 489 3095 556 qui
3122 502 3308 541 vocem
3335 503 3523 542 secun-

1947 585 2075 640 dum
2125 581 2521 655 bypostaticam
2579 583 2834 635 unionem
2895 579 3189 648 accipiunt.
3245 577 3528 634 llzcreticis

1947 689 2126 734 autem
2171 679 2335 732 etiam
2379 675 2668 730 indivisum
2716 681 2801 728 est
2834 672 3065 726 divisum
3099 686 3195 725 seu
3233 671 3527 725 divulsum.

1945 767 2082 824 Nam
2109 767 2241 822 illud
2284 769 2458 836 ipsum
2491 765 2788 820 secundum
2823 763 3216 834 hypostaticam
3272 763 3527 817 unionem

1948 861 2209 916 divellunt
2245 859 2622 926 dividuntqne.
2657 856 2735 910 Ita
2779 870 2997 925 quoque
3037 856 3400 924 reprehendas
3432 869 3528 910 eos

1949 953 2040 1025 qui
2082 955 2218 1007 duas
2261 950 2520 1005 imlivisas
2568 957 2792 1003 naturas
2837 947 3164 1012 admittunt,
3209 945 3305 1000 sed
3333 954 3532 1013 negant

1949 1060 2044 1100 eas
2085 1043 2378 1098 secundum
2430 1038 2825 1112 hypostaticam
2883 1038 3139 1092 unionem
3190 1037 3529 1106 conjunctas;

1951 1150 2137 1192 revera
2181 1135 2324 1190 enim
2365 1135 2722 1188 adversantur
2750 1131 2818 1186 iis
2860 1130 2950 1200 qui
2983 1129 3199 1184 unicam
3233 1127 3325 1182 Dei
3369 1126 3533 1184 Verbi

1952 1237 2200 1284 naturam
2256 1225 2499 1280 sentiunt
2555 1237 2678 1278 esse
2729 1222 3093 1277 incarnatam.
3149 1219 3282 1275 Illos
3333 1229 3532 1283 tamen,

1951 1321 2145 1390 inquit,
2175 1335 2279 1373 non
2309 1315 2752 1384 reprehenderim.
2781 1316 2871 1381 qui
2897 1315 3032 1367 duas
3059 1314 3284 1382 professi
3311 1323 3532 1367 naturas

1951 1412 2010 1465 in
2036 1410 2366 1482 hypostalica
2409 1407 2600 1460 unione
2622 1405 2882 1458 indiuisus
2919 1403 3294 1466 considerant,
3328 1401 3408 1454 uti
3439 1414 3533 1453 nec

1953 1502 2247 1559 Orientales
2268 1500 2617 1570 coarguerim,
2639 1497 2729 1567 qui
2754 1495 2893 1550 idem
2921 1497 3178 1550 sentiunt.
3217 1493 3324 1550 Sed
3373 1509 3536 1565 neque

1953 1597 2048 1650 Iros
2081 1604 2265 1648 contra
2293 1609 2375 1647 me
2405 1593 2575 1648 uenire
2599 1630 2615 1656 ,
2653 1605 2819 1660 neque
2855 1604 3088 1658 pugnare
3131 1589 3377 1642 adversus
3420 1603 3532 1653 eos,

1955 1689 2045 1758 qui
2078 1704 2238 1742 unam
2291 1685 2441 1741 Verbi
2472 1695 2721 1739 naturam
2759 1683 2909 1734 aiunt
2940 1681 3271 1734 incantatam
3297 1695 3536 1749 pronun-

1885 1781 1928 1838 B
1957 1780 2162 1836 tiarim.

2033 1876 2140 1932 Sed
2177 1883 2234 1930 tu
2271 1887 2482 1929 mecum
2519 1872 2762 1944 dispice,
2791 1886 2892 1928 nec
2916 1886 3077 1926 unam
3118 1871 3336 1941 quidem
3369 1851 3535 1926 Verbi

1958 1979 2209 2026 naturam
2236 1967 2303 2040 (si
2332 1967 2404 2022 ita
2433 1965 2575 2021 nude
2603 1974 2660 2020 et
2687 1965 3010 2035 simpliciter
3045 1963 3318 2034 loquare),
3352 1963 3537 2019 incar-

1962 2077 2142 2120 natam
2186 2064 2305 2120 sine
2347 2061 2770 2130 reprehensione
2808 2060 2912 2115 dici
2949 2073 3124 2128 posse.
3171 2057 3308 2113 Nam
3345 2067 3402 2112 et
3430 2071 3537 2112 una

1963 2156 2123 2212 Verbi
2172 2166 2365 2211 natura
2397 2155 2676 2209 incuruata
2711 2153 2986 2208 diceretur
3019 2152 3089 2207 ab
3135 2152 3201 2206 iis
3224 2150 3316 2220 qui
3348 2160 3539 2220 putant

1961 2251 2310 2306 inanimatam
2365 2263 2586 2304 carnem
2634 2262 2754 2302 esse
2811 2231 3177 2316 assumptum;
3227 2255 3284 2300 et
3331 2244 3421 2313 qui
3467 2259 3536 2298 ex

1960 2341 2269 2396 coeuntium
2291 2339 2650 2408 ‘permistione
2679 2336 2952 2408 [naturam
2983 2333 3344 2406 assumptam]
3377 2333 3532 2388 blas-

1959 2433 2254 2503 pbemant;
2291 2441 2346 2485 et
2377 2431 2466 2501 qui
2501 2440 2752 2485 naturam
2778 2427 2941 2483 Verbi
2983 2429 3036 2483 in
3087 2429 3320 2483 carnem'
3355 2437 3536 2481 muta-

1960 2532 2095 2587 tam,
2129 2522 2424 2576 insaniunt.
2447 2521 2910 2576 Accuratissimns
2933 2531 3112 2575 autem
3148 2521 3338 2574 doctor
3363 2518 3540 2589 Cyril-

1960 2612 2044 2667 lus
2066 2611 2305 2680 singulas
2355 2611 2554 2682 2771)
2578 2612 2956 2666 Ιιαιιιοιίοοτιιιη
2991 2611 3200 2682 pariter
3221 2619 3538 2665 exsecratus

1961 2706 2282 2766 sententias,
2307 2719 2402 2773 per
2426 2717 2611 2758 vocem
2643 2704 2696 2757 in
2723 2705 2900 2759 medio
2934 2703 3194 2772 positam,
3225 2702 3358 2756 duas
3387 2711 3539 2756 natu-

1963 2812 2052 2851 ras
2076 2795 2154 2868 [in
2182 2795 2424 2869 Christo]
2447 2805 2839 2852 concurrentes
2864 2795 3122 2851 indivisas
3151 2795 3540 2851 etinconl'usas

1962 2887 2280 2958 planissime
2318 2887 2677 2941 demonstrat.
2707 2887 2926 2943 Relellit
2961 2902 3124 2957 porro
3161 2888 3302 2942 hanc
3340 2887 3537 2955 magis,

1965 2978 2091 3031 dum
2134 2976 2292 3032 docet
2321 2988 2571 3032 naturam
2604 2977 2971 3042 incarnatam,
3007 2979 3190 3033 anima
3227 2979 3455 3034 rationis
3486 2989 3541 3032 et

1963 3068 2334 3140 intelligentiae
2364 3068 2520 3138 plena
2553 3068 2722 3126 fuisse
2771 3069 3088 3125 animatum.
3125 3069 3466 3139 Quapropter
3487 3080 3540 3123 et

275 3133 651 3224 (ὗς-’πολλάκις
696 3160 932 3233 εἴρηται,
989 3133 1198 3232 ταύτην
1245 3163 1347 3232 μὲν
1397 3161 1500 3232 τὴν
1552 3165 1734 3233 φωνὴν
1761 3161 1857 3214 οὑκ

1963 3157 2289 3225 Orientales,
2311 3159 2386 3213 nti
2406 3174 2553 3230 saepe
2577 3160 2779 3216 dictum
2801 3173 2907 3223 est,
2926 3163 3178 3230 quamvis
3197 3161 3336 3216 banc
3354 3176 3538 3216 vocem

275 3252 537 3314 εἰπόντας
558 3291 574 3316 9
606 3252 707 3322 τὴν
749 3252 806 3306 δὲ
842 3253 1273 3323 ῐσοδυναμοῦσαν
1324 3251 1860 3324 προόαλλομὲνουςυ

275 3341 397 3412 (δύο
448 3343 562 3413 γὰρ
615 3342 807 3411 φύσεις
855 3339 1010 3398 εἶπον
1038 3345 1362 3416 πρεσϐεύειν
1390 3346 1450 3398 έν
1475 3348 1542 3416 τῇ
1573 3343 1696 3398 καθ’
1726 3343 1859 3397 ὑπό-

278 3450 475 3488 στασιν
531 3433 746 3506 ένώσει)
777 3437 873 3489 καὶ
919 3437 1050 3507 μηδὲ
1079 3437 1140 3490 τὺ
1165 3438 1506 3509 ἀδιαιρέτους
1536 3435 1864 3502 ἐπενεγκόν-

274 3543 381 3592 τας
427 3527 738 3600 ὀρθοδόξους
793 3529 1125 3599 ἀνεκήρυξεν
1153 3545 1168 3562 ο
1221 3531 1397 3583 καίτοι
1429 3547 1493 3598 γε
1518 3529 1626 3583 οὐδ’
1679 3529 1862 3590 αὑτοῖς

278 3621 494 3692 ῥήμασι
509 3619 572 3673 τδ
599 3621 720 3673 καθ’
749 3621 1050 3674 ὑπόστασιν
1076 3621 1342 3692 ἔγραψαν,
1375 3623 1494 3675 ἀλλ’
1518 3622 1576 3686 ἐξ
1601 3615 1675 3676 ὧν
1707 3617 1860 3674 εἷπον

275 3712 379 3766 ενα
419 3713 514 3766 καὶ
555 3712 649 3765 τὸν
678 3713 841 3768 αὑτὸν
870 3714 1156 3784 ὁμολογεῖν
1177 3715 1268 3769 τὸν
1296 3717 1360 3768 ὲκ
1381 3715 1596 3785 ῐίατρὸς
1618 3713 1863 3784 ἁχρόνως

277 3806 612 3876 γεννηθέντα
628 3805 722 3860 καὶ
749 3808 814 3860 ἐκ
839 3808 938 3877 τῆς
952 3807 1218 3862 Θεοτόκου
1239 3808 1458 3878 Μαρίας
1479 3807 1568 3860 ἐπ’
1596 3807 1860 3878 ἐσχάτων,

276 3899 376 3954 καὶ
403 3899 498 3952 τὸν
553 3899 718 3953 αὑτὸν
780 3900 1107 3971 πρεσϐεύειν
1152 3900 1285 3955 Θεόν
1313 3918 1372 3955 τε
1399 3901 1495 3956 καὶ
1549 3902 1859 3971 ἄνθρωπον,

277 3993 380 4047 ἆτε
408 3991 474 4063 δὴ
509 3991 787 4064 σύνδρομα
815 3991 969 4056 εἰδὼς
997 3993 1066 4046 τὰ
1099 3993 1367 4064 εἰρημένα
1388 3996 1453 4064 τῇ
1485 3993 1605 4047 καθ’
1629 3994 1865 4046 ὑπόστα-

277 4100 369 4139 σιν
401 4083 592 4138 ἐνὼσει
619 4086 794 4156 φωνῇ,
826 4085 1103 4156 ὁμοδοξεῖν
1135 4086 1301 4139 αὑτὸν
1331 4085 1515 4150 αὑτοῖς
1549 4085 1864 4156 περιφανῶς

278 4172 657 4246 ἐμαρτύρησε.

353 4359 449 4409 Δεῖ
475 4355 524 4410 δ’
547 4350 642 4410 οὖν
674 4356 876 4412 ειδέναι
899 4359 974 4422 ὡς
998 4361 1047 4413 οἱ
1067 4358 1164 4432 τὴν
1192 4360 1316 4415 καθ’
1349 4361 1647 4417 ὑπόστασιν
1670 4363 1864 4418 ἕνωσιν

1964 3267 2070 3306 non
2111 3251 2496 3322 pronuntient,
2537 3252 2696 3306 aliam
2751 3263 2931 3307 tamen
2983 3268 3103 3323 qua:
3140 3253 3386 3310 eamdem
3430 3255 3538 3308 vim

1965 3345 2147 3410 habet,
2195 3356 2398 3414 ponant
2429 3344 2604 3416 (duas
2641 3347 2788 3400 enim
2832 3357 3056 3402 naturas
3103 3347 3156 3400 in
3197 3348 3538 3420 hypostatica

1962 3436 2162 3489 unione
2180 3450 2239 3490 se
2255 3437 2500 3490 venerari
2517 3437 2788 3507 dixerunt)
2809 3452 2982 3508 neque
3011 3451 3219 3503 vocem,
3266 3437 3539 3503 indivisas,

1966 3535 2229 3590 usurpent
2283 3526 2386 3598 [αι.
2417 3527 2725 3601 auferant],
2777 3539 2924 3584 recte
2968 3531 3174 3584 sentire
3224 3530 3540 3586 declaravit.

1967 3619 2107 3686 Quin
2140 3633 2316 3688 neque
2349 3620 2530 3674 verbis
2559 3619 2712 3689 ipsis,
2751 3620 2838 3674 illa
2865 3622 3166 3677 secundum
3200 3622 3540 3692 bypostasin,

1963 3713 2017 3768 in
2041 3711 2262 3781 scriptis
2293 3713 2406 3766 suis
2437 3725 2862 3781 expresserunt;
2918 3713 3013 3769 sed
3053 3728 3120 3768 ex
3149 3713 3312 3768 dictis
3343 3712 3542 3782 quibus

1961 3819 2130 3858 unum
2155 3814 2210 3859 et
2239 3805 2490 3860 eumdem
2526 3821 2592 3860 ex
2626 3805 2791 3860 Patre
2816 3808 2884 3861 ab
2919 3815 3156 3873 aeterno,
3191 3815 3247 3862 et
3270 3821 3335 3861 ex
3372 3804 3540 3860 Maria

1963 3897 2059 3952 Dei
2083 3898 2362 3954 Genitrice
2393 3898 2594 3954 ultimis
2628 3900 2962 3970 temporibus
2981 3910 3167 3954 natum
3189 3903 3539 3963 conliteutur,

1962 3990 2322 4060 eumdemque
2363 3991 2552 4045 Deum
2583 3999 2639 4046 et
2668 3991 2942 4046 hominem
2999 4001 3359 4057 venerantur;
3420 4005 3542 4060 qua:

1961 4082 2108 4138 dicta
2159 4099 2281 4139 cum
2339 4084 2554 4139 videret
2611 4085 2943 4154 respondere
3000 4085 3187 4140 unioui
3245 4087 3539 4140 secundum

1963 4177 2312 4248 hypostasin,
2361 4178 2530 4234 verbo
2559 4191 2620 4234 se
2645 4193 2770 4234 cum
2801 4177 2908 4234 illis
2947 4181 3150 4234 sentire
3189 4188 3374 4250 aperte
3407 4192 3544 4234 con-

1964 4280 2196 4326 testatus
2224 4279 2330 4326 est.

2037 4363 2329 4420 Sciendum
2356 4378 2487 4436 ergo
2502 4378 2531 4417 a
2546 4362 2818 4430 Patribns,
2851 4363 2941 4435 qui
2964 4363 3363 4435 hypnstaticam
3379 4361 3540 4418 unio-

279 4445 532 4510 εἰπόντες
583 4449 826 4519 Πατέτες
882 4451 1039 4520 ἡμῶν
1083 4452 1177 4505 δύο
1219 4453 1384 4507 τινῶν
1422 4446 1857 4511 σύνοδον’³’καθ¹

1967 4469 2090 4510 nem
2143 4455 2491 4524 proﬁtentur,
2546 4456 2648 4508 hac
2692 4467 2841 4517 voce,
2899 4454 3129 4506 duarmn
3187 4455 3542 4522 quarumdam

278 4536 478 4590 ἕνωσιν
508 4537 876 4592 ἀδιάσπαστον
905 4540 994 4594 διὰ
1021 4540 1227 4612 ταύτης
1254 4542 1355 4614 τῆς
1391 4544 1576 4615 φωνῆς
1602 4545 1861 4616 δογματι-

280 4625 470 4692 ζουσιν
496 4643 511 4658 ·
540 4630 587 4681 εἰ
625 4629 681 4682 δὲ
715 4629 997 4701 άσύγχυτα
1024 4631 1098 4686 τὰ
1158 4634 1480 4688 συνελθόντα
1532 4636 1864 4705 μεμένηκεν,

280 4720 436 4772 οὐδὲν
472 4721 507 4789 ή
538 4724 875 4794 προκειμένη
936 4725 1087 4796 φωνὴ
1151 4727 1544 4796 παραδίδωσιν.
1595 4727 1866 4794 Ὡσαύτως

282 4813 380 4863 καὶ⁵
407 4812 468 4864 τὸ
495 4812 624 4882 μίαν
684 4815 846 4881 φύσιν
880 4816 974 4869 τοῦ
1005 4819 1179 4886 Λόγου
1234 4822 1661 4891 σεσαρκωμένην
1684 4820 1866 4889 λέγειν

283 4902 364 4964 εἰς
397 4903 496 4973 τὴν
540 4905 711 4974 αὑτὴν
746 4907 848 4976 μὲν
877 4907 1086 4962 ἔννοιαν
1114 4910 1298 4979 σχεδὸν
1329 4911 1686 4982 ὑποφέρεται,
1719 4931 1861 4985 παρ-

282 4993 614 5064 ελκυσθῆναι
655 4996 712 5049 δὲ
758 4998 975 5062 πολλοῖς
1024 5002 1320 5070 αἱρετικοῖς
1349 5003 1485 5073 πρὸς
1512 5003 1573 5055 τὸ
1613 5003 1864 5076 βούλημα

282 5083 346 5134 τὸ
399 5085 582 5154 ῥᾴδιον
636 5089 1038 5159 ὲμπαρέχεται.
1098 5092 1260 5144 Ὥστε
1308 5094 1405 5163 οὑχ
1459 5095 1642 5158 ἁπλῶς
1694 5097 1864 5167 αὐτὴν

285 5176 682 5243 παραδεκτέον,
740 5181 855 5233 ἀλλ’
899 5182 976 5245 ὡς
1031 5183 1058 5234 ὁ
1090 5183 1160 5236 τὰ
1203 5185 1321 5238 θεῖα
1376 5186 1539 5254 σοφὸς
1596 5189 1864 5259 ἐχρήσατο

287 5265 582 5336 Κύριλλος,
607 5273 850 5326 τουτέστι
908 5275 1052 5346 ψυχῇ
1086 5276 1275 5346 λογικῇ
1311 5296 1371 5330 τε
1401 5279 1497 5331 καὶ
1549 5284 1712 5352 νοερᾷ
1743 5301 1866 5336 συν·

287 5360 532 5415 ἁπτοντα
565 5364 925 5438 ἐψυχωμένην
947 5369 1014 5435 ⁷⁸,
1050 5371 1144 5422 καὶ
1201 5371 1312 5423 τῶν
1353 5373 1718 5426 συνελθόντων
1743 5391 1866 5428 συν-

289 5451 695 5527 επιθεωροῦντα
733 5459 793 5510 τὸ
834 5459 1158 5532 ἁσύγχυτον.
1224 5463 1380 5517 Οὕτω
1431 5464 1559 5532 γοῦν
1625 5466 1867 5536 ἑκατέρᾳ

1967 4558 2290 4601 naturarum
2323 4545 2760 4599 concurrentium
2795 4544 3120 4599 indivulsam
3166 4543 3420 4596 unionem
3452 4556 3543 4595 as-

1967 4639 2100 4694 seri.
2135 4639 2288 4704 Quod
2338 4637 2603 4692 siautem
2646 4637 2765 4691 duae
2817 4636 2920 4691 illa:
2983 4646 3193 4690 natura;
3248 4635 3542 4690 inconfusus

1968 4740 2344 4797 permansere,
2380 4725 2517 4780 nihil
2562 4727 2840 4796 proposita
2887 4739 2991 4778 vox
3041 4721 3301 4796 [veritati]
3356 4721 3540 4778 oiﬁcit.

1967 4817 2171 4872 Eodem
2223 4820 2386 4871 modo
2434 4833 2556 4872 cum
2613 4817 2834 4881 dicitur,
2885 4832 3046 4870 unam
3080 4814 3240 4869 Verbi
3294 4825 3542 4869 naturam

1969 4926 2090 4967 esse
2133 4911 2493 4975 incarnatam,
2525 4912 2775 4964 eumdem
2809 4908 2924 4962 fere
2945 4923 3166 4962 sensum
3197 4908 3376 4962 habet.
3411 4905 3544 4975 Rapi

1971 5011 2149 5055 autem
2181 5016 2208 5054 a
2254 4999 2439 5055 multis
2495 5001 2763 5055 limreticis
2808 5001 2910 5054 boc
2969 5000 3034 5053 ad
3083 4999 3349 5070 cujusque
3399 4999 3547 5051 atthi-

1973 5095 2158 5159 trium,
2213 5109 2320 5147 non
2371 5104 2631 5162 negatur;
2677 5105 2736 5148 ut
2777 5093 3002 5160 proinde
3050 5109 3151 5146 vox
3201 5107 3306 5146 non
3358 5085 3428 5144 sit
3472 5090 3544 5144 ita

1970 5189 2114 5241 nude
2143 5187 2495 5254 acceptanda,
2521 5186 2614 5240 sed
2635 5188 3086 5254 quemadmodqu
3107 5185 3340 5256 Cyrillns
3364 5200 3542 5238 rerum

1972 5279 2276 5332 divinarum
2309 5279 2489 5333 sciens
2519 5278 2664 5332 illam
2695 5280 2998 5348 usurpavit,
3037 5280 3137 5333 hoc
3163 5288 3266 5341 est,
3301 5287 3353 5330 ut
3379 5277 3545 5330 addas

1973 5371 2151 5423 anima
2203 5371 2449 5424 rationali
2484 5381 2535 5423 et
2570 5371 2886 5442 intelligenli
2933 5368 3198 5442 [carnem]
3227 5370 3542 5430 animatam,

1973 5473 2028 5518 et
2056 5463 2283 5516 duarum
2340 5474 2658 5517 naturarum
2715 5463 3052 5519 iuconfusam
3109 5463 3544 5533 conjunctionem

1609 5577 1848 5633 VARIAS
1881 5567 2300 5633 LECTIONES.

353 5684 398 5757 ε’
414 5685 820 5757 διεσπαρμένον
852 5705 912 5752 ς,

293 5753 339 5786 “
367 5756 490 5810 libri
519 5753 869 5826 ὲψυχωμένῃ.

991 5691 1034 5722 ⁷⁰
1062 5692 1339 5763 ἀναχεῖται
1361 5692 1398 5746 Α
1423 5707 1436 5745 :
1458 5693 1749 5764 ἀπετράπη
1783 5711 1843 5757 ς’.
1912 5694 1952 5727 ⁷⁸
1977 5692 2161 5764 κοινῆς
2189 5692 2253 5748 Α.
2325 5694 2369 5726 ⁷³
2396 5692 2506 5750 imo
2535 5692 2996 5764 προῦαλομένους.
3071 5693 3254 5750 "libri
3285 5695 3540 5754 συνόδων.
