3964 6246
448 213 589 279 1059

1535 212 1815 275 PHOTII'
1837 210 2339 274 PATRIARCHE
2369 212 2479 283 ΟΡ.

3539 211 3676 276 1060

439 323 738 392 intelligas.
770 322 849 378 Ita
895 327 1026 394 ergo
1063 329 1292 392 utraque
1316 335 1452 378 voce
1479 335 1587 378 non
1633 330 1885 376 accurate
1917 335 2005 375 ex-

2110 323 2262 392 φωνῇ
2283 323 2384 392 τῆς
2412 320 2695 390 ἀκριϐείας
2726 321 2827 375 οὑκ
2842 321 3259 393 ἐπιστατούσης,
3280 323 3339 378 ἓν
3362 323 3462 392 μὲν
3480 323 3677 393 δηλοῦ-

437 431 620 478 cussa,
659 431 824 469 unam
855 417 1072 484 quidem
1102 429 1390 482 personam
1442 413 1744 483 explicant,
1800 413 1894 468 sed
1925 412 2008 466 in-

440 508 724 564 conl'usum
771 508 996 562 duarum
1045 515 1358 561 naturarum
1393 521 1716 561 concursum
1780 519 1884 558 non
1914 519 2010 558 ex-

358 600 364 668 ξ
438 600 688 670 planant.
723 598 959 654 Rursum
1011 598 1103 666 qui
1157 599 1290 653 duas
1333 606 1559 652 naturas
1595 596 1854 652 indivisas
1897 605 2009 649 tra-

437 692 592 757 dunt,
620 693 671 746 id
710 693 924 761 quidem
967 693 1110 762 quod
1159 700 1243 746 est
1297 691 1634 746 iuconfusum
1689 703 2004 758 exposuere,

353 811 359 840 :
437 786 531 837 sed
557 801 718 838 unam
751 799 870 839 esse
925 800 1209 854 personam
1274 793 1366 837 aut
1428 783 1738 853 hypostasin
1773 783 2008 835 nonde-

436 877 734 932 claravere.
781 876 850 932 Ut
891 878 1117 948 proinde
1151 879 1222 932 sit
1277 890 1501 931 necesse
1524 876 1592 929 ah
1635 874 1699 929 iis
1739 875 1829 944 qui
1874 874 2008 928 duas

438 985 659 1028 naturas
698 973 954 1028 indivisas
995 972 1346 1042 proﬁtentur,
1389 979 1482 1024 aut
1522 970 1760 1039 adjungi,
1807 983 2008 1024 secun-

436 1063 560 1117 dum
597 1063 990 1132 hypostaticam
1023 1063 1309 1125 unionem;
1358 1069 1452 1113 aut
1485 1074 1645 1113 unam
1700 1057 1857 1113 Verbi
1911 1072 2008 1111 na-

435 1163 611 1209 turam
639 1170 758 1209 esse
789 1155 1154 1217 incarnatam,
1200 1162 1293 1206 aut
1336 1153 1584 1205 eumdem
1629 1149 1795 1202 simul
1839 1149 2004 1202 Deum

433 1259 554 1300 esse
582 1257 636 1300 et
672 1247 964 1300 hominem.
1007 1244 1228 1312 Absque
1274 1243 1445 1296 altero
1506 1240 1651 1295 enim
1711 1239 2002 1304 dictorum,

431 1351 532 1390 vox
569 1337 864 1405 preposita,
896 1342 952 1388 ut
1005 1334 1378 1403 imperfectum
1432 1333 1558 1402 quid
1575 1331 1697 1399 jure
1748 1346 1879 1385 sane
1923 1346 2006 1386 re-

431 1429 818 1498 prehendatur.
855 1428 975 1482 llacc
1009 1437 1062 1481 et
1090 1428 1172 1481 his
1205 1426 1430 1496 genuina
1473 1441 1595 1480 cum
1619 1434 1806 1479 auctor
1833 1422 2006 1492 expli-

431 1529 629 1586 casset,
659 1502 866 1590 adjecta
896 1520 961 1573 ad
987 1521 1332 1574 concordiam
1379 1515 1718 1590 [iucundam]
1750 1515 2005 1569 adhorta-

431 1611 598 1675 tione,
623 1611 758 1664 libro
787 1610 912 1664 huic
944 1609 1196 1678 praesenti
1232 1610 1389 1663 tinem
1433 1607 1677 1676 imponit.

502 1700 698 1768 Quinta
733 1703 989 1769 deinceps
1023 1703 1196 1755 oratio
1231 1701 1467 1769 disputat
1518 1708 1704 1755 contra
1735 1697 1873 1761 illos,
1915 1701 2005 1767 qui
2039 1678 2081 1734 Β

430 1795 670 1848 humano
713 1793 930 1862 ingenio
979 1795 1194 1865 278a
1223 1792 1589 1848 Christianam
1647 1791 1806 1846 Iidem
1853 1806 2004 1846 com-

433 1885 686 1955 prehendi
723 1900 882 1954 posse
933 1885 1379 1940 existimantzin
1435 1899 1544 1953 quo
1595 1883 1683 1954 pie
1739 1882 2006 1952 planeque

430 1974 610 2029 divine
643 1975 1070 2046 philosophatur,
1123 1987 1290 2045 atque
1331 1976 1542 2030 dicendi
1601 1975 1809 2030 ratione
1843 1975 2003 2030 Chri-

431 2063 664 2118 stianam
696 2065 1004 2134 religionem
1049 2075 1252 2120 certam
1310 2067 1584 2131 ostendit,
1618 2069 1870 2136 quodque
1918 2065 2003 2120 illa

431 2153 771 2224 potissimum
822 2157 1066 2224 sequitur
1117 2157 1409 2226 pradicat;
1459 2166 1515 2212 et
1548 2157 1712 2212 docet
1742 2157 2004 2226 quemad-

436 2244 653 2298 modum
693 2247 1085 2316 proprietatum
1146 2247 1464 2302 diﬂerentiaa
1523 2249 1575 2303 in
1619 2249 1776 2303 nobis
1820 2257 2009 2319 aperte

429 2335 698 2392 distincta:
719 2339 847 2403 sint,
885 2339 1083 2406 quibus
1115 2339 1251 2394 alter
1283 2339 1353 2393 ab
1402 2339 1586 2395 altero'
1609 2338 1807 2404 diﬂ‘ert,
1839 2350 2007 2394 nota:-

430 2443 538 2497 que
572 2429 872 2500 singulares
902 2430 1127 2485 alterius
1160 2430 1397 2498 alicujus
1428 2446 1676 2500 persona:
1710 2430 2007 2500 proprieta-

433 2530 516 2575 tes
540 2519 840 2590 [individuo
871 2521 944 2575 illi
988 2521 1313 2594 assignent],
1369 2537 1688 2578 communes
1728 2522 1840 2575 ﬁeri
1881 2536 2007 2589 pro-

433 2609 670 2666 hibeant.
725 2610 782 2665 In
814 2620 1002 2665 sancta
1045 2622 1227 2666 autem
1305 2610 1572 2667 Trinitate
1647 2611 2006 2681 proprietates

433 2713 653 2756 manent
687 2701 1095 2769 immutabiles,
1150 2711 1206 2757 et
1262 2719 1359 2772 per
1419 2703 1703 2757 indivisatn
1749 2701 2004 2756 unionem

430 2793 790 2862 copulantur;
825 2808 1060 2862 cumque
1090 2793 1164 2849 sit
1194 2809 1300 2848 una
1331 2809 1686 2863 personarum
1740 2794 2002 2862 potentia.

433 2886 634 2939 habent
664 2895 842 2939 tamen
872 2886 924 2940 in
965 2886 1082 2954 ipsa
1127 2885 1428 2940 dill‘erentia
1466 2887 1703 2941 divinam
1751 2896 1808 2941 et
1855 2887 2007 2942 inex-

429 2976 735 3047 plicabilem
766 2978 906 3032 inter
939 2992 997 3032 se
1028 2978 1491 3047 conjunctionem,
1520 2979 1815 3034 secundum
1839 2993 2000 3048 quam
2027 3017 2071 3075 α

430 3068 484 3124 in
516 3067 678 3123 Patre
709 3068 900 3136 Filius,
945 3078 998 3125 et
1027 3069 1185 3124 Pater
1217 3070 1271 3124 in
1303 3069 1735 3138 Filio,.etFilins
1761 3071 1812 3123 in
1842 3070 2000 3125 Patre

425 3168 486 3216 et
519 3158 723 3230 Spiritu
790 3169 1008 3226 sancto,
1075 3171 1131 3216 et
1165 3159 1400 3231 Spit-itus
1435 3169 1656 3217 sanctus
1698 3161 1750 3215 in
1793 3160 1926 3215 Filio
1947 3168 2002 3216 et

428 3251 588 3306 Patre
617 3254 984 3321 cognoscitur,
1018 3255 1407 3322 conjunctione
1431 3253 1630 3323 ubique
1659 3253 1996 3316 dominante,

426 3357 602 3412 neque
631 3344 915 3399 iudivisum
948 3346 1000 3399 in
1053 3345 1474 3414 pr0prietatihus
1529 3353 1838 3412 separante.
1890 3343 1998 3398 Sed

425 3436 570 3491 aliud
600 3446 683 3491 est
737 3437 867 3492 Esse
911 3453 1176 3507 suprema:
1205 3436 1509 3499 Trinitatis,
1542 3436 1685 3490 aliud
1729 3445 1995 3490 nostrum.

425 3527 482 3582 In
511 3527 778 3584 Trinitate
822 3529 931 3584 Ens
959 3537 1047 3584 est
1085 3544 1247 3599 supra
1281 3527 1446 3592 Esse;
1475 3538 1532 3582 at
1581 3538 1823 3583 nostrum
1865 3528 1997 3582 Esse

424 3637 603 3692 neque
638 3623 854 3691 proprie
900 3623 1006 3678 Ens
1031 3632 1136 3678 est.
1179 3624 1458 3690 Quomodo
1492 3623 1634 3678 enim
1677 3622 1749 3676 sit
1779 3621 1998 3690 proprie

427 3713 536 3768 Ens
561 3715 703 3782 quod
736 3730 908 3770 anon
958 3716 1094 3770 Ente
1143 3717 1447 3783 descendit,
1497 3725 1552 3771 et
1603 3715 1747 3784 quod
1801 3723 1993 3769 natura

424 3819 521 3858 sua
558 3805 610 3858 in
668 3820 772 3858 non
849 3806 960 3860 Ens
1017 3807 1251 3861 desinit?
1291 3809 1606 3877 Quanquam
1637 3824 1665 3861 a
1703 3809 1996 3862 (ionditore

421 3911 526 3952 suo
555 3897 658 3952 hoc
697 3913 792 3965 per
837 3913 1075 3952 amorem
1129 3900 1332 3954 honore
1379 3909 1436 3953 et
1469 3914 1690 3954 munere
1719 3899 1994 3966 dignatum

422 3994 529 4051 est,
561 3995 620 4040 ut
667 3988 738 4041 sit
773 4002 1007 4057 semper,
1061 3999 1115 4042 et
1150 3991 1608 4044 immortalitatem
1650 4000 1991 4060 assequatur.

427 4077 567 4133 Deus
606 4081 768 4148 igitur
799 4080 954 4136 nobis
983 4091 1068 4134 est
1093 4097 1252 4145 unus,
1289 4093 1345 4136 et
1373 4083 1613 4137 Trinitas
1648 4081 1764 4153 [seu
1799 4081 1996 4154 trinus]

426 4172 767 4236 cognoscitur
794 4172 912 4226 fons
947 4173 1167 4227 inﬁnitae
1189 4182 1242 4226 et
1278 4173 1751 4241 incomprehensae
1775 4174 1994 4243 sapien-

425 4262 534 4325 tiae,
568 4271 623 4316 et
651 4276 772 4331 qua:
801 4264 1126 4329 sanctificat,
1154 4265 1390 4318 virtutis.
1423 4261 1575 4317 Unde
1597 4278 1736 4317 unus
1778 4264 1917 4318 Dens
1941 4273 1994 4318 et

2109 426 2163 462 σι
2177 410 2238 462 τὸ
2261 411 2572 480 πρόσωπον,
2595 413 2702 464 τῶν
2730 412 2789 465 δὲ
2812 412 3176 466 συνελθόντων
3207 413 3268 467 οὑ
3285 414 3676 484 τρανολογοῦσι

2105 501 2167 554 τὸ
2187 502 2514 573 ἀσύγχυτον.
2538 504 2710 557 Πάλιν
2747 506 2797 558 οἰ
2826 505 2916 558 δύο
2940 505 3132 576 φύσεις
3164 507 3507 577 ἀδιαιρέτους
3522 507 3678 575 δοξά-

2108 594 2366 657 ζοντεςτὸ
2391 593 2490 663 μὲν
2522 595 2825 664 ἀσύγχυτον
2865 597 3254 666 διετράνωσαν,
3313 597 3372 650 ἒν
3425 597 3483 650 δέ
3532 591 3676 652 εἶναι

2105 684 2167 736 τὸ
2195 679 2486 755 πρόσωπον
2513 686 2630 757 ἦτοι
2655 687 2751 756 τὴν
2769 687 3066 741 ὑπόστασιν
3086 689 3147 742 οὑ
3182 689 3673 755 συνδιετράνωσαν,

2105 776 2247 830 ὥστε
2280 778 2360 830 δεῖ
2389 777 2482 830 καὶ
2509 779 2637 841 τοὺς
2670 778 2762 831 δύο
2806 778 2996 847 φύσεις
3031 778 3371 848 άδιαιρέτους
3419 780 3681 849 λέγοντας

2106 867 2256 938 ἢτὴν
2275 868 2398 921 καθ’
2415 870 2708 922 ὑπόστασιν
2733 871 3119 924 ἐπισυνάπτειν
3137 873 3332 924 ἕνωσιν
3361 872 3392 942 ἢ
3415 872 3515 941 τὴν
3550 872 3681 940 μίαν

2106 961 2268 1030 φύσιν
2298 961 2394 1015 τοῦ
2417 962 2590 1030 Λόγου
2633 964 3060 1033 σεσαρκωμένην
3088 965 3121 1034 ἢ
3147 963 3240 1018 τὸν
3261 964 3422 1017 αὑτὸν
3460 965 3596 1017 Θεόν
3619 983 3680 1018 τε

2106 1055 2201 1108 καὶ
2242 1055 2526 1126 ἄνθρωπον
2551 1071 2564 1086 ·
2592 1056 2720 1110 ἄνευ
2765 1055 2870 1127 γάρ
2919 1057 3038 1120 ἐνὸς
3087 1058 3195 1110 τῶν
3259 1056 3572 1126 εἰρημένων
3619 1059 3683 1110 τὸ

2105 1146 2355 1215 ἀτελέςή
2399 1147 2549 1217 φωνὴ
2607 1147 3024 1218 προϐαλλομένη
3076 1149 3301 1212 δικαίως
3339 1150 3406 1203 ἂν
3471 1151 3681 1218 διελέγ-

2104 1256 2268 1308 χοιτο.
2323 1239 2508 1293 Ταῦτα
2560 1240 2656 1294 καὶ
2703 1239 2771 1292 τὰ
2813 1240 3024 1303 τούτοις
3073 1241 3240 1312 ὅμοια
3291 1242 3679 1313 διεληλυθὼςό

2107 1333 2500 1403 συγγραφεὺς,
2543 1334 2636 1386 καὶ
2677 1333 2999 1404 παραίνεσιν
3059 1335 3484 1405 παρακαλοῦσαν
3542 1337 3682 1406 πρὸς

2103 1423 2356 1492 ὁμόνοιαν
2405 1422 2748 1491 καταϐαλὼν,
2804 1425 2903 1480 καὶ
2955 1425 3046 1480 τὸν
3071 1427 3313 1496 παρόντα
3356 1428 3680 1482 διαναπαύει

2103 1514 2279 1578 λόγον.

2191 1690 2249 1744 '0
2266 1691 2322 1744 δέ
2353 1691 2553 1761 ἐφεξῆς
2599 1690 2749 1762 αὑτῷ
2805 1691 2964 1760 λόγος
3025 1691 3162 1764 πρὸς
3219 1693 3346 1756 τοὺς
3397 1693 3683 1762 οἰομένους

2105 1782 2474 1853 ἀνθρωπίναις
2533 1783 2802 1846 ἐπινοίαις
2854 1782 3114 1836 δύνασθαι
3172 1781 3272 1852 τήν
3328 1781 3508 1852 ἀληθῆ
3569 1782 3681 1834 τῶν

2105 1877 2451 1948 Χριστιανῶν
2485 1876 2807 1931 ὑποϐάλλειν
2844 1875 3125 1945 θεολογίαν
3182 1875 3494 1944 διαλέγεται
3518 1892 3532 1905 °
3551 1876 3612 1928 ἐν
3637 1867 3684 1940 ᾧ

2107 1967 2342 2040 [-555H.]
2392 1967 2718 2039 θεολογήσας
2768 1967 3029 2030 εὐσεϐῶς,
3063 1967 3159 2021 καὶ
3211 1967 3446 2037 κρείττω
3498 1965 3686 2035 πάσης

2107 2059 2507 2128 ἐπιτεχνήσεως
2545 2059 2640 2111 καὶ
2689 2058 2789 2127 τῆς
2833 2060 2898 2111 ἐκ
2933 2059 3106 2127 λόγων
3153 2057 3348 2127 σοφίας
3405 2057 3505 2128 τὴν
3528 2057 3685 2128 παρὰ

2104 2153 2452 2222 Χριστιανοίς
2484 2151 2909 2222 ἀποδειξάμενος
2931 2151 3232 2218 θεολογίαν,
3258 2152 3351 2204 καὶ
3381 2151 3444 2204 τὸ
3477 2150 3681 2222 ἐξῃρη-

2108 2244 2270 2310 μένον
2312 2244 2486 2314 αὑτῆς
2526 2244 2868 2315 ἀνυμνήσας,
2901 2243 3257 2315 διαλαμϐάνει
3291 2243 3366 2306 ὡς
3394 2243 3480 2312 ἐφ’
3513 2243 3681 2314 ήμῶν

2109 2335 2208 2404 μὲν
2224 2336 2280 2388 αἱ
2311 2336 2418 2389 τῶν
2451 2337 2752 2405 ἰδιωμάτων
2781 2336 3035 2406 διαφοραὶ
3051 2335 3298 2407 φανερῶς
3327 2335 3674 2404 διεστήκασι,

2106 2428 2228 2481 καθ’
2253 2426 2320 2490 ἃς
2359 2429 2452 2481 ἀπ’
2475 2427 2720 2498 ἀλλήλων
2742 2427 3148 2498 διακρινόμεθα,
3180 2429 3274 2481 καὶ
3301 2426 3368 2480 τὰ
3395 2443 3680 2498 χαρακτη-

2111 2521 2332 2590 ριστικά
2355 2520 2456 2588 τῆς
2495 2537 2641 2584 τινος
2663 2521 3014 2585 ὑποστάσεως
3043 2520 3275 2590 θατέρας
3303 2521 3402 2572 οὑκ
3424 2517 3532 2572 οἶδε
3567 2537 3686 2573 κοι-

2105 2611 2340 2661 νοποιείν
2397 2608 2684 2679 ἰδιώματα,
2737 2609 2831 2661 ἐπὶ
2858 2609 2918 2662 δὲ
2951 2610 3050 2678 τῆς
3117 2610 3281 2677 ἁγίας
3334 2609 3563 2680 Τριάδος
3622 2609 3686 2662 αἰ

2109 2697 2366 2768 ἰδιότητες
2413 2699 2660 2770 ἀκίνητοι
2703 2697 2834 2771 [864
2864 2698 2959 2771 R.]
3016 2701 3272 2769 μένουσαι
3312 2697 3684 2753 συνάπτονται

2106 2808 2242 2856 πως,
2264 2791 2352 2844 διά
2375 2791 2476 2861 τῆς
2504 2791 2813 2862 ἀδιαιρέτου
2841 2791 3087 2854 ἐνώσεως
3110 2791 3205 2844 καὶ
3220 2793 3266 2824 ⁷⁸
3289 2790 3352 2844 τὸ
3382 2791 3512 2860 μίαν
3537 2785 3685 2843 εἶναι

2104 2881 2212 2936 τὼν
2257 2883 2609 2938 ὑποστάσεων
2653 2883 2752 2955 τήν
2829 2885 3112 2953 ἐνέργειαν
3152 2883 3410 2952 πλείστην
3457 2882 3685 2952 ἔχουσαι

2106 2975 2208 3028 κάν
2232 2978 2298 3045 τῇ
2333 2974 2604 3045 διακρίσει
2654 2974 2756 3046 τήν
2809 2973 2998 3044 θεῖκήν
3049 2990 3110 3026 τε
3134 2974 3228 3026 καὶ
3277 2973 3518 3044 ᾶρῤητον
3541 2973 3686 3044 πρὸς

2105 3069 2342 3137 ἀλλήλας
2394 3068 2711 3136 συνάφειαν,
2755 3067 2880 3122 καθ’
2941 3069 3008 3140 ἢν
3041 3069 3086 3099 ⁷⁸
3122 3067 3251 3132 Υἱὸς
3280 3068 3340 3119 ἐν
3380 3065 3558 3136 ῐιατρὶ
3586 3067 3688 3119 καὶ

2106 3160 2294 3232 Πατὴρ
2325 3161 2384 3212 ἐν
2419 3159 2535 3231 Υίῷ
2591 3161 2688 3214 καὶ
2717 3161 2842 3223 Υἱὸς
2866 3161 2924 3212 ἐν
2955 3161 3130 3230 Πατρὶ
3159 3161 3257 3214 καὶ
3286 3159 3565 3230 Πνεύματι
3586 3161 3688 3213 καὶ

2104 3253 2327 3322 Πνεῦμα
2355 3255 2412 3306 ἐν
2433 3252 2549 3324 mp
2579 3254 2675 3306 καὶ
2705 3254 2879 3324 Πατρὶ⁵
2909 3251 3218 3324 θεωρεῖται,
3251 3253 3350 3322 τῆς
3383 3251 3689 3320 συναφείας

2104 3344 2438 3415 πανταχόθεν
2480 3344 2885 3416 ἐπικρατούσης
2917 3345 3013 3398 καὶ
3050 3344 3173 3414 μηδ’
3197 3346 3257 3397 ἐν
3277 3346 3392 3406 τοῖς
3422 3343 3687 3412 ίδιὼμασι

2103 3437 2534 3508 καινοτομούσης
2558 3437 2620 3491 τὸ
2648 3436 2976 3508 ἀδιαίρετον.
3029 3437 3138 3488 Καὶ
3208 3436 3270 3506 δὴ
3314 3436 3410 3489 καὶ
3446 3434 3508 3488 τὸ
3535 3431 3687 3490 εἶναι

2102 3527 2232 3581 ἄλλο
2252 3527 2304 3580 τί
2354 3528 2504 3581 ἐστιν
2550 3528 2644 3581 ἐπὶ
2664 3527 2762 3598 τῆς
2787 3525 3118 3598 ὑπεραρχίου
3165 3526 3399 3597 Τριάδος
3427 3528 3523 3580 καὶ
3553 3526 3690 3579 ἄλλο

2102 3619 2162 3671 ἐν
2189 3620 2353 3690 ἡμῖν’
2392 3619 2506 3674 ἐκεῖ
2541 3619 2641 3691 μὲν
2669 3619 2777 3689 γὰρ
2805 3619 2865 3673 τὸ
2892 3619 2952 3673 ὃν
2984 3620 3126 3691 ὑπὲρ
3155 3619 3217 3672 τὸ
3252 3615 3416 3683 εἶναι,
3443 3619 3686 3673 ἐνταῦθα

2100 3711 2157 3765 δὲ
2186 3711 2304 3765 οὑδέ
2332 3712 2536 3784 κυρίως
2573 3713 2655 3766 δν.
2684 3711 2810 3776 Πῶς
2841 3713 2950 3783 γὰρ
2979 3711 3045 3766 ἂν
3076 3713 3159 3783 είη
3210 3712 3417 3784 κυρίως
3439 3712 3501 3766 ὃν
3527 3713 3590 3766 τὸ
3614 3715 3685 3766 ἐκ

2104 3803 2179 3874 μὴ
2214 3804 2383 3858 ὄντων
2411 3804 2898 3876 παρηγμένων,καί¹
2925 3805 3005 3868 είς
3037 3804 3097 3856 τὸ
3128 3804 3204 3874 μὴ
3227 3804 3285 3856 ὃν
3311 3806 3376 3875 τῇ
3409 3821 3473 3872 γε
3500 3805 3684 3874 οἰκείᾳ

2101 3893 2569 3966 φύσειὺποῤῥέον,
2603 3895 2653 3947 εἰ
2676 3896 2771 3948 καὶ
2797 3895 2970 3967 δῶρον
3019 3895 3381 3965 ἐφιλοτιμήθη
3440 3895 3536 3949 τοῦ
3571 3899 3683 3965 Δηο

2103 3983 2366 4055 μιουργοῦ
2417 3986 2495 4048 εἰς
2515 3985 2576 4038 τὸ
2600 3986 2687 4038 ἀεὶ
2740 3982 2880 4038 εἶναι
2905 3987 3000 4039 καὶ
3038 3989 3119 4048 εἰς
3158 3985 3468 4057 ἀφθαρσίαν
3493 3987 3689 4040 ἀναϐι-

2101 4076 2396 4145 ϐάζεσθαι;
2437 4079 2568 4142 Θεὸς
2592 4074 2686 4132 οὖν
2714 4081 2848 4148 ἡμῖν
2878 4080 3032 4132 ἐστιν
3062 4073 3144 4142 εἷς
3166 4079 3212 4112 ⁷⁷
3233 4081 3328 4132 καὶ
3348 4080 3523 4150 Τριὰς
3541 4080 3687 4132 θεω-

2103 4171 2384 4242 ρούμενος,
2416 4175 2568 4243 πηγὴ
2601 4174 2888 4243 τυγχάνων
2941 4175 3304 4244 ἁπερινοήτου
3353 4175 3549 4243 σοφίας
3588 4175 3691 4227 καὶ

2101 4266 2428 4335 ἁγιαστικῆς
2484 4265 2786 4334 δυνάμεως.
2837 4263 3001 4319 Ὅθεν
3053 4259 3134 4329 εἷς
3199 4265 3332 4328 Θεὸς
3352 4265 3447 4318 καὶ
3479 4265 3691 4336 Κύριος

424 4354 704 4418 Dominus,
739 4363 794 4409 et
825 4371 935 4420 rex,
983 4365 1038 4409 et
1085 4357 1197 4421 ipse
1223 4356 1388 4410 Pater
1419 4365 1528 4416 est,
1562 4364 1617 4410 et
1649 4356 1993 4425 perfectionis

2106 4358 2198 4412 καὶ
2245 4358 2516 4428 βασιλεὺς,
2542 4359 2706 4420 αὑτός
2728 4376 2787 4412 τε
2813 4360 2902 4411 6⁷⁸
2938 4358 3129 4428 Πατὴρ
3166 4359 3260 4411 καὶ
3295 4359 3328 4428 ἠ
3354 4357 3691 4420 τελειοποιὸς

422 4447 634 4500 anetrix
662 4446 962 4514 Sapientia,
994 4457 1048 4500 et
1092 4447 1271 4502 Virtus
1297 4448 1471 4503 sancti
1504 4447 1759 4520 Spiritus.
1791 4447 1992 4504 lndivi-

2106 4451 2267 4520 σοφία
2319 4451 2484 4506 αὑτοῦ
2527 4453 2624 4505 καὶ
2651 4453 2684 4521 ἡ
2725 4452 3020 4521 ἀγιαστικὴ
3047 4451 3297 4520 δύναμις.
3347 4451 3689 4523 Ἀδιαίρετος

422 4553 515 4592 sus
539 4539 680 4592 enim
710 4538 892 4600 Pater,
929 4553 960 4592 α
998 4555 1092 4593 sua
1132 4540 1303 4608 ipsius
1345 4541 1615 4609 sapientia
1641 4579 1658 4606 ,
1695 4551 1765 4598 .et
1795 4541 1996 4596 virtute

2106 4545 2211 4612 γὰρ
2241 4544 2481 4614 ὁΠατὴρ
2529 4545 2666 4615 πρός
2721 4561 2783 4597 τε
2829 4543 2929 4613 τὴν
2989 4543 3184 4597 ἐαυτοῦ
3233 4544 3429 4610 σοφίαν
3457 4545 3554 4596 καὶ
3586 4545 3691 4612 τὴν

422 4630 813 4686 sanctiﬁcantis
864 4631 1122 4698 Spiritus,
1173 4633 1226 4685 in
1272 4647 1376 4685 una
1421 4641 1612 4686 natura
1666 4633 1994 4698 adorandus,

2106 4636 2432 4706 ἁγιαστικὴν
2475 4637 2724 4701 δύναμιν,
2752 4638 2812 4688 ἐν
2843 4638 2942 4706 μιᾷ
2985 4636 3145 4705 φύσει
3179 4637 3686 4706 προσκυνούμενος,

424 4731 524 4770 nec
547 4718 598 4770 in
633 4733 796 4772 unutn
823 4731 987 4789 atque
1035 4736 1197 4773 unum
1250 4721 1414 4775 Deum
1442 4722 1998 4795 dividendus,quem-

2106 4729 2204 4780 οὑκ
2249 4729 2329 4790 εἰς
2353 4727 2450 4780 ’ἐνα
2501 4728 2595 4780 καὶ
2617 4728 2713 4780 ἕνα
2740 4728 3096 4797 μεριζόμενος
3123 4728 3276 4793 Θεὸν,
3305 4727 3565 4799 καθάπερ
3593 4729 3685 4796 ἐφ’

423 4806 708 4861 admodum
766 4808 819 4862 in
877 4810 1053 4874 nobis,
1089 4811 1184 4877 qui
1219 4811 1712 4865 inconnnnnicahili
1752 4813 2000 4881 proprie-

2106 4817 2274 4886 ἡμῶν,
2308 4817 2357 4869 οἳ
2384 4817 2461 4887 τῷ
2489 4819 2840 4888 ἀκοινωνήτῳ
2865 4819 2974 4872 τῶν
3011 4819 3320 4889 ἰδιωμάτων
3336 4820 3434 4873 καὶ
3456 4819 3539 4888 τῷ
3559 4821 3687 4872 δια-

423 4903 596 4949 talum
639 4897 951 4952 discriminc
986 4913 1040 4952 et
1071 4900 1372 4955 dill'crentia
1413 4902 1748 4970 operationis
1793 4902 1992 4954 distin-

2106 4908 2250 4978 φόρῳ
2275 4907 2374 4976 τῆς
2398 4908 2678 4978 ἐνεργείας
2715 4910 3052 4982 μεριζόμεθά
3076 4928 3136 4962 τε
3162 4911 3256 4963 καὶ
3301 4910 3690 4980 διαιρούμεθα,

423 4986 637 5054 guimur
672 4996 726 5040 et
759 5002 1093 5056 separamur,
1128 5000 1344 5060 totaque
1376 4992 1638 5046 divisione
1678 4993 1744 5045 ab
1769 4991 1999 5046 invicem

2106 5000 2190 5051 καὶ
2217 5001 2284 5070 τῇ
2321 5000 2387 5052 δι’
2407 4999 2529 5052 ὅλου
2545 5003 2683 5070 τομῇ
2709 4979 2804 5071 τὴν
2835 4979 2975 5074 πρὸς
2999 5003 3264 5073 ἀλλήλους
3290 5004 3564 5074 διαφορὰν
3583 5004 3693 5070 ὑφ-

425 5093 520 5146 per
577 5077 935 5134 diﬂ‘erentiam
989 5082 1357 5137 suhsistitnus.
1405 5083 1744 5152 Quapropter
1778 5093 2002 5138 nonest

2106 5092 2393 5159 ιστὰμεθα.
2418 5094 2509 5144 Διὸ
2533 5092 2652 5146 οὑδέ
2677 5093 2824 5146 ἔστιν
2846 5097 3040 5160 εἰπεῖν,
3067 5095 3255 5167 ὥσπερ
3276 5095 3363 5165 ἐφ’
3382 5097 3568 5164 ἡμῶν,
3592 5096 3692 5150 οὑ-

426 5172 478 5226 in
511 5172 622 5239 illa,
654 5183 710 5226 ut
741 5173 792 5226 in
818 5175 970 5228 nobis
1005 5174 1316 5241 dicendum,
1368 5175 1470 5230 hoc
1531 5177 1687 5247 hujus
1719 5193 1838 5232 esse
1883 5179 1994 5244 pri-

425 5277 597 5330 mum,
629 5275 722 5318 aut
772 5264 937 5320 aliud.
963 5265 1117 5333 huius
1146 5270 1437 5321 secundum
1464 5278 1556 5320 aut
1590 5269 1828 5336 tertium.
1864 5267 1993 5325 Uni-

2106 5200 2184 5235 τω
2210 5186 2304 5235 καὶ
2325 5184 2414 5234 ἐπ’
2431 5185 2626 5254 αὐτῆς,
2659 5187 2743 5238 ὅτι
2771 5188 2889 5240 τόδε
2907 5188 3056 5241 τοῦδε
3078 5191 3122 5221 7’
3145 5189 3358 5259 πρῶτον
3376 5189 3423 5220 ⁸ο
3450 5191 3484 5259 ἦ
3506 5192 3694 5242 ἐκεῖνο

2101 5275 2254 5326 τοῦδε
2275 5274 2526 5346 δεύτερον
2548 5275 2582 5346 ἣ
2606 5277 2807 5346 τρίτον.
2829 5279 3011 5342 Μονὰς
3043 5280 3150 5350 γὰρ
3180 5279 3395 5350 ἀληθῶς
3422 5281 3455 5350 ή
3488 5280 3692 5349 Τριὰς,

1707 5486 1940 5542 VARUE
1977 5488 2381 5544 LECTIONES.

493 5654 543 5688 "
570 5653 631 5709 τὸ
665 5654 848 5712 malim
878 5655 976 5728 τῷ.
1051 5656 1097 5690 ’⁸
1127 5657 1191 5730 ἢν
1224 5657 1268 5713 Α
1295 5675 1310 5713 :
1335 5658 1401 5729 ἢν
1421 5659 1448 5714 ὁ
1483 5677 1543 5724 ς.
1595 5661 1638 5694 ⁷⁷
1660 5661 1762 5731 εἰς]
1788 5661 1923 5732 πρός
1945 5663 2007 5718 Α.
2060 5663 2105 5696 ⁷⁸
2138 5663 2167 5716 ὁ
2195 5664 2318 5720 add.
2354 5666 2418 5719 A.
2495 5667 2540 5702 τ’
2567 5669 2755 5724 τούτου
2789 5687 2849 5735 ς.
2911 5672 2971 5717 -⁸⁰
3002 5669 3238 5742 πρῶτον]
3259 5672 3366 5729 ilno
3395 5671 3690 5741 πρότερον.
