3964 6246
262 285 396 355 1061

1331 286 1858 361 BIBLIOTIIECA.
1890 290 2134 352 -COD.
2168 288 2442 353 CCXXX.

3399 286 3536 354 1062

260 405 358 461 ita].
409 403 624 476 τριάςή
657 401 866 466 Μονάς,
913 401 1039 455 οὕτε
1090 400 1228 454 διότι
1279 401 1470 472 μονὰς,
1498 402 1599 470 τὴν
1629 402 1836 472 Τριάδα

1967 410 2048 456 tas
2079 402 2223 456 enim
2252 417 2384 457 vere
2415 409 2497 456 est
2525 400 2788 467 Trinitas,
2837 408 2894 456 et
2924 398 3164 460 Trinitas
3187 399 3399 457 Unitas.
3424 401 3538 459 Nec

262 497 652 560 συστέλλουσα,
670 496 795 549 οὔτε
823 496 958 549 διότι
980 495 1172 566 Τριάς,
1201 493 1300 564 τὴν
1322 494 1542 548 Μονάδα
1558 492 1602 524 ⁸¹
1632 493 1853 564 τέμνου-

264 607 368 644 σα·
423 589 548 643 οὐδὲ
598 589 706 659 γὰρ
733 587 795 640 τὸ
827 587 887 640 ἓν
923 587 1017 639 ἐπὶ
1068 586 1171 656 τῆς
1220 586 1370 648 θείας
1421 585 1608 648 οὑσίας
1641 583 1718 648 ὡς
1751 585 1847 638 ἐπὶ

261 682 378 736 τῶν
406 681 726 752 κτισμάτων
747 679 998 749 νοοῦμεν,
1046 677 1177 750 παρ’
1209 673 1289 740 οἷς
1321 677 1443 730 οὐδὲ
1468 677 1528 730 τὸ
1555 676 1762 745 κυρίως
1788 675 1848 727 ἒν

261 777 383 831 ἔστι
401 776 696 846 θεωρῆσαι.
717 774 789 828 Οὑ
820 773 1006 844 γάρτδ
1024 771 1082 826 ἒν
1105 769 1324 842 ἀριθμῷ
1352 771 1435 839 ἐφ’
1453 766 1608 840 ἡμῶν
1634 768 1725 820 καὶ
1749 784 1847 820 κυ-

267 867 401 937 ρίως
429 867 510 921 ἓν.
537 867 647 920 Καὶ
679 867 790 936 γὰρ
843 866 906 919 τὸ
937 862 1185 934 ἐφ’ὴμῶν
1216 863 1512 932 λεγόμενον
1542 860 1600 912 ἓν
1620 859 1680 912 οὑ
1749 875 1849 912 κυ-

266 958 401 1031 ρίως
438 957 517 1020 ἓν,
549 957 685 1012 ἀλλά
739 975 792 1011 τι
821 958 902 1012 ἐν.
946 955 1116 1009 Τοῦτο
1143 954 1202 1007 δὲ
1232 955 1290 1008 ἓν
1337 955 1398 1006 τὲ
1436 955 1553 1006 ἐστι
1594 951 1689 1004 καὶ⁸
1744 949 1844 1018 οὑχ

264 1050 346 1113 ἓν,
391 1051 489 1105 ἅτε
546 1050 610 1120 δὴ
655 1049 751 1103 καί⁸
797 1048 892 1102 τοῦ
953 1049 1072 1111 ἐνὸς
1127 1047 1296 1118 φέρον
1356 1045 1457 1117 τὴν
1510 1043 1705 1114 κλῆσιν
1754 1041 1852 1095 καὶ

265 1143 407 1216 πρὸς
446 1144 509 1197 τὸ
550 1143 721 1197 πολλὰ
755 1138 893 1196 εἶναι
913 1141 1294 1212 μεριζόμενος.

341 1330 408 1382 Εἰ
429 1329 485 1382 δὲ
511 1329 606 1383 καὶ
631 1329 707 1392 ὡς
752 1327 879 1382 νοῦν
911 1326 962 1380 οί
1012 1323 1255 1393 θεολόγοι
1283 1323 1346 1376 τὸ
1371 1322 1430 1376 ἓν
1451 1322 1543 1376 ἐπί¹
1574 1322 1671 1391 τῆς
1693 1319 1846 1382 θείας

1959 494 2084 562 quia
2121 494 2303 548 unitas
2330 503 2437 558 est,
2472 493 2677 548 idcirco
2724 493 2999 547 contrahit
3045 492 3404 558 Trinitatem;
3439 510 3538 550 nec

1965 587 2090 652 quia
2122 586 2386 650 Trinitas,
2413 587 2605 641 dividit
2653 584 2947 640 Unitatem.
2982 584 3169 654 Neque
3197 587 3340 641 enim
3372 603 3538 640 unum

1957 675 2011 730 in
2042 677 2222 732 divina
2258 681 2582 739 substantia,
2615 687 2674 733 ut
2698 679 2752 733 in
2788 680 2951 733 rebus
2991 680 3192 733 creatis
3218 679 3536 747 accipimus,

1955 769 2009 824 in
2045 771 2244 839 quibus
2297 787 2398 827 nec
2443 788 2604 826 unum
2655 772 2877 842 proprie
2924 780 3007 826 est
3057 771 3380 842 intelligere.
3428 771 3539 827 Nec

1953 862 2095 915 enim
2166 880 2328 918 urmm
2379 880 2606 919 numero
2665 865 2717 918 in
2780 864 2934 920 nobis
2971 864 3134 919 etiam
3188 865 3405 934 proprie
3454 873 3539 919 est

1954 966 2155 1020 unum;
2209 971 2330 1009 nam
2361 957 2504 1026 quod
2549 956 2600 1009 in
2635 956 2792 1010 nobis
2825 956 3024 1011 dicitur
3054 971 3246 1020 unum,
3291 971 3395 1010 non
3453 964 3538 1011 est

1951 1045 2170 1112 proprie
2223 1062 2413 1112 unum,
2449 1051 2543 1102 sed
2575 1048 2779 1115 aliquid
2810 1063 2972 1102 unum
3001 1064 3016 1102 :
3041 1048 3144 1102 hoc
3168 1057 3346 1102 autem
3370 1064 3534 1102 unum

1950 1142 2056 1200 est,
2109 1145 2166 1192 et
2226 1155 2331 1194 non
2379 1157 2586 1207 unum,
2636 1141 2853 1212 ξπεὸ
2914 1151 3099 1212 utpote
3146 1143 3289 1213 quod
3339 1144 3541 1198 habeat

1957 1239 2155 1283 nomen
2188 1247 2345 1298 unus,
2377 1242 2433 1289 et
2465 1233 2640 1303 reipsa
2670 1235 2724 1287 in
2763 1233 2928 1288 multa
2968 1235 3258 1288 dividatur.

2023 1322 2250 1389 Quando
2283 1335 2464 1380 autem
2518 1327 2749 1398 theologi
2785 1327 3021 1381 divinam
3069 1336 3319 1382 naturam
3359 1343 3531 1382 unum

267 1422 500 1492 ὑμνοῦσι
562 1421 798 1489 φύσεως,
838 1420 975 1473 ἀλλά
1036 1419 1126 1472 διά
1176 1419 1346 1489 μόνην
1397 1416 1496 1488 τὴν
1541 1415 1729 1483 ἀπαθῆ
1751 1411 1846 1466 τοῦ

1955 1416 2083 1486 quid
2119 1432 2240 1472 esse
2270 1419 2592 1486 praedicant,
2627 1429 2686 1473 ut
2713 1429 2977 1487 mentem,
3017 1419 3068 1473 id
3110 1429 3328 1490 propter
3365 1420 3537 1474 solam

265 1513 441 1581 Λόγου
499 1515 755 1584 γέννησιν
806 1514 970 1567 τοῦτο
1029 1511 1580 1583 παραλαμϐάνουσιν.
1629 1509 1692 1561 'H
1739 1508 1846 1577 γάρ

1955 1506 2190 1560 divinam
2226 1507 2386 1562 Verbi
2421 1525 2519 1563 seu
2577 1509 2933 1578 impatibilem
2990 1511 3396 1580 generationem
3448 1510 3533 1565 fa-

266 1603 497 1674 εὑσεϐὴς
543 1603 721 1657 ἔννοια
752 1608 846 1656 καὶ
865 1605 964 1673 τῆς
990 1603 1086 1657 τοῦ
1114 1603 1207 1655 νοῦ
1232 1601 1451 1671 φύσεως
1485 1598 1848 1670 ὑπεριδρυμὲ-

1955 1598 2124 1652 ciunt.
2155 1599 2286 1654 Nam
2315 1611 2460 1654 recta
2485 1600 2682 1670 piaque
2716 1603 2983 1656 sententia
3009 1603 3344 1658 divinitatem
3373 1617 3534 1672 supra

266 1709 367 1761 νην
389 1691 626 1760 θεολογεῖ
643 1693 687 1723 ³³
711 1693 810 1762 τὴν
841 1692 1095 1763 θεότητα.
1130 1692 1242 1746 Kal.
1265 1692 1374 1764 γὰρ
1405 1690 1502 1744 καὶ
1557 1690 1699 1744 κατά
1754 1688 1844 1740 τὸν

1955 1699 2199 1746 naturam
2234 1696 2430 1750 mentis
2457 1692 2760 1766 [humanae]
2798 1695 3121 1750 collocatam
3174 1697 3262 1765 pie
3315 1697 3532 1752 asserit.

266 1783 393 1837 νοῦν
412 1785 680 1855 ταυτότης
724 1784 919 1855 ὁρᾶται
950 1785 1045 1837 καὶ
1083 1783 1362 1854 ἑτερότης,
1409 1782 1624 1854 κίνησίς
1654 1797 1713 1833 τε
1752 1782 1847 1834 καὶ⁵

1955 1781 2211 1838 ldentitas
2256 1785 2399 1840 enim
2426 1786 2591 1840 etiam
2638 1783 2692 1838 in
2727 1794 2904 1840 mente
2954 1795 3255 1855 spectatur,
3295 1786 3539 1855 itemque

270 1878 482 1942 στάσις,
519 1879 614 1930 καὶ
653 1878 752 1948 τῆς
809 1877 1034 1948 διπλόης
1080 1875 1364 1939 παντελῶς
1411 1874 1512 1928 οὑκ
1545 1872 1847 1939 ἐξίσταται,

271 1971 408 2026 ἀλλά
438 1969 627 2034 στάσις
659 1970 760 2038 μὲν
792 1969 942 2040 αὑτῷ
975 1969 1067 2022 διὰ
1094 1967 1192 2039 τὴν
1230 1968 1332 2039 τῆς
1360 1966 1550 2030 οὐσίας
1596 1966 1850 2036 ἐνορᾶται

269 2064 600 2134 ταυτότητα,
631 2064 886 2134 ἑτερότης
904 2062 963 2117 δὲ
992 2063 1088 2118 καὶ
1108 2063 1324 2134 κίνησις
1348 2061 1439 2116 διὰ
1464 2061 1562 2133 τὴν
1587 2060 1849 2127 αὐτεξού-

269 2173 388 2210 σιον
428 2156 605 2227 ὁρμὴν
664 2158 760 2209 καὶ
793 2157 1106 2229 ἐνέργειανο
1146 2156 1208 2209 οὑ
1267 2155 1375 2224 γάρ
1413 2157 1526 2208 ἐστι
1573 2155 1770 2210 ταύτὸν
1792 2153 1851 2207 ἓν

267 2251 446 2304 εἰπεῖν
499 2250 594 2305 καὶ
640 2250 777 2322 μετά
825 2250 926 2320 τῆς
989 2252 1128 2322 πρὸς
1171 2249 1298 2322 [456
1333 2247 1629 2322 1λ1.];¹ἐτερα
1667 2266 1848 2320 παρα-

269 2344 475 2408 θέσεως
505 2345 585 2398 ἓν.
619 2342 782 2398 Ὀθεν
807 2345 976 2398 εἶκαὶ
1013 2339 1096 2406 εἷς
1121 2342 1199 2414 τῷ
1236 2340 1585 2414 ὑποκειμένῳ
1647 2341 1850 2412 τυγχά-

267 2453 371 2499 νει,
401 2435 538 2490 άλλά
566 2435 704 2489 νοῶν
730 2435 922 2490 ἑαυτὸν
960 2435 1056 2489 καὶ
1087 2435 1176 2504 ὑφ’
1219 2433 1413 2488 ἐαυτοῦ
1449 2434 1850 2504 γινωσκόμενος

266 2527 386 2581 ἀνθ’
433 2526 605 2581 ἀπλοῦ
643 2527 864 2592 διπλοῦς
898 2528 1306 2582 ἀποδείκνυται.
1363 2525 1564 2598 Ὅπερ,
1592 2526 1688 2580 καὶ
1720 2526 1772 2579 εί
1797 2543 1848 2580 τι

266 2617 478 2689 ὅμοιον,
526 2616 622 2672 τοῦ
673 2618 880 2690 κυρίως
923 2618 1042 2681 ἐνὸς
1073 2617 1293 2688 καὶτῆς
1333 2616 1612 2688 μακαρίας
1634 2615 1849 2684 φύσεως

266 2717 554 2782 παντελῶς
575 2717 955 2790 ἠλλοτρίωται.
999 2717 1199 2788 Διόπερ
1263 2717 1364 2771 οὑκ
1416 2715 1563 2770 ἐστιν
1611 2715 1732 2769 οὑδέ
1769 2713 1850 2786 τῷ

265 2807 492 2880 ἀριθμῷ
518 2805 577 2860 ἒν
604 2808 638 2880 ἣ
669 2807 747 2871 ὡς
782 2807 926 2879 ἀρχὴ
987 2805 1251 2880 ἀριθμοῦ,
1313 2806 1436 2861 οὑδὲ
1481 2805 1559 2871 ὡς
1621 2804 1850 2876 μέγεθος

266 2899 302 2970 ἢ
331 2900 407 2964 ὡς
447 2899 590 2971 ἀρχὴ
646 2898 912 2969 μεγέθους
935 2915 952 2930 ο
988 2899 1170 2968 πάσης
1203 2899 1315 2970 γάρ
1337 2897 1655 2967 ζποσότητος
1676 2895 1723 2928 ⁸³
1755 2895 1850 2950 καὶ

267 2991 472 3064 μέρους
498 2993 594 3046 καὶ
618 2991 918 3056 συνθέσεως
944 2989 1321 3062 ὑπερίδρυται.
1354 2989 1495 3043 Ἀλλ’
1528 2991 1577 3042 εί
1600 2989 1681 3042 δεῖ
1712 2988 1850 3061 θαῤ-

269 3085 521 3156 ρήσαντα
553 3087 747 3147 εἰπεῖν.
777 3085 836 3139 ἓν
873 3086 989 3137 ἐστι
1031 3085 1093 3138 τὸ
1134 3084 1292 3138 Θεῖον
1316 3083 1458 3138 κατὰ
1476 3083 1576 3154 τὴν
1615 3081 1852 3152 ἁπλότη-

265 3193 342 3232 τα
357 3177 455 3250 τῆς
478 3178 789 3248 ὑπάρξεως,
823 3178 923 3249 οὑχ
952 3177 1030 3241 ὡς
1061 3177 1120 3232 ἓν
1153 3175 1456 3250 τριώνυμον
1479 3175 1852 3247 θεωρούμενον

265 3271 304 3341 ἢ
341 3272 420 3334 είς
447 3273 590 3342 μέρη
614 3271 990 3343 διαιρούμενον
1022 3270 1056 3342 ἢ
1082 3273 1146 3323 ἐκ
1180 3270 1442 3325 πλειόνων
1475 3269 1851 3340 συγκείμενον

266 3365 509 3436 ἄρρητον
533 3367 642 3434 γάρ
672 3367 790 3418 ἐστι
845 3365 941 3418 καὶ
995 3365 1436 3437 ἀκατονόμαστον
1495 3363 1654 3418 τοῦτο
1682 3363 1744 3416 τὺ
1772 3363 1852 3428 ἓν,

269 3455 404 3530 [865
428 3457 522 3530 R.]
555 3459 676 3510 ἐπεὶ
699 3458 794 3510 καὶ
817 3457 983 3511 αὑτοῦ
1006 3458 1098 3512 τοῦ
1127 3459 1244 3523 ἐνός
1264 3461 1413 3513 ἐστιν
1441 3458 1635 3522 αἴτιον,
1674 3458 1856 3525 πάσης

268 3548 458 3611 ὲνάδος
485 3548 730 3604 ἑνοποιὸν
759 3549 854 3602 κα)⁵
899 3550 1100 3614 παντὸς
1127 3551 1246 3615 ἑνὸς
1279 3551 1374 3604 καὶ
1402 3549 1642 3620 πλήθους
1679 3547 1853 3620 ὑπερ-

267 3641 636 3712 απλούμενον,
691 3642 778 3695 διά
802 3641 863 3694 τὸ
887 3642 1092 3714 κυρίως
1115 3642 1174 3696 ἓν
1215 3638 1357 3696 εἶναι
1419 3642 1516 3696 καὶ
1570 3644 1626 3696 ἐν
1688 3643 1856 3695 πᾶσιν

268 3730 414 3790 εἶναι
468 3736 565 3788 καὶ
617 3735 760 3804 ὑπὲρ
793 3734 971 3788 πάντα
991 3733 1382 3803 γινώσκεσθαι,
1415 3735 1721 3788 οὑσιοποιὸν
1756 3733 1856 3805 μὲν

273 3829 537 3880 ἁπάντων
571 3826 678 3880 τῶν
720 3828 911 3890 ὄντων,
956 3827 1383 3900 ὑπεριδρυμὲνον
1415 3825 1473 3879 δὲ
1501 3828 1558 3880 ἐν
1586 3828 1653 3896 τῇ
1684 3827 1857 3898 ὑπερ-

269 3921 430 3991 ουσίᾳ
480 3920 577 3972 κα)⁴
632 3919 737 3992 ἰδίᾳ
805 3920 1057 3990 μονότητι
1085 3959 1102 3986 ,
1151 3920 1278 3982 ἐνάς
1337 3919 1432 3973 καὶ
1511 3918 1678 3990 μονάς
1744 3917 1859 3970 θεο-

268 4010 621 4079 λογούμενον,
656 4011 786 4072 Υίὺς
824 4012 882 4063 ἐν
909 4010 1086 4081 Πατρὶ
1119 4009 1216 4063 καὶ
1244 4008 1436 4078 Πατὴρ
1463 4008 1522 4060 ἐν
1549 4005 1663 4076 Υίῷ
1688 4022 1856 4075 γινω-

270 4099 559 4170 σκόμενον,
609 4099 835 4170 Πνεῦμα
885 4101 1038 4170 ἆγιον
1061 4099 1495 4170 ἐκπορευόμενον
1529 4098 1594 4151 ἐκ
1621 4095 1854 4169 Πατρός,

267 4191 446 4262 ἀρχὴν
479 4192 578 4261 μὲν
598 4192 718 4262 ἕχον
740 4193 830 4246 τὸν
855 4194 1094 4265 Πατέρα,
1117 4193 1185 4247 δι’
1212 4191 1344 4246 Υίοῦ
1377 4191 1432 4245 δὲ
1466 4193 1546 4256 εἰς
1567 4193 1745 4245 κτίσιν
1769 4189 1856 4244 ἐπ’

267 4284 359 4336 εὑε
369 4284 564 4354 ργεσία
578 4285 684 4337 τῶν
695 4284 1326 4356 δεχομένωνὲρχόμενον,
1346 4285 1404 4338 οὑ
1420 4284 1543 4338 καθ’
1563 4282 1755 4352 ὕφεσιν
1773 4300 1858 4352 γι-

267 4376 623 4447 νωσκομένης
643 4376 743 4447 τῆς
760 4378 1087 4447 γεννήσεως,
1107 4378 1167 4430 οὑ
1196 4378 1336 4430 κατὰ
1353 4375 1522 4447 τομὴν
1546 4374 1854 4447 θεωρουμέ-
1881 4393 1928 4450 D

269 4468 480 4539 νηςτῆς
501 4469 972 4540 ἐκπορεὺσεως.Εί
986 4469 1094 4542 γάρ
1113 4487 1196 4533 τις
1219 4470 1338 4540 δοίη
1358 4467 1755 4533 ταῦτα,καὶέπὶ
1769 4484 1860 4520 τε-

267 4559 442 4629 τράδα
467 4559 513 4591 “
544 4560 638 4614 καὶ
683 4561 921 4615 πιντάδα
957 4563 1054 4614 καὶ
1095 4561 1182 4615 ἐπ’
1235 4561 1463 4632 ἄπειρον
1505 4558 1604 4629 τὴν
1633 4559 1859 4628 πρόοδον

239 4651 470 4722 ιρυῆναι
500 4653 642 4707 κατά
677 4655 803 4718 τοὺς
842 4654 1112 4726 Ἐλλήνων
1155 4652 1358 4724 μύθους
1405 4653 1857 4719 συγκατασκευά-

271 4758 436 4799 σειεν.
479 4745 575 4798 Ἐν
597 4740 692 4799 οῦν
721 4745 923 4819 κυρίως
943 4747 989 4778 ⁸⁵
1023 4746 1084 4799 τὸ
1107 4744 1286 4811 Θείον,
1313 4746 1634 4816 πληθυσμδν
1665 4745 1855 4799 οὐδένα

269 4837 734 4908 παραδεχόμενον,
749 4837 823 4901 ὡς
839 4836 1072 4910 ἀκριϐής
1085 4855 1145 4890 τε
1171 4839 1264 4890 καὶ
1283 4838 1488 4908 ἀληθὴς
1505 4835 1694 4906 ἑνότης
1711 4836 1852 4889 κατά

270 4926 366 4995 τὴν
414 4929 674 5000 φυσικὴν,
707 4933 754 4982 εί
777 4931 883 5002 χρὴ
905 4929 1092 4999 φάναι,
1117 4929 1494 4999 θεωρούμενον
1516 4930 1845 5002 ταυτότητά.

269 5016 435 5071 Ὅθεν
481 5020 528 5071 εἰ
570 5022 663 5073 καὶ
718 5021 1046 5084 ὑποστάσεις
1088 5020 1122 5092 ἢ
1169 5021 1440 5090 πρόσωπα
1491 5020 1524 5091 ἢ
1583 5021 1849 5092 ἰδιότητας

267 5109 630 5181 ὀνομάζομεν,
660 5112 695 5166 ἃ
717 5115 744 5166 ὁ
770 5113 893 5177 νοῦς
937 5113 1098 5182 ἔγνω,
1133 5113 1256 5167 καθ’
1281 5114 1405 5166 ὅσον
1433 5112 1655 5165 δυνατόν
1679 5112 1844 5174 ἐστιν,

271 5200 608 5271 ἑομηνεῦσαι
643 5203 974 5274 βουλόμενοι,
1009 5205 1069 5258 οὑ
1102 5204 1161 5257 τὸ
1190 5204 1248 5256 ἓν
1280 5203 1619 5273 διαιροῦμεν,
1658 5203 1719 5256 οὗ
1748 5201 1847 5272 τὴν

272 5293 478 5361 μονάδα
528 5294 837 5364 μερίζομεν,
875 5297 933 5348 οὑ
954 5295 1052 5366 τὴν
1090 5295 1250 5350 ἐνάδα
1299 5294 1640 5364 διασπῶμεν,
1709 5293 1845 5348 ἀλλὰ

269 5386 335 5453 τῇ
361 5385 518 5456 ἀϊδίῳ
576 5387 827 5455 μονότητι
877 5387 1254 5456 θεολογοῦντες
1317 5387 1522 5455 ταύτην
1579 5389 1636 5440 ἐν
1668 5389 1844 5458 τρισὶν

271 5477 445 5546 αὐτὴν
484 5477 944 5545 συνθεολογοῦμεν
1005 5481 1385 5542 ὑποστάσεσιν,
1421 5480 1520 5532 οὐκ
1569 5479 1844 5550 ἀνθρωπί-

271 5581 380 5629 νοις
433 5565 715 5636 λογισμοῖς
771 5569 838 5620 τά
883 5569 1022 5641 ὑπὲρ
1074 5569 1199 5623 νοῦν
1257 5568 1670 5631 ὑποϐάλλοντες,
1723 5568 1844 5620 οὑδὲ

1951 1874 2258 1940 diversitas,
2294 1887 2350 1933 et
2382 1888 2560 1934 motus
2585 1889 2640 1935 et
2674 1877 2851 1949 quies,
2882 1893 2981 1932 nec
3011 1879 3234 1932 omnino
3270 1887 3421 1932 caret
3443 1879 3538 1932 du-

1948 1967 2210 2038 plicitate.
2247 1969 2352 2025 Sed
2381 1971 2536 2040 quies
2561 1972 2779 2041 quidem
2807 1971 2860 2026 in
2881 1970 2995 2039 ipsa
3031 1981 3253 2041 propter
3279 1970 3537 2025 essentia:

1951 2059 2283 2117 identitatem
2323 2073 2600 2134 spectatur
2631 2083 2644 2119 :
2681 2065 2969 2120 diversitas
3001 2072 3180 2119 autem
3217 2072 3274 2119 et
3327 2072 3531 2126 motus,

1949 2163 2173 2224 propter
2198 2156 2500 2212 naturalem
2529 2158 2633 2212 vim
2661 2167 2716 2214 et
2757 2158 3154 2228 operationem.
3174 2157 3358 2225 Neque
3386 2157 3533 2212 enim

1949 2256 2032 2300 est
2065 2245 2205 2302 idem
2237 2249 2422 2304 dicere
2449 2265 2616 2305 unum
2651 2248 2771 2323 [per
2799 2250 2881 2323 se]
2909 2259 2966 2306 et
2991 2265 3154 2304 unum
3178 2259 3427 2320 respectu
3455 2249 3536 2303 al-

1952 2337 2142 2393 terius.
2194 2339 2354 2397 Unde
2406 2343 2655 2412 quamvis
2709 2358 2851 2397 unus
2899 2344 2973 2398 sit
3022 2340 3290 2408 subjecto,
3347 2350 3529 2396 tamen

1949 2432 2164 2500 quando
2214 2433 2454 2504 seipsum
2503 2435 2836 2501 considerat,
2870 2443 2925 2490 et
2979 2434 3227 2489 noscitur
3273 2447 3303 2487 a
3351 2434 3534 2501 seipso

1952 2537 2049 2592 pro
2077 2538 2184 2578 uno
2209 2537 2264 2580 et
2303 2525 2534 2596 simplici
2561 2526 2758 2596 duplex
2784 2541 2908 2582 esse
2933 2526 3227 2598 probatur;
3260 2524 3400 2594 quod
3424 2522 3532 2580 etsi

1952 2617 2080 2684 quid
2112 2617 2289 2672 simile
2339 2619 2506 2675 habet
2553 2619 2722 2693 [uni,]
2787 2622 3005 2690 proprie
3041 2618 3270 2692 [tamen]
3303 2616 3372 2673 ab
3401 2631 3532 2681 uno,

1951 2717 2007 2764 et
2035 2723 2065 2763 a
2101 2711 2258 2765 beata
2291 2709 2434 2783 [Dei]
2472 2721 2666 2767 natura
2701 2727 2926 2783 prorsus
2975 2711 3214 2768 alienum
3249 2719 3354 2766 est.
3389 2708 3530 2764 Hinc

1951 2813 2131 2871 neque
2182 2816 2408 2856 numero
2449 2817 2614 2857 unum
2667 2810 2774 2870 est,
2816 2810 3004 2856 autut
3055 2800 3382 2870 principium
3426 2815 3533 2854 nu-

1953 2891 2126 2958 meri;
2181 2906 2355 2961 neque
2415 2902 2475 2948 ut
2533 2895 2869 2962 magnitudo,
2900 2894 2986 2948 vel
3067 2902 3126 2948 ut
3195 2891 3528 2962 principium

1955 2984 2362 3054 magnitudinis,
2378 2999 2594 3039 omnem
2611 2986 2754 3040 enim
2775 2985 3202 3057 magnitudinem
3227 2995 3281 3039 et
3298 2993 3534 3054 partem,

1956 3085 2010 3131 et
2044 3078 2490 3148 compositionem
2527 3080 2716 3134 vincit.
2764 3078 2833 3132 Et
2879 3081 2922 3134 si
2974 3079 3057 3134 fas
3096 3079 3318 3133 liberius
3365 3077 3536 3146 loqui,

1954 3184 2120 3223 unum
2151 3181 2235 3224 est
2261 3169 2519 3226 divinitas
2551 3173 2849 3226 secundum
2903 3171 3309 3242 simplicitatem
3348 3186 3536 3226 essen-

1955 3260 2064 3328 tiae,
2097 3276 2202 3316 non
2243 3271 2303 3315 ut
2342 3277 2506 3315 unum
2546 3262 2647 3317 sub
2705 3263 2903 3333 triplici
2956 3265 3174 3318 nomine
3214 3263 3535 3318 considera-

1956 3362 2093 3417 tum,
2120 3354 2288 3409 autin
2320 3351 2500 3423 partes
2547 3355 2814 3422 divisum,
2849 3365 2941 3409 aut
2974 3371 3041 3409 ex
3097 3356 3341 3425 pluribus
3387 3370 3540 3409 com-

1956 3449 2222 3518 positum;
2265 3448 2642 3518 inexplicabile
2686 3449 2830 3503 enim
2864 3458 2969 3513 est,
3029 3463 3127 3502 nec
3171 3449 3280 3502 ullo
3321 3450 3540 3502 nomine

1957 3540 2060 3595 hoc
2092 3555 2255 3592 unum
2285 3540 2512 3608 exprimi
2546 3549 2721 3608 pctest
2751 3559 2765 3594 :
2802 3541 2926 3609 quia
2955 3540 3122 3608 ipsius
3169 3541 3328 3594 unius
3369 3540 3538 3593 etiam

1955 3641 2041 3688 est
2072 3647 2258 3693 causa,
2290 3641 2343 3687 et
2378 3632 2601 3686 unitatis
2635 3631 3008 3701 cujuscunque
3049 3630 3239 3686 unicus
3278 3629 3538 3696 eli‘ecwr;

1955 3724 2208 3780 omnibus
2234 3738 2446 3793 quoque
2477 3732 2582 3778 tam
2628 3739 2758 3788 uno,
2807 3739 2969 3794 quam
3022 3723 3208 3778 multis
3251 3725 3366 3794 ipsa
3397 3724 3531 3780 sim.

1955 3816 2194 3886 piicitate
2220 3818 2486 3887 superior,
2514 3832 2581 3872 eo
2613 3818 2756 3888 quod
2801 3817 3030 3887 proprie
3059 3833 3223 3871 unum
3260 3819 3354 3881 sit,
3380 3827 3437 3870 et
3483 3817 3537 3870 in

1955 3909 2207 3964 omnibus
2232 3919 2286 3963 et
2336 3924 2500 3978 super
2537 3911 2720 3964 omnia
2772 3909 3133 3981 intelligatur;
3170 3910 3310 3980 quod
3355 3911 3536 3963 omnia

1956 4000 2170 4069 quidem
2229 4015 2350 4071 qua!
2398 4013 2548 4067 sunt,
2609 4003 2872 4067 condidit,
2915 4003 2966 4056 in
3020 4001 3534 4070 supersubstautiali

1957 4101 2138 4164 autem
2168 4101 2222 4147 et
2275 4093 2375 4149 sibi
2437 4095 2652 4164 propria
2700 4094 3082 4164 singularitate
3141 4093 3464 4158 fundatum,
3505 4110 3536 4149 a

1955 4161 2218 4254 theologis
2261 4161 2517 4240 unitas—et
2543 4161 2898 4256 Vsingulari—tas
2926 4194 3192 4239 vocatur:
3256 4201 3354 4240 nec
3393 4186 3536 4240 aliud

1956 4290 2078 4331 esse
2127 4278 2494 4348 cognoscitur,
2520 4293 2682 4348 quam
2715 4276 2885 4332 Filius
2917 4277 2967 4330 in
3000 4278 3178 4339 Patre,
3210 4287 3262 4332 et
3291 4277 3452 4331 Pater
3483 4278 3534 4330 in

1957 4366 2095 4422 Filio
2123 4386 2138 4422 :
2179 4368 2413 4438 Spiritus
2441 4383 2654 4438 quoque
2683 4377 2907 4423 sanctus
2934 4368 3231 4436 procedens
3254 4381 3320 4421 ex
3351 4367 3533 4434 Patre,

1957 4469 2011 4514 et
2042 4459 2366 4530 principium
2409 4461 2625 4530 quidem
2678 4462 2883 4515 habens
2917 4460 3156 4523 Patrem,
3186 4461 3278 4514 sed
3316 4475 3412 4528 per
3447 4459 3536 4513 1τί-

1953 4550 2085 4605 lium
2115 4553 2166 4604 in
2199 4561 2503 4615 creaturas,
2534 4567 2632 4621 pro
2654 4567 2748 4606 sua
2790 4568 2917 4622 erga
2949 4552 3152 4606 electos
3177 4552 3530 4606 beneﬁcentia

1953 4643 2334 4699 descendens:
2365 4643 2444 4700 sic
2476 4655 2653 4700 tamen
2707 4653 2766 4697 ut
2812 4659 2912 4700 nec
2963 4647 3315 4714 generatione
3359 4643 3530 4716 [Filii]

1954 4736 2238 4790 imminuta
2290 4749 2545 4790 noscatur
2599 4737 2872 4801 essentia,
2939 4753 3035 4792 nec
3083 4738 3132 4792 in
3190 4738 3534 4806 processione

1953 4825 2212 4898 [Spiritus
2245 4826 2440 4899 sancti]
2473 4827 2710 4892 ejusdem
2743 4827 2936 4881 divisio
2971 4826 3108 4882 facta
3148 4827 3488 4881 existimetur
3515 4843 3529 4879 :

1951 4919 2306 4990 generatione
2360 4935 2464 4974 non
2519 4935 2613 4989 per
2667 4920 3008 4973 imminutam
3079 4919 3372 4975 essentiam
3412 4933 3532 4988 spe-

1953 5020 2119 5075 etata,
2156 5026 2330 5080 neque
2372 5013 2716 5081 processione
2747 5014 3042 5067 secundum
3091 5013 3405 5067 divisionem
3437 5027 3531 5065 cn-

1951 5104 2122 5173 gnita.
2183 5101 2240 5156 Si
2294 5105 2438 5157 enim
2493 5105 2607 5158 haec
2656 5106 2993 5159 concesserit
3045 5105 3349 5173 quispiam,
3416 5114 3526 5157 tum

1951 5199 2246 5252 secundum
2302 5195 2508 5249 fabulas
2557 5211 2886 5264 paganorum
2928 5209 3096 5264 usque
3139 5195 3203 5245 ad
3239 5204 3530 5260 quaterna-

1953 5307 2098 5356 rum,
2130 5292 2418 5360 quinarum
2448 5305 2512 5343 ac
2543 5289 2756 5342 tandem
2787 5302 3128 5357 progressum
3175 5287 3225 5339 in
3258 5286 3526 5340 inﬁnitum

1953 5385 2251 5438 concedere
2310 5391 2618 5451 cogeretur.
2683 5379 2869 5450 Itaque
2931 5377 3191 5449 quidquid
3254 5377 3391 5432 Deus
3447 5385 3529 5433 est

1953 5475 2168 5545 proprie
2203 5489 2367 5528 unum
2408 5485 2510 5537 est,
2538 5473 2678 5540 quod
2729 5473 2925 5525 nullam
2957 5471 3196 5524 admittit
3231 5470 3526 5525 multitudi-

1954 5582 2101 5627 nem,
2145 5576 2400 5634 tanquam
2434 5565 2672 5635 perfecta
2718 5581 2951 5635 veraque
2979 5563 3277 5618 secundum
3309 5571 3528 5618 natura-

1545 5659 1784 5714 VARle
1825 5656 2231 5714 LECTIONES.

357 5743 404 5777 ⁸¹
440 5747 670 5817 μονάδα]
702 5749 863 5806 ἑνὰδα
896 5749 960 5807 Α.
1037 5753 1082 5785 ⁸⁸
1110 5751 1440 5823 θεολογεῖται
1468 5753 1518 5808 θ.
1564 5769 1626 5817 ς.
1703 5753 1748 5784 ⁸³
1775 5752 2070 5825 μεσότητος
2098 5753 2162 5803 Α.
2240 5748 2286 5784 ⁸⁸
2310 5749 2406 5805 καὶ
2440 5748 2535 5804 ἐπὶ
2566 5765 2720 5804 πεντ.
2743 5746 2805 5803 Β.
2882 5747 2926 5780 ⁸⁸
2952 5745 3154 5817 κυρίως
3191 5743 3284 5800 οῦν
3311 5761 3376 5813 ς’.
