3964 6246
431 245 568 312 1ω3
1507 241 1774 305 PIIOTIE
1829 241 1995 302 PATl

2094 240 2336 302 iRCHIE
2375 243 2484 302 (ΖΡ.
3539 244 3680 310 Ιοῦί.

410 360 559 423 .lem,
600 359 646 415 si
687 357 761 413 ita
811 357 1140 426 loquendum
1190 364 1309 421 est,
1341 355 1626 420 unitatem,
1673 354 1995 423 spect’atn‘m.

2108 355 2518 423 περινοητικαῖς
2564 352 2812 420 ἐρεύναις
2835 352 2903 406 τὰ
2935 351 3074 424 ὑπὲρ
3110 353 3325 424 εὕρεσιν
3369 356 3683 428 ἐνυϐρίζον-

429 449 605 518 Unde,
641 451 888 520 quamvis
945 451 1264 526 hypostases
1298 463 1392 503 seu
1439 462 1716 516 personas,
1749 461 1843 501 seu
1877 461 1995 516 pro-

2107 461 2220 506 τες.
2268 444 2358 496 Διὸ
2397 446 2523 507 τοὺς
2575 445 2725 511 παρὰ
2779 445 2953 498 ταῦτα
2979 445 3010 518 ἢ
3041 446 3139 512 τὴν
3170 449 3409 518 ἄρρητον
3450 452 3680 520 ἑνότητα

425 544 686 615 prictates
731 557 1122 612 nuncupamus,
1183 556 1318 610 quas
1379 555 1534 595 mens
1584 542 1855 610 cognovit,
1903 553 1995 606 pro

2107 535 2554 606 διατέμνονταςῆ
2600 537 2659 589 τὸ
2712 537 2988 607 τριαδικὸν
3021 539 3128 590 τῶν
3187 540 3540 593 ὑποστάσεων
3596 541 3681 602 εἰς

426 634 686 691 facultate
712 645 898 690 nostra
927 633 1271 703 interpretari
1295 631 1498 697 conati,
1528 645 1865 700 nequaquam
1896 629 1995 683 hoc

2110 628 2402 698 μοναδικὴν
2448 629 2637 682 πενίαν
2687 630 3070 698 συγκλείοντας
3115 631 3192 692 ώς
3239 631 3340 700 τῆς
3389 631 3684 698 εὐσεϐείας

426 741 590 778 unum
631 726 919 780 dividimus
956 728 1329 781 autunitatem
1359 726 1647 795 partimur,
1700 731 1794 775 aut
1824 720 1995 774 unita-

2105 719 2394 791 πολεμίους
2410 722 2806 793 ἐκτρεπόμεθα.

425 824 535 870 tem
577 816 916 885 divellimus;
971 818 1065 872 sed
1116 819 1260 873 hanc
1300 818 1352 870 in
1393 827 1594 872 teterna
1646 815 1852 867 unitate
1919 811 2006 880 pie
2041 810 2252 880 279a
2284 814 2694 880 perpendentes,
2727 814 2873 866 illam
2925 813 2978 867 in
3026 812 3200 868 tribus
3258 813 3506 877 personis
3571 828 3683 871 una

421 906 739 975 proﬁtemur
768 923 941 979 neque
963 925 1023 964 ea
1051 925 1171 979 quae
1192 925 1357 980 supra
1389 909 1586 963 mentis
1613 916 1830 976 captum
1893 912 2040 966 sunt,
2118 905 2312 959 rationi
2350 906 2601 961 humanae
2643 905 3000 974 subjicienda,
3044 920 3220 975 neque
3261 907 3478 960 curiosa
3509 915 3566 960 et
3591 920 3684 958 va-

422 1002 506 1058 fra
550 1005 958 1076 invesdgatione
1005 1006 1095 1061 illa
1123 1023 1240 1076 qua:
1303 1006 1528 1061 inveniri
1614 1013 1888 1072 nequeunt
1952 999 2215 1055 vitiando.
2275 1003 2614 1073 Quapropter
2688 1002 2848 1067 illos,
2905 1002 2996 1073 qui
3069 1003 3168 1056 hos
3217 1001 3416 1054 limites
3468 998 3682 1066 egressi

421 1103 518 1148 aut
549 1093 813 1149 unitatem
862 1097 1002 1152 hanc
1061 1097 1480 1168 inenarrabilem
1562 1096 1896 1167 partiuntur,
1947 1102 2042 1148 aut
2105 1103 2218 1150 tres
2261 1110 2520 1166 personas
2572 1095 2640 1150 ad
2696 1095 2921 1151 unitatis
2968 1094 3243 1166 angustias
3293 1093 3570 1163 redigunt,
3621 1108 3679 1151 ut

420 1185 604 1239 hostes
634 1187 852 1255 pietatis
889 1187 1263 1259 proﬂigamus.
2443 1185 2447 1188 ’

497 1279 623 1336 Haec
652 1291 709 1334 et
747 1285 850 1336 hoc
892 1299 1062 1352 genus
1104 1285 1220 1356 (7‘2)
1275 1285 1380 1340 alia
1415 1296 1761 1356 prosecutus,
1811 1295 1995 1343 contra

2176 1279 2364 1334 Ταῦτα
2390 1278 2484 1333 καὶ
2507 1275 2730 1334 τοιαῦτα
2758 1278 2807 1313 ⁸⁸
2835 1278 3122 1344 διεξελθών
3149 1277 3289 1348 πρὸς
3321 1281 3446 1343 τους
3478 1277 3681 1348 ἰδίωμα

419 1387 516 1428 eos
542 1373 802 1442 disputat,
853 1376 944 1445 qni
991 1377 1306 1448 hypostasin
1360 1379 1494 1433 nihil
1540 1380 1685 1435 aliud
1717 1395 1842 1435 esse
1867 1392 1995 1434 con-

2107 1375 2268 1444 μόνον
2298 1369 2441 1427 εῖναι
2483 1375 2938 1445 κενολογήσαντος
2979 1375 3024 1406 ⁸⁷
3075 1372 3174 1444 τὴν
3231 1372 3535 1447 ὑπόστασιν
3580 1371 3678 1423 ἀν-

423 1466 670 1531 tendunt,
719 1481 882 1535 quam
935 1471 1131 1523 nudam
1175 1473 1604 1540 proprietatem,
1655 1472 1995 1541 pluribusque

2102 1467 2476 1537 τιφοέγγεται,
2519 1467 2614 1520 καὶ
2646 1468 2857 1521 πλείοσι
2903 1466 3003 1535 τῆς
3053 1463 3337 1524 εὐσεϐείας
3392 1462 3680 1532 λογισμοῖς

422 1567 566 1610 verte
589 1556 812 1625 pietatis
846 1559 1149 1615 rationibus
1179 1561 1401 1632 impiam
1432 1562 1646 1618 illorum
1676 1563 1995 1617 sententiam

2099 1561 2198 1631 τὴν
2245 1561 2426 1614 αὐτῶν
2477 1561 2819 1630 ἐπιστομίζει
2863 1559 3172 1612 κακόνοιαν.
3220 1556 3283 1610 Εἰ
3329 1555 3441 1625 γὰρ
3479 1555 3680 1608 ταύτὺν

385 1697 390 1701 ,
423 1648 684 1701 retundit.
715 1647 930 1703 Etenim
965 1650 1012 1704 si
1047 1651 1182 1705 idem
1211 1663 1297 1708 est
1328 1669 1556 1723 persona
1590 1665 1642 1709 et
1675 1656 1995 1726 proprietas,

2107 1654 2403 1716 ὑπόστασις
2463 1653 2558 1706 καὶ
2615 1652 2833 1721 ἰδίωμα,
2884 1649 3300 1718 ὲνανθρωπῆσαι
3347 1647 3405 1699 δὲ
3445 1645 3547 1716 τὴν
3579 1645 3678 1698 τοῦ

421 1737 549 1792 dum
584 1739 742 1793 Verbi
799 1741 1113 1811 hypostasin
1169 1744 1508 1800 incarnatam
1539 1747 1793 1812 dicimus,
1825 1749 1995 1803 mani-

2105 1747 2280 1814 Λόγου
2331 1745 2511 1814 φαμὲν
2568 1746 2903 1805 ὑπόστασιν,
2948 1771 3020 1781 -
3079 1739 3216 1794 ἀλλὰ
3269 1739 3332 1792 τὸ
3380 1738 3678 1791 ἀκόλουθον

418 1825 614 1882 festum
647 1838 731 1884 est
761 1828 814 1883 id
843 1831 986 1898 quod
1020 1831 1146 1888 inde
1186 1833 1434 1902 sequitur
1478 1834 1617 1907 (75),
1677 1841 1754 1892 et'
1775 1837 2001 1892 manife-

419 1917 561 1973 8tius
587 1919 658 1974 ob
703 1919 1120 1992 blasphemiam,
1158 1940 1279 1995 quae
1304 1927 1466 1982 tacite
1501 1928 1556 1982 in
1591 1937 1752 1999 caput
1787 1930 1999 1985 illorum

417 2016 832 2078 retorqueatur,
885 2012 980 2082 qui
1031 2012 1147 2069 haec
1192 2016 1376 2071 dicere
1426 2028 1663 2088 cogunt.
1717 2018 2000 2086 Quomodo

416 2114 587 2170 porro
645 2101 881 2172 Spiritus
923 2114 1145 2162 sanctus
1173 2108 1220 2163 si
1266 2111 1571 2180 proprietas
1616 2120 1722 2177 est,
1763 2121 1938 2182 potest
1967 2129 2001 2170 a

423 2191 580 2247 Patre
626 2196 944 2264 procedere,
975 2206 1084 2252 eta
1127 2199 1290 2255 Patre
1344 2201 1400 2256 in
1453 2218 1591 2274 opus
1646 2213 1908 2259 creaturae
1933 2221 2000 2259 ex

416 2285 682 2342 beneﬁcio
744 2288 910 2344 mitti.
964 2291 1222 2357 Quinimo
1275 2295 1455 2350 omnis
1529 2312 1762 2366 persona
1816 2313 1998 2352 rerum

418 2373 836 2430 subsistentium
867 2392 964 2446 per
994 2393 1054 2433 se
1082 2381 1328 2436 subsistit
1359 2402 1372 2435 :
1404 2384 1687 2450 Quomodo
1720 2401 1848 2458 ergo
1873 2403 2001 2457 pro-

415 2466 623 2536 prietas
644 2483 742 2537 per
768 2484 828 2523 se
871 2470 1155 2538 subsistat,
1186 2473 1231 2527 si
1268 2474 1401 2530 illud
1445 2477 1683 2545 positum
1729 2486 1857 2532 ante
1888 2493 1997 2531 non

417 2557 508 2621 sit,
544 2558 698 2626 cuius
728 2561 1031 2630 proprietas
1053 2578 1176 2620 esse
1211 2565 1452 2621 dicitur?
1491 2568 1548 2622 ln
1577 2569 1750 2624 tribus
1782 2583 1997 2639 quoque

416 2651 667 2719 personis
707 2666 862 2708 sacer
888 2653 1114 2710 Patrum
1157 2667 1382 2714 senatus
1415 2659 1654 2714 divinam
1703 2661 1994 2716 essentiam

416 2756 540 2797 esse
571 2743 776 2800 docet:
817 2748 868 2800 in
927 2748 1103 2802 tribus
1137 2759 1317 2804 autem
1363 2753 1792 2822 proprietatibus
1834 2769 1999 2808 nemo

414 2833 736 2900 aﬂirmavit,
771 2837 868 2892 sed
893 2847 1083 2895 contra
1118 2841 1300 2910 potius
1332 2842 1388 2896 in
1425 2845 1664 2900 essentia
1693 2855 1744 2900 et
1784 2860 1884 2916 per
1909 2861 1998 2901 es-

415 2927 648 2980 sentiam
679 2940 1088 2998 coguoscuntur
1112 2948 1232 2987 esse
1266 2935 1646 3004 proprietates.
1688 2935 1994 2992 Essenliam

415 3025 598 3072 autem
625 3034 721 3088 per
735 3023 1097 3090 proprietates
1126 3040 1287 3080 nemo
1308 3029 1622 3082 asseruerit.
1653 3027 1765 3082 Etsi
1787 3029 1932 3083 enim
1964 3044 1994 3083 a

2100 1836 2379 1908 γνώριμον
2417 1836 2498 1897 ὃν,
2535 1835 2633 1889 καί
2673 1834 2809 1904 πρὸς
2847 1829 3196 1902 βλασφημίαν
3228 1825 3674 1898 γνωριμώτερον,

2099 1928 2180 1984 εἰς
2195 1927 2296 1991 τὰς
2315 1925 2559 1995 κεφαλὰς
2576 1924 2684 1978 τῶν
2712 1923 2944 1995 ῥηθῆναι
2960 1922 3308 1992 βιασαμένων
3341 1921 3465 1990 σιγῇ
3496 1921 3673 1988 ἀπερσ

2101 2020 2294 2090 ρίφθω.
2327 2016 2451 2083 Πῶς
2473 2018 2533 2072 δὲ
2563 2017 2658 2072 καὶ
2677 2018 2737 2070 τὸ
2761 2017 3008 2086 Πνεῦμα,
3036 2017 3195 2086 εἰπερ
3229 2014 3448 2084 ἰδίωμα,
3481 2011 3670 2065 δύνατ’

2100 2111 2167 2164 ἂν
2195 2108 2289 2164 τοῦ
2320 2107 2532 2179 Πατρὺς
2569 2106 2966 2178 ἐκπορεύεσθαι
3010 2106 3105 2158 καὶ
3137 2103 3290 2174 παρὰ
3327 2102 3422 2156 τοῦ
3456 2101 3670 2170 Πατρὸς

2099 2201 2192 2255 ἐπ’
2231 2199 2523 2271 εὐεργεσίᾳ
2547 2202 2642 2253 τοῦ
2672 2195 2990 2267 πλάσματος
3031 2194 3491 2260 ἀποστέλλεσθαις
3534 2192 3671 2246 ἀλλὰ

2103 2294 2199 2347 καὶ
2266 2295 2416 2346 πᾶσα
2471 2291 2766 2352 ὑπόστασις
2807 2289 2915 2343 τιῖῖν
2963 2287 3348 2358 ὑφεστηκότων
3395 2284 3515 2336 ἐστί
3548 2284 3669 2337 καθ’

2098 2386 2300 2440 ἑαυτόν
2335 2385 2528 2455 ἰδίωμα
2571 2383 2628 2435 δὲ
2661 2383 2777 2444 πῶς
2823 2382 2890 2436 ἂν
2923 2381 3190 2449 ὑποσταίη
3227 2378 3349 2432 καθ’
3371 2375 3556 2441 ἑαυτὸ,
3596 2377 3669 2443 μὴ

2099 2477 2293 2547 ἐκείνῳ
2312 2475 2358 2508 ⁸⁸
2385 2475 2644 2547 ὲδρασθὲν
2669 2471 2730 2530 οὗ
2761 2474 2856 2528 καί
2877 2468 3016 2527 εἶναι
3045 2472 3243 2540 ἰδίωμα
3273 2471 3528 2536 λέγεται;
3563 2469 3670 2518 Καὶ

2096 2571 2154 2625 ὲν
2180 2569 2327 2638 τρισί
2357 2567 2455 2639 μὲν
2487 2568 2847 2621 ὑποστάσεσιν
2873 2567 2901 2619 ὁ
2935 2563 3078 2635 ἰερὸς
3105 2561 3214 2614 τῶν
3230 2560 3488 2628 Πατέρων
3509 2557 3667 2629 χορὸς

2095 2662 2195 2732 τὴν
2217 2663 2404 2732 θεῖκὴν
2435 2661 2623 2714 οὐσίαν
2645 2655 2983 2728 δογματίζει,
3023 2658 3080 2708 ὲν
3116 2653 3265 2722 τρισί
3289 2653 3345 2706 δὲ
3383 2651 3668 2718 ἰδιώμασιν

2095 2754 2268 2818 οὐδεὶς
2308 2754 2376 2807 ἂν
2398 2753 2554 2821 φαίη.
2576 2749 2896 2806 Τούναντίον
2928 2747 3036 2818 γὰρ
3065 2749 3123 2801 ὲν
3161 2746 3259 2817 μὲν
3285 2749 3352 2817 τῇ
3380 2745 3542 2814 οὐσίᾳ
3575 2745 3670 2796 καὶ

2097 2846 2228 2917 περί
2248 2845 2346 2917 τὴν
2373 2845 2561 2898 οὐσίαν
2575 2845 2768 2913 ὁρᾶται
2788 2841 2860 2895 τὰ
2891 2839 3180 2910 ἰδιώματα,
3211 2838 3383 2907 αὐτὴν
3406 2836 3534 2908 [457
3573 2833 3665 2904 IL]

2095 2937 2153 2992 δὲ
2203 2939 2262 2991 ὲν
2294 2935 2582 3006 ἰδιώμασιν
2627 2935 2730 2988 οὐκ
2758 2935 2825 2989 ἄν
2853 2950 2939 2996 τις
2996 2932 3152 3002 φαίη.
3205 2931 3268 2984 Εἰ
3310 2929 3419 3000 γὰρ
3451 2929 3549 2982 καὶ
3591 2927 3668 2996 τῷ

2097 3026 2346 3097 Θεολόγῳ
2378 3025 2595 3096 εἴρηται
2620 3024 2720 3092 τὴν
2754 3023 2884 3093 μίαν
2915 3020 3081 3090 φύσιν
3113 3021 3170 3072 ὲν
3191 3019 3368 3090 τρισὶν
3402 3017 3669 3087 ὑπάρχειν

415 3108 691 3179 Theologo
726 3112 930 3166 dictum
963 3122 1048 3168 est
1073 3131 1236 3168 unam
1272 3125 1523 3173 naturam
1572 3119 1627 3172 in
1659 3120 1835 3175 tribus
1872 3136 1992 3176 esse

2100 3120 2379 3189 ἰδιότησιν,
2419 3115 2554 3170 ἀλλὰ
2603 3115 2817 3185 πρῶτον
2852 3113 2950 3183 μὲν
3001 3112 3062 3164 οὐ
3094 3110 3288 3163 ταύτὸν
3324 3109 3523 3178 ἰδιότης
3575 3110 3670 3160 καὶ

415 3201 859 3271 proprietatibus,
892 3205 1033 3259 idem
1091 3215 1274 3263 tamen
1323 3225 1431 3263 non
1457 3220 1543 3266 est
1593 3213 1903 3282 preprietas
1938 3224 1995 3269 et

413 3294 696 3363 proprium
726 3296 862 3366 (74).
896 3296 1096 3354 Deinde
1128 3301 1340 3356 etiamsi
1369 3302 1572 3358 abusus
1600 3304 1673 3359 sit
1701 3304 1995 3361 Nazianze-

413 3400 518 3439 nus
534 3402 666 3444 voce
698 3386 1073 3464 [proprietas],
1103 3409 1214 3448 non
1239 3394 1385 3449 illico
1418 3405 1596 3450 tamen
1616 3397 1737 3466 quis
1758 3405 1990 3464 asserat,

413 3472 557 3530 idem
590 3493 709 3534 esse
751 3495 1036 3550 personam
1059 3524 1076 3550 ,
1131 3493 1187 3540 et
1223 3487 1442 3556 proprie
1481 3488 1680 3544 dictam
1745 3490 1994 3561 proprie-

415 3572 618 3634 tatem;
657 3584 781 3624 cum
827 3587 957 3627 vero
985 3581 1041 3628 et
1069 3577 1405 3646 praprietas,
1435 3578 1588 3646 quasi
1633 3594 1733 3650 per
1777 3579 1990 3651 signum

415 3658 690 3728 exprimat
736 3677 796 3716 se
836 3665 1133 3720 constituat
1181 3682 1500 3736 personam,
1537 3671 1990 3740 quemadmodum

417 3749 618 3806 Basilio
648 3762 704 3808 et
731 3755 1006 3826 plerisque
1049 3757 1303 3813 Patrihus
1334 3760 1568 3828 videtur,
1605 3763 1733 3832 quid
1771 3764 1989 3820 absurdi

413 3838 620 3895 dictum
665 3852 802 3897 esta
832 3856 1022 3901 sancto
1065 3847 1327 3919 Gregorio
1381 3849 1568 3922 [unam
1614 3855 1888 3926 naturam]
1933 3855 1987 3909 in

411 3929 588 3987 tribus
612 3948 735 3988 esse
776 3938 1234 4006 proprietatibus?
1283 3957 1384 3996 cur
1418 3944 1799 4000 nondecernat
1844 3947 1989 4001 idem

411 4036 534 4077 esse
564 4040 846 4094 personam
865 4038 920 4082 et
949 4029 1362 4099 proprietatem,
1385 4034 1480 4088 sed
1505 4034 1658 4104 quasi
1692 4037 1759 4090 ab
1784 4037 1988 4105 optimo

413 4113 590 4185 signo,
624 4115 727 4172 hoc
756 4127 841 4173 est
881 4122 1237 4190 proprietate,
1285 4125 1600 4180 denominet
1628 4127 1989 4198 hypostasim?

410 4202 581 4258 Addit
635 4220 784 4276 ergo,
825 4208 1285 4268 intellectualibus
1333 4215 1759 4284 perfectionibus
1804 4233 1901 4286 per
1928 4234 1988 4275 se

412 4295 858 4356 subsistentibus.
892 4303 1046 4369 Quod
1085 4321 1250 4360 nemo
1286 4307 1392 4361 nisi
1435 4318 1619 4364 mente
1669 4310 1986 4378 destitutus,

2098 3212 2317 3281 ἰδίωμα,
2369 3209 2560 3262 ἔπειτα
2586 3208 2642 3262 δὲ
2676 3205 2784 3260 οὐδ’
2818 3208 2868 3258 εἰ
2895 3205 2924 3256 ὁ
2956 3205 3148 3276 Πατὴρ
3194 3203 3577 3272 κατεχρήσατο
3603 3201 3669 3270 τῇ

2093 3306 2244 3372 φωνῇ
2271 3342 2288 3367 ,
2336 3301 2541 3370 ταύτην
2585 3297 2765 3352 λαϐὼν
2824 3296 2946 3350 ἀντὶ
2982 3295 3085 3364 τῆς
3143 3296 3517 3356 ὑποστάσεως,
3555 3292 3667 3360 -ῆδη

2090 3395 2287 3449 ταύτόν
2333 3411 2418 3457 τις
2447 3387 2588 3446 εἶναι
2624 3389 2944 3460 δογματίσει
2967 3389 3066 3460 τὴν
3098 3387 3394 3440 ὑπόστασιν
3436 3385 3533 3437 καὶ
3571 3384 3670 3454 τὴν

2091 3489 2298 3560 κυρίως
2320 3485 2577 3556 ἰδιότητα.
2605 3485 2666 3537 Εἰ
2685 3483 2742 3536 δὲ
2760 3484 2856 3536 καὶ
2883 3478 3383 3554 χαρακτηριστικὸν
3399 3477 3670 3545 καθέστη-

2089 3599 2186 3636 κεν
2214 3583 2247 3652 ἡ
2300 3579 2502 3649 ἰδιότης
2533 3579 2634 3648 τῆς
2673 3577 3045 3639 ὑποστάσεως,
3077 3573 3266 3642 ὥσπερ
3308 3569 3576 3639 Βασιλείῳ
3609 3585 3670 3621 τε

2091 3676 2186 3729 καί
2227 3675 2442 3736 πολλοῖς
2495 3671 2606 3725 τῶν
2654 3671 2914 3741 Πατὲρων
2956 3667 3126 3730 δοκεῖ,
3172 3665 3294 3719 οὐδὲ
3338 3664 3437 3736 μὲν
3467 3664 3670 3718 ἄτοπον

2090 3767 2181 3821 τὸν
2212 3766 2357 3836 ἱερὸν
2385 3763 2686 3836 Γρηγὸριον
2727 3763 2902 3815 εἰπεῖν
2954 3761 3016 3814 ἐν
3053 3757 3234 3831 τρισὶν
3271 3756 3565 3825 ἰδιότησιν,
3606 3755 3668 3807 οὐ

2089 3861 2287 3914 ταύτὸν
2327 3859 2598 3930 ὑπάρχειν
2657 3854 3054 3927 νομοθετοῦντα
3099 3855 3166 3923 τῇ
3217 3851 3518 3904 ὑποστάσει
3569 3848 3668 3919 τὴν

2094 3953 2354 4022 ἰδιότητα,
2391 3949 2504 4004 ἀλλ’
2529 3949 2605 4012 ὡς
2634 3950 2701 4000 ὲκ
2737 3945 2831 4000 τοῦ
2865 3943 3102 4014 μάλιστα
3136 3938 3668 4015 χαρακτηριπικοῦ,

2092 4041 2220 4115 [868
2264 4038 2356 4112 IL]
2407 4038 2655 4092 τουτέστι
2706 4037 2804 4106 τῆς
2835 4033 2882 4065 ⁸9
2925 4032 3206 4103 ἰδιότητος,
3258 4029 3667 4096 ἐπονομάζοντα

2087 4136 2188 4204 τὴν
2247 4133 2564 4187 ὑπόστασιν.
2591 4130 2682 4181 Διδ
2713 4127 2809 4181 καὶ
2840 4126 3062 4193 ἐπάγει,
3094 4121 3365 4189 Νοεραῖς,
3406 4120 3665 4183 τελείαις

2090 4223 2221 4280 καθ’
2255 4222 2476 4287 ἑαυτὰς
2513 4218 2918 4289 ὑφεστώσαις,
2944 4217 3082 4286 ὅπερ
3111 4214 3284 4275 οὐδεὶς
3314 4213 3380 4266 ἂν
3407 4211 3502 4264 νῦν
3526 4211 3666 4280 ἔχων

2087 4315 2317 4370 ἐπὶτῶν
2349 4311 2656 4382 ἰδιωμάτων
2697 4306 3083 4379 παραδέξαιτο.
3132 4303 3320 4376 Χωρὶς
3356 4304 3414 4357 δὲ
3447 4301 3558 4357 τῶν
3589 4304 3663 4354 εἰ·

412 4386 482 4442 de
509 4389 928 4458 proprietatibus
952 4396 1203 4466 accipiat.
1221 4398 1423 4453 Praeter
1449 4414 1510 4453 ea
1533 4415 1652 4470 quae
1671 4401 1814 4457 dicta
1834 4413 1983 4470 sunt,

2094 4407 2367 4480 ρημένων,
2393 4405 2492 4466 τὰς
2525 4403 2626 4474 μὲν
2652 4403 2978 4462 ὑποστάσεις
3005 4401 3038 4469 ἡ
3070 4397 3201 4494 αγία
3235 4396 3426 4494 πρώτη
3447 4395 3663 4494 σὺνοδος

413 4479 588 4548 prima
623 4485 864 4552 synodus
907 4502 1168 4556 personas
1225 4491 1443 4559 quidem
1495 4494 1988 4552 consubstantiales

2094 4479 2407 4570 ὑμοουσιους
2455 4491 2782 4563 ἀνεκήρυξε,
2824 4491 2894 4546 τὰ
2917 4490 2973 4543 δὲ
3006 4487 3274 4559 ἰδιώματα
3325 4487 3445 4550 πῶς
3481 4488 3550 4542 ἄν
3579 4505 3662 4550 τις

413 4575 745 4642 declaravit;
773 4580 898 4648 quis
948 4591 1156 4644 autem,
1194 4584 1301 4639 nisi
1336 4585 1591 4649 insanus,
1634 4589 1990 4659 proprietates

2094 4596 2169 4667 μὴ
2209 4586 2554 4664 μελαγχολῶν
2593 4583 2864 4653 ἀποφήνοι
2901 4581 3199 4652 ὀμοούσιας
3247 4581 3312 4634 Εἰ
3336 4579 3396 4633 δέ
3417 4596 3502 4642 τις
3534 4581 3663 4648 ὁμο-

412 4665 609 4721 dixetit
641 4672 1176 4729 consubstantiales?
1206 4677 1357 4742 Quod
1389 4678 1431 4730 si
1458 4679 1579 4747 quis
1632 4682 1986 4749 proprietates

2094 4665 2243 4742 οὐσια
2276 4677 2714 4752 ἀποθρασυνθείη
2758 4675 2938 4742 λέγειν
2964 4673 3034 4728 τὰ
3079 4672 3369 4742 ἰδιώματα,
3395 4673 3480 4725 ὃτι
3509 4672 3568 4723 ὲν
3596 4673 3663 4740 τῇ

411 4758 608 4830 2791)
649 4777 814 4819 ausus
861 4775 946 4819 est
978 4765 1158 4822 dicere
1187 4768 1700 4836 consubstantiales,
1742 4787 1810 4827 eo
1840 4777 1982 4844 quod

2094 4780 2222 4848 αὐτῇ
2249 4774 2504 4834 πολλάκις
2541 4769 2699 4838 οὐσίᾳ⁴
2738 4765 3100 4838 συντρέχοντα
3138 4765 3187 4796 ⁹⁰
3216 4765 3431 4836 ὁρᾶται,
3473 4761 3662 4833 λέληθε

413 4867 556 4922 saepe
585 4853 641 4908 in
666 4857 852 4910 eadem
885 4859 1121 4913 essentia
1165 4859 1458 4915 videantur
1491 4877 1855 4936 concurrere,
1893 4866 1982 4921 ille

418 4941 528 4965 2....-
562 4944 638 4965 ---ε
679 4946 869 4965 ,1.ιειη-
955 4948 1014 4965 ,I-
1337 4952 1348 4965 ι
1405 4959 1415 4965 Α
1500 4953 1529 4965 ,ι
1573 4953 1622 4965 --ν
1693 4955 1703 4965 .
1810 4956 1820 4965 .
1901 4958 1950 4965 .,

2094 4869 2192 4940 μὲν
2224 4864 2386 4929 αὐτὸς
2415 4861 2607 4918 ἑαυτὸν
2635 4860 2823 4927 ἕτερον
2855 4855 3213 4912 ἀναπλάττων
3253 4853 3541 4965 ὀμοουσίου
3565 4869 3664 4965 ση-

418 4941 531 5010 ipse
560 4944 640 4998 sui
672 4946 904 5012 oblitus,
947 4948 1109 5003 aliam
1161 4952 1737 5009 consubstantialitatis
1778 4956 1984 5025 signiﬁ-

2094 4963 2438 5035 μαινόμενον,
2474 4957 2662 5012 ἄλλοτε
2705 4953 2763 5007 δὲ
2799 4953 2895 5006 καὶ
2934 4951 3002 5005 τά
3065 4949 3354 5018 ἑτερογενῆ
3397 4941 3555 5007 οὗτος
3590 4946 3659 5008 ³³,

417 5033 687 5091 sationem
715 5037 887 5093 ﬁnxit.
924 5038 1232 5096 Praesertim
1266 5051 1448 5098 autem
1479 5045 1863 5118 heterogenea,
1889 5065 1986 5106 seu

2095 5033 2372 5124 ποσότητα
2399 5067 2540 5120 φημι
2577 5045 2673 5100 καὶ
2705 5044 2966 5113 ποιότητα
2994 5041 3088 5095 καὶ
3115 5041 3216 5093 ὅσα
3240 5038 3377 5093 ἄλλα
3403 5037 3662 5090 ἀδύνατον

1732 5182 1967 5242 VARUE
2005 5190 2408 5246 LECTIUNES.

478 5260 644 5347 "'xa'l:
669 5263 989 5347 τάλτοιαῦτα
1014 5284 1078 5347 Ξ.
1154 5270 1199 5301 ⁸⁷
1218 5277 1626 5343 κενολογοῦντας
1643 5293 1702 5338 ς.
1777 5279 1821 5309 ⁸⁸
1851 5281 2044 5347 ἐκείνῳ
2075 5284 2112 5335 Β
2139 5303 2152 5340 :
2182 5285 2354 5337 ἐκεῖνο
2384 5301 2443 5347 ς.
2518 5281 2563 5313 θ’
2593 5276 2691 5345 τῆς
2719 5275 2759 5327 Α
2803 5290 2814 5325 ε
2855 5275 2918 5325 ὲκ
2954 5274 3050 5342 τῆς
3083 5291 3142 5337 ς’·
3216 5272 3261 5304 ⁹⁰
3302 5269 3663 5338 συντρέχοντα

415 5332 577 5402 οὐσίᾳ.
604 5334 664 5390 Β.
737 5335 781 5367 ⁹¹
814 5335 986 5400 οὕτως
1014 5339 1074 5390 Β.
1412 5332 1423 5343 ’
1607 5332 1623 5340 ⁷
1651 5332 1669 5338 ⁷
1905 5332 1908 5333 ν
1977 5332 1983 5334 ﬂ
2011 5332 2027 5352 ³

1959 5435 2188 5492 ΝΟΤᾸΕ.

633 5521 878 5610 yideHD.
903 5524 1164 5604 Thomam
1221 5533 1362 5610 part,
1384 5540 1428 5610 ι,
1458 5535 1647 5605 quaest.
1671 5525 1762 5585 40,
1793 5537 1895 5610 art.
1930 5527 1972 5580 1.

2105 5601 2132 5610 Α
2166 5529 2279 5598 (74)
2316 5531 2537 5600 ’ἰδιότης
2567 5531 2662 5610 καὶ
2696 5531 2892 5610 ἰδίωμα
2913 5531 3214 5610 prottrietas
3239 5536 3313 5609 ,οι
3347 5529 3659 5608 πρρτομι-ἱθ·

494 5592 604 5670 (75)
632 5591 886 5670 Sequitur
913 5594 1452 5670 enimproprietatetn
1474 5591 1594 5670 esse
1629 5597 1982 5662 incarnatam,
2099 5591 2184 5657 tio‘
2208 5591 2300 5656 seu
2335 5591 2756 5658 communicatio
2789 5591 3175 5670 proprietatum
3207 5599 3320 5653 sive
3359 5591 3656 5666 proprium.

423 5659 468 5716 si
497 5662 635 5716 idem
657 5659 740 5720 est
770 5659 1253 5734 hypostasis'Vei'bi
1290 5673 1344 5718 et
1372 5666 1692 5733 proprietas.
