3964 6246
397 291 534 361 1067

1556 289 1818 352 PHOTII
1857 287 2367 352 PATRIARCHIE
2404 287 2514 350 (ΞΡ.

3520 285 3662 358 1068

394 418 516 462 cem
566 403 896 473 referimus,
945 417 1068 460 esse
1104 385 1309 474 aliquid
1357 402 1739 472 compositum.
1788 402 1966 472 Atque

2080 401 2392 466 ὑπόστασις.
2434 401 2501 456 Ἦ
2556 399 2657 474 μὲν
2709 399 2915 471 ἀπορία
2965 398 3193 471 τοιαύτη
3220 413 3238 432 ο
3293 398 3663 465 ἀνασκευάζει

388 497 511 553 hac
557 498 774 568 quidem
816 506 905 554 est
960 497 1241 569 proposita
1269 495 1522 566 quaestio.
1556 493 1870 564 Respondet.
1901 493 1971 549 ad

391 592 535 649 hanc
597 608 663 648 ex
723 593 1031 650 antedictis.
1088 592 1225 649 Cum
1261 591 1434 658 enim,
1469 591 1681 660 inquit,
1734 589 1974 645 humana

391 697 549 737 mens
601 683 672 738 ob
734 681 998 757 [naturae]
1019 682 1478 749 imbecillitatem,
1516 681 1671 736 Eutis
1700 681 1971 735 rationem

389 786 499 827 non
531 775 706 844 possit
753 775 1000 844 assequi,
1037 773 1224 829 verbis
1271 772 1455 842 aliquo
1478 774 1635 826 modo
1659 771 1976 840 compositis

389 865 492 931 uti,
533 875 587 919 et
625 865 898 936 proprium
931 881 1058 921 cum
1111 865 1388 920 communi
1445 863 1702 933 copulare
1737 862 1973 933 cogitur,

387 972 456 1012 eo
504 960 648 1026 quod
679 956 824 1030 [esse
858 956 1126 1031 divinum]
1158 957 1482 1028 simpliciter
1507 964 1564 1011 et
1591 956 1889 1010 secundum
1915 969 1978 1012 se

391 1046 576 1122 [prout
602 1064 633 1103 a
669 1058 827 1120 parte
855 1049 936 1105 rei
963 1048 1070 1120 est]
1111 1049 1384 1118 explicare
1440 1063 1548 1102 non
1598 1045 1787 1116 possit.
1822 1045 1977 1112 Quod

390 1140 438 1195 si
473 1139 588 1194 lieri
647 1150 850 1211 posset.
914 1141 989 1195 uti
1023 1139 1267 1215 simplex
1331 1139 1496 1213 illud,
1536 1136 1770 1207 simplici
1819 1152 1975 1202 voce,

390 1247 500 1287 non
543 1233 722 1287 minus
744 1247 910 1301 quam
941 1231 1338 1302 compositione
1372 1229 1684 1294 verborum,
1706 1227 1979 1284 sufﬁcien-

389 1331 475 1378 ter
503 1323 929 1393 exprimeretur,
962 1339 1116 1379 mens
1128 1322 1362 1396 [nostra]
1380 1337 1716 1394 nequaquam
1739 1319 1981 1393 [compo-

390 1414 536 1487 sitis]
593 1415 934 1471 abuteretur.
989 1413 1094 1470 Sed
1149 1430 1340 1470 vocum
1388 1413 1728 1484 imperfectio
1770 1412 1980 1467 incom-

391 1508 762 1574 prehensibile
810 1525 919 1564 non
965 1502 1378 1578 comprehendit
1430 1505 1561 1579 [aut
1609 1503 1973 1577 assequitur].

393 1600 681 1655 Enimvero
714 1601 976 1672 magister
1005 1601 1122 1670 ipse
1155 1601 1246 1669 qui
1285 1597 1590 1667 conjunctis
1635 1598 1817 1652 verbis
1849 1611 1980 1651 usus

393 1700 534 1755 erat,
575 1702 766 1762 postea
820 1692 1143 1763 frequenter
1174 1691 1298 1746 alibi
1333 1691 1501 1746 Deum
1541 1689 1688 1745 omni
1730 1703 1798 1744 ex
1830 1698 1981 1758 parte

2071 492 2131 546 δὲ
2178 493 2355 565 αὐτὴν
2402 492 2471 546 δι’
2507 485 2595 564 ,ὧν
2644 487 2766 548 εῐπε
2821 492 3110 565 πρότερον.
3145 490 3486 558 Ἐξασθενῶν
3526 491 3662 563 γάρ,

2073 585 2228 656 φησὶ,
2255 585 2384 655 περὶ
2406 584 2507 658 τὴν
2539 583 2827 650 τοῦδντος
2863 585 3036 650 ὅντως
3071 586 3096 618 ⁸
3126 584 3363 658 θεωρίαν
3408 585 3439 640 6
3472 584 3600 649 νοῦς
3635 586 3667 639 6

2073 677 2420 750 ἀνθρώπινος
2450 678 2706 750 βιάζεταί
2745 695 2866 744 πως
2890 676 3408 750 συμπεπλεγμέναις
3425 676 3666 748 χρῆσθαι

2076 773 2285 840 φωναῖς
2325 769 2424 827 καὶ
2451 770 2532 843 τῷ
2559 769 2727 844 κοινῷ
2756 771 3048 826 συνάπτειν
3087 770 3150 824 τδ
3176 771 3334 840 ίδιον,
3361 771 3424 826 τὺ
3453 769 3668 827 ἁπλοῦν

2075 862 2193 934 ἅμα
2237 863 2329 918 καὶ
2361 864 2780 936 διακεκριμένον
2811 863 2919 918 τῶν
2946 863 3321 928 ὑποστάσεων,
3356 861 3544 926 ἁπλῶς
3566 863 3668 918 καὶ

2077 953 2202 1008 καθ’
2237 953 2373 1009 αὑτὸ
2424 955 2470 987 ⁸⁸
2515 953 2864 1026 ὑποδηλῶσαι
2921 953 2998 1027 μὴ
3040 954 3373 1024 δυνάμενος·
3405 955 3482 1019 ὠς
3523 953 3578 1006 εῐ
3598 969 3668 1021 γε

2075 1039 2188 1101 οἷόν
2230 1064 2292 1101 τε
2345 1043 2414 1120 ἦν
2462 1047 2608 1118 ἁπλῇ
2661 1047 2724 1101 τὸ
2775 1047 2983 1102 ἁπλοῦν
3021 1046 3357 1117 ἀπαγγεῖλαι
3385 1048 3562 1119 φωνῇ,
3594 1048 3666 1118 τῇ

2079 1138 2368 1211 συμπλοκῇ
2414 1139 2524 1192 τῶν
2552 1139 2752 1206 λέξεων
2815 1141 2917 1194 οὐκ
2963 1139 3030 1195 ἂν
3067 1143 3096 1195 6
3129 1141 3254 1206 νοῦς
3287 1143 3667 1214 ἀπεκέχρητο.

2091 1231 2234 1286 Ἀλλ’
2274 1233 2336 1286 ού
2367 1231 2708 1304 συμφέρεται
2739 1235 2805 1304 τῇ
2852 1231 3102 1305 εὐτελείᾳ
3129 1231 3242 1288 τῶν
3273 1235 3534 1306 ῥημάτων
3561 1232 3668 1301 τῆς

2080 1324 2233 1389 θείας
2268 1324 2457 1390 οὐσίας
2480 1325 2542 1380 τὸ
2568 1323 2985 1395 ἀκατάληπτον,
3017 1326 3144 1379 ἐπεὶ
3191 1326 3285 1379 καὶ
3323 1325 3488 1389 αὐτὸς
3519 1325 3549 1378 6
3586 1325 3669 1378 δι-

2077 1416 2350 1480 δάσκαλος
2382 1415 2702 1490 συμπλοκὴν
2730 1416 2901 1472 εἰπὼν
2933 1416 3135 1488 ἐφεξῆς
3160 1417 3222 1471 τὸ
3251 1416 3406 1470 Θεῖον
3453 1414 3667 1471 ἁπλοῦν

2080 1509 2259 1579 πάντη
2282 1509 2377 1563 καὶ
2393 1508 2686 1564 ἀσύνθετον
2699 1511 2793 1564 καὶ
2814 1509 3049 1582 ἀλλαχοῦ
3078 1509 3336 1575 πολλάκις
3356 1508 3665 1579 ἀνύμνησε,

2083 1601 2243 1672 μόνον
2265 1603 2387 1674 οὐχὶ
2410 1602 2549 1673 βοῶν
2573 1602 2648 1668 ὡς
2672 1602 2960 1667 ἀσθενείας
2998 1603 3148 1656 ἐστὶν
3174 1604 3208 1674 ὴ
3240 1600 3531 1673 προσθήκη
3568 1603 3670 1654 καὶ

2081 1693 2115 1764 ή
2148 1693 2439 1764 συμπλοκὴ
2478 1693 2793 1767 πρόϐλημα,
2847 1694 2985 1766 πρὸς
3022 1691 3332 1764 κατάληψιν
3372 1693 3524 1764 ἡμᾶς
3562 1693 3666 1763 τῆς

392 1786 695 1856 simplicem
728 1797 784 1842 et
823 1786 943 1841 sine
970 1785 1076 1840 ulla
1114 1783 1508 1854 compositione
1551 1796 1675 1836 esse
1708 1779 1971 1852 praedicao

2080 1784 2331 1856 ἀληθείας
2348 1789 2790 1858 χειραγωγοῦσα,
2817 1787 2878 1840 οὐ
2917 1787 3106 1858 μέντοι
3133 1804 3196 1858 γε
3230 1787 3291 1841 τὸ
3318 1787 3526 1842 ἁπλοῦν
3562 1788 3668 1857 τῆς

393 1883 496 1947 vit,
525 1880 618 1950 qui
657 1889 866 1934 tantum
901 1894 1004 1933 non
1047 1876 1270 1941 clamat,
1300 1875 1739 1946 conjunctionem
1782 1873 1976 1929 verbo-

389 1989 512 2030 rum
547 1983 605 2029 et
629 1972 1078 2043 compositionem
1113 1971 1168 2025 in
1197 1967 1444 2028 defectus
1485 1967 1659 2021 locum
1703 1965 1974 2032 adhiberi,

391 2080 498 2137 qua
533 2065 600 2119 ad
623 2064 870 2118 veritatis
892 2062 1262 2131 cognitionem
1297 2058 1665 2122 deducamur;
1691 2070 1972 2125 nunquam

389 2157 653 2212 autemid
693 2156 797 2212 sibi
841 2167 1084 2217 sumere,
1136 2163 1196 2207 ut
1229 2150 1636 2221 simplicitatem
1673 2157 1878 2204 natura:
1919 2157 1975 2202 et

388 2255 458 2305 ab
497 2249 645 2305 omni
683 2247 1035 2304 concretione
1084 2245 1311 2300 liberam
1342 2243 1550 2312 redigat
1594 2241 1662 2296 ad
1703 2241 1977 2311 composi-

389 2342 590 2394 tionem
630 2347 724 2393 aut
747 2336 1120 2407 duplicitatem
1153 2351 1167 2388 :
1215 2331 1580 2401 inexplicabili
1619 2329 1764 2384 enim
1792 2339 1848 2384 et
1887 2330 1972 2385 in-

387 2431 781 2501 comprehensa
817 2428 1028 2484 ratione
1064 2424 1256 2500 [Deus]
1298 2439 1423 2480 cum
1464 2437 1607 2478 unus
1647 2423 1740 2490 sit,
1795 2422 1972 2479 tritius

2075 1876 2291 1948 φύσεως
2305 1879 2403 1932 καὶ
2417 1879 2710 1934 ἀσύνθετον
2728 1880 2808 1943 είς
2826 1878 3050 1952 διπλόην
3070 1879 3165 1934 καὶ
3202 1878 3455 1934 σύνθεσιν
3520 1897 3662 1933 κατ-

2076 1969 2303 2036 αγαγεῖν
2321 1968 2490 2024 ποθεν
2520 1969 2727 2042 τόλμαν
2757 1969 3001 2042 εἴληφεν.
3056 1971 3338 2044 ’Δρῤήτως
3360 1973 3469 2043 γὰρ
3493 1973 3534 2003 ³⁸
3567 1971 3668 2026 καὶ

2075 2060 2450 2134 ἀνεπινοήτως
2479 2062 2538 2117 ἐν
2567 2079 2626 2117 τε
2656 2064 2910 2137 ὑπάρχον
2951 2065 3044 2119 καὶ
3086 2066 3258 2138 Τριάς
3285 2063 3668 2137 θεωρούμενον

2075 2152 2138 2206 τὸ
2164 2155 2644 2227 προσκυνούμενον
2666 2157 2710 2189 ¹²
2726 2158 2788 2210 τὸ
2815 2157 2914 2228 μὲν
2936 2157 3080 2212 κατὰ
3110 2157 3208 2229 τὴν
3230 2157 3458 2228 ἀσχετόν
3482 2176 3541 2211 τε
3568 2157 3670 2211 καὶ

2076 2243 2218 2316 ὑπὲρ
2248 2247 2397 2317 ἡμᾶς
2438 2245 2723 2317 θεολογίαν
2769 2251 3138 2314 κατανοείται,
3184 2251 3244 2303 τὸ
3296 2248 3354 2304 δὲ
3387 2249 3526 2304 κατά
3562 2248 3670 2320 τὴν

2077 2336 2332 2406 σχετικήν
2369 2353 2431 2391 τε
2487 2338 2583 2392 καὶ
2629 2338 2762 2409 περὶ
2805 2339 2975 2410 ἡμᾶς.
3021 2339 3135 2412 Τὴν
3169 2341 3268 2411 μὲν
3301 2336 3395 2394 οὖν
3425 2341 3669 2410 ἀπορίαν

2076 2424 2249 2492 οὕτως
2267 2427 2449 2496 ἔδοξεν
2475 2430 2819 2488 ἐπιλύεσθαι.

389 2537 573 2583 tamen
609 2525 882 2596 cognitus,
913 2523 1110 2594 partim
1159 2522 1380 2592 quidem
1428 2519 1725 2575 secundum
1779 2517 2288 2590 incomprehensam
2351 2537 2408 2583 et
2473 2543 2595 2599 qua:
2657 2538 2900 2587 nostram
2941 2529 3253 2588 facultatem
3326 2531 3668 2600 intelligendi

386 2627 614 2687 superet
650 2616 925 2672 rationem
971 2614 1370 2679 consideratur,
1406 2610 1604 2681 partim
1628 2624 1734 2680 qua
1784 2624 1815 2665 a
1878 2611 2038 2669 nobis
2107 2614 2333 2690 intelligi
2382 2629 2440 2678 et
2492 2624 2880 2692 comprehendi
2931 2636 3131 2684 potest.
3187 2625 3468 2696 Atquejta
3521 2627 3670 2680 hanc

386 2711 752 2782 quaestionem
781 2711 929 2766 visus
951 2719 1038 2764 est
1069 2708 1401 2778 expediisse.

458 2805 610 2874 Quod
638 2807 684 2862 si
721 2806 807 2860 cui
844 2804 1200 2860 nihilominus
1233 2802 1524 2858 dicendum
1547 2800 1786 2867 videtur,
1819 2815 1971 2873 qua:-

2139 2804 2207 2859 Εί
2235 2804 2294 2858 δέ
2323 2823 2410 2871 τις
2441 2807 2596 2862 οὐδὲν
2623 2783 2789 2881 ἦττον
2823 2810 2973 2880 ἐρεῖν
2997 2811 3168 2864 οἴεται
3205 2809 3268 2863 τὸ
3311 2811 3668 2880 ἠπορημένον

401 2901 633 2954 stionem
678 2899 855 2953 adhuc
882 2899 936 2952 in
975 2897 1068 2963 iis,
1095 2912 1216 2967 quae
1243 2911 1275 2950 a
1321 2895 1590 2966 principio
1633 2895 1779 2950 dicta
1818 2902 1971 2962 sunt,

2080 2895 2183 2958 τοῖς
2217 2894 2316 2948 ἀπ’
2360 2895 2535 2969 ἀρχῆς
2576 2898 2979 2970 ὲπερείδεσθαι,
3009 2899 3364 2971 προσλαῦέτω
3397 2899 3472 2970 τῷ
3515 2901 3667 2972 λόγῳ

387 2989 594 3044 haerere
613 3029 630 3054 ,
656 2988 822 3043 addat
845 2988 937 3042 ille
963 2986 1227 3056 superiori
1253 3000 1454 3053 causae,
1497 2985 1638 3055 quod
1666 2985 1831 3040 etiam
1856 2993 1971 3040 tum

2080 2987 2154 3041 5τι
2189 2988 2282 3041 καὶ
2327 2988 2466 3062 ὅπερ
2498 2989 2780 3064 ἄφραστον
2820 2992 3053 3064 λέγομεν
3086 2993 3330 3065 ῥήμασιν
3377 2993 3669 3062 ἀπαγγέλ-

385 3097 506 3135 cum
549 3080 718 3134 Deum
759 3078 1196 3151 inexplicabilem
1232 3076 1590 3141 aﬂirmamus,
1635 3075 1689 3131 id
1720 3091 1830 3131 non
1865 3076 1971 3132 nisi

2080 3077 2260 3150 λομεν,
2297 3081 2394 3136 καὶ
2431 3083 2494 3137 τὸ
2538 3084 2904 3156 ἀπερινόητον
2925 3084 3408 3157 [σκιαγραφοῦμεν
3451 3085 3541 3140 διά
3574 3103 3670 3140 νο-

387 3173 569 3228 verbis
603 3173 978 3238 enuntiemus,
1008 3173 1150 3227 sicut
1173 3181 1249 3234 et,
1283 3171 1425 3241 quod
1461 3184 1625 3240 supra
1656 3169 1970 3241 intelligen-

2080 3171 2275 3241 ήσεως,
2292 3173 2389 3227 καὶ
2410 3174 2471 3227 τὸ
2496 3174 2726 3246 ἄχρονον
2755 3181 3035 3250 χρονικαῖς
3059 3178 3342 3243 ἐπιϐολαῖς
3374 3180 3472 3232 καὶ
3504 3183 3669 3250 κινη-

385 3269 515 3320 tiam
567 3275 652 3321 est
689 3275 931 3321 no'stram
957 3306 973 3331 ,
1016 3265 1402 3321 adumbramus
1445 3277 1543 3338 pet;
1587 3261 1964 3330 intellectum;

2080 3277 2226 3316 σεσιν
2278 3263 2689 3338 ὑποϐάλλομεν,
2723 3270 2820 3324 καὶ
2852 3269 2914 3323 τὸ
2949 3270 3275 3324 ἀδιάστατον
3328 3272 3424 3324 καὶ
3458 3272 3667 3341 ἀκίνη-

383 3359 526 3426 quod
575 3367 860 3426 aeternum,
909 3374 1006 3430 per
1038 3370 1342 3427 temporum
1399 3357 1640 3411 rationes
1686 3365 1971 3426 motusque

2080 3369 2168 3406 τον
2211 3357 2564 3427 κινουμέναις
2592 3376 2654 3412 τε
2692 3361 2786 3414 καὶ
2813 3360 3190 3431 διισταμέναις
3211 3362 3666 3433 ἀνατυπούμεθα.

381 3449 724 3516 νκρΙίεοπιιιε
751 3471 763 3513 ;
801 3449 943 3518 quod
979 3448 1295 3503 continuum
1322 3454 1378 3500 et
1409 3444 1715 3511 immobile,
1746 3461 1843 3516 per
1867 3462 1979 3504 mo-

387 3543 522 3596 liles
561 3552 615 3598 et
673 3541 942 3597 discretas
983 3539 1248 3610 imagines
1278 3536 1446 3592 animi
1495 3547 1970 3608 reprtesentamus.

389 3633 454 3688 Lit
489 3635 532 3688 si
567 3636 689 3706 quis
719 3649 786 3689 ea
811 3647 931 3704 quae
954 3632 1111 3686 nobis
1164 3631 1218 3685 in
1260 3630 1443 3685 divina
1493 3638 1690 3685 natura
1723 3639 1971 3686 contem-

389 3726 581 3794 pianda
622 3723 906 3792 occupatis
939 3720 1216 3783 accidunt,
1245 3733 1353 3772 una
1384 3733 1508 3773 cum
1552 3733 1614 3775 re
1651 3718 1768 3788 ipsa
1809 3731 1973 3786 coge-

2075 3443 2336 3512 Ὤστεεί,
2380 3447 2417 3502 ἀ
2466 3450 2752 3521 πάσχομεν
2797 3451 2930 3521 περὶ
2969 3452 3071 3521 τὴν
3099 3451 3194 3507 τοῦ
3241 3451 3400 3506 Θείου
3426 3451 3671 3525 θεωρίαν

2074 3537 2425 3611 ἀναγόμενοι,
2473 3543 2652 3598 ταῦτά
2683 3562 2768 3610 τις
2800 3546 2993 3618 ἐνορᾷν
3021 3547 3116 3600 καὶ
3145 3547 3275 3618 περὶ
3305 3546 3438 3600 αὐτὸ
3469 3545 3672 3602 ἐκϐιά-

2075 3644 2250 3697 σαιτο,
2292 3630 2363 3687 τὰ
2408 3633 2522 3689 ἄνω
2575 3635 2728 3690 κάτω
2763 3638 3003 3710 ποιήσει,
3049 3639 3144 3692 καὶ
3173 3639 3282 3710 πρὸ
3313 3639 3532 3694 πάντων
3561 3639 3670 3692 αὑ-

2071 3721 2166 3786 τὸς
2190 3722 2384 3779 ἑαυτὸν
2407 3726 2719 3798 ἀμηχανίας
2745 3727 2893 3800 βυθῷ
2919 3729 3302 3801 παραπέμψει.

383 3832 539 3873 tatur
590 3819 785 3873 intueri
835 3817 950 3889 (75)
985 3815 1066 3890 [et
1109 3813 1405 3888 conferre],
1446 3828 1560 3870 rem
1589 3829 1683 3871 sus
1711 3814 1886 3884 deque
1907 3813 1979 3870 sit
2015 3823 2259 3886 acturus,
2291 3829 2347 3876 et
2369 3822 2511 3892 quod
2547 3831 2712 3895 caput
2741 3832 2847 3892 est,
2872 3823 2989 3896 ipse
3011 3824 3252 3895 seipsum
3318 3823 3374 3880 in
3431 3823 3672 3880 inextri-

382 3917 637 3972 t-aliilium
669 3913 1048 3969 dillicultatum
1085 3911 1404 3967 barathrum
1433 3910 1893 3981 pracipitaturus.

451 4008 647 4081 28οὸ
678 4006 915 4062 Sanctus
952 4004 1206 4074 Eulogius
1263 4018 1429 4074 porro
1461 4017 1529 4058 ex
1563 4002 1842 4073 proposita
1866 4001 1970 4057 du-

381 4107 665 4170 bitatione,
724 4101 884 4156 aliam
931 4100 1288 4171 quaestionem
1345 4105 1657 4154 nascentem
1708 4097 1964 4167 explicat.

381 4199 439 4252 Si
490 4197 663 4261 enim,
705 4194 906 4262 inquit,
931 4206 1107 4263 neque
1162 4189 1473 4262 proprietas
1523 4197 1609 4244 est
1655 4186 1967 4258 bypostasis

382 4303 559 4358 neque
585 4286 838 4343 essentia:
879 4290 935 4340 et
961 4283 1309 4355 proprietatis
1359 4278 1688 4348 coniunctio,
1713 4278 1844 4348 quid
1869 4278 1979 4334 erit

381 4375 570 4436 aliud?
598 4378 666 4433 Et.
719 4377 948 4436 solititur
990 4374 1220 4446 quastio
1265 4388 1386 4429 cum
1420 4371 1551 4426 dicit
1588 4387 1604 4426 :
1636 4368 1749 4425 Nos
1783 4369 1852 4424 ab
1870 4367 1976 4424 Ec-

380 4469 543 4526 clesia
559 4467 848 4524 didicimus
869 4476 930 4522 ut
956 4480 1121 4521 unam
1150 4476 1438 4534 personam
1462 4475 1530 4516 ex
1547 4459 1818 4515 Trinitate
1847 4457 1964 4531 (76)

2166 4001 2226 4055 Ὀ
2249 4002 2306 4056 δὲ
2337 4001 2484 4073 ἱερὸς
2513 4001 2774 4072 Εύλόγιος
2809 4003 2918 4057 ἀπὸ
2955 4002 3056 4074 τῆς
3086 4001 3490 4075 προσταθείσης
3520 4003 3672 4057 67:0-

2079 4093 2202 4166 ρίας
2248 4094 2448 4166 ἑτέραν
2507 4094 2893 4164 ἀναφυομένην
2948 4094 3227 4161 διέξεισιν.
3267 4094 3333 4148 Ei
3375 4093 3486 4166 γὰρ
3519 4095 3670 4164 μήτε

2077 4185 2295 4256 ίδίωμα,
2330 4184 2520 4256 φησὶν,
2549 4187 2583 4256 ἡ
2607 4184 2907 4250 ὑπόστασις
2959 4187 3096 4258 μήτε
3135 4185 3424 4258 συμπλοκὴ
3473 4186 3674 4252 οὐσίας

2076 4275 2172 4330 καὶ
2199 4274 2514 4346 ἰδιώματος,
2547 4275 2604 4330 τί
2638 4276 2706 4330 ἂν
2731 4276 2819 4347 εἴη
2847 4276 3036 4349 ἓτερον
3064 4295 3080 4345 ;
3121 4279 3218 4332 καὶ
3259 4279 3543 4333 ἐπιλύεται
3573 4280 3672 4334 λέ-

2079 4383 2214 4435 γων,
2239 4365 2316 4431 ὡς
2335 4367 2637 4422 ὑπόστασιν
2669 4368 2771 4440 μὲν
2796 4369 2985 4425 καλεῖν
3013 4369 3107 4424 τὸν
3151 4371 3251 4424 ἕνα
3297 4373 3397 4442 τῆς
3433 4373 3674 4443 Τριάδος

2078 4458 2235 4530 παρά
2287 4459 2388 4530 τῆς
2439 4459 2789 4530 Ἐκκλησίας
2849 4462 3272 4534 μεμαθήκαμεν.
3329 4464 3477 4519 Τίδέ
3513 4468 3670 4518 ἐστιν

381 4561 718 4632 appellemus
757 4559 1103 4631 hypostasin.
1143 4554 1284 4622 Quid
1324 4565 1458 4608 vero
1497 4563 1585 4608 est
1614 4550 1971 4623 hypostasis?

2080 4549 2396 4620 ὑπόστασιςς
2425 4551 2488 4606 Εἰ
2531 4553 2632 4623 μὲν
2669 4554 2765 4608 ἐπὶ
2797 4556 3116 4626 κτισμάτων
3144 4559 3178 4629 ή
3205 4556 3252 4588 ⁸³
3283 4557 3576 4628 ἐρώτησις,
3603 4557 3667 4609 οὐ

381 4655 438 4709 Si
481 4654 547 4710 de
586 4653 750 4708 rebus
783 4653 984 4708 creatis
1017 4651 1090 4706 sit
1114 4647 1369 4718 quaestio,
1401 4643 1560 4700 facile
1600 4645 1706 4698 erit
1733 4657 1964 4714 respon-

2080 4647 2217 4700 πάνυ
2258 4645 2494 4717 χαλεπόν
2526 4647 2680 4700 ἐστιν
2719 4647 3118 4720 ἀποκρίνασθαι
3165 4647 3294 4721 [459
3331 4647 3426 4722 Η.]
3469 4651 3558 4704 διά
3604 4651 3671 4703 τὸ

380 4747 530 4808 dere,
574 4759 642 4799 eo
688 4743 830 4814 quod
863 4743 916 4798 in
947 4741 1034 4797 his
1068 4753 1278 4804 errare,
1309 4745 1365 4792 et
1404 4749 1628 4806 scopum
1658 4749 1765 4790 non
1800 4734 1966 4789 attin-

2080 4739 2173 4794 καὶ
2221 4740 2323 4810 τὴν
2365 4741 2495 4811 περὶ
2528 4739 2704 4794 ταῦτα
2756 4740 3032 4812 ἁμαρτίαν
3074 4757 3137 4794 τε
3211 4741 3308 4796 καὶ
3359 4742 3672 4812 ἀποτυχίαν

381 4851 509 4906 gere
541 4850 650 4891 non
680 4836 754 4891 sit
782 4833 922 4890 adeo
949 4833 1130 4903 gravis
1154 4846 1317 4886 noxa.
1348 4829 1406 4885 Si
1436 4840 1614 4885 autem
1638 4826 1708 4883 de
1731 4825 1966 4897 simplici

2080 4829 2154 4902 μὴ
2187 4828 2309 4884 λίαν
2366 4825 2506 4884 εἶναι
2565 4831 2894 4885 ὑπεύθυνον·
2944 4833 2992 4885 εί
3038 4831 3096 4886 δὲ
3149 4833 3279 4904 περὶ
3336 4833 3436 4904 τῆς
3485 4835 3675 4903 ἁπλῆς

379 4939 436 4986 et
487 4930 647 4983 beata
704 4937 922 4992 natura,
976 4925 1112 4980 nihil
1166 4934 1324 4979 extra
1387 4921 1696 4976 divinorum
1740 4916 1965 4973 Patrum

2080 4923 2170 4976 καὶ
2211 4923 2489 4994 μακαρίας
2534 4925 2774 4994 φύσεως,
2815 4923 2969 4979 οὐδὲν
3001 4925 3133 4998 παρ’
3177 4926 3207 4979 6
3249 4925 3566 4997 παρέδοσαν
3615 4929 3671 4979 οἱ

387 5022 716 5078 traditiones
745 5029 801 5074 et
834 5020 1079 5082 decreta,
1119 5026 1235 5073 tuto
1275 5013 1593 5084 responderi
1631 5021 1833 5082 potest.
1862 5010 1969 5066 Fas

2080 5015 2321 5088 θεοφόροι
2382 5016 2627 5089 Πατέρες
2700 5017 2947 5088 ἀσφαλές
3008 5020 3161 5072 ἐστιν
3234 5020 3668 5090 ἀποκρίνασθαι.

383 5126 566 5171 tamen
611 5123 699 5170 est
745 5128 867 5168 cum
909 5111 1200 5181 Scriptura
1233 5108 1444 5173 dicere,
1471 5106 1616 5175 quod
1657 5103 1970 5177 hypostasis

2080 5109 2219 5179 Πλὴν
2247 5109 2401 5163 οὐδὲν
2449 5109 2650 5163 κωλύει
2689 5111 2980 5182 γραφικῶς
3022 5113 3188 5181 φάναι
3220 5113 3296 5174 ὡς
3329 5113 3362 5182 ή
3394 5111 3490 5164 τοῦ
3531 5112 3672 5165 Υίοῦ

382 5207 507 5264 Filii
539 5207 615 5263 sit
638 5207 817 5278 imago
851 5203 948 5259 Dei
979 5201 1295 5266 invisibilis,
1327 5214 1450 5269 qua:
1481 5206 1653 5254 totum
1683 5197 1736 5252 in
1786 5195 1964 5266 seipsa

2080 5200 2371 5267 ὑπόστασις
2406 5201 2570 5256 εἰκών
2597 5204 2713 5258 ἐστι
2741 5203 2836 5258 τοῦ
2875 5203 3011 5257 Θεοῦ
3061 5205 3158 5257 τοῦ
3212 5205 3447 5275 ἀοράτου
3547 5207 3673 5257 ὅλον

1673 5309 1914 5366 VARUS
1948 5308 2364 5368 LECTIONES.

453 5419 475 5449 ο
504 5415 657 5479 δντος
680 5413 850 5478 ὅντως
905 5412 971 5476 A,
1005 5410 1156 5474 ὄντος
1187 5409 1262 5462 Β;
1288 5407 1458 5479 ὅντως
1487 5423 1552 5472 ς.
1626 5406 1674 5479 f"
1713 5405 1836 5479 καθ’
1865 5406 2000 5461 αὑτό
2025 5406 2088 5472 Β,
2128 5409 2252 5462 κατ’
2281 5408 2446 5464 αὐτόν
2472 5407 2519 5463 Α
2551 5425 2566 5464 :
2606 5409 2750 5464 κατά
2783 5409 2981 5466 ταύτόν
3014 5427 3075 5474 ς.
3159 5411 3202 5442 ¹¹
3235 5411 3346 5479 γάρ
3381 5411 3428 5456 ιι
3455 5422 3470 5459 ε
3495 5421 3558 5459 τε
3597 5425 3663 5472 ς.

387 5485 430 5519 ³⁸
457 5488 519 5540 τὺ
548 5477 1024 5556 προσκυνούμενον
1054 5484 1180 5536 add.
1219 5481 1288 5535 Α.
1367 5478 1410 5510 ⁸⁸
1432 5478 1468 5549 ἡ
1499 5480 1545 5532 Α
1576 5494 1592 5533 :
1621 5477 1773 5532 ἐστὶν
1800 5479 1836 5550 η
1863 5496 1924 5544 ς.

1901 5567 2112 5625 ΝΟΤᾸΕ
2125 5609 2138 5621 .

462 5652 582 5744 (ἒξ)
612 5666 672 5744 [ιι
703 5669 822 5744 ip_so
849 5667 1114 5722 niteretur
1125 5661 1368 5744 intueri,
1395 5659 1501 5744 hoc
1525 5666 1611 5719 est
1637 5675 1654 5717 :
1686 5661 1754 5716 ad
1790 5658 1965 5730 ipsum
1989 5675 2112 5718 esse
2142 5674 2238 5718 seu
2272 5660 2516 5722 divinam
2540 5669 2792 5717 naturam
2819 5656 3082 5714 niteretur
3117 5657 3435 5711 translerre.

460 5733 578 5814 ('76)
609 5733 1096 5813 Seu'Patremnseu
1125 5733 1326 5792 Filium
1357 5739 1466 5804 etc.
1655 5749 1669 5756 ·
