3964 6246
351 256 489 321 1069

1427 252 1953 315 BIBLIOTHECA.
1989 276 2056 288 -
2084 251 2251 313 COD.
2290 250 2561 315 CCXXX.

3453 228 3600 323 ιιι-ω’

352 374 410 425 ὲν
451 373 619 440 ἑαυτῇ
658 368 750 423 τὸν
800 368 1021 434 Πατέρα
1049 367 1389 424 δεικνύουσα.
1429 370 1493 423 El
1517 369 1573 423 δὲ
1605 368 1700 422 καὶ
1732 367 1923 437 σοφίαν

2042 362 2242 420 Patrem
2285 364 2477 423 rel‘crt.
2516 363 2670 434 Quod
2698 363 2748 421 si
2787 363 2953 421 etiam
2981 366 3231 423 eamdem
3256 365 3439 423 Patris
3469 355 3603 425 esse

351 463 527 534 αὐτὴν
583 462 865 534 Πατρικὴν
920 450 1060 517 εἷναι
1103 462 1549 534 ἀποκριθήσομαι
1595 462 1629 531 ἢ
1682 456 1921 528 Λόγονῆ

339 555 576 625 δύναμιν
626 553 722 607 τοῦ
760 553 995 625 ηατρὸς,
1038 557 1106 627 τῇ
1162 553 1435 626 ίερολογίᾳ
1479 551 1921 624 συμφθέγξομαι.

348 649 459 702 Καὶ
515 646 645 719 περὶ
691 648 789 719 τῆς
840 638 936 700 τοῦ
970 646 1183 719 Πατρὸς
1223 646 1283 701 δὲ
1318 646 1414 701 καὶ
1446 644 1763 715 Πνεύματος
1790 644 1924 699 ὐπο-

350 740 594 802 σεάσεως
613 738 837 793 τοιαῦτα
864 738 931 793 ἀν
960 756 1044 802 τις
1088 740 1152 793 ἐκ
1167 735 1278 792 τῶν
1311 737 1471 810 ἱερῶν
1506 735 1700 807 λογίων
1732 736 1923 792 ἀναλε-

347 832 617 901 γόμενος,
662 832 758 885 καὶ
801 830 978 895 διδοὺς
1026 831 1140 895 τοῖς
1193 828 1544 901 ἐπερωτῶσιν
1591 828 1921 898 ἀπόκρισιν,

350 921 591 987 εὐσεϐῶς
611 938 669 976 τε
700 922 795 976 καὶ
819 923 1246 995 ἀνεπηρεάστως
1274 920 1644 992 ἀποκρίνοιτο.
1670 918 1801 993 [87Ξ
1825 916 1921 991 R.]

348 1009 422 1066 Σὺ
458 1011 504 1065 δ’
538 1011 605 1067 ἂν
660 1006 865 1084 δυνήσῃ
895 1004 1121 1081 ’λέγειν,
1149 1010 1437 1076 ἀποδιδοὺς
1491 1009 1587 1066 τὸν
1626 1010 1787 1079 λόγον
1820 1008 1925 1079 τῆς

350 1104 703 1167 ὑποστάσεως
734 1102 830 1157 τοῦ
865 1101 1018 1168 Υἱοῦ,
1048 1102 1182 1158 Θεὸν
1204 1104 1269 1158 bis
1296 1100 1434 1157 Θεοῦ
1468 1101 1713 1175 ἀχρόνως
1736 1118 1799 1155 τε
1829 1100 1926 1156 καὶ

349 1195 580 1259 ἀπαθῶς
600 1195 931 1266 γεννηθέντα
947 1212 963 1227 ο
993 1194 1197 1268 ὁμοίως
1244 1193 1305 1251 δὲ
1328 1195 1426 1251 καὶ
1449 1194 1548 1249 τοῦ
1583 1193 1923 1265 Πνεύματος,

348 1284 485 1341 Θεὸν
512 1288 579 1340 ὲκ
616 1285 751 1340 Θεοῦ
784 1287 971 1351 ἀῖδίως
1011 1304 1070 1341 τε
1098 1286 1539 1359 ἐκπορευόμενον
1582 1286 1678 1341 καὶ
1719 1285 1925 1359 ἀῤῥεύ-

352 1392 527 1444 στωςο
559 1379 825 1445 ὡσαύτως
870 1379 928 1435 δὲ
956 1379 1054 1435 καὶ
1094 1378 1191 1435 τοῦ
1227 1380 1442 1452 Πατρὸς
1470 1382 1572 1453 τὴν
1624 1379 1926 1433 ὑπόστασιν

348 1472 495 1543 λόγῳ
521 1472 853 1544 παριστάναι
876 1468 1086 1546 μέλλων
1113 1475 1327 1547 φήσεις·
1358 1473 1448 1542 Ἐξ
1468 1464 1528 1530 οῦ
1557 1473 1878 1545 γεγέννηται
1898 1476 1928 1527 ὁ

352 1566 487 1628 Θεὸς
514 1567 707 1635 Λόγος,
745 1570 917 1637 τομῆς
945 1567 1167 1639 ἀπάσης
1194 1568 1289 1622 καὶ
1326 1566 1527 1631 παντὸς
1555 1566 1762 1631 πάθους
1794 1565 1929 1637 μηδὲ

352 1660 474 1712 κατ’
500 1658 742 1711 ἐπίνοιαν
781 1657 1165 1730 θεωρουμένης
1213 1660 1279 1727 τῇ
1328 1658 1538 1728 προόδῳ
1590 1658 1690 1727 τῆς
1735 1657 1929 1727 γεννή-

356 1767 496 1815 σεως
522 1771 535 1783 ο
556 1753 606 1804 εί
634 1750 812 1822 βούλει
835 1728 917 1817 δὲ,
951 1752 1062 1807 Καὶ
1080 1750 1139 1816 ἐξ
1154 1744 1219 1806 οῦ
1242 1750 1305 1803 τὸ
1328 1749 1552 1820 Πνεῦμα
1573 1748 1616 1781 ¹¹⁵
1639 1750 1934 1819 ἀφράστως
1963 1728 2010 1789 Β

351 1859 412 1895 τε
460 1842 553 1897 καὶ
584 1843 954 1914 ἀνεπινοήτως
997 1843 1093 1898 καὶ
1120 1842 1347 1906 ἀπαθῶς
1381 1846 1476 1897 καὶ
1522 1840 1806 1904 ωναῖδίως
1840 1840 1933 1893 ὲκ-

354 1933 669 2005 πορεύεται,
710 1936 807 1989 καὶ
828 1936 882 1990 εί
899 1953 951 1989 τι
982 1935 1110 1990 ἄλλο
1137 1935 1547 2007 τοιουτότροπον
1576 1933 1721 1987 ἐστιν
1737 1934 1934 1999 εἰπεῖν,

354 2028 457 2098 τῆς
493 2026 856 2081 θεοπνεύστου
916 2028 1143 2100 Γραφῆς
1176 2028 1276 2098 τὴν
1320 2024 1694 2098 πνευματικὴν
1745 2025 1936 2095 σοφίαν

356 2120 715 2191 πηγαζούσης
758 2122 889 2192 ἡμῖν
939 2124 1032 2175 κα)⁵
1076 2123 1445 2193 συνεργούσης
1495 2121 1573 2192 τῷ
1608 2120 1932 2191 βουλήματι.

354 2212 552 2265 Καίτοι
609 2213 730 2266 οὐδὲ
782 2213 851 2265 τὰ
885 2214 1122 2284 ῥηθέντα
1163 2213 1443 2278 παντελῶς
1500 2214 1650 2266 ἐστιν
1678 2211 1936 2282 ἐλεύθερα

354 2305 658 2373 φαντασίας
687 2305 1137 2377 ἀνατυπουμένης
1172 2306 1271 2377 τὴν
1290 2305 1539 2359 σύνθεσιν
1556 2320 1571 2336 '
1608 2303 1744 2359 ἀλλά
1764 2303 1844 2374 τῷ
1870 2320 1935 2372 γε

359 2398 435 2468 μὴ
493 2398 574 2470 τῷ
634 2400 841 2470 ῥήματι
873 2400 974 2471 τῆς
1028 2400 1303 2471 συνθήκης
1341 2399 1436 2453 καὶ
1464 2399 1563 2470 τῆς
1614 2398 1936 2468 συμπλοκῆς

354 2491 587 2545 καὶτῶν
618 2490 878 2546 τοιούτων
909 2491 1365 2564 προσχρήσασθαι
1400 2492 1461 2545 οὐ
1494 2492 1643 2545 δοκεῖ
1685 2490 1937 2561 θορυϐεῖν

355 2580 449 2633 τὸν
472 2581 753 2654 ἀκροατὴν
777 2581 899 2635 οὐδὲ
930 2580 1335 2653 προσίστασθαι
1367 2582 1431 2637 ¹⁸.
1470 2579 1612 2635 Ἀλλ’
1635 2580 1693 2636 ὲν
1724 2580 1937 2645 τούτοις

355 2672 461 2742 μὲν
485 2672 636 2744 αὐτῷ
665 2675 760 2728 καὶ
791 2676 820 2728 ό
848 2674 1040 2745 παρὼν
1073 2674 1436 2746 ἀπαρτίζεται
1476 2672 1654 2742 λόγος.

432 2766 713 2836 Γράφειδὲ
740 2769 768 2820 ό
798 2766 959 2831 αὐτὸς
997 2767 1138 2839 ἱερὸς
1166 2766 1305 2838 ἀνὴρ
1328 2765 1424 2820 καὶ
1456 2765 1593 2836 πρὸς
1614 2765 1939 2835 Δομετιανὸν

360 2858 700 2929 (Μελιτηνῆς
748 2859 805 2912 δὲ
853 2851 1009 2922 οὗτος
1062 2858 1412 2927 ἐπίσκοπος),
1448 2856 1549 2912 οὐκ
1594 2856 1939 2928 ἀπρόσφορον

358 2944 498 3002 εἶναι
528 2951 809 3021 παριστῶν
825 2952 886 3005 τὸ
913 2951 1043 3021 μίαν
1070 2951 1252 3019 λέγειν
1285 2949 1445 3021 φύσιν
1478 2948 1573 3003 τοῦ
1603 2947 1740 3003 Θεοῦ
1761 2950 1805 2981 ¹⁶
1826 2948 1941 3003 Ἀό-

2026 457 2371 527 sapientiam,
2392 467 2487 513 aut
2506 456 2768 525 Verbum,
2789 464 2886 513 aut
2902 457 3161 515 virtutem
3182 458 3361 516 Patris
3383 446 3605 523 dixero.‘

2026 565 2059 606 a
2089 550 2289 607 divinis
2313 550 2536 605 Litteris
2562 564 2668 605 non
2700 550 3043 608 dissentiam.
3075 549 3142 607 Et
3178 551 3271 620 qui
3296 567 3361 607 ex
3397 551 3597 608 divinis

2025 643 2258 713 eloquiis
2303 643 2369 699 de
2403 643 2586 699 Patris
2608 652 2665 698 et
2702 642 2939 715 Spiritus
2968 644 3141 700 sancti
3177 644 3427 715 personis
3454 645 3600 707 simi-

2027 734 2099 789 lia
2145 735 2434 791 ailirmabit
2475 736 2954 808 quaerentibusque
2998 735 3372 808 respondebit,
3417 736 3467 792 is
3515 737 3603 805 pie

2030 837 2290 896 recteque
2310 826 2619 884 aliirmabit.
2647 827 2728 882 Tu
2755 841 2920 896 porro
2952 827 3156 882 inferre
3188 826 3411 898 poteris,
3441 824 3605 895 espli-

2029 935 2164 974 cans
2189 919 2458 974 rationem
2488 919 2842 991 hyposlaseos
2863 918 2989 974 Filii
3016 936 3031 975 :
3066 918 3235 975 Deum
3264 918 3329 973 de
3356 918 3507 984 .Deo,
3535 917 3604 973 ab

2028 1020 2255 1077 aeterno,
2311 1011 2591 1081 impetibili
2645 1013 2806 1068 modo
2853 1012 3093 1080 genitum
3126 1034 3140 1069 :
3180 1012 3494 1082 pariterque
3533 1013 3606 1067 de
3640 1028 3650 1087 ι,

2032 1101 2237 1173 Spiritu
2284 1112 2498 1164 sancto,
2528 1105 2692 1157 Deum
2723 1103 2788 1159 de
2816 1102 2928 1159 Deo
2962 1103 3031 1159 ab
3055 1112 3259 1159 reterno
3305 1102 3606 1172 proceden-

2035 1206 2143 1252 tem
2186 1208 2354 1267 atque
2377 1195 2734 1268 proﬂuentem
2762 1212 2777 1250 :
2808 1196 3079 1267 similique
3104 1197 3262 1251 modo
3296 1195 3477 1250 Patris
3503 1195 3605 1266 by-

2031 1291 2304 1359 postasin,
2333 1292 2501 1347 verbo
2543 1290 2934 1360 explicaturos,
2966 1290 3114 1346 dices
3143 1307 3158 1344 :
3191 1288 3271 1344 Ex
3304 1304 3415 1359 quo
3462 1286 3609 1342 Deus

2034 1381 2274 1437 Verbum
2319 1383 2562 1453 genitum
2616 1394 2723 1448 est,
2773 1382 2867 1437 tali
2905 1381 3278 1453 generationis
3326 1394 3605 1451 processu,

2033 1473 2089 1528 in
2119 1488 2229 1543 quo
2254 1488 2322 1529 ne
2350 1489 2447 1544 per
2469 1476 2857 1542 cogitationem
2880 1474 3099 1545 quidem
3126 1474 3231 1529 ulla
3261 1489 3357 1529 seu
3387 1473 3607 1539 divisio,

2033 1582 2129 1622 seu
2177 1568 2361 1637 passio
2408 1570 2636 1639 reperiri
2672 1568 2862 1638 possit.
2906 1567 2961 1623 Si
2996 1567 3079 1622 vis
3123 1577 3302 1622 autem
3344 1566 3606 1635 Spiritum

2035 1671 2282 1716 sanctum
2314 1660 2407 1733 [ad
2437 1659 2657 1716 Patrem
2685 1661 2867 1731 aliquo
2903 1662 3064 1716 modo
3097 1659 3485 1718 declarandum
3508 1658 3611 1713 ad.

2037 1750 2248 1820 bibere,
2271 1753 2419 1809 dices
2445 1752 2486 1826 :]
2520 1751 2601 1807 Ex
2623 1767 2751 1823 quo,
2812 1751 3162 1807 inenarrabili
3201 1760 3257 1806 et
3301 1751 3611 1821 incompre-

2034 1846 2208 1903 henso
2246 1846 2641 1916 impatibilique
2689 1846 2886 1909 modo,
2934 1855 3205 1900 coaeterne
3245 1843 3511 1913 procedit,
3555 1851 3615 1896 et

2036 1941 2082 1994 si
2114 1941 2243 2008 quid
2280 1939 2422 1992 aliud
2466 1936 2836 2007 hujuscemodi
2866 1937 3046 1992 dicere
3078 1934 3162 1991 fas
3199 1944 3303 1999 est,
3331 1933 3612 2003 Scriptura

2037 2032 2297 2087 divinitus
2321 2033 2581 2100 inspirata
2606 2031 2943 2100 spiritualem
2968 2029 3125 2084 nobis
3140 2027 3463 2097 sapientiam
3490 2041 3616 2095 pro-

2039 2127 2261 2196 pinante
2281 2134 2335 2178 et
2356 2126 2595 2179 studium
2624 2130 2821 2178 nostrae
2849 2121 3140 2176 voluntatis
3159 2120 3403 2190 juvante.
3433 2121 3611 2188 Atque

2039 2235 2107 2274 ne
2141 2218 2223 2273 sic
2256 2217 2474 2286 quidem
2515 2216 2785 2287 explicata
2832 2230 2927 2270 seu
2958 2215 3125 2278 dicta,
3159 2214 3309 2268 omni
3344 2212 3611 2280 imagina~

2040 2317 2185 2370 tione
2218 2316 2473 2378 humana,
2498 2328 2617 2383 quae
2640 2312 2799 2367 nobis
2827 2309 3137 2384 [perpetuo]
3170 2310 3608 2379 conjunctionein

2037 2406 2306 2471 obtrudit,
2336 2406 2620 2460 carebunt.
2650 2403 2757 2459 Sed
2802 2418 2908 2457 non
2943 2403 3145 2458 utendo
3175 2415 3309 2456 voce
3339 2397 3613 2468 composi-

2039 2501 2203 2556 tionis
2237 2509 2291 2554 et
2315 2498 2739 2568 coniunctionis,
2769 2512 2877 2551 non
2908 2495 3135 2551 videtur
3163 2494 3463 2549 auditorem
3489 2506 3613 2561 per—

2041 2592 2264 2648 turbare
2286 2600 2379 2646 aut
2401 2589 2698 2646 oﬂ‘endere.
2728 2589 2906 2659 Atque
2927 2587 2980 2642 in
3010 2587 3096 2642 bis
3118 2588 3188 2642 ab
3217 2601 3284 2641 eo
3309 2587 3472 2641 etiam
3502 2586 3619 2640 hac

2042 2699 2280 2756 praesens
2312 2684 2489 2740 oratio
2521 2682 2840 2739 absolvitur.

2112 2777 2318 2834 Scribit
2331 2791 2460 2832 vero
2478 2775 2966 2843 idem,vir,sanctus
2985 2773 3054 2828 ad
3074 2772 3443 2828 Domitianum
3457 2770 3620 2827 Meli-

2043 2880 2249 2926 tensem
2276 2871 2610 2940 episc0pum,
2627 2866 2935 2937 asseritque
2950 2864 3095 2921 haud
3120 2867 3216 2921 abs
3235 2878 3293 2920 re
3310 2878 3433 2920 esse
3452 2879 3617 2918 unam

2042 2962 2138 3018 Dei
2159 2971 2407 3016 naturam
2433 2957 2600 3014 Verbi
2618 2968 2867 3013 naturam
2886 2956 3135 3029 profiteri
3154 2957 3511 3011 incarnatam.
3528 2956 3621 3011 Ille

358 3058 457 3109 γου
494 3043 943 3115 σεσαρκωμένην.
975 3044 1035 3096 '0
1063 3042 1163 3114 μὲν
1189 3041 1300 3113 γὰρ
1335 3042 1436 3097 οὐκ
1459 3040 1753 3096 ἀνεύθυνον
1773 3038 1936 3094 ἀτίθει

2042 3055 2188 3110 enim
2211 3063 2460 3108 sanctum
2489 3050 2780 3119 Eulogium
2810 3063 2917 3104 non
2949 3058 3104 3104 extra
3133 3047 3348 3117 culpam
3382 3046 3620 3101 aﬂirma—

356 3136 451 3190 τὸν
487 3135 634 3207 ἱερὸν
685 3135 944 3205 Εὑλόγιον
996 3134 1341 3207 κεχρημένον
1385 3133 1466 3205 τῷ
1517 3135 1755 3205 ῥήματι·
1806 3133 1836 3186 ὁ
1881 3132 1936 3186 δὲ

2046 3146 2162 3208 bat,
2207 3144 2353 3214 quod
2403 3140 2550 3197 illam
2595 3154 2786 3197 vocem
2835 3148 3177 3210 usurpasset.
3206 3138 3315 3195 Sed
3362 3138 3621 3210 Eulogius

355 3222 441 3293 οἷς
474 3228 739 3291 πολλάκις
789 3227 848 3280 ὲν
888 3230 1002 3290 τοῖς
1033 3225 1368 3297 προλαϐοῦσι
1406 3225 1585 3295 λόγοις
1627 3224 1728 3295 τὴν
1755 3222 1940 3294 φωνὴν

360 3320 755 3391 ἐπικουρήσας,
790 3320 884 3374 καὶ
918 3320 1032 3382 τοῖς
1070 3316 1247 3390 ὀρθῶς
1296 3316 1468 3389 αὐτὴν
1505 3317 1942 3387 ἐπιλαμϐάνουσιν

360 3412 600 3478 εὐσεϐῶς
622 3412 853 3485 ἔχουσαν
878 3410 1201 3483 παρασχὼν,
1232 3411 1329 3464 καὶ
1354 3411 1427 3475 ὡς
1459 3411 1510 3463 οἱ
1532 3410 1780 3479 λέγοντες
1809 3408 1941 3480 μίαν

361 3505 525 3571 φύσιν
588 3502 681 3557 τοῦ
731 3503 905 3571 Λόγου
961 3502 1392 3573 σεσαρκωμένην
1456 3503 1518 3555 οὐ
1598 3503 1726 3573 μίαν
1778 3501 1941 3572 φύσιν

358 3598 550 3662 ἁπλῶς
582 3614 750 3667 φασιν
786 3596 848 3662 ἐξ
876 3596 1203 3669 ἀμφοτέρων
1248 3596 1533 3665 γεγονέναι
1565 3596 1675 3649 τῶν
1703 3595 1939 3665 φύσεων,

360 3689 503 3743 ὥστε
528 3689 625 3742 καὶ
651 3686 913 3758 συγχύσει
938 3687 1007 3740 τά
1033 3687 1365 3742 συνελθόντα
1389 3688 1731 3758 περιπεσεῖν,
1765 3688 1945 3740 ὲκεῖνο

363 3783 418 3834 δὲ
452 3781 655 3852 μᾶλλον
705 3780 1013 3853 βούλεσθαι,
1051 3779 1127 3844 ὡς
1177 3781 1208 3833 ὁ
1253 3779 1546 3851 μονογενὴς
1589 3777 1684 3832 τοῦ
1731 3779 1944 3849 Πατρὸς

360 3872 489 3936 Υἱὸς
509 3872 696 3943 ήνώθη
735 3873 900 3944 σαρκὶ
936 3871 1059 3927 καθ’
1086 3871 1404 3937 ὑπόστασιν,
1435 3871 1463 3923 ὁ
1498 3869 1661 3935 αὐτὸς
1691 3868 1786 3923 καὶ
1812 3868 1945 3933 Θεὸς

360 3968 453 4019 καὶ
470 3966 567 4019 ἀνθ
575 3983 756 4037 ρωπος
775 3964 871 4031 ὢν,
892 3965 969 4029 ὡς
996 3967 1091 4019 καὶ
1110 3964 1189 4035 τῷ
1204 3963 1451 4036 Θεολόγῳ
1466 3964 1615 4018 δοκεῖ
1636 3961 1734 4035 ('0
1755 3964 1945 4033 Λόγος

360 4058 490 4130 γὰρ,
518 4060 673 4131 φησι,
712 4060 871 4129 σὰρξ
886 4058 1261 4128 ἐγένετο,καὶ
1276 4056 1635 4124 ἐσκήνωσεν
1655 4058 1726 4111 ἐν
1752 4056 1943 4128 ἡμῖν),

360 4151 530 4206 ταῦτα
554 4151 643 4205 διὰ
690 4152 926 4214 πλάτους
962 4150 1134 4205 εἰπὼν
1168 4150 1265 4205 καὶ
1298 4150 1778 4221 ἀπολογησάμενος
1802 4149 1946 4204 οὕτω

318 4248 330 4255 ’
359 4242 606 4308 δοξάζειν
632 4244 726 4296 καὶ
758 4241 1027 4314 Κύριλλον
1052 4241 1472 4312 ἐπαγγέλλεται,
1506 4243 1565 4294 ὲν
1594 4235 1677 4305 οἷς
1710 4240 1946 4312 μάλιστα

359 4333 531 4403 λέγει’
556 4336 627 4389 Εί
647 4334 768 4403 μὲν
788 4336 899 4405 γὰρ
924 4336 1072 4404 μίαν
1099 4333 1365 4399 simis-re;
1396 4332 1503 4387 τοῦ
1525 4334 1720 4403 Λόγου
1753 4333 1943 4401 φύσιν

2042 3253 2166 3295 cnm
2196 3252 2262 3293 es
2318 3235 2609 3307 praeteritis
2629 3248 2774 3305 saepe
2790 3234 3153 3298 orationibus,
3170 3216 3371 3305 θεῖα
3391 3240 3448 3288 et
3473 3241 3623 3287 recte

2042 3342 2231 3383 vocem
2258 3325 2682 3397 intelligentibus
2704 3323 2839 3379 nihil
2884 3323 3179 3395 impietatis
3201 3324 3429 3380 subesse
3445 3331 3624 3378 osten-

2042 3421 2235 3483 disset,
2267 3420 2424 3474 docet
2468 3433 2562 3473 eos
2596 3418 2692 3487 qui
2726 3417 2915 3472 dicunt
2960 3432 3124 3472 unam
3158 3416 3318 3471 Verbi
3371 3426 3622 3471 naturam

2043 3509 2388 3564 incarnatam
2438 3522 2582 3574 esse,
2639 3521 2748 3561 non
2805 3506 3078 3562 aillrmare
3139 3520 3304 3561 unam
3371 3515 3623 3561 naturam

2043 3599 2363 3670 simpliciter
2387 3614 2455 3655 ex
2486 3599 2747 3654 ambabus
2787 3597 2988 3655 iactam
3019 3600 3252 3664 naturis,
3284 3599 3358 3655 ita
3399 3608 3461 3653 ut
3488 3614 3624 3655 con-

2039 3694 2247 3764 junctae
2270 3693 2415 3747 inter
2440 3706 2501 3748 se
2521 3692 2956 3759 confundantur,
2983 3692 3076 3747 sed
3104 3691 3233 3747 illud
3256 3691 3434 3761 potius
3462 3691 3623 3755 velle,

2046 3786 2382 3856 unigenitum
2460 3782 2638 3839 Patris
2692 3783 2892 3839 Filium
2950 3787 3250 3840 secundum
3306 3786 3627 3855 bypostasin

2046 3878 2199 3933 carni
2233 3877 2467 3943 unitum,
2493 3875 2587 3946 qui
2619 3876 2759 3931 idem
2787 3874 2931 3930 Deus
2958 3884 3014 3930 et
3040 3875 3203 3932 homo
3226 3885 3333 3942 est,
3366 3877 3629 3946 quemad-

2049 3971 2267 4027 modum
2295 3980 2351 4026 et
2386 3968 2666 4039 Theologo
2710 3967 2910 4037 placet.
2953 3966 3208 4033 Verbum,
3254 3968 3452 4039 inquit,
3501 3984 3628 4023 caro

2047 4064 2247 4132 factum
2272 4070 2372 4125 est,
2416 4071 2464 4114 et
2497 4057 2755 4113 habitavit
2807 4059 2865 4113 in
2914 4059 3062 4113 nobis
3079 4059 3130 4112 b.
3164 4057 3292 4114 Haec
3340 4074 3464 4115 cum
3508 4057 3630 4115 fuse

2047 4154 2394 4211 disseruisset
2425 4163 2484 4208 et
2535 4148 3119 4215 defendisset,eadem
3164 4150 3329 4205 etiam
3367 4148 3629 4222 Cyrillum

2047 4249 2244 4301 docere
2297 4243 2569 4305 aﬂlrmat,
2609 4240 2663 4293 in
2719 4240 2915 4309 quibus
2968 4238 3308 4307 potissimum
3351 4238 3529 4293 dicit:
3566 4236 3631 4294 Si

2053 4356 2146 4394 nos
2177 4353 2285 4391 una
2332 4333 2488 4388 Verbi
2521 4346 2718 4386 natura
2741 4334 2910 4400 posita
2935 4332 3311 4395 tacuissemus,
3348 4345 3444 4384 nec
3475 4331 3634 4384 addi-

358 4427 776 4499 σεσιγήκαμεν
800 4467 814 4492 ,
863 4429 975 4482 οὐκ
1022 4427 1452 4495 ἐπενεγκόντες
1514 4425 1582 4480 τὸ
1633 4440 1936 4496 σεσαρκω-

2045 4435 2327 4493 dissemus,
2358 4444 2378 4478 ι
2414 4425 2782 4478 ἱιιοαηιαιαηι»
2815 4421 2951 4495 [eam
3004 4420 3306 4493 naturam],
3341 4423 3431 4476 sed
3472 4423 3628 4490 quasi

357 4516 576 4585 μένην,
615 4517 753 4571 ἀλλ’
778 4515 910 4572 οἷον
934 4517 1051 4583 ἐξω
1091 4517 1354 4583 τιθέντες
1410 4516 1526 4585 τὴν
1575 4518 1942 4587 οίκονομίαν,

364 4608 445 4677 ἦν
466 4609 675 4676 αὐτοῖς
706 4608 860 4679 τάχα
908 4626 1027 4665 που
1075 4610 1174 4664 καί
1204 4613 1317 4665 οὐκ
1358 4610 1653 4677 ἀπίθανος
1688 4613 1723 4664 ὁ
1761 4611 1945 4682 λόγος

361 4701 913 4771 προσποιουμένοις
956 4700 1183 4771 ἐρωτᾷν
1225 4703 1343 4757 ποῦ
1382 4705 1447 4757 τὸ
1482 4701 1718 4758 τέλειον
1743 4702 1814 4757 ἐν
1838 4703 1945 4757 ἀν-

358 4792 715 4856 θρωπότητι,
741 4791 780 4859 ἢ
811 4788 938 4856 πῶς
962 4791 1313 4860 ὑφέστηκεν
1337 4793 1376 4861 ἠ
1400 4793 1530 4847 καθ’
1551 4791 1710 4863 ἡμᾶς
1727 4793 1910 4846 οὐσία
1929 4807 1942 4823 ⁸

356 4881 567 4951 ἐπειδὴ
607 4881 678 4936 δὲ
700 4883 799 4937 καὶ
830 4884 901 4937 ἐν
938 4883 1351 4953 ἀνθρωπότητι
1385 4886 1689 4952 τελειότης
1718 4884 1949 4953 καὶτῆς

2050 4523 2402 4580 extrinsecant
2429 4529 2739 4585 poneremus
2784 4514 3127 4568 aconomiam
3162 4529 3253 4567 seu
3279 4513 3635 4582 dispensatio-

2053 4632 2208 4679 nem;
2250 4618 2385 4667 esset
2416 4607 2526 4662 illis
2556 4606 2846 4676 probabilis
2877 4621 3039 4660 causa
3065 4606 3111 4659 si
3151 4604 3331 4660 vellent
3369 4620 3630 4676 quaerere,

2052 4712 2143 4767 ubi
2201 4718 2334 4762 esset
2402 4705 2461 4758 in
2521 4702 2860 4757 humanitate
2918 4702 3197 4773 perfectio,
3227 4712 3319 4757 aut
3368 4704 3633 4773 quomodo

2052 4812 2238 4855 nostra
2278 4798 2589 4855 subsisteret
2626 4794 2897 4849 essentia?
2921 4792 3025 4849 Sed
3055 4796 3311 4863 quoniam
3348 4795 3405 4849 in
3443 4795 3635 4847 Imma-

2051 4895 2217 4947 nilate
2238 4890 2515 4963 perfectio,
2548 4897 2599 4943 et
2622 4895 2821 4942 nostra:
2858 4887 3175 4941 substantia:
3216 4885 3513 4941 deelaratio
3541 4902 3637 4954 per

357 4974 487 5027 καθ’
523 4972 684 5043 ἡμᾶς
717 4976 936 5041 οὐσίας
975 4976 1015 5042 ἠ
1050 4975 1321 5044 δήλωσις
1367 4976 1815 5045 είσκεκόμισται
1852 4976 1936 5031 διὸ

2046 4988 2285 5050 verbum,
2319 4983 2686 5043 incantatam,
2719 4979 2890 5034 allata
2939 4988 3043 5045 est,
3086 4978 3331 5034 desinant
3373 4979 3637 5034 arundine

357 5064 481 5118 τοῦ
524 5063 729 5134 λέγειν
773 5067 1227 5138 σεσαρκωμὲνην,
1282 5068 1740 5125 παυσάσθωσαν
1765 5070 1805 5101 ¹⁷
1848 5087 1949 5123 κα-

357 5156 628 5222 λαμίνην
651 5156 781 5230 [460
817 5159 907 5232 Η.]
935 5160 1164 5229 ῥάϐδον
1197 5161 1433 5228 ἑαυτοῖς
1460 5162 1948 5232 ὑποστήσαντες.

361 5245 577 5300 Οὐκοῦν
600 5251 699 5313 τάς
730 5251 823 5304 δύο
849 5252 1041 5321 φύσεις
1080 5256 1112 5324 ἡ
1150 5254 1403 5325 παροῦσα
1450 5256 1601 5325 φωνὴ
1647 5257 1726 5326 τῷ
1770 5256 1947 5309 ἀδιαι-

368 5336 506 5409 ρέτῳ
536 5343 854 5412 εἰσήνεγκεν
902 5346 1329 5415 ὲπισφίγγουσα,
1361 5347 1436 5411 ὡς
1477 5348 1638 5410 αὐτὸς
1684 5348 1951 5416 ὲμϐοᾶται

437 5446 466 5486 δ
486 5444 643 5503 Joan.
668 5472 709 5519 ι,
730 5457 818 5511 14,

2047 5092 2103 5131 se
2133 5076 2343 5145 fulcire.
2377 5072 2543 5129 .Duas
2585 5085 2716 5141 ergo
2766 5079 2990 5125 naturas
3033 5070 3149 5125 haec
3171 5082 3298 5137 vox,
3328 5070 3634 5132 incernata,

2059 5167 2291 5222 indivise
2321 5165 2651 5222 constrictas
2682 5162 2891 5234 posuit,
2916 5170 2977 5217 ut
3006 5161 3147 5217 idem
3176 5160 3422 5216 clamitat
3456 5158 3636 5232 Cyril-

2058 5260 2162 5315 lus.
2188 5258 2330 5314 Hinc
2356 5271 2499 5327 saepe
2528 5272 2691 5311 unam
2724 5254 2887 5311 Verbi
2922 5264 3176 5311 naturam
3206 5252 3423 5309 videtur
3455 5252 3640 5308 dicere

2068 5355 2428 5407 incarnatam.
2460 5347 2613 5418 Quod
2644 5347 2690 5404 si
2722 5362 2887 5402 unam
2917 5346 3184 5401 duntaxat
3224 5343 3427 5400 Christi
3482 5353 3639 5398 natu-

1700 5552 1936 5609 VARIAB
1982 5552 2384 5609 LECTIONES.

441 5630 490 5718 ξ’
515 5628 615 5718 κα]-
636 5629 697 5718 es
725 5624 785 5687 οῦ
811 5631 871 5686 τὸ
894 5634 1114 5708 πνεῦμα
1146 5638 1190 5695 Α
1219 5658 1234 5697 :
1260 5640 1323 5696 τὸ
1352 5642 1569 5715 πνεῦμα
1600 5645 1657 5712 ἐξ
1694 5641 1755 5701 οὗ
1789 5663 1850 5711 ς.
1932 5646 1973 5678 ¹⁵
2008 5645 2371 5718 προΐστασθαι
2408 5662 2467 5710 ς.
2514 5646 2557 5678 ’⁸
2588 5644 2680 5700 τοῦ
2710 5643 2848 5697 Θεοῦ
2880 5643 2920 5697 Α
2956 5661 2968 5697 :
2998 5641 3135 5697 Θεοῦ
3156 5642 3250 5697 τοῦ
3287 5660 3347 5708 ς.
3396 5644 3437 5679 ⁸⁷
3468 5659 3634 5700 me.

368 5700 465 5756 καὶ
506 5702 639 5757 καλ.
664 5717 725 5767 ς’.
