3964 6246
296 374 301 383 ι
334 330 487 403 μίση

1522 332 1787 396 PHOTII
1826 330 2334 394 PATRIARCHIE
2366 334 2479 397 CP.

3471 329 3609 394 1072

348 466 469 507 ram
515 446 838 520 simpliciter
880 446 1249 518 proﬁteretur,
1309 460 1489 502 nonne
1536 446 1930 502 damnaretur?

2048 446 2063 498 l
2096 443 2387 518 Κύριλλος.
2413 444 2505 501 Διδ
2533 444 2626 501 καὶ
2660 444 2788 517 μίαν
2819 445 2982 516 φύσιν
3009 443 3103 501 τοῦ
3128 444 3301 515 Λόγου
3326 461 3611 516 σεσαρκω-

350 543 489 610 Quid
537 553 716 597 autem
765 540 841 595 sit
884 549 1075 593 natura
1107 539 1339 593 humana
1370 547 1463 592 aut
1498 538 1583 611 (ut
1625 538 1765 593 idem
1798 537 1925 593 alibi

349 634 576 703 docuit),
627 648 754 688 caro
800 632 1115 703 intelligenti
1155 632 1333 687 anima
1388 633 1676 687 informata
1702 675 1717 700 ,
1748 642 1809 688 ut
1843 631 1927 687 vel

348 734 636 800 propterea
664 739 878 779 rursum
923 734 1216 796 utrumque
1245 725 1299 779 in
1327 724 1578 779 unionem
1608 724 1930 780 convenien-

355 819 489 874 tium
538 815 945 871 indivisibiliter
1007 818 1405 872 conservetur?
1453 817 1604 873 Patet
1668 830 1797 887 ergo
1858 830 1928 870 ex

350 908 533 973 (lictis,
561 921 656 961 eos
686 908 779 977 qui
810 909 1107 963 secundum
1151 908 1418 980 Cyrillum
1464 908 1771 964 orthodoxe
1810 906 1927 979 [seu

349 1000 640 1074 catholice]
670 1003 867 1057 ducent
900 1016 1063 1056 unam
1095 1012 1345 1057 naturam
1373 1002 1536 1057 Verbi
1569 1003 1926 1066 incarnatam,

352 1110 460 1149 non
500 1096 567 1148 ad
602 1094 767 1148 alium
810 1093 971 1148 ﬁnem
1007 1094 1303 1161 respicere,
1344 1109 1507 1163 quam
1553 1106 1931 1163 quemcunque

336 1185 541 1250 alium,
572 1189 663 1254 qui
688 1185 849 1240 talem
887 1198 1071 1240 vocem
1102 1182 1220 1257 [seu
1246 1187 1463 1241 modum
1492 1184 1770 1257 loquendi]
1800 1184 1930 1257 ipsis

352 1276 626 1347 proponit,
687 1290 807 1345 qua:
865 1274 1002 1331 duas
1052 1274 1294 1347 [nempe]
1331 1276 1382 1330 in
1438 1275 1658 1331 Christo
1701 1274 1930 1332 Domino

334 1379 578 1423 naturas
606 1370 822 1437 penitus
849 1368 1074 1438 juncus
1106 1370 1341 1425 indivise
1371 1370 1585 1425 asserit.
1616 1370 1750 1424 Dum
1781 1368 1929 1424 enim

354 1460 546 1515 beatus
595 1457 831 1529 Cyrillus
898 1461 1057 1516 docet
1122 1475 1217 1531 per
1269 1461 1443 1532 ipsam
1497 1460 1929 1518 incarnationem

358 1563 648 1621 utrumque
672 1551 723 1604 in
755 1553 1009 1607 unionem
1034 1552 1349 1607 coeuntium
1378 1550 1783 1607 indivisibiliter
1803 1566 1932 1607 con-

355 1642 586 1705 servari,
622 1641 746 1711 quis
780 1642 923 1697 alius
954 1655 1152 1711 scopus
1186 1657 1280 1696 seu
1314 1641 1438 1696 linis
1463 1641 1532 1695 ab
1556 1656 1621 1696 eo
1651 1652 1930 1711 spectare-

357 1745 469 1799 tur,
498 1749 657 1804 quatn
700 1734 791 1804 qui
826 1735 962 1801 duas
1012 1736 1063 1787 in
1114 1734 1396 1789 Salvatore
1445 1734 1660 1788 Christo
1713 1743 1933 1789 naturas

360 1826 596 1882 indivise
625 1831 908 1894 c0pulutas
930 1826 1190 1897 praedicat
1227 1825 1575 1894 recipitque?
1606 1826 1672 1880 Et
1698 1826 1800 1882 hoc
1828 1827 1938 1881 cla-
1966 1810 2012 1872 Β

361 1918 480 1973 rius
510 1917 564 1971 in
593 1917 824 1985 epistola
852 1917 1023 1973 altera
1065 1918 1132 1972 ad
1167 1916 1499 1973 Succensum
1527 1918 1768 1987 exponit.
1800 1916 1937 1973 Cum

362 2012 512 2067 enim
541 2011 874 2080 explicasset
926 2011 978 2065 in
1032 2010 1143 2078 illa,
1174 2011 1305 2081 quid
1342 2011 1415 2065 sit
1454 2011 1559 2065 hoc
1590 2010 1764 2081 ipsum
1795 2012 1939 2081 quod

360 2105 603 2161 declarat
648 2120 809 2159 unam
882 2114 1127 2159 naturam
1162 2102 1321 2157 Verbi
1371 2104 1735 2165 incarnatam.
1764 2113 1818 2158 et
1846 2104 1942 2156 do-

366 2197 595 2263 cuisset,
654 2210 839 2251 verum
889 2206 944 2250 et
1001 2194 1300 2251 naturalem
1356 2209 1475 2250 esse
1521 2193 1665 2266 [Dei]
1719 2193 1939 2261 Filium,

366 2288 621 2359 quamvis
662 2287 962 2343 secundum
1016 2296 1347 2357 assumptam
1379 2302 1597 2342 carnem
1627 2301 1733 2342 non
1762 2287 1937 2342 inani.

364 2394 537 2444 mam,
575 2378 671 2433 sed
702 2378 1029 2449 intelligenti
1078 2379 1258 2432 anima
1305 2377 1680 2443 informatam,
1712 2392 1781 2433 ex
1820 2395 1942 2433 mu-

364 2470 501 2527 liere
548 2472 812 2542 prodierit
868 2471 1051 2537 homo,
1102 2471 1302 2541 2811:
1366 2486 1602 2539 cumque
1674 2472 1944 2527 intulisset

368 2580 479 2621 non
517 2574 806 2635 propterea
829 2563 1065 2620 divisum
1112 2564 1178 2618 iri
1221 2561 1548 2635 [Christum]
1577 2563 1630 2618 in
1653 2566 1786 2621 duas
1818 2579 1945 2635 per-

368 2670 533 2711 sonas
576 2665 671 2710 aut
708 2654 870 2721 ﬁlios,
906 2655 1001 2711 sed
1033 2654 1107 2710 ita
1154 2669 1373 2724 quoque
1416 2669 1735 2717 mansurum
1754 2668 1943 2717 unum.

370 2749 618 2818 adjungit
637 2748 907 2818 quomodo
930 2762 1037 2801 non
1062 2747 1182 2801 sine
1207 2761 1399 2813 carne,
1426 2761 1525 2801 nec
1544 2755 1699 2801 extra
1727 2760 1944 2816 corpus,

372 2843 468 2895 sed
515 2855 671 2894 suum
716 2854 782 2893 ac
812 2838 1089 2909 proprium
1136 2837 1337 2893 habeat
1387 2851 1606 2907 corpus,
1648 2836 1949 2892 secundum

370 2932 631 2988 unionem
664 2945 860 3000 nempe
900 2927 1255 2987 indivulsum.
1310 2928 1373 2982 Et
1412 2929 1465 2983 in
1508 2927 1732 2998 epistola
1763 2928 1830 2983 ad
1875 2940 1947 2996 te,

374 3024 602 3094 aliisque
631 3023 770 3078 locis
800 3021 1006 3087 multis,
1046 3021 1235 3076 eadem
1262 3021 1463 3077 docere
1495 3020 1713 3092 legitur.
1742 3021 1815 3077 At
1843 3019 1946 3076 Se-

376 3117 589 3171 veriani
613 3114 976 3172 differentiam
1002 3124 1125 3184 post
1153 3113 1593 3168 concurrentium
1633 3122 1944 3167 naturarum

1977 3162 2025 3225 C

2035 538 2206 610 μένην
2250 538 2515 603 πολλάκις
2572 538 2822 609 φαίνεται
2865 538 3126 610 φάμενος,
3188 539 3316 609 μίαν
3346 539 3403 592 δὲ
3445 537 3611 607 φύσιν

2000 628 2273 715 ,Χριστοῦ
2314 629 2523 710 όιπλῶς⁸
2552 628 2725 682 εἰπὼν
2760 629 2861 683 οὐκ
2905 629 2973 684 ἂν
3006 628 3181 700 ἁλοίη.
3230 628 3295 681 Ti
3335 628 3380 682 δ’
3412 629 3479 682 ἂν
3519 628 3607 700 εἴη

2033 718 2195 788 φύσις
2238 718 2656 789 ἀνθρωπότητος
2693 718 2749 788 ἢ,
2797 718 2872 782 ὡς
2909 719 3070 782 αύτδς
3121 720 3282 772 πάλιν
3316 720 3373 770 ὲν
3425 717 3611 783 ἄλλοις

2035 812 2261 880 ἐδίδαξε,
2294 811 2429 883 σὰρξ
2466 811 2792 883 ἑψυχωμένη
2830 811 3063 881 νοερῶς;
3095 811 3170 874 ὡς
3206 812 3302 865 καὶ
3330 813 3417 865 διὰ
3450 812 3614 864 τοῦτο

2034 903 2198 957 πάλιν
2276 902 2548 967 σώζεσθαι
2624 901 2734 956 τῶν
2792 902 3212 974 συνδραμόντων
3278 905 3355 967 εἰς
3414 901 3614 956 ἕνωσιν

2034 997 2359 1068 ἀδιαιρέτως
2411 995 2695 1068 ἑκάτερον.
2729 995 2899 1068 Δῆλον
2931 992 3025 1051 οὖν
3071 997 3134 1049 ὲκ
3161 996 3269 1050 τῶν
3303 995 3617 1068 εἰρημένων

2033 1086 2111 1152 ὡς
2140 1086 2189 1141 οἱ
2221 1084 2519 1163 ὀρθοδόξως
2558 1087 2809 1157 λέγοντες
2848 1088 2943 1143 καὶ
2984 1072 3128 1142 κείτά
3173 1085 3443 1157 Κύριλλον
3486 1087 3617 1157 μίαν

2035 1181 2200 1252 φύσιν
2256 1179 2349 1235 τοῦ
2412 1180 2589 1249 Λόγου
2659 1179 3126 1252 σεσαρκωμένην,
3165 1180 3227 1234 ού
3276 1178 3414 1251 πρὸς
3456 1177 3619 1232 ἀλλον

2020 1274 2279 1346 ’ἀφορῶσι
2310 1273 2531 1337 σκοπὸν,
2552 1273 2587 1345 ἢ
2620 1272 2766 1336 ὅστις
2794 1272 2976 1337 αὐτοῖς
3008 1274 3108 1342 τὴν
3144 1271 3402 1343 τοιαύτην
3428 1270 3618 1343 φωνὴν

2035 1363 2365 1419 ἐπιδείκνυσι
2385 1364 2485 1427 τὰς
2503 1360 2596 1417 δύο
2616 1363 2805 1432 φύσεις
2823 1362 2919 1417 ἐπὶ
2941 1362 3035 1417 τοῦ
3063 1363 3341 1417 Δεσπότου
3374 1361 3617 1433 Χριστοῦ

2034 1456 2114 1527 τῷ
2158 1455 2447 1528 ἀδιαιρέτῳ
2500 1455 2719 1518 πάντως
2766 1456 3214 1524 συνεισάγουσαν.
3250 1455 3341 1509 Ἐν
3375 1454 3454 1526 τῷ
3506 1453 3621 1525 γάρ

2037 1550 2213 1604 εἰπεῖν
2236 1550 2341 1603 τὸν
2392 1552 2660 1621 μακάριον
2701 1547 2970 1622 Κύριλλον
3019 1548 3289 1614 σώζεσθαι
3325 1547 3392 1602 δι’
3445 1548 3622 1619 αὐτῆς

2036 1643 2146 1698 τῶν
2173 1642 2589 1714 συνδραμόντων
2636 1643 2716 1706 εἰς
2742 1642 2939 1696 ἕνωσιν
2975 1641 3298 1713 ἀδιαιρέτως
3330 1638 3620 1713 ἐκατέρον,

2039 1736 2169 1809 [875
2196 1733 2291 1808 11.]
2314 1734 2555 1799 ποῖοςσᾶν
2574 1734 2731 1798 ἀλλος
2750 1734 3146 1806 παρεισαχθείη
3168 1734 3367 1798 σκοπὸς
3400 1732 3433 1804 ἦ
3466 1735 3495 1787 ό
3519 1734 3625 1797 τὰς

2039 1830 2132 1885 δύο
2176 1829 2372 1899 φύσεις
2426 1828 2523 1881 ἐπὶ
2570 1826 2665 1881 τοῦ
2713 1826 2973 1898 Σωτῆρος
3025 1826 3265 1899 Χριστοῦ
3291 1824 3625 1898 ισωζομένας

2040 1919 2325 1991 κηρύττων
2373 1916 2715 1989 ἀδιαιρέτους
2765 1917 2810 1949 ³⁸
2863 1918 2958 1970 καὶ⁵
3030 1916 3459 1989 ἀποδεχόμενοςς
3526 1918 3627 1971 καὶ

2038 2011 2197 2065 τοῦτο
2222 2009 2599 2082 φανερώτερον
2628 2010 2723 2064 καὶ
2740 2011 2797 2062 ὲν
2826 2011 2893 2080 τῇ
2916 2009 3054 2081 πρὸς
3082 2008 3381 2065 Σούκενσον
3411 2011 3440 2064 ό
3457 2009 3625 2073 αὐτὸς

2039 2104 2190 2159 δευτέ
2201 2121 2270 2176 pq.
2306 2106 2539 2158 ποιεῖται
2567 2103 2845 2174 ἐπιστολῇ.
2890 2101 3241 2175 Ἐρμηνεύων
3261 2103 3370 2175 γάρ
3394 2105 3453 2158 ὲν
3480 2105 3623 2175 αὐτῇ

2038 2196 2092 2250 τί
2120 2197 2250 2249 ποτέ
2273 2197 2421 2249 ἐστιν
2447 2194 2596 2266 αύτῷ
2624 2194 2666 2228 ε’
2699 2192 2939 2266 δηλοῦσα
2980 2196 3014 2267 ἡ
3058 2194 3158 2266 μία
3196 2195 3358 2265 φύσις
3392 2194 3485 2249 τοῦ
3520 2196 3629 2249 Λό-

2038 2306 2137 2359 γου
2162 2287 2583 2359 σεσαρκωμένη,
2634 2286 2729 2341 καὶ
2751 2286 2924 2340 εἰπὼν
2954 2285 3031 2351 ὡς
3061 2286 3207 2340 ἐστιν
3247 2287 3374 2351 Υἱὸς
3409 2288 3437 2340 ὀ
3462 2286 3629 2356 φύσει

2040 2381 2137 2435 καὶ
2186 2379 2426 2451 ἀληθῶς,
2475 2381 2525 2433 εἰ
2574 2382 2669 2434 καὶ
2721 2380 2863 2434 κατά
2902 2379 3211 2450 πρόσληψιν
3266 2380 3469 2451 σαρκὸς
3523 2380 3629 2433 ούκ

2042 2473 2251 2545 ἀψύχου
2265 2514 2279 2536 ,
2299 2471 2412 2528 ἀλλ’
2431 2472 2792 2544 ἐψυχωμένης
2809 2473 3011 2543 νοερῶς
3035 2472 3308 2544 προῆλθεν
3336 2473 3630 2544 ἀνθρωπος

2044 2568 2109 2621 ἐκ
2144 2564 2426 2634 γυναικὸς,
2467 2565 2564 2619 καὶ
2616 2562 2933 2634 ἐπενεγκὼν
2966 2564 3040 2627 ὡς
3074 2564 3132 2616 ού
3185 2563 3279 2617 διὰ
3321 2563 3483 2618 τοῦτο
3527 2582 3631 2635 με·

2046 2655 2365 2727 ρισθήσεται
2383 2654 2469 2719 εἰς
2499 2654 2593 2709 δύο
2625 2652 2910 2727 πρώσωπα
2937 2653 2969 2726 ἢ
3001 2654 3173 2719 υἱοὺς,
3195 2652 3331 2707 ἀλλὰ
3368 2654 3463 2708 καὶ
3486 2651 3634 2707 οὕτω

2045 2746 2291 2818 διαμενεῖ
2338 2742 2442 2811 εἷς,
2502 2745 2829 2817 προστίθησι
2880 2744 3000 2810 πῶς
3050 2745 3151 2799 ούκ
3214 2745 3453 2815 ἄσαρκος
3507 2746 3633 2799 οὐδὲ

2048 2838 2153 2905 ἔξω
2228 2839 2501 2909 σώματος,
2546 2837 2664 2892 ἀλλ’
2701 2838 2834 2892 ἴδιον
2877 2838 3017 2909 ἔχων
3066 2837 3199 2892 αὐτὸ
3236 2837 3414 2909 (δῆλον
3452 2837 3535 2891 ὅτι
3570 2840 3636 2891 τὸ

2051 2930 2233 3001 σῶμα)
2271 2929 2395 2984 καθ’
2426 2930 2620 2985 ἒνωσιν
2640 2930 3029 2985 ἀδιάσπαστον.
3057 2930 3176 2983 Κάν
3218 2933 3285 3000 τῇ
3316 2929 3552 2999 πρὸς...
3586 2932 3635 2962 ¹⁹

2053 3020 2111 3075 δὲ
2142 3021 2399 3095 ἐπιστολῇ
2425 3023 2519 3075 καὶ
2551 3023 2612 3075 ὲν
2639 3021 2820 3085 ἄλλοις
2857 3020 3071 3085 πολλοῖς
3100 3021 3169 3076 τὰ
3190 3021 3329 3076 αύτά
3366 3021 3637 3076 διδάσκων

2062 3113 2402 3185 εὑρίσκεται.
2435 3113 2580 3167 Ἀλλ’
2606 3115 2657 3167 οἱ
2694 3114 2825 3185 περὶ
2854 3114 3091 3186 Σεδῆρον
3114 3116 3213 3184 τὴν
3236 3113 3500 3186 διαφορὰν
3527 3116 3638 3169 τῶν

358 3208 635 3271 unionem
665 3204 899 3260 aversati
929 3203 1202 3259 malitiose
1222 3211 1279 3258 et
1299 3203 1463 3272 impie
1482 3202 1717 3273 primum
1734 3204 1945 3272 quidem

2058 3204 2420 3259 συνελθόντων
2447 3204 2587 3274 μετά
2613 3205 2715 3277 τὴν
2744 3206 2941 3261 ἕνωσιν
2984 3208 3266 3277 ὁμολογεῖν
3315 3210 3414 3262 ούκ
3444 3208 3637 3279 ἀνεχό-

375 3306 586 3367 ponunt
614 3311 797 3365 voces,
833 3310 953 3364 qua
1000 3293 1361 3349 differentiam
1404 3303 1722 3349 naturarum
1769 3293 1953 3349 decla—

372 3398 533 3457 rant;
564 3389 759 3444 deinde
802 3402 932 3444 vero
991 3402 1115 3442 cum
1171 3386 1292 3441 illas
1328 3386 1473 3456 ipsas
1530 3385 1735 3441 scilicet
1771 3385 1955 3441 iuver-

372 3492 515 3547 tunt,
563 3497 725 3536 unam
755 3480 919 3537 Verbi
973 3490 1225 3536 naturam
1277 3480 1432 3535 aiunt
1485 3479 1849 3533 incarnatam.
1882 3480 1954 3534 At

374 3588 482 3627 non
514 3576 587 3627 ita
615 3572 806 3642 religio
833 3570 1106 3627 catholica
1120 3604 1143 3635 ,-
1162 3572 1256 3628 sed
1282 3570 1469 3625 addita
1501 3571 1604 3625 hac
1627 3584 1781 3634 voce,
1809 3568 1955 3624 illico

374 3662 630 3732 deinceps
662 3662 909 3717 ostendit
961 3676 1064 3732 per
1096 3662 1239 3723 hanc
1277 3677 1467 3717 rursus
1496 3661 1693 3716 salvari
1724 3676 1792 3717 ex
1818 3676 1953 3716 con-

371 3750 595 3823 junctis]
638 3751 868 3807 aiteram
931 3750 1242 3806 indivisibili
1321 3753 1531 3806 ratione
1584 3751 1789 3817 uuitis,
1832 3766 1957 3822 quat

376 3840 575 3917 [pietas
624 3840 920 3913 catholica]
964 3845 1212 3912 coarguit
1267 3843 1482 3911 impios,
1547 3845 1671 3897 dum
1720 3844 1958 3899 ostendit

381 3950 546 3989 unam
593 3932 758 3990 Verbi
803 3944 1051 3989 naturam
1106 3935 1448 3990 incantatam
1482 3933 1615 3989 nihil
1648 3934 1794 3990 aliud
1834 3949 1958 3990 esse

377 4043 542 4097 quam
591 4026 921 4081 indivulsam
971 4029 1273 4082 secundum
1307 4027 1639 4097 ltypostasim
1681 4026 1955 4093 unionem,

378 4130 574 4174 natura
604 4117 880 4191 [utraque]
914 4119 1123 4187 integra
1162 4130 1217 4173 et
1259 4118 1545 4174 inconfusa
1578 4134 1797 4190 semper
1825 4134 1958 4175 con-

382 4223 619 4269 servata.
648 4211 791 4267 Duas
809 4214 957 4266 enim
989 4211 1253 4266 indivisas
1279 4220 1504 4267 naturas
1534 4214 1771 4279 asserit,
1806 4212 1957 4282 quasi

385 4302 616 4357 duarum
650 4302 1102 4357 convenientium
1135 4312 1452 4356 naturarum
1486 4303 1840 4359 dill'ercntiatn
1879 4307 1961 4359 in-

389 4396 580 4451 dicans
611 4411 625 4449 :
675 4404 727 4448 et
754 4410 913 4448 unam
956 4394 1117 4448 Verbi
1144 4404 1391 4449 naturam
1420 4394 1777 4461 incantatam,
1802 4397 1959 4464 quasi

2056 3313 2229 3363 μενοι,
2284 3296 2610 3370 κακούργως
2651 3315 2711 3351 τε
2773 3299 2866 3352 καὶ
2912 3298 3192 3362 δυσσεϐῶς
3261 3300 3478 3372 πρῶτον
3533 3300 3637 3370 μὲν

2051 3389 2307 3443 τάττουσι
2332 3390 2433 3454 τὰς
2470 3390 2652 3459 φωνὰς
2685 3391 2743 3445 αῖ
2774 3392 2818 3424 ’ί
2845 3390 2944 3463 τὴν
2980 3390 3247 3463 διαφορὰν
3276 3391 3497 3461 δηλοῦσι
3528 3392 3639 3446 τῶν

2054 3480 2292 3551 φύσεων,
2342 3481 2534 3536 ἔπειτα
2575 3481 2652 3548 δὲ,
2685 3482 2762 3547 ὡς
2812 3481 2970 3555 δῆθεν
3000 3484 3404 3555 ἀνατρέποντες
3440 3485 3638 3551 αὐτὰς,

2052 3573 2154 3645 τὴν
2176 3573 2313 3645 μίαν
2335 3573 2499 3643 φύσιν
2534 3574 2629 3628 τοῦ
2655 3574 2831 3644 Λόγου
2857 3592 3110 3647 σεσαρκω
3120 3577 3290 3647 μένην
3313 3578 3635 3647 ἐπάγουσιν.

2054 3667 2167 3736 Οὐχ
2190 3666 2333 3720 οὕτω
2368 3667 2425 3721 δὲ
2468 3668 2615 3720 ποιεῖ
2652 3668 2685 3738 ῄ
2716 3667 2992 3733 εὐσέϐεια,
3033 3668 3172 3723 ἀλλὰ
3207 3668 3415 3739 ταύτην
3461 3686 3641 3741 προσ-

2056 3759 2211 3814 θεῖσα
2232 3760 2282 3791 ³³
2311 3759 2421 3831 ῇτὴν
2455 3760 2661 3831 φωνὴν,
2719 3760 2884 3824 εὐθὺς
2933 3762 3130 3832 ἐφεξῆς
3152 3762 3389 3816 δείκνυσι
3430 3762 3529 3817 καὶ
3555 3762 3643 3815 διὰ

2054 3849 2259 3920 ταύτης
2293 3850 2561 3915 σώζεσθαι
2592 3850 2754 3905 πάλιν
2789 3852 2899 3905 τῶν
2944 3852 3310 3906 συνελθόντων
3343 3854 3422 3917 εἰς
3444 3853 3646 3906 ἕνωσιν

2056 3939 2378 4010 ἀδιαιρέτως
2410 3939 3003 4013 ἐκάτερον,ὲλέγχουσα
3021 3946 3146 4009 τοὺς
3173 3944 3459 4008 δυσσεϐεῖς
3488 3945 3566 4008 ὡς
3608 3947 3645 4017 ἡ

2060 4032 2159 4102 μία
2201 4033 2296 4086 τοῦ
2326 4034 2501 4103 Λόγου
2542 4034 2705 4103 φύσις
2741 4035 2787 4067 ’³
2829 4038 3235 4107 σεσαρκωμένη
3268 4036 3422 4090 ούδὲν
3452 4037 3646 4109 ἓτερον

2057 4123 2092 4193 ἢ
2120 4123 2218 4194 τὴν
2258 4124 2624 4178 ἀδιάσπαστον
2680 4124 2774 4178 καὶ
2817 4126 2941 4180 καθ⁹
2972 4127 3281 4181 ὑπόστασιν
3314 4128 3511 4183 ἕνωσιν
3550 4128 3648 4198 δη-

2058 4213 2161 4279 λοῖ,
2183 4214 2602 4284 φυλαττομένων
2626 4215 2770 4268 κατὰ
2796 4216 2975 4270 πάντα
3008 4218 3198 4288 καιρὸν
3228 4219 3286 4272 ἐν
3305 4218 3381 4288 τῷ
3403 4218 3651 4287 ἀσυγχύ-

2058 4320 2137 4375 τῳ
2173 4304 2281 4359 τῶν
2314 4304 2549 4373 φύσεων.
2591 4303 2696 4358 Δύο
2730 4305 2841 4377 γὰρ
2879 4307 3074 4376 φύσεις
3117 4308 3456 4381 ἀδιαιρέτους
3486 4309 3649 4373 δοξά-

2056 4395 2165 4463 ζει,
2202 4395 2279 4461 ὼς
2311 4398 2374 4451 τὸ
2409 4397 2666 4470 διάφορον
2717 4399 2828 4451 τῶν
2871 4400 3236 4455 συνελθόντων
3270 4402 3647 4470 κηρύττουσα,

383 4485 559 4555 ipsum
583 4482 761 4538 Patris
787 4493 913 4538 ante
941 4482 1139 4539 saecula
1162 4484 1401 4540 Verbum
1426 4485 1659 4539 humana
1679 4497 1945 4555 assumpta

2060 4490 2157 4543 καὶ
2174 4490 2305 4560 μίαν
2324 4489 2486 4561 φύσιν
2512 4490 2607 4544 τοῦ
2633 4490 2807 4561 Λόγου
2838 4494 3292 4566 σεσαρκωμένην,
3326 4496 3403 4559 ὡς
3423 4496 3515 4550 τὸν
3545 4497 3649 4550 αὐ-

382 4591 579 4647 uatura
609 4579 960 4633 iucarnatum
983 4578 1203 4633 docens.

458 4776 585 4832 Haec
607 4786 663 4832 et
686 4778 772 4833 his
799 4777 1025 4843 similia,
1047 4788 1337 4849 postquam
1377 4792 1477 4848 pro
1501 4780 1650 4835 vocis
1676 4782 1962 4851 proposita

383 4871 701 4925 defensione
766 4870 944 4938 dixit,
1002 4872 1350 4941 ostenditque
1414 4873 1602 4927 eadem
1664 4887 1694 4927 a
1756 4874 1965 4944 synodo

386 4960 811 5016 Chalcedonensi
851 4961 1092 5029 iudicata
1135 4976 1191 5017 et
1214 4965 1529 5033 prmlicata,
1568 4978 1691 5019 cum
1719 4978 1818 5034 per
1837 4963 1966 5029 alia,

391 5065 501 5106 tum
548 5067 615 5107 ex
666 5053 731 5106 iis
781 5054 978 5123 quibus
1002 5058 1241 5125 synodus
1264 5056 1440 5111 sancti
1479 5054 1723 5111 Flaviani
1753 5057 1965 5128 proles-

387 5145 597 5199 siuuem
631 5143 757 5201 ﬁdei
786 5146 956 5216 ipsius
980 5163 1140 5201 ntanu
1165 5149 1423 5218 scriptam
1455 5150 1819 5216 conﬁrmavit,
1846 5150 1965 5204 vin-

387 5238 541 5291 dicat
591 5252 778 5293 vocem
840 5236 960 5308 [seu
1016 5239 1300 5293 formulam
1353 5241 1498 5295 illam
1562 5240 1840 5314 Ecclesiae]
1897 5242 1965 5298 ab

385 5332 657 5388 haereseos
726 5334 1070 5403 Suspicione;
1103 5335 1451 5403 vindicatque
1500 5340 1735 5406 seipsum
1771 5354 1799 5391 a
1859 5354 1965 5392 non

2064 4581 2154 4633 τὸν
2191 4580 2286 4634 τοῦ
2338 4580 2551 4653 Πατρὸς
2614 4583 2941 4653 προαιιῦνιον
2996 4585 3169 4653 Λόγον
3220 4586 3649 4658 ὲνανθρωπῆσαι

2065 4672 2533 4745 καὶςσαρκωθῆναι
2549 4673 2971 4745 δογματίζουσα.

2136 4788 2324 4843 Ταῦτα
2352 4788 2446 4842 καὶ
2474 4788 2701 4843 τοιαῦτα
2728 4788 2775 4821 ³⁸
2805 4789 2950 4860 ὑπὲρ
2987 4790 3084 4860 τῆς
3117 4793 3489 4863 προκειμένης
3520 4793 3655 4847 ἀπο-

2066 4879 2437 4951 λογησάμενος
2485 4880 2701 4948 φωνῆς,
2741 4880 2833 4933 καὶ
2870 4881 2938 4934 τὰ
2987 4882 3126 4935 αὐτὰ
3167 4883 3268 4951 τὴν
3320 4884 3376 4936 ἐν
3430 4884 3655 4954 Καλχη-

2065 4973 2174 5027 δόνι
2200 4973 2245 5005 ³⁸
2281 4971 2497 5026 σύνοδον
2534 4970 2842 5042 φρονοῦσαν
2874 4988 2933 5024 τε
2983 4973 3078 5026 καὶ
3112 4972 3487 5042 κηρύττουσαν
3530 4976 3659 5026 ἑπι-

2066 5063 2380 5134 δειξὰμενος
2404 5063 2491 5117 διά
2539 5079 2599 5115 τε
2643 5061 2829 5116 ἄλλων
2865 5063 2962 5116 καὶ
3019 5062 3077 5129 ἐξ
3123 5056 3198 5116 ὧν
3232 5063 3324 5117 τοῦ
3367 5066 3425 5116 ὲν
3476 5066 3659 5133 ἁγίοις

2068 5155 2372 5209 Φλαδιανοῦ
2406 5154 2688 5225 ἱδιόχειρον
2725 5155 2910 5208 πίστιν
2956 5154 3397 5222 ἀναγνωσθεῖσαν
3446 5157 3479 5225 ὴ
3530 5156 3661 5208 σύν·

2072 5246 2189 5308 οδος
2219 5244 2342 5318 [461
2383 5244 2475 5317 ll.]
2503 5244 2879 5314 ἐπεκύρωσεν,
2914 5244 3250 5299 ἀπαλλάττει
3286 5246 3386 5315 μὲν
3422 5244 3521 5315 τὴν
3547 5263 3663 5315 φω·

2074 5340 2171 5409 νὴν
2195 5337 2477 5408 αἱρετικῆς
2508 5336 2853 5408 ὑπολήψεως,
2889 5336 3221 5391 ἀπαλλάττει
3243 5336 3298 5390 δὲ
3326 5337 3421 5390 καὶ
3458 5338 3653 5391 ἑαυτὸν

1664 5496 1901 5552 νΛΒΙΑΞ
1948 5496 2352 5553 LECTIONES.

464 5626 506 5658 ⁸⁸
537 5628 856 5700 ἀδιαιρέτως
901 5648 961 5695 ς.

376 5766 481 5847 ,τοῦ
509 5768 682 5842 Λόγου
720 5787 779 5833 ς.
894 5774 939 5805 ³³
965 5773 1057 5826 καὶ
1090 5775 1157 5827 τὰ
1188 5790 1236 5825 τ.
1264 5789 1326 5837 ς,
1437 5774 1483 5806 ³⁸
1510 5772 1683 5827 Χαλκ.
1712 5774 1772 5826 Β.

1040 5636 1085 5665 ιθ
1117 5632 1277 5705 αὐτῷ
1308 5646 1449 5686 corr.
1483 5632 1523 5684 A
1560 5650 1574 5685 :
1608 5633 1741 5705 αύτό
1772 5651 1835 5697 ς.
1910 5635 1957 5665 ’θ
1990 5634 2078 5705 ...]
2112 5634 2164 5688 in
2202 5650 2284 5701 pr.
2314 5635 2355 5686 Α
2384 5633 2572 5688 lacuna
2608 5644 2710 5698 est,
2739 5649 2860 5704 quae
2891 5649 2995 5688 non
3032 5643 3141 5705 tota
3164 5630 3653 5705 impleturjuscri—

386 5709 478 5769 pio
504 5710 684 5769 postea
727 5700 1024 5756 Σούκενσον
1060 5719 1072 5731 ·
1112 5701 1414 5756 Ξούκενσον
1451 5716 1613 5756 etiam
1642 5703 1684 5754 Β
1711 5714 1767 5757 ct
1790 5719 1935 5760 corr.
1962 5706 2003 5758 C
2042 5700 2139 5758 ς’σε
2172 5700 2234 5768 ς.
2310 5707 2351 5737 ²¹
2384 5704 2447 5758 αῖ
2473 5708 2519 5759 A
2551 5722 2563 5758 :
2591 5706 2683 5757 καί
2712 5700 2772 5769 gl

2864 5706 2909 5737 "
2940 5702 3204 5771 προθεῖσα
3237 5699 3299 5753 Β.
3408 5700 3454 5732 ⁸³
3489 5704 3652 5772 φύσις
