3964 6246
323 270 455 339 1073

1352 286 1879 350 BIBLIOTHECA.
1923 314 1989 326 -··
2030 291 2194 353 COD.
2234 292 2512 354 CCXXX.

3432 275 3570 345 1014

320 390 415 444 οὐκ
469 389 704 460 εὐαγοῧς
755 391 1036 459 ὑπονοίας,
1072 394 1139 467 ἢν
1187 396 1316 467 περὶ
1368 398 1534 453 αὐτοῦ
1567 400 1612 433 ’⁸
1645 402 1674 453 6
1722 404 1894 471 Δομε-

2007 402 2207 459 ιίιιοειιε
2253 404 2533 473 opinione,
2567 413 2730 469 quam
2768 396 2843 452 illi
2893 392 3240 451 Domitianus
3268 391 3571 460 suspiciose

320 480 497 545 τιανδς
540 480 877 548 ὑπετόπαζε,
916 484 1157 555 νομίζων
1203 488 1365 543 αὑτὸν
1394 491 1455 543 οὐ
1498 492 1641 546 κατὰ
1668 492 1897 565 γνώμην

321 571 623 626 ἐνδιάθετον
660 573 759 646 τὴν
810 575 1071 646 τοιαύτην
1118 578 1449 635 οἰκειοῦσθαι
1500 582 1596 636 καὶ
1635 583 1897 655 προάγειν

323 665 525 734 φωνὴν,
564 664 623 732 ἐξ
674 667 988 739 οἰκονομίας
1018 669 1096 735 δὲ,
1135 672 1229 726 καὶ
1257 671 1401 727 ὥστε
1451 674 1519 729 δι’
1569 676 1739 747 αὐτῆς
1770 679 1897 743 τοὺς

321 756 593 823 ἀκροατὰς
642 757 970 829 εὐμηχάνως
1007 760 1164 830 ἄγειν
1207 763 1345 833 πρὸς
1374 765 1619 837 ἑνότητα,
1668 768 1765 823 καὶ
1797 768 1898 834 τὰς

322 846 624 916 προφάσεις
662 851 1019 921 περικόπτειν
1056 855 1165 909 τῶν
1194 856 1292 925 τῆς
1330 856 1629 928 καθολικῆς
1664 860 1897 931 Ἐκκλη-

323 938 440 1002 σίας
480 938 838 997 διαστάσεων.
869 944 1057 1001 Ταῦτα
1080 948 1175 1001 καὶ
1210 946 1436 1003 τοιαῦτα
1473 950 1638 1021 ἔτερα
1666 953 1900 1008 ἐπιστεί-

320 1029 439 1096 λας,
469 1030 616 1103 άπερ
651 1034 754 1087 κάν
802 1037 918 1099 τοῖς
947 1037 1283 1108 προλαϐοῦσι
1316 1040 1499 1109 λόγοις
1534 1042 1896 1116 διεξελήλυθε,

320 1121 413 1174 καὶ
442 1122 645 1194 θερμὸν
678 1125 869 1180 ἑαυτὸν
898 1128 997 1200 τῆς
1036 1147 1097 1183 τε
1131 1132 1273 1185 κατὰ
1310 1133 1633 1206 Καλχηδόνα
1676 1138 1896 1194 συνόδου

320 1211 601 1283 πρόμαχον
626 1215 719 1267 καὶ
757 1216 859 1283 τῆς
899 1216 994 1269 τοῦ
1043 1219 1102 1273 ὲν
1136 1220 1312 1287 ἁγίοις
1338 1221 1497 1275 πάπα
1528 1222 1753 1286 Λέοντος
1778 1225 1899 1278 ἐπι-

320 1298 514 1368 στολῆς
541 1300 628 1355 διὰ
663 1301 895 1371 πολλῶν,
930 1297 1114 1378 ὧνπερ
1158 1307 1426 1380 διαφόρως
1454 1309 1682 1382 ἔγραψε,
1714 1330 1897 1386 παρα-

320 1394 679 1464 στησάμενος,
705 1394 877 1467 πέρας
904 1397 1273 1470 τῷγράμματι
1308 1402 1640 1472 ἐπιτίθησιν.

388 1482 597 1553 Γράφει
624 1484 681 1539 δὲ
710 1488 737 1539 6
767 1487 930 1552 αὐτὸς
957 1487 1242 1555 Θεσπέσιος
1285 1492 1423 1565 ἀνὴρ
1458 1493 1554 1546 καὶ
1594 1495 1732 1567 πρὸς
1759 1498 1897 1568 Χρι-

319 1578 582 1647 στοφόρον
609 1580 753 1644 τινὰ,
788 1581 848 1635 ὃν
881 1583 1043 1648 αὐτὸς
1075 1584 1369 1639 ὁσιώτατον
1415 1588 1734 1661 ἐπιγράφει,
1761 1608 1898 1664 γρα-

318 1668 497 1737 φικῶν
530 1672 852 1742 ἐρωτήσεων
886 1674 1256 1746 αἰτησάμενον
1281 1677 1485 1742 λύσεις.
1520 1680 1602 1733 Τά
1647 1682 1704 1736 δὲ
1747 1684 1897 1754 ἡρω-

316 1759 536 1828 τημένα
591 1760 711 1814 ἐστὶ
746 1762 965 1832 πρῶτον
1000 1765 1117 1835 μὲν,
1154 1766 1279 1828 Πῶς
1310 1767 1390 1821 δεῖ
1443 1771 1585 1823 νοεῖν
1615 1773 1679 1824 τὺ
1723 1753 1799 1825 ἐνί
1832 1775 1898 1845 τῇ
1931 1753 1974 1813 Β

315 1848 548 1921 δευτέρᾳ
568 1850 616 1883 ⁸⁷
640 1850 750 1905 τῶν
780 1854 1079 1913 Βασιλειῶν
1124 1858 1416 1929 εἰρημένον
1436 1876 1449 1890 ⁸
1500 1862 1614 1916 Καὶ
1664 1863 1901 1920 ἐπέσει-

314 1956 433 1994 aer
464 1941 512 1972 ³⁸
560 1943 594 1996 ὁ
637 1943 784 2010 Θεὸς
826 1944 934 1998 τὸν
979 1946 1155 2001 Δαϐἰδ
1195 1950 1519 2021 ἀριθμῆσαι
1557 1955 1666 2010 τὸν
1706 1957 1898 2013 λαόν·

313 2033 409 2086 καὶ
434 2034 573 2104 μετὰ
603 2035 800 2091 ταῦτα’
825 2038 960 2093 Ὀτι
987 2041 1343 2111 ἠρίθμησεν,
1361 2045 1753 2119 ἠγανάκτησε
1769 2052 1899 2107 κατ’

312 2127 539 2195 αὑτοῦ;
578 2129 673 2183 καὶ
713 2130 1016 2195 ὲπιλύεται,
1048 2133 1131 2187 ὅτι
1154 2134 1286 2189 Θεὸν
1326 2137 1586 2204 πολλάκις
1615 2142 1650 2211 ἡ
1684 2142 1901 2215 Γραφὴ,

315 2218 512 2292 ὥσπερ
540 2222 634 2275 καὶ
676 2220 906 2295 Κύριον,
941 2225 1002 2278 οὐ
1036 2225 1197 2295 μόνον
1236 2228 1329 2281 τὸν
1362 2228 1615 2294 ἀληθινὸν
1648 2234 1902 2305 ὀνομάζει

318 2309 479 2373 Θεὸν,
525 2310 661 2365 ἀλλά
694 2314 791 2367 καὶ
842 2312 1004 2368 αὑτὸν
1048 2315 1140 2369 τὸν
1185 2314 1285 2385 τῆς
1329 2319 1596 2390 πονηρίας
1644 2321 1899 2394 ἄρχοντα.

318 2404 449 2477 [876
482 2403 573 2478 8.]
610 2406 770 2462 Κατὰ
814 2407 975 2461 τοῦτο
1004 2409 1113 2481 γὰρ
1152 2409 1215 2463 τὸ
1260 2413 1658 2485 σημαινόμενον
1689 2418 1784 2471 καὶ
1812 2419 1903 2474 τὸν

314 2498 534 2553 Παῦλον
564 2500 731 2570 φάναι
750 2515 766 2531 ³
808 2501 911 2555 Ἐν
942 2495 1034 2568 οἷς
1062 2503 1097 2556 δ
1135 2500 1281 2568 Θεὸς
1306 2505 1413 2559 τοῦ
1436 2505 1651 2575 αἰῶνος
1683 2512 1902 2569 τούτου

309 2592 632 2660 ἐτύφλωσε
668 2594 777 2661 τὰς
807 2594 1057 2664 καρδίας
1102 2594 1221 2650 τῶν
1246 2596 1538 2653 ἀπίστων.
1584 2602 1693 2656 Καὶ
1722 2606 1751 2657 6
1791 2605 1902 2660 Σω-

308 2688 378 2759 τή
389 2705 421 2758 ρ
443 2703 458 2717 ο
484 2690 566 2743 Οὐ
594 2687 861 2745 δύνασθε
891 2689 1035 2745 δυσί
1072 2692 1301 2759 κυρίοις
1323 2690 1656 2763 δουλεύειν.
1688 2696 1779 2757 Διὸ
1806 2697 1902 2761 καὶ

310 2783 371 2833 ἐν
406 2784 475 2853 τῇ
524 2780 717 2855 πρώτη
750 2782 861 2838 τῶν
890 2785 1392 2856 Παραλειπομένων
1419 2788 1904 2860 ἀπαρακαλύπτως

309 2872 404 2926 τὸν
444 2872 693 2927 διάϐολον
740 2874 887 2944 λέγει
936 2877 1029 2930 τὸν
1064 2877 1420 2934 ὲπισείσαντα
1446 2880 1539 2933 τὸν
1582 2881 1748 2935 Δαϐὶδ
1780 2883 1905 2955 ἀρι-

309 2958 530 3032 θμῆσαι
559 2961 652 3015 τὸν
679 2961 828 3015 λαόν.
858 2964 1008 3035 Πλὴν
1043 2965 1138 3018 καὶ
1167 2965 1229 3018 τὸ
1252 2966 1383 3037 παρ’
1411 2968 1543 3037 ἡμῖν
1566 2968 1903 3039 ἀντίγραφον

1998 495 2291 563 obiecerat,
2326 493 2469 564 quod
2503 492 2841 547 existimaret
2881 499 3076 543 vocem
3123 483 3284 539 talem
3320 498 3431 539 non
3457 480 3572 535 sin-

1998 601 2123 641 cere
2145 599 2210 639 ex
2245 585 2425 640 animo
2461 584 2531 640 ab
2574 598 2642 638 eo
2680 579 2929 649 usurpari
2967 587 3027 633 et
3053 576 3302 646 proponi,
3332 574 3430 631 sed
3456 572 3571 625 dis-

2000 678 2318 748 pensatione
2347 677 2603 747 quaclam,
2635 684 2695 729 ut
2728 689 2824 744 per
2850 686 2972 727 eam
3000 670 3275 725 auditores
3310 666 3455 721 nullo
3481 680 3574 720 ne—

1999 772 2148 842 gotio
2180 770 2249 825 ad
2290 770 2558 824 unitatem
2595 775 2894 829 revocaret,
2930 776 3235 831 causasque
3273 758 3573 814 dissensio-

2001 876 2129 916 num
2161 860 2231 915 ab
2266 858 2506 915 Ecclesia
2535 857 2803 912 catholica
2840 853 3179 925 praecideret.
3213 849 3341 906 Haec
3376 858 3432 902 et
3471 849 3575 901 hoc

1999 967 2169 1021 genus
2196 952 2302 1007 alia
2327 966 2449 1007 cum
2488 948 2897 1020 perscripsisset
2923 946 3075 1019 (quae
3095 953 3153 999 et
3186 943 3239 996 in
3274 940 3574 1011 superiori-

1999 1047 2101 1103 bus
2132 1045 2287 1101 libris
2314 1041 2659 1114 exposuerat)
2690 1049 2745 1096 et
2788 1053 2911 1094 sese
2954 1036 3234 1093 ardentem
3280 1030 3579 1087 Chalcedo—

1986 1139 2184 1195 nensis
2215 1137 2430 1209 synodi,
2463 1146 2628 1206 atque
2665 1133 2840 1190 sancti
2889 1129 3087 1187 Leonis
3134 1141 3290 1199 papae
3335 1122 3578 1194 epistolas

2000 1231 2188 1287 multis
2215 1246 2279 1287 ac
2320 1229 2490 1291 variis
2525 1227 2747 1297 scriptis
2786 1231 3250 1294 propugnatorem
3300 1216 3580 1275 exhibuis-

1999 1329 2105 1385 set,
2134 1318 2382 1391 epistola
2402 1318 2565 1373 linem
2589 1314 2869 1385 imposuit.

2071 1497 2277 1555 Scribit
2318 1497 2465 1554 idem
2513 1492 2854 1550 venerandus
2891 1491 2977 1545 vir
3011 1488 3077 1547 ad
3117 1485 3578 1555 Christophorum

1998 1588 2313 1661 quemdam.
2338 1602 2501 1658 quem
2528 1587 2644 1655 ipse
2669 1582 3075 1641 sanctissimum
3124 1579 3178 1634 in
3224 1577 3590 1647 inscriptione

1998 1685 2303 1739 litterarum
2340 1678 2611 1751 appellat,
2653 1677 2855 1748 282a
2895 1683 3119 1744 rogatus
3167 1671 3237 1727 ab
3301 1684 3368 1727 eo
3415 1676 3476 1723 ut
3512 1667 3582 1724 ad

2001 1776 2266 1847 quasdam
2309 1788 2378 1830 ex
2421 1772 2595 1829 sacris
2627 1770 2853 1827 Litteris
2881 1766 3252 1829 dubitationes
3282 1762 3594 1833 respondes

2003 1881 2107 1925 ret.
2132 1868 2475 1936 Quaestiones
2506 1879 2669 1936 porro
2691 1865 2773 1921 ha:
2807 1870 2933 1917 sunt
2958 1877 2971 1915 :
2997 1858 3068 1923 Et
3101 1858 3225 1926 fecit
3249 1855 3387 1910 Deus
3412 1852 3581 1908 David

2000 1975 2280 2023 numerare
2324 1956 2633 2028 populumc.
2679 1954 2749 2010 Et
2799 1951 2942 2008 infra
2982 1965 3000 2007 :
3050 1950 3197 2018 Quia
3256 1946 3574 2013 numeravit,

2001 2053 2307 2122 indignatus
2344 2058 2422 2105 est
2445 2058 2631 2103 contra
2662 2062 2778 2102 sum
2801 2044 2852 2099 ἀ.
2881 2041 3195 2113 Respondet
3219 2039 3500 2110 Eulogius,
3526 2038 3585 2094 in

2003 2144 2202 2201 divinis
2252 2141 2475 2198 Litteris
2546 2140 2715 2195 Deum
2779 2133 3233 2207 quemadmodum
3293 2140 3349 2188 et
3402 2129 3587 2187 Domi-

2004 2254 2132 2295 num
2160 2252 2267 2293 non
2296 2233 2471 2291 solum
2504 2247 2692 2288 verum
2722 2231 2914 2293 Deum,
2939 2226 3033 2282 sed
3070 2225 3233 2281 etiam
3266 2224 3433 2294 ipsius
3455 2221 3597 2278 malit

2003 2329 2303 2401 principem
2331 2324 2621 2381 nominari.
2647 2325 2706 2377 ιιι
2731 2324 2833 2378 hoc
2860 2319 3139 2377 intellectu
3183 2316 3383 2373 Paulus
3403 2314 3581 2370 dixit:

2003 2422 2073 2478 In
2104 2421 2290 2492 quibus
2329 2417 2473 2473 Deus
2509 2416 2666 2486 hujus
2706 2414 2892 2471 surculi
2925 2412 3206 2470 excreuerit
3244 2418 3440 2465 mentes
3496 2408 3587 2461 its-

2002 2512 2289 2580 ﬁdelium'.
2321 2509 2388 2563 Et
2410 2508 2663 2564 Salvator
2694 2504 2906 2561 :Nsmo
2920 2513 3086 2572 potest
3112 2502 3316 2559 duobus
3355 2499 3601 2561 dominis.

2003 2602 2250 2662 seruire‘.
2281 2602 2420 2659 Hinc
2459 2606 2513 2659 in
2544 2601 2721 2672 primo
2749 2598 3205 2669 Paralipomenon
3235 2604 3427 2664 aperte
3453 2593 3588 2648 dicit

2005 2697 2264 2754 Davidem
2307 2711 2339 2752 a
2373 2694 2582 2752 Satana
2633 2692 2918 2749 incitatum
2967 2689 3135 2746 fuisse
3175 2697 3234 2742 ut
3277 2695 3597 2741 numeraret

2005 2789 2310 2860 populum:
2362 2787 2467 2843 nisi
2530 2786 2674 2856 quod
2725 2793 2973 2845 nostrum
3021 2779 3302 2849 exemplar
3344 2794 3469 2835 cum
3520 2793 3589 2830 eo

2000 2883 2148 2952 quod
2171 2894 2200 2934 a
2232 2889 2285 2935 te
2309 2879 2537 2937 missum
2560 2884 2665 2942 est,
2687 2890 2796 2932 non
2818 2872 3094 2932 convenit.
3114 2872 3191 2928 ita
3213 2871 3357 2926 enim
3386 2869 3583 2927 habet:

2004 2972 2077 3028 Et
2104 2971 2316 3033 addidit
2341 2971 2494 3041 furor
2536 2968 2749 3031 Domini
2766 2966 2929 3023 irasci
2960 2975 3144 3021 contra
3194 2962 3514 3025 Jerusalem,
3537 2969 3589 3017 et

306 3055 511 3161 ούχὼς
541 3056 604 3110 τὸ
631 3057 941 3111 ἁποσταλὲν
972 3056 1124 3128 παρὰ
1156 3057 1251 3111 σοῦ
1281 3058 1550 3131 περιέχει.
1578 3060 1733 3131 Ἔχει
1759 3061 1899 3132 γάρ·

2007 3064 2279 3125 commovit
2307 3062 2479 3118 David
2503 3061 2561 3116 in
2583 3061 2718 3130 ipsis
2740 3068 2788 3127 ε,
2825 3068 2882 3115 et
2912 3072 3035 3129 quae
3065 3048 3389 3125 sequuntur.
3426 3053 3501 3107 Ita
3530 3060 3603 3111 ut

306 3146 427 3202 Καὶ
446 3147 778 3216 προσέθετο
799 3148 946 3220 ὀργὴ
966 3151 1011 3183 ’θ
1038 3151 1261 3217 Κυρίου
1282 3150 1573 3220 ἐκκαῆναι
1590 3151 1661 3207 ἐν
1687 3152 1903 3222 Ἱερου-
1930 3146 1939 3181 Ὗ

305 3240 550 3310 σαλὴμ,
599 3242 697 3296 καὶ
741 3241 1026 3296 ἐπέσεισε
1073 3242 1178 3296 τὸν
1219 3242 1398 3297 Δαϐὶδ
1444 3244 1516 3298 ἐν
1546 3243 1775 3311 αὐτοῖς,
1810 3246 1905 3300 καὶ

304 3332 466 3400 ἑξῆς,
498 3332 574 3397 ὡς
602 3334 779 3387 δοκεῖν
811 3352 929 3398 πως
957 3333 1129 3405 ὀργὴν
1160 3332 1395 3389 ἐνταῦθα
1423 3335 1679 3399 λέγεσθαι
1696 3334 1905 3409 Κυρίου

304 3427 403 3478 τὸν
438 3425 730 3498 εἰρημένον
769 3426 827 3479 ἒν
857 3425 1372 3499 Παραλειπομέναις
1398 3426 1670 3483 διάϐολον.
1694 3428 1820 3482 Εἴτε
1847 3428 1907 3485 δὲ

305 3515 522 3580 οὕτως,
556 3517 666 3570 εἴτε
693 3518 768 3581 ὼς
790 3517 1076 3589 γέγραφας
1112 3517 1225 3589 ἔχει
1255 3517 1316 3571 τὸ
1349 3517 1537 3589 ῥητὸν,
1567 3515 1723 3590 οἶμαι
1748 3536 1908 3589 φανε-

311 3608 429 3680 ρῶς
452 3609 551 3681 τὴν
580 3610 733 3664 λύσιν
762 3610 1132 3682 άναμφίόολον
1167 3610 1471 3683 προελθεῖν.
1499 3612 1623 3667 Ὄτι
1652 3611 1710 3666 δὲ
1759 3611 1909 3684 ὀμώο

304 3718 486 3771 νυμον
514 3701 609 3755 καὶ
638 3701 698 3755 τὸ
726 3702 944 3772 Κύριος
968 3701 1063 3755 καὶ
1088 3701 1149 3754 τὸ
1183 3701 1347 3768 Θεὸς,
1378 3701 1474 3755 καὶ
1504 3701 1602 3773 (ὡς
1624 3701 1835 3775 ὲρῤήθη
1860 3703 1907 3738 ³⁸

306 3793 605 3865 πολλάκις)
636 3793 733 3847 καί
771 3793 816 3825 ³³
856 3793 951 3848 ἐπὶ
982 3791 1080 3847 τοῦ
1119 3790 1500 3864 ἀντικειμένου
1543 3793 1911 3866 παραλαμϐάρ

304 3902 470 3940 νεται
503 3889 571 3957 τῇ
620 3886 744 3958 ἱερᾷ
770 3886 988 3957 Γραφῇ,
1019 3887 1238 3957 εἰρηται
1271 3884 1396 3955 μὲν,
1429 3884 1582 3940 οὐδὲν
1622 3885 1679 3941 δὲ
1707 3885 1909 3942 κωλύει

305 3979 410 4033 καὶ
431 3978 498 4031 δι’
531 3977 733 4049 ἐτέρων
762 3978 805 4010 ³³
831 3976 1230 4041 πιστώσασθαι.
1266 3979 1356 4031 Ἐν
1385 3978 1494 4051 γὰρ
1522 3980 1589 4051 τῇ
1618 3976 1911 4050 νομοθεσίᾳ

305 4072 378 4141 τῇ
413 4068 549 4140 περί
581 4068 677 4122 τοῦ
714 4069 930 4140 Πάσχα,
973 4069 1113 4139 μετὰ
1146 4069 1207 4122 τὸ
1235 4071 1421 4140 χρῖσαι
1454 4068 1532 4139 τῷ
1573 4068 1771 4140 αἵματι
1809 4068 1911 4142 τὴν

306 4161 482 4231 φλιάν
526 4161 622 4215 καὶ
666 4161 792 4223 τοὺς
833 4160 1109 4233 σταθμούς
1134 4176 1147 4190 ·
1193 4160 1380 4231 Ὑμεῖς
1408 4159 1476 4214 δὲ
1508 4162 1621 4215 οὐκ
1663 4160 1911 4227 ἐξελεύ-

304 4257 543 4319 σεσθε,
597 4255 800 4325 φησιν,
855 4253 1115 4318 ἕκαστος
1160 4252 1278 4319 τὴν
1343 4251 1531 4322 θύραν
1572 4250 1761 4317 αὐτοῦ
1799 4250 1910 4320 ἕως

304 4343 488 4408 πρωῒ,
538 4344 638 4397 καὶ
698 4344 1139 4411 παρελεύσεται
1195 4342 1412 4409 Κύριος
1456 4341 1717 4407 πατάξαι
1768 4341 1913 4408 τοὺς

2009 3160 2257 3217 videatur
2293 3160 2344 3216 is
2372 3157 2465 3228 qui
2498 3157 2679 3215 dictus
2710 3164 2797 3212 est
2829 3154 2884 3211 in
2921 3149 3352 3221 Paralipomenis
3396 3148 3597 3202 diabo-t

2008 3253 2114 3317 ius,
2138 3252 2231 3308 hic
2265 3252 2350 3306 ira
2374 3249 2591 3307 Domini
2613 3246 2895 3318 appellari.
2912 3245 3100 3313 Atque
3129 3243 3242 3297 sive
3265 3240 3348 3297 sic
3376 3238 3461 3310 [ut
3489 3250 3591 3303 ego

2008 3345 2183 3418 lego],
2213 3346 2327 3401 sive
2347 3353 2405 3399 ut
2432 3353 2487 3399 tu
2518 3340 2810 3411 scripsisti,
2828 3338 3053 3394 selocus
3083 3335 3379 3404 Scriptura:
3402 3330 3585 3394 habet,

2007 3439 2264 3494 existimo
2293 3447 2475 3492 tamen
2506 3442 2712 3490 certam
2740 3439 3097 3502 apertamque
3121 3440 3245 3483 esse
3269 3421 3591 3495 quaestionis

2008 3528 2358 3585 solutionem.
2392 3525 2546 3593 Quod
2575 3539 2707 3597 ergo
2731 3538 2838 3581 vox
2881 3521 3165 3586 Dominus,
3199 3527 3256 3574 et
3275 3531 3379 3571 vox
3428 3513 3592 3577 Deus,

2010 3621 2065 3676 in
2114 3633 2270 3674 sacra
2324 3616 2611 3687 Scriptura
2657 3617 2953 3685 arquivoca
2990 3614 3082 3677 sit,
3136 3611 3436 3678 eademque
3493 3604 3596 3677 (uti

2012 3726 2158 3782 sepe
2187 3711 2392 3767 dictum
2419 3710 2529 3781 est)
2560 3710 2613 3763 in
2647 3707 2985 3765 contrarium
3018 3719 3238 3761 sensum
3271 3700 3594 3770 accipiatur,

2009 3802 2340 3873 explicatum
2364 3810 2470 3858 est.
2497 3799 2645 3856 Nihil
2671 3809 2853 3856 tamen
2879 3799 3082 3862 obstat,
3110 3793 3401 3864 quominus
3425 3790 3595 3845 etiam

2010 3894 2178 3953 alium
2244 3894 2371 3951 inde
2423 3892 2603 3948 locum
2666 3891 2897 3947 similem
2926 3889 3244 3955 ﬁrmemus.
3281 3883 3493 3939 Etenim
3541 3880 3603 3936 in

2010 3986 2130 4058 lege
2159 3987 2227 4041 de
2259 3984 2525 4042 Paschate
2560 3982 2889 4041 celebrando
2932 3980 3048 4035 lata
3091 3978 3403 4051 [postquam
3429 3970 3607 4044 dixit].

2010 4079 2320 4149 ungendum
2346 4076 2611 4147 sanguine
2632 4072 3055 4146 superliminare
3096 4079 3151 4127 et
3175 4078 3361 4140 postes
3402 4084 3415 4122 :
3460 4063 3590 4130 Vos,

2011 4170 2208 4241 inquit,
2239 4186 2347 4224 non
2393 4169 2774 4241 aggrediemini
2792 4166 3146 4236 unusquisque
3184 4163 3412 4232 januam
3443 4172 3596 4212 suam

2012 4280 2170 4334 usque
2195 4279 2349 4319 mane
2370 4305 2388 4331 ,
2436 4272 2483 4315 et
2512 4260 2755 4315 transibit
2799 4257 3059 4313 Dominus
3098 4254 3393 4324 percutiens
3424 4249 3599 4319 {Egy-

2013 4358 2151 4425 ptios
2172 4395 2188 4421 ,
2214 4366 2261 4410 et
2279 4354 2467 4409 videbit
2484 4352 2793 4423 sanguinem
2816 4351 2873 4403 in
2895 4346 3289 4417 superliminari
3309 4343 3429 4399 etin
3451 4354 3601 4396 utra-

300 4435 707 4503 Αἰγυπτίους,
747 4436 846 4489 καὶ
898 4434 1110 4506 ὄψεται
1153 4433 1219 4487 τὸ
1260 4430 1404 4503 αἷμα
1447 4432 1547 4487 ἐπὶ
1576 4432 1690 4503 τῆς
1728 4434 1904 4504 φλιᾶς

2020 4465 2121 4520 que
2150 4456 2320 4518 poste,
2360 4456 2411 4501 et
2454 4443 2795 4515 pertransibit
2841 4440 3105 4495 Dominus
3146 4439 3361 4501 ostium,
3388 4444 3455 4501 et
3496 4450 3600 4487 non

305 4526 421 4580 καὶ
451 4528 548 4581 ἐπ’
577 4526 929 4596 ἀμφοτέρων
976 4525 1098 4580 τῶν
1140 4524 1442 4597 σταθμῷν,
1481 4525 1584 4582 καὶ
1612 4527 1906 4596 παρελεύ-

306 4638 495 4676 σεται
540 4621 758 4688 Κύριος
803 4618 921 4686 τὴν
970 4619 1179 4687 θύραν,
1212 4618 1311 4672 καὶ
1362 4618 1477 4673 οὐκ
1535 4617 1761 4688 ἀφήσει
1801 4617 1911 4674 τὸν

302 4712 724 4781 ὀλοθρεύοντα
755 4710 1056 4766 εἰσελθεῖν
1088 4712 1176 4779 εις
1212 4709 1322 4778 τὰς
1360 4708 1557 4778 οἰκίας
1583 4708 1755 4781 ὑμῶν
1793 4726 1911 4766 πα-

300 4807 521 4872 τάξαι.
551 4806 721 4876 Δῆλον
765 4804 877 4878 γάρ
916 4806 993 4870 ὼς
1047 4804 1207 4869 ἄλλος
1239 4803 1445 4876 Κύριος
1478 4804 1538 4858 ὃν
1573 4804 1723 4873 λέγει
1770 4822 1913 4877 παρ·

302 4898 643 4954 ελεύαεσθαι
674 4900 772 4952 καὶ
803 4899 932 4963 τοὺς
966 4897 1299 4967 Αἰγυπτίους
1330 4895 1592 4965 πατάξαι,
1622 4898 1717 4951 καὶ
1755 4896 1913 4963 ἄλλος

301 4995 334 5046 6
378 4992 461 5063 μὴ
511 4991 815 5062 συγχωρῶν
853 4991 947 5045 τὸν
999 4989 1362 5061 ὀλοθρεύοντα
1398 4990 1661 5044 εἰσελθεῖν
1694 4993 1774 5055 εἰς
1814 4992 1912 5056 τὰς

299 5086 434 5141 τῶν
473 5087 830 5157 Ἰσραηλιτῶν
862 5086 1041 5150 οἰκίας
1074 5087 1171 5139 καὶ
1206 5084 1445 5152 πατάξαι
1476 5085 1697 5150 αὐτούς.
1724 5087 1914 5142 Τοιοῦ-

300 5195 412 5232 τον
435 5177 494 5230 δέ
522 5179 638 5230 ἐστι
670 5177 764 5231 καὶ
783 5176 846 5230 τὸ
875 5177 1006 5249 περὶ
1037 5174 1133 5230 τοῦ
1161 5175 1393 5248 Βαλαὰμ
1414 5178 1724 5248 εἰρημένον.
1751 5179 1914 5248 Λέγει

298 5269 431 5341 γὰρ
455 5271 488 5338 ἡ
519 5267 714 5341 Γραφὴ
746 5268 1039 5341 ἐπιτρέψαι
1069 5268 1171 5341 μὲν
1195 5268 1347 5341 αὐτῷ
1371 5269 1462 5323 τὸν
1486 5269 1620 5325 Θεὸν
1649 5271 1906 5326 ἀπελθεῖν

2014 4542 2150 4595 sinet
2187 4552 2544 4606 percussorem
2589 4535 2797 4607 ingredi
2846 4534 3033 4587 domus
3072 4540 3265 4584 vestras
3308 4527 3377 4580 ad
3409 4541 3597 4595 percu:

2017 4630 2255 4687 tiendum
2277 4631 2329 4682 ιι.
2359 4629 2578 4685 Clarum
2616 4636 2702 4683 est
2736 4626 2903 4683 alium
2933 4638 3055 4680 esse
3090 4622 3400 4683 Dominum,
3439 4632 3607 4689 quem

2018 4724 2150 4779 dicit
2205 4722 2563 4777 transiturum
2617 4720 2686 4776 ad
2736 4716 3123 4790 percutiendos
3182 4712 3492 4786 Egyptios,
3549 4718 3606 4765 et

2020 4815 2185 4871 alium
2217 4814 2309 4883 qui
2358 4813 2642 4884 prohibeat
2694 4825 2764 4865 ne
2824 4808 3164 4885 ingrediatur
3218 4818 3509 4877 percussor
3549 4802 3604 4858 in

2020 4909 2210 4962 domos
2259 4904 2635 4962 Israelitarum
2671 4911 2727 4958 et
2762 4898 3038 4971 percutiat
3074 4898 3242 4969 ipsos.
3271 4894 3403 4950 Tale
3439 4895 3617 4949 etiam.

2020 5008 2106 5054 est
2134 4996 2264 5053 illud
2304 4999 2371 5052 de
2406 4996 2629 5049 Balaam
2665 4993 2928 5048 dictumi.
2957 4989 3100 5045 Dicit
3127 4988 3274 5044 enim
3311 4985 3600 5052 Scriptura

2020 5089 2339 5161 permisisse
2361 5087 2579 5159 quidem
2609 5085 2685 5139 illi
2712 5087 2880 5140 Deum
2907 5092 2966 5138 ut
2996 5083 3100 5136 iret
3128 5079 3195 5134 ad
3216 5093 3312 5133 eos
3342 5076 3432 5147 qui
3459 5074 3609 5127 illum

2022 5182 2321 5249 vocabant;
2357 5182 2554 5236 iratum
2592 5193 2725 5234 vero
2768 5178 2936 5233 Deum
2975 5172 3121 5246 quod
3163 5172 3612 5249 proficisceretur

2013 5275 2081 5329 ad
2108 5273 2247 5330 illos.
2283 5272 2350 5328 Et
2378 5272 2471 5327 hic
2498 5271 2664 5325 alium
2693 5267 2962 5326 insinuari
2992 5266 3073 5322 ait
3115 5265 3285 5319 Deum
3320 5261 3413 5332 qui
3459 5259 3612 5316 illum

373 5409 401 5436 ο
432 5398 907 5477 Il‘ﬂegtxxrvti.
969 5400 997 5442 ιι
1020 5400 1156 5457 Ibid.
1189 5400 1271 5477 2‘.“
1328 5410 1352 5440 ο
1374 5399 1422 5456 ΙΙ
1442 5399 1568 5456 Cor.
1592 5417 1667 5469 vr,
1698 5402 1753 5458 4.
1837 5403 1856 5442 τ
1886 5403 1904 5459 Ι

2007 5423 2153 5477 .xvr,
2174 5408 2263 5465 i5.
2344 5406 2416 5461 ει
2444 5406 2621 5464 Paral.
2641 5422 2757 5476 ut,
2789 5406 2845 5476 i;
2865 5404 2905 5461 ll
2926 5404 3228 5474 Reg.xxtv,
3248 5397 3301 5454 1.
3378 5394 3408 5435 ll
3433 5392 3608 5451 Exod.

303 5483 432 5535 xu,
479 5470 571 5533 ‘22,
605 5472 698 5527 23.
780 5472 998 5530 iNum.
1052 5487 1155 5536 xu,
1206 5471 1298 5527 20.

1604 5587 1845 5645 VARIIE
1886 5590 2181 5648 LECTION
2188 5590 2289 5647 ES.

396 5673 453 5706 "
472 5674 638 5759 αὐτού
670 5675 784 5759 θοι
817 5679 1031 5759 (ξονι-,Α
1072 5696 1091 5759 :_
1128 5678 1292 5759 αὐτόν
1328 5697 1400 5759 ςΖ
1465 5680 1511 5711 ³⁷
1541 5679 1686 5736 δευτ.
1715 5699 1763 5741 c.
1797 5683 1890 5741 24.
1967 5685 2014 5719 ³⁸
2035 5684 2319 5741 ὲπέσεισεν
2339 5684 2382 5741 Α
2405 5699 2418 5740 :
2442 5684 2702 5759 ἐποίησεν
2730 5701 2794 5750 ς.
2869 5682 2915 5717 ²⁹
2933 5679 3106 5753 ὀργήν
3134 5696 3199 5745 ς’.
3273 5671 3326 5705 ³⁸
3348 5668 3607 5744 £96019-

287 5746 365 5833 ἰι
402 5743 511 5829 καὶ.
538 5749 659 5801 add.
685 5749 750 5802 Α,
824 5748 872 5780 ⁸³
911 5748 978 5802 δι’
1007 5751 1208 5822 ἑτέρων
1240 5753 1284 5805 Α
1320 5743 1354 5808 ι’
1377 5750 1566 5822 ἕτερον
1593 5768 1655 5817 ς.
