3964 6246
324 191 459 259 107⁸1

1362 198 1892 261 BIBLIOTHECA.
1929 221 1997 235 -α
2025 199 2190 265 COD.
2229 202 2501 270 CCXXX.

3423 200 3561 267 1078

315 301 468 363 ὅπως
514 299 574 357 δὲ
621 298 763 380 πρρς
792 298 934 375 [465
964 301 1065 376 Η.]
1113 303 1386 377 ἀλλήλας,
1434 304 1530 359 καὶ
1575 304 1785 376 οὐδαμῆ
1832 301 1896 356 τδ

2010 306 2128 376 ηρείε
2156 311 2467 365 auctoribus
2491 319 2690 366 etcum
2713 310 2836 365 aliis
2856 308 3092 378 ejusdem
3117 316 3279 365 sectae
3299 319 3560 380 pugnent,

318 392 588 463 στάσιμον
623 375 746 448 οὑδὲ
773 395 834 448 τὸ
870 375 1071 465 πάγιον
1120 375 1357 468 ἔχουσιν,
1401 375 1804 467 ἀπογυμνώσας
1832 412 1895 449 τε

322 486 420 539 καὶ
448 486 941 559 άνακαλυψάμενος
964 490 1028 555 ⁸⁵,
1053 490 1118 545 ἐκ
1144 493 1246 563 τῆς
1278 491 1488 545 ἐκεῖθεν
1516 489 1747 552 ἀτοπίας
1766 489 1898 562 ὁρᾷν

318 577 525 641 αὑτοὺς
551 579 689 649 πρὸς
718 581 818 651 τὴν
845 580 1043 636 ἐνωσιν
1065 583 1168 653 τῆς
1207 582 1533 653 Ἐκκλησίας
1562 582 1896 638 ὑποτίθεται.

320 661 463 728 Τοὺς
507 664 607 737 μὲν
635 666 746 738 γὰρ
784 670 1023 741 παράγει
1055 670 1316 739 λέγοντας
1349 671 1618 737 σώζεσθαι
1649 672 1749 736 τὰς
1780 672 1894 725 δια-

322 757 499 827 φορὰς
530 759 674 829 μετά
722 760 823 831 τὴν
866 762 1083 828 ἐνωσιν,
1115 763 1306 836 ῶσπερ
1355 766 1450 818 καὶ
1481 765 1740 835 Σεόῆρον,
1772 767 1903 829 τοὺς

322 848 381 898 δὲ
404 847 673 912 σώζεσθαι
697 852 986 923 μηδαμῶς,
1012 852 1201 926 ὥσπερ
1227 855 1324 909 καὶ
1350 855 1611 925 Τιμόθεον
1634 858 1693 910 ἐν
1722 856 1902 921 ἄλλοις

321 946 386 991 τε
422 940 519 994 καὶ
553 942 612 994 ἐν
644 937 723 1005 οἷς
755 943 900 998 κατά
929 942 1024 997 τοῦ
1061 945 1119 998 ἐν
1159 946 1334 1014 ἁγίοις
1368 945 1696 1014 ἀγωνίζεται
1733 946 1901 1000 Λέον-

321 1045 436 1093 τος.
469 1032 546 1084 Οὐ
590 1034 750 1101 μόνον
792 1034 851 1086 δὲ
881 1034 1044 1100 αὑτὸς
1082 1036 1183 1090 οὑκ
1235 1036 1487 1106 ἀνέχεται
1527 1037 1694 1107 φάναι
1733 1036 1906 1103 edicta.

326 1121 476 1188 σθαι,
504 1123 642 1203 ἀλλά
680 1126 774 1179 καὶ
803 1126 1062 1191 ἀσεϐείας
1094 1127 1313 1199 ἐνόχους
1342 1129 1635 1199 ἀποφαίνει
1667 1130 1815 1196 τοὺς,
1847 1127 1905 1183 ετ

325 1230 475 1279 τινες
504 1216 777 1279 σώζεσθαι
812 1216 922 1271 τῶν
953 1220 1170 1288 φύσεων
1199 1220 1298 1290 τὴν
1338 1220 1605 1291 διαφορὰν
1635 1222 1773 1291 μετὰ
1803 1221 1904 1292 τὴν

327 1306 523 1361 ἕνωσιν
583 1308 1022 1377 δογματίζουσιν.
1078 1310 1243 1365 Ἀλλά
1287 1312 1382 1365 καὶ
1441 1311 1683 1382 Σεεῆρος
1742 1311 1908 1367 πάλιν

330 1395 601 1461 σώζεσθαι
636 1397 810 1466 λέγων
844 1399 942 1461 τάς
974 1399 1258 1471 διαφορὰς,
1292 1400 1363 1454 τὰ
1412 1402 1713 1471 πράγματα
1739 1397 1822 1465 οἷς
1866 1404 1903 1471 ἡ

327 1486 563 1557 διαφορά
585 1490 972 1560 ἐπιθεωρεῖται
998 1492 1059 1544 οὑ
1091 1489 1446 1561 συνομολογεῖ
1478 1491 1763 1556 σώζεσθαι.
1796 1494 1906 1547 Kal.

1998 414 2098 454 nec
2134 416 2359 471 usquam
2390 404 2685 474 quidquam
2725 404 2921 459 stabile
2949 410 3005 458 et
3035 401 3265 458 solidum
3307 401 3563 469 habeam,

1997 493 2244 561 aperiens
2289 494 2672 565 declaransque
2716 508 2784 551 ex
2839 495 3055 550 illorum
3111 494 3468 558 absurditate,
3518 494 3565 549 si

1999 582 2065 635 ad
2094 582 2346 639 Ecclesia
2376 585 2631 640 unionem
2664 584 2959 655 respiciant
2987 583 3247 639 ostendit.
3279 581 3390 637 Hos
3420 583 3565 637 enim

1999 672 2267 741 producit,
2303 680 2363 726 ut
2418 682 2723 728 asserentes
2763 672 3095 728 differentias
3152 681 3272 741 post
3309 656 3565 727 unionem

1998 765 2227 827 servari,
2282 763 2359 818 uti
2417 762 2717 832 Severum;
2776 765 2899 821 illos
2953 776 3139 819 antem
3198 772 3257 817 ut
3313 772 3568 832 negantes

2000 857 2231 921 servari,
2272 857 2349 911 uti
2371 856 2737 923 Timotheum,
2762 872 2882 912 cum
2908 858 2961 910 in
2987 856 3111 911 aliis
3134 854 3304 926 ipsius
3330 854 3567 922 scriptis,

2002 957 2116 1001 tum
2149 949 2201 1002 in
2229 948 2296 1004 iis
2328 948 2525 1020 quibus
2557 958 2804 1004 sanctum
2847 948 3079 1003 Leonem
3118 954 3411 1015 oppugnat.
3454 944 3571 1015 Ipse

2002 1054 2133 1095 vero
2167 1054 2271 1094 non
2305 1040 2476 1095 solum
2509 1041 2641 1094 dicit
2680 1054 2784 1093 non
2823 1039 3028 1093 servari
3077 1036 3431 1102 differentias,
3475 1035 3569 1090 sed

2003 1131 2166 1185 etiam
2203 1131 2495 1199 impietatis
2528 1145 2651 1185 reos
2683 1130 2894 1200 peragit
2924 1128 3046 1184 illos
3076 1128 3385 1197 quicunque
3415 1124 3567 1180 diﬁ‘e-

2005 1222 2208 1276 rentias
2244 1232 2365 1291 post
2395 1222 2647 1276 unionem
2688 1222 2895 1276 servari
2933 1221 3149 1275 docent.
3192 1220 3298 1274 Sed
3342 1216 3574 1273 Severus

2004 1328 2191 1368 rursus
2244 1314 2371 1367 dum
2418 1313 2575 1368 docet
2622 1312 2957 1366 diﬁ'erentias
2986 1310 3217 1373 servari,
3254 1324 3344 1364 res
3389 1317 3572 1363 tamen

2006 1407 2204 1476 quibus
2246 1406 2548 1462 diﬁ'erentia
2587 1408 2956 1477 cognoscitur,
2991 1414 3153 1475 negat
3197 1405 3425 1460 servari.
3462 1402 3574 1458 Nec

2005 1505 2322 1553 constanter
2354 1497 2456 1553 hoc
2488 1498 2687 1567 ubique
2721 1497 2876 1552 ducet
2909 1514 2922 1550 :
2958 1495 3274 1550 inconstans
3317 1494 3483 1558 enim,
3519 1502 3575 1547 et

327 1579 391 1632 οὑ
431 1580 708 1650 πανταχοῦ
762 1582 1080 1652 δογματίζει
1134 1581 1329 1637 τοῦτο’
1380 1583 1744 1656 παλίντροπος
1796 1586 1904 1658 γάρ

2010 1591 2340 1646 Vertumnus
2370 1591 2567 1659 aliquis
2604 1600 2696 1645 aut
2730 1589 2954 1642 Proteus
2988 1586 3152 1642 estin
3190 1585 3329 1651 ﬁde;
3372 1582 3574 1639 etenim

328 1670 447 1723 ἐστι
475 1669 574 1741 τὴν
606 1672 788 1725 πίστιν
819 1673 915 1726 καὶ
967 1673 1349 1745 πολύμορφοςο
1375 1673 1493 1730 ista).
1521 1676 1629 1747 γὰρ
1666 1676 1725 1732 ἐν
1763 1656 1904 1731 τισιν

2010 1684 2060 1738 in
2093 1683 2410 1752 quibusdam
2452 1656 2607 1736 libris
2654 1680 2941 1735 conﬁtetur
2972 1679 3115 1747 ipsas
3146 1679 3310 1731 etiam
3344 1690 3431 1730 res
3459 1690 3577 1729 ser-

331 1761 500 1815 αὑτοῦ
536 1761 583 1794 ⁸⁸
632 1763 813 1831 λόγοις
846 1765 943 1818 καὶ⁸
992 1765 1134 1819 αὑτὰ
1163 1766 1562 1836 διομολογεῖτά
1602 1770 1906 1839 πράγματα

330 1850 620 1916 σώζεσθαι.
655 1853 840 1917 Οὑτως
870 1857 930 1909 οὐ
964 1857 1100 1928 πρὸς
1128 1857 1395 1929 ἀλλήλους
1427 1858 1618 1929 μόνον,
1654 1859 1907 1915 ἀλλὰκαὶ

327 1946 468 2015 πρὸς
503 1947 733 2009 ἑαυτοὺς
784 1949 848 2001 τὸ
893 1949 1190 2018 ἀλλόφυλον
1220 1950 1321 2020 τῆς
1354 1951 1633 2013 εὐσεϐείας
1686 1952 1907 2007 στασιά-

328 2036 482 2101 ζουσι
516 2039 824 2110 σύνταγμα.
860 2040 953 2093 Ἐκ
981 2041 1173 2095 τούτου
1206 2042 1493 2113 παραινῶν
1526 2044 1653 2107 τοὺς
1685 2044 1907 2098 στασιά-

328 2130 522 2195 ζοντας
549 2131 627 2202 τῷ
650 2135 957 2203 φρονήματι
979 2135 1076 2204 τῆς
1100 2134 1383 2201 εὐσεϐείας
1411 2136 1761 2207 συνδραμεῖν,
1782 2122 1904 2191 κατ’

329 2223 635 2296 ἐπιδρόμὴν
669 2226 871 2295 ίστορεί
909 2228 1228 2297 Μαρκιανὸν
1262 2229 1360 2299 μὲν
1392 2230 1767 2300 συγκροτῆσαι
1804 2230 1904 2301 τὴν

333 2315 393 2370 ἐν
425 2316 731 2386 Καλχηδόνι
772 2318 1011 2381 σύνοδον,
1051 2321 1147 2374 καὶ
1170 2318 1249 2383 ὡς
1294 2318 1505 2373 ἐκείνου
1541 2321 1635 2374 τὸν
1682 2320 1796 2391 βίον
1826 2325 1906 2375 λι-

330 2405 527 2469 πάντας
566 2406 717 2460 Λέων
748 2410 849 2479 μὲν
880 2408 1121 2479 κατέστη
1152 2409 1260 2462 τῶν
1323 2410 1663 2479 πραγμάτων
1695 2409 1904 2480 κύριος,

330 2499 381 2557 ei
409 2497 471 2556 δὲ,
506 2497 796 2572 Αἰγύπτιοι
823 2499 922 2569 τῆς
951 2500 1103 2570 ἱερᾶς
1141 2500 1652 2577 ἐπαναστρέψαντες
1685 2501 1904 2555 συνόδου

330 2589 581 2660 ταραχῆς
632 2589 958 2661 ἐπλήρωσαν
1017 2592 1117 2663 τὴν
1147 2593 1499 2663 οἰκουμένην,
1542 2593 1813 2656 δυσσεϐῶς
1848 2610 1907 2647 τε

333 2683 430 2735 καὶ
460 2682 859 2753 πεπλασμένως
883 2701 955 2754 φη
965 2684 1223 2754 μίσαντες
1245 2683 1321 2749 ὡς
1347 2687 1380 2753 ὴ
1406 2684 1622 2755 σύνοδος
1643 2686 1907 2757 Κύριλλον

336 2773 643 2835 ἀπεόάλετο
662 2775 710 2807 ⁸⁸
739 2779 831 2829 καὶ
860 2776 1155 2847 Νεστόριον
1180 2776 1500 2845 ἀπεδέξατο.
1537 2772 1639 2831 Ὧν
1666 2780 1756 2832 τὸν
1785 2778 1909 2835 άλο-

338 2884 436 2935 γον
484 2868 515 2929 ό
555 2868 708 2924 Λέων
737 2868 1119 2922 καταστέλλων
1155 2867 1416 2939 θόρυϐον,
1449 2869 1519 2923 τὰ
1569 2871 1908 2940 ψηφισθέντα

340 2960 400 3013 ἐν
436 2959 738 3031 Καλχηδόνι
762 2960 807 2991 ⁸⁷
856 2962 951 3017 καὶ¹
989 2959 1057 3013 τά
1108 2960 1421 3032 πραχθέντα
1469 2961 1743 3032 πανταχοῦ
1794 2962 1910 3015 δια-

334 3048 559 3120 πέμψας
591 3048 693 3118 τῆς
748 3049 1072 3122 οἰκουμένης
1118 3050 1237 3121 μετ’
1282 3052 1580 3118 ἐγκυκλίων
1609 3053 1912 3113 κελεύσεων

333 3140 571 3199 ἕκαστον
616 3142 726 3195 τῶν
758 3141 1069 3213 ἀρχιερέων
1097 3141 1191 3197 καὶ⁸
1219 3144 1431 3216 ἱερέων,
1470 3145 1609 3200 ἀλλά
1660 3146 1754 3199 καὶ
1783 3148 1923 3211 ,τοὺς

335 3233 450 3286 ὅσοι
483 3234 542 3287 ἐν
599 3233 677 3304 τῷ
708 3232 976 3305 μοναδικῷ
1021 3234 1322 3304 διέλαμπον
1352 3234 1487 3307 βίῳ,
1542 3236 1604 3289 τὸ
1658 3237 1913 3308 φρόνημα

338 3324 518 3379 αὑτῶν
536 3325 832 3398 ἐγγράφως
853 3325 1255 3397 ἀνομολογῆσαι
1283 3324 1582 3392 διετάξατο·
1604 3325 1634 3379 ὃ
1656 3329 1749 3380 καὶ
1777 3345 1914 3400 προ-

341 3418 530 3489 θύμως
564 3420 900 3489 πεπράκασι,
932 3418 1042 3471 τῶν
1081 3417 1384 3489 ἀρχιερέων
1413 3417 1509 3472 τοῦ
1554 3418 1789 3491 ἀριθμοῦ
1833 3421 1915 3485 είς

338 3507 655 3571 ἑξακοσίους
682 3511 774 3562 καὶ
802 3508 1004 3578 χιλίους
1035 3506 1162 3580 [880
1197 3506 1295 3580 3.}
1316 3508 1925 3577 συγκεφαλαιωθέντος,

346 3601 574 3671 μηδενὸς
605 3601 1209 3672 ἕτεροϊνωμονήσανπος
1235 3600 1374 3679 πλὴν
1391 3600 1747 3671 Ἀμφιλοχίου,
1758 3602 1851 3655 τοῦ
1871 3601 1914 3633 δε

343 3690 525 3761 Σίδης.
543 3689 603 3753 ὃς
636 3690 753 3760 μετ’
777 3692 838 3749 οὑ
870 3690 1010 3745 πολὺ
1043 3694 1137 3745 καὶ
1163 3692 1323 3757 αὑτὸς
1353 3693 1420 3745 δι’
1448 3694 1769 3765 ὑπογραφῆς
1800 3712 1923 3749 συν-.

340 3778 609 3851 εφὼνησε.
642 3779 778 3833 Μεθ’
834 3773 921 3838 ὧν
961 3782 1056 3835 καὶ
1099 3785 1127 3836 ό
1158 3783 1331 3853 μέγας
1380 3782 1628 3855 Συμεὼν,
1676 3786 1704 3838 ό
1741 3787 1799 3840 ἐν
1839 3786 1918 3858 τῷ

345 3872 524 3943 στύλῳ
554 3871 646 3925 τὸν
673 3873 966 3941 ἀγγελικὸν
999 3875 1210 3934 ἐκεῖνον
1238 3874 1353 3946 βίον
1387 3875 1798 3948 διανυσάμενος,
1823 3879 1926 3934 καὶ

341 3962 674 4036 Βαράδατος,
704 3964 797 4017 καὶ
819 3964 968 4019 ἄλλοι
997 3966 1089 4019 τὸν
1109 3952 1271 4019 αὑτδν
1292 3966 1623 4039 βαθμὸντῆς
1645 3968 1919 4033 πολιτείας

344 4057 670 4127 φθάσαντες.
699 4059 889 4113 Ταῦτα
928 4056 1241 4129 διαδραμὼν
1290 4059 1385 4115 καὶ
1416 4057 1640 4122 δικαίως
1678 4061 1930 4131 Σεόῆρονη,

340 4148 419 4221 τῷ
469 4150 773 4221 ἀναθέματι
833 4150 1306 4222 παραπεμφθῆναι
1360 4155 1853 4224 παραστησάμενος
1872 4152 1919 4188 ⁵⁸

341 4244 419 4306 είς
449 4242 604 4307 τέλος
632 4242 893 4297 διέστειλε
926 4244 1025 4315 τὴν
1058 4242 1314 4308 διάλεξιν.

2004 1775 2142 1827 vari.
2173 1775 2323 1828 Adeo
2354 1789 2459 1827 non
2494 1774 2666 1827 solum
2702 1772 2844 1825 inter
2876 1786 2934 1825 ss
2974 1768 3099 1838 ipsi,
3135 1768 3227 1822 sed
3268 1780 3441 1835 neque
3474 1764 3577 1819 sibi

2006 1866 2119 1935 ipse
2142 1866 2423 1935 quisquam
2439 1874 2692 1920 constans
2717 1864 2906 1931 dogma
2935 1860 3358 1932 Babylonicum,
3384 1870 3577 1925 nempe

2004 1966 2060 2011 et
2102 1970 2133 2009 a
2182 1969 2310 2010 vera
2356 1955 2558 2024 pietate
2616 1953 2852 2006 alienum
2904 1950 3127 2005 cudunt.
3169 1948 3303 2002 Hinc
3344 1945 3579 2019 [sumpta

2003 2046 2312 2120 occasione]
2376 2048 2619 2102 hortatus
2678 2045 3040 2110 dissidentes,
3100 2050 3159 2096 ut
3212 2039 3265 2095 in
3323 2036 3583 2093 Ecclesia

2004 2141 2323 2197 sententiam
2366 2139 2718 2202 descendant,
2754 2135 2957 2191 cursim
3009 2140 3196 2187 narrat
3236 2147 3265 2184 a
3301 2128 3581 2183 Marciano

2003 2234 2500 2289 Chalcedonenscm
2534 2229 2797 2301 synodum
2831 2236 3072 2281 coactam
3099 2242 3115 2290 ;
3144 2222 3406 2286 Leonem,
3437 2218 3578 2272 Mar-

2005 2325 2164 2380 ciano
2193 2333 2426 2387 mortuo,
2457 2319 2739 2376 suffectum
2775 2332 2999 2373 summa:
3033 2329 3215 2370 rerum
3252 2311 3532 2381 prmluisse
3559 2325 3582 2363 ε

2004 2416 2290 2488 Ᾱῖικγριίοε
2317 2412 2605 2472 concilium
2642 2418 2887 2466 evertere
2921 2415 3144 2463 conatos
3178 2405 3364 2458 orbem
3406 2409 3576 2456 totum

2008 2504 2324 2561 tumultibus
2362 2502 2636 2573 implesse,
2670 2500 2832 2569 impie
2865 2499 3094 2567 ﬁctoque
3136 2496 3581 2561 rumores'spar—

2006 2594 2163 2657 sisse,
2193 2591 2448 2663 Cyrillum
2476 2607 2506 2645 a
2534 2589 2739 2661 synodo
2764 2588 3097 2650 damnatum,
3129 2582 3439 2663 Nestorium
3491 2596 3577 2635 re-

2006 2698 2220 2754 ceptum
2259 2684 2445 2740 fuisse.
2480 2682 2719 2749 Quorum
2765 2677 2987 2752 [inquit]
3042 2678 3288 2732 insanum
3340 2676 3578 2729 furorem

2009 2776 2309 2845 reprimens
2376 2772 2486 2828 Leo
2556 2771 2772 2825 decreta
2837 2766 3051 2824 concilii
3119 2762 3581 2820 Chalcedonensis

2010 2875 2241 2935 actaque
2285 2879 2406 2920 cum
2450 2859 2741 2930 encyclicis
2791 2873 2887 2914 seu
2930 2855 3287 2911 circularibus
3318 2853 3592 2907 mandatis

2013 2974 2109 3028 per
2157 2965 2328 3011 totum
2374 2955 2562 3009 urbem
2612 2951 2782 3015 misit,
2830 2948 3168 3018 singulisque
3219 2944 3489 3014 episc0pis
3528 2954 3592 2999 et.

1982 3036 2369 3121 presbyteris,
2400 3062 2500 3101 nec
2540 3058 2648 3100 non
2690 3043 2758 3099 iis
2793 3041 2884 3113 qui
2927 3042 3005 3095 in«
3021 3039 3269 3108 religiosa
3306 3045 3362 3091 et
3401 3051 3591 3089 tuona-

2014 3142 2149 3199 stica
2200 3140 2307 3195 vita
2354 3137 2598 3194 celebres
2644 3135 2986 3190 habebantur
3034 3130 3310 3201 praecepit,
3345 3128 3420 3181 uti
3462 3142 3590 3182 sen-

2015 3232 2238 3288 tentiam
2267 3244 2427 3285 suam
2463 3227 2665 3297 scripto
2698 3224 3109 3295 proﬁterentur.
3138 3221 3289 3288 Quod
3322 3219 3583 3286 episcopi,

2014 3337 2241 3379 numero
2271 3321 2417 3376 mille
2444 3318 2708 3384 sexcenti,
2733 3326 2978 3385 prompte
3005 3329 3139 3369 sane
3165 3311 3409 3368 exsecuti
3437 3318 3595 3371 sunt,

2015 3419 2233 3474 nemine
2266 3416 2357 3486 qui
2395 3414 2554 3469 aliter
2590 3412 2817 3475 sentiret
2856 3408 3193 3479 deprehenso
3225 3415 3422 3476 praeter
3452 3404 3587 3458 Δσιν

2016 3509 2347 3582 philochium
2398 3507 2541 3561 Sidae
2591 3502 2931 3572 pontiﬁcem,
2982 3498 3074 3570 qui
3133 3508 3314 3552 tamen
3370 3504 3426 3549 et
3477 3494 3590 3561 ipse

2016 3603 2176 3675 paulo
2223 3610 2344 3671 post
2388 3597 2606 3654 concilii
2658 3583 2939 3650 sententia:
2988 3588 3315 3659 subscripsit
3358 3599 3600 3640 censen--

2018 3698 2215 3763 sitque.
2248 3694 2293 3748 A
2338 3693 2535 3763 quibus
2569 3690 2720 3746 stetit
2752 3695 2807 3742 et
2843 3686 3065 3741 Simeon
3109 3682 3200 3752 qui
3247 3680 3299 3734 iu
3340 3677 3601 3733 columna-

2019 3790 2257 3846 ctelitnm
2320 3786 2482 3839 vitam
2537 3780 2894 3836 aemulabatur
2948 3774 3193 3848 [Simeon
3249 3766 3477 3841 styiita].
3536 3776 3593 3820 et

2019 3878 2337 3941 Baradatus,
2371 3874 2571 3944 aliique
2599 3876 2847 3926 eamdem
2876 3865 3092 3922 vivendi
3134 3862 3403 3917 rationem
3444 3873 3597 3913 secus

2022 3974 2081 4028 ti.
2111 3972 2207 4026 His
2233 3968 2480 4025 oratione
2504 3961 2775 4027 decursis,
2800 3974 2923 4016 cum
2951 3955 3149 4028 283b
3177 3954 3438 4009 Severum
3470 3965 3601 4004 θυαε

2022 4068 2262 4122 themate
2311 4060 2683 4134 proscriptum
2717 4054 2966 4119 dixisset,
3010 4046 3435 4121 disputationem
3487 4042 3604 4098 ﬁne

2019 4156 2339 4215 concludit.‘

410 4334 526 4388 Kal.
559 4336 589 4387 ό
620 4334 819 4405 ἐφεξῆς
847 4335 905 4388 δὲ
947 4314 1103 4404 λόγος
1134 4335 1591 4406 προδιαϐάλλεται
1611 4337 1658 4370 ⁵⁸
1690 4339 1911 4410 μὲνντὴν

2091 4337 2342 4407 Sequens
2359 4329 2541 4389 oratio
2559 4327 2806 4385 eamdem
2824 4320 3042 4394 praefert
3062 4314 3501 4386 inscriptionem,
3532 4316 3589 4410 et

343 4425 515 4498 αὑτὴν
534 4428 868 4499 ἐπιγραφὴν,
884 4429 1209 4500 παραίνεσιν
1231 4430 1289 4484 δὲ
1316 4431 1452 4502 πρὸς
1471 4433 1599 4498 τοὺς
1621 4432 1917 4498 διεστῶτας

342 4519 439 4590 τῆς
472 4518 800 4592 Ἐκκλησίας
825 4524 1149 4591 εἰσηγεῖται,
1166 4523 1230 4577 ἐκ
1244 4526 1344 4595 τῆς
1366 4524 1501 4594 πρὸς
1523 4523 1787 4596 ἀλλήλους
1806 4526 1929 4580 τῶν

345 4612 733 4683 αίρετιζόντων
761 4612 1043 4667 κάνταῦθα
1075 4614 1256 4686 μάχης
1285 4630 1344 4670 τε
1369 4615 1466 4668 καὶ
1496 4616 1762 4687 διαφορᾶς
1794 4634 1917 4671 συν⁹

348 4702 476 4756 ιδεῖν
495 4701 558 4754 τὸ
587 4702 685 4773 τῆς
719 4701 1042 4775 Ἐκκλησίας
1068 4704 1226 4776 ὀρθὸν
1250 4705 1502 4777 φρόνημα
1554 4707 1915 4778 παρακαλῶν.

344 4795 509 4867 Λέγει
537 4795 596 4849 δέ
643 4795 741 4849 καὶ
767 4796 888 4851 ὅθεν
910 4798 1228 4871 κατετμήθη
1278 4801 1361 4863 εἰς
1392 4800 1593 4872 μυρίας
1624 4801 1917 4873 διαιρέσεις

347 4889 441 4941 καὶ
479 4889 723 4960 τομάςή
784 4889 1033 4961 αἱρετικὴ
1080 4890 1226 4955 δόξα.
1266 4892 1634 4963 Ἐπερωτῶσα
1687 4893 1798 4964 γάρ
1846 4894 1922 4953 τὰ

346 4978 512 5030 τέκνα
543 4978 645 5049 τῆς
698 4978 1050 5050 Ἐκκλησίας,
1083 4981 1152 5046 εί,
1184 4980 1434 5052 καθάπερ
1481 4981 1574 5035 δύο
1600 4983 1700 5047 τὰς
1727 4984 1918 5054 φύσεις

347 5067 620 5137 λέγουσιν,
642 5068 785 5124 οὕτω
810 5071 906 5124 καὶ
931 5072 1033 5136 τὰς
1058 5072 1385 5138 ὑποστάσεις
1405 5073 1586 5142 λέγειν
1612 5075 1918 5146 ἀνέχονται,

349 5160 444 5213 καὶ
473 5160 598 5214 ἐπεὶ
636 5161 769 5231 μίαν
796 5161 1047 5231 λέγουσιν
1074 5163 1166 5216 ἐπὶ
1188 5162 1427 5234 Χριστοῦ
1469 5163 1568 5236 τὴν
1602 5165 1920 5234 ὑπόστασιν,

351 5246 459 5323 ἆρα
484 5252 581 5307 καὶ
612 5252 746 5326 μίαν
774 5252 940 5324 φύσιν
968 5254 1055 5309 ἐπ’
1093 5255 1260 5310 αὑτοῦ
1299 5256 1711 5328 δογματίζουσι,
1750 5258 1924 5312 ταῦτα

2022 4401 2459 4487 adhortationem
2490 4422 2557 4477 ad
2576 4434 2676 4475 eos
2689 4410 3051 4481 continet,qui
3078 4409 3146 4465 ab
3176 4404 3417 4461 Ecclesia
3434 4401 3594 4456 dissi-

2018 4525 2237 4585 debant,
2272 4532 2377 4588 qua
2397 4522 2602 4579 monet,
2631 4518 2689 4564 ut
2709 4522 2836 4564 suas
2855 4505 2994 4561 inter
3013 4518 3073 4557 se
3087 4512 3313 4570 pugnas,
3344 4508 3593 4549 suorum-

2020 4631 2126 4687 que
2148 4608 2514 4669 dissensiones
2543 4600 2939 4661 ltaereticorum,
2974 4608 3096 4650 cum
3142 4588 3397 4645 Ecclesiae
3441 4593 3592 4639 recto

2021 4682 2286 4765 consensu
2300 4700 2592 4771 respiciant
2608 4682 3315 4763 compouantqne.0stendit
3333 4689 3595 4771 praeterea

2018 4761 2478 4855 madefactum-sit
2496 4797 2554 4841 ut
2571 4761 3080 4855 opinatiohmretica
3103 4777 3154 4829 in
3179 4772 3419 4847 inﬁnitas
3442 4761 3596 4837 qua'si

2024 4897 2208 4947 sectas
2229 4893 2284 4942 et
2312 4880 2609 4940 sententias
2636 4876 2897 4931 distracta
2942 4881 2997 4926 et
3038 4867 3243 4923 divulsa
3292 4867 3383 4920 sit.
3429 4865 3599 4917 luter-

2026 4996 2223 5050 rogans
2257 4978 2402 5034 enim
2436 4967 2713 5047 [haeresis].
2739 4964 3005 5023 Ecclesiae
3038 4961 3176 5017 illius
3213 4976 3307 5023 an,
3337 4954 3598 5026 quemado

2028 5075 2247 5131 modum
2287 5071 2424 5125 duas
2468 5065 2547 5139 [in
2576 5058 2825 5132 Christo]
2871 5067 3094 5116 naturas
3145 5057 3418 5115 asserunt,
3451 5060 3599 5139 asse-

2029 5175 2156 5224 rant
2180 5162 2432 5220 similiter
2458 5138 2515 5212 et
2538 5156 2674 5212 duas
2712 5165 3006 5224 personas,
3033 5156 3090 5204 et
3121 5159 3243 5201 cum
3274 5138 3603 5210 respondent

2032 5269 2197 5312 unam
2222 5265 2344 5308 esse
2373 5249 2425 5304 in
2457 5244 2677 5303 Christo
2713 5238 3057 5312 bypostasin,
3107 5231 3304 5305 quaerit
3336 5245 3404 5285 an
3439 5227 3602 5282 etiam.

1656 5455 1891 5512 ἾΔΒΙᾸΞ
1926 5448 2325 5511 LECTIONES.

426 5591 475 5631 “
492 5587 733 5662 ἀποκαλ.
776 5607 836 5657 ς.
911 5588 958 5623 ⁸⁸
990 5590 1140 5662 αὑτῷ
1171 5608 1231 5656 ς.

1307 5590 1353 5623 ⁸⁸
1387 5590 1725 5653 ἀπεσάλλετο
1756 5608 1815 5654 ς.
1894 5589 1937 5619 ⁵⁷
1980 5586 2155 5641 Χαλκ.
2184 5584 2249 5638 Λ.

2352 5581 2398 5614 ⁸⁸
2429 5577 2524 5634 τοῦ
2561 5579 2603 5632 Λ
2638 5593 2652 5631 :
2682 5575 2779 5645 τῆς
2808 5591 2871 5645 κς,
2947 5571 2993 5602 δ’
3025 5565 3515 5642 παραστησάμενος
3534 5593 3603 5607 -

363 5644 637 5716 διέστειλε
659 5660 701 5716 Α
722 5644 743 5715 7:
778 5644 1276 5733 ἇυστησάίμενοςῖ-
1309 5644 1557 5731 διέστησέ
1587 5678 1646 5726 ς.
1679 5644 1688 5645 ί
1718 5644 2282 5731 ⁸ο⁷παραδια6άλλεται
2318 5670 2379 5720 ς,
2433 5649 2616 5707 malim
2643 5644 3033 5718 προϐάλλεταιο
