3964 6246
355 242 494 308 1079

1437 257 1700 321 PHOTII
1729 261 2234 326 PATRIARCHE
2266 245 2383 328 cr.”

3459 274 3605 340 1080

350 359 600 410 asserant
636 370 796 412 una-tu
842 362 1132 414 naturam?
1172 362 1279 420 Sed
1319 366 1456 422 nihil
1499 369 1693 425 borum
1739 372 1920 427 hacte-

2032 377 2364 449 ἑπερωτῶσα
2385 379 2430 411 ⁸⁸
2462 379 2496 450 ή
2532 379 2742 450 αἵρεσις
2771 371 2847 435 ὧν
2877 380 2976 451 μὲν
3004 380 3238 452 ἐζήτησε
3262 381 3309 414 ⁸⁸
3347 381 3486 449 τέως
3509 387 3606 438 ού-

351 461 457 502 nus
486 460 740 534 unquam
787 464 908 518 quae
959 453 1184 510 haeresis
1226 461 1498 526 qumsivit,
1531 462 1602 517 ab
1647 462 1926 534 [Ecclesiae

352 533 502 608 tiliis]
536 537 762 594 audivit.
800 537 1048 596 Vicissim
1083 552 1266 599 autem
1296 555 1354 601 et
1381 548 1452 605 ab
1484 533 1724 606 Ecclesia
1761 553 1926 608 inter-

344 636 576 699 rogatur
612 629 858 694 haeresis,
889 646 988 686 cur
1021 633 1075 688 id
1108 641 1358 705 quaerat?
1387 655 1454 696 an
1483 645 1626 710 quod
1654 643 1930 700 existimet

353 728 600 774 naturam
629 728 683 775 et
713 734 998 790 personam
1029 740 1152 781 esse
1180 727 1344 792 idem,
1369 741 1426 786 et
1452 744 1740 802 propterea
1771 746 1928 806 putet

350 824 445 864 eos
498 810 589 878 qui
645 823 898 868 asserant
951 817 1087 872 duas
1145 829 1404 886 naturas,
1457 826 1621 878 etiam
1677 840 1928 884 asserere

349 902 484 956 duas
518 903 820 969 personas?
855 903 964 960 Aut
997 916 1209 974 contra,
1244 911 1337 980 qui
1380 913 1541 968 u'nam
1569 915 1926 985 proﬁteantur

351 1007 662 1060 personam,
697 996 862 1051 etiam
908 1013 1072 1054 unam
1118 1003 1362 1072 proﬁteri
1415 1017 1666 1062 naturam
1700 1011 1926 1066 censet?

351 1082 488 1142 llinc
521 1093 652 1141 nato
687 1092 1057 1148 contentionis
1089 1094 1262 1161 initio,
1301 1098 1500 1152 bellum
1535 1099 1662 1155 illud
1709 1101 1925 1158 haereti-

347 1191 536 1230 corum
571 1179 715 1236 inter
753 1195 815 1236 se
860 1183 1279 1254 digladiantium
1325 1191 1608 1261 multiplex
1641 1202 1696 1247 et
1733 1193 1926 1264 impla-

347 1267 523 1324 cabile
567 1272 800 1339 exstitit,
864 1274 1082 1332 idemne
1130 1281 1204 1334 sit
1258 1291 1452 1336 natura
1492 1293 1546 1338 et
1593 1284 1921 1354 hypostasis.

348 1359 565 1415 Etenim
589 1363 634 1418 si
664 1364 897 1423 dicimus
923 1384 1084 1424 unam
1126 1371 1179 1426 in
1209 1373 1477 1430 T'rinitate
1511 1384 1757 1431 naturam
1782 1393 1923 1444 esse,

349 1455 660 1510 necessario
691 1457 978 1514 dicendum
1015 1463 1155 1530 eriu,
1186 1480 1347 1520 unam
1382 1481 1599 1537 quoque
1651 1483 1773 1524 esse
1821 1471 1926 1541 hy-

348 1546 609 1606 postasin.
664 1547 774 1603 Aut
820 1552 866 1606 si
909 1561 1022 1608 tres
1076 1553 1398 1626 hypostases
1425 1601 1441 1625 ,
1487 1569 1679 1615 natura
1709 1577 1924 1633 quoque

352 1635 403 1687 in
434 1644 545 1692 tres
573 1637 681 1692 erit
708 1641 994 1707 partienda
1027 1651 1270 1700 naturas.
1303 1645 1440 1702 Hinc
1469 1651 1764 1704 commenti
1797 1660 1923 1708 sunt

347 1725 492 1782 aliud
534 1743 654 1786 esse
699 1741 974 1800 naturam,
1019 1745 1075 1790 et
1122 1737 1265 1790 aliud
1313 1739 1624 1794 essentiam.
1658 1740 1920 1797 Naturam
1952 1717 1995 1774 Β

347 1835 563 1875 rursum
599 1823 899 1880 diviserunt
941 1827 994 1881 in
1043 1827 1354 1896 generalem
1399 1836 1455 1883 et
1491 1830 1795 1901 singulares
1824 1849 1922 1889 na-

349 1915 520 1968 turas.
549 1910 768 1969 Etcum
802 1917 869 1970 ad
905 1916 1150 1988 Sergium
1183 1919 1375 1975 scribit
1406 1918 1643 1977 Severus
1670 1941 1685 1979 :
1721 1923 1921 1993 Unam,

349 2000 556 2070 inquit,
602 2007 884 2059 essentiam
955 2005 1221 2064 Christum
1269 2029 1382 2068 esse
1437 2014 1675 2071 volumus
1715 2019 1922 2086 dicere,

349 2108 413 2145 ne
479 2098 906 2151 concurrentium
969 2101 1326 2170 diierentiam
1385 2107 1712 2176 auferamus.
1777 2109 1922 2166 Nam

344 2182 425 2237 vel
489 2201 599 2241 una
648 2189 809 2243 semel
853 2203 981 2246 nata
1033 2198 1258 2253 essentia
1307 2207 1401 2252 aut
1431 2201 1592 2254 etiam
1640 2202 1919 2272 qualitate,

342 2278 605 2343 quomodo
657 2283 850 2335 mansit
907 2292 1244 2354 naturarum,
1283 2305 1348 2342 ea:
1397 2291 1585 2360 quibus
1644 2309 1780 2348 unus
1827 2311 1922 2350 ea:-

342 2369 486 2423 sistit
530 2369 794 2439 Christus,
831 2376 1121 2430 secundum
1163 2381 1449 2438 essentiam
1483 2384 1828 2454 diﬁ'erentia?
1863 2386 1923 2443 Si

341 2461 481 2514 enim
513 2478 622 2518 una
658 2465 893 2533 qualitas
943 2479 1020 2522 est
1072 2479 1121 2523 et
1161 2474 1412 2540 essentia,
1449 2475 1650 2544 frustra
1679 2478 1922 2548 deinceps

341 2554 489 2624 ponit
539 2556 916 2627 differentiam.
971 2561 1040 2617 Et
1093 2579 1248 2631 sane,
1297 2565 1496 2636 quibus
1551 2567 1926 2628 fundamentis

345 2644 506 2700 nixus
548 2661 709 2703 unam
757 2662 1007 2707 asserere
1051 2655 1350 2710 essentiam
1404 2656 1643 2715 Severus
1681 2670 1919 2727 recusat,

344 2734 537 2790 iisdem
583 2736 670 2792 vel
721 2739 926 2797 invitus
978 2757 1180 2812 negare
1232 2747 1452 2818 cogitur
1490 2765 1654 2806 unam
1699 2767 1819 2809 esse
1863 2753 1919 2808 in

340 2825 563 2883 Christo
611 2839 886 2888 naturam.
935 2833 1192 2892 Nonnulli
1240 2854 1406 2909 porro
1445 2856 1512 2897 ex
1555 2844 1918 2914 impudentio-

347 2918 517 2982 r.bus,
549 2931 852 2991 maturam,
890 2939 1202 2994 personam,
1254 2932 1547 2988 essentiam
1602 2935 1744 2990 idem
1797 2951 1921 2994 esse

2024 470 2113 523 δὲν
2143 471 2333 525 ἀκούει
2381 470 2508 543 [464
2529 471 2645 545 Η.],
2694 474 3144 545 ἀντεπερωτᾶται
3198 472 3256 528 δὲ
3300 475 3454 546 παρὰ
3501 477 3604 547 τῆς

2036 561 2361 634 Ἐκκλησίας
2384 565 2437 618 τί
2470 562 2669 636 δήποτε
2695 564 2867 620 ταῦτα
2888 567 3087 638 ἐρωτᾷ·
3123 562 3234 640 ἆρα
3265 565 3375 640 γὰρ
3405 569 3605 623 ταύτὸν

2023 655 2236 724 ἡγεῖται
2273 655 2435 723 φύσιν
2455 657 2549 708 καὶ
2571 656 2890 721 ὑπόστασιν,
2923 657 3018 711 καὶ
3051 657 3142 712 διὰ
3173 659 3333 712 τοῦτο
3360 661 3489 723 τοὺς
3511 660 3608 714 δύο

2021 744 2281 813 λέγοντας
2310 746 2500 814 φύσεις
2529 747 2739 818 νομίζει
2789 749 2885 803 δύο
2932 749 3027 802 καὶ
3061 749 3396 814 ὑποστάσεις
3445 751 3603 816 δοξά-

2023 834 2158 901 ζειν,
2189 836 2222 907 ἢ
2251 837 2521 890 ἀνάπαλιν
2553 838 2680 901 τοὺς
2713 838 2841 909 μίαν
2877 839 3179 894 ὑπόστασιν
3208 840 3472 909 λέγοντας
3509 840 3606 894 καὶ⁵

2025 926 2156 998 μίαν
2187 927 2349 996 φύσιν
2380 927 2756 998 συνομολογεῖν
2777 929 3025 999 νομίζεις
3069 930 3270 1001 Ἀρχὴν
3298 927 3393 983 οὖν
3412 930 3605 1001 τοιαύ-

2021 1034 2122 1090 την
2154 1019 2256 1089 τῆς
2310 1021 2578 1090 κινήσεως
2618 1019 2912 1092 λαϐούσης,
2960 1022 3055 1076 καὶ
3107 1022 3136 1074 ό
3172 1023 3340 1086 πολὺς
3395 1024 3606 1086 ἐκεῖνος

2022 1112 2118 1164 καὶ
2143 1111 2406 1171 ἄσπονδος
2430 1111 2540 1164 τῶν
2561 1111 2945 1183 αίρετιζόντων
2965 1115 3020 1166 ὲν
3045 1113 3257 1177 ἑαυτοῖς
3286 1115 3602 1186 συνεῤῥάγη

2023 1201 2279 1270 πόλεμος,
2309 1203 2358 1255 εί
2381 1200 2577 1254 ταὺτδν
2598 1201 2761 1270 φύσις
2791 1204 2886 1256 καὶ
2907 1203 3228 1267 ὑπόστασις,
3256 1205 3380 1258 ἐπεὶ
3401 1206 3448 1238 ⁸³
3472 1205 3609 1275 μίαν

2023 1297 2186 1367 φύσιν
2211 1298 2306 1352 ἐπὶ
2329 1297 2431 1368 τῆς
2475 1296 2707 1368 Τριάδος
2741 1298 2943 1369 φαμὲν,
2983 1299 3078 1352 καὶ
3133 1299 3264 1368 μίαν
3314 1298 3604 1369 ὁμολογεῖν·

2021 1387 2236 1459 ἀνάγκη
2263 1387 2364 1459 τὴν
2384 1388 2706 1451 ὑπόστασιν,
2729 1389 2764 1460 ἢ
2793 1389 2915 1442 ἐπεὶ
2937 1388 3036 1452 τὰς
3064 1388 3396 1452 ὑποστάσεις
3425 1393 3598 1458 τρεῖς,

2022 1480 2117 1532 καὶ
2141 1480 2176 1550 ή
2214 1478 2377 1549 φύσις
2401 1481 2480 1543 εἰς
2501 1483 2650 1550 τρεῖς
2676 1481 3014 1552 διαιρείσθω.
3043 1481 3314 1536 Κάκεῖθεν
3344 1481 3470 1535 ἄλλο
3501 1480 3611 1550 μὲν

2026 1571 2314 1639 σημαίνειν
2338 1571 2437 1641 τὴν
2465 1570 2648 1641 φύσιν,
2699 1571 2829 1627 ἄλλο
2857 1573 2916 1626 δὲ
2965 1573 3253 1644 σημαίνειν
3287 1573 3386 1644 τὴν
3414 1572 3612 1626 οὑσίαν

2021 1661 2357 1728 ἀνέπλασαν,
2385 1663 2480 1717 καὶ
2512 1664 2615 1734 τὴν
2645 1663 2809 1733 φύσιν
2855 1663 3018 1720 πάλιν
3053 1667 3132 1728 είς
3184 1665 3410 1737 γενικὴν
3438 1664 3610 1734 φύσιν

2023 1754 2117 1806 καὶ
2167 1752 2340 1815 ίδικὰς
2389 1757 2583 1824 φύσεις
2612 1755 3007 1828 κατεμέρισαν.
3044 1757 3157 1811 Καὶ
3187 1759 3324 1828 πρὸς
3362 1758 3460 1828 μὲν
3509 1756 3610 1811 τδν

2023 1846 2416 1914 γραμματικὸν
2469 1847 2697 1917 Σέργιον
2754 1849 2784 1901 ό
2832 1849 3073 1922 Σεδῆρος
3130 1851 3385 1920 γράφων’
3443 1851 3613 1904 Μίαν⁴

2023 1935 2262 1998 οὐσίαν,
2291 1937 2478 2006 φησὶν,
2503 1937 2696 1990 είπεῒν
2721 1937 2830 1992 τὸν
2856 1939 3118 2007 Χριστὸν
3143 1939 3512 2009 ἐϐουλόμεθα
3530 1941 3610 2004 ³⁸,

2023 2025 2126 2078 ἵνα
2152 2025 2274 2080 τῶν
2307 2029 2732 2083 συνελθόντων
2750 2028 2868 2099 τὴν
2909 2029 3205 2100 διαφορὰν
3239 2031 3326 2102 μὴ
3379 2030 3611 2086 ἀνέλω-

2018 2135 2152 2188 μεν.
2185 2117 2338 2185 Μιᾶς
2381 2120 2492 2190 τὰρ
2541 2121 2818 2187 καθάπαξ
2847 2121 3253 2194 γεγενημένης
3296 2125 3511 2190 οὐσίας
3564 2125 3609 2190 ἢ

2023 2207 2124 2262 καὶ
2150 2210 2488 2276 ποιότητος,
2521 2208 2648 2278 πῶς
2671 2211 2759 2265 ἐτι
2774 2212 3076 2281 μεμένηκε
3098 2210 3219 2265 τῶν
3239 2214 3504 2282 φύσεων,
3531 2213 3609 2276 ἐξ

2021 2295 2111 2355 ὧν
2133 2297 2221 2368 εἷς
2240 2303 2273 2356 ὀ
2305 2303 2580 2371 Χριστὸς,
2617 2303 2658 2372 ἠ
2685 2306 2815 2357 κατ’
2844 2305 3065 2359 οὐσίαν
3087 2303 3339 2374 διαφορά
3363 2322 3382 2369 ;
3411 2307 3464 2360 εί
3493 2305 3611 2374 γὰρ

2017 2393 2127 2463 μία
2160 2394 2407 2460 ποιότης
2436 2395 2534 2447 καὶ
2565 2394 2766 2460 οὐσία,
2797 2393 2871 2448 τὰ
2917 2395 3026 2463 τῆς
3062 2395 3350 2466 διαφορᾶς
3385 2399 3611 2452 ,λοιπὸν

2022 2481 2257 2552 φροῦδα
2279 2483 2632 2552 καθέστηκε.
2654 2485 2849 2539 Καίτοι
2871 2503 2935 2554 γε
2959 2486 3018 2551 ἐξ
3040 2481 3115 2541 ὧν
3137 2489 3237 2558 τὴν
3267 2489 3396 2559 μίαν
3416 2489 3607 2544 οὐσίαν

2023 2574 2200 2627 εἰπεῖν
2226 2574 2256 2626 ὁ
2277 2571 2516 2644 Σεϐῆρος
2541 2576 2911 2645 παραιτεῖται,
2949 2576 3016 2629 ὲκ
3046 2575 3156 2628 τῶν
3187 2575 3368 2629 αὐτῶν
3413 2577 3510 2630 καὶ
3541 2578 3610 2631 τὺ

2026 2663 2156 2733 μίαν
2208 2662 2386 2730 λέγειν
2420 2662 2583 2731 φύσιν
2632 2665 2724 2717 ἐπὶ
2755 2664 3018 2734 Χριστοῦ,
3053 2666 3156 2720 κᾶν
3191 2666 3266 2737 μὴ
3332 2665 3604 2738 βούλοιτο,

2023 2754 2400 2827 παρῃτήσατο.
2432 2755 2588 2820 Τινὲς
2614 2755 2672 2809 δὲ
2703 2754 2814 2810 τῶν
2861 2756 3400 2828 ἀπηρυθριασμένως
3423 2759 3472 2792 ⁵⁵
3502 2758 3609 2827 cpti-
3719 2795 3722 2798 ~

2025 2866 2111 2902 σιν
2139 2849 2234 2903 καὶ
2269 2848 2572 2903 ὑπόστασιν
2609 2849 2702 2903 καὶ
2733 2849 2922 2904 οὑσίαν
2966 2848 3166 2902 ταύτὸν
3215 2850 3391 2903 εἰπεῖν
3445 2850 3608 2905 ἐκδε-

2023 2941 2273 3012 ξαμένων
2301 2942 2349 2975 ⁸⁸
2381 2942 2476 2996 καῖ⁵
2507 2942 2599 2994 ἐπὶ
2628 2941 2731 3011 τῆς
2763 2939 2926 3008 ἁγίας
2957 2941 3192 3013 Τριάδος
3220 2943 3372 3016 τρεῖς
3414 2941 3608 3006 οὐσίας

341 3008 717 3078 admittentes,
773 3029 882 3070 non
936 3017 1267 3076 horruerunt
1322 3020 1595 3080 allirmare
1644 3028 1812 3082 etiam
1864 3030 1916 3084 in

2022 3008 2200 3102 λέγειν
2227 3033 2327 3087 οὑκ
2353 3008 2784 3103 ἔφριξανβιίῶν
2810 3031 2900 3086 καὶ
2919 3031 2980 3085 τὸ
3007 3008 3157 3104 τρεῖς
3183 3008 3338 3096 θεοὺς
3369 3032 3465 3086 καὶ
3482 3033 3606 3086 θεό-

342 3111 534 3155 saucta
579 3100 847 3162 Triuitate
890 3117 1002 3164 tres
1051 3126 1175 3167 esse
1205 3115 1494 3180 essentias,
1529 3119 1672 3174 unde
1712 3130 1766 3176 et
1808 3131 1922 3178 tres

342 3191 476 3249 deos
507 3203 565 3250 et
603 3203 716 3253 tres
755 3199 1000 3265 deitates,
1033 3203 1138 3259 etsi
1170 3220 1277 3261 non
1311 3207 1497 3273 verbo,
1531 3221 1711 3268 mente
1740 3223 1921 3271 tamen

343 3286 560 3343 docent.
603 3287 671 3344 Et
701 3292 756 3347 hi
788 3293 1004 3363 quidem
1034 3295 1366 3355 damnantur
1391 3301 1561 3358 veluti
1593 3313 1704 3361 tres
1735 3323 1926 3365 essen-

346 3385 451 3436 tias
481 3382 683 3456 284a
729 3386 783 3440 in
836 3385 1104 3446 Trinitate
1148 3392 1458 3463 prodigiose
1503 3396 1800 3467 cudeutes,
1865 3402 1920 3458 hi

342 3485 476 3528 Vero
507 3477 651 3543 quod
697 3493 802 3534 non
848 3481 1066 3550 proprie
1109 3481 1276 3538 Deum
1313 3483 1533 3542 Patrem
1573 3500 1666 3544 aut
1697 3490 1918 3558 Filium,

344 3574 440 3620 aut
469 3564 729 3635 Spiritum
770 3580 1016 3627 sanctum
1047 3575 1154 3630 dici
1195 3589 1475 3635 censeant.
1517 3579 1612 3635 Isti
1651 3597 1781 3638 vero
1808 3583 1922 3639 for-

342 3659 650 3727 tussesint,
683 3662 774 3730 qui
807 3673 1017 3719 tantum
1047 3668 1292 3736 signatas
1321 3686 1416 3726 seu
1446 3672 1765 3743 tlgurativas
1789 3691 1919 3746 pro-

343 3750 603 3827 prietates
629 3765 824 3824 putant
849 3773 972 3813 esse
1003 3759 1343 3831 hypostases.
1380 3763 1458 3819 lta
1486 3765 1541 3820 in
1574 3767 1771 3824 multas
1796 3784 1922 3824 sen-

344 3840 542 3898 tentias
568 3855 624 3898 et
654 3860 872 3903 errores
915 3848 1052 3905 alios
1100 3851 1314 3908 illorum
1349 3855 1584 3911 dissecta
1619 3869 1766 3914 secta
1795 3876 1922 3928 pro-

244 3935 257 3944 ‘
339 3944 524 3999 gressa
572 3940 690 4000 est,
731 3938 1184 4003 quemadmodum
1230 3949 1287 3997 et
1326 3943 1395 3998 de
1441 3944 1745 4003 diderentia
1788 3963 1921 4004 cou-

337 4024 678 4079 currentium
725 4027 780 4081 in
823 4023 1045 4086 Chris'to
1085 4043 1422 4091 naturarum.
1466 4037 1604 4095 Aliis
1635 4041 1781 4095 enim
1816 4057 1918 4096 nu-

336 4115 621 4184 gatoribus
653 4118 829 4187 visum
857 4131 941 4178 est
973 4125 1150 4193 perire
1182 4126 1551 4187 diﬂ‘erentiam
1597 4142 1720 4202 post
1763 4134 1920 4189 unio-

335 4222 462 4262 nem
493 4221 810 4268 naturarum
843 4233 858 4270 :
887 4216 1009 4271 aliis
1053 4222 1261 4276 servari
1300 4222 1662 4280 diﬂ'erentiam
1704 4225 1920 4296 judica-

338 4309 485 4369 tum;
532 4305 626 4386 qui
677 4315 733 4361 et
789 4309 892 4378 ipsi
953 4310 1202 4368 bifariam
1258 4315 1414 4372 divisi
1456 4329 1606 4374 sunt.
1643 4317 1782 4374 Nam
1823 4321 1915 4392 qui

2023 3142 2216 3196 τητας,
2247 3127 2296 3179 εἰ
2327 3125 2426 3178 καὶ⁸
2452 3125 2526 3197 μὴ
2544 3125 2589 3158 δ’
2617 3127 2682 3195 τῇ
2709 3127 2884 3198 φωνῇ,
2911 3126 3026 3188 τοῖς
3053 3142 3115 3194 γε
3144 3126 3378 3196 νοήμασι
3407 3125 3605 3196 δογμαυ

2024 3215 2255 3282 τὶζουσι.
2291 3215 2403 3270 Καὶ
2445 3218 2494 3270 ol
2540 3216 2640 3288 μὲν
2673 3217 3098 3289 κατακρίνονται
3129 3216 3205 3281 ὡς
3235 3218 3387 3288 τρεῖς
3413 3218 3608 3281 οὐσίας

2023 3309 2118 3362 ἐπὶ
2143 3307 2246 3377 τῆς
2277 3306 2507 3379 Τριάδος
2542 3307 2983 3378 τερατευόμενοι,
3022 3307 3072 3360 ol
3110 3306 3167 3360 δὲ
3199 3307 3274 3370 ὡς
3305 3309 3367 3360 οὑ
3398 3308 3605 3379 κυρίως

2021 3399 2156 3454 Θεὸν
2175 3399 2267 3453 τδν
2295 3398 2571 3470 Πατέραῆ
2596 3399 2688 3452 τὸν
2711 3398 2840 3452 Υἱὸν
2867 3397 2902 3469 ἢ
2923 3398 2984 3450 τὸ
3008 3398 3234 3468 Πνεῦμα
3257 3397 3606 3464 δοξάζοντες·

2023 3485 2170 3548 οὗτοι
2196 3492 2244 3545 δ’
2266 3491 2332 3545 ἂν
2365 3488 2474 3545 εἶεν
2503 3491 2550 3544 οἱ
2577 3490 2714 3561 μόνα
2730 3491 2801 3544 τά
2836 3491 3312 3561 χαρακτηριστικὰ
3338 3488 3608 3559 ίδιώματα

2025 3585 2123 3648 τὰς
2147 3584 2478 3647 ὑποστάσεις
2505 3576 2646 3636 εἶναι
2675 3581 3118 3652 δογματίζοντες.
3163 3583 3275 3636 Καὶ
3306 3583 3387 3646 είς
3431 3580 3605 3634 πολλὰ

2023 3677 2160 3733 ἄλλα
2192 3675 2420 3730 τοιαῦτα
2448 3676 2478 3729 ὁ
2527 3675 2792 3748 μερισμὸς
2821 3674 2864 3706 ⁵⁸
2899 3674 3086 3738 αὐτοῖς
3117 3672 3214 3726 καὶ
3246 3675 3279 3744 ή
3320 3672 3608 3743 κατατομὴ

2021 3767 2412 3840 προελήλυθεν,
2435 3765 2625 3836 ὥσπερ
2651 3767 2747 3820 καὶ
2777 3765 3029 3836 περὶτῆς
3052 3763 3314 3836 διαφορᾶς
3335 3763 3443 3818 τῶν
3476 3780 3603 3816 συν-

2022 3861 2293 3915 ελθουσῶν
2325 3861 2417 3912 ἐπὶ
2431 3859 2477 3892 ³⁸
2506 3857 2746 3927 Χριστοῦ
2788 3859 3022 3927 φύσεων.
3047 3857 3174 3920 Τοῖς
3203 3854 3428 3928 μὲνγὰρ
3465 3855 3608 3925 μετᾶ

2019 3954 2119 4025 τὴν
2169 3952 2366 4006 ἕνωσιν
2398 3950 2474 4023 μὴ
2530 3949 2896 4020 φυλάττεσθαι
2943 3947 3043 4020 τὴν
3093 3947 3356 4020 διαφορὰν
3399 3947 3603 4018 ἐπῆλθε

2021 4043 2564 4117 φαντάζεσθαι,κτοῖς
2586 4043 2646 4097 δὲ
2685 4041 2958 4106 σώζεσθαι
2990 4041 3091 4112 τὴν
3117 4039 3382 4113 διαφορὰν
3406 4041 3440 4108 ὴ
3470 4041 3604 4111 ὁμο-

2020 4139 2180 4208 λογία
2206 4138 2418 4207 γέγονε.
2454 4135 2578 4209 [881
2616 4135 2711 4210 IL]
2746 4139 2878 4208 Διχῆ
2903 4135 2960 4189 δὲ
2999 4137 3096 4190 καὶ
3123 4129 3271 4189 οὗτοι
3306 4134 3595 4205 διετμήθη-

2021 4249 2144 4286 σαν.
2175 4231 2240 4285 Ol
2276 4230 2376 4300 μὲν
2401 4231 2512 4300 γὰρ
2555 4229 2656 4301 τὴν
2698 4227 2964 4299 διαφορὰν
3007 4225 3398 4298 ὁμολογοῦντες
3427 4223 3604 4288 σῶζε-ι

2021 4323 2147 4379 σθαι
2192 4324 2260 4377 τὰ
2314 4319 2390 4377 ὧν
2437 4319 2736 4392 ήδιαφορὰ
2783 4319 2977 4385 σώζειν
3009 4320 3073 4374 οὑ
3125 4319 3513 4390 βούλονταιόῑ
3544 4317 3604 4372 δὲ

333 4390 695 4452 ditl‘erentiam
742 4414 967 4456 manere
1009 4403 1238 4482 volunt,
1272 4405 1462 4462 nolunt
1494 4417 1672 4465 tamen
1703 4425 1764 4465 ea
1799 4390 1915 4466 nia-

2022 4417 2249 4472 κάκεῖνα
2279 4413 2387 4468 ὑπὸ
2429 4390 2528 4484 τῆς
2561 4390 2980 4484 ἀναγκαζούσης
3027 4411 3359 4476 ἀκολουθίας
3391 4427 3602 4481 συγχωυ

334 4500 463 4542 nere
501 4503 598 4558 per
639 4504 762 4560 quas
798 4493 1014 4550 exsistit
1053 4494 1381 4554 din‘erentia.
1420 4497 1525 4562 Alii
1565 4517 1693 4557 vero
1724 4512 1779 4557 et
1818 4504 1910 4560 illa

331 4592 587 4644 manere,
642 4593 870 4652 cogente
923 4588 1233 4649 necessaria
1283 4593 1672 4661 consequentia
1699 4635 1715 4660 ,
1767 4611 1912 4667 saepe

327 4669 693 4732 concedentes
725 4674 850 4745 (alia
898 4676 1013 4732 haec
1055 4687 1143 4732 est
1185 4679 1396 4739 insania
1434 4695 1600 4753 atque
1619 4687 1904 4757 amentia),

324 4761 460 4816 cluas
502 4769 684 4819 tamen
731 4775 958 4822 naturas
991 4769 1270 4847 appellare
1297 4772 1516 4842 penitus
1559 4787 1905 4837 aversantur.

326 4848 442 4909 Vox
482 4856 628 4911 enim
671 4859 799 4925 duo,
838 4859 1115 4931 inquiunt,
1147 4878 1244 4933 per
1275 4876 1460 4934 partes
1493 4879 1550 4924 et
1594 4885 1693 4941 per
1723 4886 1784 4930 se
1820 4889 1909 4929 res

323 4945 640 5003 diﬁ'erentes
677 4952 936 5007 ostendit.
982 4951 1080 5020 llis
1128 4955 1368 5020 breviter
1399 4961 1714 5036 disputatis,
1745 4966 1908 5039 longa

322 5037 705 5112 exhortatione
730 5041 877 5100 hunc
903 5059 1121 5118 quoque
1150 5048 1353 5109 librum
1386 5052 1526 5110 ﬁnit.

391 5151 570 5223 Aliam
610 5155 918 5222 orationem
957 5163 1238 5232 componit
1267 5174 1455 5222 contra
1490 5169 1753 5238 Agnoitas
1785 5174 1908 5236 sive

229 5257 234 5266 ‘
323 5245 646 5317 ignorantes.
709 5249 1008 5316 Monachus
1047 5265 1235 5330 autem
1289 5261 1556 5330 quosdam
1589 5264 1667 5318 ait
1700 5280 1768 5320 ex
1803 5265 1906 5323 Pa-

2022 4510 2242 4582 ροῦντες
2299 4507 2559 4570 πολλάκις
2593 4503 2783 4578 (ἄλλος
2829 4504 3002 4577 λῆρος
3049 4501 3211 4555 τοῦτο
3251 4501 3298 4534 ⁸⁸
3329 4499 3423 4554 καὶ
3464 4500 3603 4554 am-

2018 4599 2360 4672 παράνοια),
2402 4597 2496 4653 δύο
2531 4597 2738 4662 ταύτας
2779 4596 2960 4667 λέγειν
3010 4593 3272 4666 οὐμενοῦν
3317 4593 3429 4647 οὐδ’
3462 4591 3602 4655 ὅλως

2014 4694 2297 4764 ἀνέχονται
2317 4709 2333 4724 ο
2355 4694 2391 4764 ὴ
2423 4691 2535 4764 γὰρ
2579 4691 2674 4744 δύο
2713 4689 2889 4761 φωνὴ,
2923 4688 3112 4759 φασὶν,
3162 4685 3266 4741 ἀνὰ
3295 4685 3463 4757 μέρος
3508 4685 3602 4738 καὶ

2015 4785 2140 4841 καθ’
2187 4783 2359 4840 ἑαυτὰ
2423 4783 2494 4837 τὰ
2553 4781 2882 4853 διαφέροντα
2939 4778 3142 4850 τίθησι.
3175 4777 3366 4831 Ταῦτα
3409 4776 3506 4830 καὶ
3534 4775 3602 4830 τὸ

2015 4879 2238 4935 τοιαῦτα
2266 4880 2358 4933 διὰ
2407 4877 2657 4950 βραχέων
2696 4875 2943 4946 προθεὶς,
2995 4874 3091 4928 καὶ
3117 4873 3219 4945 τὴν
3280 4872 3600 4942 παραίνεσιν

2019 4970 2453 5042 πλατυνάμενος,
2484 4969 2688 5023 καὶτὸν
2719 4968 2966 5040 παρόντα
2999 4965 3308 5021 καταπαύει
3346 4963 3526 5034 λόγον.

2081 5177 2290 5249 Γράφει
2335 5173 2492 5243 λόγον
2537 5171 2727 5244 ἕτερον
2772 5171 2915 5227 κατὰ
2943 5169 3270 5240 Ἀγνοητῶν.
3309 5167 3599 5238 Μοναχοὺς

2011 5271 2069 5328 δέ.
2101 5288 2257 5336 τινας
2285 5269 2394 5324 τῶν
2447 5269 2514 5321 ὲκ
2563 5268 2664 5339 τῆς
2695 5265 2840 5322 κατὰ
2888 5266 2957 5320 τὰ
2991 5263 3341 5339 Ἰεροσόλυμα
3383 5263 3596 5334 ἐρήμου

1623 5423 1856 5486 νΑΙιιιΕ
1893 5427 2300 5490 LECTIONES.

395 5552 438 5586 “
469 5553 876 5640 ὲπερωτῷσαΔΑ
908 5573 926 5613 :
963 5558 1305 5640 ἐπι-ζητοῦσα
1339 5579 1400 5626 ς.
1460 5563 1522 5640 _”
1553 5565 1860 5640 ἐπεζήτησε
1897 5572 2000 5639 μέν
2033 5589 2094 5636 ς,
2171 5570 2217 5604 ⁵³
2249 5579 2376 5628 ante
2401 5569 2526 5622 ἐπεὶ
2559 5567 3074 5640 inseruerimﬁiqte.
3152 5563 3200 5596 “
3233 5558 3591 5640 ἐβουλόμεθα]

323 5619 434 5716 itm:
467 5625 529 5678 υὺ
571 5619 924 5716 βουλόμεθα.-
962 5630 1018 5716 1'
1045 5619 1583 5716 ἇτέηρυθριοῖσμὲνῳν
1614 5619 1720 5716 6::
1750 5619 2178 5716 δί’έκδῄεξάεῖένοι
2207 5619 2268 5706 ςξ

324 5691 459 5763 om;
499 5691 583 5758 ς(
638 5695 684 5727 ss
710 5691 804 5750 ξπὶ
833 5696 926 5752 τοῦ
961 5700 1066 5772 χρ,
1104 5691 1182 5766 (0-:-
1242 5691 1288 5735 ιδ
1319 5691 1476 5758 τοῦτο
1506 5708 1549 5760 Λ
1581 5723 1594 5758 ;
1624 5691 1793 5774 ὀὗτος

2371 5641 2416 5675 υτ
2452 5641 2530 5713 μὴ
2590 5639 2713 5696 εδδ,
2748 5642 2814 5693 Α,
2892 5637 2940 5670 ⁸⁸
2968 5635 3001 5690 ὁ
3035 5633 3305 5708 μερισμός
3350 5631 3396 5685 Δ
3425 5648 3442 5687 :
3470 5631 3588 5703 ὁρι-
