3964 6246
351 212 483 279 1081

1394 180 2007 279 BIBLIO’fHECA.-
2048 220 2210 281 eoo.
2252 218 2519 283 ccxxx.

3446 225 3599 294 1082'

345 328 560 397 κινῆσαι
604 323 753 395 λέγει
780 324 842 383 τὸ
867 325 1065 399 δόγμα,
1092 327 1143 383 οἳ
1173 326 1395 397 ἄγνοιαν
1419 328 1498 400 τῷ
1530 332 1721 401 Κυρίῳ
1746 329 1905 400 ἡμῶν

2014 331 2217 387 Iazstina
2264 335 2556 390 solitudine
2592 334 2860 391 excitasse
2899 336 3180 412 [pravum]
3223 339 3438 413 dogma,
3487 344 3580 413 qui

356 417 525 489 Ἰησοῦ
553 417 775 489 Χριστῷ
797 417 1122 490 περιάπτειν
1146 418 1470 491 ὑπήχθησαν
1494 417 1555 486 ἐξ
1577 413 1651 474 ὧν
1672 438 1734 474 τε
1754 417 1909 473 εἶπεν

342 510 502 574 αὐτός
520 526 536 543 ο
566 510 692 564 Ποῦ
724 512 1025 566 τεθείκατε
1056 509 1364 582 Λάζαρον;
1396 512 1487 567 καί
1505 528 1520 543 ο
1556 510 1767 578 Οὐδείς
1786 508 1910 566 οἵδε

343 604 455 671 τὴν
471 602 634 671 ὥραν
667 600 910 671 ἐκείνην
933 604 971 673 ἢ
1006 604 1123 674 τὴν
1156 605 1384 674 ἡμέραν
1414 604 1557 658 οὐδὲ
1586 605 1631 636 ⁶¹
1675 606 1711 658 ό
1749 606 1905 671 Υἱὸς.

344 696 444 748 καὶ
453 694 511 759 ἐξ
526 695 696 748 ἄλλων
710 713 948 749 τοιουτατ
956 696 1155 767 ρόπων.
1173 696 1232 749 '0
1247 697 1303 750 δὲ
1322 695 1466 768 ἰερδς
1477 695 1735 764 Εὑλόγιος
1752 691 1907 761 οὗτος

328 788 472 853 μδε
505 786 595 859 Η.]
630 787 753 841 οὔτε
774 788 918 842 κατά
941 789 1002 843 τὸ
1027 788 1386 860 ἀνθρώπινον,
1412 788 1590 859 πολλῷ
1614 790 1672 843 δὲ
1707 789 1907 860 μᾶλλον

343 880 459 932 οῦδὲ
490 880 631 932 κατά
658 880 718 932 τὸ
741 880 885 933 θεῖον
921 880 1133 948 ἀγνοεῖν
1154 882 1246 934 τὸν
1270 880 1472 951 Κύριον
1504 881 1660 951 ήμῶν
1702 881 1909 952 Ἰησοῦν

340 971 574 1040 Χριστὸν
603 971 727 1025 οῦτε
756 972 849 1025 τὸν
878 972 1048 1040 τάφον
1079 972 1172 1025 τοῦ
1195 972 1469 1043 Λαζάρου,
1508 972 1631 1026 οὔτε
1673 973 1772 1043 τὴν
1818 973 1908 1026 τέ-

339 1064 480 1116 λειον
521 1066 733 1133 ἡμέραν
762 1065 1108 1119 διατείνεται.
1141 1064 1279 1119 Οὔτε
1315 1066 1424 1137 γὰρ
1445 1066 1506 1119 τδ
1545 1066 1907 1138 ἀνθρώπινον,

339 1158 417 1218 εἰς
450 1156 578 1225 μίαν
616 1156 915 1211 ὑπόστασιν
948 1156 1197 1211 συνελθὸν
1226 1159 1292 1228 τῇ
1349 1158 1635 1229 ἀπροσίτῳ
1679 1159 1775 1211 καὶ
1819 1157 1911 1211 οὐ·

341 1249 520 1301 σιὼδει
553 1250 738 1317 σοφίᾳ,
767 1250 1029 1320 ἀγνοήσει
1050 1250 1115 1305 ἀν
1138 1267 1212 1315 τι,
1245 1248 1434 1321 ὥσπερ
1455 1249 1604 1303 οὐδὲν
1629 1249 1737 1303 τῶν
1763 1266 1908 1321 παρ-

337 1338 527 1404 όντων,
593 1340 737 1394 οῦτω
758 1340 821 1411 δὴ
849 1341 970 1394 οὐδὲ
1005 1340 1113 1394 τῶν
1161 1340 1461 1411 μελλόντων
1482 1382 1498 1407 ,
1528 1340 1654 1394 οὗτε
1683 1341 1908 1410 διαψευ-

337 1428 533 1497 σθῆναι
561 1428 785 1484 δύναται
813 1431 875 1483 τὸ
926 1432 1218 1503 εἰρημένον
1270 1433 1401 1502 παρ’
1446 1432 1648 1486 αὐτοῦ·
1698 1432 1908 1488 Πάντα

337 1520 455 1574 ὅσα
499 1522 626 1588 ἔχει
658 1524 690 1575 ὀ
738 1520 963 1589 Πατὴρ,
993 1520 1105 1590 ἐμά
1126 1522 1319 1587 ἐστιν,
1348 1524 1397 1575 εἰ
1441 1522 1516 1594 μὴ
1554 1524 1665 1593 ἄρα
1691 1525 1787 1577 καί⁸
1814 1523 1907 1577 τὸν

335 1614 556 1683 Πατέρα
588 1613 725 1684 πρὸς
744 1612 840 1683 τὴν
872 1612 1094 1681 ἄγνοιαν
1124 1614 1175 1667 οἰ
1204 1614 1383 1667 πάντα
1415 1614 1723 1685 τολμῶντες
1765 1632 1907 1687 παρ-

334 1705 632 1759 ελκύσωσι.
671 1704 743 1757 Τὸ
792 1706 975 1775 μέντοι
1015 1722 1081 1774 γε
1129 1706 1294 1773 φάναι
1318 1707 1412 1761 τὸν
1474 1708 1739 1778 Σωτῆραο
1781 1708 1907 1763 Ποῦ

333 1798 639 1850 τεθείκατε
695 1794 997 1863 Λάζαρον;
1044 1797 1125 1855 εἰς
1190 1797 1474 1849 ἐπίστασιν
1537 1795 1633 1848 καὶ
1686 1796 1908 1867 μνήμην

333 1887 539 1955 ἄγοντα
572 1887 617 1918 ⁸⁸
650 1887 776 1950 τοὺς
806 1886 1083 1955 παρόντας
1109 1887 1217 1940 τῶν
1259 1887 1531 1941 Ἰουδαίων
1563 1889 1760 1941 εἰπεῖν.
1795 1888 1909 1941 Καὶ

333 1979 394 2031 οὐ
421 1978 582 2031 τοῦτο
610 1978 793 2047 μόνον,
820 1978 957 2032 ἀλλά
986 1978 1080 2032 καὶ
1128 1978 1292 2049 ἕτερά
1332 1995 1453 2033 τινα
1482 1978 1906 2048 διαπράξασθαι,

334 2070 528 2141 ὥσπερ
554 2070 646 2123 τόο
678 2071 917 2125 Λύσατε
947 2070 1135 2124 αὐτὸν
1176 2069 1281 2123 καὶ
1316 2069 1498 2138 ἄφετε
1521 2067 1797 2139 ὑπάγειν,
1824 2069 1911 2124 ἵνα

333 2162 393 2227 ἐξ
421 2154 498 2215 ὧν
530 2178 589 2213 τε
626 2162 767 2216 κατά
810 2162 974 2232 μέρος
1004 2160 1144 2214 εἶδον
1174 2162 1269 2214 καὶ
1311 2161 1370 2227 ἐξ
1405 2154 1482 2215 ὧν
1508 2163 1771 2233 ἥκουσαν,
1821 2178 1911 2215 πι-

334 2254 464 2309 στὸν
489 2254 589 2324 μὲν
624 2255 687 2308 τὸ
709 2254 937 2323 ὁρᾶσθαι
969 2255 1059 2309 καὶ
1096 2254 1601 2327 ἀναμφισϐήτητον,
1630 2251 1909 2320 ἀνεξάλειι-

334 2364 473 2401 πτον
501 2346 558 2400 δὲ
591 2346 923 2417 παραδοθείη
966 2350 1032 2417 τῇ
1067 2347 1276 2419 μνήμη.
1304 2348 1467 2414 Λέγει
1509 2346 1567 2400 δὲ
1602 2347 1684 2401 ὅτι
1713 2347 1808 2401 καὶ
1842 2346 1910 2400 τὰ

334 2441 431 2492 ἐπὶ
454 2437 693 2510 Χριστοῦ
724 2439 990 2508 λεγόμενα
1013 2439 1082 2493 τὰ
1113 2438 1213 2508 μὲν
1256 2439 1398 2493 κατὰ
1429 2438 1730 2511 ἀναφορὰν,
1752 2440 1821 2493 τὰ
1852 2440 1911 2494 δὲ

333 2531 476 2584 κατά
501 2531 759 2602 ἀλήθειαν
788 2530 1029 2599 λέγεται·
1050 2530 1190 2584 κατά
1220 2530 1499 2599 ἀναφορὰν
1523 2530 1623 2601 μὲν
1642 2531 1706 2585 τὸ
1727 2533 1911 2604 ἀμαρο

334 2626 458 2677 τίαν
480 2625 644 2678 αὐτὸν
678 2625 773 2677 καὶ
800 2624 1047 2694 κατάραν
1071 2623 1211 2694 ὑπὲρ
1239 2624 1395 2694 ἡμῶν
1422 2624 1675 2691 γενέσθαι
1699 2625 1780 2681 (οὐ
1802 2626 1910 2695 γὰρ

331 2718 529 2785 γέγονε
574 2715 769 2779 ταῦτα,
798 2716 913 2769 ἀλλ’
968 2710 1055 2770 οἷα
1085 2716 1183 2786 τῆς
1238 2715 1484 2786 κεφαλῆς
1534 2718 1909 2788 οἰκειουμένης

331 2811 403 2862 τά
438 2808 532 2861 τοῦ
570 2808 700 2861 ἰδίου
733 2806 1006 2878 σώματος,
1038 2808 1200 2871 αὐτὸς
1231 2807 1302 2861 τὰ
1329 2808 1424 2862 τοῦ
1469 2808 1721 2881 σώματος
1771 2812 1907 2865 ἀνα-

328 2902 610 2970 δέχεται)·
666 2901 809 2954 κατὰ
841 2901 1101 2972 ἀλήθειαν
1144 2900 1201 2955 δὲ
1232 2900 1451 2969 λέγεται
1500 2901 1784 2972 ἄνθρωπός
1849 2919 1909 2956 τε

330 2996 620 3063 γεγονέναι
664 2995 760 3047 καὶ
787 2996 1042 3064 πεινῆσαι
1073 2995 1167 3048 καὶ
1214 2994 1438 3066 διψῆσαι
1484 2995 1676 3049 καὶτὰ
1721 2996 1905 3067 ὅμοια.
1936 3010 1979 3069 (ς

331 3089 501 3143 Ὥστε
530 3089 584 3141 εἰ
604 3106 691 3149 τις
726 3087 901 3142 ἐθέλοι
926 3088 1108 3157 λέγειν
1142 3088 1357 3157 ἀγνοεῖν
1404 3086 1567 3141 αὑτὸν
1603 3086 1744 3140 κατά
1774 3088 1909 3142 ἀνα-

329 3181 530 3252 φορὰν,
563 3181 639 3244 ὡς
676 3180 777 3234 οὑκ
806 3181 963 3245 ὲκτὺς
1012 3180 1233 3249 ἀγνοίας
1282 3180 1433 3244 ὄντος
1475 3179 1639 3234 αὐτοῦ
1673 3179 1767 3233 τοῦ
1800 3178 1908 3232 σώ-

329 3288 508 3342 ματος
560 3273 679 3342 ἦτοι
732 3274 832 3342 τῆς
883 3269 1232 3342 ἀνθρωπίνης
1296 3269 1595 3339 φύσεωςθδ,
1630 3266 1698 3341 ἦς
1757 3272 1910 3324 ἐστιν

329 3361 501 3424 αὐτὸς
530 3361 742 3433 κεφαλὴ
770 3362 835 3427 ⁵⁵,
867 3362 966 3415 οὐκ
1008 3360 1075 3414 ἂν
1122 3360 1222 3431 μὲν
1255 3360 1360 3425 ἔξω
1387 3359 1480 3413 τοῦ
1516 3350 1727 3425 εἰκότος
1755 3378 1911 3431 περι-

325 3453 604 3524 ενεχθείη,
628 3454 690 3507 οὐ
728 3452 834 3523 μὴν
878 3452 1178 3520 ἀγνοοῦντα
1210 3452 1308 3522 τὴν
1335 3451 1429 3505 τοῦ
1461 3453 1676 3523 Πατρὸς
1716 3454 1910 3522 σοφίαν

325 3545 626 3609 δοξάσειεν.
686 3545 825 3598 Ἀλλ’
880 3548 928 3599 εἰ
980 3545 1078 3598 τό·
1142 3544 1268 3600 Ποῦ
1322 3545 1620 3600 τεθείκατε
1673 3546 1905 3611 αὐτόν-ς

326 3639 561 3705 ἄγνοιαν
586 3635 682 3689 τοῦ
736 3635 975 3707 Χριστοῦ
1020 3638 1349 3707 κατηγορεῖν
1397 3637 1522 3701 τοὺς
1551 3636 1910 3700 ἀπαιδεύτους

326 3726 615 3791 ἀνέπεισε,
650 3725 767 3790 πῶς
790 3726 915 3797 οὐχὶ
940 3727 1033 3780 καὶ
1054 3726 1134 3798 τῷ
1164 3730 1339 3797 Πατρὶ
1374 3728 1475 3797 τὴν
1498 3728 1665 3799 αὐτὴν
1690 3728 1913 3796 ἄγνοιαν

324 3806 690 3887 ἑπιρῤίψουσι
737 3815 1219 3887 διαπυνθανομένῳ
1265 3816 1360 3869 καὶ
1402 3815 1613 3885 λέγοντι
1643 3816 1782 3886 πρὸς
1820 3816 1912 3869 τὸν

339 3908 545 3977 Ἀδάμ·
592 3908 716 3962 Ποῦ
739 3905 831 3971 el;
865 3907 959 3961 καὶ
1002 3906 1140 3977 πρὸς
1181 3908 1274 3960 τὸν
1331 3906 1754 3977 ἀδελφοκτόνον
1786 3906 1912 3963 Ποῦ

323 4000 505 4053 ἐστιν
533 3998 697 4053 Ἀὄέλ
731 4002 765 4053 ὀ
798 3998 1064 4067 ἀδελφός
1094 4013 1249 4062 σου;
1286 3998 1379 4053 καί
1399 4016 1413 4029 θ
1445 3999 1690 4068 Κραυγὴ
1729 3998 1913 4054 Σοδό-

322 4107 459 4160 μων
490 4090 591 4144 καὶ
612 4089 925 4159 Γομόρῤας
954 4089 1391 4155 πεπλήθυνται,
1424 4092 1523 4143 καί
1554 4092 1614 4143 al
1637 4090 1913 4159 ἁμαρτίαι

326 4181 533 4237 αὐτῶν
552 4183 807 4253 μεγάλαι
831 4183 1069 4252 σφόδρα
1088 4198 1102 4212 ο
1124 4184 1384 4247 καταϐὰς
1409 4182 1454 4215 ⁸⁵
1479 4177 1595 4237 οὖν
1613 4182 1834 4252 ὄψομαι
1860 4184 1914 4238 εί

326 4274 487 4329 κατὰ
541 4274 659 4344 τὴν
703 4276 974 4345 κραυγὴν
1004 4275 1205 4329 αὐτῶν
1241 4275 1679 4330 συντελοῦνται
1701 4315 1716 4340 ,
1743 4279 1795 4329 εὶ
1845 4274 1914 4328 δὲ

2020 426 2248 480 Domino
2292 436 2479 482 nostro
2522 426 2647 483 Iesu
2701 428 2922 484 Christo
2975 431 3360 499 ignorantiam,
3406 448 3472 487 ex
3518 433 3587 489 iis

2016 534 2134 586 qum
2161 519 2276 587 ipse
2308 520 2462 586 dixit,
2492 521 2770 590 assignare
2795 523 2971 577 conati
3002 535 3131 578 sunt
3164 543 3178 579 :
3204 522 3307 578 Ubi
3335 527 3584 592 posuistis

2015 608 2278 662 Lazarum
2296 612 2354 664 ³7
2381 611 2580 683 [inquit
2600 613 2879 685 Dominus]
2901 626 2955 667 et
2982 633 2994 669 :
3031 615 3196 669 Nemo
3221 617 3360 669 novit
3383 619 3582 683 horam,

2015 712 2104 753 aut
2131 701 2267 752 diem
2288 702 2435 753 illuni
2466 743 2481 767 ,
2515 718 2675 770 neque
2712 701 2886 757 Filius
2910 704 3137 758 hominis
3170 713 3217 772 ο,
3254 718 3414 774 atque
3458 707 3586 760 item

2015 808 2080 847 ex
2110 793 2228 846 aliis
2264 795 2364 846 hoc
2396 810 2563 860 genus
2596 797 2798 850 verbis.
2847 797 3080 851 Sanctus
3110 808 3289 852 autem
3335 798 3586 867 Eulogius

2016 883 2148 949 iste,
2191 883 2466 938 Christum
2514 884 2697 941 Jesum
2751 887 3035 941 Dominum
3088 900 3361 953 nostrum,
3413 906 3586 959 neque

2014 982 2310 1031 secundum
2348 980 2740 1033 humanitatem
2772 982 3011 1049 quidem,
3045 982 3212 1034 multo
3246 982 3426 1036 minus
3455 998 3584 1037 vero

2014 1071 2310 1124 secundum
2344 1071 2680 1137 divinitatem
2714 1072 2996 1141 ignorasse
3030 1072 3333 1140 sepulcrum
3368 1072 3583 1139 Lazari,

2014 1174 2193 1236 neque
2223 1168 2385 1221 etiam
2427 1168 2573 1221 illum
2613 1169 2859 1222 ultimtuu
2890 1170 3031 1223 diem
3064 1171 3363 1223 contendit.
3402 1169 3589 1238 Neque

2012 1259 2156 1313 enim
2224 1259 2532 1314 immanitas
2597 1259 2801 1315 Christi
2868 1260 2921 1314 in
2975 1277 3136 1314 unam
3182 1261 3583 1315 inaccessibilis

2013 1359 2067 1406 et
2128 1351 2499 1404 substantialis
2588 1350 2867 1420 sapientiae
2957 1351 3270 1419 hypostasin
3351 1351 3586 1405 admissa

2013 1440 2303 1511 quidquam
2344 1439 2491 1495 velut
2531 1455 2711 1495 rerum
2753 1441 3123 1508 praesentium,
3157 1440 3229 1494 ita
3279 1438 3585 1493 futurarum

2011 1535 2214 1606 poterit
2261 1533 2559 1603 ignorare:
2600 1548 2775 1603 neque
2820 1532 3010 1586 falsum
3059 1547 3179 1586 esse
3227 1541 3401 1602 potest
3442 1532 3587 1599 quod

2013 1627 2150 1680 dixit
2181 1644 2195 1680 :
2228 1622 2421 1679 Omnia
2464 1641 2783 1696 quaecunque
2826 1625 2979 1677 habet
3017 1623 3196 1689 Pater,
3228 1642 3341 1678 mea
3373 1633 3495 1677 sunt
3533 1634 3583 1687 ι),

2009 1717 2110 1773 nisi
2163 1727 2219 1772 et
2276 1716 2461 1781 Patri,
2522 1715 2654 1769 nihil
2704 1731 2809 1770 non
2854 1717 3157 1779 audentes,
3218 1715 3581 1782 ignorantiam

2010 1810 2304 1865 ascribent.
2339 1807 2629 1863 Enimvero
2661 1808 2763 1863 hoc
2793 1808 2937 1877 quod
2981 1808 3119 1862 dixit
3164 1806 3413 1861 Salvator
3440 1825 3451 1860 :
3483 1804 3586 1860 Ubi

2007 1901 2255 1970 posuistis
2281 1899 2585 1954 Lazarum?
2619 1914 2685 1954 eo
2725 1899 2929 1954 dixisse
2966 1899 3063 1961 ait,
3100 1908 3157 1952 ut
3198 1899 3248 1951 id
3288 1905 3587 1967 praesentes

2008 1992 2175 2048 Judaei
2208 1993 2433 2055 scirent,
2469 1993 2792 2060 illorumque
2824 1991 3143 2046 memoriam
3174 1989 3438 2043 ﬁrmaret.
3472 1988 3587 2042 Imo

2011 2100 2115 2138 non
2154 2085 2255 2138 hoc
2284 2083 2481 2147 solum,
2510 2084 2602 2137 sed
2650 2094 2705 2137 et
2755 2082 2861 2136 alia
2911 2083 3153 2151 quaedam
3194 2081 3244 2134 id
3291 2095 3461 2151 genus
3502 2080 3585 2134 fe-

2009 2178 2149 2229 cisse
2198 2173 2467 2233 aﬂirmat.
2521 2184 2581 2228 ut
2629 2173 2760 2227 illud
2813 2190 2829 2228 :
2882 2172 3083 2227 Solvite
3130 2188 3283 2236 eum,
3330 2182 3376 2224 et
3428 2171 3587 2223 sinite

2010 2266 2153 2319 abire
2186 2274 2237 2325 tt.
2283 2275 2344 2318 ut
2381 2280 2447 2319 ex
2494 2264 2560 2318 iis
2594 2280 2712 2333 quas
2759 2264 3043 2333 speciatim
3080 2264 3344 2327 viderant,
3377 2271 3431 2315 et
3466 2278 3587 2331 quae

2012 2356 2313 2420 audierant,
2345 2354 2503 2408 ﬁdem
2535 2355 2815 2410 oculorum
2859 2364 3109 2409 testatam
3145 2363 3200 2407 et
3231 2354 3584 2406 indubitatam

2013 2443 2262 2517 [Judaeis]
2312 2444 2554 2509 faceret;
2614 2443 2889 2498 memoria:
2936 2458 3066 2498 vero
3120 2443 3331 2497 illorum
3389 2442 3587 2495 factum

2013 2551 2284 2604 nunquam
2325 2536 2743 2590 oblitterandum
2791 2534 3126 2606 inﬁgeretur.
3198 2532 3361 2589 Docet
3423 2535 3588 2587 etiam

2011 2627 2114 2680 alia
2149 2629 2215 2681 de
2255 2626 2477 2682 Christo
2529 2628 2671 2680 dicta
2725 2639 2821 2696 per
2856 2625 3106 2695 figuram,
3138 2626 3243 2679 alia
3291 2624 3586 2678 secundum

2013 2719 2088 2771 rei
2156 2718 2461 2773 veritatem.
2522 2716 2779 2786 Figurate
2831 2716 3032 2771 dicitur
3086 2714 3235 2768 illum
3286 2730 3382 2783 pro
3434 2713 3597 2769 nobis

2010 2809 2207 2882 2841)
2232 2820 2510 2879 peccatum
2546 2818 2602 2864 et
2630 2808 2973 2863 maledictum
3006 2806 3208 2863 factum
3239 2823 3385 2874 esse;
3418 2824 3591 2876 neque

2011 2904 2155 2956 enim
2201 2900 2303 2955 fuit
2346 2901 2642 2970 quidquam
2684 2900 2903 2955 horum.
2938 2898 3046 2954 Sed
3076 2900 3241 2955 veluti
3285 2900 3387 2953 sihi
3429 2908 3595 2968 caput

2012 2992 2254 3049 vindicat
2289 3008 2351 3047 ea
2388 3007 2510 3062 qua:
2548 3003 2676 3047 sunt
2712 2990 2907 3061 reliqui
2940 2991 3205 3059 corporis,
3238 2991 3307 3044 ita
3340 2990 3591 3045 Christus

2011 3102 2075 3141 ea
2105 3101 2225 3155 quae
2261 3088 2509 3155 corporis
2545 3093 2672 3139 sunt
2720 3084 2822 3140 sibi
2868 3084 3128 3154 assignat.
3161 3082 3469 3138 Secundum
3514 3092 3593 3136 re;

2011 3182 2296 3236 veritatem
2328 3190 2508 3233 autem
2542 3178 2745 3233 dicitur
2777 3178 2942 3233 homo
2972 3177 3165 3239 factus,
3210 3188 3266 3231 et
3307 3177 3597 3244 esuriisse,

2012 3282 2069 3326 et
2115 3271 2372 3338 sitivisse,
2412 3279 2466 3324 et
2517 3270 2620 3325 hoc
2674 3284 2846 3339 genus
2894 3268 3116 3323 similia.
3160 3268 3315 3334 Quod
3365 3268 3409 3330 si
3461 3282 3593 3334 ergo

2012 3365 2137 3435 quis
2185 3363 2315 3418 velit
2360 3363 2562 3428 dicere,
2602 3377 2724 3417 eum
2762 3361 2992 3431 ﬁgurate
3029 3372 3083 3416 et
3124 3360 3457 3429 anaphorica
3496 3360 3606 3413 ali-t

2013 3457 2142 3526 quid
2179 3456 2447 3523 ignorare,
2480 3469 2547 3508 eo
2575 3455 2718 3522 quod
2756 3468 2956 3524 corpus
2997 3467 3104 3506 nou
3140 3454 3211 3507 sit
3254 3462 3407 3506 extra
3445 3452 3597 3521 igno-

2017 3551 2272 3612 rantiam,
2304 3558 2394 3601 aut
2428 3548 2664 3602 humana
2695 3562 2797 3602 vox
2830 3547 2984 3617 cujus
3027 3548 3141 3617 ipse
3182 3556 3342 3615 caput
3379 3557 3483 3610 est,
3550 3546 3606 3601 is

2014 3658 2120 3696 non
2177 3641 2410 3695 absurde
2463 3640 2739 3710 loquetur,
2788 3652 2965 3708 neque
3004 3638 3224 3692 interim
3281 3637 3461 3692 Patris
3510 3653 3598 3692 sa-

2016 3734 2272 3801 pientiam
2336 3732 2619 3802 ignorasse
2677 3730 2879 3799 aliquid
2933 3731 3168 3785 docebit.
3232 3730 3337 3784 Sed
3399 3731 3445 3783 si
3507 3729 3597 3782 illa

2012 3822 2176 3878 verba
2210 3841 2224 3878 τ
2257 3821 2355 3877 Ubi
2395 3823 2648 3893 posuistis
2669 3839 2785 3877 eum
2814 3823 2840 3877 ?
2873 3823 2940 3877 ad
2967 3823 3169 3876 Christi
3205 3822 3392 3890 ipsius,
3427 3822 3599 3890 impe-

2017 3917 2105 3971 riti
2156 3916 2435 3980 homines,
2480 3915 2723 3971 referunt
2769 3914 3153 3985 ignorantiam,
3187 3914 3460 3983 quomodo
3492 3930 3599 3966 non

2014 4005 2259 4061 eamdem
2279 4007 2636 4077 ignorantiam
2660 4007 2713 4061 in
2739 4006 2949 4061 Patrem
2972 4006 3239 4072 rejicieut,
3281 4008 3496 4073 quando
3520 4006 3591 4057 in.

2017 4110 2256 4171 terrogat
2304 4110 2359 4155 et
2404 4100 2533 4155 dicit
2556 4101 2621 4153 ad
2637 4101 2904 4154 Adamum
2940 4120 2956 4154 :
2991 4098 3089 4153 Ubi
3111 4117 3165 4154 es
3203 4100 3265 4153 r?
3293 4110 3346 4153 et
3393 4102 3457 4153 ad
3488 4100 3603 4153 [το-

2018 4194 2261 4247 tricidam
2287 4211 2298 4246 :
2343 4190 2445 4247 Ubi
2468 4203 2540 4247 est
2581 4191 2709 4246 Abel
2727 4192 2892 4260 frater
2916 4200 3073 4245 tuuss
3092 4192 3117 4244 ?
3144 4202 3199 4245 et
3229 4191 3479 4246 :Clamor
3506 4188 3591 4243 So-

2016 4289 2292 4338 domorum
2321 4296 2368 4339 et
2403 4282 2865 4337 Gomorrhazorum
2883 4283 3265 4351 multiplicatus
3286 4294 3381 4347 est,
3412 4293 3457 4335 et
3480 4299 3599 4350 pec-

322 4367 438 4438 μῆν
468 4368 570 4422 ἶνα
623 4367 766 4437 γνῶ.
812 4368 1023 4439 Ἐρωτᾷ
1068 4368 1125 4423 δὲ
1170 4368 1265 4421 καί¹
1298 4370 1326 4421 ό
1370 4366 1577 4440 Ἰησοῦς
1623 4367 1685 4421 τὸ
1729 4367 1910 4435 δαιμό-

2018 4386 2141 4430 cata
2170 4391 2347 4429 eorum
2383 4390 2575 4443 magna
2607 4372 2759 4427 valde
2798 4388 2818 4426 :
2846 4374 3162 4426 descendam
3192 4387 3314 4440 ergo
3342 4382 3389 4424 et
3419 4371 3603 4429 videbo

327 4480 445 4517 νιον
464 4480 479 4493 ·
523 4464 585 4518 Τί
616 4462 807 4531 ὄνομὰ
836 4477 968 4525 σοι;
1001 4462 1224 4514 κάκεῖνο
1256 4459 1613 4531 ἀποκρίνεται
1635 4474 1649 4489 ’
1677 4457 1912 4528 Λεγεὼν

328 4552 525 4623 ὄνομά
547 4571 671 4622 μοι,
701 4553 791 4607 ὅτι
837 4552 1060 4607 πολλοί
1094 4552 1305 4619 ἐσμεν.
1346 4548 1506 4605 Ἀλλὰ
1543 4549 1640 4603 καὶ
1675 4550 1787 4612 τοῖς
1821 4565 1914 4602 τυ-

328 4647 488 4717 φλοῖς
519 4646 700 4715 λέγει·
740 4646 802 4700 Τί
824 4644 1029 4711 θέλετε
1048 4643 1282 4711 ποιήσω
1317 4641 1495 4712 ὐμῖν;
1536 4640 1633 4694 καὶ
1665 4640 1782 4699 πῶς
1811 4642 1913 4695 οὐκ

336 4742 459 4795 ἐστι
483 4740 655 4795 ταῦτα
680 4741 912 4810 φανερὸν
932 4738 1007 4803 ὡς
1032 4740 1134 4792 οὐκ
1158 4736 1380 4807 ἀγνοίας
1404 4732 1493 4809 ἦν,
1512 4734 1649 4790 ἀλλὰ
1669 4737 1730 4789 τὸ
1754 4736 1851 4806 μὲν
1869 4737 1915 4770 ⁸⁸

329 4833 596 4904 ἐπερωτᾷ
621 4833 716 4887 ἀπ’
747 4832 912 4887 αὑτοῦ
937 4832 1032 4886 τοῦ
1058 4831 1335 4902 δαιμονίου
1368 4829 1495 4903 [884
1514 4828 1609 4901 Β.]
1631 4831 1692 4883 τὸ
1714 4830 1917 4901 πλῆθος

332 4924 445 4978 τῶν
476 4926 881 4979 κατοικούντων
926 4927 1039 4990 τοῖς
1096 4923 1364 4997 μαθηταῖς
1410 4921 1675 4986 ἐπιδεῖξαι
1726 4921 1917 4991 βουλόο

337 5032 525 5086 μενος,
560 5016 637 5079 ὡς
660 5018 703 5049 ⁸⁷
754 5017 823 5071 ἂν
858 5016 1082 5088 μάθοιεν
1125 5016 1201 5079 ὡς
1257 5015 1352 5070 καὶ
1404 5014 1516 5069 τῶν
1549 5014 1761 5068 πολλῶν
1814 5014 1915 5086 ἤδη

336 5108 717 5178 περιγέγονεν,
735 5110 921 5164 πίστιν
941 5109 1128 5173 αὐτοῖς
1149 5109 1194 5141 ⁸⁸
1216 5109 1312 5162 καὶ
1342 5106 1545 5179 θάρσος
1564 5106 1794 5170 ἐντιθεὶς
1809 5106 1918 5165 τοῦ

335 5199 557 5253 πατεῖν
574 5199 774 5255 ἐπάνω
788 5200 987 5270 ὄφεων
1016 5201 1118 5255 καὶ
1153 5201 1463 5269 σκορπίων
1474 5199 1576 5254 καὶ
1592 5199 1693 5254 ἐπὶ
1710 5196 1910 5257 πᾶσαν

2029 5197 2397 5269 superiorem,
2446 5205 2501 5250 et
2556 5197 2714 5251 tidem
2774 5196 2959 5250 ﬁrmet
3008 5211 3024 5250 :

413 5318 442 5347 ιι
466 5308 624 5367 Joan.
658 5328 754 5376 x1,
783 5314 874 5369 54.
915 5323 941 5351 ο
974 5314 1139 5370 Marc.
1176 5330 1298 5374 xm.
1325 5313 1418 5369 ὅθ.
1493 5329 1525 5366 p
1550 5311 1708 5368 Joan.
1755 5329 1868 5379 xvr,
1899 5315 1910 5368 ί

2065 5322 2095 5364 ει
2125 5312 2255 5367 ibid.
2285 5311 2377 5367 35.
2457 5318 2480 5349 ι’
2510 5307 2648 5366 Gen.
2681 5324 2764 5375 tu,
2793 5309 2852 5366 9.

340 5393 500 5447 xvtu,
540 5381 633 5439 9.0.
711 5391 740 5421 ιι
773 5384 942 5441 Marc.
976 5401 1031 5453 ν,
1061 5386 1113 5441 9.
1192 5394 1213 5423 ν
1251 5384 1445 5440 Matth.
1479 5400 1572 5450 xx,
1602 5383 1694 5438 52.

2020 4479 2196 4523 utrum
2213 4468 2496 4522 clamorem
2514 4482 2666 4519 suum
2686 4464 2801 4537 [qui
2827 4466 2973 4520 venit
2991 4465 3056 4517 ad
3080 4464 3186 4534 me]
3209 4479 3361 4530 opere
3376 4462 3600 4532 comple-

2020 4560 2180 4616 uerint
2198 4574 2375 4623 necne,
2392 4567 2447 4611 ut
2462 4557 2679 4611 sciam‘.
2695 4555 3001 4622 luterrogat
3014 4565 3069 4610 et
3084 4554 3242 4609 Jesus
3255 4554 3601 4608 daemonium:

2023 4652 2179 4719 Quod
2228 4649 2324 4705 tibi
2374 4665 2561 4705 nomen
2607 4648 2728 4703 est?
2765 4659 2820 4703 et
2882 4647 3010 4702 illud
3062 4646 3406 4715 respondet:
3445 4644 3600 4713 Legio

2023 4744 2153 4799 mihi
2187 4759 2372 4795 nomen
2406 4750 2505 4806 est,
2544 4742 2667 4811 quia
2695 4741 2849 4793 multi
2870 4746 3128 4794 sumus“.
3165 4738 3304 4804 Quin
3339 4745 3395 4791 et
3431 4752 3601 4791 caecos

2023 4831 2327 4899 interrogat
2356 4847 2371 4883 :
2399 4828 2540 4892 Quid
2567 4828 2725 4883 vultis
2755 4829 2953 4897 faciam
2979 4828 3123 4881 vobis
3146 4827 3212 4879 V?
3240 4827 3306 4882 Et
3336 4828 3601 4896 quomodo

2026 4939 2132 4979 non
2170 4932 2337 4990 patet,
2372 4922 2485 4976 haec
2531 4936 2636 4976 nou
2681 4935 2747 4975 ex
2795 4920 3103 4989 ignorantia
3141 4918 3410 4988 quaesita?
3441 4916 3546 4971 Sed
3578 4934 3602 4968 a

2029 5011 2365 5070 daemonibus
2403 5013 2618 5080 quidem
2653 5012 2867 5078 quaerit,
2898 5019 3100 5078 quanta
3135 5010 3206 5063 sit
3238 5008 3602 5063 obsidentium

2031 5105 2339 5169 multitudo,
2372 5104 2726 5173 utdiscipulis
2753 5104 3008 5159 ostendat
3039 5118 3100 5159 se
3124 5102 3235 5170 jam
3270 5100 3453 5156 multis
3484 5114 3603 5154 esse

3077 5195 3403 5265 animosque
3460 5192 3605 5246 addit

2948 5294 3140 5364 'IGen.
3170 5321 3246 5374 tv,
3275 5305 3332 5363 9.
3414 5306 3433 5344 ι
3464 5304 3604 5361 Gen.

1634 5475 1867 5531 VARIA3
1898 5473 2307 5533 LECTIONES.

416 5566 460 5598 “
482 5568 583 5640 ήμ.
614 5570 831 5641 εκείνην
858 5570 983 5627 οὐδέ
1015 5588 1075 5637 ς.
1152 5570 1197 5601 ⁸³
1225 5570 1488 5641 ὲνάγοντα
1516 5572 1581 5625 Α.

342 5640 593 5706 autem;
621 5659 682 5706 ς.
760 5640 805 5675 ⁵⁸
834 5644 932 5714 μέν
953 5643 998 5697 Α
1032 5656 1045 5693 :
1082 5641 1191 5712 μὴν
1222 5659 1283 5707 ς.

1680 5570 1724 5602 ⁸⁸
1758 5566 1974 5637 φύσεως
2002 5568 2048 5621 Α
2083 5585 2100 5623 :

1381 5642 1425 5674 ⁸⁷
1453 5641 1529 5708 ὼς
1563 5652 1688 5698 ante
1722 5640 1819 5696 καὶ
1865 5641 1992 5696 add.
2021 5640 2090 5696 Δ.

2140 5566 2326 5639 φωνῆς
2353 5584 2419 5639 ςε
2491 5568 2539 5639 σε
2566 5566 2727 5629 αὐτὸς
2755 5566 2791 5639 ἠ
2824 5563 3035 5639 κεφαλὴ
3070 5582 3131 5633 ς·

3208 5564 3253 5600 ⁵⁵
3274 5563 3479 5637 σφόδρα
3506 5564 3603 5621 καὶ

2172 5635 2453 5711 ’θδῦαύτοῖς
2478 5638 2679 5694 πίστιν
2706 5635 2788 5703 ς(
2903 5635 2915 5639 ⁷
3023 5635 3033 5638 ⁷
3224 5660 3227 5667 ·
