3964 6246
422 277 597 345 ’1083

1558 275 1827 337 PHOTII
1865 242 2374 335 mmmam;
2401 271 2515 335 cp.

3559 256 3684 325 1084

453 387 696 440 calcandi
744 402 903 456 super
958 397 1216 453 serpentes
1273 392 1325 439 et
1378 385 1697 453 scorpiones.
1746 394 1798 441 et
1867 399 2027 453 super

2127 381 2243 451 τὴν
2257 381 2517 451 δύναμιν
2529 375 2638 433 τοῦ
2657 373 2896 447 ἐχθροῦ.
2921 372 3060 437 Τοὺς
3085 368 3316 440 τυφλοὺς
3354 367 3414 423 τι
3450 368 3686 443 ἐπερωτᾷ

454 496 657 532 omnem
691 481 936 532 virtutem
966 477 1169 530 inimici
1194 486 1242 530 ι.
1274 476 1461 532 Caecos
1501 488 1680 533 autem
1712 478 2030 547 interrogat,

454 582 516 624 ut
545 573 863 640 petitionem
892 571 961 623 ab
992 570 1098 624 illis
1141 570 1348 623 eliciat.
1388 569 1656 637 Quantum
1688 570 1832 624 enim
1872 572 2033 624 bene-

457 663 639 715 licium
673 679 736 715 ex
771 662 1031 732 petitione
1068 662 1395 731 accipimus,
1436 671 1649 717 tantum
1671 661 1936 717 aﬂicimur
1964 661 2031 715 ad

457 754 787 809 beneficium
842 756 1108 827 [agnitum
1165 754 1243 825 et]
1302 764 1609 825 acceptum.
1658 754 1790 809 Illud
1850 765 2030 808 autem

452 849 596 912 quod
652 847 718 900 de
768 860 1016 901 extremo
1065 847 1253 914 judicii
1303 847 1392 902 die
1448 847 1675 910 dictum,
1721 847 1862 917 quod
1901 848 2032 904 illud

455 952 618 992 nemo
658 940 827 1003 novit,
866 955 1040 1008 neque
1074 938 1273 1008 angeli,
1307 953 1482 1008 neque
1522 938 1714 1002 Filius,
1754 941 1854 995 nisi
1888 943 2034 999 solus

455 1028 637 1094 Pater,
681 1032 733 1084 id
765 1032 983 1099 quidam
1024 1032 1095 1085 ob
1131 1045 1253 1085 eam
1301 1030 1567 1085 rationem
1605 1031 1807 1085 dictum
1841 1033 2033 1088 existi-

455 1132 627 1186 mant,
659 1133 714 1175 ut
744 1122 994 1192 discipuli
1038 1121 1288 1175 arbitrati
1316 1122 1558 1189 quotidie
1596 1122 1738 1197 diem
1782 1122 2031 1178 ultimum

456 1213 741 1268 imminere
772 1228 987 1281 semper
1026 1213 1339 1282 vigilarent.
1386 1210 1492 1266 Sed
1530 1213 1662 1266 nihil
1689 1213 1870 1267 obstat
1896 1229 2033 1284 quo-

455 1309 638 1363 minus
696 1319 753 1362 et
816 1311 919 1363 hoc
980 1308 1214 1379 ﬁgurate
1291 1310 1495 1363 dictum
1561 1309 2029 1377 interpretemur,

455 1400 912 1469 quemadmodum
984 1412 1040 1454 et
1114 1402 1240 1454 illud
1299 1420 1312 1455 :
1372 1400 1452 1453 Tu
1515 1401 1617 1454 scis
1678 1402 2036 1467 insipientiam

454 1500 714 1553 meum},
748 1503 801 1545 et
849 1492 999 1552 illud,
1063 1491 1222 1556 Deus,
1271 1491 1412 1545 Deus
1457 1508 1620 1553 meus,
1674 1501 1729 1543 ut
1783 1491 1907 1559 quid
1955 1507 2037 1545 me

453 1583 780 1650 dereliquisti
813 1584 875 1636 1?
908 1585 1047 1639 Sunt
1079 1585 1168 1652 qui
1199 1592 1458 1638 censeant
1487 1584 1637 1636 illum
1669 1582 1869 1637 dixisse
1891 1584 2034 1651 quod

458 1675 738 1744 ignoraret
764 1675 1009 1728 ultimum
1036 1677 1200 1741 diem,
1228 1686 1287 1729 ut
1313 1677 1563 1730 humana:
1590 1684 1797 1729 natura;
1824 1675 2033 1745 signum

459 1739 734 1835 p'ropriutn
770 1765 916 1836 quod
955 1766 1033 1819 illi
1073 1739 1236 1830 inest,
1276 1766 1581 1820 declararet
1606 1775 1662 1820 et
1687 1739 2030 1833 ostenderet;
2068 1739 2109 1799 Β

458 1870 567 1908 non
602 1856 750 1923 quod
787 1858 899 1924 ipse
940 1856 1215 1925 ignoraret
1250 1874 1265 1909 :
1303 1856 1481 1909 absit!
1519 1856 1685 1928 [quod
1729 1857 1843 1924 ipse
1883 1858 2035 1927 igno—

460 1946 648 2020 rarit].
692 1947 1016 2018 Quicunque
1054 1948 1197 2002 enim
1262 1948 1349 2001 vel
1393 1948 1659 2002 divinitati
1710 1948 1898 2017 ipsius,
1949 1948 2035 2003 vel

460 2037 786 2092 humanitati
824 2038 1187 2108 ignorantiam
1225 2037 1425 2107 285a
1466 2038 1727 2101 ascribet,
1760 2054 2035 2108 nunquam

459 2131 779 2184 certissima:
810 2132 1132 2186 temeritatis
1154 2132 1361 2184 crimen
1396 2128 1633 2199 etl‘ngiet.
1671 2130 1778 2185 Sed
1807 2145 1953 2199 cum,
1977 2140 2037 2185 ut

459 2224 653 2276 beatus
694 2218 929 2291 Cyrillus
980 2222 1157 2286 docet,
1195 2221 1379 2275 subtili
1437 2224 1633 2276 mentis
1683 2234 1944 2292 conceptu
1982 2232 2037 2278 et

460 2313 629 2365 animi
671 2313 999 2381 imaginibus
1039 2329 1135 2382 per
1181 2313 1713 2381 contemplationem,
1756 2330 1870 2387 rem
1909 2330 1939 2368 a
1979 2329 2037 2369 re

461 2401 791 2466 dividimus,
846 2413 958 2457 tum
1009 2404 1257 2458 videmus
1314 2404 1561 2475 proprias
1600 2417 1807 2461 naturae
1837 2406 2039 2461 utrius-

460 2508 590 2564 que,
633 2505 693 2548 ut
730 2494 784 2549 in
832 2510 891 2549 se
936 2506 1040 2562 est,
1092 2505 1249 2552 notas
1298 2506 1352 2550 et
1392 2497 1769 2565 proprietates.
1817 2498 1945 2563 Aut,
1977 2507 2040 2553 ut

461 2583 756 2655 Gregorius
785 2584 1090 2657 Theologus
1123 2587 1311 2653 tradit,
1346 2588 1561 2657 quando
1593 2597 1798 2643 natura:
1830 2590 2038 2647 ratione

461 2678 894 2749 distinguuntur,
923 2682 1089 2736 etiam
1134 2681 1352 2734 nomina
1402 2692 1721 2736 naturarum
1754 2681 1915 2736 simul
1956 2682 2040 2737 di-

463 2771 745 2825 viduntur.
778 2770 885 2826 Sed
919 2772 1075 2825 nuda:
1108 2785 1367 2839 paratque
1418 2770 1778 2825 humanitatis
1824 2772 2036 2841 signum

2130 474 2437 544 οἰκονομῶν
2462 473 2523 539 ἐξ
2553 470 2738 525 αὐτῶν
2778 465 3157 538 προσαχθῆναι
3184 463 3283 535 τὴν
3308 464 3549 531 αἰτησιν·
3574 464 3686 515 ὅσον

2130 567 2241 636 γὰρ
2271 562 2551 626 αἰτοῦντες
2599 564 2701 632 τῆς
2733 558 3005 628 ὠφελείας
3046 554 3407 623 τυγχάνομεν,
3452 551 3687 606 τοσοῦτον

2082 704 2103 725 ,,
2130 658 2231 727 τὴν
2269 655 2528 723 αἴσθησιν
2558 653 2661 724 τῆς
2694 651 3022 722 εὐεργεσίας
3052 646 3339 718 δεχόμεθα.
3365 646 3441 699 Τδ
3488 645 3543 699 δέ
3572 648 3688 715 περί

2129 752 2230 820 τῆς
2255 751 2493 821 ἐσχάτης
2512 748 2728 818 ἡμέρας
2759 745 3072 816 εἰρημένον,
3096 743 3173 806 ὡς
3195 741 3371 802 οὐδεὶς
3388 735 3549 801 οἶδεν,
3578 740 3687 793 οὐδὲ

2128 845 2182 899 οἰ
2211 843 2454 913 ἄγγελοι,
2513 840 2635 894 οὐδὲ
2662 842 2694 894 6
2718 838 2869 902 Υἰὸς,
2920 837 2969 889 εἰ
3001 835 3076 906 μὴ
3106 835 3136 887 6
3183 832 3397 900 Πατὴρ,
3430 829 3571 893 τινὲς
3602 832 3688 897 μὲν

2130 932 2253 987 κατ’
2310 931 2628 1000 οἰκονομίαν
2680 928 2931 1000 εἰρῆσθαί
2959 942 3146 995 φασιν,
3178 924 3267 978 ῖνα
3293 922 3403 976 τῶν
3451 921 3688 991 μαθητῶν

2131 1025 2275 1079 κατὰ
2316 1024 2502 1077 πᾶσαν
2554 1021 2770 1093 ἡμέραν
2815 1018 3144 1090 νομιζόντων
3171 1013 3558 1070 ἐπελεύσεσθαι
3603 1013 3690 1083 τὴν

2131 1117 2453 1171 τελευταίαν
2499 1115 2715 1185 ἡμέραν
2751 1114 2842 1168 ἀεὶ
2896 1110 3300 1183 γρηγοροῦντες
3351 1106 3654 1162 διατελῶσιν
3675 1123 3686 1136 ·

2136 1207 2265 1281 [466
2288 1206 2382 1279 Η.]
2412 1208 2564 1261 οὐδὲν
2586 1207 2644 1260 δὲ
2668 1205 2871 1259 κωλύει
2891 1205 2986 1258 καί
3009 1202 3170 1257 τοῦτο
3192 1198 3441 1255 ἐκλαϐεῖν
3468 1198 3541 1260 ὡς
3566 1197 3690 1250 κατὰ

2133 1300 2415 1371 ἀναφορὰν
2463 1300 2777 1371 εἰρημένον,
2807 1297 3058 1365 καθάπερ
3102 1296 3196 1349 καὶ
3234 1293 3336 1346 τόν
3398 1290 3481 1346 Σὺ
3520 1290 3690 1358 ἔγνως

2134 1392 2251 1460 τὴν
2264 1370 2767 1459 ἁφροσύνῆνμου,
2792 1388 2888 1442 καί
2917 1386 2981 1440 τό
2999 1401 3015 1416 ⁸
3035 1384 3141 1439 Θεέ
3150 1402 3293 1453 μου,
3327 1382 3435 1436 Θεέ
3454 1399 3586 1451 μου,
3602 1380 3690 1431 ira

2133 1484 2193 1538 τί
2218 1500 2293 1553 με
2316 1482 2751 1553 mare“;
2789 1482 2962 1535 Ἔνιοι
3006 1478 3066 1532 δέ
3099 1493 3263 1545 φασιν
3288 1474 3456 1528 αὐτὸν
3498 1472 3690 1539 ἀγνοείν

2136 1578 2305 1648 φάναι
2326 1577 2427 1649 τὴν
2467 1577 2706 1646 ἐσχάτην
2738 1575 2952 1645 ἡμέραν
2978 1574 3040 1626 τὸ
3094 1571 3241 1633 ἰδίως
3284 1566 3490 1638 προσὸν
3518 1568 3583 1635 τῇ
3609 1566 3692 1617 ἀνι-

2136 1670 2381 1742 θρωπίνῃ
2414 1668 2578 1738 φύσει
2608 1666 2903 1738 γνώρισμα
2941 1663 3260 1718 δεικνύοντά
3304 1678 3367 1713 τε
3399 1659 3495 1713 καὶ
3528 1660 3691 1728 ἐμφω-

2134 1762 2372 1825 νίζοντα,
2398 1760 2497 1831 οὐχ
2528 1760 2605 1823 ὡς
2623 1758 2791 1813 αὑτοῦ
2825 1756 3148 1827 ἀγνοοῦντος
3173 1755 3379 1825 (ἄπαγε
3401 1768 3416 1783 ο
3448 1750 3569 1805 οὕτε
3596 1748 3691 1818 γὰρ

2136 1853 2278 1906 κατὰ
2304 1852 2403 1922 τὴν
2436 1851 2668 1922 θεότητα
2690 1849 2814 1903 οὕτε
2858 1848 3002 1903 κατὰ
3036 1849 3139 1918 τὴν
3180 1844 3576 1915 ἁνθρωπότητα
3606 1840 3690 1911 τὴν

2134 1942 2359 2010 ἄγνοιαν
2392 1942 2570 2011 λέγειν
2603 1942 2694 1995 ἐπ’
2716 1940 2883 1996 αὐτοῦ
2909 1940 3148 2011 θράσους
3172 1934 3510 2006 ἐπισφαλοῦς
3544 1934 3690 2002 ἡλευο

2136 2039 2419 2111 θέρωται),
2448 2038 2565 2092 ἀλλ’
2589 2039 2800 2108 ἐπειδὴ,
2828 2037 2904 2098 ὡς
2934 2039 2964 2090 6
3000 2036 3270 2107 μακάριος
3299 2031 3563 2104 Κύριλλός
3597 2048 3689 2099 φη-

2136 2148 2241 2197 σιν,
2272 2134 2331 2185 ἐν
2362 2134 2572 2202 ἰσχναῖς
2591 2131 2934 2201 διαιροῦντες
2968 2128 3204 2188 ἐννοίαις
3230 2128 3354 2197 ἦτοι
3381 2122 3474 2178 νοῦ
3506 2140 3690 2188 φαντα-

2138 2224 2283 2289 σίαις
2330 2224 2408 2294 τῷ
2472 2224 2661 2295 τρόπῳ
2709 2224 2811 2293 τῆς
2858 2221 3102 2291 θεωρίας
3166 2218 3439 2289 ἑκατέρας
3499 2216 3692 2285 φύσεως

2135 2317 2349 2387 ὁρῶμεν
2382 2317 2489 2371 ίδια
2508 2318 2554 2349 ⁶⁹
2600 2317 2694 2369 καὶ
2737 2316 2860 2370 καθ’
2901 2313 3069 2367 ἑαυτὰ
3102 2312 3486 2383 γνωρίσματα,
3530 2308 3565 2380 ἦ
3608 2308 3692 2361 καὶ

2134 2409 2213 2474 ὥς
2239 2414 2269 2465 6
2302 2410 2565 2478 Θεολόγος
2596 2406 3101 2480 Γρηγόριος,ἡνίκα
3119 2406 3175 2458 αἰ
3202 2404 3397 2473 φύσεις
3418 2402 3691 2455 διίστανται

2135 2504 2256 2564 ταῖς
2278 2501 2561 2567 ἐπινοίαις,
2597 2501 2983 2569 συνδιαιρεῖται
3018 2500 3113 2552 καί
3151 2497 3222 2551 τὰ
3266 2496 3508 2566 ὀνόματα
3531 2509 3543 2522 ·
3579 2492 3693 2545 ίδιον

2135 2592 2195 2647 δέ
2235 2591 2521 2663 γνώρισμα
2561 2593 2721 2662 ψιλῆς
2755 2592 3173 2661 ἀνθρωπότητος
3208 2592 3243 2661 ἡ
3295 2589 3486 2658 ἄγνοια
3519 2603 3533 2617 ·
3570 2582 3692 2640 κατὰ

2136 2686 2299 2741 τοῦτο
2336 2686 2526 2759 ῥηθείη
2556 2686 2624 2740 ἂν
2670 2688 2764 2740 ἐπὶ
2816 2689 2915 2758 τῆς
2961 2685 3102 2739 κατὰ
3141 2684 3385 2755 Χριστὸν
3432 2677 3692 2752 ἀνθρωπῶ

2136 2795 2338 2848 τητος,
2381 2778 2457 2841 ὡς
2506 2777 2693 2841 ἁπλῶς
2750 2778 3198 2849 ἁνθρωπότητος,
3250 2774 3566 2847 θεωρεῖσθαι
3608 2769 3691 2842 τὴν

461 2864 742 2935 proprium
779 2873 866 2919 est
906 2864 1232 2932 ignorantia.
1281 2862 1393 2917 Hac
1441 2864 1654 2917 ratione
1680 2877 1811 2933 ergo
1836 2862 2036 2921 Christi

2138 2870 2382 2937 ἄγνοιαν.
2431 2869 2545 2923 Καὶ
2603 2869 2761 2923 τοῦτο
2817 2869 2913 2922 καὶ
2979 2870 3008 2921 6
3065 2865 3329 2934 Θεολόγος
3386 2864 3691 2935 ἐτράνωσεν,

463 2954 812 3020 humanitati,
839 2963 901 3009 ut
930 2954 1162 3023 simptici
1190 2964 1245 3006 et
1273 2969 1422 3021 pura:
1452 2953 1802 3008 humanitatis
1830 2963 2039 3008 natura:

2143 2963 2349 3017 εἰπών·
2404 2961 2701 3017 Γινώσκει
2776 2962 2895 3032 μὲν·
2968 2961 3049 3027 ὡς
3130 2959 3314 3026 Θεὸς,
3380 2955 3580 3027 ἀγνοεῖ
3634 2954 3693 3007 δὲ

463 3048 821 3103 considerate
854 3045 1105 3119 [praecise
1157 3046 1452 3101 secundum
1484 3060 1545 3099 ea
1595 3061 1713 3113 qua:
1746 3061 1775 3098 a
1814 3061 1873 3101 se
1920 3047 2035 3115 ipsa

2139 3053 2221 3119 ὡς
2282 3052 2613 3120 ἄνθρωπος,
2656 3051 2735 3104 ἄν
2791 3068 2883 3117 τις
2937 3050 3004 3104 τὸ
3053 3050 3427 3119 φαινόμενον
3485 3044 3697 3114 χωρίσῃ.

464 3136 652 3209 habet]
678 3137 913 3193 adscribi
945 3138 1144 3206 poterit
1176 3137 1499 3208 ignorantia.
1533 3136 1599 3190 Et
1641 3139 1743 3192 hoc
1776 3149 1861 3193 est
1894 3140 2036 3208 quod

2140 3145 2248 3199 τοῦ
2279 3145 2630 3211 νοουμένου.
2675 3143 2860 3197 Ταῦτα
2904 3142 3074 3195 εἰπὼν
3124 3141 3325 3209 ἐπάγει
3376 3141 3453 3203 ὡς
3511 3140 3556 3191 εἱ
3613 3134 3693 3189 καί

467 3236 781 3303 Theologus
820 3233 1132 3301 explicavit,
1179 3238 1397 3304 quando
1442 3236 1627 3290 dixit:
1671 3232 1784 3288 Scit
1833 3235 2041 3303 quidem

466 3340 523 3381 at
561 3329 731 3392 Deus,
766 3328 928 3381 nescit
961 3343 1079 3381 vero
1111 3335 1168 3380 ut
1196 3327 1371 3384 homo.
1407 3326 1617 3393 Quibus
1664 3326 1823 3381 dictis
1872 3325 2039 3389 addit,

466 3422 611 3491 quod
651 3423 695 3475 si
742 3422 831 3490 qui
870 3437 934 3475 ex
976 3420 1233 3475 Patribus
1284 3420 1643 3489 ignorantiam
1676 3420 1729 3473 in
1765 3418 2044 3473 Salvatore

466 3529 531 3567 ex
564 3524 718 3584 parte
749 3512 1102 3566 humanitatis
1146 3512 1504 3574 admiserunt,
1531 3512 1583 3565 id
1617 3521 1799 3565 tamen
1833 3526 1939 3565 non
1985 3518 2045 3564 ut

467 3606 659 3672 dogma
692 3614 1011 3667 sanxerunt,
1041 3605 1136 3657 sed
1171 3604 1496 3657 Arianorum
1536 3603 1801 3657 insaniam
1835 3618 2045 3672 repres-

466 3702 580 3751 Suri
613 3697 725 3765 (qui
760 3697 939 3751 omnia
973 3694 1116 3766 [quae
1159 3696 1211 3749 in
1243 3694 1463 3749 Christo
1506 3693 1683 3767 erant]
1708 3698 1943 3750 humana
1975 3695 2044 3750 ad

470 3782 742 3852 Unigeniti
789 3784 1127 3837 divinitatem
1177 3783 1591 3847 transtulerunt,
1641 3795 1702 3837 ut
1740 3784 2040 3839 increatum

469 3872 565 3927 Dei
617 3875 849 3928 Verbum
904 3883 1211 3928 creaturam
1261 3874 1649 3942 ostenderent).
1685 3874 1891 3931 rectius
1928 3876 2047 3932 haec

470 3964 539 4019 de
573 3964 909 4019 humanitate
960 3965 1065 4018 dici
1110 3979 1269 4032 posse
1317 3966 1719 4030 existimarunt,
1747 3982 1909 4035 quam
1954 3969 2049 4022 hu-

470 4070 631 4110 mana
670 4056 736 4107 ab
776 4056 881 4109 illis
920 4054 1187 4127 [Arianis]
1250 4057 1315 4109 ad
1350 4057 1692 4112 divinitatem
1731 4060 1897 4115 trahi.
1930 4060 2046 4116 Etsi

470 4145 613 4202 forte
654 4150 745 4216 qui
795 4149 1014 4212 dixerit,
1050 4148 1214 4201 etiam
1247 4146 1439 4203 Patres
1493 4148 1719 4217 ﬁgurate
1765 4166 1859 4205 seu
1912 4167 2048 4205 ana-

469 4240 693 4310 phorice
744 4240 950 4293 locutos
1002 4254 1155 4304 esse,
1214 4240 1522 4307 religiosius
1571 4240 1845 4295 videbitur
1897 4242 2047 4312 judi-

470 4348 646 4386 casse.
684 4330 776 4386 llis
809 4331 1095 4399 expositis,
1128 4332 1341 4387 dicendi
1375 4332 1535 4387 tinem
1572 4331 1724 4390 facit.

2139 3252 2285 3299 τινες
2356 3235 2466 3288 τῶν
2530 3235 2793 3304 Πατέρων
2832 3235 2933 3305 τὴν
2991 3234 3215 3303 ἄγνοιαν
3268 3234 3365 3287 ἐπὶ
3426 3233 3523 3303 τῆς
3572 3228 3697 3287 κατά

2141 3325 2234 3380 τὸν
2312 3328 2541 3397 Μτῆρα
2621 3325 2994 3395 παρεδέξαντο
3067 3324 3488 3397 ἀνθρωπότητος
3518 3362 3533 3386 ,
3609 3322 3693 3388 οὺχ

2141 3419 2218 3483 ὡς
2264 3418 2441 3488 δόγμα
2488 3417 2647 3471 τοῦτο
2696 3419 3072 3488 προήνεγκαν,
3125 3418 3259 3471 ἀλλὰ
3314 3417 3452 3487 πρὸς
3488 3416 3579 3484 τὴν
3602 3411 3701 3468 τῶν,

2154 3510 2449 3581 Ἀρειανῶν
2482 3512 2681 3582 μανίαν
2708 3512 3148 3581 ἁντιφερόμενοι,
3182 3512 3232 3564 οἳ
3285 3513 3383 3564 καὶ
3419 3511 3487 3562 τὰ
3510 3505 3693 3578 ἀνθρώ-

2144 3619 2277 3656 πινα
2308 3603 2486 3656 πάντα
2522 3604 2615 3655 ἐπί
2654 3602 2751 3672 τὴν
2787 3603 3021 3672 θεότητα
3069 3603 3165 3656 τοῦ
3201 3601 3540 3670 Μονογενοῦς
3580 3613 3692 3669 μετ-

2145 3696 2359 3766 έφερον.
2389 3695 2463 3757 ὡς
2490 3694 2557 3748 ἂν
2585 3695 2791 3764 κτίσμα
2819 3696 2910 3748 τὸν
2942 3696 3200 3750 ἄκτιστον
3251 3696 3427 3763 Λόγον
3455 3693 3545 3747 τοῦ
3576 3687 3692 3744 Θεοῦ

2144 3788 2596 3858 παραπήσωσιν,
2624 3787 3115 3858 οίκονομικώτερον
3142 3787 3478 3857 ἐδοκίμασαν
3501 3785 3586 3838 ἐπὶ
3610 3783 3692 3851 τῆς

2144 3876 2564 3947 ἀνθρωπότητος
2595 3876 2770 3930 ταῦτα
2800 3877 2987 3946 φέρειν
3014 3878 3049 3949 ἦ
3082 3881 3437 3948 παραχωρεῖν
3479 3876 3692 3933 ἐκείνους

2150 3968 2432 4039 μεθέλκειν
2456 3967 2631 4021 ταῦτα
2652 3968 2792 4021 κατὰ
2817 3969 2917 4038 τῆς
2944 3968 3217 4039 θεότητος.
3254 3971 3318 4023 Εἰ
3345 3969 3403 4022 δέ
3426 3968 3560 4022 κατὰ
3582 3966 3693 4019 ἀνα-

2147 4064 2321 4133 φορὰν
2349 4063 2635 4126 κάκείνους
2668 4063 2785 4134 δοίη
2813 4064 2989 4117 ταῦτά
3018 4080 3101 4126 τις
3131 4064 3330 4124 εἰπεῖν,
3373 4064 3464 4114 τὸν
3496 4056 3694 4111 £6656!-

2147 4174 2339 4227 στερον
2379 4157 2539 4226 λόγον
2576 4156 2923 4220 ἀποδέξεται.
2977 4153 3167 4210 Ταῦτα
3200 4152 3427 4208 διελθὼν
3447 4153 3494 4184 ⁷⁸
3521 4150 3696 4219 πέρατι

2145 4266 2214 4301 πε
2221 4247 2463 4320 ριΰάλλει
2488 4249 2582 4301 τὸν
2609 4248 2785 4316 λόγον.

540 4441 701 4497 Liber
752 4452 1059 4511 postremus
1107 4444 1409 4496 orationem
1462 4444 1723 4507 continet,
1773 4446 1861 4501 cui
1917 4448 2039 4502 titu-

2219 4447 2542 4501 Τελευταίου
2569 4446 2625 4501 δέ
2650 4449 2895 4517 περιεῖχε
2939 4446 3002 4500 τὸ
3044 4445 3246 4516 βιϐλίον
3300 4444 3459 4513 λόγον
3496 4444 3696 4510 ἐπιγραι

468 4538 553 4590 lus
591 4552 606 4589 :
654 4534 927 4589 Decretum
959 4535 1015 4587 in
1054 4532 1418 4588 Snmaritanos
1462 4536 1683 4589 editum.
1736 4539 2045 4604 Argumen-

467 4637 580 4683 tum
645 4629 908 4681 orationis
972 4628 1278 4697 ltujusntodi
1313 4646 1327 4682 :
1366 4626 1525 4682 Plebs
1586 4626 1933 4685 Samaritana
1986 4631 2042 4686 in

467 4719 769 4774 centrarias
811 4718 1018 4772 divulsa
1063 4718 1351 4782 factiones,
1391 4719 1530 4773 inter
1562 4735 1621 4773 se
1650 4720 1966 4782 dissidebat,
1992 4730 2050 4775 et

400 4806 403 4811 ⁴
472 4807 778 4880 peregrinis
822 4822 884 4861 se
928 4807 1274 4875 opinionibus
1320 4809 1714 4876 propugnahat.
1754 4808 1858 4862 Alii
1900 4808 2047 4863 enim

469 4897 649 4957 Iesum
686 4899 831 4954 Nave
869 4915 990 4952 eum
1029 4913 1151 4953 esse
1197 4912 1547 4959 censuerunt.
1595 4900 1661 4953 de
1691 4915 1799 4969 quo
1835 4900 2048 4971 Moyses

471 4994 608 5048 dixit
641 5011 654 5047 :
690 4991 1007 5060 Prophetans
1047 4990 1191 5045 vobis
1235 4991 1486 5045 excitabit
1529 4991 1784 5047 Dominus
1819 4990 1959 5047 Deus
1982 5009 2048 5047 ea:

470 5085 729 5157 fratribus
765 5085 970 5147 vestris,
1008 5092 1066 5136 ut
1104 5099 1185 5137 me
1218 5094 1270 5137 ι.
1300 5083 1406 5137 Alii
1454 5083 1654 5153 reiecta
1693 5085 1792 5139 hac
1824 5098 2050 5140 senten-

472 5181 568 5244 tia,
628 5178 865 5233 Dosthen
910 5176 1200 5245 quemdam
1265 5177 1503 5239 nomine,
1558 5176 1674 5231 sive
1729 5176 2045 5233 Dositheum

473 5270 840 5339 praedicarunt
894 5266 1303 5320 Samaritanum
1355 5267 1520 5321 etiam
1572 5277 1732 5337 gente
1781 5267 2047 5337 aequalem

474 5358 683 5416 Simoni
711 5360 903 5431 llago.
947 5358 1017 5414 Et
1060 5354 1204 5414 hunc
1241 5358 1393 5413 illum
1429 5373 1552 5414 esse
1580 5374 1611 5413 a
1640 5360 1823 5431 Moyse
1857 5362 2051 5429 praedi-

534 5510 576 5538 -ι
600 5495 733 5551 Luc.
760 5511 818 5562 ι,
848 5494 937 5551 19.
1013 5502 1042 5543 1
1070 5492 1216 5552 Psal.
1244 5508 1437 5563 uvttt,
1471 5494 1525 5550 6.

2150 4538 2255 4609 φῆν
2275 4539 2532 4611 φέροντα,
2574 4540 2749 4607 Ὄρος
2773 4537 3141 4607 ἐκρωνηθείς
3160 4537 3285 4602 τοῖς
3315 4534 3692 4603 Σαμαρείταις.

2162 4629 2227 4683 Ἦ
2258 4628 2315 4683 δὲ
2345 4629 2599 4692 ὑπόθεσις
2626 4630 2912 4701 πρόκειται
2932 4628 3187 4700 τοιαύτη·
3218 4627 3341 4681 Τῶν
3368 4620 3695 4696 Σαμαρειτῶν

2146 4720 2209 4773 τὺ
2255 4720 2462 4791 πλῆθος
2507 4723 2589 4785 είς
2641 4720 3028 4790 ἀντικειμένας
3084 4720 3310 4791 μερίδας
3360 4716 3696 4789 διαιρεθέντες

2148 4812 2243 4866 καὶ
2295 4814 2691 4876 στασιάσαντες
2742 4812 2880 4884 πρὸς
2938 4811 3203 4881 ἀλλήλους
3262 4811 3357 4865 καὶ
3410 4806 3695 4876 ἀλλοφύλοις

2152 4902 2380 4965 ἑαυτοὺς
2434 4900 2971 4969 ἁποδιατειχίσαντες
3014 4901 3218 4965 δόξαις,
3256 4902 3306 4953 οἰ
3367 4901 3464 4972 μὲν
3512 4893 3696 4968 Ἰησοῦν

2151 4995 2244 5049 τὸν
2275 4994 2433 5065 Ναυῆ
2488 4992 2739 5057 ἐδόξαζον
2792 4988 2932 5045 εἶναι
2988 4994 3120 5064 περί
3169 4984 3232 5046 οὗ
3285 4992 3522 5059 Μωῦσῆς
3553 4983 3691 5041 εἰπε·

2147 5085 2475 5157 Προφήτην
2523 5084 2669 5154 ὑμῖν
2718 5085 3057 5151 ἀναστήσει
3107 5086 3320 5153 Κύριος
3370 5086 3404 5137 δ
3465 5082 3598 5145 Θεὸς
3637 5077 3695 5129 ἐκ

2151 5178 2274 5235 τῶν
2318 5177 2600 5248 ἀδελφῶν
2628 5175 2799 5247 ὑμῶν
2824 5178 2904 5244 ὡς
2952 5178 3078 5248 ἐμὲ,
3111 5179 3162 5231 οἱ
3204 5178 3260 5231 δὲ
3296 5175 3482 5230 τοῦτον
3526 5175 3565 5206 ’ί
3612 5169 3694 5241 μὲν

2153 5268 2591 5341 παρεγράφοντο,
2632 5265 2841 5337 Δοσθην
2892 5267 2952 5321 δέ
2978 5283 3103 5321 τινα
3128 5266 3364 5337 τοῦνομα
3394 5268 3427 5339 ἡ
3477 5260 3694 5317 Δοσίθεον

2154 5362 2544 5431 ἀνεκήρυττόν.
2590 5357 2938 5430 Σαμαρείτην
2987 5359 3086 5429 μὲν
3118 5361 3212 5412 καὶ
3246 5360 3403 5413 αὑτὸν
3444 5357 3503 5411 τὸ
3538 5351 3691 5422 γένος,

1606 5505 1631 5532 ³
1662 5494 1802 5551 Psal.
1841 5512 1955 5563 nt,
1993 5496 2061 5563 2;
2100 5495 2290 5551 Matth.
2325 5510 2474 5563 xxvr,
2509 5494 2599 5555 ιδ.
2674 5506 2701 5535 ⁸
2736 5494 2894 5550 Deut.
2928 5507 3083 5560 svnt,
3117 5492 3202 5549 15.

1762 5609 1995 5667 VARI/IS
2034 5607 2431 5667 LECTIONES.

556 5699 603 5731 ss
643 5698 747 5756 ξδία
778 5700 846 5761 Δ.
919 5702 967 5736 τι
997 5700 1221 5757 διελθὼν
1244 5701 1288 5757 Δ
1316 5699 1426 5775 ;,δὴ
1448 5699 1747 5771 περιελθών
1773 5718 1831 5770 ς.

1912 5701 2124 5757 "105:0
2160 5718 2221 5768 ς.
