3964 6246
360 352 494 419 1085

1419 358 1940 421 BIBLIOTHECA.
1978 381 2050 392 ·-
2087 357 2253 419 COD.
2291 359 2558 420 CCXXX.

3458 364 3592 429 1086

357 465 787 538 συνακμάσαντα
815 467 873 521 δὲ
902 468 1047 523 κατά
1072 486 1137 537 γε
1181 470 1227 503 τ’
1274 471 1401 533 τοὺς
1449 473 1676 544 χρόνους
1718 473 1923 543 Σίμωνι

2025 484 2204 539 ctum,
2259 485 2572 543 portentose
2630 475 2957 539 commenti,
3014 474 3083 531 ab
3144 475 3315 546 ipsius
3373 479 3590 536 nomine

357 556 431 628 τῷ
460 557 635 629 Μάγῳ
668 573 682 588 ⁶
714 558 808 611 καὶ
834 558 1023 612 τοῦτον
1060 556 1196 614 εἶναι
1230 560 1321 614 τὸν
1364 563 1806 633 προφητευθέντα
1833 580 1925 616 τε-

356 646 710 719 ρατευὸμενοι
742 649 800 715 ἐξ
844 650 1009 703 αὑτοῦ
1050 650 1148 721 τὴν
1196 652 1515 723 ἐπωνυμίαν
1564 652 1780 724 ἔφερον.
1827 658 1926 706 Δο-

312 734 545 811 ξσθηνοὶ
586 741 932 812 καλούμενοι.
989 738 1157 807 Οὗτος
1204 744 1261 796 δέ
1313 743 1572 816 ὑϐριστὴς
1606 745 1705 814 μὲν
1736 745 1925 814 γέγονε

245 831 317 984 1.

356 832 464 887 τῶν
490 831 586 887 τοῦ
616 834 752 887 Θεοῦ
787 835 1105 906 προφητῶν,
1136 835 1393 907 ὑϐριστὴς
1447 836 1504 889 δὲ
1555 836 1789 907 μάλιστα
1831 836 1925 889 τοῦ

366 922 539 976 Ἰούδα
565 922 658 976 τοῦ
692 924 810 988 ἐνὸς
848 924 958 976 τῶν
995 924 1204 977 δώδεκα
1246 926 1623 996 πατριαρχῶν,
1660 926 1787 999 [885
1830 926 1924 999 IL]

357 1013 492 1083 μηδέ
543 1014 667 1077 τοὺς
704 1015 832 1086 περὶ
875 1014 1040 1067 αὑτοῦ
1092 1016 1138 1048 ⁷³
1180 1016 1411 1088 μυρίους
1461 1017 1720 1082 ἐπαίνους
1774 1020 1926 1089 παρὰ

359 1106 456 1174 τῆς
494 1107 797 1177 Μωσαῖκῆς
842 1107 1067 1178 Γραφῆς
1097 1109 1430 1178 αἰσχυνθείς.
1472 1110 1608 1173 Τοὺς
1640 1109 1732 1163 οὖν
1770 1112 1924 1181 είρη-

356 1198 552 1270 μένους
598 1199 810 1263 πάντας
861 1200 1077 1254 πλύνων
1123 1205 1217 1255 καὶ
1268 1201 1552 1269 δια-τελῶν,
1603 1204 1683 1267 είς
1734 1204 1925 1258 ἐαυτὸν

355 1292 532 1345 πάντα
547 1292 640 1343 καὶ
655 1290 753 1361 τὴν
767 1293 1103 1363 προφητείαν
1120 1294 1216 1347 καὶ
1232 1293 1330 1364 τὴν
1347 1295 1512 1365 ἀλλην
1526 1296 1799 1365 περιέσπα
1811 1295 1925 1349 θει-

355 1381 542 1451 ἁτητα.
561 1383 801 1454 Μυρίαις
829 1384 888 1436 δὲ
921 1385 1014 1437 καὶ
1054 1384 1331 1449 ποικίλαις
1352 1385 1537 1449 ἄλλαις
1563 1386 1795 1449 νοθείαις
1826 1388 1925 1456 τὴν

355 1476 654 1546 Μωσαῖκὴν
687 1476 1014 1548 ὀκτάτευχον
1054 1478 1593 1550 κατακιϐδηλεύσας,
1625 1480 1721 1533 καὶ
1760 1478 1926 1549 ἕτερά

353 1583 474 1623 τινα
490 1568 898 1640 συγγράμματα
928 1570 1085 1640 μωρά
1100 1587 1158 1622 τε
1184 1572 1277 1623 καὶ
1304 1570 1565 1625 ἀλλόκοτα
1582 1571 1675 1625 κα)⁸
1694 1572 1927 1625 ἀπεναν-

354 1657 445 1715 da
483 1660 530 1693 vs
559 1662 936 1732 πνευματικῆς
976 1660 1106 1734 [467
1127 1662 1220 1735 Η.]
1241 1663 1558 1733 νομοθεσίας
1588 1666 1927 1737 συντεταχὼς

352 1754 467 1816 τοῖς
496 1752 838 1824 πειθομένοις
867 1755 1179 1808 κατέλιπεν.
1221 1756 1597 1829 Ἀπεκήρυττε
1620 1757 1675 1811 δέ
1693 1757 1788 1810 καὶ
1825 1757 1925 1829 τὴν

2027 566 2285 623 Dostheni
2339 570 2702 639 cognominati
2760 580 2905 623 sunt.
2962 567 3062 624 llic
3116 570 3167 625 in
3230 570 3443 627 divinos
3495 573 3591 629 Dei

2025 662 2318 730 prophetas
2365 661 2676 727 maledicus,
2727 663 3062 727 potissimum
3098 671 3275 717 tamen
3309 664 3361 717 in
3395 662 3587 719 ludam

2028 768 2193 806 unum
2222 754 2289 806 de
2315 753 2597 808 duodecim
2627 753 2956 822 patriurchis
2982 753 3425 815 contumeliosus.
3457 755 3591 809 nihil

2029 843 2298 899 reveritus
2324 844 2618 899 immensas
2646 843 2713 898 de
2740 843 2832 898 illo
2864 844 2914 897 in
2947 843 3312 899 voluminibus
3346 844 3593 900 Mosaicis

2024 940 2354 1005 perscriptas
2411 936 2616 991 laudes.
2674 935 2769 993 His
2818 952 2948 1007 ergo
3008 937 3286 1007 prophetis
3339 938 3593 993 omnibus

2024 1028 2263 1095 explosis
2300 1026 2711 1098 exsibilatisque
2742 1029 2856 1097 ipse
2885 1029 2987 1083 sibi
3017 1030 3199 1083 omnia
3227 1041 3283 1083 et
3310 1029 3589 1095 vaticinia,

2025 1129 2077 1172 et
2105 1119 2301 1190 285i:
2334 1120 2594 1189 reliquam
2628 1121 2963 1176 divinitatem
2997 1122 3290 1192 arrogavit.
3332 1122 3592 1178 Octateu-

2025 1216 2184 1267 cltum
2238 1215 2437 1283 spuriis
2486 1214 2704 1282 scriptis
2743 1224 2799 1269 et
2829 1214 2975 1269 omni
3012 1231 3213 1285 genere
3247 1216 3427 1272 ruistis
3470 1230 3596 1270 cor-

2027 1304 2249 1373 ruptelis
2280 1304 2628 1369 adulteravit,
2655 1304 2897 1375 aliosque
2925 1306 3091 1361 libros
3120 1306 3347 1362 stultitia
3379 1318 3433 1361 et
3462 1323 3592 1376 pore

2028 1396 2191 1449 tentis
2231 1396 2442 1464 plenos,
2494 1395 2800 1466 divinisque
2848 1396 3057 1467 legibus
3100 1399 3409 1455 contrarios
3458 1415 3593 1454 con-

2025 1489 2342 1551 sarcinavit,
2390 1489 2613 1560 suisque
2661 1490 2880 1544 asseclis
2926 1491 3166 1560 reliquit.
3217 1492 3595 1547 Resurrectio-

2025 1594 2150 1634 nem
2183 1595 2397 1650 quoque
2425 1580 2660 1649 negavit:
2695 1579 2787 1636 Har
2815 1597 2945 1649 ergo
2975 1581 3239 1637 factiones
3280 1583 3352 1637 ita
3385 1582 3436 1637 in
3482 1583 3594 1637 dis-

2025 1670 2280 1737 sidentes,
2308 1672 2608 1727 contrarias
2650 1682 2707 1726 et
2754 1674 2946 1742 impias
2989 1684 3167 1729 sectas
3213 1683 3267 1729 et
3313 1677 3593 1743 opiniones

2024 1759 2276 1815 dissectaz
2332 1758 2569 1817 fuerant.
2628 1759 2870 1832 Utraque
2928 1777 3092 1831 porro
3149 1761 3315 1819 factio
3377 1763 3593 1819 libellos

354 1845 673 1902 ἀνάστασιν.
710 1846 777 1905 AI
808 1846 907 1916 μὲν
936 1846 1029 1900 οὖν
1069 1847 1283 1916 μερίδες
1322 1846 1466 1902 οὕτω
1488 1849 1566 1912 εἰς
1600 1849 1924 1912 ἀντιπάλους

2028 1864 2126 1919 pro
2166 1865 2262 1906 sua
2306 1852 2599 1917 sententia,
2638 1860 2693 1905 et
2735 1861 2925 1906 contra
2964 1852 3329 1907 adversariam
3361 1864 3589 1920 partem,

352 1936 451 1993 καὶ
496 1936 850 2009 βλασφήμους
878 1936 1033 2002 δόξας
1070 1939 1440 2010 διετέτμηντο.
1495 1940 1819 1995 Ἐπιδιδόασι
1865 1942 1923 1997 δὲ

352 2028 451 2085 καὶ
498 2028 773 2093 λιϐέλλους
830 2031 970 2101 ὑπέρ
1012 2048 1074 2084 τε
1118 2031 1162 2066 ⁷⁵
1211 2030 1304 2085 τοῦ
1349 2031 1549 2085 οἰκείου
1583 2034 1925 2103 φρονήματος

350 2119 448 2174 καὶ
476 2119 619 2174 κατὰ
648 2119 743 2179 τοῦ
767 2122 1172 2192 ἀντικειμένου,
1209 2122 1366 2193 μερὶς
1400 2122 1635 2192 ἑκατέρα
1666 2123 1756 2176 τὸν
1794 2124 1923 2195 παρ’

352 2214 539 2276 αὐτοῖς
584 2214 1021 2285 πρεσϐευόμενον
1053 2217 1339 2286 προφήτην
1388 2210 1529 2270 εἶναι
1575 2216 1921 2288 προτιμῶσα.

353 2305 585 2368 Καθίζει
614 2304 671 2357 δὲ
696 2305 901 2359 τούτων
941 2306 1201 2376 δικαστὴς
1229 2309 1257 2361 ὁ
1300 2307 1446 2377 ἱερὸς
1483 2307 1739 2375 Εὺλόγιος
1788 2308 1925 2377 μετά

354 2397 576 2452 συνόδου
609 2397 883 2467 ἀρχιερεῖς
932 2415 989 2450 τε
1012 2398 1119 2451 τῶν
1149 2399 1435 2471 ἐπισήμων
1463 2399 1558 2452 καὶ
1609 2401 1735 2463 τοὺς
1785 2399 1927 2469 λαμ-

351 2486 527 2557 προὺς
562 2485 669 2538 τῶν
694 2487 751 2539 ἐν
773 2484 1046 2556 ἀξιώμασι
1071 2486 1345 2557 πλήρωμα
1378 2488 1707 2557 ποιουμένης
1730 2505 1743 2519 ·
1767 2489 1925 2559 Μαρ-

352 2576 541 2641 κιανὸς
569 2578 611 2609 ⁷⁸
634 2576 691 2629 δὲ
729 2577 1050 2646 τηνικαῦτα,
1090 2577 1148 2640 ὃς
1169 2580 1279 2641 τοῖς
1312 2579 1640 2647 Ῥωμαϊκοϊς
1682 2578 1925 2651 ἐνίδρυτο

350 2668 674 2738 σκήπτροις,
721 2667 944 2737 ἕϐδομον
988 2666 1107 2730 ἔτος
1140 2667 1267 2739 ῆνυε
1300 2667 1399 2736 τῆς
1432 2667 1728 2738 βασιλείας.
1774 2670 1922 2740 Γυμ-

350 2756 524 2820 νάσας
573 2757 628 2810 δὲ
676 2755 746 2809 τά
774 2756 903 2826 παρ’
949 2756 1223 2827 ἑκατέρων
1260 2755 1524 2827 λεγόμενα
1555 2761 1583 2812 ὁ
1630 2760 1770 2830 ἱερὸς
1816 2762 1923 2814 Εὐ-

349 2849 549 2918 λόγιος.
599 2849 693 2900 καὶ
732 2848 830 2917 τῆς
855 2847 1114 2919 ἀληθείας
1146 2850 1441 2920 ἑκατέρους
1487 2851 1764 2919 διελέγξας
1816 2871 1924 2923 μα..

351 2940 495 3012 κρὰν
534 2939 963 3011 ἀφισταμένους,
992 2939 1085 2992 τὸν
1136 2940 1233 3010 μὲν
1259 2944 1731 3013 προφητευόμενον
1790 2962 1924 3016 γρα.

350 3035 534 3102 φικοῖς
577 3032 889 3102 παρέστησε
939 3035 1123 3104 ῥητοῖς
1156 3033 1246 3087 τὸν
1280 3032 1482 3105 Κύριον
1514 3034 1673 3105 ήμῶν
1717 3038 1925 3108 Ἰησοῦν

2024 1955 2182 1995 suum
2233 1956 2461 2011 quaeque
2513 1942 2831 2011 prophetam
2881 1942 3036 1997 alteri
3090 1942 3424 2012 praferendo
3470 1959 3595 2013 por-

2022 2032 2186 2087 rexit.
2240 2030 2473 2088 Sanctus
2526 2031 2785 2103 Eulogius
2834 2048 2955 2089 cum
3004 2035 3211 2104 synodo
3269 2035 3594 2102 frequentis-

2023 2121 2185 2186 sima,
2215 2123 2565 2192 pontificibus
2608 2122 2768 2193 plena
2815 2123 3115 2193 insignibus
3162 2135 3324 2193 atque
3366 2124 3595 2179 illustri-

2022 2212 2125 2268 bus
2155 2214 2414 2283 dignitate
2455 2214 2612 2281 viris,
2643 2214 2806 2282 judex
2855 2214 2938 2269 bis
2985 2217 3251 2287 prmsedit.
3291 2214 3596 2271 Marcianus

2023 2318 2330 2372 susceptum
2404 2308 2685 2377 imperium
2758 2306 3059 2365 Romanqu
3127 2309 3417 2378 septimum
3479 2308 3596 2377 jam

2024 2413 2224 2452 annum
2255 2398 2901 2455 administrabat.Beatus
2927 2398 3184 2470 Eulogius
3201 2399 3462 2454 discussis
3475 2414 3594 2466 qua:

2024 2490 2092 2543 ab
2132 2499 2362 2559 utraque
2406 2499 2562 2560 parte
2599 2490 3007 2556 asserebantur,
3039 2500 3095 2545 et
3134 2498 3361 2561 utraque
3390 2490 3594 2545 erroris

2026 2596 2055 2636 a
2095 2583 2326 2637 veritate
2367 2585 2556 2652 procul
2589 2581 2781 2636 remoti
2818 2581 3088 2645 convicta,
3124 2579 3272 2642 illum
3301 2595 3329 2633 a
3363 2579 3595 2649 prophe-

2027 2674 2097 2728 tis
2123 2674 2435 2743 prtedictum
2468 2673 2743 2737 Messiam,
2771 2688 2839 2729 ex
2873 2672 3170 2742 Scripturis
3204 2674 3378 2734 sacris
3412 2669 3596 2725 docuit

2023 2780 2146 2820 esse
2194 2764 2478 2820 Dominum
2534 2778 2778 2822 nostrum
2832 2765 3014 2822 Jesum
3067 2765 3341 2826 Christum
3405 2778 3591 2819 verum

2023 2856 2192 2912 Deum
2243 2875 2258 2913 :
2302 2859 2421 2914 illos
2473 2874 2602 2916 vero
2654 2860 2979 2931 gravissimo
3035 2873 3221 2914 errore
3274 2858 3594 2924 laborasse;

2022 2948 2123 3005 hos
2171 2950 2387 3020 quidem
2443 2954 2585 3021 quod
2639 2950 2825 3006 Jesum
2877 2950 3021 3006 Nave
3073 2951 3221 3006 illum
3276 2952 3592 3019 prophetam

2025 3044 2444 3111 praenuntiatum
2496 3042 2760 3112 [lugerent
2792 3060 2808 3098 :
2841 3043 2960 3097 illos
2992 3057 3127 3099 vero
3160 3043 3301 3112 quod
3356 3042 3590 3097 Dostlteu

349 3125 588 3197 Χριστὸν
624 3125 718 3188 τὸν
767 3124 1019 3194 ἀληθινὸν
1049 3124 1182 3180 Θεὸν
1215 3121 1377 3189 εἶναι,
1424 3128 1551 3190 τοὺς
1597 3127 1655 3185 δέ
1706 3130 1922 3201 μακράν

2028 3150 2122 3189 seu
2160 3136 2473 3192 Dositheum
2513 3137 2736 3207 impium
2777 3145 3089 3207 portentose
3120 3137 3599 3192 comminiscereu—

348 3232 412 3269 τε
461 3216 556 3270 καὶ
599 3215 988 3288 χαλεπωτάτην
1036 3215 1488 3288 ἀποπλανηθῆναι
1528 3218 1759 3291 πλάνην,
1794 3222 1919 3286 τοὺς

2031 3236 2137 3283 ιυι·.
2173 3229 2350 3297 Atque
2388 3229 2460 3283 ita
2513 3230 2796 3283 concilium
2846 3232 3023 3286 solvit.
3075 3231 3183 3286 Sed
3220 3240 3596 3301 argumentum

352 3307 455 3379 μὶν
528 3308 737 3378 Ἰησοῦν
790 3309 882 3362 τὸν
934 3308 1028 3362 τοῦ
1090 3310 1247 3378 Ναυῆ
1305 3311 1397 3363 τὸν
1450 3315 1924 3385 προφητευόμενον

2030 3329 2086 3372 et
2120 3319 2398 3375 decretum
2444 3336 2566 3375 cum
2599 3321 2823 3392 Eulogio
2862 3325 3021 3392 periit
3054 3341 3068 3378 :
3104 3324 3298 3378 tertius
3333 3322 3468 3377 liber
3496 3336 3594 3376 su-

348 3396 496 3455 εῐναι
545 3401 990 3470 κενολογοῖωτας,
1049 3402 1177 3466 τοὺς
1224 3402 1283 3457 δὲ
1338 3404 1544 3473 Δὸσθην
1591 3405 1624 3475 ἢ
1680 3406 1928 3459 Δοσίθεον

2035 3421 2241 3480 perstes
2271 3412 2325 3465 in
2358 3423 2567 3467 nostras
2607 3429 2796 3468 manus
2827 3416 3092 3483 pervenit.

348 3493 445 3547 τὸν
494 3493 727 3563 δυσσεϐῆ
780 3493 1295 3567 τερατολογοῦντας.
1362 3495 1473 3549 Καὶ
1516 3495 1657 3549 οὕτω
1733 3498 1824 3550 τὸν
1869 3498 2123 3568 σύλλογον
2197 3502 2422 3569 διαλύει,
2503 3502 2937 3573 συντελευτώσης
2980 3504 3129 3575 αὐτῷ
3181 3504 3275 3557 καὶ⁵
3318 3502 3416 3572 τῆς
3464 3503 3598 3565 Quq-

351 3586 554 3648 θέσεως
593 3586 689 3638 καὶ
726 3585 826 3655 τῆς
872 3586 1235 3654 ὲκφωνήσεως
1282 3586 1375 3639 καὶ
1409 3586 1502 3640 τοῦ
1550 3587 1922 3658 περιελθόντος
1959 3593 2040 3654 είς
2068 3592 2166 3657 τὰς
2192 3594 2465 3665 ἡμετέρας
2495 3597 2678 3665 χεῖρας
2704 3596 2886 3665 τρίτου
2908 3594 3154 3664 τεύχους.

434 3680 525 3733 Ἐν
571 3679 745 3750 τούτῳ
775 3678 854 3749 τῷ
892 3677 1082 3748 βιϐλίῳ
1119 3678 1219 3748 τὴν
1255 3680 1549 3733 ἀνάστασιν
1605 3682 1633 3734 ὁ
1685 3698 1926 3754 συγγρα-

348 3778 486 3846 φεὺς
546 3777 611 3833 ἐκ
668 3777 776 3830 τῶν
829 3775 1142 3839 Μωσαϊκῶν
1202 3776 1515 3848 μαρτυριῶν
1560 3778 1927 3834 ἐπιδεικνύναι

350 3868 598 3925 σπεύδων
628 3870 857 3924 τοιαῦτα
889 3886 963 3939 φη
982 3885 1098 3922 σιν·
1154 3868 1219 3922 Εἰ
1273 3867 1348 3940 μὴ
1402 3869 1708 3942 πανάληθες
1757 3868 1825 3943 ῆν
1866 3873 1926 3927 τὸ

346 3962 449 4030 τῆς
479 3962 827 4024 ἀναστάσεως
872 3960 1088 4032 χρῆμα,
1128 3959 1247 4025 πῶς
1284 3962 1436 4031 ἔλεγε
1482 3962 1617 4034 πρὸς
1678 3963 1926 4036 ’Δϐραάμ

346 4054 377 4105 ὁ
401 4051 534 4114 Θεός
553 4068 569 4083 ·
608 4052 692 4110 Σὺ
730 4052 798 4105 δὲ
821 4052 1131 4121 ἀπελεύσῃ
1160 4053 1309 4121 πρὸς
1335 4055 1479 4122 τοὺς
1523 4056 1781 4123 πατέρας
1806 4073 1925 4111 σου

345 4143 475 4214 μετ’
518 4144 783 4212 εἰρήνης,
852 4144 1059 4213 ταφεὶς
1116 4145 1158 4176 ⁷⁷
1198 4146 1268 4199 ἐν
1310 4146 1477 4216 τήρει
1541 4146 1744 4213 acadd);
1799 4146 1925 4211 Πῶς

346 4234 457 4303 γὰρ
503 4234 569 4288 ἂν
598 4232 765 4304 ἀπῄει
807 4236 902 4287 καὶ
939 4234 1075 4306 πρὸς
1102 4236 1310 4301 ποίους,
1351 4238 1400 4289 εί
1431 4236 1692 4308 μηδαμῶς
1727 4238 1924 4306 μηκέτι

351 4328 493 4397 μήτε
519 4328 679 4388 αὐτὸς
710 4327 756 4357 rs
793 4325 1015 4396 ἔμελλεν
1049 4321 1209 4392 εἶναι,
1250 4328 1388 4396 μήτε
1422 4327 1560 4398 πρὸς
1590 4326 1685 4392 οὓς
1716 4328 1921 4401 ἀπῄεις

347 4418 473 4482 Πῶς
528 4418 587 4470 δὲ
643 4418 803 4471 πάλιν
849 4416 967 4488 μετ’
1019 4416 1175 4486 ὀλίγα
1228 4417 1290 4471 τὸ
1347 4418 1490 4489 ἱερὸν
1545 4418 1726 4487 λόγιόν
1787 4436 1923 4491 φησι

345 4511 478 4580 περὶ
508 4509 673 4564 αὑτοῦ
691 4525 704 4539 ’
733 4510 841 4563 Καὶ
895 4508 1159 4581 ἐκλιπῶν
1205 4508 1505 4569 ἀπέθανεν
1554 4509 1801 4580 Ἀϐραὰμ
1842 4512 1916 4566 ἐν

2096 3689 2154 3741 In
2193 3690 2294 3742 hoc
2334 3697 2524 3744 auctor
2571 3691 3020 3745 resurreCtionem
3056 3707 3122 3745 ex
3172 3689 3371 3761 Moysis
3401 3693 3597 3749 tubulis

2028 3789 2280 3836 testatam
2330 3780 2510 3838 facere
2534 3782 2796 3837 connixus
2835 3783 2949 3836 lucc
2992 3783 3265 3851 disputat:
3308 3784 3456 3850 Quod
3493 3785 3595 3840 nisi

2029 3873 2307 3927 verissima
2330 3882 2473 3928 esset
2496 3873 2563 3927 de
2593 3874 2987 3929 resurrectione
3007 3875 3293 3934 sententia,
3326 3877 3597 3945 quomodo

2025 3961 2229 4017 diceret
2279 3964 2345 4016 ad
2393 3963 2756 4017 Abrahamum
2806 3962 2949 4018 Deus
2994 3982 3009 4020 :
3055 3963 3132 4017 Tu
3178 3980 3352 4020 autem
3397 3966 3494 4019 ibis
3528 3968 3596 4019 ad

2021 4063 2196 4122 patres
2247 4063 2362 4107 tuos
2405 4071 2524 4109 cum
2558 4071 2704 4123 pace,
2731 4056 2965 4124 sepultus
2996 4057 3050 4110 in
3090 4068 3350 4113 senectute
3375 4056 3509 4112 bona
3544 4059 3595 4114 ι).

2024 4147 2304 4213 Quomodo
2361 4146 2504 4202 enim
2554 4147 2747 4215 abiret,
2800 4159 2856 4204 et
2911 4148 2980 4204 ad
3011 4165 3150 4221 quos
3189 4149 3383 4216 abiret,
3413 4150 3459 4207 si
3506 4151 3598 4207 ille

2023 4238 2199 4294 nullus
2251 4238 2480 4310 amplius
2525 4238 2744 4298 futurus
2791 4250 2930 4306 erat,
2966 4250 3022 4296 et
3059 4256 3167 4296 non
3197 4251 3382 4298 essent
3409 4242 3446 4297 ii
3481 4259 3596 4297 am-

2022 4334 2161 4405 plius
2178 4335 2243 4389 ad
2263 4350 2397 4405 quos
2408 4336 2801 4392 abituruserat?
2829 4335 3177 4407 thuomodo
3198 4353 3408 4392 rursum
3439 4338 3597 4408 paulo

2022 4426 2162 4481 infra
2190 4427 2257 4483 de
2280 4427 2369 4481 illo
2397 4428 2633 4482 divinum
2656 4430 2731 4483 ait
2758 4428 3028 4496 eloquium
3053 4444 3068 4482 :
3095 4427 3164 4482 Et
3185 4429 3430 4497 deﬁciens
3455 4447 3597 4484 mor-

2019 4527 2141 4573 tuus
2205 4528 2279 4573 est
2326 4519 2592 4573 Abraham
2631 4519 2688 4574 in
2736 4529 2995 4574 senectute
3022 4520 3154 4574 bona
3179 4560 3196 4588 ,
3247 4531 3597 4593 provecta'que

345 4602 515 4673 γήρει
579 4600 774 4666 καλῷ,
826 4602 1165 4668 πρεσϐύτης
1212 4600 1311 4654 καί
1363 4601 1602 4671 πλήρης
1641 4601 1913 4671 ἡμερῶν,

2025 4610 2211 4672 aetatis,
2255 4617 2305 4663 et
2335 4608 2518 4675 plenus
2546 4610 2773 4675 dierum,
2818 4620 3261 4682 congregatusque
3288 4621 3361 4666 est
3395 4614 3467 4665 ad
3500 4630 3597 4681 po-

344 4695 445 4749 καὶ
480 4694 809 4763 προσετέθη
843 4692 994 4761 πρὸς
1036 4693 1145 4748 τὸν
1179 4693 1336 4747 λαὸν
1384 4694 1569 4750 αὑτοῦ
1591 4712 1611 4761 ;
1660 4694 1756 4760 Τίς
1809 4696 1920 4766 γὰρ

342 4786 439 4841 τοῦ
507 4787 584 4857 μὴ
635 4786 787 4848 ὄντος
857 4784 1184 4857 προσθήκη,
1241 4786 1336 4844 καὶ
1392 4786 1511 4850 πῶς
1571 4788 1920 4859 προστίθεται

244 4886 249 4893 ‘
340 4880 458 4941 τοῖς
513 4877 589 4950 μὴ
642 4876 761 4931 οὖσι
810 4876 871 4931 τὸ
924 4877 984 4931 δν
1029 4879 1114 4944 ⁷⁹;
1148 4879 1212 4932 Τί
1242 4878 1299 4943 δέ
1324 4878 1472 4957 λέγει
1512 4881 1766 4953 καὶπερὶ
1822 4880 1916 4935 τοῦ

355 4969 573 5035 Ἰακὼϐ,
595 4970 679 5023 ὅτι
702 4970 1108 5039 Συνήχθησαν
1130 4971 1355 5037 πάντες
1386 4974 1442 5025 οὶ
1465 4971 1581 5026 vlo!
1606 4973 1793 5027 αὐτοῦ
1817 4973 1918 5028 καί

340 5058 535 5115 πᾶσαι
570 5062 635 5113 αἱ
687 5060 1027 5132 θυγατέρες,
1072 5061 1169 5113 καὶ
1196 5057 1388 5130 ἦλθον
1417 5062 1463 5093 ⁸ο
1496 5061 1913 5130 παρακαλέσαι

339 5151 550 5215 αὑτὸν,
581 5151 680 5205 καί
711 5154 823 5205 οὐκ
850 5151 1030 5221 ἤθελε
1073 5151 1569 5222 παρακαλεῖσθαι,
1604 5152 1803 5221 λέγων
1823 5152 1915 5209 ὅτι

340 5243 766 5311 Καταϐήσομιιι
817 5243 970 5311 πρὸς
1031 5243 1141 5296 τὸν
1200 5245 1337 5298 υἱόν
1377 5261 1497 5316 μου
1545 5243 1780 5310 πενθῶν
1831 5246 1918 5310 εις

2020 4700 2201 4769 pulum
2227 4701 2467 4757 suumc?
2498 4700 2753 4768 Quaenam
2789 4702 3135 4773 congregatio
3163 4701 3221 4757 [lt
3255 4702 3321 4757 ad
3354 4703 3427 4768 id,
3454 4704 3598 4774 quod

2020 4805 2127 4845 non
2172 4789 2300 4846 est?
2344 4790 2412 4845 Et
2441 4792 2709 4862 quomodo
2742 4790 2792 4844 id
2830 4791 2972 4861 quod
3012 4801 3118 4857 est,
3150 4790 3272 4845 addi
3313 4803 3489 4862 potest
3531 4794 3598 4849 iis

2019 4898 2140 4954 qua:
2173 4898 2278 4938 non
2312 4882 2475 4949 sunt?
2503 4880 2641 4948 Quid
2672 4896 2834 4952 porro
2876 4883 2942 4937 de
2973 4881 3140 4937 Jacob
3165 4883 3296 4938 dicit
3320 4884 3343 4938 ί
3364 4881 3597 4953 Congre-

2019 4972 2129 5042 gati
2155 4980 2278 5025 sunt
2304 4987 2480 5025 omnes
2503 4970 2603 5039 ﬁlii
2629 4981 2677 5025 et
2709 4971 2856 5039 ﬁliae,
2886 4983 2939 5024 ut
2961 4972 3184 5026 lenirent
3211 4972 3448 5027 dolorem
3502 4993 3594 5041 pu-

2021 5062 2137 5125 tris,
2158 5071 2208 5116 et
2231 5061 2395 5115 noluit
2421 5061 2827 5116 consolationem
2844 5063 3101 5132 accipere,
3129 5064 3220 5117 sed
3237 5066 3334 5119 ait:
3372 5063 3599 5118 Descen-

2020 5154 2143 5209 dam
2178 5153 2249 5206 ad
2281 5154 2452 5221 ﬁlium
2484 5171 2655 5208 meum
2682 5155 2880 5227 me
2935 5160 3114 5227 lugens
3160 5157 3216 5209 in
3250 5155 3516 5224 infernum
3549 5158 3597 5207 ά.

2026 5241 2306 5310 Quomodo
2326 5243 2641 5314 intelligitur
2658 5245 2950 5303 descensus
2966 5248 3084 5317 ejus
3110 5246 3201 5317 qui
3228 5263 3332 5300 non
3356 5247 3559 5300 exsistit
3578 5248 3599 5297 ’ἒ

340 5335 541 5405 ᾅδην;
588 5334 715 5398 Πῶς
771 5334 881 5407 γὰρ
924 5334 990 5390 ἂν
1043 5333 1357 5405 ἐπινοηθείη
1407 5332 1631 5398 κάθοδος
1692 5334 1787 5387 τοῦ
1841 5336 1921 5407 μὴ

2026 5344 2082 5389 et
2111 5338 2378 5404 quomodo
2402 5335 2680 5392 descendit
2707 5338 2773 5394 ad
2798 5339 2985 5403 lilium,
3010 5340 3099 5407 qui
3152 5354 3220 5395 ex
3248 5338 3600 5396 deliram-nc

416 5491 444 5530 h
466 5489 605 5544 Gen.
639 5486 844 5553 xv,15.
921 5497 945 5525 ο
981 5486 1116 5543 Gen.
1147 5502 1274 5555 xxv,
1304 5486 1360 5542 5.
1432 5486 1459 5526 ἀ
1488 5486 1622 5543 Gen.
1646 5502 1853 5551 xxxvii,
1875 5484 1963 5541 55.

1636 5597 1874 5654 VARl/E
1907 5597 2309 5655 LEC'FIONES.

415 5693 460 5723 ”
495 5709 559 5760 γε
675 5708 689 5742 :
720 5709 781 5744 τε
815 5710 876 5757 ς.
922 5763 925 5764 ν
982 5693 1028 5725 ⁷³
1062 5690 1314 5764 αὑτόν-ς.
1373 5690 1463 5764 η⁷⁸
1493 5691 1587 5744 ἀπ’
1630 5691 1877 5764 ἐναντίας
1900 5692 1989 5764 _A.
2094 5693 2139 5723 ⁷⁸
2171 5710 2229 5764 τε
2278 5692 2403 5764 add.
2434 5693 2499 5747 Α.
2529 5761 2542 5764 _
2603 5691 2648 5724 "
2681 5690 3030 5764 Mapntaybgl
3068 5692 3370 5764 Μαυρίκιος
3396 5693 3589 5752 Fabri~

342 5756 517 5820 (καθ’
554 5762 602 5798 ⁷⁷
627 5756 856 5835 τραφείς
900 5763 965 5818 Α.
1043 5762 1090 5796 ⁷⁸
1121 5761 1308 5833 αὐτὸς]
1344 5756 1495 5828 οὗτος
1529 5766 1593 5819 Δ.
1674 5762 1719 5797 "’
1743 5761 1804 5817 τὸ
1837 5759 1918 5834 ὃν]

2025 5764 2152 5820 :tius
2180 5763 2237 5819 τὸ
2275 5760 2350 5834 μὴ
2377 5761 2456 5821 ὃντ
2486 5761 2557 5818 cf.
2586 5777 2640 5833 p.
2675 5756 2799 5816 ‘286'.
2876 5762 2920 5796 ⁸⁸
2942 5756 3126 5837 ἦλθον]
3162 5756 3349 5836 ἤθελον
3385 5770 3448 5824 Α,
