3964 6246
436 288 570 354 108?

1556 290 1818 352 ΡΗΟΤΙῐ
1847 293 2350 354 ΡΑΤΗῙΑΒΟΗᾸΞ
2388 295 2494 356 CP.

3547 296 3684 359 loss

425 402 690 460 exsecrati
753 402 1011 464 Dosithei.
1073 400 1250 456 nullus
1300 413 1528 472 usquam
1577 416 1698 456 esse
1763 413 1938 470 potest
1985 402 2008 454 ?

2116 403 2302 470 5ντος;
2350 405 2470 468 Πῶς
2525 405 2579 458 δὲ
2616 408 2708 460 καὶ
2746 407 3033 461 κατέϐαινε
3083 406 3177 461 καὶ
3229 404 3364 477 πρὸς
3426 407 3517 460 τὸν
3578 410 3693 462 υἱὸν

426 496 662 550 Rursum
712 492 880 548 Iacob
921 493 1137 563 quando
1165 492 1444 559 jbenedicil
1510 492 1654 555 filiis,
1700 493 1775 546 ait
1833 511 1847 548 :
1898 492 2010 564 Ego

426 599 709 656 congregor
743 587 810 634 ad
864 584 1122 650 pmu'um
1162 599 1333 635 meum
1372 593 1416 636 ε.
1463 581 1519 636 Si
1585 592 1810 638 noverat
1858 599 2009 638 suam

427 691 675 733 naturam
731 674 863 747 [seu
893 674 1224 747 essentiam]
1271 691 1376 728 una
1429 690 1553 730 cum
1603 677 1857 744 przesenti
1902 677 2009 730 vita

431 772 642 824 finitum
696 769 800 833 iri,
843 769 1115 836 quomodo
1160 767 1295 821 dixit
1327 767 1417 834 qui
1449 778 1712 833 mortuus,
1740 783 2010 834 nusquam

425 862 652 930 amplius
702 861 826 925 fuit,
882 875 941 913 se
990 861 1054 912 ad
1110 859 1362 928 populum
1413 874 1569 912 suum
1601 861 1692 928 qui
1743 875 2011 930 nusquam

427 961 568 1014 erat,
597 953 912 1022 congregari
947 951 971 1004 ?
1007 951 1338 1016 Advertesis,
1369 951 1497 1020 quid
1529 953 1644 1020 ipse
1680 951 1936 1004 Dominus
1959 962 2014 1006 et

429 1043 570 1099 Deus
593 1045 969 1098 universorum
1005 1044 1147 1096 dicat
1169 1044 1233 1096 ad
1262 1042 1500 1112 Moysen,
1525 1044 1743 1110 quando
1775 1042 1923 1096 illum
1955 1043 2010 1096 in

424 1145 727 1190 extremum
791 1133 939 1188 Nebo
977 1134 1217 1199 deduxit,
1286 1144 1340 1188 et
1387 1135 1624 1188 ostendit
1678 1133 1752 1187 illi
1815 1143 2012 1188 terram

427 1243 590 1298 quam
655 1227 878 1281 daturus
937 1239 1054 1281 erat
1101 1227 1154 1280 in
1210 1226 1575 1280 hmreditatem
1627 1222 1812 1280 Israel.
1850 1225 2014 1278 Addit

423 1321 566 1374 enim
597 1336 612 1373 :
639 1317 706 1372 Et
745 1320 943 1373 videbis
990 1336 1150 1372 eam:
1195 1317 1392 1373 deinde
1440 1336 1454 1372 :
1500 1317 1566 1371 Et
1613 1319 1891 1383 apponeris
1943 1317 2012 1371 ad

423 1411 671 1479 populum
692 1421 838 1464 tuum
869 1421 1011 1476 etm,
1047 1413 1180 1464 sicut
1212 1411 1482 1478 appositus
1511 1420 1586 1464 est
1618 1420 1666 1462 et
1689 1410 1867 1463 Aaron
1896 1409 2012 1477 fra-

423 1511 503 1554 ter
549 1510 669 1556 tum
701 1501 746 1556 ί.
787 1502 913 1554 Illud
957 1512 1134 1556 autem
1164 1518 1300 1571 quos
1333 1517 1436 1555 non
1480 1512 1715 1564 moveat,
1753 1500 1863 1556 Deo
1890 1502 2006 1569 ipso

424 1593 692 1646 clamante
721 1592 1134 1661 aliirmanteque
1174 1607 1188 1645 :
1221 1592 1332 1662 Ego
1369 1611 1486 1646 sum
1536 1594 1674 1648 Deus
1723 1593 2012 1661 Abraham,

420 1695 470 1737 et
502 1683 641 1739 Deus
668 1683 849 1751 Isaac,
875 1696 921 1738 et
955 1685 1093 1738 Deus
1123 1685 1322 1742 Jacob.’
1349 1686 1702 1754 Ecquomodo
1731 1685 2011 1749 erltDeus.

2114 493 2208 546 τὸν
2243 495 2469 565 μηδαμῆ
2519 497 2784 567 μηδαμῶς
2841 497 2985 551 κατά
3035 497 3125 552 τὸν
3183 498 3434 552 Δοσιθέου
3482 497 3698 567 δύσφη-

2120 601 2218 655 μον
2261 585 2427 656 λῆρον
2489 587 2786 658 δυνάμενον
2847 583 3029 656 εἷναις
3082 591 3248 644 Πάλιν
3294 590 3352 644 δὲ
3383 590 3511 653 τοὺς
3543 593 3697 654 υἱοὺς

2117 677 2413 748 εὐλογήσας
2447 679 2474 731 6
2515 678 2708 731 Ἰακώϐ
2755 698 2922 750 φησιν
2957 697 2971 713 ·
3020 681 3172 752 Ἐγὼ
3216 681 3285 735 δὲ
3305 683 3700 751 προστίθεμαι

2117 768 2270 836 πρὸς
2324 769 2432 822 τὸν
2475 771 2632 824 λαόν
2674 788 2814 838 μου.
2875 773 2938 825 El
2993 772 3103 843 γὰρ
3137 774 3548 844 περατουμένην
3577 775 3698 846 ⁴ξξδει

2115 861 2214 929 τὴν
2249 858 2481 930 ὕπαρξιν
2525 861 2692 916 αὑτοῦ
2739 863 2818 934 τῷ
2871 865 3068 934 πέρατι
3115 865 3208 918 τοῦ
3250 867 3516 936 παρόντος
3553 868 3695 936 βίου,

2117 950 2236 1013 πῶς
2285 951 2436 1019 ἔλεγε
2491 953 2883 1023 προστίθεσθαι
2939 955 3013 1026 μὴ
3052 955 3130 1007 ῶν
3160 955 3322 1021 αὐτὸς
3357 956 3436 1028 τῷ
3469 959 3696 1028 μηδαμῆ

2120 1039 2384 1108 μηδαμῶς
2438 1039 2554 1116 δντι
2607 1042 2772 1096 αὑτοῦ
2803 1043 2957 1114 λαῷς
2989 1044 3151 1116 ,Ὅρα
3192 1045 3272 1110 δέ,
3310 1047 3405 1099 καὶ
3455 1047 3621 1110 αὐτὸς
3671 1049 3699 1099 6

2117 1132 2391 1203 Δεσπότης
2423 1130 2469 1163 ⁸⁸
2503 1135 2595 1186 καὶ
2632 1134 2763 1198 Θεὸς
2806 1136 2915 1188 τῶν
2947 1136 3083 1190 ὅλων
3110 1137 3165 1189 τί
3215 1137 3364 1206 λέγει
3394 1138 3471 1208 τῷ
3517 1139 3693 1192 Μωῦ-

2119 1225 2221 1284 σεϊ,
2267 1223 2355 1276 ὅτε
2412 1224 2574 1278 αὑτὸν
2626 1227 2704 1288 είς
2752 1225 2814 1279 τὸ
2869 1227 3000 1297 ὅρος
3035 1227 3354 1292 ἀναϐιϐάζει
3400 1229 3463 1282 τὸ
3519 1230 3700 1300 πέραν

2117 1313 2309 1366 Ναϐαὖ
2340 1315 2405 1380 θ’,
2436 1314 2529 1367 καὶ
2554 1315 2651 1384 τὴν
2681 1315 2786 1385 γῆν
2818 1317 3150 1370 ἐπιδεικνύει
3187 1317 3256 1387 ἣν
3297 1317 3490 1388 ἔμελλε
3531 1336 3703 1371 κατα·-

2117 1404 2454 1476 κληροδοτεϊν
2479 1405 2556 1477 τῷ
2624 1406 2879 1476 Ἰσραήλς
2945 1408 3173 1476 Ἐπάγει
3221 1408 3366 1480 γὰρ,
3410 1409 3515 1463 Kal
3561 1408 3701 1477 ὄψει

2117 1498 2312 1566 αὐτήν
2337 1512 2352 1527 ο
2387 1493 2526 1562 εἶτα,
2582 1499 2690 1553 Kal
2743 1498 3137 1580 προστεθῄσῃ
3186 1499 3339 1568 πρὸς
3385 1501 3494 1553 τὸν
3541 1501 3700 1554 λαόν

2119 1603 2235 1642 σου
2259 1589 2360 1643 καὶ
2391 1589 2492 1653 σὺ,
2525 1589 2676 1642 καθὰ
2705 1590 3036 1658 προσετέθη
3069 1590 3168 1644 καὶ
3198 1590 3426 1659 Ἀαρὼν
3457 1594 3491 1646 ὁ
3522 1590 3705 1646 ἀδελ-

2121 1680 2232 1748 φός
2261 1695 2397 1734 σου.
2446 1678 2573 1750 [888
2605 1679 2697 1752 IL]
2755 1681 2962 1735 Ἐκεῖνο
3006 1681 3063 1734 δὲ
3105 1681 3268 1745 τίνας
3312 1683 3414 1736 ούκ
3459 1682 3526 1736 ἂν
3575 1684 3704 1736 δυσ-

429 1775 567 1828 Dens
597 1790 758 1828 verus
803 1789 991 1828 eorum
1026 1775 1114 1843 qui
1153 1791 1417 1844 nusquam
1456 1775 1620 1830 futuri
1653 1787 1800 1840 sunt,
1834 1777 1926 1830 sed
1957 1776 2008 1828 in

2116 1774 2406 1841 ωπήσειεν,
2438 1772 2604 1825 αὑτοῦ
2637 1771 2773 1824 Θεοῦ
2807 1772 2935 1845 [468
2972 1771 3065 1844 [1.]
3120 1775 3549 1845 διακεκραγότος
3604 1775 3702 1827 καὶ

426 1866 658 1920 nihilum
717 1867 921 1920 redacti
971 1866 994 1920 ?
1041 1866 1212 1919 Eccur
1277 1868 1586 1936 paradisum
1636 1867 1704 1922 ad
1750 1867 2013 1922 orientem

425 1958 688 2024 plantavit
739 1959 791 2013 in
839 1969 982 2012 terra
1030 1958 1216 2024 Edem,
1269 1959 1321 2014 in
1367 1975 1473 2030 quo
1519 1961 1814 2025 hominem,
1852 1977 2012 2030 quem

425 2049 710 2116 formarat,
738 2053 933 2120 posuit,
963 2052 1008 2107 si
1037 2053 1182 2105 illum
1210 2052 1394 2107 statim
1422 2053 1637 2122 quidem
1663 2063 2012 2123 peccaturum

423 2153 603 2208 norat,
632 2155 686 2198 et
713 2159 743 2198 e
778 2145 1028 2213 paradiso
1060 2145 1114 2198 in
1149 2144 1401 2199 exsilium
1438 2146 1670 2214 ejectum
1708 2146 1798 2210 iri,
1833 2149 2011 2201 nemi-

423 2246 546 2284 nem
574 2247 698 2286 vero
728 2240 916 2301 postea
943 2248 1006 2287 ex
1034 2231 1342 2287 hominibus
1383 2233 1436 2286 in
1475 2232 1565 2288 illo
1591 2233 1958 2288 habitaturum
1990 2233 2015 2287 ?

425 2320 642 2376 Etenim
695 2322 739 2376 si
781 2337 992 2386 omnes,
1026 2326 1141 2378 sive
1183 2325 1273 2393 qui
1307 2325 1448 2394 piam
1486 2324 1602 2379 sive
1629 2324 1846 2393 impiam
1873 2324 2014 2378 hanc

421 2413 585 2466 vitam
638 2423 955 2480 exegerunt,
999 2414 1228 2468 decurso
1274 2415 1398 2468 vitae
1425 2415 1710 2483 prassentis
1757 2415 1934 2468 stadio
1957 2415 2010 2470 in

427 2507 654 2562 nihilum
701 2507 964 2573 recidunt,
1007 2522 1106 2562 nec
1151 2509 1438 2578 quisquam
1479 2517 1681 2573 manet,
1724 2507 1816 2578 qui
1856 2505 2014 2576 p‘ara-

419 2601 597 2656 disum
647 2611 706 2656 ut
747 2603 918 2658 haeres
951 2611 1198 2672 occupet,
1235 2603 1541 2673 divinisque
1579 2603 1796 2672 gaudiis
1827 2603 1882 2658 in
1921 2601 2013 2657 illo

419 2687 777 2758 perfruatur,
835 2693 1108 2760 quomodo
1156 2707 1259 2746 non
1306 2693 1420 2748 haec
1485 2693 1695 2760 ingrata
1747 2693 2012 2748 adversus

423 2781 609 2843 Deum,
651 2793 704 2836 et
735 2783 897 2852 impia
944 2783 1148 2848 opinio,
1181 2783 1383 2838 frustra
1465 2793 1710 2837 creatum
1751 2783 2010 2848 ostendit,

419 2883 474 2928 et
511 2890 607 2944 per
632 2878 771 2930 hanc
823 2876 878 2929 in
932 2876 1082 2930 illum
1118 2874 1388 2944 iniuriam,
1428 2877 1606 2945 ipsum
1664 2890 2010 2930 communem

423 2981 602 3020 rerum
656 2966 967 3021 effectorem
1031 2967 1196 3022 Deum
1250 2967 1640 3022 contumeliose
1669 2967 2009 3038 perstringit,

2114 1862 2396 1928 λέγοντος·
2430 1862 2570 1932 Ἐγώ
2603 1865 2720 1932 ειμι
2750 1867 2784 1918 ὁ
2830 1863 2975 1930 Θεὸς
3015 1864 3264 1934 Ἀϐραὰμ
3315 1867 3415 1919 καὶ
3471 1869 3504 1920 ὀ
3555 1869 3703 1932 Θεὲς

2112 1953 2323 2010 Ἰσαὰκ
2363 1955 2457 2010 καὶ
2508 1957 2540 2008 ό
2594 1955 2740 2022 Θεὸς
2785 1955 3018 2022 Ἰακώ6;
3056 1957 3179 2020 Πῶς
3213 1959 3318 2030 γὰρ
3355 1958 3422 2012 ἂν
3447 1958 3533 2028 εἴη
3567 1957 3702 2022 Θεδς

2113 2045 2142 2097 6
2173 2045 2420 2116 ἀληθινὸς
2456 2045 2588 2108 Θεὸς
2620 2047 2726 2100 τῶν
2765 2047 2963 2117 μηκέτι
3012 2049 3328 2118 ἐσωμένων,
3370 2049 3508 2103 ἀλλά
3562 2053 3702 2104 ἀπο-

2115 2141 2426 2211 φθαρέντων
2449 2141 2528 2204 εἰς
2545 2141 2606 2193 τὸ
2630 2142 2702 2211 μὴ
2721 2142 2779 2194 δν
2801 2159 2817 2209 ;
2855 2141 2898 2193 Τ
2906 2141 2921 2192 ί
2943 2141 3001 2196 δὲ
3030 2143 3119 2194 καὶ
3142 2142 3234 2194 τὸν
3268 2142 3408 2195 κατά
3435 2142 3704 2206 ἀνατολὰς

2115 2233 2442 2303 παράδεισον
2489 2233 2777 2302 ἐφύτευσε.
2827 2233 2919 2287 τὸν
2954 2235 3011 2287 ἐν
3071 2233 3251 2303 Ἐδέμ,
3293 2237 3352 2288 ἐν
3391 2227 3436 2304 ᾧ
3482 2234 3578 2288 τὸν
3613 2236 3704 2289 ἄν-

2115 2323 2334 2396 θρωπον
2392 2324 2453 2378 ὃν
2504 2324 2737 2379 ἔπλασεν
2790 2326 2962 2392 ἔθετο,
3015 2328 3064 2381 εἰ
3117 2327 3328 2382 ἐκεῖνον
3382 2327 3482 2397 μὲν
3539 2327 3702 2391 εὐθὺς

2115 2415 2535 2487 παραϐήσεσθαι
2587 2416 2702 2487 ¹ᾔδει
2761 2419 2856 2470 καὶ
2918 2417 3011 2470 τοῦ
3068 2420 3272 2490 χωρίου
3335 2419 3702 2489 γενησόμενον

2115 2508 2427 2578 ὑπερόριον,
2463 2506 2670 2577 μηδένα
2708 2507 2766 2562 δὲ
2819 2509 2927 2562 τῶν
2983 2510 3121 2581 μετά
3168 2510 3342 2564 ταῦτα
3395 2508 3701 2581 ἀνθρώπων

2117 2595 2380 2666 μέλλοντα
2431 2596 2595 2650 πάλιν
2631 2598 2877 2668 οἰκήσειν
2927 2598 3129 2664 αύτόν;
3188 2599 3250 2652 El
3305 2600 3416 2672 γὰρ
3466 2599 3700 2663 ἕκαστος

2112 2685 2207 2740 καὶ
2235 2684 2344 2738 τῶν
2373 2685 2615 2749 εὐσεϐῶς
2642 2686 2689 2718 ⁸⁸
2741 2687 3085 2757 βεϐιωκότων
3131 2690 3223 2744 καὶ
3275 2689 3384 2742 τῶν
3421 2689 3701 2752 δυσσεϐῶς

2113 2776 2587 2847 πολιτευσαμένων
2639 2779 2780 2846 μετὰ
2809 2780 2870 2833 τὸ
2904 2780 3116 2834 στάδιον
3154 2779 3250 2834 τοῦ
3281 2780 3550 2852 παρόντος
3585 2780 3701 2850 βίου

2114 2869 2251 2938 πρὸς
2295 2868 2356 2921 τὸ
2405 2868 2480 2939 μὴ
2539 2868 2598 2922 ὃν
2652 2869 2944 2924 ἀναλύεται
3006 2871 3075 2936 ⁸⁸,
3131 2872 3226 2925 καὶ
3277 2872 3452 2936 οὐδεὶς
3515 2871 3702 2925 οὐκέτι

2113 2961 2352 3030 διαμένει
2385 2960 2524 3014 ῶστε
2558 2963 2653 3015 καὶ
2691 2963 3018 3031 παράδεισον
3056 2965 3414 3034 κληρονομεῖν
3463 2964 3561 3017 καὶ
3603 2963 3704 3032 τῆς

420 3056 643 3124 quando
670 3056 820 3111 illum
864 3070 927 3110 ea
961 3055 1158 3111 fecisse
1183 3055 1482 3124 insimulat,
1514 3071 1636 3128 qua}
1671 3073 1769 3113 nec
1802 3059 2008 3114 medio-

2116 3056 2169 3108 ἐν
2225 3053 2375 3126 αύτῷ
2427 3055 2645 3125 τρυφῆς
2692 3055 2987 3110 ἀπολαύειν
3043 3057 3219 3128 ἱερᾶς,
3273 3057 3390 3121 πῶς
3427 3057 3488 3110 ού
3523 3057 3704 3126 μάτην

425 3149 594 3203 criter
626 3150 865 3220 prudens
899 3164 1135 3218 unquam
1164 3147 1417 3203 laceret?

2117 3147 2282 3217 αὐτὸν
2332 3146 2661 3218 γεγενῆσθαι
2715 3150 2748 3218 ἡ
2805 3147 3029 3220 τοιαύτη
3092 3149 3363 3220 ἀγνώμων
3424 3150 3520 3203 καὶ
3574 3150 3705 3202 δυσ-

427 3241 593 3313 σεϐὴς
635 3240 912 3310 ὑπόληψις
968 3242 1240 3311 ἀποφανεῖ
1261 3237 1332 3303 ⁸⁸,
1364 3240 1458 3293 καὶ⁸
1487 3239 1576 3294 διὰ
1625 3239 1724 3310 τῆς
1754 3240 1835 3303 είς
1877 3240 2088 3295 ἐκεῖνον
2151 3237 2363 3309 ὕϐρεως
2401 3239 2493 3292 τὸν
2557 3239 2734 3294 κοινδν
2787 3240 3065 3312 ἐξυϐρίσει
3109 3242 3485 3314 Δημιουργὺν,
3515 3242 3712 3299 ἐκεῖνα.

420 3337 685 3407 πράττειν
735 3335 1079 3405 κατηγορῶν,
1127 3333 1163 3389 ἀ
1215 3334 1350 3407 μηδὲ
1394 3335 1614 3406 μέτριος
1645 3334 1711 3389 ἀν
1745 3353 1830 3400 τις
1866 3335 2227 3408 διαπράξαιτο
2258 3335 2438 3404 ἀνήρς

493 3426 584 3482 Sic
620 3426 840 3495 impiam
909 3426 1148 3480 Dosithei
1206 3426 1272 3478 de
1338 3437 1737 3480 resurrectione
1789 3437 2012 3480 senten-

422 3517 550 3572 tiam
585 3530 650 3570 ex
676 3531 832 3571 sacra
859 3515 1143 3584 Scriptura
1173 3513 1440 3579 refutans,
1478 3515 1719 3569 ostendit
1751 3516 2010 3568 mundum

420 3606 722 3675 corrumpi,
765 3620 925 3674 quem
971 3605 1062 3658 ille
1095 3604 1582 3674 incorruptibilem,
1621 3606 1860 3659 animam
1885 3620 2014 3660 vero

420 3697 834 3768 trorruptibilem
881 3706 1184 3751 monstrose
1233 3694 1470 3765 tingebat
1504 3714 1518 3750 :
1553 3697 1868 3767 angelorum
1914 3714 2013 3752 na-

421 3800 597 3849 turam
649 3804 678 3844 a
728 3787 838 3842 Deo
885 3787 1081 3842 factam
1118 3828 1133 3854 ,
1184 3803 1347 3857 quam
1389 3789 1610 3843 insanus
1643 3789 1730 3844 ille
1774 3790 1915 3844 inter
1937 3803 2004 3845 ea

417 3895 538 3948 quae
569 3895 835 3947 nusquam
889 3880 1182 3944 exsistunt,
1213 3879 1447 3949 ponebat
1474 3897 1489 3947 ;
1515 3881 1824 3936 daemonum
1861 3896 2000 3951 quo-

417 3987 524 4042 que
569 3987 739 4042 genus
771 3969 968 4024 factum
997 3984 1140 4032 esse,
1174 3981 1229 4024 et
1265 3983 1484 4026 manere
1513 3987 1528 4038 ;
1581 3972 1834 4026 Dostheni
1874 3986 2002 4026 vero

419 4061 558 4118 idola
614 4076 710 4114 seu
768 4061 1100 4126 simulacra,
1147 4061 1422 4116 daemonas
1477 4077 1598 4120 esse
1658 4063 1998 4129 dictitabant,

424 4150 568 4204 aliud
623 4165 794 4219 genus
823 4150 1213 4205 daemoniorum
1259 4151 1466 4205 nullum
1502 4153 1910 4222 agnoscebant;
1939 4169 2004 4210 eo

417 4241 638 4298 insaniae
667 4241 824 4296 illum.
850 4255 972 4297 esse
1001 4256 1348 4312 progressum
1377 4244 1645 4300 ostendit.

485 4333 682 4404 2860
733 4331 792 4386 In
829 4335 930 4388 hoc
973 4330 1180 4406 [porro]
1213 4333 1353 4388 libro
1412 4336 1766 4405 quaestionem
1820 4335 2003 4404 addit,

412 4437 553 4485 cur.
603 4439 726 4478 cum
765 4425 940 4478 multa
986 4435 1171 4478 essent
1207 4425 1461 4480 animalia
1513 4427 1654 4482 inter
1688 4431 1885 4483 munda
1914 4444 2007 4482 nu.

415 4525 648 4582 lucrata,
693 4516 934 4586 quinque
983 4526 1191 4571 tantum
1237 4519 1541 4574 sacriﬁcam
1594 4519 1815 4584 fuerint,
1851 4521 2003 4575 etab

415 4607 656 4677 antiquis
688 4607 938 4682 [Judaeis]
980 4609 1048 4664 ad
1080 4623 1192 4662 rem
1227 4608 1470 4664 divinam
1502 4612 1766 4678 adhibita,
1821 4613 2004 4668 hircus

416 4715 627 4768 nempe,
654 4711 708 4754 et
729 4701 894 4766 aries,
917 4713 973 4758 et
1006 4705 1123 4766 bos.
1153 4711 1332 4759 turtur
1353 4712 1409 4758 et
1429 4704 1674 4759 columba
1701 4705 1726 4758 τ
1753 4703 2004 4775 Respon-

412 4789 524 4857 det,
560 4794 780 4861 antiqua
811 4795 1040 4866 ﬁguram
1071 4814 1214 4862 esse,
1251 4807 1308 4852 et
1350 4797 1610 4867 pleraque
1653 4798 1720 4851 ad
1752 4797 2006 4868 aenigma-

417 4889 525 4933 tum
548 4883 915 4950 cognitionem
950 4886 1166 4943 referri.
1204 4888 1456 4956 Quinque
1475 4896 1656 4943 autem
1685 4901 1753 4945 ex
1784 4889 2002 4944 mundis

415 4972 711 5030 sacriﬁcari
742 4977 838 5041 ait,
871 4980 1016 5046 quod
1051 4995 1148 5051 per
1180 4981 1275 5035 illa
1301 4982 1538 5050 quinque
1566 4995 1756 5036 sensus
1783 4989 2002 5037 nostros

413 5063 528 5131 pari
557 5080 784 5122 numero
823 5068 1057 5124 voluerit
1091 5071 1368 5127 insinuare
1411 5092 1425 5128 :
1461 5071 1548 5127 his
1568 5072 1712 5127 enim
1737 5070 1997 5142 puriﬁca-

412 5164 500 5214 tos
535 5173 634 5214 seu
665 5163 894 5217 mundos
928 5177 1026 5218 nos
1052 5164 1349 5235 adjungere
1375 5162 1556 5220 Verbo
1577 5163 1692 5218 vult
1719 5163 1998 5232 legis-lator

411 5253 470 5300 et
516 5247 783 5305 decernit.
843 5250 1023 5322 Atque
1066 5253 1180 5310 hac
1232 5255 1449 5326 quidem
1502 5254 1613 5328 [ex
1653 5255 1998 5313 orationibus

410 5337 650 5414 Eulogii]
674 5354 930 5415 excerpta
967 5355 1116 5402 sunt.

486 5445 514 5476 ο
550 5435 688 5492 Gen.
722 5454 868 5508 sua,
897 5439 987 5497 29.
1078 5442 1098 5481 τ
1135 5441 1292 5498 Deut.
1317 5457 1491 5510 χχιιι,
1522 5443 1613 5509 49,
1647 5443 1738 5500 50.

2183 3423 2339 3476 Οὕτω
2397 3424 2458 3475 τὸ
2515 3424 2776 3487 δυσσεϐὲς
2837 3425 2970 3497 περὶ
3038 3426 3389 3490 ἀναστάσεως
3449 3426 3540 3482 διὰ
3595 3429 3712 3482 τῶν

2113 3515 2424 3587 ίερολογιῶν
2474 3516 2732 3570 Δοσιθέου
2780 3519 3046 3589 κήρυγμα
3100 3519 3440 3584 καταϐαλὼν,
3478 3521 3576 3573 κα)⁸
3621 3521 3703 3576 ὅτι

2109 3607 2348 3677 φθαρτὸς
2399 3607 2428 3659 6
2481 3608 2683 3678 κόσμος
2737 3611 2965 3681 (ἐκεῖνος
3011 3610 3121 3682 γὰρ
3179 3611 3424 3682 φθαρτὴν
3487 3613 3588 3682 μὲν
3655 3613 3707 3645 ⁸⁸¹

2113 3697 2212 3770 τὴν
2256 3698 2456 3771 ψυχὴν,
2487 3700 2768 3772 ἄφθαρτον
2801 3702 2860 3756 δὲ
2904 3703 3094 3756 τούτον
3133 3704 3560 3776 ἐτερατολόγει),
3607 3708 3706 3762 καὶ

2113 3789 2196 3842 ὅτι
2228 3789 2340 3844 τῶν
2373 3791 2684 3864 ἀγγέλωνή
2735 3793 2900 3862 φύσις
2930 3795 3082 3865 παρά
3113 3793 3250 3849 Θεοῦ
3309 3795 3521 3868 ὑπέστη
3570 3797 3710 3866 (τῶν

2107 3882 2218 3955 γὰρ
2243 3882 2318 3954 μὴ
2337 3882 2506 3938 ὄντων
2533 3885 2850 3940 καὶτούτων
2869 3885 2971 3958 τὴν
2983 3885 3146 3956 φύσιν
3165 3889 3210 3923 ’τ
3230 3888 3440 3952 ἐκεῖνος
3463 3888 3493 3940 6
3517 3888 3584 3957 λη
3594 3887 3704 3956 ρώ-

2107 3975 2205 4045 δης
2223 3975 2487 4047 ἐνόμιζε),
2513 3979 2601 4032 ναὶ
2624 3977 2688 4050 δὴ
2710 3979 2804 4032 καὶ
2824 3979 2907 4033 ὅτι
2934 3979 2996 4032 τὸ
3017 3981 3294 4052 δαιμόνιον
3317 3981 3512 4051 γέγονέ
3528 3999 3588 4035 τε
3611 3982 3706 4036 καὶ

2106 4069 2350 4142 διαμένει
2374 4070 2541 4140 φῦλον
2567 4073 2638 4136 (οἱ
2668 4075 2780 4145 γὰρ
2803 4073 3068 4146 Δοσθηνοὶ
3082 4077 3151 4131 τὰ
3173 4077 3272 4148 μὲν
3295 4077 3489 4131 εῐδωλα
3504 4077 3703 4148 δαίμο-

2115 4179 2211 4226 νας
2235 4162 2439 4232 ἔλεγον,
2453 4164 2581 4220 ἄλλο
2595 4165 2653 4220 δέ
2670 4184 2726 4221 τι
2745 4167 3024 4239 δαιμόνιον
3044 4168 3210 4239 φῦλον
3226 4171 3328 4224 οὐκ
3350 4170 3701 4241 ἐγίνωσκον),

2124 4255 2208 4320 εἰς
2261 4255 2464 4327 πολλὴν
2496 4257 2662 4312 αὐτὸν
2708 4258 2898 4313 ἐλάσαι
2933 4260 3364 4331 φρενοϐλάϐειαν
3391 4261 3700 4333 διήλεγξεν.

2195 4346 2283 4400 Ἐν
2327 4345 2506 4420 τούτῳ
2548 4348 2627 4420 τῷ
2689 4349 2881 4423 βιϐλίῳ
2925 4352 3164 4424 ἀπορίαν
3214 4354 3440 4422 προθεὶς
3499 4354 3569 4420 ⁸⁸,
3617 4355 3700 4408 ὅτι

2111 4435 2324 4491 πολλῶν
2379 4437 2549 4492 ὄντων
2601 4438 2757 4504 ζώων
2801 4424 2844 4496 ἃ¹
2887 4441 2990 4513 τῆς
3027 4443 3138 4498 τῶν
3191 4444 3450 4516 καθαρῶν
3493 4446 3704 4516 ἐτάχθη

2035 4563 2080 4620 D
2114 4527 2352 4597 μερίδος,
2399 4528 2487 4583 διὰ
2538 4530 2590 4583 τί
2640 4526 2801 4585 πέντε
2856 4533 2992 4604 μόνα
3040 4532 3393 4599 ἐθυσιάζοντο
3425 4537 3542 4600 τοῖς
3591 4554 3702 4590 πα-

2106 4619 2277 4683 λαιοῖς
2301 4622 2395 4674 καὶ
2437 4623 2837 4692 ίερουργοῦντο,
2881 4625 3085 4696 τράγος
3117 4629 3211 4680 καὶ
3239 4627 3395 4699 κριὸς
3424 4629 3522 4683 καὶ
3546 4627 3698 4699 βοῦς,

2104 4711 2324 4782 τρυγὼν
2357 4713 2453 4767 καὶ
2485 4717 2790 4785 περιστερά
2821 4732 2836 4780 ;
2882 4717 2991 4770 Καὶ
3045 4717 3350 4786 ἐπιλύεται,
3397 4719 3572 4774 τύπον
3599 4720 3701 4792 μὲν

2105 4800 2249 4856 εἶναι
2279 4804 2455 4872 λέγων
2492 4805 2564 4860 τὰ
2591 4806 2816 4874 παλαιὰ,
2856 4811 2949 4862 καὶ
2993 4808 3063 4863 τὰ
3092 4809 3266 4863 πλείω
3317 4813 3398 4875 εἰς
3439 4813 3700 4883 αἰνιγμά-

2101 4911 2210 4950 των
2254 4897 2628 4970 ἀναφέρεσθαι
2669 4900 2924 4973 θεωρίαν,
2989 4901 3153 4957 πέντε
3206 4904 3264 4958 es
3316 4905 3382 4958 ἐκ
3436 4905 3550 4959 τῶν
3602 4923 3700 4960 κα·-

2105 4985 2293 5060 θαρῶν
2367 4991 2808 5063 ίερουργεῖσθαι,
2842 4993 2938 5048 ἀτε
2989 4994 3054 5066 δὴ
3110 4995 3209 5050 καὶ⁴
3267 4997 3366 5060 τὰς
3417 4997 3700 5069 ἡμετέρας

2103 5079 2386 5152 αἰσθήσεις
2418 5081 2512 5136 τὸν
2540 5083 2656 5136 ἴσον
2692 5083 2927 5156 ἀριθμὸν
2958 5086 3400 5158 ὑποϐαλλόμενος
3438 5089 3484 5122 ⁸⁸
3514 5105 3530 5120 ο
3561 5088 3700 5143 ταύ-

2102 5187 2204 5235 τας
2260 5173 2368 5244 γὰρ
2416 5175 2568 5246 ἡμᾶς
2615 5177 3032 5249 κεκαθαρμένας
3077 5180 3378 5250 προσάγειν
3406 5179 3510 5250 ,τῷ
3539 5180 3698 5251 Λόγῳ

2102 5264 2389 5334 νομοθετεῖ
2433 5285 2495 5322 τε
2523 5269 2618 5324 καὶ
2666 5269 2918 5340 βούλεται
2967 5275 2998 5329 6
3040 5273 3362 5345 νομοθέτης.
3414 5273 3579 5327 Ἀλλὰ
3627 5275 3695 5326 τά

2107 5355 2210 5426 μὲν
2235 5358 2334 5429 τῆς
2367 5360 2600 5433 ἐκλογῆς
2627 5363 2687 5417 ἐν
2711 5361 2948 5428 τούτοις.

1680 5535 1947 5597 iVARlIE
1987 5537 2402 5595 LEC'I‘IONES.

485 5617 530 5651 "
553 5617 820 5694 δεσπότης
857 5640 967 5694 om.
999 5623 1060 5680 Β.
1137 5626 1182 5658 ⁸¹
1217 5627 1406 5684 Ναϐάτ
1433 5630 1494 5687 Β.
1535 5679 1538 5684 .
1607 5631 1653 5663 ⁸³
1675 5631 1916 5694 εὐσεϐῶς
1945 5633 2012 5686 Α.

419 5684 702 5780 εῗξεὲῑξυν
728 5684 829 5780 xiv
859 5693 1026 5764 φύσιν
1055 5696 1116 5763 υ»
1156 5696 1346 5755 τοῦτον
1378 5684 1544 5771 «eam
1585 5701 1628 5759 c
1658 5711 1824 5780 et‘pr.
1854 5684 1916 5754 Αῑ
2075 5684 2342 5777 προσθείς
2363 5684 2436 5773 -ρέξ

420 5753 888 5832 ὑποϐαλλομέναςξ

2125 5633 2172 5665 ⁸⁸
2199 5633 2495 5710 διαλύεται.
2536 5705 2576 5710 __
2599 5636 2644 5710 8f
2672 5636 2962 5710 ἀποφαίνει
2990 5639 3073 5710 Δρ
3124 5639 3187 5710 7"
3225 5638 3326 5710 μέν
3353 5639 3398 5696 Δ
3437 5656 3452 5692 :
3493 5640 3593 5693 ἐπί
3626 5654 3688 5703 ς.

2534 5705 2581 5740 ⁸⁹
2615 5705 3077 5784 ὑποϐαλλόμενος]
3117 5705 3350 5767 fortasse
3400 5711 3687 5782 legendum
