3964 6246
265 322 404 391 1089

969 429 1137 484 ΣΛᾹ’.

298 522 639 593 Σωφρονιου
674 520 1109 589 Ἰεροσολύμων
1124 518 1417 585 συνοδικὴ
1460 515 1803 583 Ἐπιστολή.

334 612 684 683 Ἀνεγνώσθη
716 611 1029 684 Σωφρονίου
1074 609 1468 681 Ἰεροσολύμων
1500 608 1840 679 πατριάρχου

270 704 614 773 Συνοδικὴ,
668 705 703 776 ἢ
762 703 1045 773 ἀπεστάλη
1101 705 1158 755 ὲν
1220 701 1411 773 Ῥώμῃ
1474 700 1712 770 Ὀνωρίῳ
1763 699 1843 771 τῷ

262 798 469 868 ταύτης
522 799 839 869 ὲπάρχοντι.
889 793 1040 865 Αὕτη
1088 795 1122 865 ή
1164 793 1419 863 ἐπιστολὴ
1475 793 1689 863 πλήρης
1742 794 1844 863 μέν

266 891 413 943 ἔστιν
459 890 776 953 εὐσεϐείας,
831 886 1201 957 ὲννεωτερίζει
1245 887 1300 940 δὲ
1344 884 1610 955 πολλαχοῦ
1648 885 1697 917 ⁹⁰
1731 887 1843 947 τοῖς

268 984 498 1053 ῥήμασι,
545 981 800 1054 καθάπερ
858 1000 943 1045 τις
990 981 1177 1043 πῶλος.
1205 978 1675 1049 ὲπιγαυρούμενος
1730 980 1843 1039 τοῖς

268 1074 631 1142 σκιρτήμασι.
686 1074 833 1142 Πλὴν
889 1074 993 1142 τήν
1040 1088 1098 1124 τε
1155 1070 1434 1142 ὀρθόδοξον
1474 1070 1550 1133 ὡς
1609 1068 1842 1138 μάλιστα

267 1163 494 1232 γνώμην
547 1162 848 1231 έξακριϐοῖ,
909 1165 1003 1217 καὶ
1060 1163 1168 1215 τῶν
1221 1162 1382 1233 ἱερῶν
1436 1162 1723 1233 δογμάτων
1780 1160 1842 1214 οὐ

265 1253 369 1323 τὴν
396 1252 667 1323 τυχοῦσαν
714 1253 953 1323 μάθησιν
993 1253 1382 1307 ἐπιδείκνυται.
1434 1253 1524 1305 Ἐν
1559 1253 1731 1327 ταύτῃ
1773 1254 1842 1324 τῇ

266 1343 527 1414 ἐπιστολῇ
580 1345 835 1412 εὑρήσεις
891 1346 986 1399 καὶ
1039 1345 1261 1413 Μάγνον
1322 1344 1420 1398 σὺν
1480 1344 1843 1415 Ἀπολιναρίῳ

269 1433 821 1505 άναθεματιζόμενον,
871 1435 967 1489 καὶ
993 1435 1342 1507 Θεοδώρητον
1367 1435 1469 1505 τῆς
1511 1434 1841 1503 Ἐκκλησίας

272 1526 377 1580 οὐκ
407 1527 946 1599 ἀποκηρυττόμενον,
984 1530 1033 1582 εί
1071 1528 1165 1581 καὶ
1196 1529 1256 1581 ἐν
1285 1521 1369 1592 οἷς
1402 1526 1675 1598 Κυρίλλου
1707 1543 1843 1582 κατ-

1247 318 1775 382 BIBLIOTHECA.
1803 340 1871 353 ·-
1892 313 2056 375 COD.
2094 312 2399 375 CCXXXI.

1866 433 1915 489 Δ

3383 314 3525 384 1090

2569 416 2864 488 sccxxm.

2060 510 2343 581 prhrom’i
2376 508 2799 580 Hierosblymilw
2837 510 3094 580 synodica
3126 510 3395 582 Epistula.

2014 602 2141 674 Legi
2178 601 2475 671 Epistulam
2517 602 2832 672 “synodicam
2858 602 3153 672 Sophronii
3200 604 3526 673 patriarchae

1942 695 2439 765 llierosolymitani,
2485 692 2721 749 Honorio
2754 693 3001 749 Romano
3032 696 3345 764 imperatori
3387 698 3519 752 Inis-

1940 806 2079 846 sam.
2126 788 2255 845 Haec
2293 788 2519 858 epistola
2548 790 2702 858 plena
2742 802 2824 844 est
2858 791 3078 858 pietate,
3128 791 3280 845 novis
3322 794 3523 860 passim

1942 880 2144 945 verbis,
2195 889 2253 933 nt
2290 881 2413 949 equi
2458 879 2635 950 pullus
2679 879 2904 934 saltibus
2944 880 3203 949 gaudens,
3240 881 3346 935 nisi
3378 866 3525 950 quod

1942 982 2148 1027 rectam
2179 972 2486 1040 opinionem
2512 971 2799 1041 diligenter
2831 972 3123 1037 examinet,
3158 984 3212 1026 et
3241 988 3524 1029 sacrorum

1942 1068 2254 1136 dogmatum
2285 1077 2389 1117 non
2414 1062 2691 1117 fortuitam
2718 1077 2838 1117 esse
2866 1060 3525 1132 cugnitionem‘ostendat.

1942 1156 2003 1213 In
2036 1156 2137 1211 hac
2172 1152 2400 1223 epistola
2442 1154 2687 1208 invenias
2716 1152 2965 1223 Magnum
3019 1164 3140 1207 cn'm
3187 1154 3526 1222 Apollinario

1943 1246 2472 1304 excominunicatum
2517 1254 2568 1299 et
2620 1244 3015 1299 Theodoretnin
3050 1244 3119 1298 ab
3155 1245 3394 1300 Ecclesia
3420 1263 3525 1301 non

1946 1339 2267 1401 abmissum,
2303 1336 2405 1390 etsi
2449 1335 2539 1390 ubi
2583 1334 2839 1405 Cyrillum
2880 1336 3177 1401 damnavit,
3221 1351 3444 1406 pravum
3472 1346 3531 1392 et

1946 1430 2143 1486 malum
2203 1429 2525 1485 asseruerit.
2581 1428 2687 1482 Sed
2717 1438 2771 1481 et
2804 1427 2944 1497 quod
2986 1427 3123 1481 alius
3157 1428 3226 1483 sit
3266 1428 3529 1500 Origenes

1947 1526 2229 1593 antiquus,
2263 1522 2401 1576 alius
2434 1521 2523 1591 qui
2558 1530 2677 1590 post
2708 1520 2858 1573 illum
2887 1531 3111 1576 vocatus
3145 1521 3526 1587 Adamantius,

268 1619 570 1690 εψηφίσατο
628 1620 689 1674 τὺ
728 1620 989 1691 ἀδόκιμον
1036 1620 1133 1675 καὶ
1187 1619 1435 1692 μεμπτὸν
1472 1621 1841 1689 ἀπηνέγκατο.

1948 1616 2195 1685 quodque
2238 1628 2360 1669 cum
2410 1612 2530 1667 aliis
2559 1613 2827 1667 haereticis
2855 1614 3245 1667 condemnetur
3288 1612 3528 1669 Jacobns

281 1707 444 1761 Ἀλλά
493 1709 589 1762 καὶ
623 1709 698 1772 ὡς
751 1709 909 1773 ἄλλος
963 1710 1063 1780 μέν
1120 1712 1269 1764 ἐστιν
1323 1710 1606 1781 Ὠριγένης
1650 1710 1680 1762 6
1734 1725 1844 1763 πα·-

1950 1707 2143 1779 Syrus,
2180 1721 2209 1760 a
2250 1721 2355 1774 quo
2386 1705 2763 1760 haereticorum
2804 1706 3199 1775 Acephalorum
3241 1717 3389 1761 secta
3432 1723 3529 1761 no-

268 1797 438 1862 λαιδς,
489 1799 679 1869 ἕτερος
720 1799 777 1853 δὲ
827 1803 855 1854 6
910 1802 1029 1871 μετ’
1078 1802 1309 1864 ἐκεῖνον,
1365 1803 1395 1855 6
1439 1800 1485 1834 "
1528 1799 1844 1871 ἐπικληθεὶς

1949 1816 2068 1853 men
2116 1797 2301 1852 traxit.
2329 1796 2497 1866 Rogat
2529 1808 2706 1851 autem
2735 1799 2848 1852 haec
2872 1798 3120 1866 epistola,
3153 1799 3198 1853 si
3236 1799 3364 1867 quid
3392 1814 3532 1868 prae-

292 1892 650 1962 Ἀδαμάντιος
684 1909 698 1923 ·
741 1894 835 1947 καὶ
884 1894 961 1957 ώς
1001 1896 1114 1959 τοῖς
1168 1893 1351 1957 ἄλλοις
1396 1893 1691 1965 αίρετικοῖς
1720 1909 1844 1946 συν-

1951 1891 2257 1946 termissnm
2287 1890 2358 1944 sit
2381 1894 2704 1958 eorumlqua:
2732 1890 2838 1944 dici
2863 1890 3186 1957 debuerant,
3224 1890 3523 1945 Honorium

268 1981 726 2052 αναθεματίζεται
771 1987 801 2037 6
841 1983 1010 2055 Σύρος
1048 1984 1340 2049 ’Ἰάκωϐος,
1387 1983 1513 2057 [469
1550 1984 1644 2055 Η.]
1680 1982 1738 2049 ἐξ
1784 1974 1844 2036 οὗ

1948 1980 2252 2036 Romanum
2271 1980 2674 2049 imperatorem,
2701 1989 2758 2032 ut
2797 1981 2887 2048 qui
2907 1991 3106 2049 posset,
3127 1996 3187 2036 ea
3205 1991 3261 2035 et
3284 1982 3531 2051 impleret

267 2073 369 2146 τὴν
423 2074 743 2143 ἐπωνυμίαν
797 2077 859 2128 τδ
906 2076 1014 2130 τῶν
1062 2076 1373 2144 Ἀκεφάλων
1416 2076 1711 2146 αίρετικῶν
1739 2074 1844 2129 εἴλ-

1960 2080 2017 2128 et
2044 2070 2692 2142 corrigeret.ﬂabitururn
2716 2079 2893 2125 autem
2924 2087 2982 2126 se
3004 2087 3249 2142 magnam
3272 2073 3526 2141 gratiam,

268 2181 405 2217 κυσε
445 2165 727 2236 σύστημα.
778 2168 1024 2220 Αίτείται
1056 2166 1112 2220 δὲ
1150 2168 1182 2237 ἡ
1218 2166 1499 2236 ἐπιστολὴ,
1550 2167 1645 2220 καὶ
1686 2168 1737 2219 εί
1794 2180 1844 2218 τι

1950 2162 2000 2218 si
2026 2171 2151 2217 voto
2192 2176 2297 2215 non
2344 2161 2645 2215 frustratus
2677 2158 2863 2225 fuerit,
2892 2170 2945 2215 et
2968 2178 3239 2231 nunquam
3280 2162 3524 2217 beneﬁcii

267 2254 547 2325 παρώφθη
605 2257 713 2308 τῶν
768 2257 1091 2324 ὀφειλόντων
1146 2256 1411 2329 ῥηθῆναι,
1467 2256 1560 2310 τὸν
1630 2257 1844 2328 Ῥώμης

1951 2259 2320 2313 immemorem
2344 2256 2475 2311 fore.
2510 2255 2633 2310 llaec
2662 2267 2844 2311 autem
2879 2258 2928 2309 in
2955 2258 3053 2309 hac
3081 2257 3343 2313 Oratione
3364 2273 3530 2329 syno-

281 2345 542 2417 Ὀνώριον
597 2346 725 2421 [889
766 2347 861 2421 R.]
896 2345 994 2402 οἷα
1044 2348 1110 2420 δὴ
1158 2349 1255 2404 καὶ
1302 2348 1602 2420 δυνάμενον
1643 2349 1844 2421 ταύτης

1957 2351 2075 2405 dica
2104 2351 2275 2406 sancti
2312 2349 2603 2415 Sophronii
2664 2348 2891 2418 epistola
2923 2352 3104 2403 tradit.

268 2444 605 2516 ποιήσασθαι
626 2445 723 2499 καὶ
745 2444 843 2515 τὴν
869 2444 1152 2516 διόρθωσιν
1185 2446 1281 2500 καὶ
1313 2445 1410 2516 τὴν
1430 2446 1848 2518 ἀναπλήρωσιν
1891 2447 2138 2519 μεγάλην
2207 2447 2254 2500 δ’
2305 2444 2373 2499 ἂν
2414 2443 2771 2515 ὁμολογήσειν
2818 2446 2916 2515 τὴν
2952 2444 3133 2514 χάριν,
3185 2446 3234 2498 εί
3297 2443 3371 2515 μὴ
3414 2445 3529 2498 δια-

269 2535 471 2605 μάρτοι
513 2534 614 2606 τῆς
666 2537 955 2606 αἰτήσεως,
998 2537 1093 2591 καὶ
1146 2536 1418 2607 μηδέποτε
1492 2538 1728 2607 φανῆναι
1775 2537 1879 2609 τῆς
1951 2538 2271 2611 εὐεργεσίας
2327 2535 2646 2608 ἀγνώμονα.
2727 2536 2889 2590 Ἀλλὰ
2937 2535 3114 2590 ταῦτα
3176 2536 3275 2608 μὲν
3336 2538 3397 2590 εν
3447 2536 3529 2608 τῷ

268 2627 465 2699 βιϐλίῳ
504 2628 689 2697 ἔλεγεν
718 2628 751 2699 ἡ
793 2627 1043 2699 συνοδικὴ
1072 2628 1386 2701 Σωφρονίου
1406 2629 1501 2684 τοῦ
1534 2630 1841 2698 άγιωτάτου
1881 2631 2162 2703 ἐπιστολή.

340 2723 437 2776 Ἐν
471 2722 527 2776 δὲ
558 2722 637 2795 τῷ
666 2722 815 2794 αὐτῷ
843 2723 1182 2795 περιείχοντο
1210 2724 1392 2795 τεύχει
1420 2727 1645 2797 χρήσεις
1674 2728 1844 2797 άγίων

2016 2728 2072 2783 In
2099 2728 2201 2784 hoc
2232 2727 2507 2783 volumine
2529 2726 2944 2783 continebantur
2974 2727 3283 2783 testimonia
3307 2739 3528 2785 sancto.

270 2814 368 2866 καὶ
401 2812 675 2883 διαφόρων
707 2813 987 2884 Πατέρων,
1026 2813 1134 2868 τῶν
1170 2831 1232 2869 τε
1266 2818 1711 2887 προγενεστέρων
1745 2820 1844 2890 τῆς

1952 2835 2071 2875 rum
2092 2820 2361 2875 variorum
2389 2818 2633 2882 Patrum,
2684 2817 2777 2889 qui
2810 2828 2935 2874 ante
2989 2829 3238 2890 quartam
3261 2822 3525 2892 synodum

266 2904 539 2976 τετάρτης
572 2905 789 2959 συνόδου
821 2908 916 2959 καὶ
955 2907 1064 2961 τῶν
1109 2910 1228 2961 κατ’
1272 2908 1441 2981 αὐτὴν
1479 2910 1844 2982 ἀκμασάντων

1948 2911 2185 2973 fuerunt,
2239 2920 2292 2966 et
2325 2911 2415 2981 qui
2447 2920 2568 2982 post
2614 2909 2757 2965 illam
2809 2909 3131 2977 ﬂoruerunt,
3183 2921 3376 2982 etpost
3411 2913 3524 2967 nati

268 2997 363 3049 καὶ
419 2997 528 3050 τῶν
575 2997 657 3052 ἔτι
713 3000 1212 3070 μεταγενεστέρων.
1252 3002 1318 3054 Αἱ
1364 3001 1423 3055 δὲ
1477 3003 1701 3074 χρήσεις
1748 3003 1844 3074 τὴν

1948 3011 2088 3059 sunt.
2106 3001 2234 3069 Quae
2262 3002 2572 3057 testimonia
2598 3002 2864 3071 duplicem
2900 3002 2952 3056 in
2977 3001 3191 3058 Christo
3214 3003 3323 3058 Deo
3342 3013 3529 3059 nostro

268 3090 471 3162 διπλῆν
537 3091 822 3161 ἐνέργειαν
893 3095 985 3147 ἐπὶ
1044 3093 1283 3165 Χριστοῦ
1344 3093 1441 3148 τοῦ
1492 3095 1630 3149 Θεοῦ
1684 3097 1844 3167 ἡμῶν

1949 3096 2314 3166 operationem
2342 3095 2724 3164 praedicarunt,
2751 3109 2982 3165 quarum
3014 3095 3284 3167 principes
3308 3106 3366 3151 et
3389 3112 3527 3163 prae-

267 3182 681 3253 ἁνεκήρυττον,
742 3178 818 3240 ὧν
878 3185 1113 3257 πατέρες
1170 3188 1266 3241 καὶ
1318 3187 1645 3258 γεννήτορες
1702 3184 1844 3260 ἦσαν

1952 3188 2093 3255 cipui
2114 3197 2288 3251 erant,
2308 3185 2417 3241 Leo
2432 3187 2634 3240 veteris
2652 3185 2835 3239 Romae
2857 3186 3122 3255 pontifex,
3142 3198 3197 3243 et
3218 3196 3409 3258 quarta
3439 3189 3528 3243 illa

268 3273 428 3327 Λέων
475 3291 535 3327 τε
586 3275 615 3327 6
663 3276 761 3346 τῆς
823 3278 1200 3348 πρεσϐυτέρας
1255 3277 1472 3349 Ῥώμης
1516 3280 1844 3349 ἀρχιερεὺς,

1952 3279 2151 3349 287a
2168 3278 2502 3333 mcumenica
2527 3279 2785 3347 synodus,
2812 3276 3003 3332 Petrus
3021 3281 3396 3335 sanctissimus
3408 3278 3529 3351 My-

270 3366 373 3417 xai.
388 3364 575 3435 αὑτὴή
597 3367 828 3438 τετάρτη
849 3369 942 3421 καὶ
956 3369 1309 3440 οίκουμενικὴ
1335 3370 1466 3437 ἁγία
1490 3370 1723 3435 σύνοδος,
1744 3372 1844 3426 Πέ-

1958 3385 2141 3423 rorum
2199 3370 2511 3438 episcopus,
2573 3365 2882 3421 Gennadius
2919 3368 3432 3440 Constantinopolis,
3473 3381 3530 3427 et

268 3473 295 3511 τ
304 3475 403 3528 ρος
431 3476 492 3512 τε
513 3459 541 3510 6
561 3460 763 3531 Μύρων
782 3461 1071 3526 ὁσιώτατος
1104 3463 1417 3527 ἐπίσκοπος,
1448 3464 1542 3517 καὶ
1571 3464 1844 3529 Γεννάδιος

1949 3460 2186 3516 Photicae
2198 3460 2485 3529 episcopus
2505 3459 2721 3515 nomine
2738 3458 3063 3527 Diadochus,
3084 3470 3137 3515 et
3154 3459 3528 3530 Euphmniins

269 3551 298 3603 6
320 3550 971 3619 Κωνσταντινουπόλεως,
999 3554 1094 3607 καὶ
1114 3557 1142 3608 6
1169 3555 1268 3624 τῆς
1284 3556 1531 3626 Φωτικῆς
1552 3558 1849 3620 ἐπίσκοπος

266 3640 446 3709 ὄνομα
478 3642 749 3711 Διάδοχος,
785 3644 882 3697 καὶ
913 3644 1231 3715 Ἐφραίμιος
1246 3647 1291 3677 θ’
1333 3648 1363 3700 6
1388 3646 1487 3715 τῆς
1521 3646 1848 3718 Ἀντιοχείας

267 3733 588 3802 ἀρχιερεὺς,
621 3733 680 3797 ὃς
725 3735 821 3788 καὶ
865 3736 1005 3788 κατὰ
1036 3736 1144 3789 τῶν
1176 3737 1486 3805 Ἀκεφάλων
1532 3738 1591 3792 ὲν
1634 3738 1848 3801 πολλοῖς

270 3824 623 3894 συντάγμασι
654 3828 917 3894 γενναίως
943 3826 1248 3897 ήνδρίσατο,
1282 3830 1375 3881 καὶ
1396 3828 1668 3894 Διονύσιος
1691 3831 1720 3883 6
1746 3846 1848 3882 πο-

266 3911 369 3973 λὺς
412 3913 513 3981 μὲν
558 3912 654 3984 τὴν
698 3914 969 3982 γλῶσσαν,
1007 3916 1205 3970 πλείων
1233 3917 1290 3972 δὲ
1319 3918 1366 3950 ⁵³
1394 3920 1494 3987 τὴν
1542 3917 1793 3991 θεωρίαν,
1818 3921 1849 3973 6

268 4001 526 4074 μαθητὴς
563 4004 777 4058 Παύλου
824 4007 917 4060 καὶ
960 4006 1053 4061 τοῦ
1084 4008 1319 4077 Χριστοῦ
1350 4010 1559 4079 μάρτυς
1600 4010 1695 4064 καὶ
1737 4010 1848 4063 τῶν

279 4093 527 4164 Ἀθηνῶν
543 4096 590 4127 ⁹⁶
612 4096 930 4165 ἐπίσκοπος,
959 4098 1052 4153 καὶ
1083 4097 1360 4163 Ἰουστϊνος
1409 4102 1440 4154 6
1491 4104 1849 4172 μρτυρικοῖς

265 4186 467 4257 αἵμασι
518 4187 822 4255 βεϐαιώσας
862 4191 926 4244 τὸ
967 4190 1287 4262 φιλόσοφον,
1335 4193 1431 4245 καὶ
1475 4193 1504 4246 6
1551 4192 1849 4256 πολύαθλος

280 4278 689 4349 Ἀλεξανδρείας
721 4281 1058 4348 ’Δθανάσιος,
1090 4284 1385 4357 Γρηγόριός
1409 4301 1470 4338 τε
1495 4286 1524 4339 6
1542 4285 1642 4356 τῆς
1664 4285 1846 4339 θεολο-

267 4367 399 4434 γίας
437 4370 817 4439 μυσταγωγὸς,
851 4374 945 4425 καὶ
977 4376 1074 4444 τῆς
1106 4374 1433 4444 Ἐκκλησίας
1464 4377 1493 4429 6
1517 4375 1720 4445 κόσμος
1741 4374 1849 4429 Βα-

266 4458 504 4522 σίλειος,
536 4462 630 4512 καὶ
654 4463 683 4513 6
713 4463 955 4533 ποταμὸς
988 4464 1095 4518 τῶν
1125 4464 1299 4533 λόγων
1321 4467 1351 4519 6
1379 4465 1603 4535 Νύσσης
1640 4465 1847 4537 Γρηγό-

1951 3552 2255 3609 Antiochiae
2302 3549 2521 3621 praesul,
2568 3549 2659 3619 qui
2710 3552 2870 3605 etiam
2911 3561 3099 3606 contra
3140 3552 3441 3622 Acepbalos
3470 3554 3524 3609 in

1951 3642 2132 3698 multis
2159 3642 2329 3708 ,libris
2358 3650 2578 3696 strenue
2621 3642 2867 3697 certavit.
2923 3640 2991 3696 Et
3034 3641 3318 3713 Dionysius
3341 3646 3530 3716 copioa

1952 3750 2045 3791 sus
2087 3735 2303 3804 quidem
2350 3733 2551 3796 verbis,
2599 3733 2870 3801 copiosior
2914 3743 3092 3787 tamen
3136 3736 3525 3805 speculatione,

1953 3824 2252 3894 discipulus
2305 3822 2476 3876 sancti
2513 3821 2690 3888 Pauli,
2722 3821 2923 3877 Christi
2956 3834 3186 3894 martyr,
3223 3827 3524 3882 Athenien-

1949 3918 2089 3973 sium
2125 3915 2447 3984 episcopus;
2479 3924 2534 3969 et
2563 3911 2808 3968 Justinus
2838 3914 3082 3985 martyrii
3109 3904 3372 3986 sanguine
3402 3920 3523 3988 phi-

1949 4008 2254 4079 losOphiam
2322 4004 2655 4061 confirmans
2707 4022 2723 4071 ;
2772 4014 2829 4058 et
2878 4014 3133 4061 strenuus
3193 4007 3526 4065 Athanasius

1948 4097 2285 4155 Alexandria:
2320 4096 2551 4167 praesul;
2605 4106 2660 4151 et
2700 4094 3014 4165 Gregorius,
3040 4098 3317 4171 theologia:
3367 4116 3525 4157 arca-

1950 4210 2077 4248 num
2095 4208 2231 4257 vas;
2258 4204 2309 4247 et
2344 4192 2505 4246 decus
2545 4190 2821 4253 Ecclesiae,
2852 4190 3081 4247 Basilius
3113 4210 3129 4259 ;
3159 4203 3213 4247 et
3235 4194 3521 4250 verborum

1948 4283 2147 4339 ﬂumen
2198 4282 2473 4354 Nyssenus
2505 4298 2522 4348 ;
2551 4290 2605 4335 et
2636 4282 2792 4336 fortis
2818 4282 3017 4337 athleta
3063 4282 3296 4355 Cyrillus
3324 4302 3339 4350 ;
3375 4293 3430 4340 et
3467 4287 3522 4341 in

1952 4372 2048 4428 Dei
2073 4371 2339 4427 sententia
2362 4370 2534 4425 libere
2555 4372 2865 4427 confitenda
2896 4374 3155 4429 infracms
3178 4378 3519 4442 Ambrosius,

1951 4464 2236 4520 Mediolani
2270 4463 2496 4518 antistes
2528 4479 2543 4529 ;
2575 4472 2629 4518 et
2654 4478 2848 4519 aureus
2870 4479 2965 4519 ore
2995 4476 3048 4519 et
3077 4466 3253 4536 lingua
3282 4467 3521 4525 Joannes

267 4568 407 4621 ριος,
442 4554 537 4605 καὶ
576 4556 605 4607 6
652 4556 946 4629 νικηφόρος
979 4556 1265 4627 Κύριλλος,
1300 4558 1394 4612 καὶ
1441 4561 1471 4612 6
1516 4559 1617 4629 τῆς
1659 4558 1843 4612 ἐνθέου

1949 4552 2489 4622 Constantinopoleos
2538 4552 2822 4623 episcopus
2852 4571 2869 4622 ;
2901 4563 2958 4609 et
2981 4553 3304 4610 Severianus
3332 4556 3518 4612 Gaba-

266 4643 587 4714 παρρησίας
638 4646 873 4716 γνώμων
922 4649 1170 4719 ἀκίνητος
1195 4649 1290 4703 καὶ
1335 4652 1434 4720 τῆς
1482 4649 1781 4712 εὐσεϐείας,
1811 4650 1842 4702 6

264 4734 614 4790 Μεδιολάνων
657 4737 998 4810 ’Λμϐρόσιος,
1030 4742 1125 4794 καὶ
1153 4742 1182 4793 6
1208 4740 1445 4812 χρυσοῦς
1476 4741 1574 4812 τὴν
1594 4740 1842 4810 γλῶτταν

265 4828 362 4878 καὶ
390 4826 455 4878 τὸ
487 4828 663 4899 στόμα
700 4830 952 4901 Ἰωάννης
1000 4832 1029 4885 6
1077 4831 1691 4894 Κωνσταντινουπόλεως
1722 4829 1843 4883 ἐπί-

266 4932 495 4981 σκοπος,
526 4920 618 4971 καὶ
648 4918 972 4990 Σεϐηριανὸς
1020 4924 1047 4974 6
1092 4922 1369 4985 Γαϐάλων,
1402 4922 1495 4975 καὶ
1524 4922 1553 4973 6
1581 4923 1639 4974 ἐν
1667 4920 1845 4988 ἁγίοις

265 5006 521 5070 Θεόδοτος
552 5008 856 5079 (Ἄγκύρας
887 5007 1037 5075 οὗτος
1067 5014 1446 5081 ὲπεστάτησε),
1474 5012 1568 5064 καὶ
1591 5011 1844 5082 Ἰωάννης

264 5096 294 5146 6
323 5096 944 5162 Κωνσταντινουπόλεως
962 5140 978 5163 ,
1004 5101 1033 5153 6
1071 5102 1136 5153 ὲκ
1164 5100 1557 5164 Καππαδοκίας
1586 5101 1758 5155 ἕλκων
1779 5100 1842 5152 τὸ

266 5187 423 5253 γένος
446 5189 540 5240 καὶ
568 5188 629 5241 τὸ
659 5188 967 5260 ἐπώνυμον,
997 5190 1135 5263 ἀνὴρ
1165 5192 1366 5264 άρετῆς
1388 5193 1724 5263 οἰκητήριον,
1745 5193 1853 5245 καὶ
1891 5255 1900 5267 ⁸

264 5277 295 5329 6
346 5278 403 5329 ὲν
456 5279 634 5346 ἁγίοις
662 5280 940 5350 Εὑλόγιος,
974 5282 1002 5334 6
1029 5281 1127 5352 τῆς
1162 5281 1562 5355 Ἀλεξανδρείας
1587 5283 1838 5354 άρχιεπί·

268 5388 492 5439 σκοπος,
523 5376 552 5429 6
585 5377 798 5441 πολλοῖς
844 5379 1023 5449 λόγοις
1052 5379 1371 5435 καταϐαλὼν
1408 5379 1506 5450 τὴν
1548 5378 1655 5431 τῶν
1689 5378 1841 5431 Ἀκε-

268 5463 455 5534 φάλων
481 5466 821 5536 δυσσέϐειαν,
854 5470 947 5527 καὶ
980 5471 1228 5541 Ἰωάννης
1256 5471 1284 5522 6
1312 5472 1370 5525 ὲν
1405 5470 1580 5539 ἁγίοις
1619 5467 1843 5521 ἐπίσκο-

1942 4649 2117 4704 lornm
2159 4664 2176 4714 ;
2215 4655 2269 4701 et
2290 4654 2507 4701 sanctus
2526 4644 2857 4713 Theodotus,
2884 4647 2974 4716 qni
3007 4647 3231 4718 Ancyra:
3271 4649 3504 4720 praefuit;

1927 4748 2002 4803 ,οι
2043 4735 2303 4798 Joannes,
2351 4734 2949 4804 Constantinopolitano
2989 4752 3188 4804 genere
3232 4747 3287 4793 et
3320 4756 3522 4811 cogno-

1946 4827 2091 4881 mine
2116 4824 2421 4893 Cappadox,
2450 4823 2612 4878 homo
2642 4839 2768 4878 vere
2796 4825 3012 4879 virtutis
3051 4827 3381 4883 domicilium
3410 4847 3426 4896 ;
3464 4840 3521 4886 et

1946 4918 2141 4973 beatus
2171 4915 2449 4984 Eulogius,
2490 4916 2772 4985 episcOpus
2800 4916 3163 4984 Alexandria),
3204 4920 3294 4988 qui
3333 4920 3520 4976 multis

1949 5009 2129 5065 verbis
2154 5006 2550 5074 Acephalorum
2579 5008 2902 5061 sententiam
2938 5009 3132 5065 refellit
3160 5029 3175 5078 ;
3207 5023 3262 5066 et
3282 5010 3519 5069 Joannes

1947 5098 2175 5155 antistes
2211 5095 2713 5165 Scyllmpolitanns,
2747 5097 2837 5167 qui
2877 5098 3033 5152 docte
3062 5111 3115 5152 et
3137 5101 3221 5169 pie
3244 5101 3310 5155 de
3351 5114 3521 5171 syno-

1944 5191 2015 5245 do
2040 5188 2464 5246 Chaleedonensi
2484 5191 2699 5258 scripsit
2726 5206 2743 5256 ;
2776 5202 2831 5246 et
2861 5190 3211 5247 Heraclianus
3232 5194 3519 5263 episcopus

1943 5282 2415 5347 Chalcedonensis,
2449 5283 2689 5351 quicum
2721 5284 3031 5339 Manichzeis
3075 5284 3367 5339 niaximum
3395 5299 3518 5339 cer-

1949 5385 2128 5429 tamen
2186 5372 2349 5440 iniit;
2381 5381 2437 5428 et
2459 5372 2720 5430 Leontius
2756 5375 3053 5430 solitariam
3080 5386 3133 5432 et
3161 5379 3511 5431 monasticam

1950 5467 2115 5520 vitam
2147 5464 2391 5532 ducens;
2422 5474 2479 5520 et
2506 5463 2696 5525 beatus
2720 5466 3040 5522 Anastasius
3066 5465 3513 5537 TheOpolitanus,

1526 5586 1756 5643 VABLE
1800 5581 2201 5644 LECTIONES.

341 5676 387 5755 τ’
416 5676 688 5751 πολλαχοῦ
740 5685 784 5738 Δ
814 5702 827 5738 :
864 5684 1137 5755 πανταχοῦ
1181 5702 1240 5749 ς.
1315 5686 1355 5717 ⁹¹
1390 5685 1419 5737 6
1444 5692 1569 5741 ante
1602 5683 1916 5754 ἐπικληθείς
1950 5698 2058 5739 om.
2093 5683 2160 5735 A.
2237 5680 2283 5710 “
2314 5675 2649 5747 Εὐφραίμιος
2680 5693 2739 5740 ς-
2816 5674 2864 5708 ’³
2895 5675 3079 5729 πλεῖον
3106 5691 3168 5738 ς.
3261 5676 3310 5710 ⁸⁵
3346 5674 3510 5746 Ἀθη-

272 5745 436 5799 ναίων
471 5764 535 5813 ς.
