1982 3123
196 145 264 178 [091

732 142 864 174 ΡΗΟΤΙΙ
885 141 1140 174 ΡΑΤΒΙΔΒΟΗΑΞ
1153 141 1209 172 CP.

1761 139 1832 174 1092

193 210 219 228 4-1
239 200 401 236 Symcouins
416 200 563 228 monachus
578 205 605 228 et
617 199 770 236 presbyter.
786 200 983 228 Testimonium

1041 208 1085 231 πος
1097 199 1300 231 Σκυθοπόλεως,
1314 198 1343 230 δς
1354 199 1401 225 καὶ
1415 198 1486 234 ὑπὲρ
1495 197 1545 234 τῆς
1559 197 1589 225 ὲν
1603 197 1756 234 Καλχηδόνι
1768 206 1832 225 συνο

191 255 257 274 wro
281 247 354 283 quod
382 253 507 275 sanetum
533 248 658 283 agnoscit
674 254 708 274 ex
729 248 845 282 epistola
866 246 925 281 ejus
949 247 983 274 ad

192 294 375 320 Justinianum
389 293 595 328 imperatorem,
607 300 668 327 qua:
682 292 763 320 etiam
772 297 868 320 contra
885 291 983 320 Nesto-

195 341 286 366 rianos
302 345 329 366 et
342 339 525 375 Entychianos
538 339 712 374 digladiatur,
728 339 917 374 depromptum
929 342 983 366 est.

194 387 250 417 Ipse
269 392 332 411 vero
355 383 526 412 Justinianus
543 385 603 419 pius
627 384 775 419 imperator
790 384 817 411 in
834 384 867 412 iis
880 392 940 419 qua:
950 384 984 411 ad

192 431 297 457 Zoilum
324 431 508 465 patriarcham
530 430 744 458 Alexandrinum
764 431 885 465 scripsit,
915 431 985 458 hanc

193 477 334 510 epistolam
364 476 528 504 Thesaurum
553 477 724 508 nominavit,
752 477 834 504 etiam
862 475 985 511 profecto

193 522 388 549 Constantinus
401 523 511 558 quidam
526 523 658 558 dignitate
676 522 822 557 quaestoria
835 522 908 558 (nam
928 524 986 558 ipse

193 576 302 603 quoque
320 575 416 596 coiitra
438 570 549 604 impium
565 569 747 598 Theodosium
767 571 900 606 scripsit),
915 570 986 598 unde

193 615 348 642 testimonia
367 615 400 642 de
423 616 529 644 duabus
548 616 574 643 in
591 616 701 644 Christo
719 617 923 651 operationibus
936 617 984 644 de-

193 661 361 688 scribuntur.
386 661 426 688 Ad
445 662 495 689 hos
506 670 601 690 omnes
614 662 717 690 accedit
733 663 898 697 Theophilus
918 670 986 690 unus

193 715 208 734 ο
236 708 287 742 piis
309 713 336 734 et
360 709 457 740 doctis,
481 710 526 744 qui
561 709 588 736 in
602 710 712 744 scriptis
731 710 789 738 suis
806 717 866 736 cum
884 709 986 737 Severo

193 753 340 787 plurimum
370 759 482 788 pugnat,
505 761 587 788 quem
614 755 726 781 odiosus
752 759 780 782 et
800 756 986 782 contentiostts

193 799 327 826 seelarius
359 799 499 826 librarium
529 800 588 833 ipse
623 801 756 835 pessimus
791 801 909 836 scriptor
939 808 986 835 per

193 844 384 872 contumeliam
402 845 501 880 28711
529 845 663 873 nominat.
695 846 758 873 Haec
775 847 883 881 quidem
911 846 986 875 testi-

194 894 284 921 monia
300 902 359 928 qua:
377 894 447 922 liber
459 895 504 922 hic
518 896 677 923 coutinebal
688 902 703 921 e
717 894 819 921 sanctis
839 893 894 920 illis
910 892 986 928 prius

195 941 342 968 nominatis
351 940 478 968 Patribus
488 942 645 976 deprompta
654 945 726 968 sunt.
735 940 816 968 Utilia
824 948 888 967 vero
897 943 988 967 essent

194 987 228 1013 ad
245 986 495 1020 reprehendendum
505 994 551 1013 cos
563 987 608 1021 qui
622 994 703 1013 unam
718 990 821 1012 tantum
837 985 862 1012 in
877 984 986 1012 Christo

194 1033 378 1066 operationem
405 1038 541 1060 asserunt.
560 1033 756 1060 Continebatur
771 1032 851 1059 etiam
864 1031 987 1058 testimo-

194 1078 268 1104 nium
296 1078 323 1105 in
343 1079 506 1113 supradictis
521 1079 656 1113 quoddam
671 1086 686 1106 ε
709 1079 776 1105 lihro
791 1078 910 1113 quodam
926 1077 986 1104 sine

194 1123 372 1158 inscriptione
387 1125 515 1159 positum.
541 1124 620 1152 Liber
635 1132 700 1151 vero
715 1124 785 1151 unde
800 1123 983 1151 testimOniuIn

193 1174 250 1195 erat
267 1169 380 1203 petitum
402 1169 530 1195 Severum
552 1169 595 1195 his
609 1169 777 1196 orationibus
790 1167 984 1202 reprehensum

193 1216 266 1242 clare
282 1215 593 1242 dentonstrabat.........

1033 246 1095 273 ὁδου
1111 245 1201 279 σοφῶς
1217 254 1247 271 τε
1263 245 1311 272 καὶ
1327 244 1481 280 θεοφρόνως
1497 244 1659 277 ἐσπούδασε,
1679 243 1728 270 καὶ
1743 243 1832 279 Ἦρα-

1033 290 1188 323 κλειανδς⁹⁵
1203 291 1218 317 ό
1235 290 1406 325 Καλχηδόνος
1436 289 1595 322 ἐπίσκοπος,
1611 291 1625 316 ό
1650 289 1734 315 mli-il
1759 288 1834 315 κατὰ

1033 337 1089 364 τῶν
1113 336 1255 372 θεομάχων
1278 336 1438 372 Μανιχαίων
1459 336 1553 371 ἀγῶνα
1576 336 1725 371 βαλόμενος
1734 336 1769 366 ’⁸,
1785 335 1834 362 καὶ

1034 383 1158 415 Λεόντιος
1180 384 1195 410 ὁ
1216 383 1267 418 τὴν
1288 383 1425 419 ἐρημικὴν
1447 382 1587 410 πολιτείαν
1601 383 1652 409 καὶ
1665 383 1709 409 τὸν
1728 382 1832 417 μονάδα

1036 430 1093 466 βίον
1104 430 1242 465 ἐλόμενος,
1251 429 1426 462 Ἀναστάσιός
1439 438 1469 456 τε
1484 431 1498 456 δ
1511 431 1540 457 ἐν
1554 430 1643 464 ἁγίοις
1655 429 1833 460 Θεουπὸλεως

1035 477 1194 508 ἐπίσκοπος,
1211 477 1259 504 καὶ
1281 476 1437 511 Συμεώνιος
1455 477 1570 512 μοναχδς
1584 476 1631 503 καὶ
1646 476 1835 511 πρεσϐύτερος

1036 524 1064 559 (ἡ
1079 523 1107 550 δὲ
1124 522 1223 558 χρῆσις
1235 522 1252 558 ἡ
1267 522 1312 548 τὸν
1323 521 1395 549 ὅσιον
1408 521 1629 555 ὲ-πιγινώσκουσα
1640 521 1669 554 ἐξ
1684 521 1835 554 ἐπιστολῆς

1036 569 1112 596 ἐστιν
1123 569 1157 604 ἢν
1173 568 1242 603 πρὸς
1259 568 1305 594 τὸν
1323 567 1508 594 Ίουστινιανδν
1523 566 1635 602 βασιλέα
1648 566 1834 600 διεπέμψατο,

1034 615 1053 651 ἢ
1074 615 1121 642 καὶ
1143 614 1215 642 κατὰ
1229 613 1419 649 Νεστοριανῶν
1437 621 1468 640 τε
1485 612 1533 639 καὶ
1553 612 1773 648 Εὑτυχιανιστῶν
1787 611 1835 637 τὸν

1035 662 1129 696 ἀγῶνα
1156 661 1214 697 ἔχει
1223 669 1230 677 ·
1247 660 1328 692 αὑτός
1341 668 1373 686 τε
1389 658 1577 691 Ἰουστινιανδς
1586 658 1608 675 ⁸⁷
1620 659 1635 685 ό
1649 657 1764 693 εὐσεϐὴς
1781 657 1834 693 βα-

1036 708 1137 741 σιλεὺς,
1150 709 1180 735 ὲν
1191 704 1232 739 οἷς
1248 707 1316 742 πρὸς
1335 707 1433 733 Ζώῖλον
1449 705 1552 742 ἔγραψε
1567 719 1602 725 -
1614 705 1788 740 πατριάρχης
1804 703 1836 731 δ’

1042 753 1248 790 Ἀλεξανδρείας
1264 750 1341 785 οὗτος
1357 751 1391 789 ἦν
1400 752 1491 779 --καὶ¹
1504 753 1554 787 τὴν
1562 751 1706 787 ἐπιστολὴν
1721 752 1837 785 θησαυ-

1033 800 1091 835 ρὸν
1103 799 1287 834 ἐπωνόμασε),
1305 798 1350 825 ναὶ
1362 798 1395 833 δὴ
1408 797 1456 824 καὶ
1473 796 1677 828 Κωνσταντίνός
1700 805 1742 828 τις
1752 817 1761 829 ,
1775 796 1834 822 τῶν

1036 845 1215 880 κυαιστώρων
1229 845 1319 880 φέρων
1335 844 1367 870 τὸ
1383 843 1509 878 ἀξίωμα·
1524 842 1572 870 καὶ
1589 842 1643 877 γὰρ
1659 839 1736 873 οὗτος
1752 842 1836 876 λόγον

1002 876 1024 905 Β
1039 891 1110 919 κατὰ
1134 876 1275 917 Θεοδοσίού
1298 889 1346 916 τοῦ
1371 876 1518 921 δυσσεϐοῦς
1540 876 1718 921 ἐσπούδασεν,
1746 888 1777 921 ἐξ
1800 885 1836 915 οὗ

1039 937 1151 973 χρήσεις
1160 937 1224 972 περὶ
1236 936 1291 963 τῶν
1304 936 1350 963 δύο
1362 935 1508 972 ἐνεργειῶν
1522 934 1586 972 [470
1600 934 1647 971 Η.]
1662 935 1837 971 συναναγρά-

1039 991 1144 1017 φονται.
1154 982 1215 1008 Ἐπὶ
1230 983 1298 1008 πᾶσι
1314 981 1361 1007 καὶ
1377 981 1506 1015 Θεόφιλός
1521 989 1563 1012 τις
1574 981 1628 1007 τῶν
1643 980 1775 1015 θεοφιλῶν
1786 979 1838 1006 καὶ

1038 1028 1148 1062 λογίων,
1163 1028 1193 1059 ὃς
1206 1027 1277 1054 κατὰ
1291 1027 1413 1062 Σεὸήρου
1436 1027 1522 1054 πολὺν
1537 1027 1567 1054 ἐν
1576 1027 1669 1062 λόγοις
1686 1027 1780 1061 ἀγῶνα
1794 1026 1838 1053 δι-

1038 1075 1153 1109 ήνεγκεν
1163 1082 1170 1089 ·
1186 1073 1216 1100 όν
1232 1074 1279 1100 καὶ
1293 1073 1476 1108 δυσχεραίνων
1499 1074 1545 1101 καὶ
1569 1073 1838 1108 διαπληκτιζόμενος

1037 1119 1052 1146 ὁ
1075 1118 1208 1155 δυσσεϐὴς
1230 1118 1444 1154 καλλιγράφον⁹⁸
1472 1119 1487 1146 ὁ
1515 1120 1708 1155 κακογράφος,
1732 1115 1777 1146 οἷα
1800 1118 1840 1154 δὴ

1038 1164 1198 1200 ἐνυϐρίζων.
1213 1164 1365 1199 ὠνόμασεν.
1385 1165 1417 1192 Δί
1434 1164 1484 1200 μὲν
1502 1164 1548 1192 οὖν
1565 1166 1696 1201 χρήσεις,
1708 1165 1742 1197 ἃς
1758 1165 1775 1200 ἠ
1792 1164 1840 1200 βί-

1041 1211 1103 1243 ϐλος
1116 1212 1249 1247 περιεῖχε,
1265 1212 1329 1243 τοὺς
1345 1212 1507 1246 εἰρημένους
1523 1212 1612 1247 ίεροῡς
1626 1212 1727 1248 ἄνδρας
1748 1211 1840 1238 πατέ-

196 1273 245 1300 ρας
262 1264 458 1299 ὲπεγράφοντο,
477 1264 607 1299 χρήσιμοι
627 1262 649 1289 δ’
664 1263 696 1289 ἂν
719 1260 774 1289 εἷεν
793 1261 862 1298 πρὸς
878 1261 988 1295 ἔλεγχον
1003 1260 1058 1286 τῶν
1075 1259 1246 1295 φρονούντων
1272 1260 1319 1285 ἐπὶ
1343 1259 1461 1295 Χριστοῦ
1487 1259 1626 1292 δυσσεὸῶς
1659 1260 1726 1295 μίαν
1758 1258 1841 1294 ἐνέρ-

193 1319 281 1346 γειαν.
298 1310 452 1344 Περιείχετο
469 1310 561 1345 μέντοι
575 1311 634 1341 ταῖς
647 1309 806 1345 εἰρημέναις
819 1308 866 1334 καὶ
890 1307 919 1340 ἐξ
933 1306 1123 1342 ἁνεπιγράφου
1135 1305 1233 1341 χρῆσις
1243 1306 1266 1322 ⁹⁹
1276 1313 1283 1321 ¹
1294 1305 1325 1332 τὺ
1335 1305 1365 1332 δὲ
1375 1305 1530 1341 σύνταγμα,
1558 1306 1590 1339 ἐξ
1616 1302 1649 1334 οὗ
1676 1306 1694 1342 ἡ
1724 1305 1840 1342 χρῆσις.

195 1356 313 1390 Σεόῆρον
325 1354 469 1381 ὑπεδείκνυ
484 1355 615 1388 γενναίως
626 1356 683 1386 τοῖς
697 1354 787 1388 λόγοις
798 1352 1045 1387 καταὸαλλόμενον.
1757 1355 1761 1356 ⁷

513 1412 667 1441 CCXXXII.

347 1461 472 1496 Stephani
492 1459 590 1488 Caburi
607 1459 741 1487 Trimein
763 1458 838 1487 liber.

230 1539 293 1575 Legi
307 1540 405 1567 librum
415 1539 546 1574 Stephani
555 1538 696 1566 Tritheitat
707 1537 867 1571 cognomine
875 1536 988 1565 Gobari.

195 1587 268 1618 Opus
298 1586 387 1621 magni
417 1585 559 1611 videbatur
581 1584 692 1615 laboris,
714 1584 832 1610 l'ructutn
856 1591 921 1611 vero
935 1591 988 1610 non

195 1629 327 1663 aequalem
349 1636 439 1663 opera:
460 1628 530 1655 tulit.
552 1628 651 1655 Laudis
665 1628 737 1655 enim
758 1628 877 1655 studium
903 1628 988 1663 magis

198 1684 279 1711 quam
308 1683 432 1710 magnam
455 1675 598 1702 utilitatem
621 1682 676 1709 prie
691 1681 721 1701 se
743 1674 804 1702 l‘ert.
824 1674 882 1709 Ipsa
898 1674 989 1709 capita

196 1731 258 1758 quae
272 1727 381 1754 tractat,
398 1728 513 1757 quaeque
533 1721 559 1748 in
578 1728 738 1748 communes
747 1725 775 1748 et
788 1720 990 1748 ecclesiasticas

197 1770 366 1805 quaestiones
402 1768 510 1800 retulit,
537 1767 679 1795 minitmun
708 1768 904 1803 quinquaginta
937 1766 990 1794 duo

200 1821 288 1846 erant,
316 1814 408 1849 paucis
431 1814 471 1841 his
497 1812 612 1847 adiectis
625 1812 846 1847 particularibus.
860 1811 923 1840 Hac
940 1814 990 1840 du-

200 1861 284 1895 plices
302 1859 453 1887 sententias
473 1859 622 1891 includunt,
638 1862 666 1885 et
678 1866 732 1886 non
747 1858 833 1885 solum
857 1858 989 1892 duplices,

198 1908 245 1934 sed
284 1907 366 1934 etiam
409 1910 598 1939 repugnantes.
641 1904 798 1931 Sententias
839 1911 903 1932 vero
941 1904 990 1932 bas

200 1961 253 1980 non
282 1951 460 1986 argumentis,
478 1957 527 1977 nec
545 1949 636 1977 verbis
659 1957 744 1977 sacrm
761 1949 909 1985 Scriptura:
922 1957 989 1978 con-

202 1999 330 2030 ﬁrmavit,
347 1997 394 2025 sed
411 1996 571 2024 testimoniis
584 2000 688 2023 tantum
704 2014 712 2027 .
731 2000 760 2023 ul.
774 1997 892 2032 scriptor
909 2001 989 2032 puta-

202 2044 252 2076 vit,
282 2044 420 2071 variorum
448 2041 581 2075 Patrum,
609 2049 726 2077 quorum
755 2043 807 2070 alia
829 2042 989 2070 sententiam

200 2089 339 2121 Ecclesia,
361 2088 418 2122 alia;
433 2088 598 2115 contrariam
617 2087 803 2115 continebant.
820 2087 990 2116 Conlrariam

200 2136 319 2170 quidem,
343 2136 453 2170 antiqua
482 2134 647 2167 testimonia,
669 2139 696 2161 et
711 2134 884 2169 antiquorum
904 2135 991 2162 homi-

203 2188 267 2207 num
294 2187 347 2207 nou
369 2180 482 2207 multum
505 2180 538 2207 de
554 2184 628 2207 certa
652 2179 784 2207 sententia
809 2179 990 2207 laborantium

200 2228 387 2257 asseruerunt,
408 2232 524 2259 quarum
541 2223 628 2259 aliqua
655 2230 708 2250 non
723 2223 838 2258 amplexi
859 2228 932 2256 sunt,
943 2223 992 2252 sed

203 2277 292 2298 tamen
307 2271 331 2299 ei
348 2271 393 2306 qui
406 2271 464 2298 haec
475 2270 584 2305 collegit
596 2269 721 2315 amplecti
740 2270 790 2297 visi
805 2275 869 2297 sunt
883 2279 890 2297 :
904 2269 992 2298 eccle—
1003 2284 1029 2315 Β

201 2317 342 2345 siasticam
374 2324 438 2343 vero
460 2316 615 2351 opinionem
641 2314 805 2342 conﬁrmant
833 2315 989 2342 testimonia

200 2364 320 2391 virorum
333 2363 379 2398 qui
395 2370 459 2391 vere
468 2366 624 2390 senserunt.
636 2360 700 2388 Haec
710 2366 799 2388 autem
813 2366 876 2389 sunt
889 2362 988 2396 capita,

200 2411 235 2437 de
250 2410 349 2445 quibus
366 2417 414 2444 per
437 2409 590 2437 testimonia
603 2408 713 2443 duplex,
730 2413 757 2435 et
777 2408 915 2435 contraria
931 2416 991 2437 sen-

201 2458 284 2485 tentia
297 2457 457 2492 proponitur
469 2465 476 2484 :

237 2546 405 2583 Proprietas,
421 2549 448 2572 et
463 2544 560 2579 ﬁgura,
578 2548 605 2572 et
616 2543 701 2571 forma
717 2543 870 2579 hypostasis
882 2547 933 2577 est,
944 2543 992 2571 sed

202 2601 259 2622 non
272 2592 431 2627 coniunctio
447 2591 616 2624 substantiae,
633 2594 661 2618 et
675 2589 858 2625 proprietatis,
880 2597 930 2617 nec
945 2596 993 2625 per

200 2648 230 2668 se
247 2640 410 2667 subsistens.
426 2652 462 2659 —-
476 2637 533 2664 Hoc
548 2637 666 2671 primum
687 2635 813 2663 nonnulla
839 2636 991 2663 testimonia

201 2686 397 2714 conﬁrmarunt
422 2693 430 2717 ;
449 2683 546 2712 deinde
570 2689 679 2710 rursum
701 2683 988 2716 postea‘contrarinm

201 2732 264 2766 alia,
278 2732 330 2760 hoc
343 2736 398 2765 est,
411 2730 524 2758 formam
543 2735 571 2757 et
582 2728 786 2764 proprietatem.
800 2732 828 2755 et
845 2727 990 2756 characte-

1396 1409 1478 1436 EAB’.

1058 1457 1213 1492 Στεφάνου
1232 1456 1446 1519 Τριθεττουὲἵῖῐ
1462 1455 1594 1491 ἐπίκλην
1605 1456 1742 1491 Γοϐἁρου
1763 1455 1819 1490 βι-

1434 1500 1479 1519 ον.

1434 1500 1479 1522 ον.

1076 1537 1141 1574 [892
1155 1536 1202 1575 Κ]
1221 1537 1393 1573 ’Λνεγνώσθη
1412 1538 1515 1573 βιϐλίον
1528 1537 1666 1573 Στεφάνου
1686 1538 1760 1572 τινὺς
1774 1547 1841 1576 τρια

1042 1586 1148 1619 θεττου,
1162 1583 1184 1620 ᾧ
1200 1586 1315 1622 ἐπίκλην
1338 1587 1353 1613 ό
1374 1586 1503 1621 Γόὸαρςς.
1519 1586 1557 1613 Τδ
1576 1586 1605 1613 δὲ
1629 1585 1731 1621 βιϐλίον
1745 1585 1841 1613 πόνων

1045 1633 1094 1668 μὲν
1115 1633 1202 1660 ἐδόκει
1218 1631 1343 1668 μακρῶν,
1364 1631 1458 1668 κέρδος
1474 1631 1497 1658 δ’
1510 1631 1593 1668 ἔφερε
1604 1632 1655 1667 τῆς
1670 1632 1771 1667 πολλῆς
1785 1632 1840 1667 οὐχ

1040 1679 1132 1714 ὅμοιον
1153 1678 1290 1713 σπουδῆς·
1316 1678 1471 1713 φιλοτιμίαν
1495 1679 1550 1713 γὰρ
1576 1678 1675 1713 μᾶλλον
1699 1678 1716 1713 ἢ
1740 1677 1842 1713 χρείαν

1041 1725 1214 1752 ἐπεδείκνυτο
1240 1724 1487 1760 περιττήν¹.Ἀλλᾰ
1508 1725 1564 1761 γὰρ
1580 1724 1613 1751 τὰ
1636 1724 1686 1759 μὲν
1700 1723 1841 1759 κεφάλαια

1040 1771 1105 1807 περὶ
1117 1768 1155 1798 ὧν
1170 1773 1187 1806 ή
1202 1771 1315 1806 σπουδὴ,
1332 1770 1380 1797 καὶ
1396 1772 1447 1798 ὅσα
1461 1771 1501 1803 είς
1520 1771 1613 1802 κοινὰς
1628 1771 1673 1797 καὶ
1687 1770 1841 1804 ἐκκλησια-

1041 1817 1137 1849 στικὰς
1151 1817 1299 1852 ἀνεφέρετο
1311 1816 1450 1852 ζητήσεις,
1466 1815 1564 1851 μικροῦ
1579 1815 1601 1850 β’
1615 1816 1663 1842 καὶ
1678 1818 1697 1842 ν
1709 1812 1743 1851 ἦν
1754 1834 1763 1847 ,
1788 1821 1842 1850 με·

1043 1863 1198 1898 ρικωτέρων
1212 1863 1293 1889 τινῶν
1316 1863 1346 1888 ού
1365 1862 1470 1889 πολλῶν
1482 1862 1588 1893 τούτοις
1601 1860 1841 1897 παρεμϐεϐλημι-

1041 1918 1104 1936 νων.
1122 1908 1216 1936 Ταῦτα
1236 1909 1264 1935 δὲ
1279 1908 1367 1935 διτταὶ
1388 1907 1464 1941 δόξαι
1480 1907 1703 1943 κατεμερίζοντο,
1729 1907 1778 1934 καὶ
1804 1905 1841 1935 οὔ

1039 1953 1127 1980 διτταὶ
1144 1953 1234 1989 μόνον,
1251 1953 1319 1979 ἀλλὰ
1332 1953 1380 1979 καὶ
1392 1953 1590 1988 ὰντικείμεναι.
1603 1953 1658 1983 Τὰς
1671 1952 1700 1979 δὲ
1713 1952 1793 1985 δόξας
1805 1951 1841 1979 οὗ

1039 1999 1163 2035 λογισμοί
1177 2008 1249 2032 τινες
1265 1999 1324 2026 οὐδὲ
1340 1999 1419 2033 λόγια
1436 1999 1613 2035 συνεκρότουν
1626 2000 1687 2035 ἱερὰ
1699 2019 1706 2030 ,
1723 1998 1842 2035 χρήσεις

1040 2046 1069 2072 δὲ
1083 2046 1173 2081 μόνον,
1187 2045 1226 2077 ὼς
1240 2046 1381 2081 ὀνγράφων
1396 2045 1517 2081 ἐνόμιζε,
1540 2045 1678 2080 διαφόρων
1691 2044 1841 2080 Πατέρων,

1040 2087 1079 2118 ὧν
1093 2091 1122 2118 αι
1139 2090 1188 2125 μὲν
1198 2091 1228 2117 τὸ
1240 2090 1466 2125 ἐκκλησιαστικὸν
1480 2090 1617 2126 φρόνημα,
1631 2091 1659 2117 αἱ
1672 2089 1701 2117 δέ
1712 2090 1843 2125 συνεκρό-

1040 2145 1104 2163 τουν
1117 2136 1148 2163 τὸ
1164 2136 1329 2172 ἀπόϐλητον.
1338 2137 1419 2164 Ἀλλὰ
1442 2137 1472 2163 τὺ
1497 2137 1546 2172 μὲν
1558 2136 1711 2171 ἀπόϐλητον
1723 2135 1842 2162 παλαιαί

1041 2189 1072 2208 τε
1086 2181 1199 2216 χρήσεις
1211 2181 1258 2208 καὶ
1275 2180 1399 2208 παλαιῶν
1411 2181 1526 2216 ἀνδρῶν,
1534 2180 1565 2208 οὐ
1577 2181 1667 2208 πάντα
1679 2180 1748 2215 πρὸς
1759 2180 1842 2215 ἀκρίς

1042 2226 1118 2253 σειαν
1133 2226 1329 2258 ἐξετασάντων,
1347 2226 1529 2261 περιέθαλπον
1539 2245 1547 2258 ,
1564 2222 1601 2253 ὧν
1615 2226 1694 2252 ἐνίων
1714 2226 1766 2260 μὲν
1779 2225 1844 2253 οὐδ’

1042 2272 1173 2305 ἔθαλπον,
1198 2273 1309 2300 ἐδόκουν
1329 2272 1357 2299 δὲ
1381 2272 1494 2300 θάλπειν
1518 2274 1594 2308 ὅμως
1619 2272 1660 2307 τῷ
1683 2272 1843 2307 συλλέγοντα.

1042 2318 1161 2351 ταύτας·
1182 2319 1213 2345 τὸ
1236 2319 1265 2346 δὲ
1288 2319 1416 2355 φρόνημα
1431 2319 1462 2346 τὸ
1482 2319 1709 2353 ἐκκλησιαστικὸν
1734 2320 1764 2346 αἱ
1786 2320 1845 2346 τῶν

1046 2365 1165 2401 μάλιστα
1176 2365 1226 2401 τὴν
1240 2365 1371 2401 ἀλήθειαν
1380 2365 1626 2401 ἐξακριόωσάντων
1643 2365 1725 2399 ἱερῶν
1735 2365 1844 2400 ἀνδρῶν

1045 2411 1186 2438 ἐϐεὸαίουν
1204 2412 1447 2447 μαρτυρίαι.Ἔστι
1462 2411 1491 2438 δὲ
1505 2411 1540 2438 τὰ
1554 2410 1702 2445 κεφάλαια,
1717 2412 1784 2447 περὶ
1803 2408 1846 2436 ὢν

1044 2458 1061 2494 ὴ
1077 2458 1121 2485 διὰ
1133 2458 1187 2485 τῶν
1202 2459 1327 2493 χρήσεων
1341 2458 1420 2494 διπλῆ
1438 2459 1486 2486 καὶ
1503 2458 1681 2494 ἀντικειμένη
1695 2458 1846 2490 σπουδάζει

1043 2503 1215 2538 κατασκευὴ,
1229 2503 1318 2531 ταῦτα
1330 2511 1337 2518 ·

1082 2549 1144 2576 Ὀτι
1158 2550 1189 2576 τὺ
1204 2549 1301 2584 ἰδίωμα
1316 2549 1362 2576 καὶ
1376 2550 1391 2576 ό
1405 2549 1549 2585 χαρακτὴρ
1562 2550 1609 2576 καὶ
1626 2550 1642 2585 ἡ
1656 2548 1749 2585 μορφὴ
1771 2548 1844 2575 ὑπό-

1044 2596 1138 2627 στασίς
1153 2596 1238 2629 ἐστιν,
1253 2595 1312 2623 ἀλλ’
1324 2596 1386 2632 οὐχὶ
1399 2596 1543 2631 συμπλοκὴ
1555 2595 1605 2631 τῆς
1621 2596 1715 2627 οὐσίας
1732 2595 1780 2622 καὶ
1795 2594 1845 2620 τοῦ

1045 2641 1201 2677 ἰδιώματος,
1223 2641 1285 2668 ούδέ
1308 2642 1339 2668 τὸ
1361 2640 1721 2670 αύθυπόστατον.-Τοῢτο
1746 2640 1796 2675 μὲν
1810 2641 1846 2666 αἱ

1043 2687 1157 2723 χρήσεις
1168 2688 1406 2720 κατασκευάζουσι
1415 2687 1559 2723 πρότερον,
1568 2683 1627 2713 εἶτα
1637 2685 1717 2713 πάλιν
1728 2684 1792 2712 ὕστε
1797 2693 1845 2720 ρον

1043 2733 1074 2759 τδ
1096 2733 1216 2760 ἐναντίον
1235 2733 1340 2769 ἱτεραι,
1353 2734 1493 2761 τουτέστιν
1515 2733 1558 2761 ὅτι
1580 2732 1611 2759 τὺ
1635 2731 1735 2768 ίδίωμα
1755 2732 1802 2758 καὶ
1828 2733 1845 2765 ἡ

876 2785 999 2815 νΑκιΑς
1019 2788 1228 2817 LECTIONES.

238 2836 262 2854 ⁵⁸
281 2834 468 2873 ἠρακλιανός
489 2834 521 2861 Α.
559 2833 582 2849 ’³
598 2831 745 2868 βαλόμενος
763 2829 805 2858 B:
822 2831 986 2869 βαλλόμενος
1001 2843 1031 2867 ς.
1069 2835 1092 2852 9⁷
1109 2843 1139 2862 τε
1152 2836 1167 2862 ὁ
1188 2835 1283 2864 Ὶουστ.
1297 2845 1327 2869 ς.
1366 2837 1389 2853 ’³
1409 2837 1602 2873 καλλιγράφων
1621 2842 1653 2868 ς.
1689 2835 1713 2853 ⁹⁹
1725 2837 1842 2871 χρήσεις

204 2873 238 2902 Δ.
277 2873 284 2888 ¹
305 2870 439 2907 περισσήν
454 2878 483 2901 ς.
