3964 6246
293 280 435 353 1093

1280 282 1815 347 BlBLIOTHECA.
1848 305 1914 318 --
1946 281 2112 345 COD.
2140 283 2444 347 CCXXXI.

3406 282 3548 355 ιοθι

290 396 469 471 μορφὴ
496 395 593 452 καὶ
613 396 644 453 δ
673 395 1080 477 χαρακτὶυῃῷι
1099 398 1246 454 ἔστιν
1268 402 1586 465 ὑπόστασις,
1611 399 1746 453 ἀλλά
1765 398 1863 469 τῆς

1966 411 2080 451 rem
2111 398 2428 470 hypostasin
2476 410 2583 453 non
2613 410 2756 467 esse,
2790 397 2887 454 sed
2914 398 3267 471 hypostaseos
3298 400 3547 472 ﬁguram.

284 488 637 553 ὑποστάσεως
652 476 961 571 χαρακτῆῥί
1099 491 1191 545 επὶ
1208 492 1316 544 τῶν
1332 491 1506 546 ἀλλων
1527 492 1859 562 κεφαλαίων,

284 582 368 634 ινα
402 579 478 651 μή
501 581 571 637 τά
593 580 735 635 αὐτά
755 581 880 638 καθ’
897 580 1131 641 ικαστον
1153 582 1333 653 λέγειν
1362 586 1863 656 συναναγκασθείη-

288 689 405 741 μεν,
432 673 533 743 τὴν
554 673 826 729 ἀντίθεσιν
847 675 902 728 αί
922 673 1170 747 διάφοροι
1193 677 1421 748 χρήσεις
1450 678 1863 749 ἀπολαμϐάνου-

287 778 375 815 σαι
402 761 652 817 δοκοῦσιν
681 763 1021 835 ἑκατέρωθεν
1056 767 1311 839 συνιστᾷν
1339 768 1399 821 τὸ
1423 768 1860 839 προτεινόμενον.

285 853 455 917 -Ὢς
499 856 530 909 ὁ
573 855 886 928 Βαπτιστὴς
918 857 1171 929 Ἰωάννης
1204 858 1517 932 Ὀκτωόρίῳ
1564 862 1693 932 μηνὶ
1737 877 1863 913 συν-

288 944 493 1016 ελήφθη
511 962 527 977 °
562 941 624 1001 οὗ
652 947 710 1001 τὺ
732 948 1221 1020 ἀντικείμενονΛὼς
1247 950 1348 1004 οὐκ
1377 952 1435 1003 ὲν
1460 951 1652 1019 τούτῳ,
1670 952 1784 1006 ἀλλ’
1806 954 1863 1008 ἐν

286 1036 363 1107 τῷ
389 1037 880 1110 Νοεμϐρίῳμ-Ὠς
904 1042 938 1113 ή
970 1040 1230 1105 Θεοτόκος
1252 1040 1349 1114 τὴν
1381 1042 1709 1113 δεσποτικὴν
1735 1044 1864 1097 σύλ-

287 1128 447 1200 ληψιν
468 1130 527 1182 ὲν
550 1129 630 1200 τῷ
655 1130 785 1200 μηνὶ
809 1131 921 1184 τῶν
942 1132 1077 1187 νέων
1102 1134 1489 1205 εὐηγγελίσθη,
1507 1130 1618 1188 οἷον
1644 1135 1865 1207 Ἀπριλ-

288 1220 404 1292 λίῳ,
429 1221 778 1295 δν⁹Ε6ραῖοι²
807 1225 981 1279 Νισὰν
999 1227 1020 1258 ⁸
1050 1226 1307 1281 καλοῦσι’
1343 1228 1529 1282 τέτοκε
1558 1229 1615 1283 δὲ
1644 1230 1735 1283 τὸν
1757 1230 1866 1283 Κύ-

292 1329 405 1384 ριον
430 1314 588 1384 ἡμῶν
603 1316 809 1385 Ἰησοῦν
826 1318 1057 1389 Χριστὸν
1075 1320 1262 1390 μηνῶν
1284 1322 1738 1379 συντελεσθέντων
1753 1324 1774 1355 ’⁵
1796 1326 1862 1392 θ’,

290 1405 561 1458 τουτέστιν
577 1407 888 1479 Ἰανουαρίῳ
932 1416 995 1477 ε’,
1044 1412 1184 1465 κατά
1225 1413 1287 1466 τὸ
1317 1414 1484 1485 μέσον
1529 1418 1627 1488 τῆς
1674 1419 1865 1483 νυκτὸς

289 1496 409 1566 ἦτις
448 1497 568 1550 ἐστὶ
616 1500 723 1568 πρὸ
770 1501 914 1554 ὀκτὼ
943 1501 1096 1555 εἱδῶν
1112 1504 1479 1577 Ἰανουαρίων·
1514 1508 1649 1562 τὸδὲ
1674 1509 1864 1563 τούτου

291 1588 687 1658 ἀντικείμενον,
712 1589 831 1662 [471
870 1593 961 1665 Η.]
999 1594 1073 1659 ὡς
1101 1597 1201 1650 οὐκ
1230 1598 1288 1650 ὲν
1312 1597 1679 1672 τῷέίρημένῳ
1711 1602 1862 1672 μηνὶ,

291 1677 401 1733 ἀλλ’
430 1682 488 1732 ὲν
512 1681 742 1757 πέμπτῃ
774 1686 867 1737 καὶ
895 1687 1071 1741 εἰκάδι
1096 1687 1190 1743 τοῦ
1212 1691 1460 1763 Μαρτίου
1480 1692 1861 1765 εὐηγγελίσθη,

1966 486 2032 541 Et
2076 490 2129 543 in
2159 490 2278 545 aliis
2300 490 2587 561 capitibus,
2624 505 2689 545 ne
2714 490 2765 545 in
2795 491 3021 556 singulis
3050 492 3240 583 eadem
3295 501 3569 583 repetm‘l

1964 596 2240 652 cogamur,
2284 582 2592 637 testimonia
2627 582 2843 638 diversa
2892 582 3228 637 contrarium
3291 598 3545 640 asseren-

1967 673 2074 735 tia,
2137 673 2391 728 videntur
2437 684 2725 743 utrumque
2770 673 3036 744 prolatum
3082 673 3433 729 conﬁrmare.
3475 704 3549 718 —

1968 761 2207 818 Joannes
2239 762 2479 833 Baptista
2511 763 2727 820 Octobri
2761 778 2945 818 mense
2975 772 3265 832 conceptus
3309 774 3416 830 est,
3450 779 3549 818 cu-

1959 855 2049 925 jus
2078 856 2436 922 contrarium,
2478 872 2582 911 non
2613 858 2666 910 in
2698 857 2821 921 hoc,
2852 857 2945 910 sed
2988 853 3300 910 Novembri.
3328 885 3399 896 —-
3423 856 3548 911 Dei-

1966 962 2096 1017 para
2166 947 2457 1002 Dominica:
2511 948 2883 1016 conceptionis
2929 948 2980 1000 in
3036 962 3220 1002 mense
3274 947 3545 1002 Novoruut

1965 1040 2441 1094 annuntiatiouem
2490 1040 2718 1110 accepit,
2752 1040 3004 1094 nimirum
3030 1038 3219 1109 Aprili,
3249 1055 3409 1109 quem
3436 1038 3545 1096 He-

1967 1130 2094 1186 braei
2140 1130 2319 1185 Nisam
2384 1131 2584 1202 2880
2627 1133 2830 1198 dicunt,
2863 1133 3070 1203 peperit
3096 1147 3222 1186 vero
3256 1132 3543 1187 hominum

1967 1233 2210 1277 nostrum
2240 1220 2422 1277 Jesum
2454 1224 2727 1277 Christum
2763 1223 3040 1277 mensibus
3066 1238 3258 1278 novem
3280 1222 3537 1289 evolutis,

1969 1314 2071 1369 huc
2122 1327 2205 1370 est
2234 1316 2422 1384 quinto
2465 1313 2760 1382 Januario,
2820 1316 2997 1370 media
3043 1325 3216 1378 nocte,
3292 1332 3413 1385 quae
3460 1327 3547 1371 est

1970 1420 2159 1464 octavo
2187 1411 2308 1466 Idus
2344 1409 2635 1466 Januarias
2670 1428 2686 1477 ;
2730 1410 2857 1465 huic
2889 1411 3076 1480 opinio
3104 1414 3403 1477 contraria,
3434 1427 3541 1467 non

1970 1504 2023 1558 iu
2080 1503 2169 1558 illo
2222 1519 2429 1567 mense,
2487 1518 2646 1573 quem
2709 1502 2968 1571 diximus,
3026 1504 3123 1557 sed
3163 1504 3250 1559 die
3285 1504 3544 1558 vicesimo

1970 1595 2157 1663 quinto
2176 1594 2352 1649 Martii
2376 1596 2845 1649 annuutiationem
2866 1596 3159 1665 accepisse,
3188 1605 3243 1651 et
3267 1596 3544 1667 peperisse

1972 1685 2304 1740 Salvatorem
2347 1702 2452 1740 non
2488 1687 2682 1756 quinto
2711 1686 2977 1753 Januarii,
3008 1689 3099 1741 sed
3118 1698 3310 1742 octavo
3340 1689 3541 1743 Kalen-

291 1771 481 1842 ἐτέχθη
505 1772 561 1824 δὲ
582 1775 609 1826 ὁ
626 1774 817 1846 Σωτὴρ
838 1777 869 1845 ή
878 1778 995 1844 μῶν
1020 1781 1119 1832 οὐκ
1137 1780 1447 1854 Ἰανουαρίῳ
1470 1786 1717 1860 πέμπτῃ,
1733 1787 1864 1840 ἀλλά

1970 1777 2159 1831 tlarum
2209 1776 2471 1832 Januarii.
2519 1808 2588 1819 —
2620 1777 2674 1831 In
2708 1779 3103 1833 resurrectione
3140 1779 3279 1834 idem
3320 1781 3544 1835 omnino

291 1862 395 1933 πρὸ
415 1862 561 1916 ὀκτὼ
580 1866 857 1922 καλανδῶν
872 1871 1437 1944 Ἰανουαρίων.-Ὂτι
1463 1877 1519 1929 ἐν
1545 1881 1609 1949 τῇ
1633 1879 1867 1934 ἀναστά-

293 1969 373 2006 σει
409 1952 473 2006 τὸ
503 1956 671 2008 αὐτὺ⁸
704 1958 864 2028 σῶμα
896 1962 1039 2015 κατά
1064 1962 1264 2031 πάντα,
1295 1965 1323 2018 ὃ
1355 1967 1449 2021 καὶ
1490 1967 1585 2021 νῦν
1626 1970 1868 2043 περικεί-

293 2044 453 2114 μεθα,
467 2046 881 2120 άποληψόμεθα,
900 2053 1171 2125 μηδεμίαν
1188 2057 1451 2130 διαφοράν
1472 2061 1564 2114 ἐπὶ
1577 2061 1636 2113 τὸ
1656 2062 1866 2136 ἄφθαρ-

289 2151 379 2189 τον
422 2139 885 2210 προσειληφότες·
918 2146 1014 2198 καὶ
1059 2146 1120 2200 τὸ
1165 2147 1556 2222 ἀντικείμενον,
1579 2152 1655 2218 ὡς
1703 2155 1764 2208 οὐ
1804 2155 1866 2210 τδ

289 2228 418 2282 αὐτὸ
453 2229 613 2299 σῶμα
642 2232 720 2303 τῷ
752 2232 846 2287 νῦν
875 2236 1261 2310 ἀναληψόμεθα
1283 2241 1643 2317 φθειρομένῳ.
1669 2247 1864 2302 -Ὂτι

289 2320 345 2373 ἑν
371 2320 453 2392 τῷ
483 2322 630 2394 αὐτῷ
660 2326 898 2397 σχήματι
930 2330 1375 2403 ἀναστησόμεθαυ
1406 2338 1503 2392 καὶ
1550 2340 1630 2393 ὅτι
1676 2345 1776 2395 οὐκ
1805 2344 1864 2397 ὲν

287 2410 365 2483 τῷ
394 2413 563 2484 αὐτῷ,
596 2415 710 2469 ἀλλ’
732 2419 790 2471 ὲν
823 2419 1215 2492 ἑτέρῳ.-”Οτι
1241 2425 1362 2479 καθ’
1389 2426 1455 2498 ἣν
1485 2428 1699 2499 ήλικίαν
1736 2430 1866 2485 ἐκα-

291 2517 410 2565 στος
442 2502 541 2557 τὸν
562 2504 674 2575 βίον
704 2507 1053 2580 μετήλλαξεν,
1084 2514 1225 2567 κατὰ
1255 2515 1458 2588 ταύτην
1490 2519 1579 2573 καὶ
1623 2520 1862 2593 ἀναστή-

291 2608 438 2647 σεται
456 2610 473 2625 ο
502 2595 564 2647 τὸ
588 2595 643 2648 δὲ
672 2596 1063 2671 ἀντικείμενον,
1082 2604 1163 2656 ὅτι
1189 2605 1286 2676 οὐχ
1314 2606 1505 2671 οὕτως,
1524 2610 1659 2665 ἀλλά
1684 2612 1774 2666 καὶ
1795 2613 1863 2666 τὰ

287 2685 479 2740 παιδία
520 2687 580 2740 ὲν
627 2690 817 2762 τελείῳ
864 2693 1102 2763 σχήματι
1160 2698 1575 2770 ἀναστήσονται,
1630 2703 1725 2757 καὶ
1763 2705 1864 2758 οὐκ

288 2776 485 2848 ἀθρόον
528 2781 749 2846 πάντες,
787 2783 923 2837 ἀλλά
951 2787 1101 2857 παρά
1130 2789 1517 2861 μέρος.-”Ὀτι
1547 2792 1741 2847 λεπτὸν
1770 2797 1863 2849 καὶ

287 2868 527 2939 ἀερῶδες
556 2873 651 2926 καὶ
677 2875 919 2946 αἰθέριον
945 2878 1041 2931 καὶ
1066 2882 1434 2951 πνευματικὸν
1466 2884 1523 2936 ὲν
1566 2885 1647 2957 τῷ
1688 2888 1864 2960 καιρῷ

287 2966 383 3037 τῆς
410 2968 763 3033 ἀναστάσεως
792 2971 1183 3044 ἀποληψόμεθα
1220 2974 1281 3029 τὸ
1308 2976 1467 3048 σῶμα
1489 2994 1503 3009 ·
1541 2980 1636 3035 καὶ
1673 2982 1755 3035 ὅτι
1799 2984 1862 3037 οὐ

1971 1883 2162 1937 corpus
2210 1884 2316 1937 quo
2369 1883 2511 1923 nunc
2558 1868 2870 1934 induimur,
2924 1885 3295 1935 assumemus,
3338 1872 3541 1927 nullam

1970 1961 2322 2017 mutationem
2352 1963 2403 2017 in
2433 1962 2842 2031 incorruptibile
2863 1975 3238 2032 assumentes;
3265 1972 3318 2020 et
3349 1980 3379 2020 e
3406 1981 3542 2021 cou-

1970 2054 2159 2119 trario,
2195 2069 2301 2109 non
2344 2054 2698 2125 corruptibile
2727 2054 2828 2109 hoc
2872 2055 3011 2110 idem
3042 2071 3139 2110 uos
3166 2071 3367 2126 corpus
3387 2071 3546 2111 assu-

1967 2161 2197 2202 memus.
2221 2176 2295 2186 —
2313 2146 2509 2202 Eadem
2538 2146 2712 2202 forma
2741 2163 3106 2219 resurgemus,
3129 2156 3183 2203 et
3200 2164 3305 2203 non
3330 2147 3542 2211 eadem,

1967 2238 2061 2291 sed
2112 2236 2333 2292 alia.——
2364 2236 2479 2304 Qua
2530 2245 2690 2292 aetate
2739 2237 2865 2308 quis
2922 2245 3167 2291 mortuus
3197 2246 3300 2299 est,
3352 2238 3540 2292 eadem

1965 2336 2248 2399 resurget;
2278 2328 2634 2395 contrarium,
2663 2344 2767 2383 non
2795 2329 2890 2394 ita,
2924 2329 3015 2384 sed
3049 2329 3200 2398 pueri
3226 2330 3278 2383 in
3302 2330 3541 2399 perfecta

1965 2430 2175 2477 statura
2214 2430 2519 2493 resurgant,
2573 2430 2629 2475 et
2673 2421 2978 2476 non-simul
3024 2435 3235 2487 onmes,
3276 2422 3371 2476 sed
3398 2423 3541 2477 divi-

1964 2510 2087 2565 sim.
2122 2540 2193 2552 —
2220 2510 2423 2576 Tenue,
2469 2512 2716 2579 aerium,
2775 2511 3055 2567 aetherium
3085 2555 3102 2579 ,
3156 2522 3211 2567 et
3262 2513 3543 2583 spirituale

1966 2611 2209 2672 tempore
2277 2603 2696 2658 resurrectionis
2776 2617 2974 2672 corpus
3041 2618 3419 2674 assumemus;
3486 2617 3543 2663 et

1964 2710 2068 2748 non
2128 2693 2275 2759 hoc,
2342 2695 2433 2750 sed
2498 2705 2777 2760 terreum,
2844 2695 3111 2761 densum,
3160 2704 3214 2751 et
3279 2696 3537 2752 solidum.

1964 2784 2230 2841 Deitatem
2284 2785 2520 2840 humana
2580 2800 2705 2840 esse
2752 2784 2949 2852 forma,
3005 2793 3061 2841 et
3113 2785 3450 2850 auimatam;
3483 2796 3538 2842 et

1964 2879 2093 2933 illud
2144 2878 2211 2932 ad
2262 2877 2551 2948 imaginem
2610 2890 2927 2945 corpoream
2963 2878 3193 2948 ﬁguram
3229 2879 3539 2941 ostendere,

1964 2985 2068 3042 qua
2098 2980 2152 3025 et
2192 2970 2354 3024 homo
2382 2969 2448 3023 ad
2474 2967 2829 3023 imitationem
2862 2968 3145 3039 archetypi
3164 2970 3410 3024 conditus
3436 2984 3538 3025 est.

288 3058 708 3126 τοιοῦτον,ἀλλά
752 3064 938 3134 γήϊνον
983 3065 1080 3119 καί⁷
1128 3069 1277 3138 παχὺ
1318 3071 1413 3123 καὶ
1462 3072 1863 3129 ἀντίτυπον.-

1968 3063 2204 3132 Angelos
2238 3062 2440 3117 habere
2481 3074 2711 3130 corpora
2751 3060 2991 3131 ejusdem
3030 3060 3235 3131 ﬁgura;
3267 3078 3373 3133 qua
3415 3073 3541 3117 sunt

290 3150 415 3223 [895
445 3154 494 3208 Β
522 3151 543 3225 ]
575 3156 695 3207 Ὅτι
733 3155 792 3209 τὸ
811 3132 959 3211 θεῖον
991 3132 1455 3233 ἀνθρωπδμορφον
1480 3166 1571 3217 καὶ
1596 3164 1861 3238 ἔμψυχον,

1967 3154 2268 3219 homiumn,
2303 3162 2358 3207 et
2388 3168 2419 3207 e
2447 3152 2627 3207 divina
2644 3152 2943 3207 substantia
2979 3152 3214 3208 animam
3246 3132 3538 3208 humanam

289 3245 379 3297 καὶ
399 3246 481 3298 ὅτι
505 3247 569 3298 τὸ
589 3246 709 3300 κατ’
723 3248 907 3301 εἰκόνα
928 3249 990 3302 τὸ
1014 3251 1318 3322 σωματικὸν
1338 3258 1523 3326 σχῆμα
1542 3257 1708 3328 δηλοῖ,
1731 3259 1834 3314 καθ
1851 3261 1866 3283 ’

286 3336 314 3390 ὃ
341 3338 434 3391 καὶ
459 3338 489 3388 ό
524 3339 809 3411 ἄνθρωπος
838 3342 977 3413 πρὸς
1018 3348 1251 3416 μίμησιν
1280 3346 1373 3400 τοῦ
1409 3350 1717 3420 ἀρχετύπου
1748 3353 1866 3407 δια-

289 3430 619 3496 πέπλασται,
654 3434 748 3486 καὶ
791 3434 867 3497 ὼς
910 3436 957 3488 οἰ
1010 3437 1233 3505 ἄγγελοι
1279 3438 1506 3510 σώματά
1549 3460 1609 3496 τε
1652 3444 1866 3514 ἔχουσιν

287 3523 550 3592 ὀμοιόσχη
558 3541 633 3592 μα
661 3524 769 3589 τῶν
794 3526 1149 3598 ἀνθρωπίνων
1174 3530 1460 3599 σωμάτων,
1478 3534 1570 3587 καὶ
1589 3535 1665 3598 ὡς
1682 3536 1747 3589 ὲκ
1764 3536 1865 3607 τῆς

289 3612 437 3679 θείας
463 3616 657 3681 οὐσίας
685 3619 718 3688 ή
749 3617 1061 3690 ἀνθρωπίνη
1106 3622 1438 3692 προελήλυθε
1463 3624 1609 3696 ψυχή
1626 3641 1640 3655 ⁸
1678 3628 1773 3680 καὶ
1796 3628 1866 3682 τὰ

286 3710 644 3779 ἀντικείμενα
676 3711 904 3777 τούτοις,
934 3712 1009 3777 ὡς
1038 3713 1162 3767 οὔτε
1206 3714 1265 3768 τὸ
1296 3716 1434 3770 θεῖον
1468 3718 1863 3792 ἀνθρωπόμορ-

286 3816 383 3869 φον
403 3842 417 3865 ,
451 3800 581 3853 οὔτε
629 3802 765 3865 ὅλως
795 3803 1296 3875 ἐσχηματισμένον,
1331 3805 1445 3859 ἀλλ’
1469 3806 1593 3860 οὔτε
1642 3808 1771 3863 ἄλλο
1811 3828 1864 3865 τι

289 3893 535 3959 πέφυκεν
562 3888 701 3946 εἶναι
744 3894 853 3947 τῶν
898 3895 1309 3967 προειρημένων
1329 3913 1341 3926 ·
1372 3898 1634 3963 ὡσαύτως
1660 3900 1717 3954 δὲ
1744 3901 1865 3955 οὐδ’

286 3983 338 4034 οί
360 3982 585 4050 ἄγγελοι
618 3982 865 4053 σώματα,
885 3984 1000 4038 ἀλλ’
1022 3985 1325 4055 ἀσώματοι.
1353 3987 1448 4041 καὶ
1478 3988 1551 4051 ῶς
1578 3990 1611 4060 ή
1637 3990 1745 4043 τῶν
1768 3991 1863 4044 ἀν-

287 4072 522 4143 θρώπων
554 4074 700 4147 ψυχή
736 4077 836 4130 οὐκ
878 4079 943 4130 ὲκ
969 4077 1069 4147 τῆς
1102 4078 1494 4144 θείας,οὐσίας.
1514 4081 1709 4135 -Ὅτι
1738 4082 1864 4137 ἄλλο

283 4160 350 4237 ἦν
390 4170 451 4221 τὸ
506 4169 616 4240 πρὸ
657 4169 757 4238 τῆς
802 4169 1171 4240 παραϐάσεως
1214 4171 1309 4225 τοῦ
1360 4172 1649 4244 ἀνθρώπου
1679 4174 1859 4245 σῶμα,

282 4259 418 4329 ὅπερ
465 4262 568 4313 καὶ
614 4260 893 4329 αὐγοειδὲς
923 4260 1168 4325 καλοῦσι,
1196 4263 1289 4316 καὶ
1319 4263 1445 4317 ἀλλο
1488 4266 1550 4318 τὸ
1596 4266 1734 4337 μετὰ
1764 4266 1864 4338 τὴν

286 4354 621 4422 παράϐασιν,
649 4354 678 4406 ὃ
719 4353 839 4407 νυνὶ
879 4354 1244 4425 περικείμεθα
1276 4356 1549 4427 σάρκινον,
1580 4359 1675 4412 καὶ
1705 4358 1864 4414 τοῦτό

1965 3247 2255 3318 prodiisse.
2288 3246 2353 3301 Et
2407 3245 2491 3300 his
2549 3244 2869 3300 contraria:
2932 3244 3199 3300 Deitatem
3258 3262 3362 3300 non
3418 3262 3541 3301 esse

1967 3340 2203 3394 humana
2233 3337 2429 3400 forma,
2464 3352 2564 3392 nec
2616 3336 2844 3391 omnino
2908 3335 3219 3407 ﬁguratam,
3244 3340 3336 3392 sed
3363 3354 3542 3408 neque

1965 3430 2260 3500 quidquam
2290 3427 2433 3482 aliud
2467 3426 2850 3496 praedictorum
2880 3437 3071 3480 natura
3095 3442 3233 3481 esse.
3278 3428 3541 3485 Similiter

1966 3539 2066 3579 nec
2100 3522 2323 3593 angelos
2345 3536 2663 3592 corporeos,
2688 3521 2783 3576 sed
2809 3520 3155 3591 incorporeos
3180 3538 3319 3584 esse.
3348 3523 3539 3577 imma-

1966 3630 2203 3684 namque
2238 3616 2475 3669 animam
2524 3628 2629 3669 non
2677 3627 2800 3669 esse
2826 3627 2857 3668 e
2883 3612 3064 3668 divina
3122 3614 3444 3670 substantia.
3468 3645 3541 3655 —-

1962 3709 2121 3764 Aliud
2145 3707 2314 3763 fuisse
2357 3706 2593 3762 hominis
2617 3719 2815 3775 corpus
2853 3713 2978 3761 ante
3016 3706 3539 3777 praevaricationem,

1964 3800 2106 3872 quod
2174 3798 2515 3871 splendidum
2578 3806 2795 3860 vocant,
2842 3805 2898 3852 et
2955 3797 3102 3852 aliud
3160 3800 3289 3868 post
3357 3808 3537 3854 trans-

1965 3893 2331 3964 gressionem,
2397 3903 2658 3945 carneum
2686 3888 2916 3953 scilicet,
2946 3899 3004 3942 ut
3030 3904 3171 3944 nunc
3197 3899 3282 3944 est
3323 3891 3405 3961 (et
3437 3894 3540 3947 hoc

1963 3995 2091 4041 sunt
2119 3983 2359 4055 pellicem
2385 3979 2630 4049 tunica),
2655 3979 2801 4050 quod
2840 3979 2893 4034 in
2928 3980 3325 4036 resurrectione
3373 3978 3541 4051 depo-

1964 4093 2177 4134 nemus.
2237 4077 2305 4131 Et
2354 4090 2385 4132 e
2434 4074 2741 4140 contrario,
2795 4073 3007 4144 pellitas
3067 4074 3332 4146 (pellicem
3387 4085 3541 4132 vetus

1965 4169 2256 4241 interpres)
2292 4169 2502 4223 tunicas
2539 4181 2645 4221 non
2697 4180 2819 4222 esse
2848 4181 3089 4221 carnem.
3120 4197 3191 4208 —
3214 4167 3396 4222 Primo
3451 4184 3538 4223 re-

1962 4270 2186 4333 surgent
2217 4259 2375 4329 justi,
2412 4266 2467 4314 et
2491 4272 2615 4313 cum
2652 4257 2717 4313 iis
2746 4257 2930 4312 omnia
2964 4257 3245 4323 animalia,
3285 4256 3365 4330 [et
3397 4257 3537 4331 post]

1964 4355 2112 4411 mille
2157 4368 2329 4409 annos
2391 4352 2597 4416 vivent,
2653 4349 2797 4403 laute
2846 4349 3211 4411 comedentes,
3270 4348 3538 4415 bibentes,

283 4440 428 4494 ἰστιν
462 4443 516 4494 οἱ
546 4441 856 4511 δερμάτινοι
889 4443 1133 4513 χιτῶνες,
1173 4445 1309 4517 ὅπερ
1355 4448 1450 4500 καὶ
1494 4448 1862 4519 ἀππιθέμεθα

1966 4456 2308 4521 generantes,
2333 4453 2390 4499 et
2413 4452 2537 4513 post
2562 4443 2676 4497 haec
2713 4438 3040 4495 universalis
3068 4440 3159 4493 ﬁet
3179 4441 3537 4505 resurrectio;

288 4533 338 4585 ὲν
360 4536 426 4604 τῇ
460 4536 800 4587 ἀναστάσει·
832 4535 924 4587 καὶ
951 4536 1015 4589 ἐκ
1039 4534 1133 4589 τοῦ
1155 4537 1422 4603 ἐναντίου,
1448 4538 1530 4592 ὅτι
1559 4540 1702 4610 οὐχὴ
1729 4540 1864 4612 σὰρξ

289 4624 437 4694 ήμῶν
486 4625 574 4677 οί⁶
625 4625 938 4695 δερμάτινοι
984 4626 1470 4697 χιτῶνες.-Ὂτι
1502 4629 1765 4700 πρότερον
1812 4632 1862 4684 oi

284 4716 478 4768 δίκῖιοι
514 4718 933 4786 ἀναστήσονται,
966 4718 1060 4772 καὶ
1088 4721 1184 4773 σὺν
1212 4721 1395 4782 αὐτοῖς
1427 4722 1607 4775 πάντα
1629 4721 1697 4774 τά
1724 4721 1861 4787 ζῶα,

284 4809 376 4859 καὶ
401 4811 501 4860 ἐπὶ
534 4809 684 4877 χίλια
710 4809 804 4879 ἐτη
830 4812 1200 4880 τρυφήσουσιν
1228 4812 1531 4876 ὲσθίοντες⁷
1566 4814 1658 4866 καὶ
1679 4813 1862 4867 πίνον-

281 4915 369 4959 τες
409 4901 505 4952 καὶ
528 4899 863 4966 τεκνοῦντες,
900 4903 993 4955 καὶ
1032 4904 1173 4971 μετά
1198 4904 1356 4958 τοῦτο
1383 4907 1417 4977 ή
1448 4905 1708 4977 καθολικὴ
1738 4908 1861 4960 επι-

285 4991 541 5058 στήσεται
572 4992 887 5057 ἀνάστασιςο
929 4996 1023 5047 καὶ
1070 4996 1134 5049 ὲκ
1176 4997 1269 5050 τοῦ
1297 4998 1565 5065 ἐναντίου,
1598 4998 1719 5053 ὅτι⁸
1751 4999 1863 5054 τῶν

282 5074 502 5129 δικαίων
539 5081 941 5149 προανάστασις
964 5083 1063 5136 οὐκ
1090 5084 1256 5151 ἔστιν,
1288 5087 1406 5140 οὐδὲ
1437 5089 1469 5158 ή
1495 5087 1861 5161 χιλιονταετὴς

283 5169 482 5239 τρυφὴ,
518 5170 637 5222 οὐδὲ
664 5173 728 5225 ὁ⁹
757 5174 1153 5244 γάμος.-Ὂτι
1187 5179 1324 5247 μετά
1350 5179 1446 5250 τὴν
1478 5181 1774 5236 ἀνάστασιν
1804 5184 1863 5237 ἐν

284 5262 600 5333 παραδείσῳ
615 5263 726 5319 τῶν
745 5265 969 5322 δικαίων
996 5268 1149 5323 ἔσται
1176 5272 1209 5341 ή
1231 5272 1499 5344 διατριϐή,
1536 5275 1630 5327 καὶ
1654 5276 1737 5329 ὅτι
1761 5276 1861 5329 οὐκ

285 5352 345 5408 tv
372 5353 711 5429 παραδείσῳ,
740 5357 857 5413 ἀλλ’
887 5362 946 5415 ὲν
972 5365 1083 5427 τοῖς
1106 5364 1376 5436 οὐρανοῖς,
1404 5366 1497 5419 κα)⁵
1517 5366 1593 5431 ὡς
1625 5368 1654 5421 ὁ
1685 5368 1897 5440 παράο,

1970 4552 2025 4597 et
2052 4556 2081 4595 e
2111 4538 2408 4600 contrario,
2457 4547 2633 4603 neque
2665 4532 2943 4601 justorum
2988 4531 3257 4601 praecedet
3292 4545 3539 4587 resurre-

1968 4635 2101 4698 ctio,
2117 4644 2290 4703 neque
2315 4638 2436 4699 post
2456 4627 2600 4682 mille
2624 4640 2795 4679 annos
2809 4624 3036 4689 deliciae,
3058 4638 3231 4695 neque
3261 4627 3541 4694 generatio

1966 4726 2089 4782 erit.
2127 4752 2199 4764 --
2257 4721 2386 4776 Post
2428 4718 2882 4775 resurrectionem
2934 4717 2988 4771 in
3045 4717 3297 4786 paradiso
3339 4719 3538 4790 2881:

1963 4819 2235 4891 iustorum
2288 4819 2394 4870 erit
2450 4812 2831 4877 commoratio;
2894 4817 2951 4865 et
3009 4823 3114 4863 non
3178 4810 3230 4864 in
3286 4811 3541 4881 paradiso

1952 4890 2061 4965 ‘sed
2085 4909 2135 4960 in
2169 4905 2346 4968 caelis,
2367 4914 2421 4958 et
2446 4901 2729 4973 paradisus
2757 4915 2863 4955 non
2900 4899 2953 4954 in
2987 4900 3262 4965 caelo,nec
3286 4902 3336 4955 in
3373 4912 3539 4967 terra,

1966 5000 2060 5055 sed
2091 5000 2143 5052 in
2177 4997 2242 5051 iis
2274 5009 2393 5064 quae
2425 4991 2705 5061 interiecta
2738 4991 3213 5061 sunt.—Superna
3232 4990 3536 5048 Jerusalem

1967 5100 2050 5147 est
2077 5088 2387 5160 paradisus,
2418 5095 2472 5139 et
2498 5084 2549 5138 in
2579 5084 2740 5138 tertio
2772 5083 2932 5148 cmlo,
2982 5091 3038 5138 et
3092 5083 3317 5138 arbores
3366 5084 3419 5137 in
3451 5096 3538 5147 eo,

1967 5198 2127 5240 sensu
2165 5180 2403 5251 praeditas
2435 5186 2587 5239 sunt,
2624 5189 2680 5231 et
2734 5176 3070 5232 intellectum
3105 5174 3307 5230 habent
3358 5185 3412 5230 et
3449 5190 3539 5230 ra-

1969 5275 2192 5335 tionem.
2225 5280 2281 5327 et
2306 5272 2468 5327 homo
2494 5278 2617 5339 post
2644 5266 3145 5337 prmvaricatiouem
3178 5265 3303 5320 inde
3329 5265 3381 5319 in
3426 5276 3537 5319 ter-

1966 5384 2084 5425 ram
2118 5365 2330 5423 delatus
2373 5372 2478 5417 est.
2527 5360 2729 5415 Deinde
2750 5368 2805 5415 et
2834 5360 3190 5416 contrarium.
3218 5355 3534 5413 Paradisum

1560 5476 1800 5561 vasta:
1842 5503 2257 5563 LECTIONES.

358 5606 379 5637 ⁸
400 5606 461 5662 ὃν
488 5609 539 5689 οι
660 5628 766 5689 ος.
843 5613 1076 5689 ξΝησᾶν
1110 5616 1175 5673 A.
1251 5616 1275 5650 ⁸
1302 5616 1513 5674 τελεσθ.
1542 5635 1603 5683 ς.
1682 5619 1704 5651 ⁸
1736 5619 1870 5674 αὐτὸ
1890 5619 2014 5676 add.
2048 5619 2115 5674 Δ.
2189 5619 2210 5651 ⁸
2242 5615 2397 5689 ήμῶν
2419 5613 2564 5668 ἐστιν
2588 5612 2634 5667 οἰ
2672 5611 2732 5668 Β.
2804 5610 2825 5643 τ
2855 5608 3256 5681 τρυφ.καίἐσθ.
3288 5625 3350 5677 ς’.
3380 5603 3536 5679 ⁸’ὃτιι

285 5676 368 5732 δτι
390 5696 452 5733 τε
480 5682 550 5736 Δ.
621 5685 642 5716 ⁹
673 5676 905 5738 sema.
