3964 6246
427 208 566 332 ιοθὲ
1487 258 1750 319 ΡΗΟΤΙΙ
1790 260 2006 322 PATR]

2105 262 2302 321 {CH/li.
2354 263 2463 326 CP.
3538 257 3680 324 1096

427 400 535 438 non
569 381 622 434 in
645 377 808 434 tertio
831 390 952 432 esse
981 373 1140 438 coelo.
1169 371 1264 428 sed
1302 371 1356 428 in
1388 379 1556 428 terra.
1591 402 1663 413 —
1699 373 1846 428 Bona
1873 388 2002 444 quae

2105 380 2278 445 δεισος
2308 379 2432 433 οὔτε
2468 379 2528 432 ὲν
2550 377 2629 448 τῷ
2667 375 2880 447 οὐρανῷ
2905 373 3029 428 οὔτε
3066 372 3163 427 ἐπὶ
3193 372 3296 442 τῆς
3311 370 3356 404 ¹⁶
3384 370 3512 442 γῆς,
3541 369 3684 426 ἀλλὰ

422 482 722 542 praeparata
752 478 878 527 sunt
899 467 1082 538 justis,
1116 469 1306 521 oculus
1362 482 1467 522 non
1513 467 1680 534 vidit,
1717 481 1816 524 nec
1854 469 2005 523 auris

2105 475 2312 530 τούτων
2343 468 2746 542 μεταξύ.-Ὢς
2771 469 2801 520 6
2825 465 3150 537 παράδεισος
3187 466 3222 537 ὴ
3253 462 3366 518 ἄνω
3395 462 3545 516 ἐστὶν
3579 459 3684 516 Ἱε-

425 543 650 626 audivit,
674 576 773 614 nec
811 561 862 612 in
886 574 982 613 eor
1004 557 1239 613 hominis
1267 560 1645 614 ascenderunt.
1677 558 1996 628 Quanquam

2109 563 2412 638 ρουσαλὴμ,
2448 561 2628 630 καὶέν
2664 558 2742 630 τῷ
2774 557 2940 630 τρίτῳ
2963 557 3111 610 ἐστὶν
3134 554 3370 627 οὐρανῷ,
3398 553 3495 607 καὶ
3525 551 3598 608 τὰ
3624 554 3688 606 ὲν

425 651 759 722 llegesippus
787 650 872 703 vir
899 648 1153 718 antiquus
1175 657 1229 701 et
1269 649 1618 719 apostolicus,
1653 649 1793 705 libro
1817 651 2006 720 quinto

2106 658 2256 730 αὐτῷ
2291 657 2423 722 ξύλα.
2453 655 2617 726 νοερά
2647 652 2707 706 τέ
2743 653 2847 706 είσι
2876 650 2970 704 καὶ⁵
2997 649 3214 702 σύνεσιν
3248 646 3432 717 έχουσι
3461 644 3558 700 καὶ
3593 643 3686 696 λό-

425 743 951 799 Connnentariorum
977 741 1115 795 haud
1143 743 1256 796 scio
1282 756 1348 795 an
1371 741 1608 798 oﬂ'ensus
1641 743 1771 796 dicit
1800 741 2001 797 frustra

2105 767 2224 820 γον,
2255 749 2349 804 καὶ
2373 747 2448 811 ὡς
2471 749 2498 801 6
2526 745 2810 816 ἄνθρωπος
2835 741 2972 812 μετὰ
2998 741 3098 811 τὴν
3125 739 3438 809 παράϐασιν
3467 735 3688 790 ἐκεῖθεν

427 832 539 886 haec
570 831 704 896 dici,
743 840 797 886 et
817 845 910 884 eos
937 831 1025 899 qui
1055 831 1169 884 hzec
1206 831 1392 885 dicunt
1441 833 1493 884 in
1523 847 1731 885 sacram
1762 830 2006 900 Scriptu-

2105 843 2201 898 ἐπὶ
2240 842 2338 912 τὴν
2378 841 2482 911 γῆν
2528 836 2856 908 κατηνέχθη.
2895 829 3029 890 Εῐτα
3061 832 3157 887 καὶ
3189 831 3252 886 τὸ
3282 829 3686 900 ἀντικείμενον,

426 937 563 985 rant,
599 931 654 976 et
671 931 858 975 contra
877 921 1146 975 Christum
1169 920 1432 975 dicentem
1473 921 1818 976 :Beatioculi
1853 922 2006 976 vestri

2105 936 2188 990 ὅτι
2213 935 2583 1007 ὁπαράδεισος
2609 931 2709 984 οὐκ
2736 929 2882 983 ἐστιν
2907 929 2965 981 ὲν
2982 925 3061 998 τῷ
3088 925 3259 996 τρίτῳ
3285 920 3521 994 οὐρανῷ,
3555 918 3690 974 ἀλλ’

425 1011 680 1075 videntes,
696 1019 745 1066 et
765 1028 918 1063 aures
943 1020 1129 1064 vestra:
1150 1011 1261 1065 haec
1277 1013 1543 1067 audientes
1565 1015 1754 1077 ἣδιον..
1772 1013 2005 1068 mentiri.

2106 1031 2200 1084 ἐπὶ
2251 1029 2353 1098 τῆς
2377 1028 2524 1096 Ιγῆς.
2545 1051 2617 1066 --
2643 1021 2770 1094 [472
2795 1019 3018 1092 Η.]Ὀτι
3049 1017 3120 1071 τά
3149 1014 3533 1087 ήτοιμασμένα
3571 1013 3690 1073 τοῖς

423 1133 496 1144 -
537 1103 784 1158 Damnati
821 1113 1134 1172 peccatores
1167 1103 1223 1157 in
1258 1104 1537 1174 punitione
1581 1106 1933 1160 absolvuntur
1975 1119 2006 1159 a

2107 1120 2332 1184 δικαίοις
2349 1117 2528 1190 ἀγαθά
2543 1115 2665 1170 οὔτε
2691 1113 2964 1183 ὀφθαλμὸς
2985 1109 3144 1177 εἶδεν,
3165 1107 3290 1162 οὔτε
3311 1106 3403 1172 οὓς
3427 1107 3686 1177 ἤκουσεν,

426 1198 650 1263 malitia,
669 1206 723 1252 et
739 1209 857 1267 post
872 1197 1264 1253 absolutionem
1281 1198 1577 1255 liberantur
1591 1215 1620 1254 a
1639 1214 1812 1269 paena.
1835 1200 2010 1267 Quan-

425 1305 588 1360 quam
619 1305 720 1343 non
745 1305 933 1345 omnes
974 1289 1261 1345 damnandi
1282 1290 1599 1358 liberantur,
1625 1299 1677 1346 et
1717 1291 2010 1346 absolvun-

429 1392 536 1446 tur,
566 1383 659 1436 sed
679 1381 1094 1451 aliqui,tantum,
1115 1391 1169 1436 et
1192 1385 1328 1436 hanc
1351 1397 1471 1438 esse
1503 1382 1752 1438 Ecclesia.-
1784 1393 2002 1438 senten-

428 1477 581 1538 tiam,
607 1474 876 1530 neminem
908 1490 938 1529 e
975 1490 1133 1543 paena
1167 1473 1498 1545 eripi.—Uri
1521 1484 1577 1531 et
1604 1491 1708 1530 non
1737 1476 2003 1542 comburi,

425 1572 512 1619 est
541 1565 1028 1634 incorruptibiliter
1053 1565 1350 1635 corrumpi.
1386 1565 1541 1620 Titus
1565 1577 1765 1631 autem,
1794 1568 2007 1636 episco-

427 1670 526 1728 pus
544 1655 879 1722 Bostrorum,
905 1668 1088 1711 contra
1108 1656 1432 1712 Manichreos
1449 1657 1713 1722 scribens,
1733 1657 1906 1728 primo
1935 1658 2003 1712 li-

428 1747 524 1803 bro
541 1749 618 1803 ait
639 1767 653 1802 :
671 1748 944 1812 Quomodo
970 1751 1232 1817 corruptio
1260 1751 1447 1804 suimet
1468 1751 1774 1818 corruptio?
1796 1749 2008 1818 Semper

425 1847 567 1899 enim
597 1843 746 1896 aliud
769 1843 894 1913 quid
923 1843 1232 1910 corrumpit,
1258 1860 1360 1898 non
1395 1847 1642 1914 seipsum.
1672 1843 1730 1898 Si
1775 1844 2004 1912 seipsum

427 1942 806 2002 corrumperet,
831 1934 1151 2002 principium
1179 1951 1282 1988 non
1313 1934 1576 1989 habuisset
1605 1950 1625 1989 :
1650 1945 2012 1998 corrumpetur

429 2027 568 2079 enim
589 2025 813 2090 seipsum
862 2040 1220 2093 corrumpens.
1279 2024 1427 2080 Fieri
1493 2026 1631 2080 enim
1683 2043 1785 2080 non
1841 2033 2009 2095 potest

429 2114 874 2179 incorruptionem
924 2116 1309 2183 corruptionem
1369 2118 1633 2170 communi
1682 2133 1835 2170 sensu
1889 2131 2008 2184 per-

425 2210 532 2279 cipi
557 2208 842 2279 aliquando
867 2224 1036 2278 posse.
1083 2205 1150 2262 Et
1188 2208 1394 2264 clarum
1450 2219 1533 2264 est
1572 2210 1713 2264 hunc
1757 2219 2008 2264 sanctum

429 2302 604 2356 virum
642 2302 695 2355 in
730 2301 901 2356 altero
943 2316 1105 2356 sensu
1163 2301 1366 2355 dixisse
1431 2299 1818 2372 impossibilem
1890 2315 2010 2356 esse

427 2393 835 2470 corruptionem
901 2409 1004 2448 non
1068 2404 1415 2463 corruptam,
1448 2404 1504 2449 et
1551 2404 1799 2450 sanctum
1836 2392 2007 2450 Joan-

428 2499 556 2555 nem,
610 2485 907 2538 secundum
967 2485 1194 2540 alterum
1227 2500 1467 2561 sensum.
1519 2485 1620 2540 Hic
1673 2486 1886 2556 quidem
1928 2487 2010 2540 in-

427 2575 829 2644 corruptibilem
885 2590 1007 2632 esse
1073 2577 1477 2646 corruptionem
1525 2577 1697 2641 dixit,
1748 2592 1845 2648 pro
1879 2593 2005 2648 per-

428 2675 586 2734 petuo
614 2664 901 2732 viventem,
943 2674 998 2719 et
1049 2681 1267 2736 semper
1314 2668 1701 2743 exsistcntem;
1743 2667 1830 2724 ille
1879 2683 2009 2724 vero

431 2758 842 2826 corruptionem
877 2757 1344 2836 incorruptibilem
1393 2774 1501 2812 non
1552 2773 1698 2822 esse,
1745 2759 1849 2814 hoc
1898 2767 2003 2824 est,

429 2861 535 2899 non
575 2862 734 2915 posse
791 2849 1193 2917 corruptionem
1251 2847 1742 2917 impassibililatem
1770 2862 1915 2914 esse,
1948 2858 2006 2904 et

431 2937 927 3008 incorruptionem,
969 2949 1022 2992 et
1051 2939 1412 2994 accidentium
1472 2941 1820 2994 servatricem
1873 2939 2003 3012 [im—

2107 1211 2231 1268 οὔτε
2261 1213 2354 1267 ἐπὶ
2379 1211 2610 1283 καρδίαν
2639 1207 2931 1280 ἀνθρώπου
2959 1204 3152 1276 ἀνέϐη.
3188 1201 3534 1270 Ἡγήσιππος
3559 1197 3690 1269 μέν·

2105 1323 2209 1369 τοι,
2235 1303 2458 1374 ἀρχαῖός
2481 1320 2543 1355 τε
2573 1301 2710 1372 ἀνὴρ
2736 1300 2828 1353 καὶ
2851 1296 3227 1358 ἁποστολικδς,
3253 1295 3312 1349 ὲν
3338 1289 3416 1363 τῷ
3443 1291 3688 1361 πέμπτῳ

2105 1395 2219 1449 τῶν
2247 1392 2709 1463 Ὑπομνημάτων,
2725 1390 2824 1443 οὑκ
2845 1383 2942 1440 οἷδ’
2966 1387 2994 1440 ὅ
3021 1403 3074 1439 τι
3100 1385 3193 1438 καὶ
3210 1383 3251 1415 ¹²
3272 1379 3482 1443 παθὼν,
3507 1377 3690 1448 μάτην

2111 1487 2212 1557 μὲν
2258 1484 2510 1557 εἰρῆσθαι
2541 1481 2714 1537 ταῦτα
2749 1481 2932 1548 λέγει,
2969 1479 3064 1531 καὶ
3093 1471 3528 1543 καταψεύδεσθαι
3561 1471 3691 1532 τοὺς

2109 1578 2282 1635 ταῦτα
2307 1578 2605 1647 φαμένους,
2634 1575 2741 1629 τῶν
2768 1592 2826 1628 τε
2859 1574 3020 1626 θείων
3047 1568 3281 1642 Γραφῶν
3308 1568 3402 1620 καὶ
3444 1564 3540 1618 τοῦ
3573 1566 3690 1617 Κυ-

2116 1671 2232 1744 ρίου
2277 1670 2560 1739 λέγοντος’
2608 1665 2899 1734 Μακάριοι
2950 1665 3003 1718 ol
3051 1659 3342 1732 ὀφθαλμοί
3406 1656 3574 1728 ὑμῶν
3631 1657 3689 1710 τί

2107 1763 2476 1831 βλέποντες,
2516 1759 2615 1813 καί
2654 1757 2726 1812 τὰ
2763 1751 2886 1812 ὦτα
2921 1755 3088 1824 ὑμῶν
3117 1754 3190 1807 τὰ
3225 1753 3542 1816 ἀκούοντα,
3591 1751 3690 1805 κει

2109 1852 2492 1922 ὲξῆς.-Ὄτι
2541 1851 2590 1903 οἱ
2639 1851 2696 1902 ὲν
2734 1850 2802 1918 τῇ
2843 1847 3064 1900 κολάσει
3112 1843 3529 1913 παραδιδόμενοι
3576 1838 3688 1892 τῶν

2108 1943 2449 2014 ἁμαρτωλῶν
2501 1940 2854 2011 καθαίρονται
2895 1939 2994 2009 τῆς
3045 1937 3245 2000 κακίας
3291 1935 3348 1987 έν
3388 1934 3558 2003 αὐτῇ,
3589 1932 3688 1986 κει

2111 2036 2250 2108 μετὰ
2299 2034 2397 2108 τὴν
2438 2033 2705 2104 κάθαρσιν
2733 2031 3059 2087 ἀπολύονται
3085 2028 3186 2098 τῆς
3212 2026 3508 2088 κολάσεως.
3551 2021 3685 2077 Εἶτα

2109 2130 2204 2183 καὶ
2235 2129 2402 2196 ,ὄτι¹²
2453 2127 2514 2181 οὐ
2569 2126 2771 2189 πάντες
2815 2125 2866 2178 οἱ
2909 2121 3303 2194 παραδοθέντες
3345 2119 3412 2190 τῇ
3465 2116 3687 2170 κολάσει

2109 2220 2461 2291 καθαίρονται
2512 2218 2608 2273 καὶ
2659 2215 3010 2275 ἀπολύονται,
3038 2213 3174 2267 ἀλλά
3219 2226 3394 2274 τινεςο
3432 2207 3530 2262 καὶ
3578 2207 3684 2270 ὅτι,

2107 2314 2245 2384 ὅπερ
2290 2313 2438 2366 ἐστὶν
2485 2309 2683 2381 ἀληθὲς
2712 2307 2814 2378 τῆς
2849 2306 3174 2376 Ἐκκλησίας
3206 2303 3482 2374 φρόνημα.
3509 2300 3687 2362 οὐδεὶς

2107 2403 2403 2459 ἀπολύεται
2431 2403 2530 2471 τῆς
2557 2391 3050 2462 κολάσεως.-Ὂτι
3084 2395 3145 2449 τὸ
3177 2393 3426 2449 καίεσθαι
3465 2392 3564 2447 καὶ
3610 2392 3686 2463 μὴ

2107 2493 2499 2551 κατακαίεσθαι
2571 2491 2778 2563 φθοράν
2823 2490 2970 2542 ἐστιν
3016 2486 3289 2557 ἄφθαρτον
3336 2483 3679 2556 φθείρεσθαι.

2107 2588 2264 2651 Τίτος
2289 2586 2346 2640 δὲ
2365 2587 2395 2638 6
2418 2584 2715 2645 ἐπίσκοπος
2741 2581 3012 2653 Βόστρων,
3038 2578 3181 2633 κατὰ
3200 2564 3522 2647 Μανιχαίων
3541 2577 3682 2646 γρά-

2108 2695 2243 2748 φων,
2277 2679 2336 2729 ὲν
2362 2673 2440 2746 τῷ
2472 2672 2674 2744 πρώτῳ
2703 2670 2846 2741 λόγῳ
2899 2668 3064 2739 φησί·
3100 2665 3230 2733 Πῶς
3269 2664 3346 2719 ἂν
3367 2664 3460 2730 εἴη
3491 2665 3681 2732 φθορὰ

2104 2768 2325 2836 ἑαυτῆς
2352 2769 2391 2837 ἡ
2438 2764 2660 2837 φθοράς
2691 2763 2934 2827 Πάντως
2961 2761 3074 2831 γὰρ
3103 2759 3310 2828 ἔτερόν
3349 2774 3406 2812 τι
3430 2757 3679 2825 φθείρει,

2104 2865 2218 2931 οὐχ
2261 2859 2505 2928 ἑαυτήν.
2551 2859 2620 2912 El
2669 2855 2738 2910 δὲ
2783 2853 3011 2922 ἑαυτὴν
3053 2853 3348 2921 ἔφθειρεν,
3378 2848 3523 2904 οὐδὲ
3565 2848 3683 2913 τὴν

2103 2951 2303 3022 ἀρχὴν
2341 2950 2418 3005 ἂν
2437 2948 2673 3015 ὑπέστη
2691 2963 2705 2977 ο
2745 2942 3115 3016 φθαρήσεται
3143 2941 3252 3012 γὰρ
3273 2938 3501 3007 ἑαυτὴν
3521 2935 3681 3008 μᾶλ-

427 3027 888 3102 passibilitatem].
936 3031 1040 3084 Sed
1080 3046 1202 3085 cum
1241 3041 1466 3100 utraque
1515 3032 1785 3087 sententia
1819 3034 1892 3087 ita
1945 3046 2005 3088 se

2106 3046 2221 3097 λον
2262 3041 2589 3111 φθείρουσα
2629 3037 2669 3106 ἢ
2716 3030 2901 3090 οὖσα·
2936 3032 3165 3102 φθορὰν
3208 3029 3321 3101 γὰρ
3377 3029 3682 3099 ἄφθαρτον

429 3124 647 3189 habeat,
683 3122 929 3180 Gobarus
961 3137 1151 3180 auctor
1189 3127 1370 3196 operis
1417 3124 1751 3179 differenten:
1784 3134 2004 3177 senten-
2041 3119 2044 3128 ’

429 3219 556 3271 tiam
589 3233 694 3271 non
727 3219 1055 3288 intelligens,
1106 3229 1408 3290 pugnantes
1440 3218 1836 3288 quodammodo
1867 3217 2006 3269 inter

425 3325 488 3364 se
515 3310 1155 3366 tradiditconclusiones.
1183 3339 1256 3350 -
1289 3309 1554 3366 Futurum
1598 3310 1856 3365 sarculum
1907 3323 2004 3363 oc-

429 3413 610 3456 tavum
649 3413 734 3457 est
774 3420 788 3456 :
832 3413 886 3458 et
939 3413 1131 3458 contra
1173 3418 1278 3459 non
1331 3414 1601 3465 octavum,
1658 3402 1750 3455 sed
1799 3413 2001 3454 nonum

432 3501 542 3548 est.
571 3519 640 3530 —
669 3490 968 3547 Salvatoris
1019 3493 1190 3548 nostri
1225 3491 1351 3548 Jesu
1390 3492 1592 3546 Christi
1627 3489 1827 3561 289a
1879 3506 2005 3545 cor-

424 3598 527 3653 pus
560 3593 722 3636 tenue
756 3593 874 3636 erat
899 3592 1020 3652 post
1045 3583 1524 3648 resurrectionem,
1555 3590 1607 3635 et
1633 3585 1790 3651 agile,
1834 3581 2000 3635 cmico

425 3685 531 3737 ste,
573 3675 709 3738 lere,
742 3689 912 3742 neque
950 3675 1206 3743 tangihile
1244 3692 1260 3727 :
1302 3683 1355 3728 et
1396 3675 1519 3728 idco
1549 3674 1768 3726 intravit
1803 3669 2003 3728 clausis

420 3766 601 3836 januis
634 3767 684 3819 δ.
725 3763 790 3819 Ει
819 3766 1076 3836 tungibile
1106 3775 1159 3820 et
1206 3781 1448 3819 crassum
1505 3781 1700 3833 corpus
1725 3776 1806 3818 est
1858 3764 2002 3817 aliud

423 3873 454 3912 a
488 3859 635 3911 tenui
667 3869 766 3910 :-ct
799 3873 864 3911 eo
894 3859 1036 3927 quod
1070 3869 1154 3911 est
1182 3859 1409 3912 diversa:
1451 3855 1638 3924 ﬁgurae
1665 3866 1721 3911 et
1773 3855 2002 3926 diversa:

427 3949 771 4004 substantiae.
820 3947 990 4018 Hujus
1035 3949 1368 4003 contrarium
1430 3959 1548 4001 est:
1585 3946 1865 4002 Dominum
1907 3963 2002 3999 no-

424 4039 814 4106 strum,.lesum
839 4039 1110 4094 Christum
1131 4051 1251 4109 post
1279 4042 1752 4102 resurrectionem,
1779 4053 1875 4092 nec
1901 4054 2000 4107 pu-

423 4148 569 4195 rum,
595 4148 694 4186 nec
713 4132 934 4195 subtile,
961 4148 1059 4187 nec
1082 4133 1221 4202 agile
1253 4147 1448 4202 corpus
1473 4132 1760 4186 habuisse:
1791 4132 1998 4200 magica

423 4240 556 4279 vero
607 4238 746 4289 arte,
805 4243 909 4279 non
961 4225 1131 4295 ipsius
1222 4225 1465 4295 corporis
1547 4233 1762 4289 natura,
1815 4222 1998 4290 januis

2103 3131 2406 3186 ἀδύνατον
2439 3125 2591 3183 κατὰ
2622 3144 2688 3197 γε
2719 3126 2828 3194 τὰς
2857 3125 3064 3190 κοινὰς
3090 3123 3328 3188 ἐννοίας
3354 3118 3682 3185 ἐπινοηθῆ-

2103 3225 2203 3277 ναί
2223 3239 2386 3277 ποτε.
2415 3221 2523 3286 Καὶ
2556 3220 2712 3290 δῆλον
2741 3219 2825 3273 ὅτι
2845 3218 2874 3272 6
2899 3216 2996 3288 μὲν
3025 3217 3069 3269 ίε
3081 3213 3170 3287 ρδς
3199 3207 3352 3276 οὗτος
3377 3210 3515 3282 ἀνὴρ
3545 3210 3682 3264 καθ’

2103 3313 2296 3384 ἑτέραν
2361 3311 2568 3365 ἔννοιαν
2616 3304 2770 3362 εἶπεν
2815 3307 3077 3360 ἀδύνατον
3137 3299 3273 3356 εἶναι
3321 3303 3421 3371 τὴν
3471 3299 3683 3371 φθορὰν

2103 3404 2400 3476 ἄφθαρτον,
2438 3405 2466 3456 6
2497 3402 2554 3456 δὲ
2582 3401 2868 3462 θεσπέσιος
2904 3398 3160 3465 Ἰωάννης
3218 3394 3340 3448 καθ’
3375 3392 3608 3464 ἑτέραν·
3651 3390 3682 3442 6

2106 3495 2204 3566 μὲν
2237 3495 2344 3564 γὰρ
2389 3492 2488 3565 τὴν
2520 3490 2726 3562 φθορὰν
2774 3489 3049 3559 ἄφθαρτον
3092 3479 3247 3540 εἴπεν
3287 3483 3411 3537 ἀντὶ
3451 3482 3546 3535 τοῦ
3597 3482 3680 3534 δι-

2102 3581 2461 3647 αιωνίζουσαν
2489 3581 2694 3635 καὶδιά
2725 3578 2924 3641 παντὸς
2949 3576 3264 3648 γινομένην,
3294 3573 3418 3645 [896
3449 3570 3543 3643 IL]
3569 3573 3598 3624 ὁ
3625 3568 3682 3623 δι

2100 3675 2199 3746 τὴν
2227 3673 2433 3744 φθορὰν
2458 3672 2736 3743 ἄφθαρτον
2764 3669 2839 3741 μὴ
2867 3664 3030 3734 εῖναι,
3060 3665 3310 3720 τουτέστι
3330 3664 3374 3694 ⁸³
3409 3660 3485 3733 μὴ
3514 3660 3680 3714 δύναι-

2103 3767 2226 3820 σθαι
2259 3765 2357 3838 τὴν
2395 3764 2600 3835 φθοράν
2628 3761 2899 3817 ἀπάθειαν
2926 3754 3068 3812 εἶναι
3108 3758 3203 3811 καὶ
3240 3754 3550 3826 ἀφθαρσίαν
3585 3753 3682 3808 καὶ

2103 3859 2373 3929 σωστικὴν
2421 3857 2530 3910 τῶν
2579 3854 2952 3925 ὑποκειμένων
2971 3853 3034 3907 ³⁸.
3063 3849 3202 3904 Ἀλλ’
3225 3848 3397 3911 οὕτως
3441 3847 3679 3918 ἐχούσης

2100 3952 2372 4023 ἑκατέρας
2400 3947 2658 4012 διανοίας,
2687 3948 2715 4001 6
2755 3943 2936 4015 πατὴρ
2981 3943 3081 4013 τῆς
3127 3941 3409 4012 παρούσης
3431 3941 3679 4010 σπουδῆς

2099 4041 2359 4112 Γόόαρος,
2388 4038 2485 4108 τὴν
2504 4035 2759 4107 διάφορον
2781 4034 2986 4088 ἔννοιαν
3000 4034 3060 4086 οὐ
3077 4032 3303 4094 συνιεὶς,
3327 4030 3403 4091 ὡς
3427 4031 3675 4083 ἀντικει·

2101 4133 2267 4206 μένας
2284 4131 2541 4201 ἀλλήλαις
2561 4128 2845 4198 παρέθηκε
2864 4125 2964 4189 τὰς
2988 4123 3386 4194 φωνάς.-Ὄτι
3408 4124 3436 4176 6
3461 4121 3676 4193 μέλλων

2098 4221 2232 4279 αἰὼν
2254 4219 2594 4290 δγδοόςὲστι·
2625 4219 2720 4270 καὶ⁹
2734 4217 2795 4268 τὸ
2813 4213 3206 4284 ἀντικείμενον,
3234 4210 3309 4274 ὡς
3333 4211 3434 4262 οὐκ
3455 4208 3670 4278 ὄγδοος,

423 4314 625 4370 clausis
672 4316 922 4371 intrasse.
949 4345 1019 4357 ——
1044 4313 1292 4369 Christus
1332 4329 1436 4368 non
1472 4313 1718 4383 deposuit
1771 4327 1990 4367 carnem

2105 4313 2210 4369 ἀλλ’
2245 4310 2652 4375 ἕνατος.--Ὂτι
2677 4308 2739 4361 τὸ
2759 4307 2851 4359 τοῦ
2874 4305 3124 4374 Σωτῆρος
3149 4301 3308 4373 ἡμῶν
3332 4299 3508 4371 Ἰησοῦ
3532 4301 3673 4372 Χρι-

422 4416 549 4478 post
580 4409 1061 4471 resurrectioitem,
1099 4407 1191 4460 sed
1251 4422 1352 4459 una
1375 4421 1495 4458 cum
1524 4419 1686 4459 carne
1719 4405 1772 4458 in
1802 4406 1992 4459 dextra

2105 4405 2227 4461 στοῢ
2273 4404 2434 4474 σῶμα
2465 4399 2799 4471 λεπτομερὲς
2831 4397 2968 4468 μετά
2996 4399 3096 4467 τὴν
3133 4395 3428 4449 ἀνάστασιν
3472 4393 3672 4462 γέγονε

423 4499 576 4554 sedet
602 4498 781 4553 Patris
819 4516 835 4565 ;
867 4509 921 4554 et
959 4514 990 4553 e
1015 4498 1310 4562 contrario,
1331 4498 1527 4552 .veniet
1551 4497 1797 4568 judicare
1842 4498 1993 4554 vivos

2105 4499 2192 4553 καὶ
2220 4493 2584 4566 πνευματικὸν
2611 4491 2704 4546 καὶ
2731 4490 2978 4561 οὐράνιον
3008 4485 3104 4541 καὶ
3140 4484 3340 4553 κοῦφον
3383 4483 3482 4538 καὶ
3529 4484 3672 4553 μηδὲ

422 4601 477 4646 et
508 4603 766 4653 mortuos,
790 4605 894 4644 non
921 4605 1142 4646 carnem
1173 4590 1410 4651 indutus,
1467 4589 1562 4643 sed
1612 4588 1850 4643 divinum
1897 4590 1994 4643 ha-

2105 4589 2403 4644 δποπίπτον
2430 4587 2563 4655 ἀφῇ,
2586 4583 2680 4636 καὶ
2706 4581 2793 4634 διά
2823 4579 2980 4633 τοῦτο
3017 4577 3172 4631 καὶ¹⁹
3201 4576 3312 4630 τῶν
3343 4573 3524 4645 θυρῶν
3553 4577 3670 4628 είσο

422 4681 556 4737 bens
588 4697 804 4752 corpus.
840 4711 911 4722 —
942 4680 1063 4736 Non
1092 4683 1272 4736 veniet
1333 4681 1592 4735 Dominus
1653 4681 1706 4735 in
1756 4681 1992 4737 secundo

2105 4680 2227 4754 ἦλθε
2251 4675 2651 4746 κεκλεισμένων
2668 4689 2682 4704 ·
2715 4672 2810 4726 καὶ
2837 4671 2912 4734 ὡς
2941 4669 3003 4722 τὸ
3030 4667 3198 4722 ἁπτὸν
3233 4667 3328 4719 καὶ
3347 4663 3672 4754 παχυμερὲς

417 4774 673 4838 adventu,
698 4773 792 4828 sed
855 4774 999 4828 nuda
1047 4774 1348 4828 divinitate.
1387 4773 1500 4829 Hoc
1556 4789 1686 4830 vero
1745 4773 1992 4830 Gobarus

2105 4773 2251 4844 ςῶμα
2278 4768 2464 4840 ἕτερόν
2488 4770 2604 4820 ἐστι
2637 4763 2786 4833 παρά
2830 4761 2891 4814 τὸ
2937 4755 3296 4827 λεπτομερὲς,
3327 4753 3423 4807 καὶ
3453 4754 3671 4809 ἀντίτυ-

424 4875 592 4936 caput
640 4866 1014 4934 constituens,
1070 4876 1125 4921 et
1195 4867 1502 4922 testimonia
1559 4870 1830 4923 adducens
1881 4865 1990 4922 Titi

2105 4882 2210 4930 τον,
2241 4862 2336 4916 καὶ
2362 4860 2545 4922 οὐσίας
2576 4857 2853 4924 διαφόρου.
2900 4852 3007 4906 Καὶ
3033 4849 3129 4903 τοῦ
3156 4847 3449 4919 εἰρημένου
3480 4846 3543 4900 τὸ
3573 4848 3671 4900 ἀν-

419 4956 661 5028 episcopi
706 4956 1050 5022 Bostrorum,
1082 4958 1334 5025 milleque
1363 4958 1468 5012 alia
1512 4958 1719 5014 habens
1747 4972 1865 5027 quae
1885 4959 1984 5012 ad-

2105 4952 2521 5025 τικείμενον,ὅτι
2560 4950 2590 5002 6
2631 4947 2830 5016 Κύριος
2859 4944 3016 5016 ἡμῶν
3050 4940 3256 5028 Ἰησοῦς
3299 4939 3393 5028 6"
3431 4938 3669 5028 Χριστρς

416 5026 614 5104 ducere
635 5057 815 5117 posset
841 5048 1168 5115 testimonia,
1195 5049 1475 5104 Dominum
1506 5047 1687 5102 Jesum
1710 5026 1982 5104 Christum

2105 5045 2234 5118 μετά
2261 5044 2362 5112 τὴν
2391 5043 2682 5096 ἀνάστασιν
2714 5035 2838 5089 οὒτε
2867 5033 3143 5100 ἀνέπαφον
3169 5027 3294 5082 οὔτε
3328 5026 3666 5118 λεπτομερές

418 5139 470 5195 in
501 5143 614 5197 sola
637 5142 921 5196 divinitate
949 5152 1253 5208 venturum,
1275 5142 1675 5203 omnia'omisit,
1709 5151 1763 5195 et
1782 5140 1980 5196 nullius

2105 5116 2211 5192 ιῦτε
2238 5131 2604 5205 πνευματικὸν
2627 5125 2740 5198 εἶχε
2772 5122 2950 5194 σῶμα,
2969 5123 3108 5178 κατά
3136 5117 3585 5208 θαυματουργίαν
3607 5116 3662 5168 δὲ

414 5232 682 5296 meminit,
741 5233 940 5302 ubique
960 5231 1376 5303 'pricsultantem
1425 5245 1578 5286 suam
1627 5233 1979 5300 impietatem,

2105 5230 2184 5284 ιαὶ
2210 5230 2271 5282 οὐ
2308 5231 2374 5298 τῇ
2398 5224 2491 5278 τοῦ
2522 5222 2771 5292 σώματος
2798 5218 2958 5288 φύσει
2983 5217 3092 5270 τῶν
3119 5212 3302 5284 θυρῶν
3330 5207 3549 5282 nemo;
3575 5221 3657 5258 κε-

484 5347 511 5387 ⁸
535 5345 728 5402 Matth.
753 5364 876 5414 xm,
917 5347 1003 5403 i6.
1081 5345 1108 5386 ιι
1138 5346 1291 5402 Joan.
1325 5363 1416 5410 xx,
1439 5345 1529 5401 26.

1683 5433 1919 5488 VARle
1979 5424 2381 5488 LECTIONES.

491 5527 560 5560 ’¹⁶
589 5527 688 5596 τῆς
709 5541 821 5582 om.
845 5530 912 5584 Α.
987 5532 1028 5562 ¹¹
1060 5531 1154 5584 καὶ
1195 5544 1305 5584 om.
1336 5531 1397 5584 Β.
1482 5529 1522 5561 ¹¹
1549 5525 1668 5582 εἶτα
1700 5529 1792 5580 καὶ
1825 5528 1906 5578 ὅτι
1942 5525 1988 5578 Α
2019 5541 2034 5577 :
2063 5520 2242 5575 καίτοι
2270 5537 2330 5583 ς.
2409 5513 2459 5596 "_
2483 5519 2609 5596 ante
2641 5507 3036 5596 τουτέςξξσουηι
3065 5503 3289 5596 [ξηοωξεί
3321 5505 3433 5560 haec
3463 5520 3487 5585 Ξ
3506 5519 3663 5556 τουτ-

418 5592 539 5719 ξιστι
949 5575 1597 5672 τὴνᾘθοράντᾷἶξθαρτονν
1943 5575 2410 5658 γῖδνὺποκειμένων
2438 5581 2728 5637 ἀπάθειαν.
2769 5576 2908 5630 Ἀλλ’
2943 5593 3003 5640 ς.
3081 5575 3124 5606 ¹¹⁵
3153 5575 3386 5630 nutante
3417 5575 3528 5626 τῶν
3549 5591 3659 5627 orn.

467 5705 482 5718 .
681 5683 708 5718 ο
751 5687 800 5717 ι.
879 5702 898 5719 .

467 5705 482 5718 .
557 5668 601 5697 ⁸⁸
623 5668 654 5717 ὀ
681 5668 800 5718 add.
832 5669 898 5720 Α.
