3964 6246
340 265 472 330 1097

1392 259 1917 326 BIBLIOTHECA.
1946 284 2016 296 -
2051 259 2214 321 COD.
2247 261 2579 322 CCXXXII.

3470 266 3604 333 1098

337 375 896 447 κλεισμένων.--Ὄτι
925 376 955 428 ὁ
980 370 1216 444 Χριστὸς
1236 371 1336 425 οὐκ
1360 371 1595 426 ἀπέθετο
1616 372 1715 441 τὴν
1737 371 1917 440 σάρκα

2023 384 2139 439 quae
2158 368 2210 423 in
2241 368 2508 438 negando,
2533 368 2716 424 carnis
2742 382 2903 424 unam
2920 377 3168 426 naturam
3222 387 3363 432 esse.
3412 376 3601 447 impu-

341 470 480 540 μετά
507 468 606 539 τὴν
639 467 957 527 ἀνάστασιν,
992 463 1129 518 ἀλλὰ
1171 460 1307 534 μετά
1335 464 1433 532 τῆς
1464 463 1666 532 σαρκὸς
1693 463 1753 516 ἐν
1775 459 1926 534 δεξιᾷ

337 558 629 622 καθέζεται
658 556 756 610 τοῦ
791 555 1006 626 Πατρός
1025 569 1040 586 ·
1074 554 1169 608 καὶ
1197 554 1261 607 ἐκ
1287 552 1382 606 τοῦ
1410 552 1805 624 ἀντικειμένου,
1849 552 1926 618 ὡς

339 649 618 704 ἐλεύσεται
667 647 794 720 [475
823 646 917 718 Η.]
950 647 1049 717 μὲν
1083 648 1264 715 κρῖναι
1303 646 1513 711 ζῶντας
1542 645 1638 699 καὶ
1670 645 1921 717 νεκροὺς,

336 741 518 793 οὐκέτι
547 739 604 792 δὲ
639 739 820 810 σάρκα
851 737 1010 809 ἔχων,
1043 736 1182 791 ἀλλά
1213 736 1605 809 θεοειδέστερον
1639 736 1821 807 σῶμα.
1853 766 1926 777 -

339 831 536 884 Ὄτιού
565 831 701 900 μετὰ
723 830 944 900 σαρκὸς,
974 829 1109 884 ἀλλὰ
1134 831 1314 901 γυμνῇ
1335 831 1402 899 τῇ
1430 827 1642 898 θεότητι
1661 832 1803 882 κατά
1824 829 1924 902 τὴν

337 923 598 994 δευτέραν
627 921 933 992 παρουσίαν
962 922 990 973 6
1017 921 1296 990 Δεσπότης
1325 920 1706 992 παραγίνεται.
1751 921 1925 976 Τοῦτο

337 1010 395 1064 δὲ
420 1010 650 1080 θέμενος
678 1011 707 1062 6
728 1008 967 1080 Γόϐαρος
995 1009 1074 1072 είς
1105 1009 1422 1077 κεφάλαιον,
1443 1011 1537 1063 καὶ
1566 1010 1788 1080 χρήσεις
1817 1029 1924 1063 πα-

340 1100 600 1173 ραγαγὼν
647 1101 808 1155 Τίτου
859 1099 1162 1153 ἐπισκόπου
1214 1099 1497 1169 Βόστρων,
1536 1099 1736 1170 μυρίας
1782 1099 1921 1171 έχων

342 1195 534 1262 ἐτέρας
563 1193 891 1260 συναγαγεῖν
915 1192 972 1244 αἱ
995 1190 1466 1254 κατασκευάζουσι
1490 1190 1553 1243 τὸ
1576 1192 1651 1262 μὴ
1671 1192 1712 1222 ¹⁷
1736 1195 1918 1263 γυμνῇ

341 1289 407 1356 τῇ
440 1285 654 1356 θεότητι
679 1282 1080 1355 παραγενέσθαι
1108 1282 1200 1336 τὸν
1221 1283 1497 1353 Δεσπότην
1525 1284 1777 1355 Χριστὸν,
1812 1285 1923 1338 πά-

346 1394 443 1440 σας
486 1376 702 1446 παρῆκε
735 1376 828 1428 καὶ
857 1375 1114 1444 οὐδεμιᾶς
1161 1373 1431 1444 ἐμνήσθη,
1466 1375 1743 1445 πανταχοῦ
1787 1393 1922 1446 προ-

345 1468 602 1536 πηδῶσαν
625 1466 791 1520 αὑτοῦ
822 1466 918 1535 τῆς
950 1465 1128 1536 ψυχῆς
1165 1464 1472 1528 ἐπιδεικνὺς
1511 1467 1610 1536 τὴν
1642 1466 1920 1532 ἀσέϐειαν,

341 1561 467 1629 ἥτις
499 1560 556 1610 ὲν
585 1561 652 1630 τῇ
680 1558 986 1627 ἀπαρνήσει
1012 1557 1112 1625 τῆς
1135 1556 1342 1627 σαρκὸς
1372 1557 1502 1626 μίαν
1525 1556 1686 1624 φύσιν
1716 1557 1920 1627 δογμα-

339 1653 509 1715 τίζειν
529 1647 1095 1704 ἀναιδεύεται.-“Οτι
1113 1648 1175 1701 τὸ
1203 1647 1413 1711 ἀπαθὲς
1439 1649 1536 1702 καὶ
1563 1648 1805 1722 ἄτρωτον
1826 1649 1922 1704 καὶ

2043 461 2180 514 deus
2203 469 2308 527 est,
2341 460 2650 515 ostendens.
2687 489 2757 501 —
2779 459 2989 530 Corpus
3023 462 3376 533 impassibile,
3426 467 3605 523 invul-

2040 551 2303 606 nerabile.
2335 561 2390 606 et
2421 550 2748 619 immortale,
2802 551 3029 608 alterius
3072 565 3154 609 est
3181 555 3501 614 substantiae
3552 569 3608 615 et

2029 643 2392 713 generationis
2417 657 2578 713 quam
2617 658 2812 713 corpus
2837 652 3082 700 nostrum
3113 661 3129 699 :
3161 655 3216 701 et
3243 648 3490 702 mortalia
3550 649 3604 704 in

2031 736 2494 805 incorruptionem
2561 743 2618 789 et
2700 734 3160 792 immortalitatem
3244 739 3604 804 lranseuntia,

2030 827 2384 881 mutationem
2417 825 2737 880 substantiae
2761 827 3068 882 admittunt.
3092 829 3440 886 -—-‘Delinitio
3472 847 3606 886 una-

2027 933 2258 989 quaeque
2314 918 2550 989 perfecta
2591 933 2842 985 manens,
2906 920 3250 976 deﬁnitorum
3320 934 3608 980 conservat

2030 1021 2319 1067 naturam:
2369 1013 2411 1067 si
2452 1013 2575 1082 quis
2614 1027 2744 1068 vero
2773 1012 2840 1067 ab
2876 1012 2968 1068 illo
3033 1013 3236 1084 aliquid
3299 1016 3603 1084 sustulerit,

2027 1105 2144 1160 eive
2168 1105 2454 1170 addiderit,
2478 1105 2756 1160 delinitum
2776 1105 3108 1161 dissolvitur.
3137 1107 3260 1162 Haec
3290 1108 3396 1162 duo
3445 1110 3608 1178 igitur

2027 1196 2225 1264 capita.
2265 1196 2722 1265 quemadmodum
2746 1206 2800 1251 et
2825 1212 2990 1266 parva
3023 1198 3114 1251 illa
3149 1199 3303 1267 prius
3340 1199 3507 1265 dicta,
3536 1215 3606 1256 ex

2026 1302 2128 1341 una
2165 1296 2318 1355 parte
2345 1297 2580 1351 tantum,
2630 1297 2686 1341 et
2716 1303 2820 1342 non
2850 1305 2915 1342 ex
2958 1297 3185 1354 utraque
3233 1294 3605 1359 oppositorum

2025 1379 2350 1433 testimoniis
2410 1379 2751 1434 muniuntur.
2823 1379 2968 1434 Deus
3037 1379 3268 1435 Verbum
3328 1390 3468 1436 lotus
3523 1393 3606 1438 est

2024 1473 2078 1526 in
2105 1473 2344 1536 omni,et
2384 1487 2547 1539 super
2577 1486 2760 1535 omne,
2782 1484 2834 1526 et
2883 1480 3028 1526 totus
3088 1483 3171 1527 est
3213 1488 3442 1543 corpore
3462 1475 3607 1544 quod

2023 1563 2123 1616 sibi
2163 1564 2500 1634 ltypostatice
2569 1563 2839 1628 aduttivit,
2862 1573 2916 1617 et
2945 1565 3267 1633 simpliciter
3308 1566 3607 1622 divinitatis

2026 1652 2334 1707 substantia
2382 1663 2491 1707 tum
2531 1664 2746 1718 natura,
2775 1669 2898 1708 eum
2941 1655 3140 1709 virtute
3186 1665 3240 1708 et
3267 1657 3606 1724 operatione,

339 1741 604 1793 ἀθάνατον
634 1739 794 1808 σῶμα
821 1737 1160 1808 ἐτεροούσιόν
1183 1739 1228 1770 ¹⁶
1253 1739 1368 1792 ἐστι
1394 1740 1486 1793 καὶ
1512 1739 1819 1809 ἐτερογενὲς
1841 1739 1917 1810 τῷ

2023 1745 2202 1798 omnia
2221 1744 2476 1813 complet,
2499 1737 2669 1813 et'per
2699 1745 2913 1814 singula
2931 1753 3110 1799 creata
3154 1746 3608 1802 communicando

338 1833 593 1903 ἡμετέρῳ
625 1829 836 1901 σώματι
862 1845 877 1861 °
915 1831 1008 1884 καὶ
1052 1832 1135 1884 ὅτι
1184 1829 1254 1884 τὰ
1303 1831 1518 1901 φθαρτά
1542 1832 1582 1864 ¹⁹
1618 1832 1713 1885 καὶ
1756 1832 1925 1900 θνητά

339 1927 418 1986 είς
442 1923 754 1994 ἀφθαρσίαν
781 1922 876 1976 καὶ
907 1922 1206 1976 ἀθανασίαν
1240 1922 1641 1992 μετασάλλοντα
1663 1922 1761 1993 τὴν
1792 1926 1925 1976 κατ’

2029 1850 2088 1889 se
2121 1836 2186 1890 ad
2221 1836 2532 1890 universum
2564 1836 2778 1890 transit.
2811 1835 2880 1889 Et
2913 1851 3020 1890 non
3065 1837 3160 1889 ita.
3189 1836 3333 1891 Deus
3357 1853 3454 1891 sua
3481 1839 3608 1892 sub-

2028 1927 2228 1980 stantia
2258 1935 2341 1980 est
2361 1937 2514 1981 extra
2553 1927 2890 1993 universum,
2923 1927 2977 1984 iu
3029 1930 3284 1982 omnibus
3338 1944 3468 1983 vero
3495 1929 3609 1985 suis

337 2019 528 2071 οὐσίαν
559 2016 768 2087 τροπὴν
791 2013 1324 2084 ἐπιδέχεται.-⁶Ὀτι
1350 2012 1580 2076 ἕκαστος
1599 2015 1722 2084 ὅρος
1749 2015 1917 2084 μένων

2026 2029 2109 2072 εει
2142 2017 2452 2073 virtutibus.
2479 2020 2706 2073 -—Ante
2760 2022 2945 2076 mutuli
2977 2023 3302 2076 creationem
3346 2021 3486 2077 Deus
3511 2039 3608 2076 an—

337 2107 560 2174 ἐντελὴς
603 2107 703 2175 τὴν
745 2104 855 2158 τῶν
903 2102 1138 2175 ὁριστῶν
1167 2101 1422 2167 διασώζει
1452 2101 1612 2171 φύσιν
1633 2119 1648 2134 ο
1677 2105 1726 2156 εί
1755 2102 1812 2155 δέ
1837 2119 1925 2166 τις

335 2197 526 2250 τούτου
555 2198 743 2265 ἀφέλοι
771 2213 826 2247 τι
858 2195 891 2266 ἢ
923 2195 1247 2264 προσθήσει,
1278 2193 1339 2246 τὸ
1365 2195 1577 2265 ὁριστὸν
1615 2193 1909 2248 διαλύεται.

337 2291 524 2344 Ταῦτα
546 2291 726 2344 τοίνυν
746 2290 814 2343 τὰ
835 2289 930 2343 δύο
950 2289 1242 2359 κεφάλαια,
1261 2289 1448 2361 ὥσπερ
1471 2290 1566 2343 καὶ
1584 2289 1652 2342 τὰ
1677 2289 1856 2361 μικρῷ
1870 2290 1915 2321 ³ο

336 2382 575 2452 πρόσθεν
602 2383 888 2453 εἰρημένα,
919 2381 1236 2452 μονομερῶς
1262 2383 1357 2435 καὶ
1405 2382 1507 2435 οὐκ
1557 2380 1618 2446 ἐξ
1656 2382 1920 2453 ἐκατέρου

335 2477 445 2530 τῶν
474 2475 868 2545 ἀντικειμένων
893 2473 994 2536 τὰς
1022 2474 1246 2542 χρήσεις
1285 2471 1755 2537 ἐδέξαντο.--”Οτι
1776 2476 1804 2528 ὁ
1825 2473 1920 2527 τοῦ

336 2567 474 2620 Θεοῦ
500 2568 673 2635 Λόγος
705 2566 824 2629 ὅλος
855 2564 1004 2618 ἐστὶν
1035 2565 1092 2616 ἐν
1117 2563 1196 2633 τῷ
1229 2563 1396 2618 παντὶ
1427 2565 1521 2618 καὶ
1543 2564 1684 2634 ὑπὲρ
1705 2564 1766 2618 τὸ
1787 2567 1919 2631 πᾶν,

2027 2109 2173 2175 gelos
2205 2110 2429 2163 creavit.
2455 2108 2518 2162 Et
2539 2125 2642 2162 non
2662 2111 2872 2173 sic,sed
2895 2112 3070 2178 primo
3094 2113 3180 2165 die
3206 2127 3314 2181 quo
3341 2112 3599 2166 mundum

2018 2196 2242 2251 fecit.—
2265 2197 2460 2268 289b
2486 2198 2671 2267 Angeli
2695 2209 2750 2252 et
2777 2200 3047 2256 daemones
3073 2203 3388 2272 corporibus
3415 2203 3609 2255 uniun-

2028 2294 2142 2350 tur,
2174 2298 2230 2342 et
2260 2299 2472 2354 contra,
2499 2293 2673 2343 neutri
2694 2289 2886 2344 horum
2911 2293 3228 2361 corporibus
3255 2295 3606 2346 uniuntur.—

2027 2380 2218 2450 Angeli
2232 2387 2286 2435 et
2303 2381 2592 2435 rationales
2613 2383 2828 2448 animae,
2853 2392 2908 2437 et
2926 2398 3114 2440 omnes
3127 2395 3388 2438 creaturae
3409 2385 3609 2440 intelli-

2028 2472 2240 2542 gibiles,
2263 2481 2454 2526 natura
2479 2472 2618 2542 ipsa,
2637 2481 2694 2527 et
2715 2475 3007 2529 secundum
3024 2485 3273 2530 naturam
3293 2476 3611 2545 incorrupti-

2027 2563 2161 2617 biles
2189 2573 2244 2617 et
2273 2563 2762 2619 immortalessunt.
2789 2564 2854 2620 Et
2877 2582 2908 2620 e
2934 2569 3228 2630 contrario,
3253 2581 3356 2620 non
3386 2575 3606 2634 natura,

336 2659 432 2710 καὶ
455 2658 574 2721 ὅλος
600 2659 748 2711 ἐστὶν
766 2658 810 2690 ³¹
847 2660 904 2711 ἐν
971 2656 1049 2728 τῷ
1101 2655 1313 2725 σώματι
1365 2654 1394 2707 ὃ
1453 2655 1576 2709 καθ’
1630 2657 1917 2712 ὑπόστασικ.

2036 2657 2127 2710 sed
2147 2657 2320 2726 gratia
2339 2665 2465 2711 sunt
2496 2657 2856 2724 immortales;
2887 2669 3076 2712 natura
3107 2673 3236 2713 vero
3262 2658 3406 2713 solus
3443 2658 3606 2713 Deus.

333 2753 545 2822 ἥνωσεν
578 2751 757 2822 ἐαυτῷ
778 2763 794 2780 ⁶
843 2751 937 2804 καὶ
979 2750 1164 2812 ἁπλῶς
1208 2749 1244 2819 ἡ
1275 2749 1375 2817 τῆς
1402 2746 1654 2820 θεότητος
1695 2749 1851 2803 οὐσία
1885 2750 1978 2803 καὶ
2014 2749 2174 2817 φύσει
2201 2750 2296 2802 καὶ
2325 2751 2391 2820 τῇ
2419 2749 2647 2818 δυνάμει
2673 2750 2768 2802 καὶ
2788 2752 2854 2820 τῇ
2891 2749 3142 2820 ἐνεργείᾳ
3170 2750 3350 2804 πάντα
3387 2750 3605 2822 πληροῖ.

334 2845 430 2898 καὶ
447 2842 516 2898 δι’
537 2844 769 2897 ἑκάστου
797 2843 904 2897 τῶν
933 2843 1102 2896 ὄντων
1128 2843 1286 2896 δίεισι
1312 2845 1380 2914 τῇ
1409 2842 1546 2912 πρὸς
1565 2843 1626 2896 τὸ
1646 2844 1754 2896 πᾶν
1777 2842 2098 2913 ἀνακράσει.
2131 2841 2244 2895 Καὶ
2271 2841 2354 2894 ὅτι
2382 2841 2480 2910 οὐχ
2508 2839 2678 2903 οὕτως
2701 2880 2716 2901 .
2747 2840 2862 2895 ἀλλ’
2927 2840 2956 2892 ὁ
3021 2841 3152 2905 Θεὸς
3212 2843 3369 2907 ἐκτός
3429 2846 3608 2897 ἐστιη

335 2935 430 2989 τοῦ
462 2936 664 3000 παντὸς
687 2935 809 2990 κατ’
841 2935 1050 2999 οὐσίαν,
1083 2937 1141 2989 ἐν
1171 2937 1305 2989 πᾶσι
1336 2936 1395 2990 δέ
1424 2939 1540 2990 ἐστι
1567 2937 1688 3000 ταῖς
1724 2934 1916 2988 ἑαυτοῦ
1955 2934 2267 3004 δυνάμεσιν.
2290 2932 2486 2985 -Ὅτι
2518 2931 2626 3003 πρὸ
2653 2932 2754 3001 τῆς
2793 2932 2886 2985 τοῦ
2918 2932 3122 3002 κόσμου
3183 2932 3450 3002 γενέσεως
3515 2935 3611 2988 καὶ⁴

337 3032 603 3102 ἀγγέλους
629 3037 658 3088 6
691 3031 824 3096 Θεὸς
854 3031 1034 3084 ἔκτισε
1061 3049 1074 3064 ο
1126 3033 1221 3086 καὶ
1250 3034 1331 3087 ὅτι
1360 3033 1457 3104 οὐχ
1486 3032 1686 3097 οὕτως,
1721 3033 1835 3087 ἀλλ’
1859 3034 1918 3085 ἐν
1952 3034 2020 3102 τῇ
2053 3029 2242 3102 πρώτῃ
2270 3031 2368 3100 τῆς
2389 3030 2778 3100 κοσμογενείας
2805 3029 3208 3100 ἡμέρῳ-Ὅτι
3269 3030 3320 3083 οί
3386 3029 3608 3099 ἄγγελοι

337 3130 432 3181 καὶ
453 3127 500 3179 ol
525 3125 776 3195 δαίμονες
810 3123 1058 3194 σώμασιν
1084 3123 1321 3195 ήνωνται
1341 3166 1356 3190 ,
1389 3128 1482 3180 καὶ
1513 3127 1594 3179 ὅτι
1636 3125 1906 3196 οὐδέτεροι
1944 3124 2122 3178 αὐτῶν
2153 3123 2366 3194 σώμασι
2396 3121 2854 3191 ήνωνται.-’Ότι
2877 3123 2926 3174 οί
2960 3122 3179 3190 ἄγγελοι
3209 3124 3304 3176 καὶ
3373 3123 3430 3176 αἱ
3521 3123 3610 3176 λο-

336 3219 492 3288 γικαὶ
515 3219 687 3289 ψυχαὶ
711 3219 804 3271 καὶ
837 3218 1016 3273 πάντα
1044 3220 1112 3272 τὰ
1141 3221 1305 3290 νοερά
1333 3221 1610 3291 κτίσματα
1633 3221 1791 3289 φύσει
1821 3222 1915 3273 καὶ
1951 3219 2093 3273 κατά
2120 3220 2282 3289 φύσιν
2312 3218 2448 3271 είσὶν
2479 3213 2761 3285 ἄφθαρταο
2789 3217 2884 3270 καὶ
2917 3217 2980 3270 ἐκ
3046 3215 3142 3270 τοῦ
3210 3216 3609 3287 ἀντικειμένου,

336 3312 418 3365 ὅτι
463 3311 525 3364 ού
570 3311 750 3378 φύσει,
778 3310 913 3364 ἀλλά
960 3312 1144 3383 χάριτί
1191 3315 1328 3368 εἰσιν
1374 3315 1652 3377 ἀθάνατοι,
1683 3314 1842 3384 φύσει
1867 3313 1923 3367 δὲ
1964 3315 2122 3384 μόνος
2159 3316 2187 3367 6
2224 3311 2377 3375 Θεός.

408 3399 534 3472 [897
568 3400 809 3472 R.]"01t
843 3403 892 3454 oi
929 3401 1149 3470 ἄγγελοι
1201 3403 1557 3469 κατελθόντες
1586 3405 1651 3458 ἐκ
1679 3404 1789 3460 τῶν
1830 3405 1917 3458 οὑ-

2091 3402 2280 3471 Angeli
2310 3401 2698 3457 descendentes
2731 3401 2910 3456 ecoelo
2937 3400 2988 3454 in
3023 3409 3244 3466 terram,
3270 3413 3488 3454 carnem
3513 3399 3612 3452 ha-

341 3493 519 3566 ρανῶν
562 3494 643 3556 είς
697 3493 797 3562 τὴν
851 3492 954 3563 γῆν
1011 3495 1190 3565 σάρκα
1207 3495 1253 3528 ’⁸
1277 3513 1336 3548 τε
1365 3495 1522 3565 ἔσχον
1574 3497 1669 3548 καὶ
1733 3497 1916 3550 παιδο-

339 3584 468 3638 ποιά
505 3583 670 3654 μόρια
705 3623 723 3648 ,
776 3582 874 3636 καὶ
925 3587 1045 3647 ταῖς
1081 3585 1332 3653 γυναιξὶν
1380 3585 1740 3657 ὁμιλήσαντες
1789 3587 1915 3649 τοὺς

339 3675 603 3744 γίγαντας
655 3676 973 3746 ἐγέννησαν,
1004 3677 1100 3728 καὶ
1141 3676 1386 3742 ἐδίδαξαν
1419 3678 1613 3741 αὐτοὺς
1639 3678 1832 3748 τέχνας
1853 3695 1915 3731 τε

338 3768 430 3821 καὶ
479 3767 835 3836 κακοτεχνίας
869 3781 886 3797 ·
922 3768 970 3820 οί
1003 3767 1060 3821 δὲ
1093 3767 1348 3835 γίγαντες
1411 3768 1626 3836 ἀλόγοις
1666 3768 1916 3838 μιγέντες

339 3857 635 3928 ἐγέννησαν
681 3857 1006 3929 τερατώδεις
1047 3859 1366 3931 ἀνθρώπους
1408 3861 1502 3914 καὶ
1536 3861 1786 3931 δαιμόνια
1815 3862 1916 3934 ἄῤ-

339 3950 468 4021 ρενά
496 3966 556 4003 τε
577 3952 670 4003 καὶ
728 3949 924 4019 θήλεα·
954 3949 1272 4014 κολάζονται
1309 3951 1366 4004 δὲ
1396 3953 1445 4004 οί
1475 3951 1697 4020 ἄγγελοι
1719 3955 1914 4005 ἐκεῖνοι

338 4041 465 4094 ἔνθα
515 4042 612 4110 τῆς
649 4040 754 4110 γῆς
787 4039 898 4113 πῦρ
929 4043 1236 4096 ἀναδίδοται
1268 4044 1362 4096 καὶ
1394 4044 1573 4114 θερμά
1592 4043 1791 4098 ὕδατα’
1821 4047 1914 4098 καὶ

338 4133 510 4188 ὃτιαὶ
567 4133 736 4203 ψυχαὶ
789 4134 898 4187 τῶν
941 4135 1278 4205 ἁμαρτωλῶν
1335 4135 1588 4204 δαιμόνια
1645 4137 1911 4204 γίνονται.

337 4227 448 4278 Καὶ
476 4227 810 4291 τούναντίον,
834 4227 918 4279 ὁτι
941 4226 1172 4296 άσαρκοι
1191 4228 1342 4291 ὄντες
1368 4231 1415 4281 οἱ
1438 4231 1914 4302 ἀποστατήσαντες

337 4315 558 4384 ἄγγελοι
606 4319 667 4370 οὐ
699 4319 767 4371 δι’
797 4320 1028 4386 έαυτῶν,
1074 4320 1210 4374 ἀλλά
1248 4321 1335 4374 διὰ
1399 4323 1581 4390 μέσων
1611 4324 1913 4395 ἀνθρώπων

338 4407 610 4478 ἐμίγησαν
661 4410 785 4471 ταῖς
833 4411 1072 4478 γυναιξὶ,
1139 4411 1341 4480 μᾶλλον
1365 4412 1422 4466 δὲ
1451 4413 1575 4466 οὔτε
1606 4415 1672 4467 δι’
1706 4417 1914 4470 ἑαυτῶν

337 4496 459 4550 οὔτε
483 4499 572 4551 διὰ
603 4499 784 4568 μέσων
833 4501 1138 4572 ἀνθρώπων
1160 4517 1173 4531 ⁶
1199 4504 1295 4556 καὶ
1347 4504 1428 4556 ὅτι
1451 4505 1512 4556 οὐ
1547 4505 1911 4574 μεταϐάλλου-

343 4589 487 4642 σινἰ
543 4591 599 4643 αἱ
648 4591 757 4644 τῶν
797 4593 1101 4662 ἀνθρώπων
1154 4593 1324 4665 ψυχαὶ
1392 4600 1470 4659 είς
1529 4598 1802 4668 δαιμόνια.
1845 4629 1915 4641 --

341 4675 590 4750 [47411.]
638 4680 764 4732 ’Ὁτι
832 4684 861 4734 6
897 4683 1123 4752 οὐρανὸς
1181 4685 1471 4754 σφαιρικός
1529 4688 1642 4738 ἐστι
1678 4689 1772 4740 καὶ
1819 4688 1914 4740 κύ⁹

2015 3495 2268 3561 bueruut,
2318 3503 2374 3548 et
2419 3493 2695 3562 genitalia,
2721 3504 2776 3547 et
2812 3507 2930 3547 cum
2965 3491 3280 3546 mulieribus
3330 3491 3605 3546 commisti

2017 3586 2260 3656 gigantes
2291 3594 2649 3652 procrearunt
2686 3600 2700 3636 :
2744 3593 2799 3637 et
2846 3585 3145 3636 docuerunt
3185 3581 3307 3637 illos
3365 3590 3511 3637 artes
3551 3594 3608 3636 et

2017 3677 2185 3731 malas
2221 3688 2384 3730 artes.
2419 3675 2678 3744 Gigantes
2716 3688 2846 3729 vero
2889 3688 3008 3726 cum
3044 3673 3219 3729 brutis
3253 3674 3608 3744 congredien-

2019 3770 2119 3833 tes,
2152 3769 2396 3823 homines
2442 3767 2775 3836 prodigiosos
2813 3780 3075 3835 genuere,
3105 3774 3154 3821 et
3195 3765 3467 3820 daemones
3497 3776 3606 3819 tam

2015 3858 2155 3912 virili
2205 3874 2366 3925 quam
2418 3857 2665 3912 muliebri
2706 3858 2904 3926 specie.
2939 3856 3016 3910 Illi
3077 3856 3249 3925 angeli
3292 3857 3605 3937 puniuntur,

2017 3947 2106 4000 ubi
2144 3956 2409 4002 terrarum
2438 3947 2577 4016 ignis
2601 3948 2778 4001 editur
2811 3958 2974 4016 atque
3019 3947 3276 4015 erumpit,
3319 3956 3372 4000 et
3432 3949 3602 4001 calida

2019 4056 2178 4110 aqua.
2211 4039 2419 4093 Animae
2447 4047 2790 4106 peccatorum
2845 4037 3110 4092 daemonia
3137 4047 3281 4092 sunt.
3319 4036 3387 4091 Et
3415 4049 3603 4092 contra

2015 4147 2204 4187 onmes
2229 4131 2400 4200 angeli
2428 4130 2677 4198 rebelles,
2698 4145 2819 4184 cum
2839 4130 2954 4182 sine
2971 4143 3131 4183 carne
3157 4129 3354 4183 fuerint
3377 4145 3482 4184 non
3509 4146 3605 4198 per

2015 4243 2092 4292 se,
2125 4228 2217 4282 sed
2251 4228 2331 4281 usi
2351 4226 2670 4280 hominibus
2703 4226 2848 4278 velut
2895 4224 3282 4284 instrumentis,
3329 4225 3604 4292 congressi

2015 4329 2140 4374 sunt
2192 4335 2314 4374 cum
2366 4318 2601 4383 feminis;
2636 4326 2689 4371 at
2726 4319 2900 4387 potius
2938 4333 3111 4387 neque
3155 4315 3251 4387 per
3287 4331 3364 4379 se,
3424 4333 3598 4384 neque

2016 4411 2325 4466 hominibus
2384 4412 2466 4466 usi
2507 4411 2650 4464 velut
2695 4410 2904 4474 mediis,
2962 4420 3017 4462 et
3043 4424 3147 4462 non
3193 4419 3470 4462 mutantur
3500 4409 3602 4462 h0-

2015 4505 2220 4558 minum
2242 4505 2434 4557 animae
2473 4503 2524 4555 in
2551 4503 2832 4555 daemonia.
2852 4531 2925 4542 -—
2947 4500 3154 4556 Cadunt
3179 4500 3466 4556 rotundunt
3495 4510 3600 4562 est,

2017 4611 2189 4664 neque
2219 4596 2272 4648 in
2298 4595 2485 4648 orbem
2518 4594 2766 4647 vertitur.
2793 4593 2858 4646 Et
2907 4608 3014 4648 non
3062 4602 3146 4647 est
3190 4593 3499 4658 rotundmu,
3543 4604 3600 4646 ct

2018 4691 2069 4742 iu
2128 4689 2312 4742 orbem
2364 4686 2613 4740 vertitur.
2645 4715 2718 4725 —
2743 4685 2856 4739 Hoc
2907 4684 3048 4753 quod
3079 4684 3280 4738 dictum
3313 4702 3326 4738 :
3366 4683 3597 4763 Spiritus

342 4771 452 4839 κλῳ
475 4772 522 4803 ’⁵
579 4773 804 4824 κινεῖτσι
855 4787 870 4802 ·
909 4774 1004 4826 καὶ
1047 4775 1130 4827 ὅτι
1183 4775 1307 4828 οὕτε
1327 4776 1373 4807 ³⁸
1430 4778 1716 4848 σφαιρικός
1764 4781 1910 4833 ἐστιν

2023 4778 2227 4832 Domini
2269 4777 2535 4846 ferebatur
2572 4792 2729 4845 super
2752 4776 2970 4845 aquari,
2996 4775 3082 4829 hic
3109 4773 3344 4843 Spiritus
3376 4784 3596 4829 sanctus

337 4857 457 4911 οὒτε
483 4861 526 4891 ⁸⁷
590 4859 775 4930 κύκλῳ
816 4865 1067 4916 κινεῖται.
1139 4895 1210 4905 -
1275 4865 1402 4919 *Οτι
1479 4867 1541 4920 τὸ
1600 4869 1910 4938 εἰρημένον,

340 4948 583 5018 Πνεῦμα
629 4951 778 5005 Θεοῦ
827 4953 1148 5022 ἐπεφέρετο
1178 4955 1378 5009 ἐπάνω
1418 4957 1528 5011 τοῦ
1569 4958 1809 5026 ὕδατος,
1849 4961 1912 5013 τὸ

285 5026 292 5033 ’
337 5039 563 5109 Πνεῦμα
608 5040 670 5093 τὸ
724 5043 878 5110 ἆγιον
921 5041 1026 5115 ἦν·
1090 5047 1185 5099 καὶ
1258 5048 1340 5102 ὅτι
1389 5049 1452 5100 οὐ
1482 5049 1543 5102 τὸ
1577 5050 1802 5120 Πνεῦμα
1846 5052 1906 5104 τὸ

337 5127 491 5194 ἆγιον
511 5125 600 5199 ἦν,
626 5129 762 5183 ἀλλά
793 5131 852 5184 τὸ
877 5131 935 5186 ἓν
958 5133 1064 5187 τῶν
1081 5137 1364 5206 τεσσάρων
1387 5139 1684 5209 στοιχείων.
1701 5166 1768 5178 —-
1790 5141 1912 5192 Ὀτι

334 5220 368 5288 ὴ
389 5219 626 5290 κυριακὴ
655 5221 837 5292 ήμέρα
863 5225 896 5294 ἡ
919 5225 1056 5296 αὐτή
1089 5228 1238 5280 ἐστιν
1265 5229 1359 5299 τίχ’⁸
1381 5229 1540 5302 ὀγδόη
1573 5233 1667 5284 καὶ
1697 5231 1910 5302 πρώτη*

345 5371 354 5379 .
449 5332 464 5369 ί
499 5333 635 5388 Geu.
666 5351 704 5400 ι,
729 5335 787 5401 ‘2,

2024 4868 2143 4932 fuit;
2177 4875 2229 4922 et
2251 4875 2437 4922 contra
2458 4864 2697 4936 Spiritus
2727 4873 2949 4919 sanctus
2975 4878 3080 4919 nou
3103 4863 3223 4927 fuit,
3256 4867 3350 4918 sed
3374 4879 3540 4917 unum
3569 4880 3602 4917 ο

2020 4969 2252 5029 quatuor
2272 4958 2570 5012 elementis.
2593 4985 2660 4996 —
2690 4957 2812 5011 Dies
2851 4955 3162 5011 Dominicus
3207 4956 3347 5009 idem
3402 4966 3509 5019 est,
3546 4968 3604 5010 et

2013 5061 2236 5105 octavus
2260 5059 2314 5102 et
2340 5049 2543 5119 primus
2569 5064 2585 5112 ;
2613 5057 2666 5103 et
2718 5063 2820 5101 non
2871 5048 2969 5102 sic.
2993 5073 3066 5086 —
3086 5048 3292 5100 Animae
3323 5049 3598 5101 hominum

2022 5151 2145 5197 sunt
2176 5155 2402 5209 corpora
2429 5139 2818 5208 intelligibilia,
2847 5139 3106 5194 eteadem
3137 5138 3304 5207 ﬁgura
3332 5149 3599 5206 ευηι,(μι;ι

2020 5235 2192 5288 forma
2208 5233 2445 5288 exterior
2474 5233 2736 5300 corporis;
2750 5241 2804 5287 et
2828 5247 2859 5287 c
2877 5232 3170 5298 contrario,
3189 5232 3500 5301 incorporea
3517 5244 3600 5286 est

1627 5424 1859 5480 VARIAB
1893 5427 2188 5485 LECTION
2196 5431 2296 5486 ES.

404 5517 552 5602 "pi;
585 5517 707 5602 add.
735 5518 830 5602 A.n
880 5518 922 5548 ¹⁸
954 5517 1261 5602 ἕτερούσιον
1289 5534 1349 5602 ςὶ
1428 5517 1469 5549 ¹⁹
1499 5516 1713 5602 φθαρτά
1759 5522 1856 5573 καὶ
1884 5522 2004 5575 add.
2171 5524 2217 5602 _’°
2254 5524 2516 5602 μικρὸες.
2578 5527 2634 5602 1‘
2668 5529 2814 5602 ἐστὶν
2846 5527 2954 5602 ὁὲν
2984 5544 3053 5602 ς-
3099 5526 3320 5602 ²²Ᾱέστὶν
3346 5523 3502 5602 ἐκτὸς
3520 5541 3589 5602 ς.

341 5590 384 5619 ’³
419 5587 624 5654 σάρκας
648 5587 712 5638 Α.

342 5676 402 5721 ς.
476 5658 522 5690 ²⁶
542 5658 622 5711 ὃτι
643 5654 768 5708 οὕτε
797 5656 843 5708 Α
872 5674 884 5709 :
911 5657 989 5708 ὅτι
1015 5656 1078 5708 οὐ
1114 5673 1172 5718 ς.

676 5750 947 5812 Parnm.
980 5749 1095 5809 Gn.
1131 5747 1291 5808 Cll].

789 5586 834 5664 ’ξ
871 5586 1295 5664 μεταϐάλλουσιν
1319 5590 1402 5664 A_:
1438 5586 1862 5664 ps1a60'tit_}to‘z1at
1890 5609 1957 5664 ς.
2003 5596 2073 5646 cf.
2101 5593 2206 5648 col.
2247 5586 2385 5651 “00
2417 5586 2538 5650 Biet
2571 5595 2633 5651 C.
2710 5599 2753 5630 ³⁵
2787 5597 2880 5650 καὶ
2932 5586 3115 5664 κύκλῳ
3139 5598 3184 5650 Α
3218 5615 3230 5651 :
3260 5594 3380 5649 οὔτε
3412 5586 3595 5664 κύκλῳ

1253 5615 1295 5638 ιν
1319 5615 1356 5638 ιι
1389 5625 1402 5638 ο
1438 5615 1862 5656 μιιφυαΛΛυνται
1897 5615 1957 5654 ς.
2003 5615 2073 5646 Cl.
2101 5615 2206 5648 CUI.
2247 5615 2385 5651 ‘IIUU
2417 5615 2458 5648 ι)
2485 5615 2538 5650 σι
2571 5615 2633 5651 υ.
2710 5615 2753 5630 ⁵⁸
2787 5615 2880 5650 και
2932 5615 3098 5668 κυκλιί

1253 5657 1295 5686 ³⁷
1327 5655 1448 5710 οὔτε
1479 5657 1523 5710 Α
1557 5676 1568 5710 :
1603 5657 1695 5709 καὶ
1727 5676 1788 5722 ς.
1863 5661 1908 5694 ³⁸
1943 5665 1976 5733 ὴ
2005 5664 2196 5718 OHLA.

3079 5757 3158 5817 35
