  <div class='ocr_page' id='page_1' title='image "/cluster/home/n/w/nwhite01/storage/ocr_20150623/103 pt.3/mdp.39015061933738/568.png"; bbox 0 0 3964 6246; ppageno 0'>
   <div class='ocr_carea' id='block_1_1' title="bbox 407 301 534 365">
    <p class='ocr_par' dir='ltr' id='par_1_1' title="bbox 407 301 534 365">
     <span class='ocr_line' id='line_1_1' title="bbox 407 301 534 365; baseline 0.016 -2"><span class='ocrx_word' id='word_1_1' title='bbox 407 301 534 365; x_wconf 84' lang='grc'><strong>1101</strong></span> 
     </span>
    </p>
   </div>
   <div class='ocr_carea' id='block_1_2' title="bbox 1455 294 2653 361">
    <p class='ocr_par' dir='ltr' id='par_1_2' title="bbox 1455 294 2653 361">
     <span class='ocr_line' id='line_1_2' title="bbox 1455 294 2653 361; baseline -0.005 -2"><span class='ocrx_word' id='word_1_2' title='bbox 1455 297 1979 361; x_wconf 77' lang='lat' dir='ltr'><strong>BIBLIOTHECA.</strong></span> <span class='ocrx_word' id='word_1_3' title='bbox 2023 322 2088 333; x_wconf 84' lang='grc'><strong><em>--</em></strong></span> <span class='ocrx_word' id='word_1_4' title='bbox 2115 295 2279 357; x_wconf 89' lang='lat' dir='ltr'><strong>COD.</strong></span> <span class='ocrx_word' id='word_1_5' title='bbox 2319 294 2653 357; x_wconf 84' lang='lat' dir='ltr'><strong>CCXXXII;</strong></span> 
     </span>
    </p>
   </div>
   <div class='ocr_carea' id='block_1_3' title="bbox 3503 300 3640 363">
    <p class='ocr_par' dir='ltr' id='par_1_3' title="bbox 3503 300 3640 363">
     <span class='ocr_line' id='line_1_3' title="bbox 3503 300 3640 363; baseline 0.022 -3"><span class='ocrx_word' id='word_1_6' title='bbox 3503 300 3640 363; x_wconf 78' lang='grc'><strong>1102</strong></span> 
     </span>
    </p>
   </div>
   <div class='ocr_carea' id='block_1_4' title="bbox 398 401 1965 483">
    <p class='ocr_par' dir='ltr' id='par_1_4' title="bbox 398 406 1959 483">
     <span class='ocr_line' id='line_1_4' title="bbox 398 406 1959 483; baseline -0.001 -20"><span class='ocrx_word' id='word_1_7' title='bbox 398 429 583 483; x_wconf 77' lang='grc' dir='ltr'>φησιν,</span> <span class='ocrx_word' id='word_1_8' title='bbox 633 409 727 463; x_wconf 75' lang='grc' dir='ltr'>δπε</span> <span class='ocrx_word' id='word_1_9' title='bbox 737 427 768 480; x_wconf 92' lang='grc' dir='ltr'>ρ</span> <span class='ocrx_word' id='word_1_10' title='bbox 798 409 913 463; x_wconf 69' lang='grc' dir='ltr'>ἐστὶ</span> <span class='ocrx_word' id='word_1_11' title='bbox 937 410 1033 478; x_wconf 83' lang='grc' dir='ltr'><strong>τῆς</strong></span> <span class='ocrx_word' id='word_1_12' title='bbox 1058 410 1185 479; x_wconf 83' lang='grc' dir='ltr'>ὅλης</span> <span class='ocrx_word' id='word_1_13' title='bbox 1209 406 1513 473; x_wconf 80' lang='grc' dir='ltr'>συντάξεως</span> <span class='ocrx_word' id='word_1_14' title='bbox 1538 408 1587 479; x_wconf 89' lang='grc' dir='ltr'>η’</span> <span class='ocrx_word' id='word_1_15' title='bbox 1614 410 1709 462; x_wconf 76' lang='grc' dir='ltr'>καὶ</span> <span class='ocrx_word' id='word_1_16' title='bbox 1730 409 1773 461; x_wconf 82' lang='grc' dir='ltr'>λ’</span> <span class='ocrx_word' id='word_1_17' title='bbox 1789 408 1959 477; x_wconf 84' lang='grc' dir='ltr'>κεφά-</span> 
     </span>
    </p>
   </div>
   <div class='ocr_carea' id='block_1_5' title="bbox 2070 401 3642 483">
    <p class='ocr_par' dir='ltr' id='par_1_5' title="bbox 2070 401 3642 475">
     <span class='ocr_line' id='line_1_5' title="bbox 2070 401 3642 475; baseline 0.001 -16"><span class='ocrx_word' id='word_1_18' title='bbox 2070 406 2211 475; x_wconf 89' lang='lat' dir='ltr'><strong>quod</strong></span> <span class='ocrx_word' id='word_1_19' title='bbox 2249 405 2411 459; x_wconf 94' lang='lat' dir='ltr'><strong>totius</strong></span> <span class='ocrx_word' id='word_1_20' title='bbox 2445 401 2689 473; x_wconf 88' lang='lat' dir='ltr'><strong>opusculi</strong></span> <span class='ocrx_word' id='word_1_21' title='bbox 2712 408 2974 471; x_wconf 88' lang='lat' dir='ltr'><strong>caputest</strong></span> <span class='ocrx_word' id='word_1_22' title='bbox 3003 402 3334 458; x_wconf 71' lang='lat' dir='ltr'><strong>tricesimum</strong></span> <span class='ocrx_word' id='word_1_23' title='bbox 3368 416 3642 463; x_wconf 73' lang='lat' dir='ltr'><strong>octavum.</strong></span> 
     </span>
    </p>
   </div>
   <div class='ocr_carea' id='block_1_6' title="bbox 393 498 1965 571">
    <p class='ocr_par' dir='ltr' id='par_1_6' title="bbox 393 498 1965 571">
     <span class='ocr_line' id='line_1_6' title="bbox 393 498 1965 571; baseline -0.001 -17"><span class='ocrx_word' id='word_1_24' title='bbox 393 501 624 565; x_wconf 83' lang='grc' dir='ltr'>λαιον³⁶,</span> <span class='ocrx_word' id='word_1_25' title='bbox 655 502 802 564; x_wconf 83' lang='grc' dir='ltr'>ὅπως</span> <span class='ocrx_word' id='word_1_26' title='bbox 856 499 1068 565; x_wconf 78' lang='grc' dir='ltr'>ἐδόξασε</span> <span class='ocrx_word' id='word_1_27' title='bbox 1093 502 1221 571; x_wconf 73' lang='grc' dir='ltr'>περὶ</span> <span class='ocrx_word' id='word_1_28' title='bbox 1282 502 1381 571; x_wconf 87' lang='grc' dir='ltr'>τῆς</span> <span class='ocrx_word' id='word_1_29' title='bbox 1410 500 1501 555; x_wconf 81' lang='grc' dir='ltr'>τοῦ</span> <span class='ocrx_word' id='word_1_30' title='bbox 1546 499 1753 570; x_wconf 92' lang='grc' dir='ltr'>Κυρίου</span> <span class='ocrx_word' id='word_1_31' title='bbox 1809 498 1965 569; x_wconf 80' lang='grc' dir='ltr'>ἡμῶν</span> 
     </span>
    </p>
   </div>
   <div class='ocr_carea' id='block_1_7' title="bbox 396 592 1964 663">
    <p class='ocr_par' dir='ltr' id='par_1_7' title="bbox 396 592 1964 663">
     <span class='ocr_line' id='line_1_7' title="bbox 396 592 1964 663; baseline -0.001 -17"><span class='ocrx_word' id='word_1_32' title='bbox 396 592 855 663; x_wconf 80' lang='grc' dir='ltr'>ἐνανθρωπήσεως</span> <span class='ocrx_word' id='word_1_33' title='bbox 885 593 913 643; x_wconf 87' lang='lat'><strong>6</strong></span> <span class='ocrx_word' id='word_1_34' title='bbox 944 594 1000 646; x_wconf 82' lang='grc' dir='ltr'><strong>ἐν</strong></span> <span class='ocrx_word' id='word_1_35' title='bbox 1022 594 1199 661; x_wconf 79' lang='grc' dir='ltr'><strong>ἁγίοις</strong></span> <span class='ocrx_word' id='word_1_36' title='bbox 1230 594 1546 657; x_wconf 83' lang='grc' dir='ltr'>Εὐστάθιος,</span> <span class='ocrx_word' id='word_1_37' title='bbox 1569 594 1598 645; x_wconf 90' lang='lat'><strong>6</strong></span> <span class='ocrx_word' id='word_1_38' title='bbox 1622 592 1724 662; x_wconf 85' lang='grc' dir='ltr'>τῆς</span> <span class='ocrx_word' id='word_1_39' title='bbox 1761 592 1964 646; x_wconf 80' lang='grc' dir='ltr'>Ἀντιο-</span> 
     </span>
    </p>
   </div>
   <div class='ocr_carea' id='block_1_8' title="bbox 395 683 1966 756">
    <p class='ocr_par' dir='ltr' id='par_1_8' title="bbox 395 683 1966 756">
     <span class='ocr_line' id='line_1_8' title="bbox 395 683 1966 756; baseline 0.001 -21"><span class='ocrx_word' id='word_1_40' title='bbox 395 684 549 753; x_wconf 87' lang='grc' dir='ltr'>χείας</span> <span class='ocrx_word' id='word_1_41' title='bbox 596 683 1005 754; x_wconf 81' lang='grc' dir='ltr'><strong>ἀρχιερωσύνης</strong></span> <span class='ocrx_word' id='word_1_42' title='bbox 1036 686 1425 756; x_wconf 88' lang='grc' dir='ltr'>προεδρεύσας,</span> <span class='ocrx_word' id='word_1_43' title='bbox 1457 686 1661 756; x_wconf 79' lang='grc' dir='ltr'>ἐφεξῆς</span> <span class='ocrx_word' id='word_1_44' title='bbox 1689 686 1746 739; x_wconf 84' lang='grc' dir='ltr'><strong>δέ</strong></span> <span class='ocrx_word' id='word_1_45' title='bbox 1768 686 1914 747; x_wconf 83' lang='grc' dir='ltr'>ὅπως</span> <span class='ocrx_word' id='word_1_46' title='bbox 1937 686 1966 737; x_wconf 98' lang='lat'><strong>6</strong></span> 
     </span>
    </p>
   </div>
   <div class='ocr_carea' id='block_1_9' title="bbox 394 774 1960 848">
    <p class='ocr_par' dir='ltr' id='par_1_9' title="bbox 394 774 1960 848">
     <span class='ocr_line' id='line_1_9' title="bbox 394 774 1960 848; baseline 0 -20"><span class='ocrx_word' id='word_1_47' title='bbox 394 774 694 842; x_wconf 80' lang='grc' dir='ltr'>ἀγιώτατος</span> <span class='ocrx_word' id='word_1_48' title='bbox 728 774 1015 846; x_wconf 83' lang='grc' dir='ltr'>Κύριλλος,</span> <span class='ocrx_word' id='word_1_49' title='bbox 1045 778 1072 828; x_wconf 92' lang='lat'><strong>6</strong></span> <span class='ocrx_word' id='word_1_50' title='bbox 1100 776 1197 845; x_wconf 80' lang='grc' dir='ltr'>τῆς</span> <span class='ocrx_word' id='word_1_51' title='bbox 1213 776 1619 847; x_wconf 76' lang='grc' dir='ltr'>Ἀλεξανδρείας</span> <span class='ocrx_word' id='word_1_52' title='bbox 1650 775 1960 848; x_wconf 86' lang='grc' dir='ltr'>ἀρχιερεύς·</span> 
     </span>
    </p>
   </div>
   <div class='ocr_carea' id='block_1_10' title="bbox 394 865 1963 937">
    <p class='ocr_par' dir='ltr' id='par_1_10' title="bbox 394 865 1963 937">
     <span class='ocr_line' id='line_1_10' title="bbox 394 865 1963 937; baseline 0.001 -19"><span class='ocrx_word' id='word_1_53' title='bbox 394 868 488 919; x_wconf 76' lang='grc' dir='ltr'><strong>καὶ</strong></span> <span class='ocrx_word' id='word_1_54' title='bbox 536 868 683 929; x_wconf 84' lang='grc' dir='ltr'>ὅπως</span> <span class='ocrx_word' id='word_1_55' title='bbox 711 865 939 934; x_wconf 82' lang='grc' dir='ltr'>ἐνόησαν</span> <span class='ocrx_word' id='word_1_56' title='bbox 968 868 1015 920; x_wconf 88' lang='grc' dir='ltr'><strong>οί</strong></span> <span class='ocrx_word' id='word_1_57' title='bbox 1038 870 1136 937; x_wconf 83' lang='grc' dir='ltr'><strong>τῆς</strong></span> <span class='ocrx_word' id='word_1_58' title='bbox 1170 867 1495 937; x_wconf 85' lang='grc' dir='ltr'>Ἐκκλησίας</span> <span class='ocrx_word' id='word_1_59' title='bbox 1541 868 1851 923; x_wconf 85' lang='grc' dir='ltr'>διδάσκαλοι</span> <span class='ocrx_word' id='word_1_60' title='bbox 1880 869 1963 931; x_wconf 85' lang='grc' dir='ltr'><strong>τὸ,</strong></span> 
     </span>
    </p>
   </div>
   <div class='ocr_carea' id='block_1_11' title="bbox 392 956 1966 1026">
    <p class='ocr_par' dir='ltr' id='par_1_11' title="bbox 392 956 1966 1026">
     <span class='ocr_line' id='line_1_11' title="bbox 392 956 1966 1026; baseline 0.001 -15"><span class='ocrx_word' id='word_1_61' title='bbox 392 957 533 1024; x_wconf 79' lang='grc' dir='ltr'>Περὶ</span> <span class='ocrx_word' id='word_1_62' title='bbox 565 957 633 1009; x_wconf 75' lang='grc' dir='ltr'>δὲ</span> <span class='ocrx_word' id='word_1_63' title='bbox 653 957 764 1025; x_wconf 78' lang='grc' dir='ltr'>τῆς</span> <span class='ocrx_word' id='word_1_64' title='bbox 792 957 1017 1025; x_wconf 76' lang='grc' dir='ltr'>ἡμέρας</span> <span class='ocrx_word' id='word_1_65' title='bbox 1041 958 1276 1025; x_wconf 79' lang='grc' dir='ltr'><strong>ἐκείνης</strong></span> <span class='ocrx_word' id='word_1_66' title='bbox 1299 959 1397 1012; x_wconf 83' lang='grc' dir='ltr'><strong>καὶ</strong></span> <span class='ocrx_word' id='word_1_67' title='bbox 1422 956 1532 1025; x_wconf 83' lang='grc' dir='ltr'>τῆς</span> <span class='ocrx_word' id='word_1_68' title='bbox 1555 958 1712 1026; x_wconf 85' lang='grc' dir='ltr'>ὥρας</span> <span class='ocrx_word' id='word_1_69' title='bbox 1767 958 1966 1024; x_wconf 77' lang='grc' dir='ltr'>οὐδεὶς</span> 
     </span>
    </p>
   </div>
   <div class='ocr_carea' id='block_1_12' title="bbox 392 1046 1961 1120">
    <p class='ocr_par' dir='ltr' id='par_1_12' title="bbox 392 1046 1961 1120">
     <span class='ocr_line' id='line_1_12' title="bbox 392 1046 1961 1120; baseline 0.001 -20"><span class='ocrx_word' id='word_1_70' title='bbox 392 1047 574 1111; x_wconf 73' lang='grc' dir='ltr'>οἷδεν,</span> <span class='ocrx_word' id='word_1_71' title='bbox 603 1046 744 1101; x_wconf 80' lang='grc' dir='ltr'><strong>οὐδὲ</strong></span> <span class='ocrx_word' id='word_1_72' title='bbox 764 1050 817 1101; x_wconf 86' lang='lat' dir='ltr'><strong>ol</strong></span> <span class='ocrx_word' id='word_1_73' title='bbox 841 1049 1103 1118; x_wconf 66' lang='grc' dir='ltr'>ἄγγελοι,</span> <span class='ocrx_word' id='word_1_74' title='bbox 1126 1049 1265 1103; x_wconf 81' lang='grc' dir='ltr'>οὐδὲ</span> <span class='ocrx_word' id='word_1_75' title='bbox 1282 1052 1315 1103; x_wconf 89' lang='lat' dir='ltr'><strong>d</strong></span> <span class='ocrx_word' id='word_1_76' title='bbox 1340 1049 1492 1115; x_wconf 78' lang='grc' dir='ltr'>Υἱὸς,</span> <span class='ocrx_word' id='word_1_77' title='bbox 1511 1051 1563 1103; x_wconf 82' lang='grc' dir='ltr'>εὶ</span> <span class='ocrx_word' id='word_1_78' title='bbox 1582 1049 1666 1120; x_wconf 81' lang='grc' dir='ltr'>μὴ</span> <span class='ocrx_word' id='word_1_79' title='bbox 1693 1052 1724 1103; x_wconf 85' lang='grc' dir='ltr'><strong><em>ό</em></strong></span> <span class='ocrx_word' id='word_1_80' title='bbox 1738 1048 1961 1117; x_wconf 84' lang='grc' dir='ltr'>Πατὴρ,</span> 
     </span>
    </p>
   </div>
   <div class='ocr_carea' id='block_1_13' title="bbox 393 1138 1389 1212">
    <p class='ocr_par' dir='ltr' id='par_1_13' title="bbox 393 1138 1389 1212">
     <span class='ocr_line' id='line_1_13' title="bbox 393 1138 1389 1212; baseline 0.002 -19"><span class='ocrx_word' id='word_1_81' title='bbox 393 1140 489 1193; x_wconf 74' lang='grc' dir='ltr'><strong>καὶ</strong></span> <span class='ocrx_word' id='word_1_82' title='bbox 515 1141 663 1203; x_wconf 85' lang='grc' dir='ltr'>ὅπως</span> <span class='ocrx_word' id='word_1_83' title='bbox 696 1138 850 1192; x_wconf 85' lang='grc' dir='ltr'>τοῦτο</span> <span class='ocrx_word' id='word_1_84' title='bbox 887 1139 1123 1211; x_wconf 80' lang='grc' dir='ltr'>Σεόῆρος</span> <span class='ocrx_word' id='word_1_85' title='bbox 1152 1140 1389 1212; x_wconf 85' lang='grc' dir='ltr'>ἐνόησεν.</span> 
     </span>
    </p>
   </div>
   <div class='ocr_carea' id='block_1_14' title="bbox 464 1232 1964 1308">
    <p class='ocr_par' dir='ltr' id='par_1_14' title="bbox 464 1232 1964 1308">
     <span class='ocr_line' id='line_1_14' title="bbox 464 1232 1964 1308; baseline 0.005 -24"><span class='ocrx_word' id='word_1_86' title='bbox 464 1232 650 1285; x_wconf 80' lang='grc' dir='ltr'>Ταῦτα</span> <span class='ocrx_word' id='word_1_87' title='bbox 709 1234 1025 1303; x_wconf 86' lang='grc' dir='ltr'>μονομερῶς</span> <span class='ocrx_word' id='word_1_88' title='bbox 1046 1234 1268 1289; x_wconf 87' lang='grc' dir='ltr'>διελθὼν</span> <span class='ocrx_word' id='word_1_89' title='bbox 1294 1236 1361 1290; x_wconf 79' lang='grc' dir='ltr'><strong>τὰ</strong></span> <span class='ocrx_word' id='word_1_90' title='bbox 1396 1236 1668 1306; x_wconf 82' lang='grc' dir='ltr'>κεφάλαια</span> <span class='ocrx_word' id='word_1_91' title='bbox 1692 1238 1964 1308; x_wconf 78' lang='grc' dir='ltr'>,μεταδαί-</span> 
     </span>
    </p>
   </div>
   <div class='ocr_carea' id='block_1_15' title="bbox 394 1322 1959 1401">
    <p class='ocr_par' dir='ltr' id='par_1_15' title="bbox 394 1322 1959 1401">
     <span class='ocr_line' id='line_1_15' title="bbox 394 1322 1959 1401; baseline 0.006 -26"><span class='ocrx_word' id='word_1_92' title='bbox 394 1340 474 1375; x_wconf 89' lang='grc' dir='ltr'><strong>νει</strong></span> <span class='ocrx_word' id='word_1_93' title='bbox 505 1322 667 1375; x_wconf 81' lang='grc' dir='ltr'>πάλιν</span> <span class='ocrx_word' id='word_1_94' title='bbox 693 1325 785 1375; x_wconf 77' lang='grc' dir='ltr'><strong>ἐπὶ</strong></span> <span class='ocrx_word' id='word_1_95' title='bbox 823 1325 920 1395; x_wconf 83' lang='grc' dir='ltr'><strong>τὴν</strong></span> <span class='ocrx_word' id='word_1_96' title='bbox 948 1325 1143 1396; x_wconf 84' lang='grc' dir='ltr'>διπλῆν</span> <span class='ocrx_word' id='word_1_97' title='bbox 1172 1328 1510 1399; x_wconf 85' lang='grc' dir='ltr'>προκομιδὴν</span> <span class='ocrx_word' id='word_1_98' title='bbox 1540 1329 1648 1383; x_wconf 82' lang='grc' dir='ltr'><strong>τῶν</strong></span> <span class='ocrx_word' id='word_1_99' title='bbox 1689 1331 1959 1401; x_wconf 85' lang='grc' dir='ltr'><strong>χρήσεων,</strong></span> 
     </span>
    </p>
   </div>
   <div class='ocr_carea' id='block_1_16' title="bbox 393 1416 1964 1492">
    <p class='ocr_par' dir='ltr' id='par_1_16' title="bbox 393 1416 1964 1492">
     <span class='ocr_line' id='line_1_16' title="bbox 393 1416 1964 1492; baseline 0.005 -26"><span class='ocrx_word' id='word_1_100' title='bbox 393 1416 487 1467; x_wconf 75' lang='grc' dir='ltr'><strong>καὶ</strong></span> <span class='ocrx_word' id='word_1_101' title='bbox 536 1416 768 1467; x_wconf 85' lang='grc' dir='ltr'>ποιεῖται</span> <span class='ocrx_word' id='word_1_102' title='bbox 802 1416 1094 1484; x_wconf 85' lang='grc' dir='ltr'>κεφάλαιον</span> <span class='ocrx_word' id='word_1_103' title='bbox 1119 1416 1164 1488; x_wconf 86' lang='grc' dir='ltr'><strong>β’</strong></span> <span class='ocrx_word' id='word_1_104' title='bbox 1184 1420 1277 1471; x_wconf 77' lang='grc' dir='ltr'>καὶ</span> <span class='ocrx_word' id='word_1_105' title='bbox 1313 1418 1366 1488; x_wconf 79' lang='grc' dir='ltr'>μ’</span> <span class='ocrx_word' id='word_1_106' title='bbox 1399 1420 1482 1473; x_wconf 79' lang='grc' dir='ltr'>ὅτι</span> <span class='ocrx_word' id='word_1_107' title='bbox 1505 1422 1533 1473; x_wconf 92' lang='lat'><strong>6</strong></span> <span class='ocrx_word' id='word_1_108' title='bbox 1559 1420 1762 1492; x_wconf 87' lang='grc' dir='ltr'>Κύριος</span> <span class='ocrx_word' id='word_1_109' title='bbox 1806 1421 1964 1491; x_wconf 83' lang='grc' dir='ltr'>ἡμῶν</span> 
     </span>
    </p>
   </div>
   <div class='ocr_carea' id='block_1_17' title="bbox 406 1504 1964 1581">
    <p class='ocr_par' dir='ltr' id='par_1_17' title="bbox 406 1504 1964 1581">
     <span class='ocr_line' id='line_1_17' title="bbox 406 1504 1964 1581; baseline 0.006 -26"><span class='ocrx_word' id='word_1_110' title='bbox 406 1504 611 1574; x_wconf 81' lang='grc' dir='ltr'>Ἰησοῦς</span> <span class='ocrx_word' id='word_1_111' title='bbox 632 1505 660 1556; x_wconf 91' lang='lat'><strong>6</strong></span> <span class='ocrx_word' id='word_1_112' title='bbox 682 1505 724 1538; x_wconf 88' lang='grc'><strong>³⁷</strong></span> <span class='ocrx_word' id='word_1_113' title='bbox 774 1506 1009 1577; x_wconf 70' lang='grc' dir='ltr'>Χριστὸς</span> <span class='ocrx_word' id='word_1_114' title='bbox 1050 1508 1565 1581; x_wconf 82' lang='grc' dir='ltr'>ἐγαλακτοτροφήθη</span> <span class='ocrx_word' id='word_1_115' title='bbox 1600 1511 1666 1564; x_wconf 84' lang='grc' dir='ltr'><strong>ἐκ</strong></span> <span class='ocrx_word' id='word_1_116' title='bbox 1696 1511 1795 1581; x_wconf 86' lang='grc' dir='ltr'>τῆς</span> <span class='ocrx_word' id='word_1_117' title='bbox 1834 1512 1964 1565; x_wconf 86' lang='grc' dir='ltr'>Θεο-</span> 
     </span>
    </p>
   </div>
   <div class='ocr_carea' id='block_1_18' title="bbox 392 1594 1961 1670">
    <p class='ocr_par' dir='ltr' id='par_1_18' title="bbox 392 1594 1961 1670">
     <span class='ocr_line' id='line_1_18' title="bbox 392 1594 1961 1670; baseline 0.006 -26"><span class='ocrx_word' id='word_1_118' title='bbox 392 1594 552 1646; x_wconf 77' lang='grc' dir='ltr'>τόκου</span> <span class='ocrx_word' id='word_1_119' title='bbox 581 1595 818 1664; x_wconf 84' lang='grc' dir='ltr'><strong>Μαρίας,</strong></span> <span class='ocrx_word' id='word_1_120' title='bbox 846 1596 1036 1650; x_wconf 73' lang='grc' dir='ltr'>καὶὸτι</span> <span class='ocrx_word' id='word_1_121' title='bbox 1064 1597 1161 1650; x_wconf 84' lang='grc' dir='ltr'><strong>οὐκ</strong></span> <span class='ocrx_word' id='word_1_122' title='bbox 1182 1598 1718 1670; x_wconf 83' lang='grc' dir='ltr'>ἐγαλακτοτροφήθη.</span> <span class='ocrx_word' id='word_1_123' title='bbox 1737 1632 1804 1643; x_wconf 92' lang='grc'><strong><em>-</em></strong></span> <span class='ocrx_word' id='word_1_124' title='bbox 1839 1601 1961 1654; x_wconf 85' lang='grc' dir='ltr'>Ὅτι</span> 
     </span>
    </p>
   </div>
   <div class='ocr_carea' id='block_1_19' title="bbox 393 1684 1962 1761">
    <p class='ocr_par' dir='ltr' id='par_1_19' title="bbox 393 1684 1962 1761">
     <span class='ocr_line' id='line_1_19' title="bbox 393 1684 1962 1761; baseline -0.01 -1"><span class='ocrx_word' id='word_1_125' title='bbox 393 1684 474 1748; x_wconf 66' lang='grc' dir='ltr'><strong>τδν</strong></span> <span class='ocrx_word' id='word_1_126' title='bbox 509 1685 571 1738; x_wconf 73' lang='grc' dir='ltr'>’θ</span> <span class='ocrx_word' id='word_1_127' title='bbox 601 1685 670 1738; x_wconf 76' lang='grc' dir='ltr'><strong>δέ</strong></span> <span class='ocrx_word' id='word_1_128' title='bbox 692 1688 1038 1756; x_wconf 81' lang='grc' dir='ltr'>μικρότερος</span> <span class='ocrx_word' id='word_1_129' title='bbox 1062 1687 1133 1740; x_wconf 79' lang='grc' dir='ltr'><strong>ἐν</strong></span> <span class='ocrx_word' id='word_1_130' title='bbox 1150 1686 1225 1755; x_wconf 75' lang='grc' dir='ltr'>τῇ</span> <span class='ocrx_word' id='word_1_131' title='bbox 1240 1689 1527 1756; x_wconf 75' lang='grc' dir='ltr'><strong>βασιλείᾳ</strong></span> <span class='ocrx_word' id='word_1_132' title='bbox 1549 1689 1668 1744; x_wconf 84' lang='grc' dir='ltr'>τῶν</span> <span class='ocrx_word' id='word_1_133' title='bbox 1689 1691 1962 1761; x_wconf 79' lang='grc' dir='ltr'><strong>οὐρανῶν</strong></span> 
     </span>
    </p>
   </div>
   <div class='ocr_carea' id='block_1_20' title="bbox 2069 490 3646 564">
    <p class='ocr_par' dir='ltr' id='par_1_20' title="bbox 2069 490 3646 564">
     <span class='ocr_line' id='line_1_20' title="bbox 2069 490 3646 564; baseline 0.003 -17"><span class='ocrx_word' id='word_1_134' title='bbox 2069 494 2338 564; x_wconf 87' lang='lat' dir='ltr'><strong>quomodo</strong></span> <span class='ocrx_word' id='word_1_135' title='bbox 2362 495 2427 547; x_wconf 91' lang='lat' dir='ltr'><strong>de</strong></span> <span class='ocrx_word' id='word_1_136' title='bbox 2445 492 2655 547; x_wconf 83' lang='lat' dir='ltr'><strong>Domini</strong></span> <span class='ocrx_word' id='word_1_137' title='bbox 2692 490 3062 547; x_wconf 77' lang='lat' dir='ltr'><strong>incarnatione</strong></span> <span class='ocrx_word' id='word_1_138' title='bbox 3095 493 3284 548; x_wconf 91' lang='lat' dir='ltr'><strong>beatus</strong></span> <span class='ocrx_word' id='word_1_139' title='bbox 3332 493 3646 552; x_wconf 79' lang='lat' dir='ltr'><strong>Eustathius</strong></span> 
     </span>
    </p>
   </div>
   <div class='ocr_carea' id='block_1_21' title="bbox 2064 583 3646 657">
    <p class='ocr_par' dir='ltr' id='par_1_21' title="bbox 2064 583 3646 657">
     <span class='ocr_line' id='line_1_21' title="bbox 2064 583 3646 657; baseline 0.002 -19"><span class='ocrx_word' id='word_1_140' title='bbox 2064 586 2429 639; x_wconf 82' lang='lat' dir='ltr'><strong>Antiochenus</strong></span> <span class='ocrx_word' id='word_1_141' title='bbox 2466 584 2733 638; x_wconf 83' lang='lat' dir='ltr'><strong>antistites</strong></span> <span class='ocrx_word' id='word_1_142' title='bbox 2763 583 3024 649; x_wconf 85' lang='lat' dir='ltr'><strong>docuerit,</strong></span> <span class='ocrx_word' id='word_1_143' title='bbox 3056 593 3111 639; x_wconf 91' lang='lat' dir='ltr'><strong>et</strong></span> <span class='ocrx_word' id='word_1_144' title='bbox 3138 594 3193 639; x_wconf 89' lang='lat' dir='ltr'><strong>ut</strong></span> <span class='ocrx_word' id='word_1_145' title='bbox 3241 586 3429 641; x_wconf 88' lang='lat' dir='ltr'><strong>beatus</strong></span> <span class='ocrx_word' id='word_1_146' title='bbox 3453 585 3646 657; x_wconf 64' lang='lat' dir='ltr'><strong>290i:</strong></span> 
     </span>
    </p>
   </div>
   <div class='ocr_carea' id='block_1_22' title="bbox 2066 676 3645 747">
    <p class='ocr_par' dir='ltr' id='par_1_22' title="bbox 2066 676 3645 747">
     <span class='ocr_line' id='line_1_22' title="bbox 2066 676 3645 747; baseline 0.002 -16"><span class='ocrx_word' id='word_1_147' title='bbox 2066 676 2302 747; x_wconf 90' lang='lat' dir='ltr'><strong>Cyrillns</strong></span> <span class='ocrx_word' id='word_1_148' title='bbox 2336 676 2760 740; x_wconf 85' lang='lat' dir='ltr'><strong>Alexandrinus,</strong></span> <span class='ocrx_word' id='word_1_149' title='bbox 2794 684 2847 730; x_wconf 90' lang='lat' dir='ltr'><strong>et</strong></span> <span class='ocrx_word' id='word_1_150' title='bbox 2874 690 2977 744; x_wconf 89' lang='lat' dir='ltr'><strong>qua</strong></span> <span class='ocrx_word' id='word_1_151' title='bbox 3018 676 3224 730; x_wconf 87' lang='lat' dir='ltr'><strong>ratione</strong></span> <span class='ocrx_word' id='word_1_152' title='bbox 3243 677 3347 734; x_wconf 85' lang='lat' dir='ltr'><strong>hoc</strong></span> <span class='ocrx_word' id='word_1_153' title='bbox 3397 679 3645 734; x_wconf 83' lang='lat' dir='ltr'><strong>doctores</strong></span> 
     </span>
    </p>
   </div>
   <div class='ocr_carea' id='block_1_23' title="bbox 2072 764 3646 830">
    <p class='ocr_par' dir='ltr' id='par_1_23' title="bbox 2072 764 3646 830">
     <span class='ocr_line' id='line_1_23' title="bbox 2072 764 3646 830; baseline 0.001 -9"><span class='ocrx_word' id='word_1_154' title='bbox 2072 767 2326 823; x_wconf 63' lang='lat' dir='ltr'><strong>Ecclesia:</strong></span> <span class='ocrx_word' id='word_1_155' title='bbox 2380 766 2748 821; x_wconf 81' lang='lat' dir='ltr'><strong>intellexerint</strong></span> <span class='ocrx_word' id='word_1_156' title='bbox 2799 764 2918 820; x_wconf 87' lang='lat' dir='ltr'><strong>:De</strong></span> <span class='ocrx_word' id='word_1_157' title='bbox 2945 764 3166 830; x_wconf 84' lang='lat' dir='ltr'><strong>dieillo,</strong></span> <span class='ocrx_word' id='word_1_158' title='bbox 3200 766 3277 820; x_wconf 82' lang='lat' dir='ltr'><strong>uel</strong></span> <span class='ocrx_word' id='word_1_159' title='bbox 3319 766 3453 821; x_wconf 73' lang='lat' dir='ltr'><strong>liora</strong></span> <span class='ocrx_word' id='word_1_160' title='bbox 3498 783 3646 822; x_wconf 83' lang='lat' dir='ltr'><strong>nemo</strong></span> 
     </span>
    </p>
   </div>
   <div class='ocr_carea' id='block_1_24' title="bbox 2065 851 3647 927">
    <p class='ocr_par' dir='ltr' id='par_1_24' title="bbox 2065 851 3647 927">
     <span class='ocr_line' id='line_1_24' title="bbox 2065 851 3647 927; baseline 0.001 -17"><span class='ocrx_word' id='word_1_161' title='bbox 2065 858 2181 921; x_wconf 71' lang='lat' dir='ltr'><strong>scit,</strong></span> <span class='ocrx_word' id='word_1_162' title='bbox 2200 873 2359 927; x_wconf 85' lang='lat' dir='ltr'><strong>neque</strong></span> <span class='ocrx_word' id='word_1_163' title='bbox 2375 856 2564 926; x_wconf 81' lang='lat' dir='ltr'><strong>angeli,</strong></span> <span class='ocrx_word' id='word_1_164' title='bbox 2583 872 2743 925; x_wconf 84' lang='lat' dir='ltr'><strong>neque</strong></span> <span class='ocrx_word' id='word_1_165' title='bbox 2768 854 3081 923; x_wconf 72' lang='lat' dir='ltr'><strong>Filius,fnisi</strong></span> <span class='ocrx_word' id='word_1_166' title='bbox 3097 855 3255 911; x_wconf 82' lang='lat' dir='ltr'><strong>Pater</strong></span> <span class='ocrx_word' id='word_1_167' title='bbox 3272 854 3318 924; x_wconf 86' lang='lat' dir='ltr'><strong>i;</strong></span> <span class='ocrx_word' id='word_1_168' title='bbox 3344 866 3398 913; x_wconf 82' lang='lat' dir='ltr'><strong>et</strong></span> <span class='ocrx_word' id='word_1_169' title='bbox 3418 851 3647 927; x_wconf 72' lang='lat' dir='ltr'><strong>quanio-</strong></span> 
     </span>
    </p>
   </div>
   <div class='ocr_carea' id='block_1_25' title="bbox 2066 946 2965 1004">
    <p class='ocr_par' dir='ltr' id='par_1_25' title="bbox 2066 946 2965 1004">
     <span class='ocr_line' id='line_1_25' title="bbox 2066 946 2965 1004; baseline -0.002 -1"><span class='ocrx_word' id='word_1_170' title='bbox 2066 948 2134 1003; x_wconf 91' lang='lat' dir='ltr'><strong>do</strong></span> <span class='ocrx_word' id='word_1_171' title='bbox 2163 949 2265 1003; x_wconf 90' lang='lat' dir='ltr'><strong>hoc</strong></span> <span class='ocrx_word' id='word_1_172' title='bbox 2298 947 2528 1004; x_wconf 83' lang='lat' dir='ltr'><strong>Severus</strong></span> <span class='ocrx_word' id='word_1_173' title='bbox 2563 946 2906 1004; x_wconf 81' lang='lat' dir='ltr'><strong>intellexerit.</strong></span> <span class='ocrx_word' id='word_1_174' title='bbox 2961 986 2965 991; x_wconf 81' lang='lat'><strong>.</strong></span> 
     </span>
    </p>
   </div>
   <div class='ocr_carea' id='block_1_26' title="bbox 2136 1234 3651 1306">
    <p class='ocr_par' dir='ltr' id='par_1_26' title="bbox 2136 1234 3651 1306">
     <span class='ocr_line' id='line_1_26' title="bbox 2136 1234 3651 1306; baseline 0.004 -18"><span class='ocrx_word' id='word_1_175' title='bbox 2136 1234 2263 1290; x_wconf 63' lang='lat' dir='ltr'><strong>Haec</strong></span> <span class='ocrx_word' id='word_1_176' title='bbox 2283 1235 2459 1306; x_wconf 88' lang='lat' dir='ltr'><strong>capita</strong></span> <span class='ocrx_word' id='word_1_177' title='bbox 2498 1235 2659 1291; x_wconf 88' lang='lat' dir='ltr'><strong>unius</strong></span> <span class='ocrx_word' id='word_1_178' title='bbox 2699 1235 2966 1306; x_wconf 89' lang='lat' dir='ltr'><strong>opinionis</strong></span> <span class='ocrx_word' id='word_1_179' title='bbox 2994 1250 3324 1306; x_wconf 90' lang='lat' dir='ltr'><strong>prosequens</strong></span> <span class='ocrx_word' id='word_1_180' title='bbox 3372 1234 3651 1294; x_wconf 78' lang='lat' dir='ltr'><strong>descendit</strong></span> 
     </span>
    </p>
   </div>
   <div class='ocr_carea' id='block_1_27' title="bbox 2067 1324 3651 1394">
    <p class='ocr_par' dir='ltr' id='par_1_27' title="bbox 2067 1324 3651 1394">
     <span class='ocr_line' id='line_1_27' title="bbox 2067 1324 3651 1394; baseline -0.001 -14"><span class='ocrx_word' id='word_1_181' title='bbox 2067 1327 2257 1381; x_wconf 87' lang='lat' dir='ltr'><strong>iterum</strong></span> <span class='ocrx_word' id='word_1_182' title='bbox 2289 1324 2355 1379; x_wconf 91' lang='lat' dir='ltr'><strong>ad</strong></span> <span class='ocrx_word' id='word_1_183' title='bbox 2381 1339 2443 1380; x_wconf 89' lang='lat' dir='ltr'><strong>ea</strong></span> <span class='ocrx_word' id='word_1_184' title='bbox 2474 1339 2593 1394; x_wconf 76' lang='lat' dir='ltr'><strong>quat</strong></span> <span class='ocrx_word' id='word_1_185' title='bbox 2632 1325 2873 1394; x_wconf 83' lang='lat' dir='ltr'><strong>duplices</strong></span> <span class='ocrx_word' id='word_1_186' title='bbox 2928 1326 3212 1394; x_wconf 88' lang='lat' dir='ltr'><strong>opiniones</strong></span> <span class='ocrx_word' id='word_1_187' title='bbox 3265 1326 3561 1393; x_wconf 89' lang='lat' dir='ltr'><strong>continent,</strong></span> <span class='ocrx_word' id='word_1_188' title='bbox 3589 1335 3651 1379; x_wconf 92' lang='lat' dir='ltr'><strong>et</strong></span> 
     </span>
    </p>
   </div>
   <div class='ocr_carea' id='block_1_28' title="bbox 2067 1414 3650 1484">
    <p class='ocr_par' dir='ltr' id='par_1_28' title="bbox 2067 1414 3650 1484">
     <span class='ocr_line' id='line_1_28' title="bbox 2067 1414 3650 1484; baseline 0.001 -14"><span class='ocrx_word' id='word_1_189' title='bbox 2067 1423 2227 1484; x_wconf 91' lang='lat' dir='ltr'><strong>caput</strong></span> <span class='ocrx_word' id='word_1_190' title='bbox 2247 1415 2543 1471; x_wconf 87' lang='lat' dir='ltr'><strong>constituit.</strong></span> <span class='ocrx_word' id='word_1_191' title='bbox 2560 1415 2816 1471; x_wconf 92' lang='lat' dir='ltr'><strong>Dominus</strong></span> <span class='ocrx_word' id='word_1_192' title='bbox 2831 1424 3013 1470; x_wconf 90' lang='lat' dir='ltr'><strong>noster</strong></span> <span class='ocrx_word' id='word_1_193' title='bbox 3024 1414 3179 1471; x_wconf 81' lang='lat' dir='ltr'><strong>Jesus</strong></span> <span class='ocrx_word' id='word_1_194' title='bbox 3194 1416 3439 1472; x_wconf 85' lang='lat' dir='ltr'><strong>Christus</strong></span> <span class='ocrx_word' id='word_1_195' title='bbox 3456 1416 3594 1472; x_wconf 89' lang='lat' dir='ltr'><strong>lacte</strong></span> <span class='ocrx_word' id='word_1_196' title='bbox 3617 1431 3650 1471; x_wconf 89' lang='lat' dir='ltr'><strong>e</strong></span> 
     </span>
    </p>
   </div>
   <div class='ocr_carea' id='block_1_29' title="bbox 2064 1505 3652 1575">
    <p class='ocr_par' dir='ltr' id='par_1_29' title="bbox 2064 1505 3652 1575">
     <span class='ocr_line' id='line_1_29' title="bbox 2064 1505 3652 1575; baseline 0.001 -16"><span class='ocrx_word' id='word_1_197' title='bbox 2064 1506 2217 1559; x_wconf 89' lang='lat' dir='ltr'><strong>beata</strong></span> <span class='ocrx_word' id='word_1_198' title='bbox 2246 1505 2463 1575; x_wconf 78' lang='lat' dir='ltr'><strong>Virgine</strong></span> <span class='ocrx_word' id='word_1_199' title='bbox 2484 1506 2718 1560; x_wconf 90' lang='lat' dir='ltr'><strong>nutritus</strong></span> <span class='ocrx_word' id='word_1_200' title='bbox 2735 1515 2835 1571; x_wconf 89' lang='lat' dir='ltr'><strong>est,</strong></span> <span class='ocrx_word' id='word_1_201' title='bbox 2858 1515 2914 1560; x_wconf 87' lang='lat' dir='ltr'><strong>et</strong></span> <span class='ocrx_word' id='word_1_202' title='bbox 2935 1520 3037 1560; x_wconf 90' lang='lat' dir='ltr'><strong>non</strong></span> <span class='ocrx_word' id='word_1_203' title='bbox 3059 1506 3195 1561; x_wconf 90' lang='lat' dir='ltr'><strong>lacte</strong></span> <span class='ocrx_word' id='word_1_204' title='bbox 3212 1508 3443 1561; x_wconf 88' lang='lat' dir='ltr'><strong>nutritus</strong></span> <span class='ocrx_word' id='word_1_205' title='bbox 3469 1516 3652 1563; x_wconf 90' lang='lat' dir='ltr'><strong>est.—</strong></span> 
     </span>
    </p>
   </div>
   <div class='ocr_carea' id='block_1_30' title="bbox 2065 1594 3651 1666">
    <p class='ocr_par' dir='ltr' id='par_1_30' title="bbox 2065 1594 3651 1666">
     <span class='ocr_line' id='line_1_30' title="bbox 2065 1594 3651 1666; baseline 0.003 -18"><span class='ocrx_word' id='word_1_206' title='bbox 2065 1594 2317 1650; x_wconf 74' lang='lat' dir='ltr'><strong>Minimus</strong></span> <span class='ocrx_word' id='word_1_207' title='bbox 2343 1597 2397 1648; x_wconf 88' lang='lat' dir='ltr'><strong>in</strong></span> <span class='ocrx_word' id='word_1_208' title='bbox 2442 1612 2598 1666; x_wconf 78' lang='lat' dir='ltr'><strong>regno</strong></span> <span class='ocrx_word' id='word_1_209' title='bbox 2637 1597 2880 1651; x_wconf 69' lang='lat' dir='ltr'><strong>calorum</strong></span> <span class='ocrx_word' id='word_1_210' title='bbox 2919 1595 3090 1665; x_wconf 77' lang='lat' dir='ltr'><strong>major</strong></span> <span class='ocrx_word' id='word_1_211' title='bbox 3126 1608 3203 1651; x_wconf 81' lang='lat' dir='ltr'><strong>est</strong></span> <span class='ocrx_word' id='word_1_212' title='bbox 3236 1597 3440 1652; x_wconf 80' lang='lat' dir='ltr'><strong>Joanne</strong></span> <span class='ocrx_word' id='word_1_213' title='bbox 3465 1598 3651 1666; x_wconf 85' lang='lat' dir='ltr'><strong>Bapti-</strong></span> 
     </span>
    </p>
   </div>
   <div class='ocr_carea' id='block_1_31' title="bbox 2065 1682 3648 1756">
    <p class='ocr_par' dir='ltr' id='par_1_31' title="bbox 2065 1682 3648 1756">
     <span class='ocr_line' id='line_1_31' title="bbox 2065 1682 3648 1756; baseline 0.001 -17"><span class='ocrx_word' id='word_1_214' title='bbox 2065 1696 2148 1739; x_wconf 79' lang='lat' dir='ltr'><strong>sta</strong></span> <span class='ocrx_word' id='word_1_215' title='bbox 2187 1686 2236 1750; x_wconf 79' lang='grc' dir='ltr'>Ιι,</span> <span class='ocrx_word' id='word_1_216' title='bbox 2269 1686 2335 1740; x_wconf 85' lang='lat' dir='ltr'><strong>tle</strong></span> <span class='ocrx_word' id='word_1_217' title='bbox 2363 1700 2422 1741; x_wconf 87' lang='lat' dir='ltr'><strong>se</strong></span> <span class='ocrx_word' id='word_1_218' title='bbox 2462 1685 2576 1754; x_wconf 87' lang='lat' dir='ltr'><strong>ipso</strong></span> <span class='ocrx_word' id='word_1_219' title='bbox 2607 1685 2741 1740; x_wconf 81' lang='lat' dir='ltr'><strong>dixit</strong></span> <span class='ocrx_word' id='word_1_220' title='bbox 2766 1684 3049 1752; x_wconf 86' lang='lat' dir='ltr'><strong>Salvator;</strong></span> <span class='ocrx_word' id='word_1_221' title='bbox 3077 1682 3259 1740; x_wconf 87' lang='lat' dir='ltr'><strong>etnon</strong></span> <span class='ocrx_word' id='word_1_222' title='bbox 3292 1688 3358 1741; x_wconf 92' lang='lat' dir='ltr'><strong>de</strong></span> <span class='ocrx_word' id='word_1_223' title='bbox 3419 1700 3477 1740; x_wconf 91' lang='lat' dir='ltr'><strong>se</strong></span> <span class='ocrx_word' id='word_1_224' title='bbox 3507 1685 3648 1756; x_wconf 58' lang='lat' dir='ltr'><strong>ipso,</strong></span> 
     </span>
    </p>
   </div>
   <div class='ocr_carea' id='block_1_32' title="bbox 390 1774 1965 1851">
    <p class='ocr_par' dir='ltr' id='par_1_32' title="bbox 390 1774 1957 1851">
     <span class='ocr_line' id='line_1_32' title="bbox 390 1774 1957 1851; baseline 0.005 -22"><span class='ocrx_word' id='word_1_225' title='bbox 390 1774 601 1846; x_wconf 79' lang='grc' dir='ltr'>μείζων</span> <span class='ocrx_word' id='word_1_226' title='bbox 626 1777 797 1831; x_wconf 79' lang='grc' dir='ltr'>ἐστὶν</span> <span class='ocrx_word' id='word_1_227' title='bbox 825 1777 1103 1832; x_wconf 79' lang='grc' dir='ltr'><strong>Ἰωάννου</strong></span> <span class='ocrx_word' id='word_1_228' title='bbox 1131 1779 1236 1833; x_wconf 84' lang='grc' dir='ltr'>τοῦ</span> <span class='ocrx_word' id='word_1_229' title='bbox 1268 1780 1634 1847; x_wconf 78' lang='grc' dir='ltr'>βαπτιστοῦ,</span> <span class='ocrx_word' id='word_1_230' title='bbox 1668 1784 1795 1851; x_wconf 75' lang='grc' dir='ltr'>περὶ</span> <span class='ocrx_word' id='word_1_231' title='bbox 1832 1784 1957 1837; x_wconf 85' lang='grc' dir='ltr'>ἐαυ-</span> 
     </span>
    </p>
   </div>
   <div class='ocr_carea' id='block_1_33' title="bbox 2070 1774 3649 1851">
    <p class='ocr_par' dir='ltr' id='par_1_33' title="bbox 2070 1774 3649 1847">
     <span class='ocr_line' id='line_1_33' title="bbox 2070 1774 3649 1847; baseline 0 -17"><span class='ocrx_word' id='word_1_232' title='bbox 2070 1777 2152 1831; x_wconf 75' lang='lat' dir='ltr'><strong>sed</strong></span> <span class='ocrx_word' id='word_1_233' title='bbox 2201 1777 2267 1830; x_wconf 91' lang='lat' dir='ltr'><strong>de</strong></span> <span class='ocrx_word' id='word_1_234' title='bbox 2298 1774 2504 1831; x_wconf 82' lang='lat' dir='ltr'><strong>Joanne</strong></span> <span class='ocrx_word' id='word_1_235' title='bbox 2551 1776 3234 1847; x_wconf 69' lang='lat' dir='ltr'><strong>evangelista.—~Dominus</strong></span> <span class='ocrx_word' id='word_1_236' title='bbox 3272 1787 3458 1833; x_wconf 87' lang='lat' dir='ltr'><strong>noster</strong></span> <span class='ocrx_word' id='word_1_237' title='bbox 3493 1776 3649 1833; x_wconf 79' lang='lat' dir='ltr'><strong>Jesus</strong></span> 
     </span>
    </p>
   </div>
   <div class='ocr_carea' id='block_1_34' title="bbox 392 1861 1970 1941">
    <p class='ocr_par' dir='ltr' id='par_1_34' title="bbox 392 1861 1970 1941">
     <span class='ocr_line' id='line_1_34' title="bbox 392 1861 1970 1941; baseline 0.006 -24"><span class='ocrx_word' id='word_1_238' title='bbox 392 1865 487 1917; x_wconf 87' lang='lat'><strong>106</strong></span> <span class='ocrx_word' id='word_1_239' title='bbox 549 1861 701 1920; x_wconf 76' lang='grc' dir='ltr'>εἷπεν</span> <span class='ocrx_word' id='word_1_240' title='bbox 726 1868 754 1920; x_wconf 92' lang='lat'><strong>6</strong></span> <span class='ocrx_word' id='word_1_241' title='bbox 786 1868 976 1937; x_wconf 84' lang='grc' dir='ltr'>Σωτήρ</span> <span class='ocrx_word' id='word_1_242' title='bbox 1008 1882 1023 1897; x_wconf 75' lang='grc'><strong>⁸</strong></span> <span class='ocrx_word' id='word_1_243' title='bbox 1068 1867 1162 1921; x_wconf 78' lang='grc' dir='ltr'><strong>καὶ</strong></span> <span class='ocrx_word' id='word_1_244' title='bbox 1216 1870 1297 1922; x_wconf 81' lang='grc' dir='ltr'><strong>ὅτι</strong></span> <span class='ocrx_word' id='word_1_245' title='bbox 1320 1870 1381 1923; x_wconf 85' lang='grc' dir='ltr'>οὐ</span> <span class='ocrx_word' id='word_1_246' title='bbox 1413 1871 1544 1941; x_wconf 78' lang='grc' dir='ltr'>περὶ</span> <span class='ocrx_word' id='word_1_247' title='bbox 1594 1872 1811 1937; x_wconf 81' lang='grc' dir='ltr'>ἐαυτοῦ,</span> <span class='ocrx_word' id='word_1_248' title='bbox 1837 1872 1970 1926; x_wconf 88' lang='grc' dir='ltr'><strong>ἀλλά</strong></span> 
     </span>
    </p>
   </div>
   <div class='ocr_carea' id='block_1_35' title="bbox 394 1957 1972 2032">
    <p class='ocr_par' dir='ltr' id='par_1_35' title="bbox 394 1957 1972 2032">
     <span class='ocr_line' id='line_1_35' title="bbox 394 1957 1972 2032; baseline 0.006 -24"><span class='ocrx_word' id='word_1_249' title='bbox 394 1957 522 2026; x_wconf 72' lang='grc' dir='ltr'>περὶ</span> <span class='ocrx_word' id='word_1_250' title='bbox 564 1957 809 2011; x_wconf 81' lang='grc' dir='ltr'><strong>Ἰωάννου</strong></span> <span class='ocrx_word' id='word_1_251' title='bbox 867 1958 961 2012; x_wconf 80' lang='grc' dir='ltr'>τοῦ</span> <span class='ocrx_word' id='word_1_252' title='bbox 1010 1958 1419 2028; x_wconf 65' lang='grc' dir='ltr'>εὐαγγελιστοῦ.</span> <span class='ocrx_word' id='word_1_253' title='bbox 1453 1993 1521 2004; x_wconf 88' lang='grc'><strong>-</strong></span> <span class='ocrx_word' id='word_1_254' title='bbox 1552 1964 1731 2017; x_wconf 84' lang='grc' dir='ltr'><strong>Ὀτιὸ</strong></span> <span class='ocrx_word' id='word_1_255' title='bbox 1767 1964 1972 2032; x_wconf 87' lang='grc' dir='ltr'>Κύριος</span> 
     </span>
    </p>
   </div>
   <div class='ocr_carea' id='block_1_36' title="bbox 392 2047 1971 2125">
    <p class='ocr_par' dir='ltr' id='par_1_36' title="bbox 392 2047 1971 2125">
     <span class='ocr_line' id='line_1_36' title="bbox 392 2047 1971 2125; baseline 0.005 -26"><span class='ocrx_word' id='word_1_256' title='bbox 392 2047 550 2117; x_wconf 75' lang='grc' dir='ltr'>ἡμῶν</span> <span class='ocrx_word' id='word_1_257' title='bbox 597 2047 798 2118; x_wconf 82' lang='grc' dir='ltr'>Ἰησοῦς</span> <span class='ocrx_word' id='word_1_258' title='bbox 822 2050 848 2102; x_wconf 94' lang='lat'><strong>6</strong></span> <span class='ocrx_word' id='word_1_259' title='bbox 866 2049 1099 2119; x_wconf 82' lang='grc' dir='ltr'>Χριστὸς</span> <span class='ocrx_word' id='word_1_260' title='bbox 1128 2051 1171 2103; x_wconf 84' lang='grc' dir='ltr'>λ’</span> <span class='ocrx_word' id='word_1_261' title='bbox 1201 2051 1462 2107; x_wconf 78' lang='grc' dir='ltr'><strong>ἐνιαυτῶν</strong></span> <span class='ocrx_word' id='word_1_262' title='bbox 1485 2054 1746 2125; x_wconf 82' lang='grc' dir='ltr'>ὑπάρχων</span> <span class='ocrx_word' id='word_1_263' title='bbox 1777 2055 1971 2107; x_wconf 83' lang='grc' dir='ltr'>ἐσταυ-</span> 
     </span>
    </p>
   </div>
   <div class='ocr_carea' id='block_1_37' title="bbox 398 2137 1970 2214">
    <p class='ocr_par' dir='ltr' id='par_1_37' title="bbox 398 2137 1970 2214">
     <span class='ocr_line' id='line_1_37' title="bbox 398 2137 1970 2214; baseline 0.006 -24"><span class='ocrx_word' id='word_1_264' title='bbox 398 2137 544 2207; x_wconf 86' lang='grc' dir='ltr'>ρώθη</span> <span class='ocrx_word' id='word_1_265' title='bbox 563 2155 579 2171; x_wconf 78' lang='grc' dir='ltr'><strong><em>ο</em></strong></span> <span class='ocrx_word' id='word_1_266' title='bbox 618 2139 712 2193; x_wconf 76' lang='grc' dir='ltr'><strong>καὶ</strong></span> <span class='ocrx_word' id='word_1_267' title='bbox 740 2140 820 2193; x_wconf 84' lang='grc' dir='ltr'>ὃτι</span> <span class='ocrx_word' id='word_1_268' title='bbox 859 2141 919 2193; x_wconf 84' lang='grc' dir='ltr'>οὐ</span> <span class='ocrx_word' id='word_1_269' title='bbox 950 2141 1015 2206; x_wconf 85' lang='grc' dir='ltr'>λ’,</span> <span class='ocrx_word' id='word_1_270' title='bbox 1046 2142 1183 2197; x_wconf 80' lang='grc' dir='ltr'><strong>ἀλλά</strong></span> <span class='ocrx_word' id='word_1_271' title='bbox 1237 2150 1288 2213; x_wconf 86' lang='grc' dir='ltr'>γ’</span> <span class='ocrx_word' id='word_1_272' title='bbox 1314 2145 1409 2199; x_wconf 77' lang='grc' dir='ltr'><strong>καὶ</strong></span> <span class='ocrx_word' id='word_1_273' title='bbox 1438 2143 1482 2197; x_wconf 86' lang='grc' dir='ltr'>λ’</span> <span class='ocrx_word' id='word_1_274' title='bbox 1503 2161 1518 2177; x_wconf 77' lang='grc' dir='ltr'><strong>ο</strong></span> <span class='ocrx_word' id='word_1_275' title='bbox 1562 2146 1657 2200; x_wconf 78' lang='grc' dir='ltr'><strong>καὶ</strong></span> <span class='ocrx_word' id='word_1_276' title='bbox 1702 2146 1785 2199; x_wconf 86' lang='grc' dir='ltr'><strong>ὄτι</strong></span> <span class='ocrx_word' id='word_1_277' title='bbox 1820 2147 1881 2199; x_wconf 81' lang='grc' dir='ltr'>οὐ</span> <span class='ocrx_word' id='word_1_278' title='bbox 1921 2139 1970 2214; x_wconf 87' lang='grc' dir='ltr'>γ’</span> 
     </span>
    </p>
   </div>
   <div class='ocr_carea' id='block_1_38' title="bbox 396 2228 1968 2309">
    <p class='ocr_par' dir='ltr' id='par_1_38' title="bbox 396 2228 1968 2309">
     <span class='ocr_line' id='line_1_38' title="bbox 396 2228 1968 2309; baseline 0.008 -30"><span class='ocrx_word' id='word_1_279' title='bbox 396 2229 491 2280; x_wconf 73' lang='grc' dir='ltr'><strong>καὶ</strong></span> <span class='ocrx_word' id='word_1_280' title='bbox 511 2228 575 2295; x_wconf 74' lang='grc' dir='ltr'>λ’,</span> <span class='ocrx_word' id='word_1_281' title='bbox 594 2228 731 2283; x_wconf 84' lang='grc' dir='ltr'><strong>ἀλλά</strong></span> <span class='ocrx_word' id='word_1_282' title='bbox 759 2236 810 2300; x_wconf 86' lang='grc' dir='ltr'>μ’</span> <span class='ocrx_word' id='word_1_283' title='bbox 831 2247 845 2263; x_wconf 91' lang='grc'><strong>·</strong></span> <span class='ocrx_word' id='word_1_284' title='bbox 878 2232 973 2285; x_wconf 76' lang='grc' dir='ltr'><strong>καὶ</strong></span> <span class='ocrx_word' id='word_1_285' title='bbox 994 2233 1219 2288; x_wconf 78' lang='lat' dir='ltr'><em>61t061e</em></span> <span class='ocrx_word' id='word_1_286' title='bbox 1244 2234 1288 2268; x_wconf 81' lang='grc'><strong>³⁸</strong></span> <span class='ocrx_word' id='word_1_287' title='bbox 1303 2235 1368 2302; x_wconf 88' lang='grc' dir='ltr'><strong>λ’,</strong></span> <span class='ocrx_word' id='word_1_288' title='bbox 1400 2236 1535 2290; x_wconf 84' lang='grc' dir='ltr'>ἐτῶν</span> <span class='ocrx_word' id='word_1_289' title='bbox 1557 2235 1680 2291; x_wconf 78' lang='grc' dir='ltr'>οὔτε</span> <span class='ocrx_word' id='word_1_290' title='bbox 1706 2244 1758 2308; x_wconf 85' lang='grc' dir='ltr'>μ’</span> <span class='ocrx_word' id='word_1_291' title='bbox 1785 2238 1968 2309; x_wconf 87' lang='grc' dir='ltr'>μόνον,</span> 
     </span>
    </p>
   </div>
   <div class='ocr_carea' id='block_1_39' title="bbox 395 2319 1971 2399">
    <p class='ocr_par' dir='ltr' id='par_1_39' title="bbox 395 2319 1971 2399">
     <span class='ocr_line' id='line_1_39' title="bbox 395 2319 1971 2399; baseline 0.006 -26"><span class='ocrx_word' id='word_1_292' title='bbox 395 2320 529 2374; x_wconf 81' lang='grc' dir='ltr'><strong>ἀλλά</strong></span> <span class='ocrx_word' id='word_1_293' title='bbox 563 2319 658 2373; x_wconf 73' lang='grc' dir='ltr'><strong>καὶ</strong></span> <span class='ocrx_word' id='word_1_294' title='bbox 691 2320 872 2389; x_wconf 86' lang='grc' dir='ltr'>πλέον,</span> <span class='ocrx_word' id='word_1_295' title='bbox 904 2324 964 2375; x_wconf 86' lang='grc' dir='ltr'>οὐ</span> <span class='ocrx_word' id='word_1_296' title='bbox 991 2323 1125 2377; x_wconf 83' lang='grc' dir='ltr'>πολὺ</span> <span class='ocrx_word' id='word_1_297' title='bbox 1166 2326 1273 2379; x_wconf 85' lang='grc' dir='ltr'>τῶν</span> <span class='ocrx_word' id='word_1_298' title='bbox 1307 2332 1349 2380; x_wconf 87' lang='grc' dir='ltr'><strong>ν’</strong></span> <span class='ocrx_word' id='word_1_299' title='bbox 1380 2328 1723 2399; x_wconf 83' lang='grc' dir='ltr'>ἀφεστηκώς.</span> <span class='ocrx_word' id='word_1_300' title='bbox 1757 2359 1821 2372; x_wconf 69' lang='grc' dir='ltr'><strong>-υ</strong></span> <span class='ocrx_word' id='word_1_301' title='bbox 1846 2329 1971 2383; x_wconf 85' lang='grc' dir='ltr'>’Ὀτι</span> 
     </span>
    </p>
   </div>
   <div class='ocr_carea' id='block_1_40' title="bbox 397 2404 1971 2491">
    <p class='ocr_par' dir='ltr' id='par_1_40' title="bbox 397 2404 1971 2491">
     <span class='ocr_line' id='line_1_40' title="bbox 397 2404 1971 2491; baseline 0.006 -28"><span class='ocrx_word' id='word_1_302' title='bbox 397 2414 453 2464; x_wconf 80' lang='grc' dir='ltr'><strong>ὲν</strong></span> <span class='ocrx_word' id='word_1_303' title='bbox 483 2404 528 2478; x_wconf 84' lang='grc' dir='ltr'>ᾧ</span> <span class='ocrx_word' id='word_1_304' title='bbox 559 2410 736 2483; x_wconf 83' lang='grc' dir='ltr'>καιρῷ</span> <span class='ocrx_word' id='word_1_305' title='bbox 786 2412 1072 2481; x_wconf 84' lang='grc' dir='ltr'>παρέδωκε</span> <span class='ocrx_word' id='word_1_306' title='bbox 1125 2418 1237 2477; x_wconf 82' lang='grc' dir='ltr'>τοῖς</span> <span class='ocrx_word' id='word_1_307' title='bbox 1290 2415 1559 2487; x_wconf 76' lang='grc' dir='ltr'><strong>μαθηταῖς</strong></span> <span class='ocrx_word' id='word_1_308' title='bbox 1596 2419 1624 2471; x_wconf 92' lang='lat'><strong>6</strong></span> <span class='ocrx_word' id='word_1_309' title='bbox 1653 2418 1855 2491; x_wconf 89' lang='grc' dir='ltr'>Κύριος</span> <span class='ocrx_word' id='word_1_310' title='bbox 1910 2419 1971 2473; x_wconf 90' lang='lat'><strong>16</strong></span> 
     </span>
    </p>
   </div>
   <div class='ocr_carea' id='block_1_41' title="bbox 396 2502 1967 2579">
    <p class='ocr_par' dir='ltr' id='par_1_41' title="bbox 396 2502 1967 2579">
     <span class='ocr_line' id='line_1_41' title="bbox 396 2502 1967 2579; baseline 0.006 -24"><span class='ocrx_word' id='word_1_311' title='bbox 396 2503 493 2572; x_wconf 78' lang='grc' dir='ltr'><strong>τῆς</strong></span> <span class='ocrx_word' id='word_1_312' title='bbox 519 2503 706 2573; x_wconf 82' lang='grc' dir='ltr'>καινῆς</span> <span class='ocrx_word' id='word_1_313' title='bbox 751 2502 1013 2574; x_wconf 82' lang='grc' dir='ltr'><strong>διαθήκης</strong></span> <span class='ocrx_word' id='word_1_314' title='bbox 1045 2507 1361 2577; x_wconf 84' lang='grc' dir='ltr'>μυστήριον,</span> <span class='ocrx_word' id='word_1_315' title='bbox 1411 2507 1471 2561; x_wconf 97' lang='lat'><strong>16</strong></span> <span class='ocrx_word' id='word_1_316' title='bbox 1522 2509 1745 2579; x_wconf 86' lang='grc' dir='ltr'>νομικὸν</span> <span class='ocrx_word' id='word_1_317' title='bbox 1797 2508 1967 2579; x_wconf 72' lang='grc' dir='ltr'>ἔφαγε</span> 
     </span>
    </p>
   </div>
   <div class='ocr_carea' id='block_1_42' title="bbox 398 2596 1965 2672">
    <p class='ocr_par' dir='ltr' id='par_1_42' title="bbox 398 2596 1965 2672">
     <span class='ocr_line' id='line_1_42' title="bbox 398 2596 1965 2672; baseline 0.008 -28"><span class='ocrx_word' id='word_1_318' title='bbox 398 2596 601 2660; x_wconf 68' lang='grc' dir='ltr'>πάσχα·</span> <span class='ocrx_word' id='word_1_319' title='bbox 624 2596 716 2649; x_wconf 74' lang='grc' dir='ltr'><strong>καὶ</strong></span> <span class='ocrx_word' id='word_1_320' title='bbox 735 2597 815 2649; x_wconf 84' lang='grc' dir='ltr'>ὅτι</span> <span class='ocrx_word' id='word_1_321' title='bbox 833 2598 932 2649; x_wconf 81' lang='grc' dir='ltr'>οὐκ</span> <span class='ocrx_word' id='word_1_322' title='bbox 951 2597 1121 2666; x_wconf 75' lang='grc' dir='ltr'>ἔφαγε</span> <span class='ocrx_word' id='word_1_323' title='bbox 1140 2596 1439 2666; x_wconf 84' lang='grc' dir='ltr'>τηνικαῦτα</span> <span class='ocrx_word' id='word_1_324' title='bbox 1450 2598 1510 2651; x_wconf 84' lang='grc' dir='ltr'><strong>τὸ</strong></span> <span class='ocrx_word' id='word_1_325' title='bbox 1523 2600 1740 2669; x_wconf 75' lang='grc' dir='ltr'>νομικὸν</span> <span class='ocrx_word' id='word_1_326' title='bbox 1760 2602 1965 2672; x_wconf 84' lang='grc' dir='ltr'><strong>πάσχα.</strong></span> 
     </span>
    </p>
   </div>
   <div class='ocr_carea' id='block_1_43' title="bbox 398 2680 1969 2762">
    <p class='ocr_par' dir='ltr' id='par_1_43' title="bbox 398 2680 1969 2762">
     <span class='ocr_line' id='line_1_43' title="bbox 398 2680 1969 2762; baseline 0.006 -28"><span class='ocrx_word' id='word_1_327' title='bbox 398 2705 465 2719; x_wconf 78' lang='lat'><strong>-—</strong></span> <span class='ocrx_word' id='word_1_328' title='bbox 495 2680 669 2736; x_wconf 85' lang='grc' dir='ltr'><strong>Ὀτιὸ</strong></span> <span class='ocrx_word' id='word_1_329' title='bbox 693 2683 928 2753; x_wconf 82' lang='grc' dir='ltr'>χαλκοῦς</span> <span class='ocrx_word' id='word_1_330' title='bbox 972 2686 1115 2753; x_wconf 73' lang='grc' dir='ltr'>ὄφις,</span> <span class='ocrx_word' id='word_1_331' title='bbox 1144 2683 1203 2739; x_wconf 84' lang='grc' dir='ltr'>δν</span> <span class='ocrx_word' id='word_1_332' title='bbox 1234 2685 1446 2754; x_wconf 78' lang='grc' dir='ltr'>ὕψωσεν</span> <span class='ocrx_word' id='word_1_333' title='bbox 1493 2688 1551 2739; x_wconf 80' lang='grc' dir='ltr'><strong>ὲν</strong></span> <span class='ocrx_word' id='word_1_334' title='bbox 1602 2692 1668 2760; x_wconf 78' lang='grc' dir='ltr'>τῇ</span> <span class='ocrx_word' id='word_1_335' title='bbox 1718 2691 1911 2762; x_wconf 80' lang='grc' dir='ltr'>ἐρήμῳ</span> <span class='ocrx_word' id='word_1_336' title='bbox 1941 2695 1969 2745; x_wconf 88' lang='lat'><strong>6</strong></span> 
     </span>
    </p>
   </div>
   <div class='ocr_carea' id='block_1_44' title="bbox 399 2769 1964 2851">
    <p class='ocr_par' dir='ltr' id='par_1_44' title="bbox 399 2769 1964 2851">
     <span class='ocr_line' id='line_1_44' title="bbox 399 2769 1964 2851; baseline 0.007 -27"><span class='ocrx_word' id='word_1_337' title='bbox 399 2771 622 2842; x_wconf 79' lang='grc' dir='ltr'>Μωσῆς,</span> <span class='ocrx_word' id='word_1_338' title='bbox 669 2773 837 2837; x_wconf 84' lang='grc' dir='ltr'>τύπος</span> <span class='ocrx_word' id='word_1_339' title='bbox 866 2769 934 2845; x_wconf 80' lang='grc' dir='ltr'><strong>ἦν</strong></span> <span class='ocrx_word' id='word_1_340' title='bbox 963 2774 1055 2827; x_wconf 86' lang='grc' dir='ltr'><strong>τοῦ</strong></span> <span class='ocrx_word' id='word_1_341' title='bbox 1081 2776 1370 2829; x_wconf 87' lang='grc' dir='ltr'>Δεσπότου·</span> <span class='ocrx_word' id='word_1_342' title='bbox 1398 2778 1491 2831; x_wconf 81' lang='grc' dir='ltr'><strong>καὶ</strong></span> <span class='ocrx_word' id='word_1_343' title='bbox 1521 2779 1600 2831; x_wconf 85' lang='grc' dir='ltr'>ὃτι</span> <span class='ocrx_word' id='word_1_344' title='bbox 1628 2781 1748 2851; x_wconf 77' lang='grc' dir='ltr'>οὐχὶ</span> <span class='ocrx_word' id='word_1_345' title='bbox 1775 2782 1964 2849; x_wconf 79' lang='grc' dir='ltr'>τύπος,</span> 
     </span>
    </p>
   </div>
   <div class='ocr_carea' id='block_1_45' title="bbox 397 2861 1965 2937">
    <p class='ocr_par' dir='ltr' id='par_1_45' title="bbox 397 2861 1965 2937">
     <span class='ocr_line' id='line_1_45' title="bbox 397 2861 1965 2937; baseline 0.01 -24"><span class='ocrx_word' id='word_1_346' title='bbox 397 2861 533 2915; x_wconf 86' lang='grc' dir='ltr'><strong>ἀλλά</strong></span> <span class='ocrx_word' id='word_1_347' title='bbox 587 2864 896 2929; x_wconf 82' lang='grc' dir='ltr'>ἀντίτυπος.</span> <span class='ocrx_word' id='word_1_348' title='bbox 923 2897 992 2909; x_wconf 90' lang='grc'><strong>--</strong></span> <span class='ocrx_word' id='word_1_349' title='bbox 1024 2868 1146 2922; x_wconf 83' lang='grc' dir='ltr'><strong>Ὅτι</strong></span> <span class='ocrx_word' id='word_1_350' title='bbox 1182 2870 1210 2921; x_wconf 90' lang='lat'><strong>6</strong></span> <span class='ocrx_word' id='word_1_351' title='bbox 1243 2868 1303 2921; x_wconf 89' lang='lat'><strong>16</strong></span> <span class='ocrx_word' id='word_1_352' title='bbox 1339 2868 1498 2923; x_wconf 83' lang='grc' dir='ltr'><strong>ὠτίον</strong></span> <span class='ocrx_word' id='word_1_353' title='bbox 1552 2871 1823 2937; x_wconf 78' lang='grc' dir='ltr'>ἀπικόψας</span> <span class='ocrx_word' id='word_1_354' title='bbox 1871 2876 1965 2929; x_wconf 82' lang='grc' dir='ltr'>τοῦ</span> 
     </span>
    </p>
   </div>
   <div class='ocr_carea' id='block_1_46' title="bbox 397 2951 1963 3034">
    <p class='ocr_par' dir='ltr' id='par_1_46' title="bbox 397 2951 1963 3034">
     <span class='ocr_line' id='line_1_46' title="bbox 397 2951 1963 3034; baseline 0.009 -29"><span class='ocrx_word' id='word_1_355' title='bbox 397 2951 585 3007; x_wconf 84' lang='grc' dir='ltr'>δούλου</span> <span class='ocrx_word' id='word_1_356' title='bbox 630 2954 724 3008; x_wconf 83' lang='grc' dir='ltr'><strong>τοῦ</strong></span> <span class='ocrx_word' id='word_1_357' title='bbox 768 2956 1069 3028; x_wconf 82' lang='grc' dir='ltr'>ἀρχιερέως</span> <span class='ocrx_word' id='word_1_358' title='bbox 1094 2958 1294 3029; x_wconf 79' lang='grc' dir='ltr'>Θωμᾶς</span> <span class='ocrx_word' id='word_1_359' title='bbox 1319 2955 1388 3031; x_wconf 79' lang='grc' dir='ltr'>ἦν</span> <span class='ocrx_word' id='word_1_360' title='bbox 1415 2976 1429 2990; x_wconf 90' lang='grc'><strong>·</strong></span> <span class='ocrx_word' id='word_1_361' title='bbox 1465 2961 1560 3014; x_wconf 73' lang='grc' dir='ltr'>καὶ</span> <span class='ocrx_word' id='word_1_362' title='bbox 1587 2962 1669 3015; x_wconf 84' lang='grc' dir='ltr'>ὅτι</span> <span class='ocrx_word' id='word_1_363' title='bbox 1691 2964 1812 3034; x_wconf 74' lang='grc' dir='ltr'>οὐχὶ</span> <span class='ocrx_word' id='word_1_364' title='bbox 1846 2965 1963 3019; x_wconf 81' lang='grc' dir='ltr'><strong>Θω-</strong></span> 
     </span>
    </p>
   </div>
   <div class='ocr_carea' id='block_1_47' title="bbox 401 3041 1961 3126">
    <p class='ocr_par' dir='ltr' id='par_1_47' title="bbox 401 3041 1961 3126">
     <span class='ocr_line' id='line_1_47' title="bbox 401 3041 1961 3126; baseline 0.009 -29"><span class='ocrx_word' id='word_1_365' title='bbox 401 3046 508 3113; x_wconf 78' lang='grc' dir='ltr'>μᾶς</span> <span class='ocrx_word' id='word_1_366' title='bbox 534 3041 623 3116; x_wconf 86' lang='grc' dir='ltr'><strong>ἦν,</strong></span> <span class='ocrx_word' id='word_1_367' title='bbox 657 3047 794 3103; x_wconf 80' lang='grc' dir='ltr'><strong>ἀλλά</strong></span> <span class='ocrx_word' id='word_1_368' title='bbox 832 3050 1058 3121; x_wconf 81' lang='grc' dir='ltr'><strong>Πέτρος.</strong></span> <span class='ocrx_word' id='word_1_369' title='bbox 1082 3080 1153 3096; x_wconf 85' lang='lat'><strong>--</strong></span> <span class='ocrx_word' id='word_1_370' title='bbox 1185 3052 1464 3107; x_wconf 85' lang='grc' dir='ltr'>Ὀτικατά</span> <span class='ocrx_word' id='word_1_371' title='bbox 1514 3053 1605 3108; x_wconf 84' lang='grc' dir='ltr'>τὸν</span> <span class='ocrx_word' id='word_1_372' title='bbox 1653 3056 1838 3126; x_wconf 81' lang='grc' dir='ltr'>καιρὸν</span> <span class='ocrx_word' id='word_1_373' title='bbox 1868 3058 1961 3111; x_wconf 87' lang='lat'><strong>106</strong></span> 
     </span>
    </p>
   </div>
   <div class='ocr_carea' id='block_1_48' title="bbox 396 3134 1964 3218">
    <p class='ocr_par' dir='ltr' id='par_1_48' title="bbox 396 3134 1964 3218">
     <span class='ocr_line' id='line_1_48' title="bbox 396 3134 1964 3218; baseline 0.01 -31"><span class='ocrx_word' id='word_1_374' title='bbox 396 3134 598 3201; x_wconf 80' lang='grc' dir='ltr'>πάθους</span> <span class='ocrx_word' id='word_1_375' title='bbox 614 3140 647 3205; x_wconf 78' lang='grc' dir='ltr'>ἡ</span> <span class='ocrx_word' id='word_1_376' title='bbox 667 3138 857 3210; x_wconf 83' lang='grc' dir='ltr'>θεότης</span> <span class='ocrx_word' id='word_1_377' title='bbox 888 3140 1160 3213; x_wconf 74' lang='grc' dir='ltr'>ἐχωρίσθη</span> <span class='ocrx_word' id='word_1_378' title='bbox 1188 3142 1281 3195; x_wconf 80' lang='grc' dir='ltr'>τοῦ</span> <span class='ocrx_word' id='word_1_379' title='bbox 1306 3143 1556 3214; x_wconf 85' lang='grc' dir='ltr'>σώματος</span> <span class='ocrx_word' id='word_1_380' title='bbox 1582 3146 1677 3200; x_wconf 84' lang='grc' dir='ltr'>τοῦ</span> <span class='ocrx_word' id='word_1_381' title='bbox 1702 3148 1964 3218; x_wconf 75' lang='grc' dir='ltr'>Χριστοῢο</span> 
     </span>
    </p>
   </div>
   <div class='ocr_carea' id='block_1_49' title="bbox 398 3225 1965 3307">
    <p class='ocr_par' dir='ltr' id='par_1_49' title="bbox 398 3225 1965 3307">
     <span class='ocr_line' id='line_1_49' title="bbox 398 3225 1965 3307; baseline 0.006 -28"><span class='ocrx_word' id='word_1_382' title='bbox 398 3225 523 3297; x_wconf 69' lang='grc'><strong>[476</strong></span> <span class='ocrx_word' id='word_1_383' title='bbox 549 3227 642 3299; x_wconf 83' lang='grc' dir='ltr'><strong>Η.]</strong></span> <span class='ocrx_word' id='word_1_384' title='bbox 676 3229 771 3282; x_wconf 73' lang='grc' dir='ltr'>καὶ</span> <span class='ocrx_word' id='word_1_385' title='bbox 798 3230 879 3283; x_wconf 86' lang='grc' dir='ltr'>ὅτι</span> <span class='ocrx_word' id='word_1_386' title='bbox 904 3229 1029 3283; x_wconf 77' lang='grc' dir='ltr'>οὔτε</span> <span class='ocrx_word' id='word_1_387' title='bbox 1058 3233 1158 3302; x_wconf 85' lang='grc' dir='ltr'>τῆς</span> <span class='ocrx_word' id='word_1_388' title='bbox 1186 3232 1365 3303; x_wconf 80' lang='grc' dir='ltr'>ψυχῆς</span> <span class='ocrx_word' id='word_1_389' title='bbox 1401 3232 1525 3287; x_wconf 76' lang='grc' dir='ltr'>οὔτε</span> <span class='ocrx_word' id='word_1_390' title='bbox 1550 3234 1643 3288; x_wconf 89' lang='lat'><strong>106</strong></span> <span class='ocrx_word' id='word_1_391' title='bbox 1714 3236 1965 3307; x_wconf 80' lang='grc' dir='ltr'>σώματος</span> 
     </span>
    </p>
   </div>
   <div class='ocr_carea' id='block_1_50' title="bbox 396 3316 1967 3392">
    <p class='ocr_par' dir='ltr' id='par_1_50' title="bbox 396 3316 1967 3392">
     <span class='ocr_line' id='line_1_50' title="bbox 396 3316 1967 3392; baseline 0.006 -25"><span class='ocrx_word' id='word_1_392' title='bbox 396 3318 429 3385; x_wconf 81' lang='grc' dir='ltr'>ή</span> <span class='ocrx_word' id='word_1_393' title='bbox 479 3316 668 3386; x_wconf 84' lang='grc' dir='ltr'>θεότης</span> <span class='ocrx_word' id='word_1_394' title='bbox 708 3318 1001 3390; x_wconf 83' lang='grc' dir='ltr'>ἐχωρίσθη.</span> <span class='ocrx_word' id='word_1_395' title='bbox 1024 3349 1095 3359; x_wconf 96' lang='lat'><strong>—</strong></span> <span class='ocrx_word' id='word_1_396' title='bbox 1128 3319 1253 3373; x_wconf 85' lang='grc' dir='ltr'><strong>Ὅτι</strong></span> <span class='ocrx_word' id='word_1_397' title='bbox 1299 3319 1493 3392; x_wconf 77' lang='grc' dir='ltr'>λύτρον</span> <span class='ocrx_word' id='word_1_398' title='bbox 1545 3322 1667 3376; x_wconf 76' lang='grc' dir='ltr'>ἀντὶ</span> <span class='ocrx_word' id='word_1_399' title='bbox 1703 3322 1799 3376; x_wconf 80' lang='grc' dir='ltr'>τοῦ</span> <span class='ocrx_word' id='word_1_400' title='bbox 1832 3318 1967 3376; x_wconf 62' lang='grc' dir='ltr'>κατέ</span> 
     </span>
    </p>
   </div>
   <div class='ocr_carea' id='block_1_51' title="bbox 397 3407 1966 3485">
    <p class='ocr_par' dir='ltr' id='par_1_51' title="bbox 397 3407 1966 3485">
     <span class='ocr_line' id='line_1_51' title="bbox 397 3407 1966 3485; baseline 0.006 -27"><span class='ocrx_word' id='word_1_401' title='bbox 397 3407 654 3476; x_wconf 80' lang='grc' dir='ltr'>εχομένου</span> <span class='ocrx_word' id='word_1_402' title='bbox 702 3407 991 3480; x_wconf 83' lang='grc' dir='ltr'>ἀνθρώπου</span> <span class='ocrx_word' id='word_1_403' title='bbox 1054 3410 1132 3480; x_wconf 88' lang='grc' dir='ltr'><strong>τῷ</strong></span> <span class='ocrx_word' id='word_1_404' title='bbox 1179 3410 1360 3482; x_wconf 85' lang='grc' dir='ltr'>ἐχθρῷ</span> <span class='ocrx_word' id='word_1_405' title='bbox 1390 3412 1451 3464; x_wconf 88' lang='lat'><strong>16</strong></span> <span class='ocrx_word' id='word_1_406' title='bbox 1480 3414 1691 3481; x_wconf 64' lang='grc' dir='ltr'>οἰκεῖον,</span> <span class='ocrx_word' id='word_1_407' title='bbox 1714 3415 1742 3467; x_wconf 92' lang='lat'><strong>6</strong></span> <span class='ocrx_word' id='word_1_408' title='bbox 1775 3414 1966 3485; x_wconf 83' lang='grc' dir='ltr'>Σωτὴρ</span> 
     </span>
    </p>
   </div>
   <div class='ocr_carea' id='block_1_52' title="bbox 397 3493 1967 3575">
    <p class='ocr_par' dir='ltr' id='par_1_52' title="bbox 397 3493 1967 3575">
     <span class='ocr_line' id='line_1_52' title="bbox 397 3493 1967 3575; baseline 0.006 -26"><span class='ocrx_word' id='word_1_409' title='bbox 397 3496 595 3552; x_wconf 71' lang='grc' dir='ltr'>ἔδωκεν</span> <span class='ocrx_word' id='word_1_410' title='bbox 627 3493 786 3569; x_wconf 73' lang='grc' dir='ltr'>αἷμα,</span> <span class='ocrx_word' id='word_1_411' title='bbox 817 3500 912 3555; x_wconf 80' lang='grc' dir='ltr'><strong>τοῦ</strong></span> <span class='ocrx_word' id='word_1_412' title='bbox 934 3500 1127 3573; x_wconf 79' lang='grc' dir='ltr'>ἐχθροῦ</span> <span class='ocrx_word' id='word_1_413' title='bbox 1154 3503 1310 3556; x_wconf 77' lang='grc' dir='ltr'>τοῦτο</span> <span class='ocrx_word' id='word_1_414' title='bbox 1337 3505 1714 3575; x_wconf 78' lang='grc' dir='ltr'>αἱρησαμένου</span> <span class='ocrx_word' id='word_1_415' title='bbox 1740 3523 1753 3537; x_wconf 87' lang='grc'><strong>·</strong></span> <span class='ocrx_word' id='word_1_416' title='bbox 1784 3508 1878 3559; x_wconf 78' lang='grc' dir='ltr'><strong>καὶ</strong></span> <span class='ocrx_word' id='word_1_417' title='bbox 1906 3507 1967 3559; x_wconf 92' lang='lat'><strong>16</strong></span> 
     </span>
    </p>
   </div>
   <div class='ocr_carea' id='block_1_53' title="bbox 396 3588 1969 3666">
    <p class='ocr_par' dir='ltr' id='par_1_53' title="bbox 396 3588 1969 3666">
     <span class='ocr_line' id='line_1_53' title="bbox 396 3588 1969 3666; baseline 0.004 -26"><span class='ocrx_word' id='word_1_418' title='bbox 396 3588 789 3661; x_wconf 79' lang='grc' dir='ltr'>ἀντικείμενον,</span> <span class='ocrx_word' id='word_1_419' title='bbox 829 3589 906 3654; x_wconf 82' lang='grc' dir='ltr'>ὡς</span> <span class='ocrx_word' id='word_1_420' title='bbox 953 3593 1073 3661; x_wconf 80' lang='grc' dir='ltr'>οὐχὶ</span> <span class='ocrx_word' id='word_1_421' title='bbox 1123 3591 1203 3663; x_wconf 85' lang='grc' dir='ltr'><strong>τῷ</strong></span> <span class='ocrx_word' id='word_1_422' title='bbox 1230 3592 1431 3664; x_wconf 85' lang='grc' dir='ltr'>ἐχθρῷ,</span> <span class='ocrx_word' id='word_1_423' title='bbox 1461 3594 1598 3651; x_wconf 85' lang='grc' dir='ltr'><strong>ἀλλά</strong></span> <span class='ocrx_word' id='word_1_424' title='bbox 1620 3594 1697 3664; x_wconf 89' lang='grc' dir='ltr'><strong>τῷ</strong></span> <span class='ocrx_word' id='word_1_425' title='bbox 1720 3595 1839 3666; x_wconf 85' lang='grc' dir='ltr'><strong>Θεῷ</strong></span> <span class='ocrx_word' id='word_1_426' title='bbox 1873 3596 1969 3649; x_wconf 79' lang='grc' dir='ltr'><strong>καὶ</strong></span> 
     </span>
    </p>
   </div>
   <div class='ocr_carea' id='block_1_54' title="bbox 2070 1865 3647 1933">
    <p class='ocr_par' dir='ltr' id='par_1_54' title="bbox 2070 1865 3647 1933">
     <span class='ocr_line' id='line_1_54' title="bbox 2070 1865 3647 1933; baseline 0.001 -13"><span class='ocrx_word' id='word_1_427' title='bbox 2070 1865 2318 1921; x_wconf 84' lang='lat' dir='ltr'><strong>Christus</strong></span> <span class='ocrx_word' id='word_1_428' title='bbox 2349 1866 2621 1921; x_wconf 90' lang='lat' dir='ltr'><strong>tricesimo</strong></span> <span class='ocrx_word' id='word_1_429' title='bbox 2657 1866 2832 1920; x_wconf 65' lang='lat' dir='ltr'><strong>atatis</strong></span> <span class='ocrx_word' id='word_1_430' title='bbox 2855 1880 2993 1921; x_wconf 89' lang='lat' dir='ltr'><strong>anno</strong></span> <span class='ocrx_word' id='word_1_431' title='bbox 3022 1866 3311 1926; x_wconf 86' lang='lat' dir='ltr'><strong>cruciﬁxus</strong></span> <span class='ocrx_word' id='word_1_432' title='bbox 3330 1876 3434 1933; x_wconf 87' lang='lat' dir='ltr'><strong>est,</strong></span> <span class='ocrx_word' id='word_1_433' title='bbox 3463 1877 3518 1921; x_wconf 88' lang='lat' dir='ltr'><strong>et</strong></span> <span class='ocrx_word' id='word_1_434' title='bbox 3541 1880 3647 1921; x_wconf 93' lang='lat' dir='ltr'><strong>non</strong></span> 
     </span>
    </p>
   </div>
   <div class='ocr_carea' id='block_1_55' title="bbox 2070 1953 3651 2021">
    <p class='ocr_par' dir='ltr' id='par_1_55' title="bbox 2070 1953 3651 2021">
     <span class='ocr_line' id='line_1_55' title="bbox 2070 1953 3651 2021; baseline 0.002 -15"><span class='ocrx_word' id='word_1_435' title='bbox 2070 1953 2472 2021; x_wconf 85' lang='lat' dir='ltr'><strong>tricesimo,sed</strong></span> <span class='ocrx_word' id='word_1_436' title='bbox 2489 1955 2762 2011; x_wconf 87' lang='lat' dir='ltr'><strong>tricesimo</strong></span> <span class='ocrx_word' id='word_1_437' title='bbox 2785 1957 2962 2010; x_wconf 90' lang='lat' dir='ltr'><strong>tertio.</strong></span> <span class='ocrx_word' id='word_1_438' title='bbox 2998 1956 3063 2010; x_wconf 87' lang='lat' dir='ltr'><strong>Et</strong></span> <span class='ocrx_word' id='word_1_439' title='bbox 3099 1972 3204 2011; x_wconf 92' lang='lat' dir='ltr'><strong>non</strong></span> <span class='ocrx_word' id='word_1_440' title='bbox 3237 1957 3509 2012; x_wconf 90' lang='lat' dir='ltr'><strong>tricesimo</strong></span> <span class='ocrx_word' id='word_1_441' title='bbox 3551 1966 3651 2010; x_wconf 90' lang='lat' dir='ltr'><strong>ter.</strong></span> 
     </span>
    </p>
   </div>
   <div class='ocr_carea' id='block_1_56' title="bbox 2073 2046 3651 2118">
    <p class='ocr_par' dir='ltr' id='par_1_56' title="bbox 2073 2046 3651 2118">
     <span class='ocr_line' id='line_1_56' title="bbox 2073 2046 3651 2118; baseline 0.002 -20"><span class='ocrx_word' id='word_1_442' title='bbox 2073 2046 2167 2115; x_wconf 92' lang='lat' dir='ltr'><strong>tio,</strong></span> <span class='ocrx_word' id='word_1_443' title='bbox 2201 2049 2296 2105; x_wconf 90' lang='lat' dir='ltr'><strong>sed</strong></span> <span class='ocrx_word' id='word_1_444' title='bbox 2320 2046 2762 2118; x_wconf 87' lang='lat' dir='ltr'><strong>quadragesimo;</strong></span> <span class='ocrx_word' id='word_1_445' title='bbox 2801 2056 2856 2102; x_wconf 90' lang='lat' dir='ltr'><strong>et</strong></span> <span class='ocrx_word' id='word_1_446' title='bbox 2890 2062 2990 2103; x_wconf 91' lang='lat' dir='ltr'><strong>nec</strong></span> <span class='ocrx_word' id='word_1_447' title='bbox 3020 2047 3291 2103; x_wconf 91' lang='lat' dir='ltr'><strong>tricesimo</strong></span> <span class='ocrx_word' id='word_1_448' title='bbox 3320 2049 3478 2103; x_wconf 87' lang='lat' dir='ltr'><strong>tertio</strong></span> <span class='ocrx_word' id='word_1_449' title='bbox 3501 2087 3516 2114; x_wconf 91' lang='lat'><strong>,</strong></span> <span class='ocrx_word' id='word_1_450' title='bbox 3550 2062 3651 2102; x_wconf 91' lang='lat' dir='ltr'><strong>nec</strong></span> 
     </span>
    </p>
   </div>
   <div class='ocr_carea' id='block_1_57' title="bbox 2069 2140 3649 2211">
    <p class='ocr_par' dir='ltr' id='par_1_57' title="bbox 2069 2140 3649 2211">
     <span class='ocr_line' id='line_1_57' title="bbox 2069 2140 3649 2211; baseline -0.004 -12"><span class='ocrx_word' id='word_1_451' title='bbox 2069 2146 2230 2199; x_wconf 90' lang='lat' dir='ltr'><strong>etiam</strong></span> <span class='ocrx_word' id='word_1_452' title='bbox 2267 2142 2439 2198; x_wconf 89' lang='lat' dir='ltr'><strong>solum</strong></span> <span class='ocrx_word' id='word_1_453' title='bbox 2470 2141 2901 2211; x_wconf 80' lang='lat' dir='ltr'><strong>quadragesimo,</strong></span> <span class='ocrx_word' id='word_1_454' title='bbox 2933 2140 3025 2196; x_wconf 89' lang='lat' dir='ltr'><strong>sed</strong></span> <span class='ocrx_word' id='word_1_455' title='bbox 3057 2140 3309 2210; x_wconf 89' lang='lat' dir='ltr'><strong>amplius,</strong></span> <span class='ocrx_word' id='word_1_456' title='bbox 3350 2156 3453 2195; x_wconf 93' lang='lat' dir='ltr'><strong>non</strong></span> <span class='ocrx_word' id='word_1_457' title='bbox 3509 2141 3649 2193; x_wconf 89' lang='lat' dir='ltr'><strong>mul-</strong></span> 
     </span>
    </p>
   </div>
   <div class='ocr_carea' id='block_1_58' title="bbox 2072 2230 3651 2304">
    <p class='ocr_par' dir='ltr' id='par_1_58' title="bbox 2072 2230 3651 2304">
     <span class='ocr_line' id='line_1_58' title="bbox 2072 2230 3651 2304; baseline -0.003 -14"><span class='ocrx_word' id='word_1_458' title='bbox 2072 2244 2181 2290; x_wconf 89' lang='lat' dir='ltr'><strong>tum</strong></span> <span class='ocrx_word' id='word_1_459' title='bbox 2207 2250 2235 2288; x_wconf 92' lang='lat' dir='ltr'><strong>a</strong></span> <span class='ocrx_word' id='word_1_460' title='bbox 2253 2233 2697 2304; x_wconf 81' lang='lat' dir='ltr'><strong>quinquagesimo</strong></span> <span class='ocrx_word' id='word_1_461' title='bbox 2714 2232 3094 2288; x_wconf 90' lang='lat' dir='ltr'><strong>distans.—Eo</strong></span> <span class='ocrx_word' id='word_1_462' title='bbox 3111 2242 3352 2301; x_wconf 91' lang='lat' dir='ltr'><strong>tempore</strong></span> <span class='ocrx_word' id='word_1_463' title='bbox 3366 2247 3474 2301; x_wconf 90' lang='lat' dir='ltr'><strong>quo</strong></span> <span class='ocrx_word' id='word_1_464' title='bbox 3493 2230 3651 2287; x_wconf 82' lang='lat' dir='ltr'><strong>Jesus</strong></span> 
     </span>
    </p>
   </div>
   <div class='ocr_carea' id='block_1_59' title="bbox 2069 2322 3648 2393">
    <p class='ocr_par' dir='ltr' id='par_1_59' title="bbox 2069 2322 3648 2393">
     <span class='ocr_line' id='line_1_59' title="bbox 2069 2322 3648 2393; baseline -0.002 -13"><span class='ocrx_word' id='word_1_465' title='bbox 2069 2326 2318 2381; x_wconf 84' lang='lat' dir='ltr'><strong>Christus</strong></span> <span class='ocrx_word' id='word_1_466' title='bbox 2349 2325 2570 2380; x_wconf 89' lang='lat' dir='ltr'><strong>tradidit</strong></span> <span class='ocrx_word' id='word_1_467' title='bbox 2612 2323 2886 2393; x_wconf 87' lang='lat' dir='ltr'><strong>discipulis</strong></span> <span class='ocrx_word' id='word_1_468' title='bbox 2924 2325 3046 2379; x_wconf 86' lang='lat' dir='ltr'><strong>novi</strong></span> <span class='ocrx_word' id='word_1_469' title='bbox 3087 2322 3414 2378; x_wconf 90' lang='lat' dir='ltr'><strong>Testamenti</strong></span> <span class='ocrx_word' id='word_1_470' title='bbox 3448 2333 3648 2393; x_wconf 84' lang='lat' dir='ltr'><strong>myste-</strong></span> 
     </span>
    </p>
   </div>
   <div class='ocr_carea' id='block_1_60' title="bbox 2070 2413 3653 2487">
    <p class='ocr_par' dir='ltr' id='par_1_60' title="bbox 2070 2413 3653 2487">
     <span class='ocr_line' id='line_1_60' title="bbox 2070 2413 3653 2487; baseline -0.002 -16"><span class='ocrx_word' id='word_1_471' title='bbox 2070 2418 2231 2483; x_wconf 85' lang='lat' dir='ltr'><strong>rium,</strong></span> <span class='ocrx_word' id='word_1_472' title='bbox 2259 2416 2455 2487; x_wconf 85' lang='lat' dir='ltr'><strong>pascha</strong></span> <span class='ocrx_word' id='word_1_473' title='bbox 2476 2416 2770 2470; x_wconf 86' lang='lat' dir='ltr'><strong>secundum</strong></span> <span class='ocrx_word' id='word_1_474' title='bbox 2802 2413 2973 2483; x_wconf 87' lang='lat' dir='ltr'><strong>legem</strong></span> <span class='ocrx_word' id='word_1_475' title='bbox 3004 2414 3258 2479; x_wconf 89' lang='lat' dir='ltr'><strong>comedit,</strong></span> <span class='ocrx_word' id='word_1_476' title='bbox 3278 2422 3331 2469; x_wconf 91' lang='lat' dir='ltr'><strong>et</strong></span> <span class='ocrx_word' id='word_1_477' title='bbox 3356 2414 3498 2483; x_wconf 88' lang='lat' dir='ltr'><strong>quod</strong></span> <span class='ocrx_word' id='word_1_478' title='bbox 3523 2423 3653 2468; x_wconf 85' lang='lat' dir='ltr'><strong>tunc</strong></span> 
     </span>
    </p>
   </div>
   <div class='ocr_carea' id='block_1_61' title="bbox 2069 2502 3652 2575">
    <p class='ocr_par' dir='ltr' id='par_1_61' title="bbox 2069 2502 3652 2575">
     <span class='ocr_line' id='line_1_61' title="bbox 2069 2502 3652 2575; baseline -0.001 -15"><span class='ocrx_word' id='word_1_479' title='bbox 2069 2522 2175 2560; x_wconf 93' lang='lat' dir='ltr'><strong>non</strong></span> <span class='ocrx_word' id='word_1_480' title='bbox 2206 2505 2500 2561; x_wconf 90' lang='lat' dir='ltr'><strong>comederit</strong></span> <span class='ocrx_word' id='word_1_481' title='bbox 2527 2505 2728 2575; x_wconf 83' lang='lat' dir='ltr'><strong>pascha</strong></span> <span class='ocrx_word' id='word_1_482' title='bbox 2754 2502 3224 2575; x_wconf 61' lang='lat' dir='ltr'><strong>legale.—1Eneus</strong></span> <span class='ocrx_word' id='word_1_483' title='bbox 3244 2518 3467 2572; x_wconf 88' lang='lat' dir='ltr'><strong>serpens</strong></span> <span class='ocrx_word' id='word_1_484' title='bbox 3492 2519 3652 2572; x_wconf 89' lang='lat' dir='ltr'><strong>quem</strong></span> 
     </span>
    </p>
   </div>
   <div class='ocr_carea' id='block_1_62' title="bbox 2069 2593 3654 2665">
    <p class='ocr_par' dir='ltr' id='par_1_62' title="bbox 2069 2593 3654 2665">
     <span class='ocr_line' id='line_1_62' title="bbox 2069 2593 3654 2665; baseline -0.003 -14"><span class='ocrx_word' id='word_1_485' title='bbox 2069 2596 2247 2652; x_wconf 83' lang='lat' dir='ltr'><strong>Moses</strong></span> <span class='ocrx_word' id='word_1_486' title='bbox 2290 2596 2341 2649; x_wconf 93' lang='lat' dir='ltr'><strong>in</strong></span> <span class='ocrx_word' id='word_1_487' title='bbox 2372 2609 2554 2649; x_wconf 88' lang='lat' dir='ltr'><strong>eremo</strong></span> <span class='ocrx_word' id='word_1_488' title='bbox 2578 2595 2771 2658; x_wconf 82' lang='lat' dir='ltr'><strong>erexit,</strong></span> <span class='ocrx_word' id='word_1_489' title='bbox 2800 2605 2955 2664; x_wconf 88' lang='lat' dir='ltr'><strong>typus</strong></span> <span class='ocrx_word' id='word_1_490' title='bbox 2988 2593 3323 2661; x_wconf 83' lang='lat' dir='ltr'><strong>fuitChristi,</strong></span> <span class='ocrx_word' id='word_1_491' title='bbox 3355 2605 3409 2648; x_wconf 92' lang='lat' dir='ltr'><strong>et</strong></span> <span class='ocrx_word' id='word_1_492' title='bbox 3441 2610 3545 2649; x_wconf 93' lang='lat' dir='ltr'><strong>non</strong></span> <span class='ocrx_word' id='word_1_493' title='bbox 3568 2602 3654 2665; x_wconf 85' lang='lat' dir='ltr'><strong>ty-</strong></span> 
     </span>
    </p>
   </div>
   <div class='ocr_carea' id='block_1_63' title="bbox 2067 2684 3655 2758">
    <p class='ocr_par' dir='ltr' id='par_1_63' title="bbox 2067 2684 3655 2758">
     <span class='ocr_line' id='line_1_63' title="bbox 2067 2684 3655 2758; baseline -0.002 -16"><span class='ocrx_word' id='word_1_494' title='bbox 2067 2704 2186 2758; x_wconf 90' lang='lat' dir='ltr'><strong>pus,</strong></span> <span class='ocrx_word' id='word_1_495' title='bbox 2216 2686 2308 2742; x_wconf 90' lang='lat' dir='ltr'><strong>sed</strong></span> <span class='ocrx_word' id='word_1_496' title='bbox 2330 2684 2821 2756; x_wconf 86' lang='lat' dir='ltr'><strong>antitypus.—Fuit</strong></span> <span class='ocrx_word' id='word_1_497' title='bbox 2855 2684 3109 2750; x_wconf 87' lang='lat' dir='ltr'><strong>Thomas,</strong></span> <span class='ocrx_word' id='word_1_498' title='bbox 3132 2685 3221 2755; x_wconf 88' lang='lat' dir='ltr'><strong>qui</strong></span> <span class='ocrx_word' id='word_1_499' title='bbox 3257 2700 3415 2740; x_wconf 88' lang='lat' dir='ltr'><strong>servo</strong></span> <span class='ocrx_word' id='word_1_500' title='bbox 3459 2685 3655 2739; x_wconf 83' lang='lat' dir='ltr'><strong>summi</strong></span> 
     </span>
    </p>
   </div>
   <div class='ocr_carea' id='block_1_64' title="bbox 2066 2774 3652 2845">
    <p class='ocr_par' dir='ltr' id='par_1_64' title="bbox 2066 2774 3652 2845">
     <span class='ocr_line' id='line_1_64' title="bbox 2066 2774 3652 2845; baseline -0.001 -13"><span class='ocrx_word' id='word_1_501' title='bbox 2066 2776 2670 2832; x_wconf 84' lang='lat' dir='ltr'><strong>sacerdotisanriculam</strong></span> <span class='ocrx_word' id='word_1_502' title='bbox 2693 2776 3018 2845; x_wconf 82' lang='lat' dir='ltr'><strong>amputavit;</strong></span> <span class='ocrx_word' id='word_1_503' title='bbox 3046 2786 3220 2829; x_wconf 88' lang='lat' dir='ltr'><strong>etnon</strong></span> <span class='ocrx_word' id='word_1_504' title='bbox 3260 2774 3363 2831; x_wconf 78' lang='lat' dir='ltr'><strong>fuit</strong></span> <span class='ocrx_word' id='word_1_505' title='bbox 3391 2776 3652 2841; x_wconf 86' lang='lat' dir='ltr'><strong>Thomas,</strong></span> 
     </span>
    </p>
   </div>
   <div class='ocr_carea' id='block_1_65' title="bbox 2066 2865 3656 2937">
    <p class='ocr_par' dir='ltr' id='par_1_65' title="bbox 2066 2865 3656 2937">
     <span class='ocr_line' id='line_1_65' title="bbox 2066 2865 3656 2937; baseline 0.001 -16"><span class='ocrx_word' id='word_1_506' title='bbox 2066 2870 2157 2921; x_wconf 88' lang='lat' dir='ltr'><strong>sed</strong></span> <span class='ocrx_word' id='word_1_507' title='bbox 2174 2865 2727 2937; x_wconf 63' lang='lat' dir='ltr'><strong>Petrus—Tempore</strong></span> <span class='ocrx_word' id='word_1_508' title='bbox 2744 2866 3007 2935; x_wconf 88' lang='lat' dir='ltr'><strong>passionis</strong></span> <span class='ocrx_word' id='word_1_509' title='bbox 3025 2866 3199 2922; x_wconf 91' lang='lat' dir='ltr'><strong>deitas</strong></span> <span class='ocrx_word' id='word_1_510' title='bbox 3215 2882 3246 2922; x_wconf 90' lang='lat' dir='ltr'><strong>e</strong></span> <span class='ocrx_word' id='word_1_511' title='bbox 3262 2882 3486 2937; x_wconf 90' lang='lat' dir='ltr'><strong>corpore</strong></span> <span class='ocrx_word' id='word_1_512' title='bbox 3504 2868 3656 2922; x_wconf 90' lang='lat' dir='ltr'><strong>Chri-</strong></span> 
     </span>
    </p>
   </div>
   <div class='ocr_carea' id='block_1_66' title="bbox 2065 2956 3659 3028">
    <p class='ocr_par' dir='ltr' id='par_1_66' title="bbox 2065 2956 3659 3028">
     <span class='ocr_line' id='line_1_66' title="bbox 2065 2956 3659 3028; baseline 0 -15"><span class='ocrx_word' id='word_1_513' title='bbox 2065 2959 2131 3013; x_wconf 90' lang='lat' dir='ltr'><strong>sti</strong></span> <span class='ocrx_word' id='word_1_514' title='bbox 2150 2957 2416 3023; x_wconf 87' lang='lat' dir='ltr'><strong>discessit,</strong></span> <span class='ocrx_word' id='word_1_515' title='bbox 2433 2965 2607 3012; x_wconf 90' lang='lat' dir='ltr'><strong>etnon</strong></span> <span class='ocrx_word' id='word_1_516' title='bbox 2626 2956 2872 3014; x_wconf 85' lang='lat' dir='ltr'><strong>discessit</strong></span> <span class='ocrx_word' id='word_1_517' title='bbox 2888 2957 2956 3011; x_wconf 89' lang='lat' dir='ltr'><strong>ab</strong></span> <span class='ocrx_word' id='word_1_518' title='bbox 2974 2958 3149 3012; x_wconf 89' lang='lat' dir='ltr'><strong>anima</strong></span> <span class='ocrx_word' id='word_1_519' title='bbox 3172 2972 3270 3013; x_wconf 89' lang='lat' dir='ltr'><strong>nec</strong></span> <span class='ocrx_word' id='word_1_520' title='bbox 3285 2972 3315 3012; x_wconf 92' lang='lat' dir='ltr'><strong>a</strong></span> <span class='ocrx_word' id='word_1_521' title='bbox 3338 2973 3659 3028; x_wconf 86' lang='lat' dir='ltr'><strong>corpore.—</strong></span> 
     </span>
    </p>
   </div>
   <div class='ocr_carea' id='block_1_67' title="bbox 2067 3046 3653 3117">
    <p class='ocr_par' dir='ltr' id='par_1_67' title="bbox 2067 3046 3653 3117">
     <span class='ocr_line' id='line_1_67' title="bbox 2067 3046 3653 3117; baseline 0.001 -16"><span class='ocrx_word' id='word_1_522' title='bbox 2067 3047 2315 3116; x_wconf 81' lang='lat' dir='ltr'><strong>Salvator</strong></span> <span class='ocrx_word' id='word_1_523' title='bbox 2351 3048 2551 3117; x_wconf 90' lang='lat' dir='ltr'><strong>lytrum</strong></span> <span class='ocrx_word' id='word_1_524' title='bbox 2586 3061 2684 3116; x_wconf 91' lang='lat' dir='ltr'><strong>pro</strong></span> <span class='ocrx_word' id='word_1_525' title='bbox 2714 3046 2950 3100; x_wconf 88' lang='lat' dir='ltr'><strong>humano</strong></span> <span class='ocrx_word' id='word_1_526' title='bbox 3005 3061 3203 3117; x_wconf 79' lang='lat' dir='ltr'><strong>genere</strong></span> <span class='ocrx_word' id='word_1_527' title='bbox 3242 3050 3653 3117; x_wconf 87' lang='lat' dir='ltr'><strong>comprehenso,</strong></span> 
     </span>
    </p>
   </div>
   <div class='ocr_carea' id='block_1_68' title="bbox 2070 3138 3657 3209">
    <p class='ocr_par' dir='ltr' id='par_1_68' title="bbox 2070 3138 3657 3209">
     <span class='ocr_line' id='line_1_68' title="bbox 2070 3138 3657 3209; baseline 0 -17"><span class='ocrx_word' id='word_1_528' title='bbox 2070 3141 2342 3209; x_wconf 90' lang='lat' dir='ltr'><strong>proprium</strong></span> <span class='ocrx_word' id='word_1_529' title='bbox 2376 3138 2594 3194; x_wconf 89' lang='lat' dir='ltr'><strong>inimico</strong></span> <span class='ocrx_word' id='word_1_530' title='bbox 2610 3138 2924 3208; x_wconf 86' lang='lat' dir='ltr'><strong>sanguinem</strong></span> <span class='ocrx_word' id='word_1_531' title='bbox 2946 3138 3112 3205; x_wconf 90' lang='lat' dir='ltr'><strong>dedit,</strong></span> <span class='ocrx_word' id='word_1_532' title='bbox 3136 3138 3359 3193; x_wconf 89' lang='lat' dir='ltr'><strong>inimico</strong></span> <span class='ocrx_word' id='word_1_533' title='bbox 3388 3141 3529 3192; x_wconf 91' lang='lat' dir='ltr'><strong>hunc</strong></span> <span class='ocrx_word' id='word_1_534' title='bbox 3557 3140 3657 3194; x_wconf 88' lang='lat' dir='ltr'><strong>eli-</strong></span> 
     </span>
    </p>
   </div>
   <div class='ocr_carea' id='block_1_69' title="bbox 2070 3228 3659 3301">
    <p class='ocr_par' dir='ltr' id='par_1_69' title="bbox 2070 3228 3659 3301">
     <span class='ocr_line' id='line_1_69' title="bbox 2070 3228 3659 3301; baseline -0.001 -15"><span class='ocrx_word' id='word_1_535' title='bbox 2070 3240 2247 3301; x_wconf 90' lang='lat' dir='ltr'><strong>gente.</strong></span> <span class='ocrx_word' id='word_1_536' title='bbox 2272 3229 2385 3285; x_wconf 86' lang='lat' dir='ltr'><strong>Ete</strong></span> <span class='ocrx_word' id='word_1_537' title='bbox 2401 3228 2691 3293; x_wconf 90' lang='lat' dir='ltr'><strong>contrario,</strong></span> <span class='ocrx_word' id='word_1_538' title='bbox 2709 3245 2816 3284; x_wconf 89' lang='lat' dir='ltr'><strong>non</strong></span> <span class='ocrx_word' id='word_1_539' title='bbox 2848 3228 3087 3295; x_wconf 90' lang='lat' dir='ltr'><strong>inimico,</strong></span> <span class='ocrx_word' id='word_1_540' title='bbox 3106 3229 3199 3285; x_wconf 91' lang='lat' dir='ltr'><strong>sed</strong></span> <span class='ocrx_word' id='word_1_541' title='bbox 3223 3229 3330 3284; x_wconf 92' lang='lat' dir='ltr'><strong>Deo</strong></span> <span class='ocrx_word' id='word_1_542' title='bbox 3352 3229 3496 3284; x_wconf 86' lang='lat' dir='ltr'><strong>Patri</strong></span> <span class='ocrx_word' id='word_1_543' title='bbox 3516 3230 3659 3285; x_wconf 91' lang='lat' dir='ltr'><strong>hunc</strong></span> 
     </span>
    </p>
   </div>
   <div class='ocr_carea' id='block_1_70' title="bbox 2071 3320 3661 3379">
    <p class='ocr_par' dir='ltr' id='par_1_70' title="bbox 2071 3320 3661 3379">
     <span class='ocr_line' id='line_1_70' title="bbox 2071 3320 3661 3379; baseline -0.003 0"><span class='ocrx_word' id='word_1_544' title='bbox 2071 3324 2284 3379; x_wconf 87' lang='lat' dir='ltr'><strong>obtulit.</strong></span> <span class='ocrx_word' id='word_1_545' title='bbox 2305 3353 2376 3363; x_wconf 97' lang='lat'><strong>—</strong></span> <span class='ocrx_word' id='word_1_546' title='bbox 2392 3322 2689 3378; x_wconf 83' lang='lat' dir='ltr'><strong>Gloriosius</strong></span> <span class='ocrx_word' id='word_1_547' title='bbox 2704 3330 2758 3377; x_wconf 92' lang='lat' dir='ltr'><strong>et</strong></span> <span class='ocrx_word' id='word_1_548' title='bbox 2774 3320 3144 3377; x_wconf 85' lang='lat' dir='ltr'><strong>admirabilius</strong></span> <span class='ocrx_word' id='word_1_549' title='bbox 3183 3320 3429 3376; x_wconf 86' lang='lat' dir='ltr'><strong>Christus</strong></span> <span class='ocrx_word' id='word_1_550' title='bbox 3476 3336 3661 3375; x_wconf 86' lang='lat' dir='ltr'><strong>resur-</strong></span> 
     </span>
    </p>
   </div>
   <div class='ocr_carea' id='block_1_71' title="bbox 2074 3413 3662 3484">
    <p class='ocr_par' dir='ltr' id='par_1_71' title="bbox 2074 3413 3662 3484">
     <span class='ocr_line' id='line_1_71' title="bbox 2074 3413 3662 3484; baseline -0.003 -15"><span class='ocrx_word' id='word_1_551' title='bbox 2074 3416 2212 3470; x_wconf 80' lang='lat' dir='ltr'><strong>rexit</strong></span> <span class='ocrx_word' id='word_1_552' title='bbox 2249 3430 2410 3484; x_wconf 85' lang='lat' dir='ltr'><strong>quatn</strong></span> <span class='ocrx_word' id='word_1_553' title='bbox 2441 3415 2494 3469; x_wconf 93' lang='lat' dir='ltr'><strong>in</strong></span> <span class='ocrx_word' id='word_1_554' title='bbox 2521 3422 2703 3469; x_wconf 87' lang='lat' dir='ltr'><strong>monte</strong></span> <span class='ocrx_word' id='word_1_555' title='bbox 2739 3413 3152 3484; x_wconf 76' lang='lat' dir='ltr'><strong>transfiguratus</strong></span> <span class='ocrx_word' id='word_1_556' title='bbox 3171 3422 3271 3467; x_wconf 89' lang='lat' dir='ltr'><strong>est.</strong></span> <span class='ocrx_word' id='word_1_557' title='bbox 3289 3413 3355 3467; x_wconf 88' lang='lat' dir='ltr'><strong>Et</strong></span> <span class='ocrx_word' id='word_1_558' title='bbox 3376 3426 3662 3481; x_wconf 80' lang='lat' dir='ltr'><strong>resurgens</strong></span> 
     </span>
    </p>
   </div>
   <div class='ocr_carea' id='block_1_72' title="bbox 2073 3502 3663 3576">
    <p class='ocr_par' dir='ltr' id='par_1_72' title="bbox 2073 3502 3663 3576">
     <span class='ocr_line' id='line_1_72' title="bbox 2073 3502 3663 3576; baseline -0.003 -15"><span class='ocrx_word' id='word_1_559' title='bbox 2073 3523 2178 3561; x_wconf 92' lang='lat' dir='ltr'><strong>non</strong></span> <span class='ocrx_word' id='word_1_560' title='bbox 2215 3502 2443 3561; x_wconf 80' lang='lat' dir='ltr'><strong>mutavit</strong></span> <span class='ocrx_word' id='word_1_561' title='bbox 2482 3520 2680 3576; x_wconf 91' lang='lat' dir='ltr'><strong>corpus</strong></span> <span class='ocrx_word' id='word_1_562' title='bbox 2708 3508 2761 3560; x_wconf 93' lang='lat' dir='ltr'><strong>in</strong></span> <span class='ocrx_word' id='word_1_563' title='bbox 2783 3505 3005 3574; x_wconf 89' lang='lat' dir='ltr'><strong>gloriam</strong></span> <span class='ocrx_word' id='word_1_564' title='bbox 3028 3503 3129 3558; x_wconf 87' lang='lat' dir='ltr'><strong>sibi</strong></span> <span class='ocrx_word' id='word_1_565' title='bbox 3157 3502 3410 3569; x_wconf 88' lang='lat' dir='ltr'><strong>debitam,</strong></span> <span class='ocrx_word' id='word_1_566' title='bbox 3437 3505 3528 3558; x_wconf 91' lang='lat' dir='ltr'><strong>sed</strong></span> <span class='ocrx_word' id='word_1_567' title='bbox 3555 3503 3663 3558; x_wconf 81' lang='lat' dir='ltr'><strong>tale</strong></span> 
     </span>
    </p>
   </div>
   <div class='ocr_carea' id='block_1_73' title="bbox 2074 3594 3664 3666">
    <p class='ocr_par' dir='ltr' id='par_1_73' title="bbox 2074 3594 3664 3666">
     <span class='ocr_line' id='line_1_73' title="bbox 2074 3594 3664 3666; baseline -0.002 -15"><span class='ocrx_word' id='word_1_568' title='bbox 2074 3596 2556 3666; x_wconf 90' lang='lat' dir='ltr'><strong>monstravitquale</strong></span> <span class='ocrx_word' id='word_1_569' title='bbox 2567 3605 2686 3652; x_wconf 91' lang='lat' dir='ltr'><strong>erat</strong></span> <span class='ocrx_word' id='word_1_570' title='bbox 2698 3605 2821 3650; x_wconf 89' lang='lat' dir='ltr'><strong>ante</strong></span> <span class='ocrx_word' id='word_1_571' title='bbox 2834 3603 3084 3648; x_wconf 89' lang='lat' dir='ltr'><strong>mortem.</strong></span> <span class='ocrx_word' id='word_1_572' title='bbox 3109 3594 3175 3648; x_wconf 88' lang='lat' dir='ltr'><strong>Et</strong></span> <span class='ocrx_word' id='word_1_573' title='bbox 3192 3594 3516 3662; x_wconf 87' lang='lat' dir='ltr'><strong>hocquidem</strong></span> <span class='ocrx_word' id='word_1_574' title='bbox 3531 3594 3664 3648; x_wconf 89' lang='lat' dir='ltr'><strong>dicit</strong></span> 
     </span>
    </p>
   </div>
   <div class='ocr_carea' id='block_1_74' title="bbox 400 3679 1965 3757">
    <p class='ocr_par' dir='ltr' id='par_1_74' title="bbox 400 3679 1965 3757">
     <span class='ocr_line' id='line_1_74' title="bbox 400 3679 1965 3757; baseline 0.004 -25"><span class='ocrx_word' id='word_1_575' title='bbox 400 3679 966 3754; x_wconf 60' lang='lat' dir='ltr'><strong>Ila1pi._1tpooﬁvsyxs</strong></span> <span class='ocrx_word' id='word_1_576' title='bbox 1018 3682 1197 3738; x_wconf 90' lang='lat'><em>10610.</em></span> <span class='ocrx_word' id='word_1_577' title='bbox 1244 3713 1314 3724; x_wconf 91' lang='lat'>—</span> <span class='ocrx_word' id='word_1_578' title='bbox 1362 3685 1485 3738; x_wconf 84' lang='lat' dir='ltr'><strong>&#39;01t</strong></span> <span class='ocrx_word' id='word_1_579' title='bbox 1553 3687 1805 3757; x_wconf 85' lang='grc' dir='ltr'>κρεῖσσον</span> <span class='ocrx_word' id='word_1_580' title='bbox 1874 3686 1965 3740; x_wconf 72' lang='grc' dir='ltr'><strong>καὶ</strong></span> 
     </span>
    </p>
   </div>
   <div class='ocr_carea' id='block_1_75' title="bbox 2070 3679 3604 3757">
    <p class='ocr_par' dir='ltr' id='par_1_75' title="bbox 2080 3681 3604 3757">
     <span class='ocr_line' id='line_1_75' title="bbox 2080 3681 3604 3757; baseline -0.004 -16"><span class='ocrx_word' id='word_1_581' title='bbox 2080 3685 2341 3757; x_wconf 86' lang='lat' dir='ltr'><strong>Cyrillus,</strong></span> <span class='ocrx_word' id='word_1_582' title='bbox 2374 3686 2469 3741; x_wconf 89' lang='lat' dir='ltr'><strong>sed</strong></span> <span class='ocrx_word' id='word_1_583' title='bbox 2501 3685 2830 3741; x_wconf 90' lang='lat' dir='ltr'><strong>contrarium</strong></span> <span class='ocrx_word' id='word_1_584' title='bbox 2855 3682 3140 3753; x_wconf 82' lang='lat' dir='ltr'><strong>Dionysius</strong></span> <span class='ocrx_word' id='word_1_585' title='bbox 3191 3681 3604 3737; x_wconf 79' lang='lat' dir='ltr'><strong>Alexandrinus.</strong></span> 
     </span>
    </p>
   </div>
   <div class='ocr_carea' id='block_1_76' title="bbox 398 3772 3665 3855">
    <p class='ocr_par' dir='ltr' id='par_1_76' title="bbox 398 3772 3665 3855">
     <span class='ocr_line' id='line_1_76' title="bbox 398 3772 3665 3855; baseline -0.001 -29"><span class='ocrx_word' id='word_1_586' title='bbox 398 3774 840 3844; x_wconf 76' lang='grc' dir='ltr'>θαυμασιώτερον</span> <span class='ocrx_word' id='word_1_587' title='bbox 887 3775 985 3845; x_wconf 87' lang='grc' dir='ltr'><strong>τῆς</strong></span> <span class='ocrx_word' id='word_1_588' title='bbox 1008 3773 1164 3845; x_wconf 82' lang='grc' dir='ltr'>ἐντῷ</span> <span class='ocrx_word' id='word_1_589' title='bbox 1187 3775 1304 3846; x_wconf 83' lang='grc' dir='ltr'>δρει</span> <span class='ocrx_word' id='word_1_590' title='bbox 1362 3792 1430 3845; x_wconf 91' lang='grc' dir='ltr'><strong>με</strong></span> <span class='ocrx_word' id='word_1_591' title='bbox 1473 3776 1883 3847; x_wconf 66' lang='grc' dir='ltr'>ταμορςςὼσεως</span> <span class='ocrx_word' id='word_1_592' title='bbox 1933 3777 2461 3849; x_wconf 79' lang='grc' dir='ltr'>ἀνέστηόΧριστόςο</span> <span class='ocrx_word' id='word_1_593' title='bbox 2502 3777 2595 3831; x_wconf 78' lang='grc' dir='ltr'><strong>καὶ</strong></span> <span class='ocrx_word' id='word_1_594' title='bbox 2659 3777 2740 3855; x_wconf 75' lang='grc' dir='ltr'>ὅτι</span> <span class='ocrx_word' id='word_1_595' title='bbox 2805 3774 2866 3828; x_wconf 83' lang='grc' dir='ltr'>οὐ</span> <span class='ocrx_word' id='word_1_596' title='bbox 2910 3772 3387 3844; x_wconf 84' lang='grc' dir='ltr'>μετεστοιχείωσεν</span> <span class='ocrx_word' id='word_1_597' title='bbox 3421 3772 3665 3826; x_wconf 80' lang='grc' dir='ltr'>ἀναστὰς</span> 
     </span>
    </p>
   </div>
   <div class='ocr_carea' id='block_1_77' title="bbox 399 3862 3659 3942">
    <p class='ocr_par' dir='ltr' id='par_1_77' title="bbox 399 3862 3659 3942">
     <span class='ocr_line' id='line_1_77' title="bbox 399 3862 3659 3942; baseline 0.002 -22"><span class='ocrx_word' id='word_1_598' title='bbox 399 3867 644 3938; x_wconf 80' lang='grc' dir='ltr'>τδσῶμα</span> <span class='ocrx_word' id='word_1_599' title='bbox 694 3869 832 3940; x_wconf 79' lang='grc' dir='ltr'>πρὸς</span> <span class='ocrx_word' id='word_1_600' title='bbox 888 3868 1047 3934; x_wconf 78' lang='grc' dir='ltr'>δόξαν</span> <span class='ocrx_word' id='word_1_601' title='bbox 1088 3870 1189 3941; x_wconf 85' lang='grc' dir='ltr'><strong>τὴν</strong></span> <span class='ocrx_word' id='word_1_602' title='bbox 1236 3869 1385 3941; x_wconf 86' lang='grc' dir='ltr'><strong>αὐτῷ</strong></span> <span class='ocrx_word' id='word_1_603' title='bbox 1437 3872 1956 3942; x_wconf 83' lang='grc' dir='ltr'>κεχρεωστημένην,</span> <span class='ocrx_word' id='word_1_604' title='bbox 1994 3872 2133 3926; x_wconf 86' lang='grc' dir='ltr'>ἀλλὰ</span> <span class='ocrx_word' id='word_1_605' title='bbox 2181 3872 2423 3927; x_wconf 77' lang='grc' dir='ltr'>τοιοῦτον</span> <span class='ocrx_word' id='word_1_606' title='bbox 2458 3872 2657 3938; x_wconf 77' lang='grc' dir='ltr'>ἔδειξεν</span> <span class='ocrx_word' id='word_1_607' title='bbox 2698 3862 2808 3925; x_wconf 73' lang='grc' dir='ltr'>οἷον</span> <span class='ocrx_word' id='word_1_608' title='bbox 2836 3863 2906 3940; x_wconf 78' lang='grc' dir='ltr'><strong>ἦν</strong></span> <span class='ocrx_word' id='word_1_609' title='bbox 2937 3869 3031 3922; x_wconf 72' lang='grc' dir='ltr'>καὶ</span> <span class='ocrx_word' id='word_1_610' title='bbox 3080 3867 3188 3939; x_wconf 80' lang='grc' dir='ltr'>πρὸ</span> <span class='ocrx_word' id='word_1_611' title='bbox 3252 3866 3347 3920; x_wconf 81' lang='grc' dir='ltr'>τοῦ</span> <span class='ocrx_word' id='word_1_612' title='bbox 3407 3868 3659 3925; x_wconf 83' lang='grc' dir='ltr'>θανάτου.</span> 
     </span>
    </p>
   </div>
   <div class='ocr_carea' id='block_1_78' title="bbox 400 3946 2745 4037">
    <p class='ocr_par' dir='ltr' id='par_1_78' title="bbox 400 3946 2745 4037">
     <span class='ocr_line' id='line_1_78' title="bbox 400 3946 2745 4037; baseline 0.003 -25"><span class='ocrx_word' id='word_1_613' title='bbox 400 3960 509 4013; x_wconf 74' lang='grc' dir='ltr'><strong>Καὶ</strong></span> <span class='ocrx_word' id='word_1_614' title='bbox 549 3946 708 4013; x_wconf 75' lang='lat'><em>10610</em></span> <span class='ocrx_word' id='word_1_615' title='bbox 756 3960 855 4031; x_wconf 72' lang='grc' dir='ltr'>μὲν</span> <span class='ocrx_word' id='word_1_616' title='bbox 908 3961 1055 4031; x_wconf 80' lang='grc' dir='ltr'>λέγει</span> <span class='ocrx_word' id='word_1_617' title='bbox 1104 3961 1395 4034; x_wconf 89' lang='grc' dir='ltr'>Κύριλλος,</span> <span class='ocrx_word' id='word_1_618' title='bbox 1426 3963 1488 4017; x_wconf 90' lang='lat'><strong>16</strong></span> <span class='ocrx_word' id='word_1_619' title='bbox 1540 3963 1597 4016; x_wconf 84' lang='grc' dir='ltr'>δὲ</span> <span class='ocrx_word' id='word_1_620' title='bbox 1649 3964 1976 4018; x_wconf 82' lang='grc' dir='ltr'>ἀντίθετονὸ</span> <span class='ocrx_word' id='word_1_621' title='bbox 2028 3966 2433 4037; x_wconf 80' lang='grc' dir='ltr'><strong>Ἀλεξανδρείας</strong></span> <span class='ocrx_word' id='word_1_622' title='bbox 2452 3965 2745 4027; x_wconf 90' lang='grc' dir='ltr'>Διονύσιος.</span> 
     </span>
    </p>
   </div>
   <div class='ocr_carea' id='block_1_79' title="bbox 466 4048 1965 4127">
    <p class='ocr_par' dir='ltr' id='par_1_79' title="bbox 466 4051 1965 4127">
     <span class='ocr_line' id='line_1_79' title="bbox 466 4051 1965 4127; baseline 0.001 -21"><span class='ocrx_word' id='word_1_623' title='bbox 466 4051 589 4123; x_wconf 77' lang='grc'><strong>[901</strong></span> <span class='ocrx_word' id='word_1_624' title='bbox 617 4051 714 4123; x_wconf 63' lang='lat' dir='ltr'><strong>IL]</strong></span> <span class='ocrx_word' id='word_1_625' title='bbox 745 4053 866 4105; x_wconf 84' lang='grc' dir='ltr'><strong>Ὅτι</strong></span> <span class='ocrx_word' id='word_1_626' title='bbox 903 4053 961 4105; x_wconf 81' lang='grc' dir='ltr'><strong>ἐν</strong></span> <span class='ocrx_word' id='word_1_627' title='bbox 986 4056 1053 4123; x_wconf 81' lang='grc' dir='ltr'>τῇ</span> <span class='ocrx_word' id='word_1_628' title='bbox 1087 4053 1364 4127; x_wconf 81' lang='grc' dir='ltr'><strong>δωδεκάτῃ</strong></span> <span class='ocrx_word' id='word_1_629' title='bbox 1420 4053 1515 4107; x_wconf 82' lang='grc' dir='ltr'><strong>τοῦ</strong></span> <span class='ocrx_word' id='word_1_630' title='bbox 1562 4055 1780 4123; x_wconf 85' lang='grc' dir='ltr'>πρώτου</span> <span class='ocrx_word' id='word_1_631' title='bbox 1811 4054 1965 4125; x_wconf 77' lang='grc' dir='ltr'>μηνὸς</span> 
     </span>
    </p>
   </div>
   <div class='ocr_carea' id='block_1_80' title="bbox 2070 4048 3665 4127">
    <p class='ocr_par' dir='ltr' id='par_1_80' title="bbox 2153 4048 3665 4123">
     <span class='ocr_line' id='line_1_80' title="bbox 2153 4048 3665 4123; baseline -0.005 -14"><span class='ocrx_word' id='word_1_632' title='bbox 2153 4056 2479 4109; x_wconf 87' lang='lat' dir='ltr'><strong>Duodecimo</strong></span> <span class='ocrx_word' id='word_1_633' title='bbox 2503 4052 2660 4123; x_wconf 91' lang='lat' dir='ltr'><strong>primi</strong></span> <span class='ocrx_word' id='word_1_634' title='bbox 2686 4051 2887 4108; x_wconf 86' lang='lat' dir='ltr'><strong>mensis</strong></span> <span class='ocrx_word' id='word_1_635' title='bbox 2911 4048 3185 4104; x_wconf 89' lang='lat' dir='ltr'><strong>Christum</strong></span> <span class='ocrx_word' id='word_1_636' title='bbox 3211 4048 3375 4103; x_wconf 83' lang='lat' dir='ltr'><strong>Maria</strong></span> <span class='ocrx_word' id='word_1_637' title='bbox 3407 4048 3458 4103; x_wconf 91' lang='lat' dir='ltr'><strong>in</strong></span> <span class='ocrx_word' id='word_1_638' title='bbox 3504 4048 3665 4105; x_wconf 85' lang='lat' dir='ltr'><strong>domo</strong></span> 
     </span>
    </p>
   </div>
   <div class='ocr_carea' id='block_1_81' title="bbox 403 4140 1965 4216">
    <p class='ocr_par' dir='ltr' id='par_1_81' title="bbox 403 4142 1965 4216">
     <span class='ocr_line' id='line_1_81' title="bbox 403 4142 1965 4216; baseline 0.001 -22"><span class='ocrx_word' id='word_1_639' title='bbox 403 4142 587 4215; x_wconf 66' lang='grc' dir='ltr'>ἤλειφε</span> <span class='ocrx_word' id='word_1_640' title='bbox 608 4143 700 4197; x_wconf 81' lang='grc' dir='ltr'>τὸν</span> <span class='ocrx_word' id='word_1_641' title='bbox 730 4143 933 4216; x_wconf 81' lang='grc' dir='ltr'><strong>Κύριον</strong></span> <span class='ocrx_word' id='word_1_642' title='bbox 951 4143 1187 4213; x_wconf 82' lang='grc' dir='ltr'><strong>ήΜαρία</strong></span> <span class='ocrx_word' id='word_1_643' title='bbox 1203 4143 1247 4175; x_wconf 73' lang='grc'><strong>⁸⁸</strong></span> <span class='ocrx_word' id='word_1_644' title='bbox 1281 4144 1438 4215; x_wconf 86' lang='grc' dir='ltr'>μύρῳ</span> <span class='ocrx_word' id='word_1_645' title='bbox 1464 4145 1522 4198; x_wconf 76' lang='grc' dir='ltr'><strong>ἐν</strong></span> <span class='ocrx_word' id='word_1_646' title='bbox 1556 4144 1705 4215; x_wconf 75' lang='grc' dir='ltr'>οἰκίᾳ</span> <span class='ocrx_word' id='word_1_647' title='bbox 1733 4144 1965 4213; x_wconf 80' lang='grc' dir='ltr'>Σίμωνος</span> 
     </span>
    </p>
   </div>
   <div class='ocr_carea' id='block_1_82' title="bbox 2070 4140 3663 4216">
    <p class='ocr_par' dir='ltr' id='par_1_82' title="bbox 2085 4140 3663 4215">
     <span class='ocr_line' id='line_1_82' title="bbox 2085 4140 3663 4215; baseline -0.006 -13"><span class='ocrx_word' id='word_1_648' title='bbox 2085 4147 2322 4202; x_wconf 87' lang='lat' dir='ltr'><strong>Simonis</strong></span> <span class='ocrx_word' id='word_1_649' title='bbox 2372 4145 2566 4215; x_wconf 83' lang='lat' dir='ltr'><strong>leprosi</strong></span> <span class='ocrx_word' id='word_1_650' title='bbox 2616 4152 2891 4214; x_wconf 89' lang='lat' dir='ltr'><strong>unguento</strong></span> <span class='ocrx_word' id='word_1_651' title='bbox 2933 4142 3122 4205; x_wconf 82' lang='lat' dir='ltr'><strong>unxit,</strong></span> <span class='ocrx_word' id='word_1_652' title='bbox 3167 4148 3223 4196; x_wconf 92' lang='lat' dir='ltr'><strong>et</strong></span> <span class='ocrx_word' id='word_1_653' title='bbox 3258 4140 3467 4195; x_wconf 88' lang='lat' dir='ltr'><strong>decimo</strong></span> <span class='ocrx_word' id='word_1_654' title='bbox 3503 4140 3663 4195; x_wconf 91' lang='lat' dir='ltr'><strong>tertio</strong></span> 
     </span>
    </p>
   </div>
   <div class='ocr_carea' id='block_1_83' title="bbox 403 4229 1965 4303">
    <p class='ocr_par' dir='ltr' id='par_1_83' title="bbox 403 4232 1965 4303">
     <span class='ocr_line' id='line_1_83' title="bbox 403 4232 1965 4303; baseline 0 -19"><span class='ocrx_word' id='word_1_655' title='bbox 403 4232 496 4285; x_wconf 77' lang='lat'><strong>106</strong></span> <span class='ocrx_word' id='word_1_656' title='bbox 550 4234 776 4303; x_wconf 83' lang='grc' dir='ltr'>λεπροῦ,</span> <span class='ocrx_word' id='word_1_657' title='bbox 830 4235 888 4286; x_wconf 82' lang='grc' dir='ltr'><strong>ἐν</strong></span> <span class='ocrx_word' id='word_1_658' title='bbox 946 4233 1003 4286; x_wconf 84' lang='grc' dir='ltr'>δὲ</span> <span class='ocrx_word' id='word_1_659' title='bbox 1056 4235 1122 4303; x_wconf 80' lang='grc' dir='ltr'>τῇ</span> <span class='ocrx_word' id='word_1_660' title='bbox 1184 4238 1251 4301; x_wconf 78' lang='grc' dir='ltr'>ιγ’</span> <span class='ocrx_word' id='word_1_661' title='bbox 1295 4233 1358 4285; x_wconf 85' lang='grc' dir='ltr'>τὸ</span> <span class='ocrx_word' id='word_1_662' title='bbox 1412 4232 1675 4302; x_wconf 82' lang='grc' dir='ltr'>μυστικὸν</span> <span class='ocrx_word' id='word_1_663' title='bbox 1712 4233 1965 4286; x_wconf 76' lang='grc' dir='ltr'>δεῖπνονί</span> 
     </span>
    </p>
   </div>
   <div class='ocr_carea' id='block_1_84' title="bbox 2070 4229 3664 4303">
    <p class='ocr_par' dir='ltr' id='par_1_84' title="bbox 2084 4229 3664 4300">
     <span class='ocr_line' id='line_1_84' title="bbox 2084 4229 3664 4300; baseline -0.006 -7"><span class='ocrx_word' id='word_1_664' title='bbox 2084 4239 2343 4293; x_wconf 88' lang='lat' dir='ltr'><strong>Christus</strong></span> <span class='ocrx_word' id='word_1_665' title='bbox 2398 4250 2608 4291; x_wconf 87' lang='lat' dir='ltr'><strong>sacram</strong></span> <span class='ocrx_word' id='word_1_666' title='bbox 2645 4249 2856 4290; x_wconf 75' lang='lat' dir='ltr'><strong>ctenam</strong></span> <span class='ocrx_word' id='word_1_667' title='bbox 2898 4231 3175 4300; x_wconf 83' lang='lat' dir='ltr'><strong>discipulis</strong></span> <span class='ocrx_word' id='word_1_668' title='bbox 3224 4230 3387 4285; x_wconf 89' lang='lat' dir='ltr'><strong>dedit.</strong></span> <span class='ocrx_word' id='word_1_669' title='bbox 3443 4229 3664 4283; x_wconf 88' lang='lat' dir='ltr'><strong>Decimo</strong></span> 
     </span>
    </p>
   </div>
   <div class='ocr_carea' id='block_1_85' title="bbox 404 4320 1965 4400">
    <p class='ocr_par' dir='ltr' id='par_1_85' title="bbox 404 4323 1965 4396">
     <span class='ocr_line' id='line_1_85' title="bbox 404 4323 1965 4396; baseline -0.002 -18"><span class='ocrx_word' id='word_1_670' title='bbox 404 4324 606 4395; x_wconf 83' lang='grc' dir='ltr'>Κύριος</span> <span class='ocrx_word' id='word_1_671' title='bbox 663 4325 999 4396; x_wconf 86' lang='grc' dir='ltr'>παραδίδωσι</span> <span class='ocrx_word' id='word_1_672' title='bbox 1054 4326 1166 4388; x_wconf 82' lang='grc' dir='ltr'>τοῖς</span> <span class='ocrx_word' id='word_1_673' title='bbox 1214 4323 1507 4395; x_wconf 82' lang='grc' dir='ltr'>μαθηταῖς,</span> <span class='ocrx_word' id='word_1_674' title='bbox 1536 4327 1594 4378; x_wconf 90' lang='grc' dir='ltr'><strong>ἐν</strong></span> <span class='ocrx_word' id='word_1_675' title='bbox 1652 4324 1708 4377; x_wconf 85' lang='grc' dir='ltr'>δὲ</span> <span class='ocrx_word' id='word_1_676' title='bbox 1747 4327 1813 4395; x_wconf 82' lang='grc' dir='ltr'><strong>τῇ</strong></span> <span class='ocrx_word' id='word_1_677' title='bbox 1840 4325 1897 4377; x_wconf 84' lang='grc' dir='ltr'><strong>ιδ’</strong></span> <span class='ocrx_word' id='word_1_678' title='bbox 1923 4324 1965 4377; x_wconf 74' lang='lat' dir='ltr'><strong>1i</strong></span> 
     </span>
    </p>
   </div>
   <div class='ocr_carea' id='block_1_86' title="bbox 2070 4320 3655 4400">
    <p class='ocr_par' dir='ltr' id='par_1_86' title="bbox 2085 4320 3655 4400">
     <span class='ocr_line' id='line_1_86' title="bbox 2085 4320 3655 4400; baseline -0.006 -17"><span class='ocrx_word' id='word_1_679' title='bbox 2085 4341 2278 4400; x_wconf 89' lang='lat' dir='ltr'><strong>quarto</strong></span> <span class='ocrx_word' id='word_1_680' title='bbox 2308 4328 2599 4384; x_wconf 89' lang='lat' dir='ltr'><strong>salutarem</strong></span> <span class='ocrx_word' id='word_1_681' title='bbox 2641 4326 2945 4395; x_wconf 87' lang='lat' dir='ltr'><strong>passionem</strong></span> <span class='ocrx_word' id='word_1_682' title='bbox 2987 4323 3173 4377; x_wconf 86' lang='lat' dir='ltr'><strong>subiit.</strong></span> <span class='ocrx_word' id='word_1_683' title='bbox 3213 4321 3432 4375; x_wconf 88' lang='lat' dir='ltr'><strong>Decimo</strong></span> <span class='ocrx_word' id='word_1_684' title='bbox 3463 4320 3655 4387; x_wconf 89' lang='lat' dir='ltr'><strong>quinto</strong></span> 
     </span>
    </p>
   </div>
   <div class='ocr_carea' id='block_1_87' title="bbox 405 4413 1965 4486">
    <p class='ocr_par' dir='ltr' id='par_1_87' title="bbox 405 4413 1965 4486">
     <span class='ocr_line' id='line_1_87' title="bbox 405 4413 1965 4486; baseline 0 -19"><span class='ocrx_word' id='word_1_685' title='bbox 405 4418 670 4486; x_wconf 81' lang='grc' dir='ltr'>σωτήριον</span> <span class='ocrx_word' id='word_1_686' title='bbox 732 4415 942 4484; x_wconf 86' lang='grc' dir='ltr'>ὑπέστη</span> <span class='ocrx_word' id='word_1_687' title='bbox 978 4415 1170 4479; x_wconf 84' lang='grc' dir='ltr'>πάθος,</span> <span class='ocrx_word' id='word_1_688' title='bbox 1223 4415 1280 4467; x_wconf 89' lang='grc' dir='ltr'><strong>ἐν</strong></span> <span class='ocrx_word' id='word_1_689' title='bbox 1312 4414 1370 4467; x_wconf 78' lang='grc' dir='ltr'>δὲ</span> <span class='ocrx_word' id='word_1_690' title='bbox 1419 4417 1486 4485; x_wconf 81' lang='grc' dir='ltr'>τῇ</span> <span class='ocrx_word' id='word_1_691' title='bbox 1542 4413 1602 4467; x_wconf 87' lang='grc' dir='ltr'>ιε’</span> <span class='ocrx_word' id='word_1_692' title='bbox 1657 4415 1721 4467; x_wconf 84' lang='grc' dir='ltr'><strong>ἐκ</strong></span> <span class='ocrx_word' id='word_1_693' title='bbox 1771 4413 1965 4485; x_wconf 64' lang='grc' dir='ltr'>νεκρῶπ</span> 
     </span>
    </p>
   </div>
   <div class='ocr_carea' id='block_1_88' title="bbox 2070 4413 3666 4486">
    <p class='ocr_par' dir='ltr' id='par_1_88' title="bbox 2088 4416 3666 4480">
     <span class='ocr_line' id='line_1_88' title="bbox 2088 4416 3666 4480; baseline -0.008 -3"><span class='ocrx_word' id='word_1_694' title='bbox 2088 4421 2387 4477; x_wconf 75' lang='lat' dir='ltr'><strong>resurrexit</strong></span> <span class='ocrx_word' id='word_1_695' title='bbox 2435 4433 2466 4472; x_wconf 89' lang='lat' dir='ltr'><strong>a</strong></span> <span class='ocrx_word' id='word_1_696' title='bbox 2505 4418 2751 4480; x_wconf 88' lang='lat' dir='ltr'><strong>mortuis,</strong></span> <span class='ocrx_word' id='word_1_697' title='bbox 2804 4426 2855 4471; x_wconf 93' lang='lat' dir='ltr'><strong>et</strong></span> <span class='ocrx_word' id='word_1_698' title='bbox 2903 4416 3112 4469; x_wconf 90' lang='lat' dir='ltr'><strong>decimo</strong></span> <span class='ocrx_word' id='word_1_699' title='bbox 3168 4422 3321 4467; x_wconf 85' lang='lat' dir='ltr'><strong>sexto</strong></span> <span class='ocrx_word' id='word_1_700' title='bbox 3360 4418 3666 4479; x_wconf 85' lang='lat' dir='ltr'><strong>assumptus</strong></span> 
     </span>
    </p>
   </div>
   <div class='ocr_carea' id='block_1_89' title="bbox 402 4504 1965 4578">
    <p class='ocr_par' dir='ltr' id='par_1_89' title="bbox 402 4504 1965 4578">
     <span class='ocr_line' id='line_1_89' title="bbox 402 4504 1965 4578; baseline -0.001 -19"><span class='ocrx_word' id='word_1_701' title='bbox 402 4508 601 4576; x_wconf 81' lang='grc' dir='ltr'>ἀνέστη</span> <span class='ocrx_word' id='word_1_702' title='bbox 625 4508 739 4571; x_wconf 54' lang='grc' dir='ltr'><strong>,καὶ⁸</strong></span> <span class='ocrx_word' id='word_1_703' title='bbox 764 4509 831 4578; x_wconf 80' lang='grc' dir='ltr'>τῇ</span> <span class='ocrx_word' id='word_1_704' title='bbox 855 4513 928 4572; x_wconf 78' lang='grc' dir='ltr'><strong>ις’</strong></span> <span class='ocrx_word' id='word_1_705' title='bbox 954 4505 1000 4538; x_wconf 70' lang='grc'>⁸⁸</span> <span class='ocrx_word' id='word_1_706' title='bbox 1027 4504 1326 4576; x_wconf 80' lang='grc' dir='ltr'>ἀνελήφθη·</span> <span class='ocrx_word' id='word_1_707' title='bbox 1350 4504 1383 4575; x_wconf 76' lang='grc' dir='ltr'>ἦ</span> <span class='ocrx_word' id='word_1_708' title='bbox 1415 4506 1513 4575; x_wconf 82' lang='grc' dir='ltr'>οὐχ</span> <span class='ocrx_word' id='word_1_709' title='bbox 1538 4504 1731 4570; x_wconf 81' lang='grc' dir='ltr'>οὕτως,</span> <span class='ocrx_word' id='word_1_710' title='bbox 1761 4506 1897 4560; x_wconf 89' lang='grc' dir='ltr'><strong>ἀλλά</strong></span> <span class='ocrx_word' id='word_1_711' title='bbox 1925 4510 1965 4558; x_wconf 84' lang='grc' dir='ltr'>τ¹</span> 
     </span>
    </p>
   </div>
   <div class='ocr_carea' id='block_1_90' title="bbox 2070 4504 3665 4578">
    <p class='ocr_par' dir='ltr' id='par_1_90' title="bbox 2101 4504 3665 4577">
     <span class='ocr_line' id='line_1_90' title="bbox 2101 4504 3665 4577; baseline -0.01 -11"><span class='ocrx_word' id='word_1_712' title='bbox 2101 4521 2201 4567; x_wconf 86' lang='lat' dir='ltr'><strong>est.</strong></span> <span class='ocrx_word' id='word_1_713' title='bbox 2228 4509 2323 4563; x_wconf 87' lang='lat' dir='ltr'><strong>Vel</strong></span> <span class='ocrx_word' id='word_1_714' title='bbox 2356 4524 2462 4563; x_wconf 91' lang='lat' dir='ltr'><strong>non</strong></span> <span class='ocrx_word' id='word_1_715' title='bbox 2504 4507 2702 4577; x_wconf 74' lang='lat' dir='ltr'><strong>291a</strong></span> <span class='ocrx_word' id='word_1_716' title='bbox 2735 4509 2803 4560; x_wconf 90' lang='lat' dir='ltr'><strong>ita</strong></span> <span class='ocrx_word' id='word_1_717' title='bbox 2832 4523 2845 4558; x_wconf 88' lang='lat'><strong>:</strong></span> <span class='ocrx_word' id='word_1_718' title='bbox 2877 4506 2970 4559; x_wconf 88' lang='lat' dir='ltr'><strong>sed</strong></span> <span class='ocrx_word' id='word_1_719' title='bbox 3006 4504 3217 4559; x_wconf 86' lang='lat' dir='ltr'><strong>decimo</strong></span> <span class='ocrx_word' id='word_1_720' title='bbox 3237 4508 3430 4569; x_wconf 88' lang='lat' dir='ltr'><strong>quarto</strong></span> <span class='ocrx_word' id='word_1_721' title='bbox 3456 4513 3665 4554; x_wconf 89' lang='lat' dir='ltr'><strong>sacram</strong></span> 
     </span>
    </p>
   </div>
   <div class='ocr_carea' id='block_1_91' title="bbox 406 4577 1965 4669">
    <p class='ocr_par' dir='ltr' id='par_1_91' title="bbox 406 4577 1965 4669">
     <span class='ocr_line' id='line_1_91' title="bbox 406 4577 1965 4669; baseline -0.002 -18"><span class='ocrx_word' id='word_1_722' title='bbox 406 4598 504 4669; x_wconf 79' lang='grc' dir='ltr'>μὲν</span> <span class='ocrx_word' id='word_1_723' title='bbox 535 4596 596 4652; x_wconf 83' lang='grc' dir='ltr'><strong>ιδ’</strong></span> <span class='ocrx_word' id='word_1_724' title='bbox 628 4599 689 4652; x_wconf 88' lang='lat'><strong>16</strong></span> <span class='ocrx_word' id='word_1_725' title='bbox 716 4577 979 4667; x_wconf 76' lang='grc' dir='ltr'>μυστικὸν</span> <span class='ocrx_word' id='word_1_726' title='bbox 1022 4596 1193 4665; x_wconf 75' lang='grc' dir='ltr'>ἔφαγε</span> <span class='ocrx_word' id='word_1_727' title='bbox 1235 4595 1470 4661; x_wconf 86' lang='grc' dir='ltr'>δεῖπνον,</span> <span class='ocrx_word' id='word_1_728' title='bbox 1502 4599 1568 4667; x_wconf 79' lang='grc' dir='ltr'>τῇ</span> <span class='ocrx_word' id='word_1_729' title='bbox 1602 4596 1659 4650; x_wconf 86' lang='grc' dir='ltr'>δὲ</span> <span class='ocrx_word' id='word_1_730' title='bbox 1688 4602 1748 4649; x_wconf 78' lang='grc' dir='ltr'>ιε’</span> <span class='ocrx_word' id='word_1_731' title='bbox 1778 4595 1965 4648; x_wconf 56' lang='grc' dir='ltr'>ἐσταυθ</span> 
     </span>
    </p>
   </div>
   <div class='ocr_carea' id='block_1_92' title="bbox 2070 4577 3664 4669">
    <p class='ocr_par' dir='ltr' id='par_1_92' title="bbox 2084 4590 3664 4663">
     <span class='ocr_line' id='line_1_92' title="bbox 2084 4590 3664 4663; baseline -0.01 -4"><span class='ocrx_word' id='word_1_732' title='bbox 2084 4618 2295 4659; x_wconf 74' lang='lat' dir='ltr'><strong>cmnam</strong></span> <span class='ocrx_word' id='word_1_733' title='bbox 2331 4600 2706 4660; x_wconf 87' lang='lat' dir='ltr'><strong>manducavit,</strong></span> <span class='ocrx_word' id='word_1_734' title='bbox 2755 4596 2964 4649; x_wconf 85' lang='lat' dir='ltr'><strong>decimo</strong></span> <span class='ocrx_word' id='word_1_735' title='bbox 2999 4594 3190 4663; x_wconf 90' lang='lat' dir='ltr'><strong>quinto</strong></span> <span class='ocrx_word' id='word_1_736' title='bbox 3231 4590 3525 4645; x_wconf 89' lang='lat' dir='ltr'><strong>cruciﬁxus</strong></span> <span class='ocrx_word' id='word_1_737' title='bbox 3554 4598 3664 4651; x_wconf 87' lang='lat' dir='ltr'><strong>est.</strong></span> 
     </span>
    </p>
   </div>
   <div class='ocr_carea' id='block_1_93' title="bbox 406 4680 1965 4762">
    <p class='ocr_par' dir='ltr' id='par_1_93' title="bbox 406 4686 1965 4762">
     <span class='ocr_line' id='line_1_93' title="bbox 406 4686 1965 4762; baseline -0.003 -20"><span class='ocrx_word' id='word_1_738' title='bbox 406 4688 575 4762; x_wconf 86' lang='grc' dir='ltr'>ρώθη,</span> <span class='ocrx_word' id='word_1_739' title='bbox 635 4688 832 4759; x_wconf 85' lang='grc' dir='ltr'>ἀνέστη</span> <span class='ocrx_word' id='word_1_740' title='bbox 860 4688 915 4741; x_wconf 82' lang='grc' dir='ltr'>δὲ</span> <span class='ocrx_word' id='word_1_741' title='bbox 938 4691 1005 4759; x_wconf 82' lang='grc' dir='ltr'>τῇ</span> <span class='ocrx_word' id='word_1_742' title='bbox 1038 4694 1112 4756; x_wconf 85' lang='grc' dir='ltr'><strong>ις’</strong></span> <span class='ocrx_word' id='word_1_743' title='bbox 1134 4687 1209 4719; x_wconf 66' lang='grc' dir='ltr'><strong>δι’</strong></span> <span class='ocrx_word' id='word_1_744' title='bbox 1247 4687 1281 4758; x_wconf 77' lang='grc' dir='ltr'>ἢ</span> <span class='ocrx_word' id='word_1_745' title='bbox 1333 4688 1417 4741; x_wconf 80' lang='grc' dir='ltr'><strong>ὅτι</strong></span> <span class='ocrx_word' id='word_1_746' title='bbox 1472 4687 1593 4739; x_wconf 81' lang='grc' dir='ltr'>οὐδὲ</span> <span class='ocrx_word' id='word_1_747' title='bbox 1641 4686 1817 4751; x_wconf 80' lang='grc' dir='ltr'>τοῦτο,</span> <span class='ocrx_word' id='word_1_748' title='bbox 1861 4686 1965 4738; x_wconf 83' lang='grc' dir='ltr'>ἀλλ¹</span> 
     </span>
    </p>
   </div>
   <div class='ocr_carea' id='block_1_94' title="bbox 2070 4680 3669 4762">
    <p class='ocr_par' dir='ltr' id='par_1_94' title="bbox 2089 4680 3669 4751">
     <span class='ocr_line' id='line_1_94' title="bbox 2089 4680 3669 4751; baseline -0.01 0"><span class='ocrx_word' id='word_1_749' title='bbox 2089 4696 2304 4751; x_wconf 89' lang='lat' dir='ltr'><strong>decimo</strong></span> <span class='ocrx_word' id='word_1_750' title='bbox 2351 4701 2504 4746; x_wconf 82' lang='lat' dir='ltr'><strong>sexto</strong></span> <span class='ocrx_word' id='word_1_751' title='bbox 2545 4688 2860 4743; x_wconf 78' lang='lat' dir='ltr'><strong>resurrexit.</strong></span> <span class='ocrx_word' id='word_1_752' title='bbox 2892 4686 2986 4741; x_wconf 85' lang='lat' dir='ltr'><strong>Vel</strong></span> <span class='ocrx_word' id='word_1_753' title='bbox 3014 4697 3187 4747; x_wconf 89' lang='lat' dir='ltr'><strong>neque</strong></span> <span class='ocrx_word' id='word_1_754' title='bbox 3241 4682 3364 4745; x_wconf 91' lang='lat' dir='ltr'><strong>hoc,</strong></span> <span class='ocrx_word' id='word_1_755' title='bbox 3398 4680 3493 4735; x_wconf 89' lang='lat' dir='ltr'><strong>sed</strong></span> <span class='ocrx_word' id='word_1_756' title='bbox 3544 4691 3669 4749; x_wconf 87' lang='lat' dir='ltr'><strong>post</strong></span> 
     </span>
    </p>
   </div>
   <div class='ocr_carea' id='block_1_95' title="bbox 401 4771 1965 4852">
    <p class='ocr_par' dir='ltr' id='par_1_95' title="bbox 401 4778 1965 4852">
     <span class='ocr_line' id='line_1_95' title="bbox 401 4778 1965 4852; baseline -0.003 -19"><span class='ocrx_word' id='word_1_757' title='bbox 401 4782 483 4833; x_wconf 76' lang='grc' dir='ltr'><strong>ὅτι</strong></span> <span class='ocrx_word' id='word_1_758' title='bbox 534 4784 834 4852; x_wconf 78' lang='grc' dir='ltr'>τριήμερος</span> <span class='ocrx_word' id='word_1_759' title='bbox 901 4781 998 4850; x_wconf 82' lang='grc' dir='ltr'>μὲν</span> <span class='ocrx_word' id='word_1_760' title='bbox 1045 4780 1137 4833; x_wconf 75' lang='grc' dir='ltr'><strong>καὶ</strong></span> <span class='ocrx_word' id='word_1_761' title='bbox 1165 4780 1223 4833; x_wconf 91' lang='grc' dir='ltr'>ἐν</span> <span class='ocrx_word' id='word_1_762' title='bbox 1267 4780 1331 4849; x_wconf 85' lang='grc' dir='ltr'>τῇ</span> <span class='ocrx_word' id='word_1_763' title='bbox 1394 4779 1646 4848; x_wconf 84' lang='grc' dir='ltr'>Κυριακῇ</span> <span class='ocrx_word' id='word_1_764' title='bbox 1696 4778 1965 4845; x_wconf 75' lang='grc' dir='ltr'>γέγονενή</span> 
     </span>
    </p>
   </div>
   <div class='ocr_carea' id='block_1_96' title="bbox 2070 4771 3669 4852">
    <p class='ocr_par' dir='ltr' id='par_1_96' title="bbox 2079 4771 3669 4846">
     <span class='ocr_line' id='line_1_96' title="bbox 2079 4771 3669 4846; baseline -0.011 -4"><span class='ocrx_word' id='word_1_765' title='bbox 2079 4787 2353 4846; x_wconf 87' lang='lat' dir='ltr'><strong>triduum,</strong></span> <span class='ocrx_word' id='word_1_766' title='bbox 2389 4792 2443 4838; x_wconf 90' lang='lat' dir='ltr'><strong>et</strong></span> <span class='ocrx_word' id='word_1_767' title='bbox 2473 4784 2525 4835; x_wconf 93' lang='lat' dir='ltr'><strong>in</strong></span> <span class='ocrx_word' id='word_1_768' title='bbox 2570 4779 2849 4834; x_wconf 89' lang='lat' dir='ltr'><strong>Dominica</strong></span> <span class='ocrx_word' id='word_1_769' title='bbox 2890 4776 3030 4831; x_wconf 83' lang='lat' dir='ltr'><strong>facta</strong></span> <span class='ocrx_word' id='word_1_770' title='bbox 3074 4783 3155 4830; x_wconf 88' lang='lat' dir='ltr'><strong>est</strong></span> <span class='ocrx_word' id='word_1_771' title='bbox 3204 4771 3555 4835; x_wconf 86' lang='lat' dir='ltr'><strong>resurrectio,</strong></span> <span class='ocrx_word' id='word_1_772' title='bbox 3612 4778 3669 4825; x_wconf 87' lang='lat' dir='ltr'><strong>et</strong></span> 
     </span>
    </p>
   </div>
   <div class='ocr_carea' id='block_1_97' title="bbox 402 4868 1965 4950">
    <p class='ocr_par' dir='ltr' id='par_1_97' title="bbox 402 4868 1965 4944">
     <span class='ocr_line' id='line_1_97' title="bbox 402 4868 1965 4944; baseline -0.001 -21"><span class='ocrx_word' id='word_1_773' title='bbox 402 4871 497 4925; x_wconf 90' lang='lat'><strong>106</strong></span> <span class='ocrx_word' id='word_1_774' title='bbox 551 4872 755 4944; x_wconf 85' lang='grc' dir='ltr'>Κυρίου</span> <span class='ocrx_word' id='word_1_775' title='bbox 810 4872 1124 4936; x_wconf 82' lang='grc' dir='ltr'>ἀνάστασις,</span> <span class='ocrx_word' id='word_1_776' title='bbox 1177 4870 1271 4923; x_wconf 69' lang='grc' dir='ltr'>καὶ</span> <span class='ocrx_word' id='word_1_777' title='bbox 1328 4869 1466 4939; x_wconf 77' lang='grc' dir='ltr'>μετὰ</span> <span class='ocrx_word' id='word_1_778' title='bbox 1513 4874 1565 4938; x_wconf 83' lang='grc' dir='ltr'>μ’</span> <span class='ocrx_word' id='word_1_779' title='bbox 1622 4868 1838 4940; x_wconf 78' lang='grc' dir='ltr'>ἡμέρας</span> <span class='ocrx_word' id='word_1_780' title='bbox 1886 4870 1965 4921; x_wconf 82' lang='grc' dir='ltr'><strong>ἀν-</strong></span> 
     </span>
    </p>
   </div>
   <div class='ocr_carea' id='block_1_98' title="bbox 2070 4868 3205 4950">
    <p class='ocr_par' dir='ltr' id='par_1_98' title="bbox 2082 4872 3205 4950">
     <span class='ocr_line' id='line_1_98' title="bbox 2082 4872 3205 4950; baseline -0.013 -15"><span class='ocrx_word' id='word_1_781' title='bbox 2082 4888 2205 4950; x_wconf 87' lang='lat' dir='ltr'><strong>post</strong></span> <span class='ocrx_word' id='word_1_782' title='bbox 2240 4876 2597 4946; x_wconf 89' lang='lat' dir='ltr'><strong>quadraginta</strong></span> <span class='ocrx_word' id='word_1_783' title='bbox 2623 4872 2741 4926; x_wconf 87' lang='lat' dir='ltr'><strong>dies</strong></span> <span class='ocrx_word' id='word_1_784' title='bbox 2766 4879 3074 4937; x_wconf 87' lang='lat' dir='ltr'><strong>assumptus</strong></span> <span class='ocrx_word' id='word_1_785' title='bbox 3098 4876 3205 4922; x_wconf 86' lang='lat' dir='ltr'><strong>est.</strong></span> 
     </span>
    </p>
   </div>
   <div class='ocr_carea' id='block_1_99' title="bbox 406 4965 637 5035">
    <p class='ocr_par' dir='ltr' id='par_1_99' title="bbox 406 4965 637 5035">
     <span class='ocr_line' id='line_1_99' title="bbox 406 4965 637 5035; baseline 0.017 -18"><span class='ocrx_word' id='word_1_786' title='bbox 406 4965 637 5035; x_wconf 73' lang='grc' dir='ltr'>ελήφθη.</span> 
     </span>
    </p>
   </div>
   <div class='ocr_carea' id='block_1_100' title="bbox 468 4967 1965 5127">
    <p class='ocr_par' dir='ltr' id='par_1_100' title="bbox 468 4967 1965 5127">
     <span class='ocr_line' id='line_1_100' title="bbox 548 4967 637 5021; baseline 0.034 -3"><span class='ocrx_word' id='word_1_787' title='bbox 548 4967 575 5018; x_wconf 93' lang='grc' dir='ltr'><strong>θ</strong></span> <span class='ocrx_word' id='word_1_788' title='bbox 624 5008 637 5021; x_wconf 95' lang='grc'><strong>.</strong></span> 
     </span>
     <span class='ocr_line' id='line_1_101' title="bbox 468 4967 1965 5127; baseline -0.005 -16"><span class='ocrx_word' id='word_1_789' title='bbox 642 5057 752 5111; x_wconf 80' lang='grc' dir='ltr'>ἀπὸ</span> <span class='ocrx_word' id='word_1_790' title='bbox 809 5057 912 5126; x_wconf 79' lang='grc' dir='ltr'><strong>τῆς</strong></span> <span class='ocrx_word' id='word_1_791' title='bbox 965 5056 1201 5127; x_wconf 75' lang='grc' dir='ltr'>ἑσπέρας</span> <span class='ocrx_word' id='word_1_792' title='bbox 1246 5055 1348 5123; x_wconf 83' lang='grc' dir='ltr'>τῆς</span> <span class='ocrx_word' id='word_1_793' title='bbox 1398 5054 1461 5117; x_wconf 85' lang='grc' dir='ltr'>ε’,</span> <span class='ocrx_word' id='word_1_794' title='bbox 1494 5054 1580 5107; x_wconf 78' lang='grc' dir='ltr'><strong>ὅτε</strong></span> <span class='ocrx_word' id='word_1_795' title='bbox 1632 5054 1692 5105; x_wconf 88' lang='grc' dir='ltr'><strong>τὸ</strong></span> <span class='ocrx_word' id='word_1_796' title='bbox 1725 5052 1965 5122; x_wconf 67' lang='grc' dir='ltr'>μυστικὸε</span> 
     </span>
    </p>
   </div>
   <div class='ocr_carea' id='block_1_101' title="bbox 2070 4967 3666 5127">
    <p class='ocr_par' dir='ltr' id='par_1_101' title="bbox 2164 5036 3666 5123">
     <span class='ocr_line' id='line_1_102' title="bbox 2164 5036 3666 5123; baseline -0.012 -14"><span class='ocrx_word' id='word_1_797' title='bbox 2164 5056 2207 5109; x_wconf 83' lang='grc' dir='ltr'>Α</span> <span class='ocrx_word' id='word_1_798' title='bbox 2234 5066 2460 5123; x_wconf 83' lang='lat' dir='ltr'><strong>vespera</strong></span> <span class='ocrx_word' id='word_1_799' title='bbox 2486 5050 2675 5119; x_wconf 89' lang='lat' dir='ltr'><strong>quinta</strong></span> <span class='ocrx_word' id='word_1_800' title='bbox 2700 5061 2820 5102; x_wconf 91' lang='lat' dir='ltr'><strong>cum</strong></span> <span class='ocrx_word' id='word_1_801' title='bbox 2860 5045 3120 5100; x_wconf 87' lang='lat' dir='ltr'><strong>Dominus</strong></span> <span class='ocrx_word' id='word_1_802' title='bbox 3149 5054 3360 5099; x_wconf 58' lang='lat' dir='ltr'><strong>caenam</strong></span> <span class='ocrx_word' id='word_1_803' title='bbox 3390 5036 3666 5108; x_wconf 86' lang='lat' dir='ltr'><strong>discipulis</strong></span> 
     </span>
    </p>
   </div>
   <div class='ocr_carea' id='block_1_102' title="bbox 405 5134 1965 5218">
    <p class='ocr_par' dir='ltr' id='par_1_102' title="bbox 405 5144 1965 5218">
     <span class='ocr_line' id='line_1_103' title="bbox 405 5144 1965 5218; baseline -0.007 -13"><span class='ocrx_word' id='word_1_804' title='bbox 405 5152 618 5205; x_wconf 78' lang='grc' dir='ltr'>δεῖπνον</span> <span class='ocrx_word' id='word_1_805' title='bbox 642 5152 671 5203; x_wconf 94' lang='lat'><strong>6</strong></span> <span class='ocrx_word' id='word_1_806' title='bbox 701 5148 911 5218; x_wconf 89' lang='grc' dir='ltr'>Κύριος</span> <span class='ocrx_word' id='word_1_807' title='bbox 942 5146 1233 5217; x_wconf 84' lang='grc' dir='ltr'>παρεδίδου</span> <span class='ocrx_word' id='word_1_808' title='bbox 1287 5149 1402 5208; x_wconf 87' lang='grc' dir='ltr'>τοῖς</span> <span class='ocrx_word' id='word_1_809' title='bbox 1441 5145 1729 5215; x_wconf 81' lang='grc' dir='ltr'>μαθηταῖς,</span> <span class='ocrx_word' id='word_1_810' title='bbox 1764 5144 1885 5197; x_wconf 89' lang='grc' dir='ltr'>τότε</span> <span class='ocrx_word' id='word_1_811' title='bbox 1924 5144 1965 5196; x_wconf 78' lang='lat' dir='ltr'><strong>1i</strong></span> 
     </span>
    </p>
   </div>
   <div class='ocr_carea' id='block_1_103' title="bbox 2070 5134 3205 5218">
    <p class='ocr_par' dir='ltr' id='par_1_103' title="bbox 2092 5134 3205 5211">
     <span class='ocr_line' id='line_1_104' title="bbox 2092 5134 3205 5211; baseline -0.013 -12"><span class='ocrx_word' id='word_1_812' title='bbox 2092 5144 2260 5211; x_wconf 88' lang='lat' dir='ltr'><strong>dedit,</strong></span> <span class='ocrx_word' id='word_1_813' title='bbox 2292 5151 2421 5195; x_wconf 89' lang='lat' dir='ltr'><strong>tunc</strong></span> <span class='ocrx_word' id='word_1_814' title='bbox 2460 5152 2659 5207; x_wconf 88' lang='lat' dir='ltr'><strong>corpus</strong></span> <span class='ocrx_word' id='word_1_815' title='bbox 2680 5150 2836 5191; x_wconf 88' lang='lat' dir='ltr'><strong>suum</strong></span> <span class='ocrx_word' id='word_1_816' title='bbox 2861 5134 3205 5190; x_wconf 89' lang='lat' dir='ltr'><strong>sacriﬁcavit.</strong></span> 
     </span>
    </p>
   </div>
   <div class='ocr_carea' id='block_1_104' title="bbox 410 5240 1041 5312">
    <p class='ocr_par' dir='ltr' id='par_1_104' title="bbox 410 5240 1041 5312">
     <span class='ocr_line' id='line_1_105' title="bbox 410 5240 1041 5312; baseline -0.002 -18"><span class='ocrx_word' id='word_1_817' title='bbox 410 5241 567 5312; x_wconf 82' lang='grc' dir='ltr'>σῶμα</span> <span class='ocrx_word' id='word_1_818' title='bbox 601 5240 766 5294; x_wconf 80' lang='grc' dir='ltr'>αὐτοῦ</span> <span class='ocrx_word' id='word_1_819' title='bbox 801 5240 1041 5293; x_wconf 81' lang='grc' dir='ltr'>ἐτέθυτο.</span> 
     </span>
    </p>
   </div>
   <div class='ocr_carea' id='block_1_105' title="bbox 472 5391 1489 5462">
    <p class='ocr_par' dir='ltr' id='par_1_105' title="bbox 472 5391 1489 5462">
     <span class='ocr_line' id='line_1_106' title="bbox 472 5391 1489 5462; baseline -0.004 -11"><span class='ocrx_word' id='word_1_820' title='bbox 472 5412 488 5451; x_wconf 77' lang='grc' dir='ltr'><strong>ι</strong></span> <span class='ocrx_word' id='word_1_821' title='bbox 528 5398 693 5454; x_wconf 78' lang='lat' dir='ltr'><strong>Marc.</strong></span> <span class='ocrx_word' id='word_1_822' title='bbox 725 5413 847 5462; x_wconf 75' lang='lat' dir='ltr'><strong>xm,</strong></span> <span class='ocrx_word' id='word_1_823' title='bbox 887 5397 977 5452; x_wconf 67' lang='lat'><strong>3&#39;2.</strong></span> <span class='ocrx_word' id='word_1_824' title='bbox 1062 5396 1087 5435; x_wconf 77' lang='grc' dir='ltr'>Ιι</span> <span class='ocrx_word' id='word_1_825' title='bbox 1116 5394 1247 5449; x_wconf 80' lang='lat' dir='ltr'><strong>Luc.</strong></span> <span class='ocrx_word' id='word_1_826' title='bbox 1277 5409 1373 5458; x_wconf 80' lang='lat' dir='ltr'><strong>vn,</strong></span> <span class='ocrx_word' id='word_1_827' title='bbox 1400 5391 1489 5447; x_wconf 70' lang='lat'><strong>28.</strong></span> 
     </span>
    </p>
   </div>
   <div class='ocr_carea' id='block_1_106' title="bbox 1705 5511 2384 5573">
    <p class='ocr_par' dir='ltr' id='par_1_106' title="bbox 1705 5511 2384 5573">
     <span class='ocr_line' id='line_1_107' title="bbox 1705 5511 2384 5573; baseline -0.012 0"><span class='ocrx_word' id='word_1_828' title='bbox 1705 5518 1937 5573; x_wconf 57' lang='lat' dir='ltr'><strong>VARI/1&#39;1</strong></span> <span class='ocrx_word' id='word_1_829' title='bbox 1978 5511 2384 5572; x_wconf 80' lang='lat' dir='ltr'><strong>LECTIONES.</strong></span> 
     </span>
    </p>
   </div>
   <div class='ocr_carea' id='block_1_107' title="bbox 508 5608 2651 5697">
    <p class='ocr_par' dir='ltr' id='par_1_107' title="bbox 508 5608 2651 5697">
     <span class='ocr_line' id='line_1_108' title="bbox 508 5608 2651 5697; baseline -0.011 -14"><span class='ocrx_word' id='word_1_830' title='bbox 508 5632 551 5663; x_wconf 75' lang='grc'>³⁸</span> <span class='ocrx_word' id='word_1_831' title='bbox 580 5629 847 5697; x_wconf 73' lang='grc' dir='ltr'>κεφάλαια</span> <span class='ocrx_word' id='word_1_832' title='bbox 873 5646 932 5693; x_wconf 82' lang='grc' dir='ltr'><strong>ς.</strong></span> <span class='ocrx_word' id='word_1_833' title='bbox 1039 5626 1080 5659; x_wconf 79' lang='grc' dir='ltr'><strong>³τ</strong></span> <span class='ocrx_word' id='word_1_834' title='bbox 1122 5626 1149 5678; x_wconf 94' lang='lat'><strong>6</strong></span> <span class='ocrx_word' id='word_1_835' title='bbox 1172 5632 1232 5697; x_wconf 84' lang='lat' dir='ltr'><strong>et</strong></span> <span class='ocrx_word' id='word_1_836' title='bbox 1280 5622 1341 5697; x_wconf 86' lang='lat'><em>1_6_</em></span> <span class='ocrx_word' id='word_1_837' title='bbox 1373 5631 1440 5697; x_wconf 83' lang='lat' dir='ltr'><strong>_e_t</strong></span> <span class='ocrx_word' id='word_1_838' title='bbox 1493 5620 1719 5697; x_wconf 69' lang='lat' dir='ltr'><strong>alterum</strong></span> <span class='ocrx_word' id='word_1_839' title='bbox 1750 5616 1943 5697; x_wconf 37' lang='lat' dir='ltr'><strong>citadel.</strong></span> <span class='ocrx_word' id='word_1_840' title='bbox 1976 5614 2035 5666; x_wconf 81' lang='grc' dir='ltr'>Λ.</span> <span class='ocrx_word' id='word_1_841' title='bbox 2148 5612 2190 5644; x_wconf 76' lang='grc'><strong>³⁸</strong></span> <span class='ocrx_word' id='word_1_842' title='bbox 2229 5608 2351 5661; x_wconf 73' lang='grc' dir='ltr'>οὕτε</span> <span class='ocrx_word' id='word_1_843' title='bbox 2388 5609 2427 5659; x_wconf 82' lang='grc' dir='ltr'><strong>Β</strong></span> <span class='ocrx_word' id='word_1_844' title='bbox 2460 5624 2472 5661; x_wconf 90' lang='lat'>:</span> <span class='ocrx_word' id='word_1_845' title='bbox 2501 5608 2561 5660; x_wconf 81' lang='grc' dir='ltr'>οὐ</span> <span class='ocrx_word' id='word_1_846' title='bbox 2592 5624 2651 5669; x_wconf 75' lang='grc' dir='ltr'><strong>ς.</strong></span> 
     </span>
    </p>
   </div>
   <div class='ocr_carea' id='block_1_108' title="bbox 411 5686 1853 5771">
    <p class='ocr_par' dir='ltr' id='par_1_108' title="bbox 411 5686 1853 5771">
     <span class='ocr_line' id='line_1_109' title="bbox 411 5686 1853 5771; baseline -0.01 -17"><span class='ocrx_word' id='word_1_847' title='bbox 411 5701 457 5733; x_wconf 70' lang='grc'><strong>⁸⁸</strong></span> <span class='ocrx_word' id='word_1_848' title='bbox 492 5700 588 5771; x_wconf 70' lang='grc' dir='ltr'><strong>ις’]</strong></span> <span class='ocrx_word' id='word_1_849' title='bbox 616 5686 1011 5768; x_wconf 65' lang='grc' dir='ltr'>ἐξακαιδεδιάτῃ</span> <span class='ocrx_word' id='word_1_850' title='bbox 1031 5697 1090 5752; x_wconf 84' lang='grc' dir='ltr'>Β.</span> <span class='ocrx_word' id='word_1_851' title='bbox 1168 5696 1209 5727; x_wconf 78' lang='grc'><strong>’⁸⁸</strong></span> <span class='ocrx_word' id='word_1_852' title='bbox 1247 5691 1344 5763; x_wconf 77' lang='grc' dir='ltr'><strong>ις’]</strong></span> <span class='ocrx_word' id='word_1_853' title='bbox 1369 5688 1759 5758; x_wconf 74' lang='grc' dir='ltr'>ἐξακαιδεκάτῃ</span> <span class='ocrx_word' id='word_1_854' title='bbox 1796 5686 1853 5739; x_wconf 86' lang='grc' dir='ltr'><strong>Β.</strong></span> 
     </span>
    </p>
   </div>
   <div class='ocr_carea' id='block_1_109' title="bbox 2748 5593 3649 5668">
    <p class='ocr_par' dir='ltr' id='par_1_109' title="bbox 2748 5593 3649 5668">
     <span class='ocr_line' id='line_1_110' title="bbox 2748 5593 3649 5668; baseline -0.012 -8"><span class='ocrx_word' id='word_1_855' title='bbox 2748 5608 2790 5639; x_wconf 75' lang='grc'><strong>³³</strong></span> <span class='ocrx_word' id='word_1_856' title='bbox 2812 5602 2883 5661; x_wconf 82' lang='lat' dir='ltr'><strong>cf.</strong></span> <span class='ocrx_word' id='word_1_857' title='bbox 2906 5601 3116 5658; x_wconf 86' lang='lat' dir='ltr'><strong>Suicer.</strong></span> <span class='ocrx_word' id='word_1_858' title='bbox 3148 5600 3339 5656; x_wconf 84' lang='lat' dir='ltr'><strong>Thess.</strong></span> <span class='ocrx_word' id='word_1_859' title='bbox 3374 5613 3414 5665; x_wconf 83' lang='grc' dir='ltr'><strong>ι,</strong></span> <span class='ocrx_word' id='word_1_860' title='bbox 3448 5612 3496 5668; x_wconf 85' lang='lat' dir='ltr'><strong>p.</strong></span> <span class='ocrx_word' id='word_1_861' title='bbox 3524 5593 3649 5651; x_wconf 79' lang='lat'><strong>386.</strong></span> 
     </span>
    </p>
   </div>
  </div>
