3964 6246
312 335 450 400 1103

1482 323 1742 389 ΡΗΟΤΠ
1783 321 2290 386 ΡΑΤΒΙΑΒΕΗίΕ
2321 319 2427 388 CP,

3426 316 3562 382 1104

380 447 658 504 Hactenus
703 443 918 516 quidem
958 443 1022 497 de
1062 435 1442 496 communibus
1475 436 1737 493 doctrinis
1781 435 1884 491 Ec-

2060 435 2238 505 Μέχρι
2275 433 2374 506 μέν
2399 427 2493 488 οὖν
2531 431 2736 486 τούτων
2795 433 2924 502 περὶ
2949 430 3057 485 τῶν
3079 429 3274 486 κοινῶν
3301 429 3400 501 τῆς
3440 433 3563 485 Ἑκ-

311 541 494 597 οιοείω
545 546 601 594 et
632 534 1017 606 quaestionibus
1045 546 1141 602 per
1189 530 1370 586 omnia
1408 527 1524 585 iere
1559 529 1735 598 capita
1777 527 1888 583 dis-

314 632 509 696 seruit,
539 629 856 699 plerumque
885 639 980 694 per
1010 622 1283 680 contraria
1315 621 1627 676 testimonia
1658 619 1887 674 alteram

314 719 760 780 contradictionis
781 727 986 788 partem
1010 715 1360 778 conﬁrmans,
1385 727 1552 782 pauca
1575 727 1706 767 vero
1731 710 1889 765 unius

314 815 584 885 opinionis
615 811 941 868 testimoniis
970 808 1316 866 conﬁrmans.
1359 807 1496 862 Hinc
1522 815 1703 861 autem
1736 820 1886 874 quae-

318 908 441 962 dam
490 905 664 974 capita
694 902 1041 970 partieularia
1074 913 1300 955 numero
1337 897 1634 954 octodecim
1666 903 1885 959 tractat,

315 1008 412 1051 ut:
447 995 642 1062 Quales
678 995 958 1064 opiniones
1003 991 1251 1046 habuerit
1300 989 1534 1043 Severus
1574 987 1642 1043 de
1686 985 1890 1042 sanctis

317 1092 571 1147 Ecclesia:
609 1087 1022 1145 sacerdotibus?
1077 1095 1129 1141 et
1168 1085 1436 1154 quomodo
1472 1080 1674 1136 sentiat
1718 1076 1786 1131 de
1821 1075 1890 1130 iis

318 1198 436 1252 quas
475 1182 616 1236 dicta
651 1188 775 1234 sunt
807 1194 834 1230 a
872 1175 1069 1248 Cyrillo
1101 1183 1154 1230 et
1213 1173 1420 1230 Joanne
1457 1172 1510 1226 in
1555 1166 1782 1239 epistola
1819 1165 1886 1219 ad

318 1269 580 1324 Thomam
604 1265 974 1323 Gcrmaniceae
1019 1261 1366 1335 episcopum?
1395 1269 1448 1315 et
1488 1259 1629 1328 quod
1675 1271 1736 1312 ea
1769 1269 1890 1326 quae

318 1360 459 1414 dicta
491 1366 618 1415 sunt
649 1356 715 1412 de
749 1355 1141 1411 restauratione
1188 1368 1370 1408 rerum
1402 1367 1431 1404 a
1463 1348 1720 1419 Gregorio
1751 1346 1888 1417 Nys-

319 1467 451 1506 seno
478 1466 582 1505 non
616 1450 825 1519 probet,
858 1461 1031 1516 neque
1055 1444 1275 1515 Papiam
1299 1445 1609 1512 episcopum
1639 1437 1892 1506 llieropo—

321 1543 567 1606 litanum,
599 1549 654 1595 et
683 1549 1000 1610 martyrem,
1040 1551 1144 1592 nec
1177 1544 1421 1591 sanctum
1455 1531 1715 1586 lremeum
1785 1526 1891 1581 Lu-

320 1635 676 1703 gdunensem,
713 1629 803 1684 ubi
839 1630 1026 1684 dicunt
1049 1642 1273 1698 regnum
1313 1623 1572 1679 caelorum
1602 1633 1723 1676 esse
1752 1616 1890 1672 frui-

321 1726 521 1779 tionem
548 1722 839 1794 quamdam
864 1721 1109 1776 ciborum
1138 1716 1498 1773 sensibilium.

1987 528 2216 598 κλησίοις
2259 526 2548 596 δογμάτων
2600 542 2660 578 τε
2702 523 2796 578 καὶ
2843 523 3173 595 ζητημάτων
3218 521 3417 593 μικροῦ
3475 521 3564 576 διὰ

1990 619 2207 673 πάντων
2234 618 2345 671 τῶν
2371 616 2683 685 κεφαλαίων
2724 617 2961 669 ἐποιεῖτο
2983 613 3075 668 τὸν
3099 613 3278 682 λόγον,
3309 612 3378 666 τὰ
3407 611 3563 665 πλεῖ-

1990 726 2093 765 στα
2121 709 2220 780 μέν
2267 709 2334 763 δι’
2384 706 2781 779 ἀντικειμένων
2819 709 3072 778 χρήσεων
3102 705 3364 777 ἑκάτερον
3395 704 3564 775 μέρος

1989 803 2091 872 τῆς
2119 801 2442 864 ἀντιθέσεως
2477 799 2808 873 ἐπικουρῶν,
2839 799 2995 868 ὀλίγα
3037 799 3095 853 δέ
3120 799 3213 852 καὶ
3237 795 3564 868 μονομερέσι

1993 892 2323 964 μαρτυρίαις
2373 892 2726 947 ἐπιϐεϐαιῶν.
2788 890 3070 944 Ἐντεῦθεν
3120 890 3177 943 δέ
3218 889 3346 959 περί
3399 904 3564 940 τινων

1993 984 2176 1038 ίδικῶν
2199 984 2508 1053 κεφαλαίων
2535 984 2628 1036 τὸν
2669 982 2902 1053 ἀριθμὸν
2930 980 3304 1035 ὀκτωκαίδεκα
3331 978 3564 1048 διαλαμ-

1990 1073 2165 1136 ϐάνει,
2195 1068 2306 1127 οἷον
2341 1073 2495 1136 τίνας
2519 1069 2668 1143 εἶχεν
2695 1071 2992 1142 ὑπολήψεις
3021 1071 3260 1142 Σεϐῆρος
3291 1071 3421 1141 περὶ
3453 1069 3566 1122 τῶν

1987 1167 2087 1235 τῆς
2121 1166 2451 1236 Ἐκκλησίας
2504 1166 2670 1220 ὁσίων
2718 1165 3128 1235 μυσταγωγῶν;
3171 1163 3266 1216 καὶ
3291 1163 3439 1226 ὅπως
3467 1163 3551 1214 δι-

1991 1255 2151 1326 ετέθη
2177 1255 2314 1325 πρὸς
2335 1254 2405 1310 τὰ
2433 1255 2700 1325 εἰρημένα
2723 1251 2872 1324 παρά
2897 1250 3166 1322 Κυρίλλου
3189 1253 3280 1304 καὶ
3317 1251 3563 1306 Ἰωάννου

1990 1345 2049 1399 ἐν
2077 1349 2141 1418 τῇ
2172 1347 2308 1415 πρὸς
2345 1346 2548 1417 Θωμᾶν
2570 1345 2660 1400 τὸν
2679 1327 2976 1399 ἐπίσκοπον
3001 1343 3436 1417 Γερμανικείας;
3469 1343 3566 1395 καὶ

1991 1437 2073 1492 ὅτι
2102 1438 2181 1509 τῷ
2226 1440 2284 1492 ἐν
2313 1439 2491 1508 ἁγίοις
2550 1439 2864 1510 Γρηγορίῳ,
2896 1438 2973 1510 τῷ
3002 1439 3288 1508 ἐπισκόπῳ
3318 1437 3564 1505 Νύσσηςν

1988 1526 2060 1581 τά
2084 1529 2352 1599 εἰρημένα
2373 1529 2502 1600 περὶ
2528 1528 3031 1591 ἀποκαταστάσεως
3069 1526 3170 1580 οὐκ
3211 1525 3564 1595 ἀποδέχεται,

1991 1619 2051 1672 οὐ
2087 1618 2193 1692 μὴν
2221 1619 2335 1673 ἀλλ’
2363 1619 2486 1674 οὐδὲ
2516 1617 2734 1674 Παπίαν
2762 1619 2854 1673 τὸν
2887 1618 2952 1672 ἰε
2965 1617 3243 1689 ραπόλεως
3269 1617 3565 1669 ἐπίσκοπον

1995 1710 2089 1764 καὶ
2120 1711 2397 1784 μάρτυρα,
2450 1711 2573 1765 οὐδὲ
2616 1712 2906 1782 Εἰρηναῖον
2953 1709 3044 1764 τὸν
3093 1710 3238 1762 ὅσιον
3268 1708 3568 1762 ἐπίσκοπον

319 1817 703 1887 Δουγδούνων,
776 1817 835 1869 ἐν
913 1809 996 1876 οἷς
1063 1812 1314 1880 λέγουσιν
1391 1804 1664 1877 αἰσθητῶν
1723 1819 1888 1856 τινων
1927 1800 2234 1875 βρωμάτων
2277 1805 2581 1861 ἀπόλαυσιν
2631 1800 2893 1875 εἶναιτὴν
2921 1803 3030 1858 τῶν
3097 1802 3343 1874 οὐρανῶν
3411 1800 3567 1871 βασι-

319 1913 487 1967 λείαν.

393 2007 558 2060 Divus
582 2004 812 2060 Basilius
839 2009 1089 2058 sanctum
1125 1997 1435 2069 Dionysium
1469 1991 1892 2050 Alexandrinum
1921 1990 1970 2050 B

325 2101 377 2152 in
410 2097 542 2152 locis
567 2096 751 2149 multis
774 2109 876 2148 non
908 2091 1167 2154 admittit,
1196 2088 1429 2143 maxime
1454 2084 1543 2140 ubi
1569 2081 1894 2139 Arianorum

323 2187 570 2243 haeresim
599 2183 901 2238 conﬁrmat.
928 2180 1175 2236 Defendit
1199 2179 1344 2232 illum
1383 2191 1490 2231 non
1510 2183 1568 2228 ut
1591 2172 1753 2241 impia
1776 2185 1897 2225 sen-

327 2281 568 2343 tientem,
603 2277 697 2330 sed
725 2275 867 2344 quod
905 2274 1070 2327 nimio
1099 2270 1392 2325 Sabellium
1417 2264 1757 2338 oppugnandi
1782 2273 1897 2316 stu-

323 2371 411 2425 dio
441 2369 605 2422 verbo
633 2376 790 2420 tenus
817 2366 868 2418 in
895 2364 1233 2419 contrariam
1264 2357 1542 2414 deﬂexerit
1564 2356 1893 2426 Opinionem.

323 2461 462 2528 Quin
505 2469 560 2513 et
591 2458 656 2511 de
707 2456 910 2524 Spiritu
958 2463 1146 2507 sancto
1185 2451 1346 2518 impia
1393 2448 1539 2502 illum
1574 2446 1738 2499 verba
1777 2442 1898 2497 fun-

322 2553 474 2608 dere.
520 2547 837 2616 ——Magnus
882 2543 1209 2600 Athanasius
1256 2541 1399 2595 hunc
1445 2537 1759 2607 Dionysium
1799 2535 1896 2593 de-

324 2643 496 2697 fendit
529 2657 546 2694 :
581 2639 903 2707 Dionysius,
972 2633 1176 2702 inquit,
1247 2645 1509 2701 nunquam
1564 2625 1719 2681 sensit
1779 2640 1896 2678 cum

326 2733 564 2799 Arianis,
606 2746 697 2784 nec
741 2729 1010 2782 veritatem
1039 2724 1321 2795 ignoravit,
1355 2736 1446 2775 nec
1493 2720 1557 2773 ab
1610 2717 1732 2771 aliis
1790 2716 1898 2783 epi-

325 2825 498 2892 scopis
521 2820 809 2891 impietatis
830 2817 1117 2871 damnatus
1138 2821 1236 2880 est,
1264 2828 1356 2866 nec
1381 2811 1610 2866 Arianas
1642 2823 1787 2863 voces
1815 2806 1897 2859 lo-

326 2927 474 2970 cutus
504 2923 614 2975 est,
648 2921 901 2979 tanquam
939 2908 1195 2960 docendo.
1249 2903 1390 2970 Quin
1433 2910 1487 2956 et
1529 2899 1898 2956 Theodoretus

324 3005 511 3057 eadem
558 3002 625 3054 de
659 3000 761 3054 hoc
802 2996 1060 3065 Dionysio
1112 2993 1294 3047 habet.
1326 3019 1398 3031 —
1423 2989 1656 3060 Apponit
1680 2989 1748 3043 ad
1783 2987 1899 3040 haec

327 3091 663 3154 testimonia,
707 3098 761 3143 et
787 3085 1057 3157 quomodo
1093 3081 1424 3150 Theophilus
1453 3088 1656 3135 etcum
1695 3092 1759 3131 eo
1787 3085 1896 3132 tota

324 3183 559 3257 synodus
573 3196 700 3250 erga
721 3180 936 3233 beatum
959 3172 1223 3229 Joannem
1245 3171 1688 3242 Chrysostomum
1707 3164 1895 3221 aﬁecta

2067 1987 2189 2041 Ὅτι
2216 1985 2498 2050 Βασίλειος
2524 1987 2552 2039 ὁ
2579 1987 2636 2039 ἐν
2663 1985 2840 2054 ἁγίοις
2862 1983 2954 2038 τὸν
2981 1984 3040 2036 ἐν
3078 1983 3258 2052 ἁγίοις
3289 1983 3570 2037 Διονύσιον

2009 2075 2419 2147 Ἀλεξανδρείας
2465 2075 2566 2128 οὐκ
2615 2076 2675 2127 ἐν
2703 2074 2916 2138 πολλοῖς
2949 2073 3305 2144 ἀποδέχεται,
3333 2074 3571 2144 μάλιστα

1993 2165 2051 2219 δέ
2081 2168 2140 2219 ἐν
2169 2161 2250 2229 οἷς
2291 2166 2352 2219 τὸ
2415 2165 2709 2236 Ἀρειανῶν
2751 2164 2902 2227 ἔθνος
2947 2163 3304 2232 ἐπερείδεται.
3349 2163 3573 2216 Ἀπολοο

1995 2260 2173 2326 γεῖται
2203 2258 2259 2311 δὲ
2287 2258 2430 2328 ὑπὲρ
2461 2256 2627 2310 αὐτοῦ
2659 2257 2733 2319 ὡς
2759 2257 2858 2309 οὐκ
2883 2254 3069 2308 ἀσεϐεῖ
3091 2255 3309 2325 γνώμῃ,
3349 2255 3498 2326 μάχῃ
3515 2254 3573 2306 δὲ

1996 2354 2063 2422 τῇ
2094 2350 2230 2420 πρὸς
2259 2350 2547 2404 Σαϐέλλιον
2591 2349 2673 2412 εἰς
2721 2347 2822 2419 τὴν
2855 2345 3134 2401 ἀντίθετον
3163 2345 3308 2399 κατὰ
3334 2346 3460 2407 τοὺς
3485 2344 3573 2397 λό-

1995 2460 2126 2511 γους
2154 2442 2560 2514 περιτραπῆναι
2616 2440 2952 2510 δυσφημίαν.
3012 2438 3086 2491 Οὐ
3149 2438 3256 2507 μὴν
3305 2435 3445 2490 ἀλλὰ
3476 2438 3574 2488 καὶ

1998 2535 2129 2605 περὶ
2155 2533 2252 2586 τοῦ
2291 2533 2430 2586 Πνεύ
2443 2550 2610 2603 ματος
2634 2532 2737 2585 οὐκ
2760 2533 2975 2599 εὐαγεῖς
3018 2530 3179 2584 αὐτὸν
3208 2531 3422 2599 ἀφεῖναι
3456 2548 3574 2600 φωο

1997 2625 2198 2689 νάς.-
2215 2625 2372 2679 Ἀλλά
2396 2627 2491 2679 καὶ
2509 2627 2538 2678 ὁ
2561 2626 2730 2694 μέγας
2746 2625 3061 2687 Ἀθανάσιος
3079 2622 3172 2677 τοῦ
3189 2624 3356 2677 αὐτοῦ
3379 2623 3575 2694 ἀνδρὸς

1997 2715 2275 2768 Διονυσίου
2307 2715 2801 2784 ὐπεραπολογεῖται
2824 2730 2836 2744 ·
2884 2712 2965 2767 Τὰ
2990 2713 3100 2784 γὰρ
3134 2713 3382 2780 Ἀρείου,
3416 2713 3570 2781 φησὶ,

1997 2809 2307 2874 Διονύσιος
2348 2809 2487 2862 οὔτε
2534 2805 2838 2876 ἐφρόνησέ
2891 2821 3059 2868 ποτε,
3112 2803 3252 2859 οὔτε
3305 2805 3574 2873 ἠγνόησε

2001 2897 2127 2970 [477
2165 2899 2257 2970 IL]
2286 2897 2402 2967 τὴν
2428 2897 2720 2964 ἀλήθειαν
2739 2911 2752 2926 °
2783 2897 2921 2950 οὔτε
2941 2898 3050 2964 γὰρ
3077 2894 3179 2965 ὑφ’
3207 2894 3424 2962 ἑτέρων
3446 2895 3574 2947 ἐπι-

1997 2990 2244 3044 σκόπων
2269 2990 2362 3043 ἐπ’
2379 2989 2619 3056 ἀσεϐείᾳ
2651 2989 3056 3058 κατεγνιέκῖθη,
3080 2987 3218 3041 οὔτε
3235 2987 3341 3052 τὰς
3357 2986 3574 3054 Ἀρειαρ

1997 3079 2172 3148 νικὰς
2193 3080 2394 3150 φωνὰς
2417 3079 2737 3150 ἐφθέγγετο
2764 3081 2846 3144 ὡς
2868 3076 3253 3148 δογματίζων.
3283 3077 3444 3130 Ἀλλὰ
3477 3077 3572 3129 καὶ

1997 3173 2343 3245 Θεοδὼρητος
2372 3175 2497 3235 τοὺς
2525 3171 2723 3234 αὐτοὺς
2751 3170 2890 3241 ὑπὲρ
2918 3169 3010 3222 τοῦ
3044 3169 3337 3240 εἰρημένου
3386 3171 3573 3220 Διονυ-

325 3275 592 3330 fuerit.--
616 3264 1188 3337 Qualemvhabuerint
1254 3262 1559 3330 Opinionem
1613 3259 1682 3312 de
1740 3257 1895 3312 beato

2000 3265 2114 3318 σίου
2144 3263 2437 3335 λογισμοὺς
2473 3263 2817 3317 ἀποδίδωσιν,
2841 3291 2913 3300 -
2944 3261 3065 3314 Ἔτι
3096 3260 3202 3332 μὴν
3239 3258 3574 3330 παρατίθησι

326 3364 536 3421 Joanne
575 3335 964 3433 Chrysostomo
997 3356 1250 3426 episcopo
1291 3347 1895 3418 Constantinopolitano

2007 3355 2333 3429 μαρτυρίας,
2368 3356 2461 3409 καὶ
2486 3356 2635 3418 ὅπως
2662 3355 2760 3425 μὲν
2777 3353 2987 3423 διετέθη
3004 3351 3260 3420 Θεόφιλος
3292 3351 3386 3404 καὶ
3417 3351 3450 3421 ἡ
3477 3350 3575 3403 σὺν

326 3457 560 3530 Cyrillus
589 3464 645 3509 et
671 3451 906 3508 Atticus.
933 3478 1002 3490 —
1035 3447 1175 3514 Quid
1204 3444 1440 3501 senserit
1469 3453 1690 3498 sanctus
1731 3439 1900 3496 Isido-

325 3564 422 3605 rus
464 3547 735 3602 Pelusiota
780 3543 847 3599 de
889 3539 1189 3611 Theophilo
1229 3547 1285 3594 et
1323 3535 1524 3609 Cyrillo
1560 3533 1900 3589 Alexandriae

326 3641 616 3713 episcopis,
653 3643 824 3706 deque
852 3633 1060 3688 Joanne
1099 3632 1517 3702 Chrysostomo;
1558 3627 1676 3681 illos
1702 3624 1896 3694 291b

326 3735 435 3790 odii
465 3747 592 3802 erga
627 3727 888 3784 Joannem
943 3725 1388 3796 Chrysostomum
1423 3722 1721 3782 accusavit,
1757 3720 1900 3771 hunc

327 3837 455 3878 vero
505 3818 748 3874 laudavit
800 3825 854 3870 et
900 3815 1086 3869 coluit.
1114 3837 1185 3850 —
1212 3811 1481 3874 Severus,
1535 3807 1794 3877 impulsus
1840 3812 1900 3860 ut

329 3916 545 3968 beatum
579 3909 843 3964 lsidorum
880 3903 1327 3974 reprehenderet,
1353 3915 1456 3955 non
1485 3901 1700 3954 inventa
1734 3913 1896 3953 causa

330 4006 531 4074 aliqua,
561 4000 762 4069 allingit
799 3996 874 4052 illi
905 3997 1048 4065 quod
1077 4009 1201 4048 cum
1232 3994 1463 4063 Origene
1505 3991 1760 4056 senserit,
1793 3989 1896 4045 etsi

328 4097 469 4150 idem
502 4094 693 4146 iterum
724 4103 820 4160 per
848 4102 989 4153 sese,
1017 4101 1046 4138 a
1079 4085 1307 4138 veritate
1339 4092 1624 4153 superatus
1655 4082 1707 4135 id
1737 4095 1894 4135 revo-

328 4198 508 4242 ret.—
526 4185 606 4237 Ad
637 4185 752 4236 ιιωο
782 4180 996 4251 qualem
1028 4177 1337 4247 opinionem
1362 4175 1610 4230 habuerit
1637 4172 1897 4245 Hippoly-

326 4291 413 4333 tus
436 4285 490 4330 et
511 4272 842 4344 Epiphanius
866 4271 930 4324 de
948 4269 1169 4324 Nicolao
1197 4283 1226 4322 e
1251 4276 1454 4335 septem
1479 4266 1720 4320 diacouis
1745 4281 1850 4319 uno
1874 4283 1889 4320 :

326 4383 382 4425 et
412 4369 556 4440 quod
589 4365 764 4419 valide
794 4363 942 4418 illum
974 4361 1355 4416 condemnent.
1385 4389 1453 4399 —
1480 4358 1707 4413 Diviuus
1742 4357 1896 4429 lgna-

328 4465 434 4516 tins
491 4469 543 4513 et
590 4456 841 4513 Clemens
886 4453 1241 4518 Stromateus,
1291 4450 1550 4506 Eusebius
1605 4447 1894 4520 Pamphili,

329 4552 704 4608 Tlteodoretus
739 4547 862 4617 Cyri
905 4546 1188 4615 episcopus
1218 4541 1607 4597 Nicolaitarum
1639 4543 1896 4597 damnant

327 4645 605 4709 haeresim,
627 4641 722 4696 sed
762 4642 933 4708 ipsum
969 4638 1246 4692 Nicolaum
1282 4635 1440 4690 talem
1478 4635 1645 4690 fuisse
1676 4644 1889 4704 negant.

325 4769 396 4780 —
427 4734 745 4804 Hippolytus
799 4741 852 4783 et
892 4731 1123 4784 Irenazus
1161 4727 1445 4796 epistolam
1483 4726 1635 4781 Pauli
1685 4728 1751 4780 ad
1786 4725 1892 4780 He-

2001 3448 2152 3518 αὐτῷ
2183 3447 2400 3510 σύνοδος
2429 3447 2562 3518 πρὸς
2596 3446 2689 3499 τὸν
2718 3447 2776 3499 ἐν
2799 3445 2974 3512 ἁγίοις
3025 3443 3278 3510 Ἰωάννην
3306 3442 3397 3493 τὸν
3429 3442 3574 3511 Χρυ-

2002 3540 2298 3610 σόστομον’
2343 3539 2441 3592 καὶ
2470 3537 2633 3600 ποίας
2684 3536 2816 3607 ἔσχε
2861 3535 3020 3599 δόξας
3071 3532 3311 3595 ’Δττικὸς
3335 3532 3429 3585 καί
3461 3531 3574 3584 Κύ-

2001 3632 2181 3702 ριλλος
2240 3630 2369 3701 περὶ
2427 3628 2520 3682 τού
2573 3626 2741 3683 αὐτοῦ
2772 3625 3082 3695 ἁγιωτάτου
3140 3623 3387 3677 Ἰωάννου
3421 3623 3578 3674 Κων-

2001 3723 2529 3785 σταντινουπόλεως⁹
2560 3722 2656 3775 καὶ
2681 3719 2800 3784 οἵας
2831 3721 2990 3788 ἔσχεν
3029 3715 3328 3786 ὑπολήψεις
3355 3715 3384 3766 ὁ
3415 3712 3574 3766 εὐλα-

2001 3813 2258 3877 ϐέστατος
2312 3811 2581 3882 Ἰσίδωρος
2630 3811 2658 3863 ὁ
2689 3810 2784 3862 τοῦ
2823 3805 3124 3878 Πηλουσίου
3150 3804 3279 3875 περὶ
3312 3802 3572 3871 Θεοφίλου

1999 3903 2091 3956 καί
2117 3901 2389 3972 Κυρίλλου
2418 3901 2524 3953 τῶν
2567 3897 2972 3968 Ἀλεξανδρείας
3011 3895 3277 3966 ἰεραρχῶν
3311 3893 3406 3946 καὶ
3446 3892 3575 3962 περὶ.

1998 3993 2091 4046 τοῦ
2125 3995 2182 4046 ἐν
2207 3992 2385 4060 ἁγίοις
2423 3992 2668 4044 Ἰωάννου
2729 3988 2824 4042 τοῦ
2881 3987 3294 4057 Χρυσοστόμου,
3347 3983 3422 4046 ὡς
3448 3985 3574 4044 τοὺς

2003 4086 2102 4155 μὲν
2153 4085 2316 4138 ἕνεκα
2357 4085 2456 4154 τῆς
2499 4081 2637 4153 πρὸς
2687 4079 2779 4134 τὸν
2833 4078 3220 4150 Χρυσόστομον
3264 4072 3567 4144 ἀπεχθείας

1998 4176 2242 4241 ἐκάκιζε,
2292 4175 2386 4228 τὸν
2434 4174 2492 4228 δέ
2540 4173 2732 4246 ἐπῄνει
2772 4189 2832 4224 τε
2861 4171 2954 4224 καὶ
2988 4167 3318 4239 ἐθαύμαζεν.
3345 4194 3414 4206 —
3449 4164 3572 4217 Ὅτι

1999 4269 2237 4340 Σεϐἧρος
2283 4267 2376 4320 τὸν
2436 4269 2495 4319 ἐν
2559 4265 2735 4333 ἁγίοις
2792 4262 3064 4332 Ἰσίδωρον
3125 4254 3440 4329 μέμψασθαι
3475 4253 3572 4324 μὲν

2001 4359 2294 4432 ὁρμηθεὶς,
2318 4359 2418 4412 οὐκ
2448 4357 2586 4428 ἔχων
2605 4355 2662 4410 δὲ
2682 4354 2828 4419 ὃθεν,
2869 4355 3057 4423 φήμην
3096 4349 3243 4419 αὐτῷ
3271 4345 3573 4417 περιπλάτ-

1995 4471 2079 4508 τει
2121 4450 2559 4524 Ὠριγενιασμοῦ,
2591 4449 2642 4502 εἰ
2685 4447 2782 4502 καὶ
2827 4445 3035 4514 ταύτην
3059 4441 3218 4505 αὐτὸς
3239 4440 3401 4493 πάλιν
3440 4440 3569 4492 ἁπο-

2000 4545 2332 4608 σκευάζεται
2361 4543 2428 4598 δι’
2457 4539 2676 4606 ἐαυτοῦ,
2706 4538 2814 4593 ὐπὸ
2845 4538 2946 4608 τῆς
2969 4535 3222 4608 ἀληθείας
3245 4532 3567 4602 νικώμενος.

1999 4663 2067 4676 -
2097 4636 2216 4688 Ἔτι
2264 4635 2319 4687 δὲ
2365 4633 2526 4696 ποίας
2567 4629 2862 4700 ὑπολήψεις
2905 4628 3064 4697 ἐσχεν
3117 4623 3429 4684 Ἱππόλυτος
3478 4621 3569 4673 καὶ

2009 4728 2323 4797 Ἐπιφάνιος
2360 4727 2404 4757 δ’
2453 4727 2581 4795 περ)⁸
2606 4724 2874 4777 Νικολάου
2910 4720 3003 4774 τοῦ
3030 4719 3148 4782 ἐνὸς
3171 4716 3279 4770 τῶν
3302 4714 3345 4780 ζ’
3382 4713 3566 4766 διακό-

324 4803 511 4891 braaos
539 4803 723 4887 dicunt
770 4846 874 4883 non
918 4842 1040 4882 esse
1081 4825 1244 4880 illius.
1288 4824 1540 4879 Clemens
1566 4819 1804 4888 quidem,
1839 4825 1894 4872 et

1997 4837 2118 4885 νων,
2155 4820 2251 4872 καὶ
2282 4820 2365 4871 ὃτι
2394 4818 2628 4887 ἰσχυρῶς
2651 4814 2814 4869 αὐτοῦ
2849 4809 3373 4880 καταγινώσκουσιν,
3399 4803 3568 4872 Ἰγνάο

323 4928 606 4987 Eusebius,
633 4924 969 4989 aliorumque
997 4917 1216 4972 Patrum
1249 4929 1535 4970 consessus
1563 4913 1700 4965 hanc
1727 4911 1891 4964 etiam

1997 4927 2104 4973 τιος
2147 4910 2374 4980 μέντοιὸ
2417 4907 2697 4978 θεοφόρος,
2731 4905 2825 4958 καὶ
2865 4903 3098 4973 Κλήμης
3124 4903 3152 4953 ὁ
3189 4896 3566 4970 στρωματεὺς,

325 5020 445 5074 aliis
488 5019 882 5076 adnumerant,
931 5021 986 5066 et
1025 5012 1176 5064 aiunt
1215 5009 1355 5063 hunc
1384 5005 1718 5062 Clementem
1755 5002 1894 5056 hanc

1997 5004 2087 5056 καὶ
2117 5000 2376 5063 Εὐσέϐιος
2409 4999 2436 5051 ὁ
2493 4998 2808 5069 Παμφίλου,
2849 4995 2944 5050 καὶ
2961 4991 3302 5062 Θεοδώρητος
3334 4985 3566 5060 [9041ὶ.]

322 5127 387 5165 ex
413 5110 638 5166 Hebraeo
661 5102 1380 5171 transtulisse.—Origenem
1411 5107 1464 5154 et
1487 5097 1888 5165 Theognostum

1997 5097 2025 5148 ὁ
2045 5096 2230 5166 Κύρου
2256 5092 2353 5163 τὴν
2383 5093 2480 5164 μὲν
2515 5089 2854 5144 Νικολαϊτῶν
2893 5084 3400 5154 καταγινώσκουσιν
3421 5081 3570 5151 αἵρεε-

327 5217 552 5271 Inagnus
573 5200 661 5253 ille
686 5197 1010 5251 Athanasius
1039 5190 1431 5251 Alexandrinus
1456 5189 1506 5242 in
1533 5187 1716 5242 multis
1738 5185 1891 5239 libris

1999 5205 2104 5254 σιν,
2133 5187 2223 5242 τὸν
2247 5186 2303 5240 δὲ
2336 5185 2601 5240 Νικόλαον
2629 5182 2704 5254 μὴ
2733 5180 2968 5235 τοιοῦτον
2997 5179 3043 5210 ⁵³
3072 5172 3214 5229 εἶναι
3242 5173 3570 5241 ἀποφαίνον-

324 5264 579 5347 admittit.
612 5289 676 5344 Et
704 5289 858 5342 Titus
881 5286 1214 5346 Bostrorum,
1244 5291 1298 5336 et
1330 5279 1624 5347 Gregorius
1651 5274 1886 5329 Theolo-

1997 5298 2198 5335 ται.-
2250 5281 2369 5331 Ὅτι
2398 5276 2714 5338 Ἱππόλυτος
2767 5273 2864 5327 καὶ
2933 5271 3222 5340 Εἰρηναῖος
3283 5267 3386 5336 τὴν
3435 5264 3568 5335 πρὸς

322 5395 422 5448 gus
454 5379 509 5433 in
547 5377 793 5447 epistolis
837 5375 1086 5430 eumdem
1135 5369 1472 5426 Philocalum
1519 5367 1784 5420 nominat.
1823 5363 1889 5418 Et

2007 5371 2288 5441 Ἐϐραίους
2317 5368 2603 5439 ἐπιστολὴν
2633 5365 2844 5420 Παύλου
2871 5364 2972 5416 οὐκ
3010 5361 3218 5415 ἐκείνου
3243 5355 3384 5412 εἷναί
3411 5372 3565 5425 φασι,

323 5445 597 5538 Nyssenus
653 5467 997 5524 laudabiliter
1055 5463 1173 5533 ejus
1233 5461 1562 5516 mentionem
1613 5459 1778 5522 facit,
1832 5467 1888 5513 et

1997 5464 2229 5534 Κλήμης
2260 5461 2443 5532 μέντοι
2493 5460 2587 5514 καὶ
2626 5457 2887 5520 Εὐσέϐιος
2925 5453 3020 5509 καὶ
3062 5452 3230 5514 πολὺς
3256 5449 3417 5511 ἄλλος
3457 5445 3565 5499 τῶν

1591 5591 1820 5647 νΑΒΙιίΕ
1855 5592 2259 5653 LECTIONES.

394 5713 437 5740 δ’
483 5711 668 5778 Ἐπιφ.
693 5721 818 5765 ante
854 5711 1095 5765 lacunam
1126 5711 1192 5762 A.
1265 5709 1312 5740 ⁵³
1342 5707 1416 5779 μὴ
1439 5707 1527 5761 τὸν
1556 5707 1794 5760 τοιοῦτον
1825 5724 1885 5769 ς.
