3964 6246
426 255 562 319 1105

1440 267 1962 334 BIBLIOTHECA.
1991 297 2062 311 -
2099 276 2261 338 COD.
2286 278 2654 344 CCXXXIII.

3524 292 3665 362 1106

425 372 699 443 θεοφόρων
723 373 981 444 Πατέρων
1011 376 1196 445 ὅμιλος
1236 380 1354 443 ταῖς
1376 380 1562 446 ἄλλαις
1594 385 1990 456 συναριθμοῦσι

2103 390 2380 462 Dionysius
2425 395 2830 455 Alexandrinus
2861 400 2927 455 ad
2973 401 3115 458 hunc
3143 406 3393 462 eumdem
3427 411 3660 468 scribit:
3729 465 3733 470 .

421 464 625 536 ταύτην
645 466 975 532 ἐπιστολαῖς,
995 470 1088 522 καί
1113 487 1278 540 φασιν
1303 472 1471 545 αὐτὴν
1502 479 1563 528 ἐκ
1584 476 1684 546 τῆς
1715 476 1994 547 Ἐϐραῖδος

426 556 771 628 μεταφράσαι
810 559 902 612 τὸν
935 561 1226 632 εἰρημένον
1274 564 1678 634 Κλήμεντα.-
1701 567 1823 622 Ὅτι
1853 570 1994 638 Ὠρι-

423 647 588 718 γένην
628 649 722 702 καὶ
777 649 1120 719 Θεόγνωστον
1180 654 1208 708 ὅ
1266 671 1326 707 τε
1379 657 1553 726 μέγας
1599 657 1918 721 Ἀθανάσιος
1963 662 1992 713 6

437 736 841 811 Ἀλεξανδρείας
859 743 919 796 ἐν
939 743 1153 807 πολλοῖς
1191 745 1483 816 ἀπεδέχετο
1505 747 1682 816 λόγοις
1712 750 1806 802 καὶ
1833 749 1990 814 Τίτος

423 828 452 880 6
480 829 752 898 Βόστρων,
787 835 882 888 καὶ
910 836 938 888 6
961 835 1209 905 θεολόγος
1259 839 1559 910 Γρηγόριος
1592 841 1651 894 ἐν
1681 841 1988 907 ἐπιστολαῖς

2091 493 2285 550 etpost
2309 495 2536 540 mortem
2565 487 2708 542 illius
2731 490 2978 546 scribens
3001 492 3066 546 ad
3090 493 3456 552 Theotecnum
3481 500 3661 557 Ctesa-

2092 571 2323 626 riensem
2347 575 2658 646 episcopum
2683 579 2865 635 laudat
2889 580 3196 652 Origenem,
3230 595 3394 656 atque
3419 589 3656 646 Alexan-

2088 661 2184 714 der
2229 661 2662 733 llierapolitanns
2706 671 2773 725 ad
2818 670 3107 741 Origenem
3162 677 3449 745 scribens,
3481 683 3665 737 verbis

2087 763 2207 804 eum
2237 751 2522 821 plurimum
2559 758 3204 833 deliniI.—Theopbilus
3247 776 3302 823 et
3326 768 3660 840 Epiphanius

2094 843 2378 917 Origenem
2435 850 2724 920 plurimum
2775 869 3113 915 aversantur.
3145 861 3376 929 —Quid
3429 867 3663 920 senserit

424 919 709 986 φιλόκαλον
731 925 895 978 αὐτὸν
911 925 1084 996 λέγει,
1107 929 1202 982 καὶ
1239 928 1268 981 6
1298 928 1514 1000 Νύσσης
1539 930 1596 984 δὲ
1623 932 1884 1002 εὐφήμως
1909 934 1990 997 είς

2095 937 2284 994 beatus
2303 939 2621 1014 Hippolytus
2646 947 2713 1001 de
2741 947 2930 1005 haeresi
2960 950 3436 1021 Montanistarum,
3459 965 3512 1011 et
3533 957 3663 1026 quid

425 1014 648 1082 μνήμην
674 1013 816 1082 ἄγει.
858 1016 1023 1070 ’Δλλὰ
1078 1019 1172 1074 καὶ⁸
1200 1021 1476 1086 Διονύσιος
1517 1025 1545 1076 6
1589 1022 1992 1094 ’Δλεξανδρείας

2095 1027 2388 1098 Gregorius
2427 1033 2718 1105 Nyssenus.

422 1105 558 1177 πρὸς
591 1108 750 1161 αὐτὸν
767 1111 973 1166 ἐκεῖνον
1003 1113 1250 1182 γράφων,
1277 1115 1357 1169 ἐτι
1397 1115 1453 1169 δὲ
1476 1118 1570 1171 καὶ
1595 1119 1732 1188 μετά
1753 1118 1982 1173 θάνατον
2019 1120 2228 1177 ἐκείνου
2251 1126 2386 1196 πρὸς
2420 1128 2709 1186 Θεότεκνον
2744 1135 2836 1188 τὸν
2857 1137 2958 1204 τῆς
3032 1136 3370 1208 Καισαρείας
3428 1137 3649 1191 ἐπίσκοο

421 1214 522 1252 πον
564 1200 812 1269 γράφων,
849 1202 918 1256 δι’
973 1204 1210 1258 ἐπαίνων
1247 1204 1340 1259 τὸν
1379 1205 1658 1279 Ὠριγένην
1697 1210 1841 1277 ἄγει.
1869 1212 1983 1267 Καὶ
2037 1211 2381 1286 Ἀλέξανδρος
2412 1219 2442 1271 6
2470 1219 2822 1291 Ἱεραπόλεως
2883 1200 3181 1289 ἐπίσκοπος
3220 1200 3360 1279 ’και
3413 1226 3658 1297 μάρτυς,

423 1293 562 1367 πρὸς
583 1294 673 1345 τὸν
698 1292 862 1347 αὐτὸν
903 1294 1186 1367 Ὠριγένην
1234 1297 1482 1368 γράφων,
1536 1297 1656 1353 λίαν
1695 1300 1990 1357 οἰκειοῦται
2026 1303 2118 1356 τὸν
2155 1305 2328 1376 ἄνδρα
2394 1311 2508 1373 τοῖς
2557 1311 2753 1382 λόγοις.
2783 1343 2856 1356 --
2915 1314 3037 1369 Ὅτι
3079 1316 3337 1386 Θεόφιλος
3385 1292 3505 1388 μὲν-
3551 1292 3650 1369 καῖ

435 1385 750 1455 Ἐπιφάνιος
776 1385 896 1439 λίαν
914 1386 1275 1458 ἐκτρέπονται
1295 1388 1386 1442 τὸν
1421 1389 1990 1460 Ὠριγένην.--Τίνας
2062 1393 2358 1465 ὑπολήψεις
2417 1397 2565 1472 εἶχεν
2616 1405 2645 1457 6
2693 1403 2996 1473 ἀγιώτατος
3033 1385 3343 1473 Ἱππόλυτος
3381 1385 3508 1482 περὶ
3559 1412 3662 1483 τῆς

421 1479 532 1533 τῶν
577 1479 960 1534 Μοντανιστῶν
1022 1481 1307 1552 αίρέσεως,
1355 1482 1452 1536 καὶ
1482 1484 1632 1547 τίνας
1668 1485 1698 1538 6
1727 1487 1784 1538 ἐν
1809 1487 1984 1554 ἁγίοις
2018 1488 2118 1558 τῆς
2143 1490 2365 1564 Νύσσης
2391 1495 2712 1569 Γρηγόριος.

491 1569 575 1623 Τὰ
611 1569 709 1638 μὲν
735 1564 829 1623 οὖν
854 1568 1200 1642 μερικώτερα
1220 1571 1329 1626 τῶν
1345 1573 1654 1642 κεφαλαίων
1675 1577 1734 1628 ἐν
1759 1575 1988 1638 τούτοιςο

423 1661 586 1715 πάλιν
603 1660 662 1713 δὲ
689 1660 781 1714 ἐπί
813 1679 868 1714 τι
901 1663 1212 1733 κοινότερον
1255 1664 1597 1735 μεταϐαίνει,
1631 1668 1722 1720 καὶ
1751 1669 1988 1738 παρατί-

2167 1581 2292 1637 llaec
2334 1585 2552 1653 quidem
2590 1588 2939 1657 particularia
2981 1591 3152 1659 magis
3185 1606 3347 1661 quam
3391 1593 3566 1661 capita
3605 1593 3660 1648 in

2094 1674 2197 1728 his.
2234 1675 2432 1732 lterum
2472 1693 2602 1734 vero
2645 1681 2697 1736 in
2733 1682 2864 1751 quid
2891 1684 3234 1738 commnnius
3267 1684 3560 1750 delabitur,
3603 1695 3659 1740 et

425 1750 550 1822 θησι
579 1753 801 1823 χρήσεις
825 1753 907 1807 ὅτι
938 1756 1138 1818 παντὸς
1187 1755 1483 1821 τεθνεῶτος
1518 1757 1665 1828 ψυχὴ
1697 1757 1987 1828 ὠφελεῖται

2103 1762 2251 1818 all'ert
2295 1767 2628 1826 testimonia.
2651 1799 2720 1810 —
2745 1750 2940 1826 Anima
2980 1774 3160 1828 omnis
3203 1775 3403 1830 mortui
3437 1773 3660 1844 juvatur

426 1842 658 1913 μέγιστα
684 1843 772 1898 διὰ
796 1842 907 1898 τῶν
936 1845 1077 1916 ὑπὲρ
1097 1846 1260 1900 αὐτοῦ
1283 1845 1407 1918 [478
1431 1847 1524 1920 Η.]
1555 1849 1986 1921 ἐπιτελουμένων

2103 1854 2327 1910 maxime
2360 1869 2455 1925 per
2481 1873 2686 1927 preces,
2719 1859 3039 1929 oblationes,
3071 1872 3126 1918 et
3157 1863 3532 1938 eleemosynas
3563 1881 3660 1936 pro

421 1932 596 2002 εὐχῶν
626 1934 722 1987 καὶ
752 1937 1076 2007 προσφορῶν
1104 1938 1197 1990 καὶ
1231 1937 1632 2008 ἐλεημοσυνῶν,
1665 1942 1758 1993 καὶ
1779 1943 1844 1994 ἐκ
1889 1940 1986 1994 τοῦ

420 2025 825 2096 ἀντικειμένου,
854 2029 938 2082 ὅτι
970 2029 1070 2100 οὐχ
1093 2028 1287 2094 οὕτως.

493 2114 595 2171 Τὸν
637 2121 735 2186 μὲν
757 2119 851 2174 οὖν
871 2121 1107 2191 Γόϐαρον
1131 2127 1292 2196 μέχρι
1313 2124 1518 2179 τούτων
1538 2124 1648 2180 τῶν
1678 2125 1989 2194 κεφαλαίων

421 2207 512 2262 τὸν
551 2209 714 2264 πόνον
745 2211 982 2284 εὕρομεν
1012 2215 1430 2286 ἀναδεξάμενον.
1731 2233 1734 2236 '

1118 2309 1280 2361 ΣΛΓ’.

451 2394 766 2462 Γερμανοῦ
832 2399 1228 2532 πατριαρέρὲλ
1264 2402 1954 2469 Κωνσταντινουπόλεως

1231 2487 1320 2532 ος.

1231 2487 1320 2535 ος.

499 2554 841 2629 ’Δνεγνώσθη
873 2556 1078 2628 βιϐλίον
1109 2558 1200 2614 τὸν
1215 2561 1275 2614 ἐν
1304 2560 1484 2630 ἁγίοις
1513 2561 1794 2634 Γερμανδν
1824 2563 1991 2634 φέρον

420 2647 760 2717 συγγραφέα,
807 2647 866 2712 ὃς
904 2650 1045 2720 μετά
1106 2651 1168 2704 τὸ
1249 2651 1490 2717 Κυζίκου
1545 2654 1989 2726 χειροτονηθῆναι

419 2739 1044 2806 Κωνσταντινουπόλεως
1080 2743 1450 2815 ἐχρημάτισεν
1489 2745 1780 2817 ἀρχιερεύς
1801 2763 1817 2778 ·
1849 2747 1991 2802 ἀντ-

419 2829 775 2898 αποδοτικὸς
789 2832 844 2886 δὲ
857 2832 894 2902 ἢ
911 2833 1234 2901 ἀνόθευτος
1245 2836 1342 2906 τὴν
1357 2839 1666 2910 ἐπιγραφὴν
1684 2838 1814 2910 ἔχει,
1837 2840 1865 2893 6
1877 2840 1992 2894 ίσον

420 2919 485 2971 ἂν
502 2919 588 2990 εἴη
612 2922 740 2992 περὶ
761 2920 806 2954 ’⁵⁸
835 2923 930 2994 τῆς
955 2924 1243 2979 ἀνοθεύτου
1265 2925 1373 2980 τῶν
1401 2927 1751 2998 βεϐιωμένων
1781 2930 1993 3001 ἀνθρώ-

423 3027 543 3074 ποις
567 3012 1000 3078 ἀνταποδόσεως.
1024 3017 1136 3086 Τῆς
1155 3017 1252 3088 μέν
1288 3017 1382 3072 οὐν
1405 3019 1717 3092 ἐπιγραφῆς
1747 3023 1782 3093 ή
1818 3024 1994 3090 ἐπαγ-

2090 1959 2152 2001 se
2187 1946 2377 2004 factas.
2406 1949 2474 2005 Et
2498 1964 2528 2006 e
2552 1952 2826 2009 contrario
2853 1968 2960 2010 non
2987 1955 3087 2011 sic.

2162 2125 2437 2183 Hactenus
2483 2127 2702 2198 quidem
2755 2131 3055 2215 reperimus
3101 2131 3374 2189 Gobarum
3419 2133 3657 2204 capitum

2097 2232 2316 2272 suorum
2348 2217 2587 2273 libellum
2619 2218 2942 2276 confecisse.

2645 2272 3022 2376 eam".
3085 2272 3094 2281 ’

2095 2394 2342 2452 Germani
2401 2398 2718 2474 patriarcha!
2771 2401 3081 2474 CP.__liber
3146 2403 3500 2474 apologaticus
3563 2422 3659 2473 pro

2577 2467 2830 2540 Gregorio
2871 2471 2926 2525 Ν
2927 2489 3132 2543 ysseno.

2167 2555 2292 2627 Legi
2323 2558 2513 2614 librum
2536 2571 2758 2617 auctore
2782 2562 3076 2626 Germano,
3102 2564 3194 2633 qni
3221 2564 3452 2634 primum
3477 2565 3660 2637 Cyzici

2095 2647 2417 2716 ordinatus,
2495 2661 2617 2720 post
2672 2653 3298 2724 Constantinopolitanus
3354 2657 3662 2725 patriarcha

2097 2737 2217 2806 fuit,
2246 2742 2338 2810 qui
2385 2742 2524 2800 liber
2557 2743 2890 2811 inscribitur,
2926 2745 3238 2801 Retribuens
3272 2756 3321 2802 et
3351 2747 3616 2817 legitimus
3640 2764 3661 2803 :

2096 2837 2237 2904 quod
2268 2836 2491 2905 perinde
2521 2845 2604 2893 est
2635 2853 2698 2894 ac
2727 2838 2923 2908 292a
2955 2839 3001 2895 si
3059 2841 3261 2895 dixeris
3292 2857 3307 2895 :
3343 2841 3416 2896 De
3449 2856 3571 2895 vera
3607 2850 3665 2894 et

2099 2924 2334 2995 legitima
2377 2927 2760 2995 retributione,
2797 2931 2939 2998 quod
2985 2931 3312 3000 rependatur
3352 2931 3663 2986 hominibus

2100 3027 2256 3084 prout
2321 3018 2578 3074 vixerint.
2619 3017 2687 3074 Et
2728 3021 2844 3076 haec
2905 3022 3121 3090 quidem
3169 3023 3308 3077 tituli
3358 3022 3660 3090 inscriptio.

422 3101 576 3168 γελία
598 3103 844 3176 τοιαύτη,
901 3107 1234 3174 ἀγωνίζεται
1259 3108 1316 3162 δὲ
1365 3111 1394 3163 6
1417 3109 1574 3180 λόγος
1597 3112 1691 3166 τὸν
1723 3113 1782 3167 ἐν
1815 3113 1990 3182 ἁγίοις

2103 3109 2386 3165 Contendit
2404 3125 2532 3166 vero
2553 3110 2872 3181 Gregorium
2896 3111 3082 3182 Nyssae
3107 3113 3418 3183 episcOpum
3441 3111 3664 3178 ejusque

423 3195 520 3264 τῆς
539 3192 758 3266 Νὐσσης
778 3197 1077 3270 Γρηγόριον
1124 3201 1219 3254 καὶ
1256 3202 1325 3256 τὰ
1361 3201 1551 3257 τούτου
1579 3204 1994 3276 συγγράμματα

422 3284 517 3352 τῆς
559 3287 886 3355 Ὠριγενείου
909 3293 1218 3362 παρασχεῖν
1241 3291 1500 3364 ἐλεύθερα
1527 3292 1727 3365 λώϐης.
1752 3295 1864 3350 Καὶ
1885 3296 1993 3366 γὰρ

421 3370 500 3441 οἷς
536 3379 629 3430 τοῦ
659 3379 938 3450 δαιμονίου
963 3382 1129 3449 φύλου
1157 3384 1252 3437 καὶ
1281 3384 1388 3437 τῶν
1418 3385 1499 3448 είς
1527 3385 1750 3440 κόλασιν
1776 3386 1996 3440 ἀτελεύ-

425 3485 586 3540 τητον
611 3473 1134 3542 παραπεμπομένων
1179 3473 1482 3541 ἀνθρώπων
1513 3479 1546 3546 ἡ
1590 3476 1752 3546 λῆρος
1781 3479 1995 3530 ἀποκα-

427 3561 684 3624 τάστασις
710 3563 885 3630 φίλον,
935 3557 1080 3617 οὗτοι
1129 3564 1216 3634 δὴ,
1247 3565 1344 3619 ἀτε
1369 3567 1462 3618 τὸν
1487 3566 1659 3637 ἄνδρα
1707 3567 1909 3638 ὑψηλόν
1934 3585 1994 3621 τε

424 3653 536 3715 τοῖς
556 3651 790 3727 δόγμασι
847 3655 944 3707 κει.)⁸
999 3654 1167 3720 πολὺν
1199 3659 1312 3719 τοῖς
1365 3657 1476 3710 τῶν
1514 3657 1689 3726 λόγων
1727 3660 1996 3729 ῥεύμασιν

426 3742 646 3806 εἰδότες,
696 3745 792 3797 καὶ
847 3744 1110 3815 λαμπρὰν
1135 3746 1235 3817 τῆς
1283 3747 1565 3812 εὐσεϐείας
1592 3749 1693 3819 τήν
1725 3750 1996 3821 ὑπόληψιν

428 3835 506 3896 εἰς
528 3835 734 3895 πάντας
756 3834 1080 3906 ἀνθρώπους
1133 3838 1566 3910 περιηχηθεῖσαν
1611 3841 1868 3911 ὁρῶντες,
1899 3843 2000 3896 ἐπ-

427 3925 683 3980 εϐάλοντο
707 3927 753 3959 ⁸⁸
805 3931 1123 3999 παρενεῖραι
1159 3933 1271 3993 τοῖς
1291 3931 1502 3984 ἐκείνου
1529 3936 1877 4001 φωτιστικοῖς
1902 3935 1998 3990 καὶ

431 4013 719 4083 σωτηρίοις
756 4013 937 4083 λόγοις
973 4015 1042 4069 τὰ
1085 4015 1298 4088 ζοφώδη
1328 4019 1423 4072 καὶ
1457 4019 1678 4091 ὀλέθρια
1715 4023 1813 4092 τῆς
1853 4023 1998 4096 Ὠρι-

428 4103 620 4172 γένους
670 4104 1006 4175 όνειρώξεως
1071 4107 1482 4178 ἀμϐλωθρίδια,
1533 4113 1600 4184 τῇ
1651 4112 1746 4165 τοῦ
1801 4113 1996 4186 ἀνδρὸς

428 4194 760 4266 περιωνύμῳ
793 4196 840 4228 ⁸⁸
889 4197 1057 4270 ἀρετῇ
1107 4215 1166 4252 τε
1208 4201 1303 4254 καὶ
1345 4201 1545 4269 γνώσει
1588 4203 1688 4274 τήν
1714 4204 1999 4276 αίρετικὴν

428 4285 720 4341 ὑποϐαλεῖν
765 4287 1038 4360 λαθραίως
1092 4289 1466 4362 διανοηθέντες
1519 4294 1802 4351 ἀπόνοιαν.
1850 4297 1996 4352 Διότι

427 4376 584 4430 τοῦτο
613 4378 713 4447 μὲν
735 4379 1074 4450 προσθήκαις
1087 4380 1282 4446 νόθοις,
1305 4381 1461 4435 τοῦτο
1491 4382 1551 4436 δὲ
1583 4385 1675 4437 καὶ
1702 4384 1997 4459 διαστροφῇ

2096 3200 2294 3269 scripta
2343 3202 2412 3257 ab
2454 3202 2703 3273 Origenis
2735 3219 2921 3260 errore
2961 3220 3081 3259 esse
3125 3203 3407 3259 immunia.
3451 3203 3662 3258 Etenim

2095 3294 2292 3362 quibus
2326 3293 2572 3350 delirium
2608 3294 2738 3349 illud
2784 3296 2993 3364 placet,
3051 3295 3383 3351 daemonibus
3409 3304 3464 3350 et
3492 3295 3666 3349 Immi-

2097 3384 2256 3438 nibus
2304 3382 2358 3438 in
2403 3393 2663 3438 aeternam
2715 3397 2929 3454 poanam
2970 3384 3235 3454 conjectis
3291 3383 3665 3438 liberationem

2096 3474 2221 3530 inde
2247 3475 2695 3545 exspectandam:
2730 3475 2805 3529 illi
2830 3475 2994 3545 (quod
3023 3475 3198 3529 virum
3223 3475 3463 3528 doctrina
3489 3475 3668 3541 singu-

2098 3565 2300 3630 larem,
2349 3575 2408 3619 et
2451 3564 2760 3638 eloquentia
2807 3566 3072 3635 insignem
3115 3581 3238 3620 cum
3288 3573 3665 3635 agnoscerent,

2097 3657 2409 3725 claramque
2439 3657 2744 3712 sanctitatis
2787 3657 3244 3712 existimationem
3285 3670 3383 3725 per
3425 3656 3667 3710 omnium

2096 3762 2191 3802 ora
2219 3749 2560 3804 decantatam
2587 3747 2856 3817 viderent)
2878 3748 3119 3817 aggressi
3155 3755 3284 3802 sunt
3311 3745 3476 3803 claris
3499 3757 3553 3800 et
3578 3761 3668 3800 sa-

2099 3839 2360 3895 lutaribus
2391 3839 2508 3908 ejus
2551 3839 2769 3906 scriptis
2812 3839 3048 3894 obscura
3099 3851 3164 3894 ac
3205 3836 3508 3908 perniciosa
3542 3835 3669 3890 Ori-

2096 3927 2309 3997 geniani
2345 3929 2520 3983 somni
2557 3940 2766 3982 venena
2803 3927 3131 3992 admiscere,
3155 3925 3456 3995 virtutique
3489 3923 3668 3979 homi-

2101 4021 2204 4084 nis,
2222 4030 2276 4073 et
2302 4020 2560 4074 doctrina
2577 4019 2774 4075 celebri
2799 4018 3107 4074 haereticam
3136 4016 3349 4072 occulte
3377 4017 3671 4070 amentiam

2099 4111 2385 4179 subjicere.
2410 4110 2590 4178 Quare
2620 4112 2814 4179 partim
2843 4109 3222 4165 additamentis
3277 4106 3428 4162 falsis
3470 4107 3669 4176 partim

2100 4203 2264 4257 rectis
2300 4203 2634 4272 argumentis
2664 4201 2925 4257 violenter
2953 4201 3202 4263 detortis,
3236 4198 3401 4254 multa
3430 4212 3496 4253 ex
3529 4199 3669 4252 irre-

2101 4293 2552 4361 preltensibilibus
2580 4295 2700 4364 ejus
2731 4292 3096 4349 monumentis
3137 4288 3460 4345 calumniari
3487 4286 3672 4344 conati

2101 4396 2246 4439 sunt.
2275 4384 2474 4439 Contra
2515 4401 2650 4453 quos
2677 4383 2978 4440 Germanus
3005 4383 3224 4451 pietatis
3252 4391 3512 4450 patronus
3541 4394 3672 4432 acn-

426 4468 533 4521 τῶν
567 4469 745 4540 ὀρθῶν
798 4469 1074 4542 λογισμῶν
1109 4471 1462 4546 βεϐιασμένη,
1505 4474 1674 4528 πολλά
1710 4476 1818 4529 τῶν
1842 4477 1994 4548 ἀμωσ

2107 4480 2217 4523 tunt
2271 4471 2516 4525 veritatis
2556 4471 2788 4540 gladium
2838 4471 3139 4539 stringens,
3176 4478 3231 4522 et
3277 4468 3500 4521 vulnere
3547 4482 3673 4536 pro-

432 4560 617 4630 μήτων
632 4561 842 4614 ἐκείνου
859 4563 1249 4634 συνταγμάτων
1271 4564 1752 4636 κατακιϐδηλεύειν
1771 4569 2001 4640 ἐπειρά-

431 4652 624 4722 θησαν.
654 4655 790 4708 Καθ’
817 4651 892 4710 ὧν
909 4657 1188 4728 Γερμανὸς
1223 4659 1365 4730 ὁτῆς
1390 4657 1677 4721 εὐσεϐείας
1703 4660 2002 4730 συνήγορος

430 4741 523 4808 ὀξὺ
553 4742 655 4812 τῆς
680 4744 940 4814 ἀληθείας
967 4747 1197 4815 ἐπαφεὶς
1229 4747 1293 4800 τὸ
1349 4747 1525 4816 ξίφος,
1558 4749 1654 4801 καὶ
1683 4750 1911 4820 νεκροὺς
1932 4752 1998 4822 τῇ

431 4832 613 4904 πληγῇ
649 4833 824 4890 λιπὼν
850 4836 979 4900 τοὺς
1003 4837 1318 4908 πολεμίους,
1382 4837 1678 4908 νικηφόρον
1701 4840 1793 4891 καὶ
1821 4857 2004 4910 πρωτ-

431 4927 742 4997 αγωνιστὴν
787 4926 882 4981 τὸν
909 4927 1034 4982 καθ’
1075 4923 1138 4983 οὐ
1187 4929 1284 4990 τὰς
1335 4929 1630 4994 ἐπιϐουλὰς
1667 4931 1701 5000 ἡ
1750 4931 2002 5002 αἱρετικὴ

431 5016 644 5087 φάλαγξ
669 5019 1048 5091 ἐρῤᾳδιούργει
1081 5022 1177 5074 καὶ
1201 5021 1574 5087 κατεσκεύαζε
1597 5030 2000 5094 παρεστήσατο.

434 5107 562 5179 [905
596 5108 690 5182 3.]
731 5111 888 5164 Ἔστι
924 5110 1025 5181 μὲν
1057 5106 1150 5165 οὖν
1194 5113 1223 5165 6
1249 5111 1389 5182 ἀνὴρ
1419 5113 1477 5165 ἐν
1498 5111 1576 5183 τῷ
1605 5112 1834 5183 παρόντι
1860 5112 2006 5184 λόγῳ

433 5200 676 5272 καθαρός
704 5219 764 5255 τε
791 5202 890 5256 καὶ
939 5202 1162 5274 διειδὴς,
1195 5205 1288 5257 καὶ
1327 5205 1429 5268 τὰς
1457 5208 1514 5258 ἐν
1540 5205 1766 5275 ὀνόμασι
1795 5205 2005 5276 τροπὰς

2106 4572 2310 4616 Slralos
2346 4563 2526 4616 hostes
2562 4560 2890 4630 relinquens,
2932 4562 3192 4615 victorem
3227 4557 3670 4625 superioremque

2105 4667 2226 4706 eum
2263 4651 2546 4706 constituit
2573 4652 2624 4705 in
2666 4666 2827 4720 quem
2860 4650 3109 4706 barretica
3146 4649 3406 4704 colluvies
3448 4647 3674 4702 insidias

2106 4752 2380 4798 struxerat
2409 4755 2462 4799 et
2489 4754 2764 4813 posuerat.
2797 4741 2970 4811 Hujus
2993 4742 3164 4812 stylus
3192 4743 3248 4797 in
3279 4743 3380 4796 hoc
3405 4739 3670 4810 opusculo

2106 4851 2274 4906 purus
2311 4851 2376 4890 ac
2408 4835 2606 4902 clarus,
2638 4835 3035 4903 verborumque
3066 4844 3246 4902 tropos
3281 4831 3510 4886 feliciter
3533 4831 3673 4885 arri-

2109 4929 2284 4998 piens,
2319 4928 2501 4996 pbrasi
2533 4935 2755 4983 venusta
2785 4935 2840 4983 et
2873 4925 3132 4995 eleganti,
3161 4939 3266 4979 non
3313 4922 3380 4976 ad
3409 4922 3675 4992 {rigidita-

2108 5027 2214 5073 tem
2239 5033 2488 5088 vergens,
2521 5018 2794 5088 proposito
2825 5016 2997 5070 valide
3039 5015 3295 5070 insistens
3316 5051 3332 5078 ,
3376 5027 3474 5082 par
3511 5012 3675 5065 etiam

2108 5107 2162 5161 in
2196 5105 2629 5162 contentionibus
2649 5104 3021 5174 suscipiendis,
3048 5102 3289 5170 nihilque
3317 5099 3452 5156 citra
3484 5113 3675 5153 neces-

2108 5201 2322 5256 sitatem
2355 5199 2686 5262 immiscens,
2715 5198 2848 5254 nihil
2869 5198 3012 5268 quod
3035 5197 3182 5252 dictu
3207 5195 3278 5250 sit
3310 5191 3674 5248 necessarium

432 5291 705 5362 εὐστόχως
730 5293 1188 5366 ὑποϐαλλόμενος,
1229 5296 1325 5349 καὶ
1367 5297 1467 5366 τὴν
1518 5297 1616 5366 μὲν
1648 5296 1849 5367 φράσιν
1875 5297 1994 5368 ἡδύ-

2115 5293 2555 5364 ρι-ιειετιιιὶιιεηε,
2593 5298 2706 5345 tum
2739 5290 3146 5345 constructione
3185 5297 3240 5343 et
3265 5282 3678 5357 epicheremati-

435 5400 562 5450 νων,
589 5386 690 5456 οὐχ
719 5387 1086 5458 ὑφελκόμενος
1115 5389 1174 5442 δὲ
1215 5389 1352 5461 πρὸς
1383 5391 1722 5460 ψυχρότητα,
1757 5393 1994 5458 γενναῖος

2116 5385 2234 5452 bus,
2274 5394 2381 5438 tum
2425 5381 2940 5452 entbymematibus,
2975 5388 3137 5435 etest
3163 5377 3330 5433 veluti
3358 5374 3503 5429 clara
3530 5388 3678 5428 sanie

441 5473 538 5544 μὲν
591 5475 683 5530 τοῦ
731 5478 1010 5534 ἐπιϐαλεῖν
1037 5482 1105 5550 τῇ
1165 5481 1445 5552 προθέσει,
1478 5481 1662 5552 ὅμοιος
1690 5481 1747 5535 δὲ
1775 5482 1994 5538 διελθεῖι

2116 5477 2373 5536 doctrina
2395 5491 2609 5532 norma.
2645 5475 2724 5530 Ita
2752 5483 2808 5531 et
2839 5473 3054 5531 illorum
3085 5471 3128 5528 si
3153 5471 3276 5541 quis
3305 5468 3674 5528 vehementes,

1704 5575 1932 5630 vanus
1979 5571 2384 5645 LECTIONES.

504 5663 549 5694 “
582 5665 708 5732 περὶ
738 5679 844 5717 om.
879 5665 942 5719 B.
1026 5666 1070 5698 ’⁸⁸
1091 5666 1446 5721 ἐπεϐἁλλοντο
1477 5685 1535 5732 ς.
1615 5669 1656 5700 ⁸⁸
1683 5668 2024 5737 πολιωνύμῳ,
2049 5671 2154 5732 Bc.
