3964 6246
367 286 502 351 1107

1523 288 1785 348 PHOTII
1825 286 2327 348 PATRIARCH/E
2368 289 2474 350 (ΣΡ.

3459 281 3595 347 1108

363 391 558 454 claras,
599 399 654 446 et
687 401 887 461 gratas,
917 400 970 446 et
1005 390 1336 460 spiritualem
1374 391 1673 448 doctrinam
1697 401 1929 446 ostenta-

2037 393 2105 447 τὰ
2125 392 2499 462 ἀγωνίσματα,
2522 390 2615 444 καὶ
2645 388 2738 444 τοῦ
2774 389 2872 461 μὲν
2902 389 3196 459 ἀναγκαίου
3222 388 3384 461 μηδὲν
3403 385 3598 452 ἔξωθεν

363 481 492 534 tioni
514 480 859 549 praeferentes
885 483 1124 536 scribere
1147 483 1424 538 orationes
1473 484 1637 552 cupit,
1664 484 1929 552 egregium

2043 478 2433 549 παραπλέκων,
2496 477 2646 531 οὐδὲν
2700 476 2757 528 δέ
2829 476 2939 529 τῶν
2991 475 3314 544 ὀφειλόντων
3372 471 3599 543 ῥηθῆναι

363 579 448 624 est
472 571 796 640 exemplum,
828 581 882 626 et
914 572 1219 628 imitatione
1244 573 1484 643 dignum.

2045 570 2323 641 παρορῶν,
2355 568 2479 622 οὔτε
2506 571 2626 631 ταῖς
2649 569 3010 630 κατασκευαῖς
3033 565 3156 619 οὔτε
3190 567 3299 628 τοῖς
3319 561 3600 632 ἐπιχειρή-

365 678 530 730 μασιν
581 660 702 714 obes
756 664 867 724 τοῖς
901 661 1103 732 ἐνθυμή
1116 680 1299 730 μασιν.
1358 664 1497 717 Ἀλλ’
1553 665 1700 718 ἐστιν
1727 663 1914 732 ὥσπερ
1938 661 2048 715 τῶν
2106 660 2346 713 εὐσεϐῶν
2381 659 2668 730 δογμάτων
2723 657 2899 710 κανὼν
2924 656 3322 727 ἀπαρέγκλιτος
3353 655 3422 718 δ’,
3447 649 3592 706 οὕτω

365 752 462 804 καὶ
490 751 622 812 τῶν,
651 750 703 803 εί
748 767 834 813 τις
895 751 1068 804 ἐθέλει
1111 751 1156 783 ⁵⁸
1185 753 1650 825 λόγους⁰γράφειν
1675 754 1932 815 δυνατοὺς
1970 753 2064 805 καὶ
2087 753 2281 820 σαφεῖς
2302 752 2398 804 καὶ
2425 749 2718 822 χαρίεντας
2771 747 2868 800 καὶ
2921 751 3300 819 πνευματικὴν
3346 745 3602 799 διδασκα-

366 842 485 898 λίαν
517 841 900 911 προτιμῶντας
921 844 1018 913 τῆς
1042 845 1370 912 ἐπιδείξεως,
1391 846 1554 900 καλὸν
1582 845 1936 914 παράδειγμα
1974 844 2067 898 καὶ
2098 839 2484 913 ἀξιοζήλωτον.

431 928 592 987 Notat
617 931 761 984 enim
791 932 964 998 primo
1021 933 1340 990 haereticum
1373 936 1590 1005 dogma,
1631 933 1779 1004 quod
1814 934 1925 986 dae-

361 1033 548 1074 mones
587 1019 642 1073 in
681 1021 962 1090 antiquum
1029 1032 1255 1091 statum,
1311 1033 1364 1080 et
1385 1039 1478 1080 eos
1515 1025 1607 1094 qui
1635 1027 1687 1078 in
1714 1023 1931 1094 ﬂagitiis

363 1109 474 1164 suis
506 1109 825 1175 moriuntur,
861 1121 984 1180 post
1037 1127 1225 1182 poenas
1275 1115 1602 1170 delinitasin
1649 1115 1930 1169 beatorum

366 1213 648 1254 numerum
679 1203 1054 1271 aggregandos
1078 1214 1329 1273 nugatur.
1351 1203 1568 1259 Reiellit
1589 1217 1716 1257 vero
1739 1203 1931 1258 fabulis

363 1287 570 1355 plenam
601 1289 954 1358 impietatem,
977 1293 1211 1362 primum
1238 1309 1270 1348 e
1300 1295 1513 1349 Domini
1551 1293 1745 1363 2926
1804 1308 1926 1348 ver-

365 1377 466 1439 bis,
491 1379 617 1434 hinc
649 1395 718 1436 ex
749 1382 1060 1450 apostolicis
1097 1385 1348 1451 decretis,
1377 1385 1578 1455 quibus
1611 1395 1667 1440 et
1699 1386 1931 1454 praphe-

365 1477 540 1523 tarum
593 1471 899 1527 testimonia
952 1474 1156 1541 adjicit,
1232 1475 1378 1530 clare
1438 1478 1805 1540 ostendentia,
1874 1488 1931 1534 ut

363 1565 560 1613 aeterna
577 1560 1248 1630 estjustorumineﬂ‘abilis
1271 1565 1480 1631 l‘ruitio,
1520 1567 1598 1620 sic
1632 1577 1684 1622 et
1705 1582 1930 1637 peccan-

367 1647 497 1701 tium
519 1652 901 1719 sempiternam
923 1662 1084 1724 atque
1113 1655 1380 1710 inﬁnitam
1409 1671 1620 1726 poenam
1644 1658 1878 1713 futuram
1907 1678 1923 1715 :

2119 927 2507 1000 Ἐπιρῤαπίζει
2583 929 2683 998 μὲν
2737 926 2831 980 οὖν
2896 925 3159 997 πρότερον
3212 922 3275 976 τὸ
3329 921 3607 994 αἱρετικὸν

2031 1021 2226 1091 δόγμα,
2249 1019 2277 1072 ὂ
2305 1019 2406 1089 τῆς
2458 1019 2955 1080 ἀποκαταστάσεως
2989 1015 3099 1068 τῶν
3129 1014 3402 1085 δαιμόνων
3429 1013 3512 1075 είς
3539 1010 3603 1064 ea

2032 1110 2261 1180 ἀρχαῖον
2313 1109 2410 1161 καὶ
2437 1147 2440 1150 .
2463 1107 2571 1161 τῶν
2620 1108 2678 1161 ἐν
2724 1107 3020 1178 ἁμαρτίαις
3076 1103 3493 1171 καταλυσάντων
3513 1101 3607 1156 τὸν

2034 1200 2170 1270 βίον,
2199 1199 2338 1271 μετά
2357 1199 2404 1231 ’⁵⁸
2439 1215 2590 1261 τινας
2651 1199 2843 1262 ποινὰς
2888 1196 3198 1268 ὡρισμένας
3228 1197 3304 1258 είς
3332 1195 3423 1248 τὸν
3446 1193 3610 1265 χορὸν

2033 1291 2141 1344 τῶν
2171 1289 2389 1344 δικαίων
2422 1288 2697 1359 μετελθεῖν
2753 1287 3126 1358 τερατεύεται.
3178 1284 3423 1353 Ἐλέγχει
3461 1284 3517 1336 δὲ
3548 1282 3609 1336 τὸ

2045 1381 2292 1452 μυθῶδες
2313 1377 2473 1433 τοῦτο
2506 1377 2824 1447 δυσσέϐημα
2845 1377 3060 1448 πρῶτον
3096 1375 3193 1446 μὲν
3218 1373 3276 1439 ἐξ
3299 1373 3479 1428 αὐτῶν
3499 1372 3609 1425 τῶν

2039 1469 2386 1524 Δεσποτικῶν
2439 1468 2631 1538 φωνῶν
2655 1508 2670 1533 ,
2699 1467 2950 1536 δεύτερον
2980 1466 3036 1519 δὲ
3065 1466 3112 1498 ³⁸
3143 1466 3207 1517 ἐκ
3229 1464 3340 1517 τῶν
3369 1465 3608 1517 ἀποστο-

2030 1561 2196 1615 λικῶν
2217 1559 2608 1631 κηρυγμάτων,
2637 1552 2717 1621 οἷς
2745 1556 2873 1629 [479
2886 1554 2977 1624 [1.]
3003 1556 3098 1609 ml.
3119 1554 3461 1625 προφητικὸκ
3489 1555 3610 1606 ἐπι-

2033 1653 2290 1706 συνάπτει
2328 1649 2653 1722 μαρτυρίας,
2699 1646 3120 1719 τρανολογούσας
3162 1645 3352 1716 ὥσπερ
3390 1643 3610 1698 αἰώνιον

366 1753 469 1792 non
524 1742 685 1795 modo
738 1752 922 1797 autem
978 1745 1303 1802 testimoniis
1353 1747 1530 1802 allatis
1601 1749 1913 1806 haereticum

2033 1743 2121 1816 τὴν
2147 1743 2256 1797 τῶν
2277 1741 2499 1795 δικαίων
2519 1739 2874 1810 ἀνεκλάλητον
2891 1738 3204 1801 ἀπόλαυσιν,
3222 1735 3364 1790 οὕτω
3387 1734 3485 1788 καὶ
3510 1734 3610 1803 τὴν

365 1837 525 1898 atque
558 1831 839 1898 profanum
867 1835 1190 1890 condemnat
1225 1851 1509 1902 venenum,
1544 1853 1728 1893 verum
1763 1843 1922 1895 etiam

2033 1832 2134 1887 τῶν
2152 1830 2485 1901 ἁμαρτωλῶν
2502 1828 2858 1899 ἀτελεύτητόν
2877 1845 2934 1880 τε
2953 1827 3046 1880 καὶ
3059 1827 3426 1881 ἀνυπόστατον
3452 1822 3612 1876 κόλα-

363 1933 397 1970 e
428 1921 630 1975 sanctis
647 1919 918 1978 Patribus.
951 1924 1254 1992 Quinetiam
1298 1928 1544 1994 validius,
1587 1945 1654 1986 ex
1687 1932 1924 2000 ejusdem

2033 1939 2135 1975 σιν.
2173 1922 2287 1974 Οὐκ
2319 1921 2385 1973 ἐκ
2419 1919 2527 1974 τῶν
2559 1919 2869 1990 εἰρημένων
2893 1918 2949 1970 δὲ
2984 1918 3144 1986 μόνον
3170 1917 3421 1987 χρήσεων
3437 1914 3499 1967 τὸ
3526 1915 3611 1966 αἱ-

368 2010 601 2078 pr0priis
643 2012 859 2081 scriptis
895 2029 1124 2084 quorum
1155 2018 1358 2086 perfide
1396 2019 1618 2074 haeresis
1644 2032 1926 2090 patronum

367 2099 612 2163 accipere
646 2117 902 2173 aggressa
951 2115 1068 2160 est:
1097 2122 1167 2163 ex
1215 2110 1301 2164 his
1338 2111 1592 2166 omnibus
1643 2113 1751 2181 piis
1811 2128 1930 2168 sen-

369 2189 552 2243 tentiis
577 2198 632 2244 et
654 2189 837 2247 verbis
867 2191 1239 2248 calamitosam
1287 2195 1433 2248 illam
1463 2196 1767 2266 animaeque
1797 2211 1922 2267 per-

367 2277 625 2338 niciosam
664 2280 900 2335 fabulam
950 2298 979 2337 a
1011 2292 1128 2339 toto
1159 2285 1304 2340 clero
1348 2286 1723 2343 ecclesiastico
1778 2289 1926 2343 illum

364 2383 632 2433 amovere,
661 2371 806 2440 pium
842 2387 970 2427 vero
1001 2374 1214 2444 dogma,
1250 2377 1512 2431 malitiam
1544 2393 1765 2432 exosum
1801 2395 1932 2433 con-

366 2459 581 2514 ﬁrmare
609 2469 661 2514 et
693 2462 902 2531 erigere
930 2475 1173 2534 apparet,
1204 2467 1270 2520 ad
1311 2469 1567 2524 etnndeur
1580 2484 1791 2540 quoque
1818 2485 1930 2525 mo-

363 2550 490 2604 dum
522 2551 792 2611 instruere
836 2570 899 2613 ac
947 2558 1160 2614 munire
1207 2561 1454 2615 veritatis
1508 2561 1731 2625 vallum,
1788 2565 1930 2617 unde

363 2645 572 2698 hostem
593 2659 780 2702 arcere
809 2648 860 2702 iu
892 2658 1138 2720 promptu
1169 2652 1260 2706 sit.
1296 2652 1448 2709 Dicta
1491 2654 1696 2725 reliqua
1739 2656 1930 2710 deinde

361 2735 534 2789 sancti
571 2735 747 2792 Patris
793 2739 971 2804 all'ert,
1024 2741 1221 2809 quibus
1262 2743 1494 2812 improbi
1548 2759 1612 2798 ac
1695 2759 1928 2812 nequam

364 2835 656 2891 sectarum,
683 2843 974 2898 caupones,
1030 2831 1213 2886 vinum
1244 2848 1399 2902 aqum
1448 2835 1739 2889 miscentes
1773 2835 1929 2890 adul-

366 2923 544 2970 terare
599 2917 709 2982 illa,
760 2921 889 2988 quin
945 2921 1125 2991 potius
1181 2925 1587 2979 ecclesiasticas
1658 2926 1930 2981 doctrinas

365 3006 544 3058 conati
579 3017 727 3062 sunt.
757 3009 864 3064 Has
891 3026 1056 3080 porro
1080 3027 1264 3068 sacras
1308 3017 1611 3069 sententias
1659 3017 1929 3070 adducens

365 3095 432 3148 de
459 3095 783 3165 Origenistis
823 3100 873 3155 in
911 3103 1142 3171 propriis
1183 3106 1466 3161 sententiis
1514 3108 1775 3162 convictis
1810 3110 1929 3175 qui-
1953 3072 1997 3134 C

367 3187 466 3240 bus
498 3186 570 3240 illi
607 3189 742 3243 male
782 3193 1090 3256 utebantur,
1149 3195 1482 3264 triumphqu
1530 3200 1658 3268 egit.
1723 3199 1928 3269 Repre-

366 3277 605 3331 hendens
655 3288 762 3332 tum
807 3284 949 3350 quod
1001 3283 1238 3354 legitima
1289 3287 1506 3356 quidem
1549 3289 1842 3343 audacibus
1877 3299 1932 3344 et

367 3369 770 3436 impudentibus
831 3374 1215 3431 additamentis
1267 3378 1544 3448 illegitima
1611 3379 1922 3447 redderent,

364 3464 478 3512 tum
511 3473 636 3512 vero
661 3462 1024 3518 additamenta
1083 3465 1486 3532 continuantes,
1545 3483 1682 3523 nova
1736 3485 1930 3540 magna

366 3549 666 3614 arrogantia
700 3559 754 3604 et
793 3553 1108 3620 stupiditate
1155 3556 1222 3610 ad
1269 3556 1578 3613 hmrcticam
1627 3573 1778 3614 suam
1809 3559 1929 3628 opi-

365 3636 578 3692 nionem
603 3654 664 3693 ea
713 3643 968 3698 audacter
998 3646 1398 3717 detorquerent.
1444 3650 1530 3713 Et,
1583 3660 1640 3704 ut
1691 3651 1929 3707 breviter

365 3727 538 3781 dicam
577 3733 780 3797 omnia,
808 3735 979 3788 sancti
1013 3735 1171 3804 hujus
1220 3738 1395 3793 Patris
1431 3741 1629 3810 scripta
1679 3741 1745 3795 ab
1776 3745 1928 3797 omni

367 3819 612 3874 haeretica
662 3826 946 3889 pravitate,
969 3837 1025 3880 et
1058 3842 1090 3881 a
1146 3827 1437 3894 calumnia,
1466 3846 1586 3899 quae
1621 3833 1674 3885 in
1735 3833 1929 3902 impie-

367 3917 531 3964 tatem
571 3913 765 3981 vergit,
799 3915 1058 3969 immunia
1112 3933 1232 3972 esse
1272 3919 1534 3974 declarat.
1579 3921 1702 3977 llaec
1767 3939 1929 3992 porro

368 4000 678 4056 immunitas
708 4016 764 4058 et
809 4007 1171 4075 improbitatis
1208 4009 1460 4066 refutatio
1505 4020 1560 4067 et
1607 4029 1674 4068 ex
1709 4023 1926 4071 antece-

364 4092 614 4147 dentibus
650 4095 749 4148 loci
782 4097 1082 4165 depravati,
1114 4109 1170 4155 et
1195 4116 1260 4155 cx
1291 4107 1751 4173 consequentibus
1789 4123 1926 4162 cou-

364 4180 544 4235 ticitur
563 4194 618 4236 et
642 4185 1047 4242 demonstratur
1076 4209 1091 4256 ;
1151 4201 1206 4246 et
1231 4207 1298 4246 ex
1329 4193 1450 4249 aliis
1482 4199 1756 4253 sexcentis
1785 4199 1928 4254 beati

361 4274 608 4342 Gregorii
655 4276 882 4345 Nysseni
919 4280 1092 4343 libris,
1131 4282 1224 4350 qui
1279 4286 1582 4342 orthodoxe
1608 4299 1662 4342 et
1692 4289 1929 4357 legitime

2032 2013 2241 2083 ρετικδν
2268 2012 2360 2065 καὶ
2376 2010 2671 2079 ἀλλόφυλον
2689 2009 3012 2063 καταϐάλλει
3043 2007 3327 2078 φρύαγμα,
3349 2006 3490 2060 ἀλλά
3516 2007 3611 2059 καὶ

2030 2103 2090 2166 ἐξ
2115 2103 2290 2156 ἄλλων
2323 2102 2485 2172 ἱερῶν
2511 2101 2742 2172 ἀνδρῶν,
2765 2101 2852 2154 ναὶ
2875 2100 2938 2170 δὴ
2963 2099 3042 2170 (τὸ
3071 2095 3484 2170 κραταιότερον)
3516 2097 3611 2149 καὶ

2029 2196 2094 2248 ἐκ
2115 2195 2313 2264 λογίων
2343 2194 2511 2248 αὐτοῦ
2539 2193 2770 2259 ἐκείνου,
2800 2192 2860 2245 ὃν
2892 2193 2938 2223 ⁸¹
2967 2191 3366 2261 κακομηχάνως
3394 2191 3428 2258 ἡ
3457 2189 3609 2258 αἵρε-

2033 2304 2118 2349 σις
2167 2285 2469 2356 συνήγορον
2527 2284 2712 2337 λαϐεῖν
2769 2284 3087 2353 ἠγωνίζετο.
3147 2283 3243 2334 Διά
3301 2281 3364 2352 δὴ
3401 2279 3610 2333 τούτων

2033 2375 2262 2429 ἀπασῶν
2288 2376 2396 2427 τῶν
2436 2373 2750 2443 ίερολογιῶν
2777 2373 2836 2426 τὸ
2865 2373 2962 2443 μὲν
2993 2370 3290 2426 παθοποιῦν
3319 2369 3416 2422 καὶ
3439 2367 3610 2437 ψυχο-

2033 2468 2234 2539 φθόρον
2263 2467 2446 2535 πάσης
2485 2465 2942 2535 ἐκκλησιαστικῆς
2964 2461 3325 2535 χοροστασίας
3365 2459 3612 2513 ἀπελαύο

2031 2579 2138 2615 νων
2183 2560 2466 2630 ἀνεδείχθη
2523 2557 2896 2629 μυθολόγημα,
2956 2556 3017 2608 τὸ
3065 2555 3120 2607 δέ
3155 2556 3254 2623 τῆς
3318 2551 3609 2610 εὐσεϐεάς

2036 2653 2403 2722 μισοπόνηρον
2466 2649 2748 2720 κρατύνων
2812 2664 2871 2700 τε
2931 2647 3025 2700 καὶ
3073 2645 3290 2714 ἀνυψῶν
3328 2644 3609 2712 φρόνημα.

2033 2743 2189 2796 Οὕτω
2215 2743 2273 2796 δέ
2301 2743 2776 2814 προδιασκευάσας
2797 2739 2891 2793 καὶ
2915 2738 3395 2810 κραταιωσάμενος
3421 2735 3482 2788 τὸ
3513 2737 3610 2803 τῆς

2035 2836 2296 2907 ἀληθείας
2347 2835 2636 2905 ὀχύρωμα,
2669 2833 2729 2896 ἐξ
2772 2825 2834 2885 οὗ
2865 2831 3192 2884 καταϐαλεῖν
3253 2830 3380 2898 ῥᾷον
3413 2826 3611 2897 ἔμελλε

2031 2927 2122 2980 τὸν
2154 2928 2202 2959 ⁸⁸
2251 2926 2530 2995 πολέμιον,
2588 2923 2658 2976 τά
2717 2923 2856 2994 ρητά
2910 2921 3094 2976 λοιπὸν
3143 2920 3278 2990 μετά
3302 2917 3483 2971 ταῦτα
3513 2916 3609 2970 τοῦ

2036 3015 2183 3088 ἱεροῦ
2218 3018 2447 3088 προάγει
2478 3015 2712 3087 Πατρδς,
2743 3009 2825 3079 οἷς
2857 3016 2907 3068 οἱ
2934 3013 3095 3066 κακοὶ¹
3124 3011 3219 3065 καὶ
3249 3009 3482 3078 πονηροὶ
3501 3009 3610 3062 τῶν

2029 3109 2314 3178 δογμάτων
2343 3107 2578 3176 κάπηλοι
2601 3107 2692 3160 τὸν
2715 3101 2857 3159 οἶνον
2900 3105 3054 3158 ὕδατι
3098 3101 3388 3174 μιγνύντες
3420 3100 3610 3169 κιϐδη-

2029 3201 2206 3253 λεύειν
2235 3199 2393 3263 αὐτὰ,
2432 3199 2631 3269 μᾶλλον
2663 3199 2718 3252 δέ
2748 3199 2816 3251 τά
2845 3199 2944 3268 τῆς
2985 3197 3312 3266 Ἐκκλησίας
3343 3194 3612 3265 ἐμελέτηο

2034 3309 2132 3345 σαν
2157 3291 2478 3361 διδάγματα.
2514 3287 2701 3342 Ταῦτα
2727 3288 2792 3360 δὴ
2818 3289 2887 3343 τὰ
2921 3288 3046 3358 ἱερά
3099 3286 3240 3359 ρητά
3277 3286 3324 3318 ⁸⁸
3358 3285 3611 3356 προθεὶς.

1991 3383 2343 3459 ’ἑαλωκότας
2402 3383 2488 3433 ἐπ’
2539 3380 2842 3451 αὐτοφώρῳ
2898 3381 3023 3444 τοὺς
3063 3378 3482 3450 Ὠριγενιαστάς
3530 3374 3613 3440 οἷς

2030 3475 2398 3545 ἐκακούργουν
2433 3472 2819 3544 ἐθριάμϐευσε,
2847 3471 3005 3525 τοῦτο
3023 3471 3122 3542 μὲν
3150 3469 3613 3541 ἀπηρυθριασμέ-

2033 3582 2152 3628 ναις
2200 3564 2298 3619 καὶ
2349 3563 2729 3633 ἀναισχύντοις
2807 3562 3145 3633 προσθήκαις
3188 3560 3612 3621 ἐπινοθεύοντας

2028 3657 2321 3726 διελέγχων
2377 3655 2446 3708 τά
2497 3654 2779 3717 ἀνόθευτα,
2823 3654 2979 3707 τοῦτο
3035 3651 3093 3705 δὲ
3135 3652 3229 3706 καὶ
3277 3652 3338 3704 τὸ
3379 3651 3611 3720 συνεχὲς

2031 3747 2415 3818 ὑφορωμένους
2447 3748 2546 3816 τῆς
2567 3743 2913 3818 προσθήκης,
2938 3746 3002 3798 ἐκ
3029 3744 3227 3813 πολλῆς
3251 3745 3420 3813 ἄλλης
3448 3742 3611 3796 αὐθα-

2029 3838 2176 3900 δείας
2202 3855 2261 3890 τε
2320 3838 2414 3890 καὶ
2443 3837 2721 3902 ἀπονοίας,
2761 3837 2898 3904 πρὸς
2955 3837 3055 3907 τὴν
3103 3836 3390 3907 αἱρετικὴν
3423 3835 3610 3889 αὐτῶν

2030 3929 2272 3983 ἐπίνοιαν
2301 3928 2812 3998 ἀποθρασυνθέντας
2830 3928 3196 3992 ἐκϐιάζεσθαι.
3220 3928 3351 3992 Καὶ,
3380 3927 3460 3990 ὡς
3477 3926 3610 3988 ἔπος

2031 4026 2224 4088 εἰπεῖν,
2251 4024 2429 4092 πάσης
2453 4023 2578 4086 τοὺς
2601 4023 2694 4075 τοῦ
2709 4022 2900 4092 ἀνδρὸς
2923 4021 3376 4091 ἀπηλλαγμένους
3407 4019 3610 4080 πόνους

2030 4118 2320 4186 ἀποφαίνει
2387 4117 2668 4187 αἱρετικῆς
2719 4131 2778 4166 τε
2806 4114 3096 4184 ἐπιϐουλῆς
3120 4113 3215 4167 καὶ
3240 4111 3611 4181 συκοφαντίας

2029 4207 2321 4278 ἀφορώσης
2382 4211 2462 4269 είς
2523 4206 2797 4260 ἀσέϐειαν.
2843 4206 2907 4258 Ἡ
2965 4206 3022 4258 δὲ
3051 4204 3337 4274 ἀπαλλαγὴ
3377 4204 3479 4257 καὶ
3510 4204 3610 4272 τῆς

2030 4297 2368 4367 κακουργίας
2389 4300 2416 4350 ό
2451 4295 2669 4366 ἐλεγχος
2716 4296 2780 4348 ἐκ
2821 4313 2880 4347 τε
2912 4295 3019 4348 τῶν
3052 4294 3483 4365 προηγουμένων
3512 4291 3608 4345 τοῦ

361 4367 622 4430 sentiunt,
657 4378 802 4425 recte
829 4373 1131 4439 excutiens,
1164 4383 1226 4428 ut
1264 4392 1422 4431 nemo
1460 4380 1654 4434 melius
1702 4383 1754 4435 in
1782 4383 1923 4435 salu-

2033 4401 2380 4455 κεκακουργη
2390 4384 2550 4453 μένου
2586 4385 2632 4417 ⁵⁸
2655 4384 2855 4454 χωρίου
2879 4386 2972 4437 καὶ
3000 4383 3106 4436 τῶν
3126 4383 3408 4453 ἑπομένων
3441 4398 3611 4434 κατα-

364 4466 508 4513 lares
543 4474 733 4528 preces
781 4477 844 4516 ac
892 4463 1078 4519 laudes
1130 4466 1221 4520 Dei
1263 4467 1507 4523 laborem
1553 4473 1712 4526 ﬁniit.
1775 4471 1925 4528 Libri

361 4557 544 4601 autem
569 4565 704 4617 quos
751 4551 962 4610 insidiis
985 4557 1238 4626 excipere
1266 4560 1509 4616 haeretici
1573 4563 1743 4616 moliti
1773 4574 1924 4629 sunt,

2029 4475 2349 4538 σκευάζεταί
2378 4491 2436 4526 τε
2476 4476 2570 4527 καὶ
2599 4475 3061 4538 ἀνακαλύπτεται,
3092 4474 3187 4526 καὶ
3225 4472 3285 4537 ἐξ
3326 4473 3509 4526 ἄλλων
3552 4471 3611 4524 δὲ

2027 4566 2123 4619 τοῦ
2182 4567 2470 4619 θεσπεσίου
2516 4567 2818 4637 Γρηγορίυυ
2865 4567 3071 4637 μυρίων
3107 4567 3300 4635 λόγων,
3354 4564 3418 4617 τὸ
3448 4563 3612 4634 ὀρθὸν

360 4644 414 4690 et
442 4651 578 4706 quos
613 4639 914 4699 Germanus
949 4649 1195 4706 veritatis
1233 4663 1600 4722 propugnator
1637 4654 1928 4722 primarius

2033 4657 2398 4722 διασωζόντων
2423 4658 2520 4710 καὶ
2551 4657 2858 4712 ἀνόθευτον.
2889 4660 2998 4713 Καὶ
3021 4657 3191 4712 ταῦτα
3224 4657 3409 4721 καλῶς
3457 4660 3609 4723 ἀγω-

361 4729 431 4783 ab
456 4730 725 4786 latronum
755 4736 952 4792 insultu
996 4741 1115 4796 sine
1145 4758 1284 4797 noxa
1323 4746 1584 4808 servavit,
1645 4755 1771 4799 sunt
1798 4746 1930 4798 Dia-

361 4825 512 4888 logus
565 4823 636 4875 ad
671 4823 970 4883 Macrinam
1012 4849 1245 4887 sororem
1297 4836 1362 4888 de
1418 4837 1596 4888 anima
1630 4854 1648 4900 ;
1685 4846 1738 4891 et
1771 4837 1928 4890 Liber

361 4910 730 4976 catecheticus,
758 4925 814 4970 et
837 4917 925 4974 ille
956 4921 1048 4989 qui
1075 4920 1152 4976 De
1176 4925 1405 4993 perfecta
1431 4929 1537 4980 vita
1563 4928 1924 4981 narrationem

361 5001 626 5055 continet.

2028 4749 2337 4818 νισάμενος,
2399 4747 2494 4799 καὶ
2545 4746 2621 4809 ὡς
2667 4747 2768 4800 οὐκ
2829 4748 2893 4801 ἄν
2937 4765 3020 4810 τις
3052 4747 3211 4807 ἄλλος
3243 4745 3498 4815 ἄμεινον,
3530 4746 3611 4804 είς

2037 4837 2336 4908 σωτηρίους
2364 4837 2526 4905 εὐχὰς
2562 4839 2659 4891 καὶ
2683 4837 2888 4906 δοξολο·,
2907 4840 2990 4900 ίας
3013 4836 3149 4890 Θεοῦ
3173 4837 3522 4906 ἀποπερατοῖ
3550 4833 3611 4886 τὸ

2035 4927 2400 4996 φιλοπόνημα.
2439 4928 2504 4980 Οἱ
2533 4927 2589 4980 δέ
2642 4927 2814 4996 λόγοι,
2861 4928 2954 4991 οὒς
2983 4927 3233 4980 ὑπελθεῖν
3268 4926 3518 4994 ἐνέδραις
3548 4923 3610 4975 τὸ

2034 5017 2327 5086 ἀλλόφυλον
2390 5019 2716 5088 ἐτεχνάσατο
2751 5021 2796 5052 ⁵³
2830 5022 2924 5072 καὶ
2966 5023 2994 5073 ό
3033 5020 3180 5088 παρά
3214 5020 3312 5089 τῆς
3339 5017 3608 5084 ἀληθείας

360 5090 582 5160 ταχθεὶς
645 5098 947 5167 στρατηγὸς
1003 5100 1104 5169 τῆς
1157 5103 1455 5173 λῃστρικῆς
1497 5105 1688 5172 ἐφόδου
1733 5104 1918 5158 κακῶν
1947 5106 2178 5170 ἀπαθεῖς
2233 5105 2548 5170 διεσώσατο,
2615 5108 2643 5159 ὃ
2697 5125 2754 5160 τε
2809 5109 2945 5176 Περὶ
3005 5108 3213 5176 ψυχῆς
3266 5109 3384 5159 ἐστι
3453 5106 3608 5170 πρὸς

362 5179 478 5247 τὴν
497 5182 773 5254 ἀδελφὴν
810 5189 1122 5258 Μακρῖναν
1163 5195 1470 5264 Διάλογος,
1528 5198 1618 5249 καὶ
1674 5196 1738 5266 δὴ
1767 5197 1862 5250 καὶ
1893 5199 1920 5250 ό
1960 5199 2368 5265 Κατηχητικὸς
2421 5201 2514 5251 καὶ
2546 5202 2574 5252 ὁ
2629 5202 2766 5269 Περὶ
2803 5188 3034 5255 τελείου
3069 5202 3114 5232 ³⁸⁸
3130 5201 3276 5266 ,θίου
3336 5202 3434 5272 τὴν
3490 5203 3606 5254 εἱσ-

364 5275 561 5342 ήγησιν
591 5277 1001 5351 ἀναδεξάμενος.

1652 5398 1883 5453 VARl/E
1927 5399 2339 5457 LECTIONES.

327 5472 331 5477 I
371 5474 896 5568 Μῖζάτιξαῼέγίλιτος
925 5489 1194 5568 ξραμερι-ε
1223 5489 1342 5568 libri
1361 5491 1842 5568 ﬁtznapsyximtog.
1892 5491 1964 5568 _“‘
1987 5491 2158 5568 ἐθέλοι
2183 5493 2246 5544 Β.
2320 5489 2364 5525 ⁸⁸
2391 5489 2528 5568 μετά
2651 5509 2663 5545 :
2693 5491 2830 5568 κατά
2861 5510 2920 5556 ς.
2956 5563 2966 5568 Α
2995 5493 3040 5524 ⁵ο
3071 5493 3126 5545 δὲ
3157 5495 3355 5568 out.
3457 5494 3512 5568 _"'
3543 5493 3602 5568 ὃν

701 5546 774 5607 ὧν
796 5573 854 5619 ε.
877 5546 891 5551 ⁷
931 5559 974 5590 δι
997 5546 1108 5612 rubii
1136 5560 1195 5612 τὸ
1218 5561 1282 5614 Α.
1358 5563 1404 5594 ⁵³
1447 5546 1610 5632 ῥηὲὰῙ
1636 5546 1852 5631 ῥήματα
1892 5563 1947 5615 Β.
1985 5562 2030 5593 ⁸⁸
2059 5546 2533 5633 κακουργουμένου
2578 5562 2637 5616 Β.
2712 5563 2758 5595 ⁸⁸
2787 5546 3107 5633 ἐτεχνήσατο
3142 5581 3202 5626 ς.
3259 5546 3327 5598 ίυθ
3346 5546 3476 5634 ⁷περὶ
3503 5562 3596 5615 τοῦ
