3964 6246
347 347 482 413 1109

343 552 454 608 Τοῦ
507 551 682 622 ἁγίου
736 550 1130 675 Μεθοδίουλὲκ
1172 551 1280 606 τοῦ
1335 551 1469 620 περὶ
1525 546 1916 611 ἀναστάσεως

1102 640 1236 675 του.

1102 640 1236 690 γου.

411 710 538 779 [908
564 709 654 784 R.]
687 707 1028 783 Ἀνεγνὼσθη
1057 710 1153 764 τοῦ
1196 711 1351 779 ἀγίου
1377 708 1663 772 Μεθοδίου,
1695 706 1913 760 ἐπισκόι

345 819 451 855 που
481 804 576 857 καί
612 803 911 875 μάρτυρος,
953 805 1020 856 ἐκ
1046 801 1140 856 τοῦ
1173 803 1304 874 περὶ
1336 802 1686 864 ἀναστάσεως
1731 799 1918 868 λόγου,

340 883 404 947 οὗ
424 893 460 964 ἡ
482 895 526 926 ⁵⁷
549 893 747 964 ἐκλογὴ
771 892 842 946 τὰ
864 893 1199 964 ὑποκείμενα
1229 893 1379 961 λέγει
1405 909 1418 922 ’

422 987 543 1038 Ὅτι
591 986 652 1039 οὑ
683 986 886 1055 δεσμόν
917 1002 1054 1056 φησι
1099 986 1160 1039 τὸ
1205 985 1364 1056 σῶμα
1403 983 1505 1053 τῆς
1550 982 1728 1054 ψυχῆς
1753 978 1916 1046 εἶναι,

348 1075 426 1138 ὡς
466 1075 750 1146 Ὠριγένης
803 1074 963 1147 ᾤετο,
1011 1075 1134 1129 οὺδέ
1187 1075 1522 1146 δεσμώτιδας
1585 1074 1685 1138 τὰς
1741 1073 1921 1144 ψυχάς

349 1166 502 1236 παρά
542 1167 636 1221 τοῦ
659 1168 705 1200 ⁸⁸
720 1169 1004 1239 προφήτου
1039 1167 1300 1239 Ἱερεμίου
1356 1168 1637 1223 καλεῖσθαι
1663 1167 1751 1222 διὰ
1771 1169 1832 1221 τὸ
1861 1170 1920 1223 ἐν

348 1259 596 1328 σώμασιν
648 1259 816 1323 αὑτὰς
847 1261 1159 1330 τυγχάνειν.
1205 1261 1279 1315 Οὐ
1323 1262 1435 1331 γὰρ
1478 1259 1789 1333 ἐμποδίζειν
1821 1261 1922 1326 τὰς

345 1348 446 1416 τῆς
476 1347 656 1418 ψυχῆς
688 1350 968 1420 ἐνεργείας
1021 1350 1084 1404 τὸ
1128 1350 1288 1420 σῶμα
1332 1350 1581 1416 τίθεται,
1652 1369 1924 1424 συμπερι-

348 1437 584 1506 ἀγεσθαι
604 1438 661 1492 δὲ
693 1439 895 1508 μᾶλλον
922 1441 984 1493 τὸ
1015 1441 1176 1512 σῶμα
1213 1440 1307 1494 καὶ
1340 1445 1622 1512 συνεργεῖν
1661 1443 1794 1514 πρὸς
1819 1442 1856 1498 ἃ
1887 1443 1922 1516 ἡ

345 1528 493 1598 ψυχὴ
514 1530 822 1600 ἐπιτρέπει.
863 1529 1026 1584 Ἀλλά
1074 1531 1190 1595 πῶς
1229 1531 1358 1603 [480
1390 1533 1485 1604 Η.]
1522 1533 1585 1588 τὸ
1615 1533 1708 1586 τοῦ
1743 1534 1924 1588 θεολό-

351 1637 453 1688 γου
479 1621 785 1691 Γρηγορίου
821 1622 1040 1692 νθητέον
1071 1624 1162 1678 καὶ
1190 1623 1367 1678 ἄλλων
1397 1625 1638 1692 πολλῶν;

419 1711 547 1766 Ὀτι
581 1712 863 1783 Ὠριγένης
891 1713 1088 1784 δεσμὸν
1112 1715 1174 1769 τὸ
1207 1716 1368 1786 σῶμα
1394 1717 1547 1786 ἔλεγε
1575 1718 1820 1772 δεδόσθαι
1850 1721 1917 1790 τῇ

1358 343 1884 405 BIBLIOTIIECA.
1913 365 1984 376 -
2017 339 2181 399 COD.
2218 337 2569 398 CCXXXIV.

1043 461 1201 514 ΣΛΔ’.
1939 449 1991 507 Α

3454 328 3589 391 1110

2021 531 2285 602 Επενριιι
2309 548 2374 588 ea:
2410 439 3054 616 Οναιὶοηῗὲξῖιξιῖοαὶἱ
3079 529 3143 584 de
3174 527 3589 584 Resurrectioue.

2096 692 2294 766 293a
2323 692 2449 758 Legi
2509 691 2685 747 sancti
2744 689 3000 746 Methodii
3062 687 3299 758 episcopi
3335 697 3392 741 et
3445 701 3597 741 mar-
3670 683 3674 686 ’

2021 784 2178 853 tyris,
2239 797 2306 837 ex
2337 781 2597 839 Oratione
2629 782 2696 836 de
2743 778 3148 836 resurrectione
3181 794 3198 845 ;
3231 779 3388 850 cujus
3438 791 3593 833 como

2019 875 2198 942 pendii
2229 874 2332 930 hoc
2361 883 2446 930 est
2503 880 2878 942 argumentum
2930 889 2943 925 :

2091 963 2300 1034 Corpus
2356 979 2464 1019 non
2499 979 2621 1019 esse
2654 962 2927 1018 vinculum
2961 961 3175 1027 animae,
3221 968 3282 1015 ut
3334 957 3599 1028 Origenes

2021 1055 2388 1123 existimavit;
2431 1068 2609 1125 neque
2652 1055 2865 1110 animas
2914 1053 3229 1109 carceribus
3275 1051 3510 1122 illigatas
3568 1066 3598 1104 a

2020 1148 2256 1205 Ieremia
2281 1146 2542 1217 propheta
2566 1146 2669 1202 dici
2695 1144 2741 1212 1,
2764 1160 2830 1202 eo
2858 1144 3001 1216 quod
3027 1144 3081 1199 in
3107 1142 3424 1212 corporibus
3450 1141 3596 1195 sint:

2029 1252 2210 1308 neque
2234 1237 2377 1292 enim
2409 1237 2605 1291 anima:
2652 1235 2996 1306 operationes
3033 1248 3063 1288 a
3093 1247 3320 1302 corpore
3349 1231 3600 1300 impediri

2022 1329 2273 1396 affirmat,
2297 1332 2406 1383 imo
2429 1342 2626 1398 corpus
2652 1326 2990 1384 circumferri
3015 1326 3207 1396 potius,
3233 1333 3289 1380 et
3321 1322 3599 1392 cooperari

2022 1438 2087 1479 ea
2119 1423 2185 1477 ad
2225 1437 2345 1491 qum
2387 1421 2564 1475 anima
2603 1421 2814 1474 invitat.
2846 1418 3140 1473 Enimvero
3165 1416 3436 1487 quomodo
3469 1413 3601 1466 illud

2023 1511 2267 1582 Gregorii
2304 1509 2655 1576 Nazianzeni,
2689 1519 2745 1565 et
2775 1507 3070 1565 multorum
3118 1506 3350 1562 aliorum
3400 1503 3602 1559 intelli-

2023 1603 2256 1678 gendum
2283 1602 2306 1656 ?
3594 1605 3600 1611 “

2094 1693 2358 1764 Origenes
2386 1694 2622 1748 asseruit
2672 1708 2870 1763 corpus
2913 1701 3037 1761 post
3085 1689 3594 1761 praevaricationem

347 1802 496 1874 ψυχῇ
537 1779 674 1875 μετᾶ
881 1779 1217 1876 παράϐασιν,
1278 1779 1410 1878 πρὶν
1557 1809 1850 1880 ἀσώματον
1875 1779 1920 1846 ’.δ

2041 1785 2204 1840 mimo
2233 1783 2436 1838 vinculi
2469 1782 2589 1838 loco
2625 1783 2944 1852 adiunctum
2983 1795 3125 1848 esse,
3150 1795 3273 1835 cum
3306 1779 3456 1848 prius
3475 1779 3596 1832 sine

347 1895 524 1966 αὐτὴν
557 1893 840 1965 βιοτεύειν.
882 1896 1040 1950 Ἀλλά
1078 1898 1172 1950 καὶ
1207 1897 1369 1952 τοῦτο
1399 1897 1462 1952 τὸ
1501 1898 1677 1972 σῶμα,
1709 1901 1738 1954 ὃ
1768 1919 1926 1974 περι-

349 1983 609 2054 κείμεθα,
640 1984 815 2040 αῐτιον
844 1983 984 2041 εῖναι
1015 1988 1126 2041 τῶν
1153 1989 1438 2062 ἁμαρτιῶν
1460 2007 1474 2021 ’
1508 1991 1596 2045 διὰ
1629 1992 1787 2048 τοῦτο
1831 1995 1926 2049 καὶ

345 2074 548 2145 δεσμὸν
589 2076 796 2146 ἔλεγεν,
823 2079 897 2142 ὡς
928 2078 1039 2132 ἀπὸ
1087 2078 1196 2132 τῶν
1223 2080 1443 2149 ἀγαθῶν
1473 2081 1652 2156 ἔργων
1694 2085 1926 2140 κωλύειν

345 2165 648 2236 δυνάμενον
689 2166 790 2237 τὴν
823 2167 1018 2237 ψυχήν.

421 2256 548 2310 Ὀτι
586 2259 636 2310 εί
663 2257 860 2328 δεσμδς
899 2258 1061 2330 ἐδόθη
1093 2260 1154 2313 τὸ
1192 2260 1349 2332 σῶμα
1380 2264 1520 2333 μετὰ
1550 2264 1648 2337 τὴν
1669 2268 1923 2338 παράὸα-
1950 2261 1954 2264 ’

346 2364 458 2412 σιν,
487 2347 519 2418 ἢ
543 2347 652 2403 τῶν
672 2347 863 2401 κακῶν
885 2347 919 2418 ἢ
947 2351 1057 2403 τῶν
1089 2350 1311 2418 ἀγαθῶν
1334 2351 1490 2424 ἐδόθη
1521 2357 1586 2425 τῇ
1615 2354 1781 2427 ψυχῇ.
1805 2357 1925 2410 Τῶν

347 2439 452 2509 μὲν
477 2437 568 2492 οὖν
613 2438 839 2508 ἀγαθῶν
868 2439 1131 2494 ἀδύνατον
1149 2457 1162 2471 ·
1191 2443 1313 2496 οὐδὲ
1343 2443 1451 2515 γὰρ
1481 2446 1663 2517 ἰατρὸς
1695 2448 1738 2482 ⁸ο
1768 2450 1801 2520 ἢ
1834 2469 1925 2504 τε..

345 2532 549 2603 χνιτῶν
571 2533 730 2597 ἄλλος
751 2532 830 2604 τῷ
857 2534 1239 2605 ἀμαρτήσαντι
1260 2535 1444 2590 δίδωσι
1473 2538 1761 2610 φάρμακον
1787 2544 1926 2598 ὥστε

345 2623 514 2678 πλέον
540 2624 940 2696 ἐξαμαρτῆσαι,
967 2628 1045 2698 μὴ
1070 2627 1154 2680 ὅτι
1177 2643 1242 2695 γε
1271 2627 1424 2692 Θεός.
1446 2630 1708 2687 Λείπεται
1732 2633 1798 2706 δὴ
1818 2636 1926 2690 τῶν

343 2713 558 2771 κακῶν.
601 2714 764 2768 Ἀλλά
813 2717 921 2788 μὴν
979 2717 1199 2788 ὁρῶμεν
1245 2718 1320 2782 ὡς
1371 2720 1493 2774 κατ’
1531 2723 1704 2793 ἀρχὰς
1742 2728 1771 2778 ὁ
1827 2728 1927 2798 μὲν

343 2803 490 2856 Κάῖν
528 2803 913 2877 περικείμενος
948 2805 1110 2861 τοῦτο
1144 2807 1205 2860 τὸ
1241 2809 1399 2879 σῶμα
1445 2812 1766 2880 ἐφόνευσεν·
1801 2818 1849 2870 oi
1881 2818 1928 2871 δ’

341 2892 550 2965 ἐφεξῆς
600 2895 740 2966 πρὸς
789 2895 857 2960 ἃς
887 2897 1316 2969 ἀθεμιτουργίας
1363 2899 1692 2970 ἐξώκειλαν,
1745 2907 1925 2977 δῆλον.

341 2985 483 3038 Οὐδὲ
515 2985 624 3040 τῶν
650 2988 835 3041 κακῶν
855 2989 964 3060 ἀρα
983 2989 1180 3059 δεσμὸς
1205 2991 1266 3044 τὸ
1299 2991 1477 3062 σῶμα.
1511 2995 1635 3048 Οὐδ’
1661 2997 1799 3062 ὅλως
1820 3001 1929 3070 ἄρα

340 3077 566 3148 δεσμὸς,
597 3079 706 3134 οὐδ⁹
733 3079 963 3152 ὕστερον
992 3083 1125 3136 αὐτὸ
1152 3084 1470 3153 ἡμφιάσατο
1497 3088 1638 3158 μετά
1678 3090 1778 3161 τὴν
1819 3109 1925 3145 πα·

343 3168 582 3238 ράὁασιν
601 3172 636 3226 'b
669 3171 837 3244 ψυχή.
981 3183 989 3188 “

418 3347 544 3402 Ὅτι
591 3349 899 3424 ἄνθρωπος,
952 3358 1107 3426 φησὶ,
1134 3357 1351 3428 λέγεται
1376 3360 1722 3432 ἀληθέστατα
1769 3365 1918 3420 κατά

345 3440 517 3508 φύσιν
535 3443 579 3474 ⁶¹
612 3442 736 3498 οὔτε
763 3445 910 3518 ψυχὴ
948 3451 1116 3520 χωρὶς
1165 3453 1440 3522 σώματος,
1472 3455 1597 3509 οὔτε
1638 3455 1706 3510 αὖ
1758 3459 1924 3513 πάλιν

348 3532 515 3603 σῶμα
543 3537 711 3606 χωρὶς
757 3536 958 3610 ψυχῆς,
990 3541 1129 3594 ἀλλά
1179 3543 1240 3596 τὸ
1291 3545 1357 3598 ἐκ
1385 3548 1698 3612 συστάσεως
1748 3549 1926 3622 ψυχῆς

346 3623 450 3678 καὶ
477 3624 725 3695 σώματος
757 3630 838 3694 είς
892 3630 1022 3700 μίαν
1060 3633 1161 3704 τὴν
1190 3635 1284 3688 τοῦ
1316 3636 1481 3690 καλοῦ
1539 3641 1755 3710 μορφὴν
1797 3659 1927 3696 συν-

345 3713 532 3768 τεθέν.
569 3715 628 3769 Ὀ
654 3716 700 3770 δ’
741 3718 786 3750 ⁶¹
821 3719 1100 3794 Ὧριγένης
1153 3725 1249 3796 τὴν
1281 3725 1461 3798 ψυχὴν
1521 3730 1690 3799 μόνην
1741 3731 1926 3802 ἔλεγεν

345 3803 661 3873 ἄνθρωπον,
691 3807 766 3872 ὡς
795 3810 824 3862 ὁ
854 3809 1102 3865 Πλάτων.

424 3895 551 3949 Ὅτι
604 3898 870 3969 διαφορὰν
916 3901 1207 3973 ἀνθρώπου
1257 3906 1353 3959 καὶ
1405 3906 1516 3962 τῶν
1545 3910 1723 3964 ἀλλων
1774 3910 1929 3976 ζώων

349 3985 521 4057 φησί·
551 3987 645 4042 καὶ
676 3991 786 4053 τοῖς
820 3990 921 4059 μὲν
939 3991 1172 4064 διάφορα
1196 3997 1457 4066 σχήματα
1482 3997 1699 4067 φύσεως
1719 4000 1931 4062 δέδοται

349 4078 452 4131 καὶ
493 4082 720 4148 μορφαὶ,
753 4080 960 4146 ὁπόσας
1002 4085 1035 4152 ή
1071 4087 1388 4156 στερέμνιος
1421 4089 1518 4142 καὶ
1567 4091 1736 4165 ὁρατὴ
1769 4094 1933 4162 φύσις

352 4167 672 4234 κελεύοντος
719 4171 980 4242 ἐγέννησε
1025 4175 1183 4240 Θεοῦ,
1234 4176 1313 4248 τῷ
1357 4179 1415 4232 δέ
1448 4180 1510 4232 τὸ
1560 4182 1791 4248 θεοειδὲς
1837 4187 1936 4238 καὶ

352 4259 663 4315 θεοείκελον
695 4264 791 4318 καὶ
820 4265 1000 4320 πάντα
1045 4268 1182 4338 πρὸς
1209 4270 1426 4341 ἐκείνην
1470 4272 1934 4346 ἀπηκριΰωμένον

350 4352 457 4422 τὴν
491 4356 856 4425 πρωτότυπον
900 4361 996 4412 τοῦ
1029 4360 1242 4430 Πατρὸς
1275 4363 1372 4414 καί¹
1420 4366 1690 4437 μονογενῆ
1725 4369 1934 4422 είκόνα.

351 4443 470 4496 Καὶ
500 4444 621 4508 πῶς
648 4446 808 4500 τοῦτο
842 4447 992 4518 λέγει
1023 4453 1051 4504 ὁ
1079 4450 1256 4520 ἆγιος,
1287 4456 1671 4511 ἐπισκεπτέον.

429 4619 553 4675 Ὀτι
585 4625 720 4693 φησι
760 4627 974 4680 Φειδίαν
1004 4629 1096 4682 τὸν
1139 4629 1580 4701 ἀγαλματοποιὸν
1613 4633 1672 4687 τὸ
1713 4635 1941 4693 Πισαῖον

357 4712 578 4766 εἴδωλον
609 4719 910 4787 ποιήσαντα
939 4721 998 4786 ἐξ
1035 4722 1326 4793 ἐλέφαντος
1350 4727 1396 4759 ⁸³
1422 4728 1726 4797 προστάξαι
1757 4729 1939 4784 ἔλαιον

359 4801 674 4873 ἔμπροσθεν
704 4807 801 4861 τοῦ
831 4810 1146 4881 ἀγάλματος
1169 4813 1216 4844 ⁸⁸
1240 4813 1476 4885 ἐκχέειν,
1497 4814 1639 4868 ὥστε
1670 4816 1938 4877 ἀθάνατον

356 4894 419 4956 ἐς
451 4893 682 4966 δύναμιν
711 4899 843 4953 αὐτὸ
882 4901 1252 4970 φυλάσσεσθαι
1275 4906 1345 4958 ⁸³⁸.

431 4983 560 5038 Ὀτι
590 4988 778 5058 φησὶν,
819 4990 880 5043 Ὀ
926 4991 1173 5053 διάϐολός
1221 4995 1337 5047 ἐστι
1397 4994 1615 5066 πνεῦμα
1661 5000 1789 5070 περὶ
1840 5001 1940 5070 τὴν

361 5073 496 5146 ὓλην
522 5078 816 5148 γενόμενον
851 5082 956 5135 ὑπὸ
977 5083 1072 5136 τοῦ
1102 5085 1262 5149 Θεοῦ,
1293 5087 1545 5159 καθάπερ
1574 5091 1670 5142 καὶ
1712 5091 1939 5160 Ἀθηνα-

358 5167 502 5239 γόρᾳ
536 5169 752 5242 ἐλέχθη,
779 5172 969 5248 ὥσπερ
1006 5176 1071 5246 δὴ
1116 5178 1212 5232 καὶ
1241 5178 1292 5232 οἱ
1318 5179 1494 5234 λοιποὶ
1520 5183 1810 5250 γεγόνασιν
1845 5185 1936 5236 ὑπ’

357 5259 527 5313 αὑτοῦ
555 5262 798 5332 ἄγγελοι,
827 5268 921 5321 καὶ
964 5269 1064 5340 τὴν
1107 5271 1199 5323 ἐπὶ
1237 5275 1303 5343 τῇ
1333 5272 1430 5344 ὕλῃ
1465 5276 1560 5328 καὶ
1611 5279 1722 5338 τοῖς
1767 5279 1865 5347 τῆς
1891 5277 1935 5310 ⁸⁸

439 5395 455 5434 ι
495 5397 696 5454 Tliren.
728 5418 809 5470 Ill,
835 5402 924 5458 54.

2026 1890 2253 1946 corpore
2288 1875 2518 1930 viveret.
2551 1874 2691 1941 Quin
2714 1881 2768 1928 et
2805 1872 2906 1928 hoc
2933 1887 3132 1942 corpus
3158 1870 3300 1942 quod
3325 1879 3602 1940 gestamus

2025 1983 2244 2024 causam
2265 1981 2386 2022 esse
2409 1977 2787 2036 peccatorum;
2813 1974 3102 2034 propterea
3135 1963 3302 2018 etiam
3328 1961 3603 2017 vinculum

2026 2059 2336 2131 appellavit,
2373 2067 2432 2115 ut
2458 2058 2604 2128 quod
2631 2059 2869 2114 animam
2903 2071 2932 2110 a
2951 2055 3108 2112 bonis
3132 2054 3395 2126 operibus
3417 2054 3604 2124 prohi-

2026 2153 2155 2208 bere
2181 2152 2370 2220 possit.

2094 2241 2248 2309 Quod
2285 2242 2330 2297 si
2364 2255 2562 2310 corpus
2591 2240 2785 2294 animae
2823 2249 2884 2297 ut
2937 2237 3215 2294 vinculum
3279 2235 3597 2304 copulatum

2027 2343 2111 2389 est
2145 2341 2265 2402 post
2288 2330 2810 2402 praevaricationem,
2848 2337 2941 2384 aut
2979 2330 3164 2383 datum
3221 2336 3306 2382 est
3335 2326 3602 2380 bonorum

2027 2436 2119 2480 aut
2165 2425 2430 2481 malorum
2485 2423 2711 2488 anilitas.
2757 2420 3098 2492 lmpossibile
3147 2430 3232 2475 est
3295 2420 3600 2482 honorum;

2027 2517 2205 2573 nullus
2235 2516 2380 2571 enim
2407 2514 2740 2570 medicorum
2761 2521 2850 2568 aut
2873 2513 3145 2568 artillcum
3164 2511 3393 2566 aliorum
3418 2509 3594 2580 porri-

2026 2608 2103 2678 git
2126 2608 2432 2664 remedium
2459 2606 2728 2678 peccanti,
2761 2613 2821 2660 ut
2845 2605 2968 2676 plus
3009 2613 3192 2676 peccet
3225 2621 3238 2658 :
3277 2603 3452 2657 multo
3507 2601 3606 2656 mi-

2026 2717 2133 2757 nus
2159 2701 2321 2756 Deus.
2349 2698 2611 2770 Sequitur
2630 2715 2778 2770 ergo,
2817 2698 3082 2754 malorum
3110 2713 3125 2750 :
3154 2697 3302 2766 atqui
3332 2697 3604 2759 videmus,

2027 2801 2086 2846 ut
2115 2792 2349 2862 primum
2379 2791 2510 2846 Cain
2557 2793 2659 2846 hoc
2703 2806 2932 2862 corpore
2970 2789 3201 2844 vestitus
3247 2785 3603 2843 homicidium

2027 2882 2261 2950 fecerit;
2291 2883 2495 2954 posteri
2541 2898 2673 2939 vero
2702 2885 2767 2937 ad
2809 2897 2929 2954 quae
2956 2882 3160 2938 scelera
3191 2880 3430 2950 prolapsi
3463 2880 3593 2944 sint,

2028 2976 2374 3034 manifestum
2396 2987 2498 3032 est.
2530 2975 2672 3048 Ergo
2696 2991 2894 3047 corpus
2927 2991 3033 3034 non
3068 2984 3150 3029 est
3182 2973 3453 3028 viuculmn
3483 2987 3602 3026 ma-

2028 3067 2224 3135 lorum,
2261 3082 2362 3124 nec
2413 3069 2580 3123 ullum
2635 3069 2848 3137 penitus
2889 3067 3162 3126 vinculum
3214 3065 3331 3140 [aut
3360 3063 3598 3142 carcer],

1949 3137 1994 3200 C
2027 3176 2127 3216 nec
2161 3161 2295 3217 illud
2334 3161 2517 3217 anima
2548 3170 2669 3231 post
2704 3137 3480 3232 praevaricationemprimum
3517 3137 3601 3212 in-

2025 3253 2186 3308 duit."

2103 3340 2294 3406 Homo,
2327 3340 2522 3411 inquit,
2565 3342 2862 3396 secundum
2893 3349 3168 3406 naturam,
3200 3340 3400 3396 dicitur
3431 3340 3604 3394 veris-

2027 3433 2164 3488 sime
2185 3446 2360 3501 neque
2390 3435 2568 3491 anima
2599 3434 2717 3488 sine
2755 3448 3005 3503 corpore,
3051 3448 3227 3504 neque
3256 3448 3456 3503 corpus
3480 3433 3602 3490 sine

2029 3524 2226 3589 anima,
2259 3524 2352 3579 sed
2387 3523 2514 3578 illud
2547 3525 2689 3594 quod
2716 3539 2781 3580 ex
2801 3525 2978 3586 anima
3014 3535 3070 3580 et
3103 3539 3331 3595 corpore
3363 3525 3416 3580 in
3435 3540 3601 3579 unam

2029 3613 2446 3685 pulchritudinis
2475 3613 2708 3669 formam
2733 3616 3105 3686 componitur.
3142 3615 3410 3686 Origenes
3441 3630 3596 3681 vero,

2031 3715 2088 3760 ut
2111 3705 2286 3772 Plato,
2318 3705 2490 3762 solam
2518 3709 2754 3760 animam
2785 3693 2922 3768 dixit
2949 3708 3282 3767 constituere
3305 3707 3600 3763 hominem.

2103 3908 2475 3969 Diﬂ‘erentiam
2513 3907 2654 3963 inter
2689 3906 2964 3962 hominem
3016 3917 3073 3962 et
3120 3916 3315 3962 caetera
3345 3906 3598 3962 animalia

2032 4013 2155 4055 esse
2187 3998 2360 4055 dicit:
2425 3997 2754 4057 animalibus
2799 3997 2963 4053 variat
3009 3999 3220 4069 species
3264 4008 3319 4052 et
3367 3998 3597 4058 diversa:

2036 4091 2224 4144 forma:
2257 4091 2397 4142 data:
2440 4097 2588 4153 sunt,
2619 4097 2858 4162 quantas
2889 4089 3144 4144 nimirum
3173 4089 3350 4144 valida
3391 4099 3446 4144 et
3471 4090 3603 4144 visi-

2035 4179 2159 4235 bilis
2195 4187 2394 4233 natura
2426 4176 2535 4230 Deo
2575 4176 2804 4245 johente
2867 4177 3168 4247 produxit;
3223 4176 3426 4239 homini
3474 4189 3604 4236 vero

2035 4271 2222 4326 datum
2247 4280 2331 4325 est
2379 4278 2609 4324 utesset
2661 4268 2857 4324 similis
2882 4267 3012 4335 Deo,
3062 4269 3265 4338 Deique
3298 4268 3505 4332 formae,
3546 4277 3600 4329 et

2037 4363 2216 4417 omnia
2246 4376 2365 4431 quae
2390 4361 2456 4414 ad
2485 4359 2783 4430 perfectam
2810 4368 2865 4414 et
2915 4361 3288 4429 primigeniam
3345 4358 3522 4412 Patris
3551 4369 3606 4411 et

1966 4484 2011 4540 ι)
2041 4454 2164 4507 Filii
2194 4451 2460 4520 unigeniti
2494 4450 2802 4540 imaginem
2835 4461 3103 4518 spectant.
3162 4449 3228 4503 Et
3264 4464 3368 4518 qua
3397 4449 3606 4510 ratione

2045 4547 2144 4600 hoc
2184 4543 2390 4620 [datum
2417 4539 2512 4615 sit]
2545 4552 2768 4598 sanctus
2801 4543 2878 4595 ait
2908 4543 3370 4608 investigandum.

2113 4634 2308 4710 2930
2341 4633 2585 4688 Phidiam
2647 4633 2968 4688 statuarium
2994 4633 3092 4698 ait,
3119 4647 3242 4686 eum
3263 4631 3491 4686 Pisaeam
3515 4639 3618 4685 sto-

2039 4737 2184 4781 tuam
2217 4742 2282 4781 ex
2310 4725 2475 4781 ebore
2519 4726 2830 4791 formasset,
2876 4725 3177 4793 imperasse
3206 4737 3265 4778 ut
3302 4724 3480 4777 oleum
3533 4723 3616 4778 in-

2043 4819 2214 4872 terius
2267 4817 2503 4872 infusum
2560 4833 2776 4886 semper
2807 4833 2871 4873 ex
2926 4825 3104 4871 statua
3143 4826 3516 4886 promanaret,
3557 4825 3615 4868 ιιι

2045 4911 2116 4964 illi
2143 4910 2502 4968 immortalem
2545 4910 2652 4964 vim
2688 4911 2790 4964 hoc
2828 4908 2990 4964 modo
3016 4909 3352 4964 conciliaret.

2119 5002 2395 5065 Diabolus,
2430 5000 2626 5069 inquit,
2658 5009 2742 5054 est
2785 5000 3032 5072 spiritus,
3067 4999 3212 5053 circa
3241 4999 3544 5062 maleriain,
3587 5014 3618 5051 a

2050 5095 2157 5148 Deo
2224 5093 2435 5154 factus,
2494 5102 2553 5146 ut
2601 5101 2654 5146 et
2697 5092 3065 5164 Athenagorae
3109 5090 3306 5159 placuit
3335 5090 3617 5160 (quemad-

2044 5187 2260 5241 modum
2284 5195 2339 5240 et
2372 5183 2561 5264 reliqui
2601 5183 2776 5256 angeli
2809 5184 2876 5238 ah
2900 5182 3094 5238 eodem
3129 5182 3240 5245 Deo
3283 5180 3410 5236 facti
3446 5184 3617 5252 sunt),

2042 5278 2126 5332 cui
2167 5277 2387 5331 materia
2415 5285 2470 5331 et
2505 5293 2623 5346 quae
2653 5277 2720 5331 ad
2774 5276 3016 5331 materiae
3071 5274 3274 5330 formas
3317 5275 3608 5342 pertinent,

1622 5527 1756 5580 VAR
1769 5526 1854 5580 ΙΑΞ
1890 5522 2293 5580 LECTIONES.

372 5604 539 5690 ..Ἢ
602 5621 712 5662 0⁸η·
753 5610 1096 5690 A-“A'rtexés
1151 5617 1538 5690 satrapis.

360 5674 703 5755 ἀληθέστατα
731 5696 790 5742 ς’.
895 5674 944 5717 ’ί
970 5674 1093 5757 δ’δ’]
1120 5686 1226 5739 οὐδ’
1252 5688 1315 5740 A.
1380 5674 1390 5688 ’
1422 5689 1466 5720 ⁸³
1489 5674 1781 5756 ἐλεφάντου
1807 5674 1866 5753 ς’.

361 5745 410 5777 ⁸⁵
438 5762 536 5816 της
562 5750 684 5803 add.
713 5751 782 5805 A.

1643 5620 1688 5650 δ’
1721 5618 2012 5688 ἀσώματον
2067 5616 2155 5688 ΛῨΒ
2187 5632 2199 5688 :_
2233 5613 2534 5688 ἀσωμάτοις
2569 5630 2630 5675 ς.

1964 5691 2009 5722 σῖ
2040 5687 2132 5744 τοῦ
2179 5685 2382 5753 ἁγὰλμ.
2451 5683 2661 5754 ἐκχέειν
2705 5683 2873 5752 ἔμπρ,
2925 5683 2983 5744 Β.

2740 5613 2782 5642 ⁶⁰
2818 5612 3013 5680 ἰατρῶν
3063 5631 3120 5677 ς.
3203 5613 3243 5642 ⁸⁸
3279 5613 3420 5666 κατὰ
3457 5613 3626 5680 φύσιν

3097 5684 3142 5714 υδ
3172 5682 3533 5752 φυλάττεσθαι
3562 5684 3622 5741 Β,
