3964 6246
447 266 580 332 1111

1545 261 1807 322 ΡΗΟΤΙΙ
1844 260 2346 323 ΡΑΤΒΙΑΒΟΗίΕ
2381 260 2489 321 CP.

3541 252 3661 322 1112

446 376 849 437 administratio
892 372 1181 431 commissa
1229 381 1332 429 est.
1369 372 1451 429 Ad
1501 372 1608 428 hoc
1653 372 1797 428 enim
1834 370 2013 441 angeli

2120 371 2244 441 ὕλης
2272 370 2436 423 εἴδεσι
2466 382 2894 438 πεπιστευμενον
2934 365 3221 437 διοίκησιν.
3246 362 3458 420 Τούτων
3478 365 3523 398 ⁸⁷
3552 366 3660 437 γὰρ

445 471 614 528 creati
654 486 685 525 a
719 470 848 535 Deo,
877 477 935 522 ut
958 466 1115 521 rebus
1150 465 1217 521 ab
1252 465 1366 534 ipso
1410 463 1622 520 ell‘ectis
1668 475 1968 534 praeessent
1998 479 2014 519 :

451 572 512 616 ut
541 563 678 615 Deus
700 557 919 629 quidem
950 567 1289 609 communem
1317 561 1372 609 et
1424 552 1732 623 generalem
1767 553 2015 607 omnium

454 649 846 723 providentiam
881 660 1099 716 gerens,
1124 659 1229 714 qua
1253 659 1434 700 rerum
1486 642 1733 699 omnium
1779 651 2017 713 potestas

454 749 511 796 et
563 738 846 808 imperium
878 738 947 794 ab
976 738 1093 808 ipso
1136 737 1354 808 pendet.
1416 735 1629 805 Reliqui
1675 750 1806 792 vero
1840 734 2016 806 angeli

458 828 512 883 in
543 829 609 883 iis
636 825 826 882 olliciis
851 826 916 880 ad
972 840 1092 895 quae
1139 826 1264 882 illos
1289 826 1430 882 Deus
1458 825 1602 894 fecit,
1653 836 1712 882 et
1740 824 2013 897 praefecit,

456 932 733 974 mansere:
766 917 1009 973 diabolus
1029 918 1480 988 veroarrogantia
1496 917 1689 984 elatus,
1709 927 1763 973 et
1783 916 1837 972 in
1855 918 2017 972 rebus

447 1024 560 1066 sua:
587 1008 709 1064 ﬁdei
742 1009 1066 1074 commissis,
1097 1008 1295 1064 invidia
1330 1011 1592 1064 adversus
1617 1023 1713 1063 nos
1731 1016 2012 1076 concepta,

448 1099 686 1169 perﬁdus
714 1098 888 1155 factus
903 1108 1007 1157 est.
1041 1099 1504 1165 Quemadmodum
1532 1108 1586 1154 et
1613 1099 1673 1163 ii,
1700 1100 1792 1169 qui
1829 1108 2013 1168 postea

448 1204 735 1259 corporum
770 1205 954 1246 amore
978 1191 1147 1262 capti,
1183 1206 1306 1246 cum
1341 1192 1555 1246 ﬁliabus
1595 1192 1873 1247 hominum
1917 1205 2014 1261 per

447 1296 686 1335 amorem
714 1291 838 1336 sunt
888 1282 1189 1351 congressi.
1231 1281 1374 1337 Nam
1404 1293 1459 1339 et
1489 1282 1621 1351 ipsis
1652 1281 1817 1350 Dens,
1853 1286 1928 1336 uti
1957 1292 2015 1337 et

446 1372 778 1436 hominibus,
830 1372 1055 1427 liberum
1104 1372 1252 1428 dedit
1311 1371 1405 1445 [ad
1430 1373 1630 1428 bonum
1677 1373 2010 1443 elige-mlum,

444 1474 540 1516 aut
562 1462 785 1533 malum]
825 1463 1131 1519 arbitrium.

514 1726 580 1782 Et
609 1742 706 1800 per
728 1730 988 1800 pelliceas
1034 1734 1247 1791 tunicas
1290 1745 1521 1792 mortem
1562 1734 1842 1807 intelligit.
1875 1735 2011 1791 Nar—
2042 1725 2083 1782 Β

444 1831 532 1876 rat
558 1822 702 1878 enim
744 1824 811 1879 de
843 1825 1050 1880 Adam:
1086 1842 1245 1896 quem
1292 1827 1436 1884 Deus
1484 1829 1829 1898 omnipotens
1887 1844 2009 1884 cum

444 1910 804 1967 immortalem
839 1912 1082 1983 fecisset,
1130 1917 1307 1973 sciens
1336 1932 1461 1973 eum
1489 1932 1557 1974 ex
1596 1918 1809 1974 insidiis
1862 1917 2013 1991 [dia-

447 1994 597 2069 boli]
629 1999 824 2056 malum
856 2000 1089 2072 factum,
1124 2006 1199 2061 uti
1227 2016 1280 2061 et
1310 2007 1398 2063 ille
1436 2016 1555 2061 erat
1612 2009 1703 2076 qui
1751 2023 1878 2062 eum
1915 2009 2011 2064 de-

447 2098 685 2156 ceperat,
754 2092 1023 2160 diabolus,
1072 2108 1355 2167 propterea
1417 2099 1491 2153 illi
1525 2100 1780 2167 pelliceas
1832 2109 2011 2156 vestes

447 2180 812 2249 concinnavit,
840 2186 992 2255 quasi
1014 2186 1161 2242 illum
1188 2189 1418 2245 iuduens
1450 2191 1801 2255 mortalitate,
1834 2200 1891 2244 ut
1917 2207 2013 2261 per

446 2271 687 2341 corporis
728 2273 1051 2332 solutionem
1096 2292 1259 2334 omne
1289 2280 1432 2350 quod
1459 2280 1512 2335 in
1539 2294 1604 2336 eo
1630 2279 1829 2335 malum
1857 2291 2010 2350 erat,

444 2374 762 2419 moreretur.

513 2452 718 2509 Sancto
747 2454 910 2513 Paulo
939 2459 1096 2517 binas
1120 2463 1478 2522 revelationes
1511 2466 1807 2537 contigisse
1839 2466 2008 2522 dicit:

446 2558 615 2614 neque
662 2548 808 2621 enim
841 2550 1155 2621 Apostolus,
1184 2554 1397 2626 inquit,
1423 2557 1819 2628 paradisumin
1853 2559 2013 2615 tertio

446 2635 581 2691 caelo
600 2637 849 2705 collocat,
884 2642 962 2697 uti
1020 2653 1217 2699 norunt
1267 2647 1358 2717 qui
1406 2649 1625 2703 subtilia
1689 2649 1807 2721 ejus
1846 2650 2011 2705 verba

445 2728 896 2794 animadvertunt,
937 2736 1154 2803 quando
1188 2736 1350 2793 dicit:
1377 2738 1500 2795 Scio
1531 2734 1794 2796 hominem
1824 2741 2014 2814 hujus-

445 2822 582 2876 πιοάὶ
636 2834 847 2892 raptum
900 2842 1063 2895 usque
1106 2830 1176 2882 ad
1212 2830 1422 2884 tertium
1452 2831 1640 2886 cwlum
1661 2841 1722 2886 ’³.
1757 2833 1856 2888 Et:
1890 2831 2012 2888 Scio

445 2910 743 2980 lmjusmodi
793 2914 1089 2996 nominem,
1134 2918 1238 2972 sive
1288 2919 1345 2973 in
1395 2937 1645 2990 corpore,
1702 2922 1809 2976 sive
1864 2933 2013 2977 extra

443 3017 650 3070 corpus,
661 3004 796 3059 Deus
810 3009 907 3061 scit
920 3024 942 3074 ;
960 3011 1209 3078 quoniam
1234 3020 1419 3080 raptus
1451 3024 1524 3067 est
1552 3013 1608 3067 in
1630 3015 1936 3082 paradisum
1960 3024 2010 3069 η.

2118 463 2152 531 ἡ
2183 459 2313 532 [τῶν
2346 455 2615 530 ἀγγέλων]
2653 458 2914 519 σύστασις
2937 456 3019 527 τῷ
3045 455 3165 526 Θεῷ
3205 455 3298 509 ἐπὶ
3332 452 3550 526 προνοίᾳ
3576 469 3662 522 γε·

2115 550 2330 620 γονέναι
2362 547 2407 581 “
2455 549 2570 611 τοῖς
2629 546 2721 601 ὑπ’
2776 545 2941 599 αὑτοῦ
2997 543 3535 615 διακεκοσμηυένοις,
3566 536 3665 596 ’ἵνα

2113 642 2212 711 τὴν
2262 640 2360 711 μὲν
2402 638 2733 708 παντελικὴν
2794 636 2892 691 κα)⁵
2936 634 3163 705 γενικὴν
3189 634 3235 667 ⁸⁸
3301 634 3331 688 6
3379 633 3508 696 Θεὸς
3542 632 3665 702 ἔχων

2114 731 2223 785 τῶν
2252 731 2389 784 ὅλων
2419 722 2730 800 πρόνοιανῇ
2760 726 2821 780 τὸ
2845 725 3017 796 κῦρος
3060 726 3155 778 καὶ
3179 722 3240 778 τὸ
3269 723 3468 794 κράτος
3503 722 3665 776 ἀπάν-

2114 840 2223 878 των
2254 821 2419 886 αὐτὸς
2446 819 2848 890 ἀνηρτημένος.
2887 816 3029 870 Ἀλλ’
3056 817 3108 869 οἱ
3140 814 3240 886 μὲν
3270 814 3467 881 λοιποὶ,
3498 813 3578 885 ἐφ’
3600 807 3668 868 ὧν

2115 914 2312 977 αὐτοὺς
2333 912 2381 944 ⁷⁸
2427 910 2651 980 εποίησε
2698 909 2796 963 καὶ
2841 906 3123 970 διετάξατο
3176 907 3205 959 6
3246 905 3399 969 θεὸς,
3427 904 3665 972 ἔμειναν·

2115 1003 2277 1067 αὐτὸς
2299 1001 2357 1055 δὲ
2388 1000 2641 1072 ἐνύϐρισε
2675 999 2770 1053 καὶ
2805 998 3043 1068 πονηρὸς
3081 997 3212 1068 περὶ
3239 995 3338 1067 τὴν
3367 994 3478 1049 τῶν
3523 1011 3670 1049 πεπι-

2116 1095 2425 1166 στευμένων
2467 1091 2684 1161 ἐγένετο
2732 1089 3001 1162 διοίκησιν
3023 1129 3039 1153 ,
3095 1087 3293 1159 φθόνον
3353 1086 3671 1157 ὲγκισσὴσας

2113 1185 2236 1241 καθ’
2261 1183 2442 1255 ἡμῶν,
2465 1183 2657 1254 ὥσπερ
2689 1182 2784 1236 καί⁸
2816 1182 2865 1235 οἱ
2895 1179 3038 1251 μετά
3085 1178 3260 1233 ταῦτα
3308 1176 3524 1248 σαρκῶν
3555 1177 3672 1248 ἐρα.

2115 1277 2332 1340 σθέντες
2363 1273 2490 1350 [909
2520 1273 2613 1347 R.]
2640 1273 2736 1327 καὶ
2775 1274 2898 1337 ταῖς
2925 1271 3037 1326 τῶν
3068 1268 3372 1341 ἀνθρώπων
3407 1268 3488 1332 είς
3537 1267 3671 1336 φιλο-

2112 1368 2308 1439 τησίαν
2341 1356 2701 1438 ὁμιλήσαντες
2723 1363 3082 1435 θυγατράσιν.
3104 1361 3436 1434 Αὕθαίρετον
3462 1359 3566 1430 γάρ
3587 1360 3672 1412 καὶ

2112 1462 2295 1524 αὐτοῖς
2347 1460 2490 1531 ἔχειν
2552 1456 2689 1529 πρὸς
2728 1457 2967 1527 ἑκάτερα
3018 1452 3303 1519 διετάξατο
3367 1451 3616 1521 βούλησιν
3646 1452 3673 1503 6

2113 1553 2268 1617 Θεὸς,
2303 1547 2392 1604 οἷα
2423 1550 2519 1606 καὶ
2571 1549 2665 1602 ἐπὶ
2703 1547 2815 1601 τῶν
2844 1545 3171 1619 ἀνθρώπων.
3229 1544 3340 1598 Καὶ
3369 1542 3487 1605 πῶς
3528 1539 3673 1594 τοῦτο

2114 1643 2345 1716 ληπτέον
2367 1659 2383 1709 ;

2185 1735 2306 1789 Ὅτι
2337 1731 2699 1805 δερματίνους
2727 1728 2963 1801 χιτῶνας
3000 1728 3092 1783 τὸν
3123 1726 3358 1781 θάνατόν
3393 1741 3543 1796 φησι.
3572 1723 3667 1777 Λέ-

2112 1842 2201 1888 γει
2229 1824 2336 1897 γὰρ
2366 1822 2498 1893 περὶ
2538 1820 2636 1876 τοῦ
2679 1820 2870 1890 Ἀδάμ,
2898 1818 2957 1873 ὃν
2988 1820 3016 1872 6
3048 1817 3184 1881 Θεὸς
3210 1820 3240 1871 6
3292 1814 3673 1885 παντοκράτωρ

2115 1916 2378 1972 ἀθάνατον
2427 1913 2598 1968 κακὸν
2654 1912 2714 1979 ἐξ
2766 1911 3060 1980 ἐπιϐουλῆς
3116 1908 3241 1963 ίδὼν
3288 1923 3489 1976 γεγενη
3500 1907 3669 1976 μένον,

2113 2006 2238 2081 [481
2272 2004 2366 2078 Η.]
2397 2003 2646 2074 καθάπερ
2694 2002 2791 2056 καὶ¹
2840 2002 2869 2054 ὁ
2915 2000 3197 2070 πλανήσας
3243 1997 3405 2050 αὐτὸν
3446 1993 3673 2057 διάϐολος

2109 2094 2200 2171 ἦν,
2229 2098 2356 2161 τοὺς
2390 2096 2747 2167 δερματίνους
2762 2093 2999 2165 χιτῶνας
3035 2092 3124 2146 διὰ
3153 2090 3316 2144 τοῦτο
3350 2084 3673 2142 κατεσκεύα-

2114 2206 2225 2255 σεν,
2255 2186 2420 2242 οἱονεὶ
2444 2188 2730 2258 νεκρότητι
2751 2183 3066 2257 περιϐαλὼν
3093 2181 3278 2246 αὐτὸν,
3298 2181 3450 2244 ὅπως
3476 2177 3560 2231 διὰ
3587 2178 3674 2247 τῆς

2112 2281 2316 2345 λύσεως
2368 2277 2464 2332 τοῦ
2507 2275 2760 2347 σώματος
2791 2278 2902 2331 πᾶν
2947 2276 3010 2330 τὸ
3064 2275 3123 2328 ὲν
3153 2271 3304 2344 αὐτῷ
3351 2270 3607 2342 γεννηθὲν
3633 2272 3670 2304 ⁷¹

2113 2372 2283 2429 κακὸν
2307 2372 2354 2404 ⁷⁸
2379 2369 2651 2442 ἀποθάνῃ.

2184 2464 2310 2518 Ὀτι
2360 2461 2454 2516 δύο
2512 2458 2885 2529 ἀποκαλύψεις
2920 2459 3055 2530 φησὶ
3090 2458 3377 2528 γεγονέναι
3424 2457 3502 2529 τῷ
3550 2457 3675 2527 ἁγίῳ

2114 2555 2329 2624 Παύλῳ.
2358 2555 2522 2623 Λέγει
2555 2553 2687 2626 γάρ,
2728 2552 2870 2606 Ἀλλ’
2899 2550 2947 2584 ⁷⁸
2976 2550 3097 2604 οὐδὲ
3139 2551 3168 2603 6
3201 2549 3531 2612 Ἀπὸστολος
3555 2550 3673 2602 ὐπο-

2112 2645 2320 2698 τίθεται
2348 2640 2488 2697 εἶναι
2516 2642 2609 2696 τὸν
2661 2640 2995 2712 παράδεισον
3033 2639 3091 2692 ὲν
3119 2637 3198 2710 τῷ
3251 2636 3424 2710 τρίτῳ
3480 2633 3676 2708 οὐρανῷ

2112 2739 2226 2798 τοῖς
2271 2735 2489 2790 λεπτῶν
2535 2734 2844 2805 ἀκροᾶσθαι
2876 2731 3052 2799 λόγων
3100 2730 3509 2797 ἐπισταμένοις.
3548 2724 3679 2782 Οἶδα

2113 2830 2222 2901 γὰρ
2256 2827 2365 2883 τόν
2412 2826 2685 2882 τοιοῦτονΙ
2719 2821 3063 2894 ἁρπαγέντα
3102 2821 3213 2887 ἕως
3274 2821 3482 2890 τρίτου
3518 2820 3679 2885 οὖρα-

2112 2921 2244 2984 νοῦ,
2272 2920 2445 2988 λέγων
2462 2935 2477 2950 ο
2501 2917 2600 2971 καί
2617 2912 2750 2971 οἴδα
2787 2915 2896 2969 τὸν
2912 2914 3187 2969 τοιοῦτον
3217 2912 3552 2980 ἄνθρωπον,
3572 2908 3679 2963 εἴτε

2114 3015 2184 3068 ἐν
2201 3012 2425 3082 σώματι
2443 3009 2489 3041 ⁷⁸
2508 3008 2630 3062 εἴτε
2645 3007 2824 3079 χωρὶς
2840 3007 2949 3062 τοῦ
2970 3006 3264 3077 σώματος,
3285 3008 3318 3060 δ
3351 3005 3496 3069 Θεὸς
3510 2998 3675 3062 araer,

444 3093 589 3149 Duas
659 3072 1309 3159 ἰιιυειτεείτενοιειὶοηεεπ
1334 3118 1394 3158 se
1447 3072 1651 3161 vidisse
1701 3105 2010 3175 signiﬁcat:

2120 3100 2207 3157 ὅτι
2242 3072 2477 3171 ἡρπάγη
2508 3100 2597 3164 εἰς
2768 3072 3156 3165 παράδειοῶν,
3189 3094 3282 3148 δύο
3321 3092 3679 3161 ἀποκαλύψεις

443 3188 527 3242 bis
556 3189 843 3248 manifeste
873 3204 1094 3264 raptus;
1124 3197 1291 3252 semel
1323 3198 1540 3267 quidem
1593 3214 1763 3270 usque
1794 3202 1860 3256 ad
1898 3208 2014 3256 ter-

445 3283 578 3336 tium
609 3281 803 3337 caelum
827 3281 1018 3356 [semel
1043 3295 1219 3340 autem
1243 3286 1295 3341 in
1320 3289 1654 3358 paradisum.
1691 3292 1821 3347 Illud
1845 3295 2013 3349 enim:

444 3373 572 3427 Seio
618 3388 826 3442 raptum
870 3374 1178 3446 hujusmodi
1231 3395 1394 3450 usque
1442 3381 1512 3434 ad
1546 3385 1760 3437 tertium
1796 3383 2015 3458 συείων]

443 3460 659 3531 proprie
690 3460 959 3529 signiﬁcat
988 3463 1061 3517 illi
1097 3467 1492 3535 apparitionem
1519 3467 1720 3525 factam
1762 3472 1813 3525 in
1848 3472 2011 3527 tertio

444 3548 604 3603 cmlo.
642 3548 776 3605 Illud
822 3566 986 3608 vero:
1042 3552 1164 3609 Scio
1210 3571 1420 3610 rursum
1448 3570 1656 3623 raptum
1715 3562 2020 3632 Imjusmodi

444 3640 728 3707 hominem,
754 3641 951 3715 2941
979 3645 1083 3700 sive
1123 3646 1176 3699 in
1204 3662 1419 3717 corpore
1460 3652 1568 3705 sive
1606 3664 1759 3706 extra
1807 3670 2017 3722 corpus,

445 3731 590 3787 Deus
620 3735 740 3799 scit,
776 3737 1021 3804 quoniam
1063 3750 1245 3806 raptus
1288 3749 1366 3794 est
1425 3741 1480 3794 in
1508 3745 1817 3809 paradisum
1838 3761 1858 3798 :
1884 3747 2020 3800 alte-

449 3839 570 3878 ram
624 3840 838 3878 rursum
875 3827 1267 3895 apparitionem
1311 3829 1414 3884 sibi
1456 3829 1653 3886 factam
1694 3834 1745 3886 in
1771 3837 2022 3904 paradiso

451 3914 706 3969 ostendit.
740 3915 865 3969 Haec
895 3926 1073 3971 autem
1104 3932 1170 3972 eo
1202 3918 1333 3972 dicit
1367 3921 1508 3989 quod
1532 3924 1864 3977 contrarium
1896 3941 2023 3979 seno

451 4005 650 4059 tientes
677 4005 986 4073 paradisum
1013 4015 1219 4062 tantum
1265 4011 1596 4078 spiritualem
1649 4025 1912 4082 ponerent
1954 4033 2019 4071 ex

448 4096 749 4165 apostolico
773 4096 943 4161 dicto,
971 4098 1118 4153 velut
1161 4100 1253 4169 qui
1282 4116 1445 4170 supra
1485 4103 1683 4157 caelum
1730 4115 1917 4171 esset,
1966 4116 2025 4162 ut

447 4188 576 4243 inde
604 4188 989 4245 concluderent
1018 4190 1138 4246 sine
1163 4207 1393 4263 corpore
1416 4194 1653 4250 futuram
1687 4195 1741 4250 in
1768 4198 2021 4267 paradiso

450 4282 642 4337 vitam.

521 4463 692 4522 Docet
734 4468 897 4522 etiam
944 4468 1143 4523 malum
1177 4458 1356 4525 facere
1399 4482 1491 4525 aut
1529 4488 1634 4528 non
1682 4474 1859 4530 facere
1896 4490 2019 4530 esse

447 4559 503 4614 in
536 4569 721 4615 nostra
773 4572 1067 4631 potestate,
1096 4565 1222 4634 quia
1258 4580 1364 4619 non
1424 4566 1786 4634 penderemus
1830 4583 2021 4638 poenas

451 4652 518 4706 de
576 4652 734 4707 malis
794 4657 1023 4717 coactis,
1082 4667 1175 4709 aut
1227 4656 1445 4725 praamia
1504 4658 1870 4725 reciperemus
1923 4674 2022 4728 pro

450 4742 770 4799 benefactis.
805 4743 910 4800 Sed
954 4746 1193 4817 cogitare
1221 4746 1305 4804 vel
1338 4763 1447 4802 non
1483 4750 1719 4818 cogitare
1767 4750 1928 4818 mala,
1966 4751 2018 4805 in

449 4845 636 4887 nostra
710 4843 976 4904 potestate
1018 4852 1123 4890 non
1186 4848 1291 4891 est.
1360 4836 1499 4893 Hinc
1567 4838 1749 4892 divum
1797 4839 2019 4893 Paulum

449 4926 527 4980 ait
553 4926 786 4983 .dicere:
848 4924 973 4981 Non
1009 4929 1148 4998 quod
1192 4930 1308 4983 volo
1349 4928 1447 4983 hoc
1495 4929 1675 5000 facio;
1719 4931 1809 4983 sed
1882 4928 2022 5000 quod

450 5019 597 5082 uolo,
647 5016 744 5069 hoc
800 5016 940 5086 facio
968 5025 1017 5085 °,
1062 5023 1163 5072 hoc
1204 5032 1307 5085 est,
1364 5019 1479 5074 Non
1519 5027 1662 5090 quod
1700 5020 1819 5075 volo
1867 5021 2023 5090 cogi-

453 5114 597 5172 tare,‘
651 5109 756 5164 hoc
813 5109 1029 5180 cogito;
1095 5112 1188 5166 sed
1225 5112 1369 5181 quod
1425 5112 1573 5167 nolo.
1634 5111 1803 5166 Porro
1853 5112 2026 5167 eradi-

450 5207 633 5252 catum
686 5213 808 5253 esse
862 5200 1055 5255 vitium
1106 5201 1246 5256 mala
1300 5204 1594 5274 cogitandi,
1646 5204 1877 5257 afﬁrmat
1929 5218 2026 5273 per

522 5317 558 5339 ¹¹
594 5307 637 5364 ll
659 5309 786 5367 Cor.
818 5327 896 5366 xu
925 5350 940 5377 ,
968 5312 1025 5367 2.
1102 5322 1133 5352 ιι
1168 5312 1300 5368 ibid.
1323 5314 1378 5368 5.
1455 5322 1482 5351 ο
1516 5314 1671 5368 llum.
1706 5330 1800 5378 vn,
1832 5316 1918 5369 15.

2122 3194 2363 3267 μεγάλας
2394 3191 2702 3262 ἑωρακέναι
2742 3188 3050 3260 μηνύει,δὶς
3072 3186 3408 3258 ἀναληφθεὶς
3432 3183 3678 3255 ἐναργῶς,

2117 3285 2267 3350 ἅπαξ
2296 3285 2396 3354 μὲν
2415 3284 2522 3346 ἕως
2540 3281 2726 3355 τρίτου
2769 3280 3020 3353 οὐρανοῦ,
3042 3280 3189 3343 άπαξ
3215 3279 3258 3332 δ’
3286 3281 3370 3344 είς
3393 3278 3484 3331 τὸν
3519 3275 3684 3347 παρά·

2117 3379 2312 3432 δεισον.
2328 3376 2402 3431 Τὺ
2428 3376 2538 3447 γάρ
2557 3392 2569 3406 ⁸
2595 3370 2740 3429 Οἶδα
2772 3374 3113 3442 ἁρπαγέντα
3150 3372 3259 3426 τὸν
3288 3370 3558 3425 τοιοῦτον
3584 3367 3683 3432 ἕως

2118 3470 2320 3540 τρίτου
2366 3468 2647 3538 οὐρανοῦ,
2687 3467 2834 3531 ἰδίως
2862 3465 3205 3535 ἀποκάλυψιν
3250 3462 3403 3535 αὕτῷ
3432 3461 3568 3516 κατά
3600 3460 3680 3513 τὸν

2122 3562 2308 3630 τρίτον
2342 3559 2570 3630 οὐρανὸν
2597 3558 2899 3628 πεφηνέναι
2926 3558 2973 3589 ⁷⁸
3004 3556 3326 3627 συνίστησι·
3363 3553 3426 3608 τὸ
3459 3554 3549 3618 δὲ,
3581 3548 3679 3604 Καὶ

2121 3652 2274 3716 οῖδα,
2318 3651 2484 3704 πάλιν
2534 3648 2958 3720 ἐπιφερόμενον,
3014 3646 3124 3701 τὸν
3162 3645 3438 3702 τοιοῦτον
3482 3644 3684 3712 ἄνθρω-

2120 3759 2258 3808 πον,
2280 3742 2400 3797 εἴτε
2424 3742 2495 3796 ἐν
2522 3740 2749 3810 σώματι
2775 3739 2897 3794 εἴτε
2923 3738 3096 3806 ἐκτὸς
3114 3737 3392 3807 σώματος
3409 3737 3475 3802 ⁷⁸,
3499 3739 3531 3790 ό
3553 3735 3681 3800 Θεὸς

2121 3836 2303 3899 οἶδεν,
2353 3834 2442 3888 ὅτι
2486 3833 2727 3903 ἡρπάγη
2765 3835 2852 3898 είς
2904 3834 3011 3886 τὸν
3064 3829 3457 3900 παράδεισον,
3507 3829 3682 3898 ἑτέραν

2125 3925 2280 3987 αὖθις
2326 3923 2475 3994 αὑτῷ
2539 3920 2965 3993 πεφανερῶσθαι
3024 3920 3167 3974 κατά
3218 3919 3310 3972 τὸν
3370 3917 3682 3990 παράδεισον

2122 4014 2464 4084 άποκὶλυψιν
2517 4013 2778 4068 δείκνυσι.
2812 4012 3002 4066 Ταῦτα
3032 4012 3090 4065 δὲ
3136 4011 3307 4080 λέγει,
3360 4009 3485 4088 ἐπεὶ
3533 4009 3581 4060 οί
3623 4004 3681 4058 δι’

2123 4109 2372 4172 ἐναντίας
2405 4107 2496 4161 τὸν
2548 4106 2878 4177 παράδεισον
2915 4104 3105 4173 νοητὸν
3155 4102 3398 4157 ἐτίθεντο
3423 4102 3470 4134 ⁷⁷
3502 4102 3564 4154 ἐκ
3600 4097 3682 4152 τοῦ

2122 4199 2485 4256 ἀποστολικοῦ
2527 4198 2730 4271 ῥητοῦ,
2764 4197 2839 4261 ὡς
2886 4197 3017 4251 ὄντα
3055 4196 3196 4268 ὑπὲρ
3242 4196 3335 4250 τὸν
3374 4193 3595 4265 οὐρανὸν
3620 4190 3682 4254 ⁷⁸,

2125 4293 2213 4347 ἵνα
2248 4293 2309 4346 τὸ
2349 4292 2658 4362 ἀσωμάτως
2682 4291 2937 4359 γενέσθαι
2969 4290 3068 4362 τὴν
3114 4292 3174 4344 ἐν
3206 4289 3284 4360 τῷ
3306 4290 3351 4321 ⁷⁸
3386 4285 3684 4358 παραδείσῳ

2047 4400 2102 4459 ])
2127 4384 2402 4455 διαγωγὴν
2436 4380 2735 4446 συνάξωσιν
2763 4381 2830 4432 ⁸⁸.

2194 4478 2316 4530 Ὀτι
2341 4475 2496 4545 φησὶ,
2533 4473 2608 4526 Τὸ
2652 4473 2749 4543 μὲν
2786 4471 2991 4543 πρᾶξαι
3020 4472 3053 4543 ἢ
3108 4470 3183 4542 μὴ
3212 4471 3420 4544 πρᾶξαι
3450 4470 3520 4523 τὰ
3550 4464 3683 4522 κακὰ

2119 4568 2203 4637 ἐφ’
2252 4568 2409 4637 ἡμῖν,
2441 4565 2564 4617 ἐπεὶ
2609 4564 2710 4616 οὐκ
2755 4561 2822 4616 ἂν
2869 4562 3025 4625 δίκας
3079 4561 3322 4632 έδίδομεν
3363 4561 3474 4614 τῶν
3512 4555 3685 4617 κακῶς

2117 4658 2474 4729 δρωμένων-ἢ
2511 4656 2748 4727 ἀμοιϐὰς
2797 4654 3181 4724 ἐλαμϐάνομεν
3231 4654 3340 4707 τῶν
3387 4652 3604 4714 καλῶς’
3629 4647 3685 4700 τὸ

2118 4751 2165 4805 δ’
2195 4748 2567 4820 ἐνθυμηθῆναι
2588 4748 2659 4802 τὰ
2680 4746 2827 4800 κακὰ
2849 4746 2883 4817 ἢ
2908 4747 2984 4819 μὴ
3008 4747 3110 4800 οὐκ
3131 4746 3217 4815 ἐφ’
3242 4747 3400 4816 ἡμῖν.
3416 4745 3515 4797 Διά
3541 4740 3684 4795 τοῦτο

2120 4842 2216 4897 καὶ
2241 4843 2332 4895 τὸν
2358 4841 2502 4895 θεῖον
2527 4840 2738 4894 Παῦλόν
2766 4855 2901 4910 φησι
2937 4838 3151 4908 λέγειν·
3187 4839 3270 4892 Οὐ
3306 4838 3418 4908 γὰρ
3457 4836 3488 4890 ὃ
3518 4833 3680 4894 θέλω,

2120 4934 2297 4989 τοῦτο
2361 4933 2640 5002 πράσσω,
2689 4934 2827 4988 ἀλλ’
2886 4932 2918 4987 ὃ
2968 4934 3042 4988 οὐ
3081 4932 3254 4995 θέλω,
3293 4930 3470 4985 τοῦτο
3525 4923 3682 4984 ποιῶ,

2130 5027 2431 5091 τουτέστιν,
2467 5029 2565 5098 οὐχ
2597 5027 2625 5080 ὃ
2675 5028 2814 5080 θέλω
2846 5028 3068 5088 ἐννοεῖν,
3098 5024 3256 5078 τοῦτο
3307 5021 3493 5086 ἐννοῶ,
3527 5016 3634 5071 ἀλλ’
3659 5012 3685 5064 6

2125 5118 2199 5188 μὴ
2229 5118 2386 5172 θέλω.
2422 5118 2816 5189 Ἐκριζωθῆναι
2848 5117 2906 5170 δέ
2947 5133 3082 5186 φησι
3112 5114 3207 5168 καὶ
3243 5114 3305 5168 τὸ
3332 5115 3401 5167 τὰ
3431 5109 3572 5165 κακά
3603 5107 3683 5159 ὲν-

2125 5209 2416 5280 θυμείσθαι
2446 5209 2532 5263 διὰ
2563 5209 2665 5280 τῆς
2692 5208 2786 5263 τοῦ
2819 5206 3052 5280 φυσικοῦ
3086 5206 3319 5261 θανάτου
3372 5197 3680 5273 παρουσίας.

1736 5431 1971 5487 VARIIE
2003 5432 2403 5490 LECTIONES.

520 5526 563 5558 ⁸⁷
591 5526 747 5581 τοῦτο
774 5528 840 5582 Α.

953 5527 1007 5598 ⁸⁸7
1027 5525 1332 5598 γεγονέναι]
1366 5527 1479 5595 lege
1512 5526 1721 5594 γέγονε.
1800 5528 1845 5561 ⁸⁸
1871 5528 2124 5598 γεννικὴν
2151 5544 2211 5592 ς’.
2249 5597 2256 5598 ί
2288 5528 2335 5560 ’³⁸
2362 5526 2559 5590 αὐτοὺς
2587 5525 2633 5579 Α
2659 5541 2672 5576 :
2698 5522 2859 5598 αὐτὸς
2886 5540 2946 5588 ς.

3522 5515 3567 5546 71
3592 5531 3684 5567 κα.

3058 5522 3103 5554 ⁷³
3131 5519 3355 5590 γενηθὲν
3389 5535 3450 5582 ς.

454 5594 554 5668 ριζιν
585 5610 695 5668 out.
723 5597 818 5668 A.“
858 5585 1070 5668 nam
1100 5585 1271 5659 άλλως
1300 5585 1668 5668 superscripto
1701 5598 1857 5659 ἄλλος
1881 5585 1941 5653 13.
1998 5585 2269 5668 71"5‘1'16)
2306 5598 2517 5668 σώματι
2540 5585 2666 5668 VA.“
2710 5597 2754 5628 ⁷⁵
2792 5585 3089 5668 πεφηνέναι
3120 5585 3415 5668 θήμέκατά
3463 5586 3604 5655 ponit
3624 5585 3684 5636 Β*

456 5662 505 5700 ⁷⁸
530 5664 684 5728 ἐκτὸς
727 5666 822 5720 τοῦ
853 5662 1103 5729 σώματος
1126 5668 1186 5720 Β.
1263 5666 1308 5699 ⁷⁷
1339 5662 1524 5719 ἔθεντο
1549 5662 1611 5731 cf.
1689 5668 1732 5701 ⁷⁸
1760 5667 2010 5738 οὐρανὸν]
2039 5662 2324 5737 ἄνθρωπον
2362 5662 2429 5723 Ᾱ.

2526 5667 2573 5699 τ’
2598 5664 2677 5736 τῷ
2699 5680 2807 5721 om.
2834 5660 2901 5718 A7.
2928 5660 2938 5665 ⁷
3004 5664 3052 5697 ⁸⁸
3078 5660 3392 5728 συνάξουσιν
3422 5674 3482 5722 ς.
