3964 6246
333 291 470 359 1113

1310 286 1833 349 BIBLIOTHECA.
1872 310 1940 323 —
1967 287 2130 347 COD.
2151 286 2512 348 .CCXXXIV.

3441 287 3580 354 11M

333 409 455 465 ἐπεὶ
488 405 583 462 καὶ
617 403 706 459 διά
731 402 889 458 τοῦτο
921 402 1148 466 Θάνατος
1177 402 1334 473 ἐδόθη
1359 404 1510 474 παρά
1547 401 1684 456 Θεοῦ
1722 399 1800 472 τῷ
1825 399 1911 464 ἐξ·

2026 409 2336 468 potestatem
2372 401 2565 456 mortis
2594 399 2878 456 naturalis.
2905 399 3198 469 Propterea
3222 400 3370 455 enim
3408 417 3439 456 a
3470 403 3581 458 Deo

339 497 701 572 ημαρτηκότι,
736 495 821 549 ἵνα
854 493 928 564 μὴ
956 493 1221 547 ἀθάνατον
1252 493 1408 563 μείνῃ
1434 493 1494 544 τὸ
1523 491 1713 547 κακόν.
1751 489 1910 542 Ἀλλὰ

333 592 451 654 πῶς
473 589 632 643 τοῦτο
671 588 926 657 είρηταις
959 584 1293 653 σημειωτέον
1322 584 1404 636 ὃτι
1427 582 1520 636 καὶ⁵
1549 581 1729 643 ἄλλοις
1755 579 1912 650 ήμῶν

334 681 616 752 Πατράσιν
653 679 888 750 είρηται,
919 675 1079 747 εἴπερ
1105 676 1133 727 ὁ
1163 675 1388 737 θάνατος
1417 676 1528 738 τοῖς
1567 671 1754 726 τοῦτον
1783 689 1912 741 μετ-

333 771 654 842 ερχομένοις
684 769 825 823 κατὰ
863 768 953 821 τὸν
983 765 1176 838 καιρὸν
1215 767 1423 819 ἐκεῖνον
1455 763 1580 818 οὔτε
1625 764 1908 836 προσθήκη

335 863 458 916 οὒτε
505 861 695 931 ὕφεσις
725 860 768 891 ⁸¹
805 857 1220 931 ἁμαρτημάτων
1253 859 1486 926 γίνεται.

342 953 454 1009 Τοῦ
505 952 692 1007 αὐτοῦ
745 952 813 1004 ἐκ
870 950 978 1004 τοῦ
1024 948 1210 1004 αὐτοῦ
1256 951 1444 1019 λόγου
1485 947 1912 1005 ἁποστολικῶν

615 1020 818 1090 ῥητῶν
849 1021 1129 1089 ἑρμηνεία
1152 1020 1302 1073 κατὰ
1334 1021 1627 1088 σύνοψιν.

420 1111 762 1182 Ἀνεγνώσθη
798 1109 892 1164 τοῦ
931 1109 1095 1163 αὑτοῦ
1121 1111 1184 1162 ἐκ
1224 1108 1318 1162 τοῦ
1362 1109 1528 1163 αὑτοῦ
1571 1110 1732 1180 λόγου
1776 1110 1911 1164 ἀπο-

339 1202 601 1256 στολικῶν
631 1203 808 1273 ῥητῶν
838 1201 1102 1272 ἑρμηνεία
1135 1201 1280 1254 κατὰ
1309 1201 1551 1272 σύνοψιν.

413 1295 640 1364 ἰδωμεν
668 1293 726 1348 δὲ
758 1295 810 1346 τί
846 1289 913 1364 ἦν
939 1295 1074 1363 ὅπερ
1104 1292 1320 1363 πρῶτον
1359 1295 1439 1355 εἰς
1462 1293 1554 1346 τὸν
1587 1294 1908 1348 Ἀπόστολον

338 1387 697 1458 προήχθημεν
720 1388 914 1440 εἰπεῖν.
941 1385 1014 1438 Τὸ
1033 1386 1161 1454 γὰρ,
1202 1385 1350 1454 Ἐγὼ
1375 1384 1443 1438 δὲ
1458 1386 1502 1416 ⁸²
1531 1385 1694 1450 ἔζων,
1721 1386 1910 1457 λεχθὲν

337 1477 525 1548 αὐτῷ’,
583 1476 760 1546 χωρὶς
788 1476 978 1544 νόμου
1015 1474 1183 1539 ποτὲ,
1209 1476 1321 1529 ἄνω
1354 1475 1454 1545 τήν
1489 1477 1548 1528 ἐν
1600 1474 1678 1544 τῷ
1726 1492 1910 1546 παρα-

336 1570 520 1640 δείσῳ,
554 1568 809 1640 καθάπερ
844 1567 903 1630 ἐξ
937 1566 1115 1636 ἀρχῆς
1145 1566 1482 1636 ὑπεθέμεθα,
1514 1567 1621 1637 πρὸ
1642 1568 1740 1636 τῆς
1769 1568 1911 1619 ἐντο-

335 1663 455 1732 λῆς,
484 1661 582 1714 οὑκ
609 1660 766 1723 ἐκτὸς
795 1657 1067 1730 σώματος,
1104 1659 1241 1714 ἀλλὰ
1289 1659 1428 1728 μετὰ
1463 1657 1716 1727 σώματος
1752 1659 1912 1728 ἡμῶν

2012 494 2281 560 peccaturi
2320 508 2468 549 mors
2504 494 2755 563 infertur,
2786 509 2855 550 ne
2881 493 3080 548 malum
3119 503 3263 549 esset
3293 502 3579 548 aeternum.

2013 581 2120 636 Sed
2149 598 2255 652 qua
2284 583 2494 637 ratione
2541 585 2645 640 hoc
2690 585 3102 655 intelligendum
3135 585 3257 639 est?
3287 584 3579 640 Sciendum

2010 674 2113 729 hoc
2145 674 2308 729 etiam
2347 676 2416 730 ab
2444 676 2565 731 aliis
2605 677 2804 732 nostris
2835 677 3089 732 Patribus
3127 692 3248 734 esse
3290 677 3579 732 traditum:

2010 767 2367 824 morientibus
2411 783 2507 838 per
2549 777 2776 824 mortem
2817 781 3043 840 peccata
3091 786 3192 826 nec
3231 771 3421 842 augeri
3483 785 3583 827 nec

2010 871 2207 910 ηιιηιιι.

2009 947 2390 1017 Compendiosa
2448 951 2703 1015 expositio
2750 951 3010 1004 dictorum
3063 952 3411 1019 quorumdam
3451 968 3580 1020 apo-

2150 1021 2462 1072 stolicorum
2486 1036 2549 1074 ex
2570 1023 2749 1074 eodem
2769 1023 2940 1073 sancti
2976 1021 3232 1074 Methodii
3261 1022 3420 1076 libro.

2078 1108 2207 1178 Legi
2253 1124 2319 1164 ex
2365 1110 2554 1164 eodem
2611 1111 2757 1164 illius
2818 1109 2958 1165 libro
3006 1111 3444 1181 compendiosam
3473 1112 3585 1166 dic-

2008 1208 2220 1254 ctorum
2255 1200 2610 1268 quorumdam
2669 1200 3084 1270 apostolicorum
3126 1201 3582 1270 explanationem.

2085 1291 2374 1345 Videamus
2413 1291 2540 1359 quid
2595 1291 2660 1344 ad
2696 1291 3017 1360 Apostolum
3062 1291 3358 1346 habeamus
3383 1292 3583 1347 dicere.

2009 1381 2144 1437 Illud
2199 1382 2368 1444 enim,
2432 1382 2573 1450 quod
2634 1382 2702 1436 ab
2751 1397 2817 1438 eo
2861 1383 3066 1437 dictum
3101 1391 3223 1437 est:
3286 1381 3398 1453 Ego
3448 1383 3586 1437 vive-

2011 1473 2129 1528 bam
2185 1474 2297 1528 sine
2350 1472 2460 1543 lege
2483 1483 2534 1538 P,
2575 1473 2871 1543 aliquando
2935 1472 3218 1546 [nempe]
3283 1490 3498 1529 sursum
3532 1475 3586 1529 in

2009 1566 2283 1636 paradiso,
2351 1575 2410 1620 ut
2478 1566 2546 1620 ab
2595 1566 2750 1621 initio
2792 1568 3116 1637 posuimus,
3186 1577 3312 1622 ante
3373 1568 3584 1637 legem,

2013 1673 2117 1712 non
2147 1667 2301 1711 extra
2331 1672 2564 1726 corpus,
2597 1658 2690 1712 sed
2737 1674 2859 1713 cum
2904 1674 3133 1728 corpore
3173 1669 3383 1724 nostro,
3419 1659 3586 1713 vitam

337 1755 398 1806 ἐν
427 1756 539 1816 τοῖς
587 1750 1035 1822 πρωτοπλάστοις
1069 1750 1346 1819 διαγωγὴν
1380 1752 1689 1821 παρεγγυᾷ.
1727 1751 1914 1814 Ἐκτὸς

2026 1751 2071 1805 in
2098 1751 2447 1819 protoplastis
2466 1761 2641 1806 actam
2678 1751 2886 1815 indicit,
2915 1762 3067 1806 extra
3093 1752 3587 1822 concupiscentiam

335 1845 382 1897 δ’
411 1842 704 1912 ἐπιθυμίας
734 1841 1014 1910 διήγομεν,
1049 1841 1111 1892 ού
1162 1839 1524 1908 γινώσκοντες
1555 1841 1691 1903 ὅλως
1724 1841 1917 1894 ἐπιθυ-

341 1935 474 2005 μίας
512 1932 838 2004 προσσολάς.
884 1930 1013 2004 1912
1042 1931 1136 2003 3.]
1190 1933 1263 1985 Τὸ
1294 1933 1403 2002 γὰρ
1450 1932 1526 2002 μὴ
1565 1931 1708 2003 ἐχειν
1745 1933 1914 2004 διορι-

341 2024 480 2094 σμὸν
512 2023 632 2077 καθ’
653 2022 712 2076 δν
753 2022 834 2075 δεῖ
859 2021 1260 2087 πολιτεύεσθαι,
1291 2023 1426 2093 μηδέ
1473 2023 1720 2089 ἐξουσίαν
1753 2025 1918 2078 αύτο-

338 2119 611 2171 δέσποτον
657 2115 842 2184 λογίου
889 2115 1027 2185 ποίῳ
1062 2114 1189 2186 [482
1230 2114 1325 2187 Η.]
1376 2116 1458 2168 δεῖ
1486 2115 1722 2186 χρῆσθαι
1763 2117 1917 2170 πολι-

338 2207 598 2279 τεύματι,
641 2208 726 2261 ἵνα
747 2207 972 2270 δικαίως
993 2206 1024 2277 ἢ
1048 2206 1250 2278 τιμηθῇ
1275 2208 1308 2276 ἢ
1328 2207 1521 2278 ψεχθῇ,
1546 2208 1918 2262 ἀνυπεύθυνον

341 2301 547 2364 παντὸς
575 2299 826 2354 λέλεκται
866 2300 1134 2370 ὑπάρχειν
1163 2298 1320 2352 τοῦτο
1339 2298 1702 2369 ἐγκλήματος,
1730 2300 1812 2352 ὅτι
1841 2300 1916 2371 μὴ

340 2391 568 2444 δύναται
608 2391 813 2444 τούτων
840 2409 924 2454 τις
949 2390 1309 2460 ἐπιθυμῆσαι,
1345 2382 1421 2442 ὧν
1463 2390 1538 2458 μὴ
1572 2389 1914 2444 κεκώλυται·

342 2485 450 2538 κᾶν
494 2482 814 2556 ἐπιθυμήσῃ
838 2483 915 2547 δὲ,
960 2484 1062 2536 οὑκ
1096 2481 1491 2553 αἱτιαθήσεται.
1545 2481 1619 2533 Τὸ
1645 2482 1754 2550 γὰρ
1792 2485 1915 2536 ἐπι-

341 2577 587 2646 θυμῆσαι
619 2575 721 2627 οὐκ
749 2575 842 2628 ἐπὶ
869 2574 977 2628 τῶν
1009 2573 1292 2642 παρόντων
1321 2574 1414 2626 καὶ
1447 2574 1819 2645 ὑποκειμένων
1860 2576 1918 2629 ἐν

341 2668 564 2739 ἐξουσίᾳ
585 2668 792 2732 πίπτει,
824 2667 939 2720 ἀλλ’
963 2667 1180 2719 ἐπὶτῶν
1203 2666 1486 2737 παρόντων
1506 2665 1626 2734 μὲν,
1655 2665 1727 2738 μὴ
1749 2666 1917 2720 ὅντων

340 2761 388 2815 δ’
421 2765 480 2814 ἐν
505 2759 757 2831 ἐξουσίᾳ·
791 2759 908 2822 πῶς
941 2758 1072 2828 γὰρ,
1100 2751 1160 2811 οὗ
1214 2758 1287 2829 μὴ
1337 2758 1640 2812 κεκώλυταί
1675 2776 1758 2822 τις
1794 2758 1917 2829 μηδ’

340 2852 526 2922 ἐνδεής
550 2853 687 2916 ἐστι,
719 2849 909 2903 τούτου
947 2850 1084 2920 ἐρᾷς
1135 2851 1257 2902 ὅθεν
1317 2847 1406 2902 διὰ
1442 2848 1598 2902 τοῦτο
1636 2849 1756 2915 Τὴν
1792 2850 1918 2902 ἐπι-

340 2943 566 3010 θυμίαν
586 2942 697 2994 οὐκ
726 2940 913 3008 ᾔδειν,
933 2941 985 2992 εί
1008 2939 1095 3009 μὴ
1123 2942 1156 2992 ό
1178 2940 1363 3007 νόμος
1381 2937 1611 3004 ἔλεγεν,
1639 2941 1760 2992 Οὐκ
1791 2940 1918 2993 ἐπι-

2021 1851 2197 1896 tamen
2258 1842 2515 1907 viximus,
2570 1842 2740 1911 ignari
2794 1843 3009 1912 penitus
3051 1858 3169 1910 qua:
3217 1844 3297 1898 vis
3331 1842 3450 1914 [aut
3482 1845 3586 1894 im-

2017 1933 2210 2006 petus]
2261 1945 2407 1988 esset
2439 1934 2913 2001 concupiscentiae.
2966 1933 3176 1987 Etenim
3227 1949 3332 1987 non
3386 1933 3590 1988 habere

2018 2027 2084 2078 ad
2115 2024 2264 2089 cujus
2292 2025 2662 2094 praescriptum
2695 2024 2866 2088 vivas,
2909 2037 3086 2091 neque
3117 2023 3422 2093 explicandi
3449 2023 3582 2088 jussi

2019 2116 2181 2171 divini
2219 2117 2346 2184 (quo
2377 2125 2533 2186 pacto
2558 2117 2846 2170 vivendum
2889 2115 3003 2177 sit,
3047 2124 3106 2167 ut
3132 2115 3215 2167 vel
3247 2115 3428 2168 debito
3457 2129 3594 2182 pra:-

2019 2209 2126 2263 mio
2158 2207 2426 2273 aﬂiciaris,
2480 2209 2561 2262 vel
2613 2206 2912 2276 damneris)
2953 2205 3182 2261 liberam
3235 2214 3593 2273 pelestatem,

2019 2301 2120 2356 huc
2158 2303 2224 2354 ab
2256 2302 2403 2354 omni
2462 2315 2646 2354 rerum
2700 2297 2933 2353 crimine
2967 2295 3230 2361 absolvit,
3261 2297 3388 2364 quia
3433 2309 3592 2346 nemo

2020 2394 2224 2462 appetit
2253 2409 2312 2446 ea
2343 2408 2462 2462 quae
2517 2408 2619 2445 non
2655 2392 3035 2461 prohibentur.
3081 2389 3146 2444 Et
3173 2387 3426 2457 quamvis
3461 2401 3593 2440 con-

2017 2484 2267 2552 cupierit,
2321 2499 2423 2537 non
2477 2493 2650 2535 tamen
2700 2481 3064 2534 accusabitur.
3118 2477 3388 2548 Appetere
3445 2475 3588 2530 enim

2019 2591 2124 2631 non
2149 2575 2293 2629 cadit
2321 2575 2373 2628 in
2413 2574 2723 2644 praesentia,
2755 2583 2810 2627 et
2843 2587 2904 2626 ea
2935 2586 3054 2640 qua:
3077 2571 3133 2624 in
3173 2576 3439 2638 potestate
3473 2574 3597 2620 sunt

2018 2667 2188 2737 posita
2247 2665 2376 2738 [sed
2436 2667 2489 2720 in
2547 2664 2832 2735 praesentia
2873 2662 3127 2731 quidem,
3183 2675 3290 2712 non
3328 2667 3505 2711 tamen
3539 2657 3591 2708 in

2017 2767 2289 2830 potestate
2326 2766 2511 2812 nostra
2553 2754 2789 2826 posita].
2837 2754 3118 2818 Quomodo
3148 2750 3291 2805 enim
3321 2750 3420 2803 hoc
3445 2748 3596 2817 quis-

2018 2855 2161 2923 piam
2187 2859 2350 2916 amet,
2379 2867 2406 2904 a
2431 2865 2538 2918 quo
2564 2863 2669 2901 non
2694 2856 2930 2910 arcetur,
2955 2857 3009 2898 et
3041 2859 3147 2914 quo
3180 2859 3285 2896 non
3332 2841 3536 2908 indiget
3576 2840 3601 2892 ?

2018 2945 2156 3000 llinc
2209 2942 2681 3011 concupiscentiam
2733 2937 3083 2999 nescivissem,
3137 2935 3241 2988 nisi
3293 2935 3376 2989 lex
3429 2935 3602 2986 dixis-

340 3027 656 3098 θυμήσεις.
701 3029 1059 3092 Ἀκούσαντες
1103 3028 1242 3099 γάρ·
1287 3029 1432 3083 Ἀπὸ
1469 3028 1537 3082 δὲ
1577 3029 1684 3083 τοῦ
1724 3029 1915 3093 ξύλου

2026 3046 2095 3092 set
2123 3052 2143 3091 :
2175 3034 2299 3089 Non
2328 3032 2658 3099 concupisces
2689 3038 2738 3082 ει.
2782 3027 3078 3081 Audientes
3123 3027 3265 3080 enim
3295 3041 3310 3080 :
3339 3024 3412 3077 De
3462 3024 3601 3092 ligno

339 3123 450 3177 τοῦ
480 3122 798 3192 γινώσκειν
846 3123 1039 3176 καλὸν
1068 3122 1166 3175 καὶ
1217 3121 1487 3190 πονηρὸν
1534 3124 1607 3177 οὐ
1651 3123 1916 3192 φάγεσθε

340 3216 444 3271 ἀπ’
465 3217 653 3270 αὐτοῦ
672 3234 686 3248 ·
720 3211 758 3288 ᾗ
782 3217 834 3270 δ’
867 3215 944 3271 ἂν
969 3218 1161 3286 ἡμέρᾳ
1192 3217 1422 3287 φάγητε
1453 3218 1554 3273 ἀπ’
1579 3218 1786 3282 αὑτοῦ,
1819 3223 1918 3272 θαι

340 3309 501 3374 νὰτῳ
543 3309 963 3375 ἀποθανεῖσθε,
995 3309 1116 3362 τότε
1147 3310 1206 3363 τὸ
1244 3309 1583 3380 ἐπιθυμῆσαι
1628 3310 1918 3364 συνέλαϐον

341 3403 438 3456 καὶ
475 3403 794 3472 ἐκίσσησαν.
840 3405 932 3457 Διὸ
969 3404 1032 3474 δὴ
1081 3405 1197 3472 τὴν
1229 3403 1553 3472 ἐπιθυμίαν
1594 3404 1774 3467 καλῶς
1806 3405 1918 3458 οὐκ

344 3494 519 3564 ᾔδειν
551 3494 767 3564 ἐλέχθη,
802 3497 850 3548 εί
860 3494 944 3564 μὴ
963 3497 996 3548 ό
1011 3495 1194 3564 νόμος
1211 3495 1422 3564 ἔλεγεν
1439 3511 1455 3527 ·
1489 3496 1608 3548 Οὐκ
1633 3495 1920 3564 ἐπιθυμή-

343 3602 497 3650 σεις,
530 3585 650 3638 ούδέ
695 3584 918 3650 ἐσθίειν,
953 3586 1001 3638 εἰ
1047 3584 1120 3656 μὴ
1163 3585 1374 3655 εἴρητο·
1407 3585 1488 3638 Οὐ
1519 3582 1784 3652 φάγεσθε
1816 3581 1919 3636 ἀπ’

344 3673 554 3728 αὑτοῦ.
601 3673 882 3727 Ἐντεῦθεν
944 3674 1052 3746 γὰρ
1097 3674 1368 3742 ἐκτήσατο
1423 3672 1680 3743 ἀφορμὴν
1723 3673 1804 3735 εἱς
1860 3671 1922 3723 τὸ

344 3765 625 3830 διαπαῖξαί
656 3767 776 3836 μεή
801 3767 846 3799 ⁸³
873 3767 1144 3838 ἁμαρτία·
1172 3766 1419 3834 δοθείσης
1447 3765 1553 3836 γὰρ
1579 3766 1677 3835 τῆς
1703 3765 1922 3835 ἐντολῆς

346 3861 472 3929 ἔσχε
508 3861 678 3932 λαϐὴν
714 3863 742 3914 ὀ
773 3861 1020 3925 διάϐολος
1080 3859 1525 3930 κατεργάσασθαι
1563 3863 1622 3913 ἐν
1667 3860 1790 3930 ἐμοὶ
1824 3860 1924 3931 τήν

351 3953 679 4021 ἐπιθυμίαν·
731 3954 919 4022 Χωρὶς
943 3955 1052 4023 γὰρ
1097 3954 1286 4023 νόμου
1335 3954 1374 4021 ἡ
1423 3954 1679 4023 ἁμαρτία
1718 3952 1921 4020 νεκρὰ,

348 4040 460 4098 οἷον
499 4047 558 4099 οὑ
593 4045 846 4116 δοθείσης
889 4046 998 4118 γὰρ
1031 4047 1128 4115 τῆς
1173 4046 1394 4115 ἐντολῆς
1438 4047 1717 4116 ἄπρακτος
1766 4041 1836 4116 ἦν
1892 4047 1925 4116 ἡ

352 4138 612 4207 ἁμαρτία.
638 4137 789 4207 Ἐγὼ
807 4138 874 4190 δὲ
893 4136 1038 4198 ἔζων
1060 4138 1164 4208 πρὸ
1185 4137 1281 4205 τῆς
1303 4138 1519 4208 ἐντολῆς
1541 4139 1845 4208 ἀμέμπτως
1855 4136 1923 4194 ⁸⁸.

349 4232 450 4284 οὑκ
481 4230 622 4300 ἔχων
660 4230 930 4300 ἐπιταγὴν
958 4230 1081 4283 καθ’
1115 4232 1181 4300 ἣν
1219 4230 1326 4282 ἔδει
1358 4230 1757 4284 πολιτεύεσθαι.
1796 4233 1926 4286 Ἑλ·-

352 4327 582 4391 θούσης
605 4323 672 4376 δὲ
709 4321 817 4390 τῆς
848 4322 1105 4390 ἐντολῆς
1126 4325 1164 4390 ἡ
1197 4323 1450 4392 ἁμαρτία
1477 4322 1791 4390 ἀνέζησεν,
1817 4324 1930 4393 ἐγὼ

2019 3129 2250 3182 scientia:
2284 3126 2402 3178 boni
2427 3133 2472 3177 et
2521 3122 2647 3176 mali
2678 3135 2779 3174 non
2816 3117 3010 3189 294ιὸ
3048 3115 3348 3170 comedetis.
3377 3113 3442 3167 In
3467 3129 3601 3184 quo-

2017 3234 2234 3288 cumque
2278 3216 2414 3270 enim
2465 3213 2550 3268 die
2603 3211 2935 3266 comederitis
2991 3224 3056 3262 ex
3130 3224 3214 3270 eo,
3264 3214 3428 3259 morte
3489 3220 3605 3256 mo-

2019 3313 2230 3367 riemini
2271 3321 2316 3375 τ,
2398 3319 2524 3363 tunc
2585 3304 3077 3376 concupiscentiam
3147 3301 3490 3369 arripuerunt
3552 3305 3607 3352 et

2018 3409 2399 3472 conceperant.
2419 3399 2542 3452 Ideo
2562 3398 2697 3452 bene
2719 3395 2925 3450 dictum
2942 3403 3025 3447 est
3047 3412 3059 3446 :
3115 3390 3606 3458 Concupiscentiam

2019 3494 2336 3556 nesciebam,
2370 3489 2472 3543 nisi
2503 3487 2587 3540 lex
2626 3487 2881 3540 dixisset:
2915 3481 3038 3537 Non
3066 3481 3396 3547 concupisces
3419 3490 3465 3530 ε.
3497 3477 3609 3532 Nec

2021 3583 2304 3640 comedere
2331 3573 2793 3652 [appetivissem]
2837 3574 2940 3628 nisi
2987 3573 3192 3626 dictum
3219 3570 3404 3624 inisset
3435 3587 3450 3622 :
3484 3567 3608 3621 Non

2023 3672 2300 3728 comedetis
2345 3686 2409 3724 ex
2442 3668 2556 3721 illo.
2599 3667 2735 3720 Hinc
2775 3666 2921 3720 enim
2992 3671 3275 3728 peccatum
3327 3659 3458 3713 mihi
3484 3659 3608 3710 illu-

2025 3768 2184 3822 dendi
2241 3766 2584 3822 occasionem
2649 3759 2880 3827 accepit.
2937 3755 3076 3809 Dato
3127 3754 3272 3808 enim
3331 3751 3606 3814 mandato,

2025 3859 2268 3914 diabolus
2301 3856 2641 3912 occasionem
2676 3851 2865 3905 habuit
2895 3846 3169 3903 excitandi
3197 3845 3251 3898 in
3283 3859 3370 3898 me
3400 3857 3602 3896 concu-

2027 3950 2369 4022 piscentiam.
2398 3945 2529 4000 Nam
2562 3945 2677 3999 sine
2711 3941 2831 4011 lege
2862 3948 3144 4010 peccatum
3170 3944 3292 3991 erat
3316 3943 3609 3988 mortuum.

2028 4046 2143 4100 Non
2202 4044 2326 4098 data
2398 4040 2544 4094 enim
2617 4037 2766 4106 lege,
2822 4043 3105 4105 peccatum
3166 4028 3321 4098 quasi
3371 4026 3613 4081 inellicax

2028 4147 2165 4195 erat.
2203 4137 2314 4205 Ego
2353 4143 2533 4188 autem
2575 4131 2819 4185 vivebam
2855 4137 2979 4181 ante
3009 4127 3180 4195 legem
3236 4123 3526 4191 inculpate,
3556 4129 3617 4174 ut

2029 4233 2118 4302 qui
2158 4243 2402 4283 normam
2458 4241 2562 4280 non
2613 4223 2868 4277 haberem
2934 4218 3230 4274 secundum
3271 4229 3432 4283 quam
3469 4212 3616 4266 vive-

2030 4338 2166 4376 rem.
2202 4320 2308 4374 Sed
2343 4335 2460 4374 cum
2487 4317 2708 4371 venisset
2746 4313 3080 4372 mandatum,
3109 4315 3383 4376 peccatum
3407 4303 3614 4356 revixit.

353 4417 420 4470 δὲ
445 4418 768 4480 ἀπέθανον,
796 4417 895 4471 καὶ
940 4418 1153 4486 εὑρέθη
1201 4436 1302 4487 μοι
1332 4419 1377 4451 ⁸³
1429 4420 1468 4486 ἡ
1501 4420 1720 4486 ἐντολὴ
1765 4423 1804 4488 ἡ
1845 4423 1920 4486 είς

2035 4413 2147 4482 Ego
2171 4420 2347 4464 autem
2379 4419 2609 4462 mortuus
2635 4419 2774 4466 sum,
2809 4401 3166 4469 etlinventum
3193 4405 3269 4449 est
3309 4394 3438 4446 mihi
3474 4409 3619 4444 mau-

355 4509 528 4577 ᾰυὴν,
559 4511 712 4576 αὕτη
742 4510 788 4542 ⁸⁸
818 4513 908 4576 είς
945 4510 1225 4574 θάνατον,
1275 4510 1358 4563 ὅτι
1407 4510 1546 4578 μετὰ
1591 4511 1653 4564 τὸ
1702 4511 1930 4580 νομοθε-

355 4603 519 4671 τῆσαι
547 4603 639 4656 τὸν
685 4602 852 4666 Θεὸν,
896 4602 992 4655 καὶ
1035 4601 1438 4655 διαστείλασθαί
1476 4620 1565 4672 μοι
1602 4603 1638 4656 ἃ
1681 4603 1932 4672 ποιητέον

358 4697 453 4748 καὶ
483 4694 556 4764 μὴ
592 4697 843 4763 ποιητέον
865 4736 880 4758 ,
916 4696 1321 4764 κατειργάσατο
1362 4697 1419 4746 ἐν
1450 4696 1571 4764 ἐμοὶ
1615 4695 1713 4765 τὴν
1746 4695 1933 4747 ἐπιθυ-

361 4786 491 4854 μίαν
517 4786 545 4837 ὁ
576 4785 842 4850 διάϐολος.
886 4786 946 4838 'H
1000 4787 1108 4857 γὰρ
1146 4787 1451 4854 ἐπαγγελία
1482 4786 1574 4838 τοῦ
1601 4785 1735 4839 Θεοῦ
1770 4788 1802 4857 ή
1849 4787 1935 4839 δο-

357 4874 515 4927 θεῖσά
545 4892 634 4944 μοι
668 4873 808 4944 αὕτη
841 4877 919 4936 εἰς
951 4874 1093 4944 ζωὴν
1133 4875 1226 4927 καὶ
1266 4873 1597 4944 ἀφθαρσίαν,
1631 4874 1719 4926 ἵνα
1753 4873 1937 4927 πειθό-

359 4985 521 5036 μενος
546 4967 683 5038 αὑτῇ
732 4967 820 5019 ἀεὶ
860 4966 1124 5021 θάλλοντα
1163 4967 1297 5038 πρὸς
1344 4967 1640 5020 ἀθανασίαν
1675 4966 1786 5036 βίον
1832 4965 1938 5037 ἔχω

356 5058 454 5111 καλ⁷
499 5057 695 5129 χαρὰν,
729 5056 1057 5128 ἀθετήσαντι
1108 5058 1278 5126 αὐτὴν
1328 5059 1408 5120 εἰς
1453 5057 1684 5110 θάνατον
1736 5056 1938 5125 ἀπέϐη,

357 5149 548 5219 ἐπειδὴ
575 5150 604 5202 ὁ
645 5149 913 5214 διάϐολος,
953 5149 1011 5202 ὃν
1062 5149 1339 5218 ἁμαρτίαν
1378 5148 1472 5201 νῦν
1525 5140 1679 5211 οὗτος
1714 5146 1938 5199 ἐκάλεσε

357 5240 451 5294 διὰ
475 5240 536 5294 τὸ
554 5223 888 5312 δημιούργδν
921 5240 1082 5293 αὑτὸν
1105 5241 1380 5312 ἁμαρτίας
1411 5240 1699 5310 ὑπάρχειν,
1723 5239 1811 5292 διά
1841 5238 1941 5296 τῆς

359 5333 580 5404 ἐντολῆς
625 5333 883 5404 ἀφορμὴν
924 5332 1106 5386 λασὼν
1139 5334 1275 5404 πρὸς
1327 5334 1616 5403 παρακοήν
1660 5331 1943 5400 ἀπατῆσαί

435 5483 464 5525 P
491 5470 766 5534 Rom.vu,
792 5469 849 5525 9.
924 5479 954 5520 σι
984 5469 1159 5525 Exod.
1192 5486 1286 5538 xx,
1319 5471 1402 5525 l7.
1483 5481 1504 5509 τ
1535 5471 1670 5526 Gen.
1698 5486 1760 5534 ιι,
1782 5471 1866 5523 l7.

2036 4481 2216 4558 (lotum
2247 4500 2386 4571 quod
2403 4507 2513 4551 erat
2533 4494 2600 4548 ad
2632 4495 2810 4557 vitam,
2833 4491 2927 4543 hoc
2949 4504 3058 4543 esse
3088 4486 3156 4539 ad
3187 4485 3460 4538 mortem‘.
3480 4481 3614 4536 Nam

2046 4606 2169 4665 post
2202 4595 2372 4661 legem
2415 4606 2444 4642 a
2475 4590 2585 4642 Deo
2621 4586 2806 4647 latam,
2842 4591 2896 4636 et
2923 4579 3238 4635 mandatum
3277 4575 3407 4628 mihi
3436 4574 3619 4626 datum

2038 4687 2166 4758 quid
2215 4683 2520 4737 faciendum
2549 4685 2718 4740 esset,
2772 4681 3028 4742 Operatus
3072 4677 3154 4724 est
3195 4669 3246 4722 in
3295 4682 3381 4721 me
3420 4682 3618 4720 concu-

2047 4755 2371 4848 piscentiam
2396 4769 2664 4824 diabolus.
2717 4763 2854 4819 Nam
2898 4760 3186 4831 promissio
3217 4755 3623 4830 [praeceptum]

2043 4867 2138 4922 Dei
2191 4864 2323 4918 mihi
2380 4862 2504 4916 data
2570 4856 2635 4910 ad
2688 4855 2856 4908 vitam
2914 4862 2969 4906 et
3031 4849 3518 4911 immortalitatem,
3565 4859 3624 4898 ut

2042 4959 2302 5015 obediens
2367 4954 2476 5021 illi,
2529 4952 2694 5004 vitam
2756 4946 2826 5001 ad
2885 4943 3351 4999 immortalitatem
3410 4954 3626 5006 semper

2042 5053 2469 5110 ethorescentem
2509 5046 2763 5110 habeam,
2808 5051 2863 5096 et
2915 5038 3202 5110 gaudeam,
3258 5034 3622 5090 contemnenti

2043 5147 2188 5201 illam
2227 5143 2284 5198 in
2336 5150 2563 5196 mortem
2610 5136 2810 5192 vertit:
2872 5147 2995 5187 cum
3029 5129 3299 5192 diabolus,
3344 5141 3503 5194 quem
3538 5126 3626 5178 hic

2045 5244 2327 5306 peccatum
2361 5230 2679 5295 nominavit,
2713 5244 2778 5283 eo
2825 5226 2969 5296 quod
3020 5224 3136 5293 ipse
3172 5221 3504 5276 architectus
3530 5231 3624 5268 seu

2059 5335 2248 5380 auctor
2280 5323 2350 5379 sit
2397 5321 2627 5392 peccati,
2667 5318 2758 5388 qui
2811 5323 3059 5386 accepta,
3119 5326 3216 5382 per
3277 5315 3624 5378 praeceptum,

1947 5481 1968 5508 ε
1995 5467 2154 5522 Rom.
2176 5481 2275 5531 vn,
2303 5464 2358 5517 7.
2442 5462 2462 5500 ί
2494 5462 2626 5516 ibid.
2648 5456 2816 5524 9,10.

1673 5564 1906 5620 νΑιιιΑε
1948 5557 2354 5618 LECTIONES.

435 5659 478 5691 δ’
505 5657 696 5728 ὕφεσις
717 5658 760 5711 Α
797 5675 810 5712 :
838 5657 1123 5728 Qeaipsot;
1157 5673 1217 5721 ς.

362 5731 412 5764 ³⁵
439 5745 530 5800 μοι
554 5725 682 5787 add:
708 5730 774 5784 Α.
848 5725 898 5762 ⁸⁸
923 5727 1061 5797 αὑτὴ
1093 5743 1152 5790 ς.

1322 5657 1365 5689 ⁸¹
1400 5658 1511 5726 ἐγὼ
1556 5658 1634 5728 δὲ]
1681 5658 1838 5714 Rom.
1884 5673 1982 5724 vn,
2009 5661 2064 5722 9.

2160 5653 2207 5686 ea
2240 5653 2276 5723 ἡ
2299 5650 2420 5708 εδδ,
2457 5648 2522 5704 Α,
2636 5645 2683 5678 εκ
2709 5631 3038 5712 ἀμέμπτως]
3072 5633 3187 5705 βίον
3218 5630 3506 5704 ἄμεμπτον
3566 5626 3627 5680 Β.
