3964 6246
405 264 540 332 1115

1520 275 1785 338 ΡΗΟΤΙῙ
1821 278 2323 342 ΡΑΤΗΙΛΗΕΗΛΞ
2357 281 2466 342 CP.

3517 279 3650 348 1116

403 377 688 434 occasione
728 390 814 432 me
860 392 960 448 per
995 358 1414 436 inobcdientiam
1446 381 1784 452 decipiendi,
1814 395 1975 442 dece-

2104 406 2167 454 ιε,
2194 389 2480 459 ἀπατήσας
2517 385 2828 450 ἀπέκτεινε,
2856 385 2935 457 τῷ
2955 427 2970 451 ,
3006 380 3086 459 ’ῌ
3115 385 3169 440 δ’
3197 386 3273 444 ἀν
3309 388 3507 459 ἡμέρᾳ
3552 393 3657 460 φά.

407 481 557 540 ptum
586 470 806 535 occidit,
834 469 949 524 bmc
973 469 1182 525 scilicet
1228 472 1593 531 damnationis
1670 478 1974 532 sententia:

408 560 750 628 Quacumque
811 560 896 613 die
949 561 1280 617 comederitis
1332 579 1398 618 ea:
1463 564 1583 630 illo,
1639 568 1979 634 moriemini;

409 666 560 705 reum
584 651 777 720 pergit,
807 659 863 704 ut
887 651 970 706 lea:
997 653 1204 722 quidem
1228 665 1414 710 sancta
1433 695 1448 720 ,
1471 666 1521 712 et
1538 667 1852 728 prmeeptum
1886 659 1983 715 Dei

411 758 673 811 sanctum,
697 749 899 818 justum
934 757 988 804 et
1024 751 1244 814 bonum,
1282 750 1349 805 ad
1379 751 1608 806 salutem
1643 768 1855 824 nempe,
1875 768 1982 808 non

409 841 476 894 ad
514 839 737 893 exitium
775 840 960 894 datum
987 859 1001 895 :
1033 841 1164 895 nihil
1200 844 1345 896 enim
1396 841 1587 899 inutlle
1635 845 1719 898 vel
1762 845 1984 899 noxium

410 946 441 985 a
475 932 583 986 Deo
609 932 724 985 ﬁeri
752 933 1047 987 credimus.
1088 931 1228 999 Quid
1253 935 1420 1002 ergo?
1453 933 1589 988 Num
1626 934 1823 988 bonum
1854 934 1986 990 mibi

412 1035 644 1079 mortem
699 1024 950 1091 creavit,
1015 1028 1160 1094 quod
1223 1028 1537 1081 mandatum
1606 1025 1738 1080 mihi
1801 1028 1986 1080 datum

413 1111 608 1167 summi
632 1113 757 1167 boni
783 1126 948 1168 causa
975 1113 1090 1170 ﬁeri
1116 1113 1382 1170 debebat?
1404 1115 1590 1182 Absit;
1623 1115 1748 1186 quia
1779 1114 1866 1170 lex
1895 1114 1988 1170 Dei

415 1203 547 1258 mihi
583 1217 922 1273 nequaquam
971 1218 1132 1259 causa
1165 1203 1285 1270 fuit,
1322 1213 1381 1258 ut
1415 1203 1778 1273 corruptionis
1802 1202 1988 1274 iugum

416 1295 688 1362 subirem,
753 1296 848 1350 sed
897 1295 1176 1361 diabolus;
1227 1305 1287 1350 ut
1348 1309 1444 1366 per
1491 1294 1730 1362 bonum,
1789 1296 1991 1349 malum

418 1388 593 1458 palam
628 1387 801 1452 ﬁeret,
830 1387 921 1458 qui
949 1385 1131 1443 effecit
1165 1387 1306 1457 apud
1339 1402 1426 1443 me
1441 1397 1502 1443 ut
1536 1388 1691 1444 ﬁeret
1716 1396 1771 1444 et
1800 1389 1993 1458 depre-

420 1478 751 1533 henderetur
777 1492 1024 1533 summus
1049 1489 1304 1548 peccator
1333 1478 1540 1547 peccati
1568 1485 1623 1534 et
1654 1477 1990 1534 fabricator:

421 1569 633 1626 Scimus
673 1571 809 1624 enim
839 1571 978 1641 quod
1001 1571 1085 1626 lea:
1126 1571 1419 1642 spiritualis
1456 1581 1600 1638 est",
1644 1586 1818 1642 eoque
1864 1572 1994 1627 nulli

423 1658 587 1713 ullius
625 1659 804 1713 damni
831 1674 996 1715 causa
1026 1678 1040 1714 :
1101 1661 1402 1730 spiritualia
1423 1662 1567 1716 enim
1597 1661 1666 1716 ab
1698 1661 1994 1716 irrationali

424 1752 863 1821 concupiscentia
921 1762 977 1807 et
1030 1763 1254 1822 peccato
1301 1755 1488 1824 procul
1542 1755 1826 1810 habitant:
1883 1752 1998 1824 Ego
2029 1745 2070 1800 Β

427 1855 604 1900 autem
631 1845 864 1900 carnalis
890 1863 1028 1910 sum,
1061 1848 1391 1904 venundatus
1425 1849 1520 1902 sub
1538 1849 1819 1916 peccatis',
1849 1847 2000 1918 quasi

429 1937 664 1993 diceret:
695 1936 807 2008 Ego
841 1948 1022 1992 autem
1060 1940 1296 1993 carnalis
1327 1954 1473 2004 sum,
1499 1951 1554 1994 et
1580 1939 1633 1993 in
1665 1941 1844 1995 medio
1877 1939 2003 1995 boni

430 2036 488 2082 et
526 2026 650 2081 mali
688 2027 740 2081 in
788 2027 963 2082 libero
1012 2028 1237 2083 arbitrio
1285 2029 1634 2096 constitutus,
1677 2040 1738 2084 ut
1788 2030 1840 2084 in
1887 2044 2004 2083 mea

431 2127 703 2187 potestate
723 2118 817 2182 sit,
846 2118 973 2187 quid
1003 2118 1205 2188 295a
1229 2119 1386 2172 velim
1415 2119 1646 2190 eligere:
1674 2116 1840 2173 Ροιυὶ
1865 2120 2006 2172 enim

433 2220 555 2264 ante
579 2208 766 2278 faciem
812 2219 980 2275 tuam,
1029 2211 1223 2278 inquit,
1272 2211 1435 2264 vitam
1485 2220 1534 2264 et
1583 2222 1867 2265 morteml.
1893 2210 2005 2280 Ego

433 2316 637 2373 pronus
695 2301 762 2356 ad
811 2301 1117 2356 violandam
1159 2301 1326 2370 legem
1373 2303 1710 2372 spiritualem
1760 2302 2010 2358 videlicet.

433 2393 726 2462 pracepti;
780 2401 836 2448 et
869 2390 1222 2464 [promptus]
1260 2393 1327 2447 ad
1362 2393 1696 2448 materialcm
1724 2391 1857 2465 [seu
1889 2408 2008 2449 car-

437 2483 650 2557 nalem]
697 2485 967 2555 serpentis
1018 2485 1276 2540 videlicet
1327 2486 1753 2556 suggestionem,
1791 2496 2012 2556 propter

439 2578 580 2633 banc
619 2578 943 2632 electionem
999 2578 1338 2631 venundatus
1387 2577 1556 2632 cecidi
1601 2577 1656 2633 in
1702 2587 2008 2648 peccatum,

435 2670 704 2726 obnoxius
733 2669 969 2725 diabolo.
998 2668 1133 2724 Hinc
1161 2685 1290 2739 ergo
1317 2669 1574 2725 obsidens
1624 2685 1709 2724 me
1732 2679 2010 2741 peccatum

439 2762 638 2824 [insidet
670 2770 725 2815 et
792 2759 983 2816 incolit
1022 2769 1187 2829 atque
1221 2761 1494 2815 inhabitat
1546 2761 1599 2815 in
1644 2775 1814 2816 carne
1869 2775 2010 2826 mea,

436 2867 598 2922 paena
633 2850 764 2905 mibi
794 2851 967 2920 legem
1004 2849 1386 2918 prievaricanti
1422 2848 1692 2919 imposita,
1723 2858 1784 2904 ut
1813 2864 2016 2905 venun-

438 2945 599 2998 darer
621 2952 863 3012 peccato.
895 2940 1034 2995 Hinc
1063 2939 1193 2994 illud
1221 2939 1424 2993 dictum
1452 2956 1467 2994 :
1501 2937 1655 3004 Quod
1691 2955 1880 3010 operor
1910 2955 2016 2994 non

439 3035 716 3105 intelligo;
758 3043 806 3089 et
833 3033 970 3101 quod
1004 3032 1113 3096 odi,
1139 3032 1361 3103 faciat;
1397 3046 1501 3085 non
1528 3041 1613 3086 est
1645 3033 1712 3087 de
1741 3031 1899 3088 factis
1931 3034 2017 3087 in-

2080 497 2221 551 γητε
2243 480 2344 536 ἀπ’
2367 479 2575 544 αὑτοῦ,
2589 479 2825 545 θανάτῳ
2838 478 3259 544 ἀποθανεῖσθε,
3285 481 3658 552 κατακρίματι

2082 571 2384 626 ὑπεύθυνον
2409 569 2664 640 γενέσθαι
2693 570 3201 640 κατεργασάμενος.
3251 570 3438 624 Ὥστε
3472 573 3508 624 ὁ
3551 569 3662 638 μὲν

2083 666 2268 734 νόμος
2314 662 2505 730 ἅγιος,
2553 661 2655 714 καὶ
2686 661 2726 729 ἡ
2777 657 2998 726 ἐντολὴ
3042 658 3149 713 τοῦ
3186 657 3336 712 Θεοῦ
3376 660 3523 728 ἁγία
3569 661 3662 714 καί

2083 755 2284 809 δικαία
2318 753 2416 808 καί
2448 750 2659 822 ἀγαθὴ,
2701 751 2784 805 ὅτι
2815 749 2892 820 μὴ
2922 749 3016 803 ἐπὶ
3039 749 3119 821 τῷ
3162 747 3391 819 βλάψαι,
3427 749 3546 803 ἀλλ’
3577 751 3664 804 ἐπὶ

2085 845 2162 917 τῷ
2183 847 2228 879 ⁸⁷
2265 846 2436 900 σῶσαι
2483 842 2639 913 ἐδόθη
2657 857 2674 874 ⁸
2712 841 2787 912 μὴ
2826 839 2936 911 γὰρ
2964 839 3208 911 οἰώμεθα
3229 839 3276 872 ³⁸
3306 840 3590 910 ἀνωφελές
3615 858 3665 893 τι

2089 936 2122 1006 ἢ
2163 935 2426 1007 βλαϐερὸν
2465 935 2640 987 ποιεῖν
2697 931 2789 986 τὸν
2833 931 2989 985 Θεόν.
3029 931 3095 985 Τί
3138 931 3264 998 οῦν;
3311 929 3392 985 Τὸ
3448 932 3666 1002 ἀγαθὸν

2089 1025 2219 1094 ἐμοὶ
2263 1024 2501 1094 ἐγένετο
2549 1021 2827 1088 θάνατος,
2869 1020 2900 1074 ὃ
2937 1019 3032 1074 τοῦ
3089 1020 3352 1091 μεγίστου
3397 1037 3492 1090 μοι
3529 1019 3602 1084 ὡς
3621 1017 3665 1052 ⁸*

2092 1118 2263 1171 αῐτιον
2298 1115 2558 1188 ἐσόμενον
2588 1113 2796 1183 ἀγαθοῦ
2828 1112 3179 1184 νομοθέτημα
3218 1111 3419 1182 ἐδόθη;
3453 1109 3550 1179 Μὴ
3579 1112 3666 1180 τέ-

2038 1267 2042 1278 ,
2092 1226 2275 1272 νοιτο,
2309 1208 2392 1262 ὅτι
2423 1206 2500 1278 μὴ
2524 1208 2558 1278 ἡ
2596 1205 2784 1277 ἐντολὴ
2821 1204 2916 1258 τοῦ
2947 1203 3082 1257 Θεοῦ
3125 1204 3206 1268 είς
3231 1202 3294 1256 sb
3339 1201 3668 1257 καταδουλω-

2095 1297 2256 1366 θῆναί
2291 1313 2358 1368 με
2381 1295 2598 1364 ἐγένετο
2617 1295 2687 1366 τῇ
2719 1293 2896 1364 φθορᾷ
2925 1292 2973 1325 ⁹⁰
3003 1290 3174 1358 αἰτία,
3207 1289 3321 1345 ἀλλ’
3350 1292 3381 1346 ὁ
3409 1290 3666 1358 διάϐολος,

2095 1388 2184 1443 ἵνα
2214 1386 2503 1459 φανερωθῇ
2541 1383 2632 1439 διὰ
2663 1381 2758 1438 τοῦ
2794 1382 3004 1453 ἀγαθοῦ
3035 1382 3098 1436 τὸ
3137 1381 3309 1438 κακὸν
3352 1381 3481 1453 ἐμοὶ
3508 1399 3668 1437 κατα-

2097 1480 2389 1546 σκευάσας,
2417 1479 2505 1533 ἴνα
2521 1477 2744 1549 γένηται
2774 1477 2868 1530 καὶ
2899 1475 3130 1547 ἐλεγχθῇ
3171 1473 3295 1529 καθ’
3325 1474 3670 1547 ὑπερϐολὴνό

2097 1571 2322 1644 εὑρετὴς
2350 1571 2446 1642 τῆς
2486 1568 2761 1642 ἁμαρτίας
2788 1566 3129 1640 ἁμαρτωλός.
3154 1565 3286 1639 [485
3312 1563 3408 1637 Η.]
3427 1565 3672 1634 Οίδαμεν

2098 1665 2189 1720 ὅτι
2215 1668 2249 1735 ὁ
2276 1666 2464 1732 νόμος
2481 1661 2613 1716 ἐστὶ
2642 1658 3067 1730 πνευματικὸς,
3090 1658 3170 1712 διὸ
3199 1657 3297 1712 καὶ
3329 1657 3484 1710 οὐδὲν
3509 1656 3672 1722 αἴτιος

2099 1757 2209 1828 γὰρ
2243 1755 2449 1828 βλάϐης
2469 1754 2669 1809 οὐδενί·
2690 1754 2878 1826 πόῤῥω
2909 1753 3019 1824 γὰρ
3053 1750 3350 1822 ἐπιθυμίας
3373 1748 3566 1818 ἀλόγου
3586 1751 3674 1803 καὶ

2101 1848 2376 1921 ἁμαρτίας
2402 1848 2737 1918 ἐσκήνηνται
2762 1845 2834 1899 τὰ
2859 1842 3230 1915 πνευματικά.
3266 1841 3422 1911 Ἐγὼ
3445 1840 3515 1894 δὲ
3541 1840 3674 1910 σάρ-

2103 1943 2272 2008 κινός
2309 1943 2446 2010 είμι,
2489 1935 2871 2009 πεπραμένος
2905 1937 3024 1993 ὑπὸ
3072 1935 3190 2005 τὴν
3221 1935 3540 2005 ἁμαρτίαν,
3572 1929 3673 1986 οἷον

2104 2033 2215 2103 ἐγὼ
2244 2033 2302 2087 δὲ
2327 2033 2584 2104 σάρκινος
2637 2029 2735 2095 ὣν,
2775 2029 2870 2083 καὶ
2916 2031 2975 2082 ἐν
3011 2029 3163 2099 μέσῳ
3207 2027 3305 2081 τοῦ
3335 2024 3544 2095 ἀγαθοῦ
3588 2023 3674 2078 καὶ

2107 2122 2346 2196 πονηροῦ
2390 2121 2754 2185 κατασταθεὶς
2791 2120 2866 2185 ὡς
2893 2119 3261 2186 αύτεξούσιος,
3304 2119 3397 2173 ἴνα
3446 2117 3533 2172 ἐπ’
3562 2115 3675 2187 ἐμοὶ

2107 2214 2322 2269 ἐλέσθαι
2374 2213 2403 2266 ὃ
2461 2211 2720 2283 βούλομαι
2769 2207 3116 2282 ᾖ(Τέθεικα
3170 2207 3318 2276 γὰρ,
3368 2207 3536 2276 φησι,
3571 2203 3676 2273 πρὸ

2109 2303 2436 2376 προσώπου
2468 2305 2510 2336 ⁹¹
2541 2317 2658 2357 σου
2686 2302 2730 2334 θ’
2761 2299 2878 2369 τὴν
2915 2298 3067 2368 ζωὴν
3099 2298 3197 2353 real
3222 2297 3334 2353 τὸν
3367 2295 3671 2366 θάνατον),

2109 2395 2310 2458 νεύσας
2344 2392 2482 2463 πρὸς
2523 2392 2585 2445 τὸ
2632 2389 2978 2462 παρακοῦσαι
3028 2389 3128 2459 μὲν
3167 2387 3263 2442 τοῦ
3313 2385 3673 2457 πνευματικοῦ

2109 2488 2300 2559 νόμου,
2329 2481 2440 2540 οἷον
2490 2484 2590 2555 τῆς
2638 2482 2883 2553 ἐντολῆς,
2913 2479 3216 2536 ἐπακοῦσαι
3244 2480 3304 2535 δὲ
3344 2479 3442 2534 τοῦ
3480 2477 3672 2543 ὑλικοῦ,

2111 2577 2222 2635 οἷον
2255 2578 2349 2634 τοῦ
2387 2579 2565 2648 ὄφεως
2590 2575 2689 2646 τῆς
2734 2573 3088 2645 συμϐουλίας,
3122 2573 3424 2644 πέπραμαι
3470 2571 3555 2625 διὰ
3588 2570 3676 2642 τὴν

2113 2673 2371 2743 τοιαύτην
2424 2671 2658 2742 αἵρεσιν,
2700 2667 2829 2741 [915
2857 2666 2945 2738 IL]
2989 2666 3169 2720 πεσὼν
3218 2664 3328 2718 ὑπὸ
3365 2664 3465 2734 τὴν
3507 2663 3675 2732 ἀμαρ-

2112 2766 2256 2830 τίαν,
2301 2763 2380 2834 τῷ
2424 2761 2680 2834 διαϐόλῳ.
2731 2759 2896 2814 Ὅθεν
2927 2757 3182 2813 ἐντεῦθεν
3213 2753 3586 2826 πολιορκῆσάν
3618 2769 3675 2822 με

2113 2861 2176 2912 sb
2197 2857 2368 2913 κακὸν
2393 2855 2653 2921 ἐνιζάνει,
2703 2853 2799 2908 καὶ
2853 2849 3276 2922 ἐμπολιτεύεται
3315 2845 3676 2916 είσοικῆσαν⁹³

2117 2950 2175 3003 ἐν
2200 2951 2266 3020 τῇ
2293 2947 2459 3019 σαρκί
2493 2963 2616 3018 μου,
2642 2944 2800 3016 δίκης
2837 2941 3178 3012 ἐπιτεθείσης
3208 2956 3304 3011 μοι
3343 2938 3443 3009 τὴν
3480 2935 3679 3005 ἐντολὴν

2119 3041 2446 3110 ἀθετήσαντι
2475 3036 2750 3109 πραθῆναι
2779 3033 2857 3105 τῷ
2900 3031 3076 3104 κακῷ.
3112 3032 3203 3085 Διὸ
3247 3030 3348 3084 καὶ
3374 3028 3467 3083 τό·
3504 3028 3580 3082 Οὐ
3607 3044 3678 3096 γι-

442 3125 813 3195 telligendum,
841 3125 935 3180 sed
960 3125 1026 3179 de
1053 3124 1170 3178 solo
1190 3124 1449 3193 cogitatu.
1469 3121 1654 3193 Neque
1683 3125 1826 3180 enim
1849 3135 1933 3182 est
1957 3125 2003 3181 in

2118 3106 2330 3186 rcbmew
2356 3127 2388 3183 δ
2415 3106 2864 3196 κατεργάζομαι,
2912 3123 3008 3178 καί
3027 3138 3041 3154 '
3073 3121 3225 3177 Ποιῶ
3273 3120 3307 3175 ὃ
3331 3117 3512 3190 μισῶ,
3543 3116 3680 3184 λεγό-

440 3226 628 3274 nostra
661 3225 926 3287 potestate
947 3217 1188 3286 cogitare
1231 3225 1326 3269 aut
1351 3229 1457 3270 non
1488 3216 1730 3285 cogitare
1760 3217 2015 3272 absurda:

2124 3240 2283 3296 μενον
2317 3221 2417 3275 οὐκ
2445 3219 2541 3274 ἐπὶ⁵
2572 3216 2669 3273 τοῦ
2713 3217 2908 3289 δρᾶσαι
2950 3215 3011 3269 sb
3041 3213 3243 3283 φαῦλον
3293 3209 3678 3284 παραληπτέον,

442 3309 538 3364 sed
572 3307 671 3371 uti,
708 3306 792 3361 vel
820 3321 927 3362 non
959 3305 1037 3360 uti
1065 3305 1493 3376 cogitationibus
1533 3306 1710 3376 rcipsa
1757 3306 1812 3362 in
1862 3307 2003 3362 nobis

2122 3314 2240 3370 ἀλλ’
2270 3312 2365 3366 ἐπὶ
2388 3311 2483 3366 τοῦ
2517 3311 2677 3383 μόνον
2709 3307 3101 3380 ἐνθυμηθῆναι.
3132 3307 3207 3360 Οὐ
3235 3305 3349 3378 γὰρ
3380 3305 3465 3374 ἐφ’
3485 3304 3609 3374 ἡμῖν
3630 3300 3681 3352 τὸ

442 3407 547 3453 est.
584 3395 716 3451 Nam
737 3411 929 3451 arcere
956 3397 1319 3466 c0gitationes
1339 3397 1413 3450 uti
1445 3397 1600 3452 nobis
1629 3412 1734 3452 non
1759 3396 2003 3465 incidant,

2123 3401 2532 3476 ἐνθυμεῖσθαιῆ
2565 3399 2639 3472 μὴ
2672 3397 3026 3469 ἐνθυμεῖσθαι
3058 3398 3234 3450 κεῖται
3257 3396 3330 3450 τὰ
3356 3395 3546 3455 ἄτοπα,
3565 3388 3681 3446 ἀλλὰ

445 3505 553 3545 non
589 3503 898 3559 possumus,
934 3502 1056 3543 cum
1085 3487 1308 3542 aliunde
1327 3495 1607 3558 suggestas
1630 3489 1979 3543 admittamus

2121 3497 2185 3552 sb
2222 3493 2460 3568 χρῆσθαι
2490 3493 2524 3563 ἢ
2557 3492 2633 3562 μὴ
2662 3489 2902 3561 χρῆσθαι
2942 3489 3056 3551 τοῖς
3109 3485 3479 3558 ἐνθυμήμασι.
3512 3479 3680 3535 Κωλῦο

445 3581 538 3637 sed
563 3581 897 3646 consentire,
925 3587 1020 3633 aut
1044 3589 1264 3647 patrare
1292 3593 1401 3634 non
1449 3580 1711 3648 cogimur.
1728 3578 2003 3649 Proptere:

2125 3604 2217 3640 σαι
2254 3586 2353 3657 μὲν
2396 3585 2506 3655 γὰρ
2540 3582 2762 3637 πίπτειν
2816 3583 2899 3645 είς
2948 3580 3100 3651 ἡμᾶς
3143 3579 3270 3642 τοὺς
3304 3575 3588 3646 λογισμοὺς
3628 3571 3678 3624 ού

451 3671 598 3726 Velle
626 3671 755 3725 mihi
789 3671 999 3742 quidem
1034 3670 1265 3739 adjacet,
1293 3685 1359 3724 ne
1394 3670 1532 3724 mala
1561 3671 1828 3740 cogitem;
1861 3671 2003 3740 perﬁ-

2126 3677 2425 3749 δυνάμεθα,
2463 3673 2914 3746 προσδεχομένων
2950 3673 3108 3744 ἡμῶν
3149 3670 3353 3737 ἔξωθεν
3389 3662 3682 3734 είσπνεομέ-

444 3773 764 3827 cereautem,
796 3771 854 3815 ut
876 3760 964 3815 illa
996 3761 1363 3831 exsuuguam,
1391 3774 1459 3816 ne
1485 3760 1718 3828 amplius
1743 3761 1908 3816 menti
1935 3776 2003 3815 occ

2129 3787 2284 3836 νουςο
2317 3770 2391 3842 μὴ
2419 3767 2710 3838 πεισθῆναι
2747 3766 2933 3836 μέντοι
2959 3765 2992 3836 ἢ
3034 3766 3109 3835 μὴ
3139 3763 3380 3836 χρῆσθαι
3410 3757 3678 3828 δυνάμεθα.
3749 3805 3751 3807 ,

446 3863 699 3920 currant,
733 3869 836 3907 non
869 3852 1034 3906 habeo
1059 3861 1106 3905 ι.
1139 3850 1276 3918 Quia
1301 3853 1424 3920 hoc,
1449 3862 1507 3906 ut
1535 3852 1780 3907 dicebam
1807 3867 1913 3906 non
1946 3866 2003 3906 es

2127 3865 2218 3919 Διὸ
2260 3864 2320 3917 sb
2354 3863 2452 3934 μὲν
2503 3861 2676 3915 θέλειν
2719 3860 2861 3914 αὐτὰ
2893 3859 2969 3930 μὴ
3019 3857 3393 3930 ὲνθυμηθῇναι
3442 3850 3681 3922 παρακεῖ·

447 3948 502 4000 in
552 3955 738 4000 nostra
777 3953 1068 4014 potestate,
1097 3953 1156 3998 ut
1179 3944 1250 3998 sit
1290 3957 1486 3998 sensus
1515 3944 1638 4000 talis
1671 3945 1830 4015 bujus
1862 3945 1989 4000 dicti

2131 3957 2256 4011 σθαι
2281 3956 2350 4020 ⁸⁵,
2387 3955 2451 4008 sb
2500 3955 2558 4009 δὲ
2612 3950 3060 4025 κατεργάσασθαι
3084 3952 3165 4014 είς
3206 3945 3572 4016 τὸ.ἀφανίσαι,
3610 3941 3681 3992 ἵνα

453 4035 580 4092 Νοη
607 4037 766 4102 enim,
798 4037 937 4105 quod
991 4034 1106 4089 uolo
1159 4035 1350 4088 bonum
1409 4035 1572 4101 facio.
1606 4035 1738 4090 Volo
1784 4037 1926 4091 enim
1961 4053 2003 4089 Ill

2134 4051 2210 4121 μὴ
2246 4049 2292 4082 ⁸⁸
2345 4046 2502 4111 αὖθις
2541 4047 2672 4116 περὶ
2722 4045 2816 4098 τὸν
2850 4042 3111 4112 λογισμὸν
3155 4039 3469 4099 ἀνέλθωσιν,
3501 4032 3576 4097 οὒ,
3611 4032 3679 4084 ὅτι

449 4131 688 4203 cogitare
715 4129 956 4198 quidem,
983 4142 1103 4198 quae
1145 4129 1277 4182 mibi
1328 4137 1586 4194 noceant;
1669 4128 1770 4183 hoc
1825 4129 2003 4183 eteniu

2134 4143 2210 4213 μὴ
2266 4143 2445 4195 κεῖται
2492 4136 2652 4192 τοῦτο
2698 4136 2784 4208 ἐφ’
2811 4137 2966 4207 ἡμῖν,
3003 4134 3079 4198 ὡς
3106 4134 3264 4203 ἔφην.
3314 4123 3572 4195 Ὦς”εῐναι
3607 4122 3683 4174 τὸν

449 4223 652 4278 bonum
696 4233 922 4289 prorsus
972 4219 1305 4290 inculpatum
1354 4227 1460 4273 est.
1509 4217 1578 4272 Et
1617 4221 1717 4274 hoc
1776 4218 2027 4288 quidem,

2133 4233 2260 4288 νοῦν
2290 4229 2532 4284 τοιοῦτον
2561 4228 2656 4282 τοῦ
2692 4227 2857 4299 ῥητοῦ
2879 4243 2892 4257 °
2910 4229 2993 4282 Οὐ
3020 4226 3131 4295 τὰρ
3155 4225 3186 4279 ὃ
3213 4224 3369 4278 θέλω
3405 4216 3544 4275 ποιῶ
3567 4216 3684 4284 dra-

449 4315 594 4383 quod
625 4313 747 4368 volo
782 4312 980 4368 bonum
1003 4351 1020 4376 ,
1051 4327 1160 4366 non
1193 4309 1362 4377 facio;
1397 4311 1540 4380 quod
1580 4326 1698 4365 vero
1722 4309 1860 4373 nolo,
1891 4311 2003 4380 facii

2136 4325 2262 4379 θόν.
2283 4324 2434 4377 Θέλω
2463 4322 2570 4393 γὰρ
2596 4321 2670 4393 μὴ
2701 4319 3054 4390 ἐνθυμεῖσθαι
3087 4318 3123 4372 ἃ
3149 4317 3376 4388 βλάπτει
3405 4331 3489 4385 με,
3516 4303 3681 4372 ἐπειδὴ

451 4406 649 4461 malum
671 4417 720 4462 ι.
758 4403 896 4459 Nolo
923 4403 1184 4472 cogitare,
1205 4403 1491 4472 cositando
1511 4401 1728 4456 interim
1762 4417 1881 4470 qua:
1909 4402 2003 4456 noli

2135 4418 2291 4472 τοῦτο
2319 4417 2380 4470 sb
2414 4415 2619 4485 ἀγαθὸν
2653 4413 3016 4484 πανάμωμον.
3047 4410 3154 4478 καὶ
3182 4409 3342 4464 τοῦτο
3374 4406 3488 4478 μὲν,
3517 4402 3544 4453 ὃ
3565 4397 3682 4452 θέλω

450 4497 711 4568 cogitare.
767 4497 945 4565 Atque
1020 4503 1240 4564 propter
1301 4493 1414 4547 haec
1483 4494 1598 4561 ipsa
1655 4492 1793 4546 forte
1859 4492 2003 4545 DIH'lt

2104 4500 2107 4514 ’
2136 4509 2360 4578 ἀγαθὸν,
2396 4476 2658 4562 ούποιῶ·
2690 4505 2720 4558 ὂ
2747 4476 2817 4558 δὲ.
2849 4476 2925 4575 μη
2959 4476 3126 4568 θέλω,
3169 4476 3401 4573 πράσσω
3428 4493 3604 4553 κακὸν,
3631 4486 3681 4578 ού

452 4587 618 4644 Deum
645 4583 954 4658 [supplex]
1003 4583 1175 4650 adiit,
1210 4583 1384 4637 iratus
1425 4583 1848 4652 cogitationibus
1893 4587 2025 4647 suis,

451 4694 589 4749 quas
619 4693 812 4748 passus
846 4686 932 4732 est
968 4677 1200 4731 invitus:
1251 4675 1329 4729 Ab
1389 4674 1609 4730 occultis
1660 4677 1789 4728 meis
1834 4675 2028 4727 inuncta

451 4788 556 4838 me,
583 4779 633 4824 et
666 4770 730 4822 ab
752 4769 940 4823 alienis
961 4785 1116 4836 parce
1172 4783 1321 4822 servo
1343 4780 1458 4821 tuo.
1491 4766 1550 4821 Si
1586 4766 1687 4820 mei
1711 4783 1814 4819 non
1835 4765 2030 4836 fuerint

449 4863 732 4927 dominati,
787 4870 911 4914 tunc
965 4861 1338 4914 immaculatus
1388 4877 1496 4923 ero,
1542 4870 1590 4914 et
1632 4860 1953 4914 emundabor
1998 4875 2028 4911 a

447 4954 641 5007 delicto
691 4967 882 5020 magno
901 4950 951 5003 ι).
997 4951 1064 5004 Ει
1102 4951 1218 5020 ipse
1256 4950 1549 5020 Apostolus
1573 4949 1738 5003 alibi:
1791 4945 2030 5003 Consilia

2136 4574 2306 4652 θέλων
2335 4595 2655 4660 ἐννοεῖσθαι,
2697 4593 2795 4646 καὶ
2845 4574 3197 4662 ἐννοούμενος
3225 4589 3262 4644 ὃ.
3295 4589 3368 4660 μὴ
3400 4584 3550 4640 θέλω.
3589 4574 3682 4630 Καὶ

2136 4687 2507 4756 ἐπισκέψασθε
2563 4687 2613 4739 εί
2665 4683 2742 4755 μὴ
2796 4682 2886 4736 διὰ
2937 4681 3111 4735 ταῦτα
3160 4680 3300 4734 αὐτὰ
3343 4677 3436 4734 καὶ
3474 4677 3502 4728 ὁ
3542 4664 3682 4724 Δαόὶδ

2136 4777 2460 4848 ἐνετύγχανε
2488 4775 2566 4846 τῷ
2594 4773 2742 4844 Θεῷ,
2764 4772 3130 4844 δυσχεραίνων
3169 4769 3261 4824 ἐπὶ
3294 4768 3369 4839 τῷ
3401 4756 3680 4848 λογίζεσθαι

2135 4869 2231 4922 καὶ
2246 4844 2409 4921 αύτδν
2425 4866 2460 4920 ἃ
2479 4844 2554 4937 μή
2574 4864 2786 4936 ἢθελεν·
2814 4863 2954 4918 Ἀπὸ
2977 4861 3097 4917 τῶν
3117 4862 3382 4931 κρυφίων
3393 4872 3508 4928 μου
3526 4844 3683 4937 ambil-

2137 4961 2323 5027 ρισόν
2346 4975 2443 5027 με,
2475 4935 2573 5011 έιάι
2599 4935 2724 5010 ἀπὸ
2753 4956 2801 4989 ⁵⁸
2827 4954 3164 5021 ἀλλοτρίων
3189 4951 3391 5023 φεῖσαι
3421 4945 3520 5001 τοῦ
3565 4935 3680 4993 δούο

447 5048 795 5110 destruentes,
841 5053 892 5098 et
941 5061 1146 5098 omnem
1199 5045 1538 5098 altitudinem
1591 5041 1919 5096 extollentem
1979 5056 2002 5094 δ

2140 5051 2254 5101 λου
2305 5062 2443 5100 σου.
2502 5046 2644 5099 Ἐὰν
2687 5044 2771 5114 μή
2831 5061 2950 5114 μου
3011 5041 3537 5111 κατακυριεῠσωσι,
3567 5030 3679 5081 τότε

447 5139 703 5217 adversus
731 5138 1008 5192 scientiam
1036 5137 1222 5203 Dei,et
1262 5139 1315 5190 in
1361 5137 1716 5204 captivitatem
1748 5135 2003 5206 redigente

2141 5135 2378 5206 ἄμωμος
2413 5136 2627 5205 ἔσομαι
2675 5133 2774 5188 καὶ
2820 5133 3338 5202 καθαρισθήσομαι
3377 5123 3490 5218 ἀπὸ
3524 5120 3681 5218 (ξμξῖρῇ

449 5247 656 5285 onmem
682 5211 1010 5287 intellectum
1033 5232 1088 5285 in
1111 5231 1412 5296 obsequium
1436 5228 1634 5285 Clu-isti
1666 5239 1714 5282 σε.

2143 5228 2276 5292 tiae;
2293 5225 2445 5295 μεγά
2462 5228 2582 5292 1ης.
2614 5224 2724 5278 Καὶ
2747 5224 2909 5288 αὐτὸς
2941 5223 2999 5276 δὲ
3026 5225 3054 5276 ὁ
3088 5219 3409 5280 Ἀπόστολος
3437 5216 3492 5267 ἐν
3538 5211 3682 5273 ἑτέρῳ

523 5381 547 5407 υ
575 5369 730 5424 Rom.
765 5387 860 5434 Vlt,
924 5371 1010 5424 11.
1086 5368 1271 5422 'ibid.
1356 5381 1381 5409 ι
1413 5369 1567 5423 Deut.
1612 5368 1846 5434 “3,15.
1929 5365 2003 5417 γι

2104 5380 2151 5418 n.
2190 5379 2290 5430 νιι,
2333 5363 2418 5418 15.
2498 5371 2522 5398 ι
2557 5361 2688 5417 ibid.
2731 5359 2818 5416 18.
2895 5372 2922 5401 α
2959 5360 3090 5415 ibid.
3118 5357 3204 5412 19.
3312 5355 3340 5397 δ
3372 5347 3504 5407 Psal.
3544 5349 3678 5395 xvmi

454 5442 541 5524 l3,
579 5439 667 5495 14.
746 5451 769 5479 ο
805 5439 848 5495 Il
885 5441 1011 5497 Cor.
1049 5457 1100 5504 ι,
1135 5439 1191 5503 4,
1217 5439 1269 5492 5.

1356 5381 1381 5409 ι
1413 5369 1567 5423 Deut.
1612 5368 1846 5434 xu,l5.
1929 5375 1958 5414 γ
1993 5365 2003 5417 1

2104 5380 2151 5418 n.
2190 5379 2290 5430 vn,
2333 5363 2418 5418 15.
2498 5371 2522 5398 ⁸
2557 5361 2688 5417 ibid.
2731 5359 2818 5416 18.
2895 5372 2922 5401 α
2959 5360 3090 5415 ibid.
3118 5357 3204 5412 19.

1769 5549 2001 5604 VARle
2062 5546 2359 5604 LECTION
2370 5546 2473 5603 ES.

527 5649 579 5720 "_
607 5647 685 5718 τῷ
708 5649 749 5700 Β
781 5665 793 5700 :
823 5649 886 5701 sb
910 5666 970 5714 ς.
1046 5649 1091 5681 ⁸⁸
1118 5648 1357 5720 οἰόμεθα,
1387 5665 1445 5711 ς.
1493 5646 1570 5720 _"
1599 5645 1674 5707 ὼς
1720 5660 1828 5697 0m-
1848 5644 1946 5720 βο,
1996 5642 2041 5675 ⁹⁰
2064 5644 2130 5720 τῇ
2169 5639 2377 5720 φθορᾷΙ
2487 5637 2695 5720 φθῖρᾷς
2725 5640 2765 5690 Β
2793 5646 2849 5693 εί
2879 5651 3025 5720 cf!“
3063 5636 3125 5690 Αο
3202 5633 3244 5718 ⁸..
3271 5628 3398 5720 ξξδ,

617 5684 685 5718 ¹¹Ψ
710 5684 749 5700 υ
782 5690 793 5700 ·
835 5684 886 5701 δ”
910 5684 970 5714 ὃ·
1118 5684 1344 5720 ννιελενυ*
1387 5684 1445 5711 ‘a'
1493 5717 1518 5728 ν
1599 5684 1671 5707 ων
1720 5684 1828 5697 """
1859 5684 1947 5728 νο.
2075 5684 2130 5723 1:1
2171 5684 2377 5712 YU'I'TJ-
2409 5684 2446 5727 ,Ἰ
2492 5684 2693 5724 γτξιστν
2725 5684 2762 5690 -σ
2797 5684 2848 5693 --
2882 5684 2960 5691 υπ-
2983 5684 3025 5690 ’⁷
3063 5684 3124 5690 --τ
3215 5705 3236 5718 ,
3313 5684 3323 5700 ι
3430 5684 3476 5746 l;
3509 5684 3673 5738 mde

457 5718 593 5789 φησὶ
617 5736 679 5781 ς.
754 5720 800 5750 ⁰²
829 5737 921 5772 σου
951 5735 1062 5772 mn.
1100 5736 1161 5783 ς.
1238 5721 1284 5752 ⁸³
1315 5719 1800 5789 εἰσοικησανλιςοιηιο.
1933 5728 2218 5789 ενοικησαν
2258 5711 2295 5763 Β
2330 5709 2727 5789 ειεισοιιεεισθαι
2753 5727 2816 5773 ς.
2871 5707 2962 5789 “9':
2992 5695 3398 5789 ﬁqggxﬁwilfti
3448 5706 3532 5789 (ᾗχι

459 5758 1062 5860 ἷίἒιῖεἰιῗτί-εαρᾶἔέιτέἐῗ
1101 5758 1170 5823 δεῖ
1213 5758 1828 5858 εναᾘῖᾞάῐέλδωσιν
1853 5783 1938 5837 ιιι
1969 5783 2054 5837 ἵνα
2082 5758 2175 5836 x'ei
2207 5809 2273 5821 -
2307 5781 2382 5852 μὴ
2401 5779 2694 5834 eiiciam
2735 5758 2795 5843 ξ.
2871 5780 2915 5811 οε
2941 5758 3236 5848 ἀπδιέιιειιι.
3269 5784 3426 5829 mn.
3467 5758 3542 5812 ιδ-
