3964 6246
263 319 396 383 1117

1301 324 1828 384 BIBLIOTHECA.
1846 347 1913 355 -
1932 321 2092 381 COD.
2129 324 2478 385 CCXXXIV.

3361 314 3502 381 1118

254 434 583 504 λογισμοὺς
614 436 656 468 ⁸⁷
702 436 1126 504 καθαιροῦντες
1189 439 1287 492 καὶ
1346 436 1470 493 πᾶν
1525 437 1741 505 ὕψωμα
1796 437 2187 504 ἐπαιρόμενον
2234 435 2384 490 κατὰ
2416 433 2524 502 τῆς
2556 431 2828 502 γνώσεως
2869 429 2973 483 τοῦ
3014 427 3182 492 Θεοῦ,
3219 427 3512 496 αίχμαλω·

255 532 510 598 τίζοντες
541 530 665 587 πᾶν
684 534 877 602 νόημα
947 536 1033 600 είς
1072 534 1188 603 τὴν
1250 534 1529 600 ὑπακοὴν
1587 534 1691 586 τοῦ
1745 532 2028 599 Χριστοῦ.

326 623 390 678 Εἰ
421 625 478 677 δέ
500 641 584 688 τις
630 624 794 694 ὁμόσε
812 625 859 656 ⁹⁸
904 625 983 695 τῷ
1020 627 1163 697 λόγῳ
1220 630 1356 681 ίέναι
1417 626 1633 696 τολμῶν
1688 627 1823 679 ἀπο-

2000 624 2057 679 Si
2107 624 2231 692 quis
2272 632 2452 678 autem
2501 620 2554 674 in
2609 619 2799 674 eodem
2854 615 3065 689 [Pauli]
3115 615 3233 669 loco
3286 628 3518 683 progre—

253 716 496 784 κρίνοιτο
517 716 592 777 ὡς
613 714 722 786 ἄρα
780 714 1021 768 διδάσκοι
1050 719 1079 770 ὁ
1112 717 1431 776 Ἀπόστολος
1475 717 1550 779 ὡς
1583 716 1644 769 οὐ
1675 715 1834 784 μόνον

257 809 316 860 ἐν
340 806 418 876 τῷ
439 806 747 875 λογίζεσθαι
767 807 828 860 τὸ
859 808 1028 862 κακὸν
1057 809 1321 880 μισοῦμεν
1349 809 1444 862 καὶ
1465 808 1494 861 6
1519 809 1579 863 οὐ
1607 807 1834 877 θέλομεν

256 897 576 966 πράσσομεν
591 897 660 962 ⁹⁹,
707 897 844 950 ἀλλὰ
879 898 974 952 καὶ
1004 900 1063 952 ἐν
1092 897 1170 967 τῷ
1201 898 1636 969 κατεργάζεσθαι
1679 899 1832 964 αὐτὸ,

255 987 345 1039 διὰ
367 987 446 1052 τδ,
479 989 561 1042 Οὐ
598 987 710 1057 γὰρ
753 987 785 1042 6
821 991 893 1043 οὐ
936 988 1086 1044 θέλω
1111 989 1262 1044 ’ποιῶ
1301 990 1528 1060 ἀγαθὸν
1560 988 1830 1060 λελέχθαι’

255 1077 396 1131 ἀλλ’
414 1076 446 1130 6
483 1078 556 1131 οὐ
585 1076 740 1132 θέλω
767 1077 977 1145 κακὸν,
1007 1079 1185 1133 τοῦτο
1201 1078 1796 1149 πράσσω,άξιώσομέν
1814 1080 1831 1112 ¹

258 1186 387 1233 που,
413 1169 464 1221 εί
494 1169 670 1238 ἀληθῆ
723 1169 870 1237 λέγει
903 1172 932 1224 ὁ
967 1170 1140 1224 ταῦτα
1170 1170 1366 1239 λέγων,
1417 1169 1753 1240 διασαφῆσαι
1781 1169 1835 1223 τί

254 1255 404 1330 ἦντὸ
423 1261 592 1313 κακὸν
609 1260 638 1313 6
662 1259 844 1330 ἐμίσει
872 1260 970 1331 μὲν
997 1263 1024 1315 ὁ
1069 1261 1389 1324 Ἀπόστολος
1419 1262 1514 1315 καὶ
1549 1263 1651 1315 οὐκ
1678 1260 1834 1314 ἐϐού-

255 1350 382 1404 λετο
434 1353 626 1416 ποιεῖν,
689 1350 862 1404 ἐποίει
891 1351 968 1417 δὲ,
1021 1350 1209 1406 καὶτὸ
1251 1352 1486 1420 άγαθὸν¹
1511 1352 1540 1405 6
1581 1351 1832 1405 ἐϐούλετο

259 1447 362 1516 μὲν
393 1447 584 1511 ποιεῖν,
610 1446 710 1499 οὐκ
737 1446 909 1500 ἐποίει
939 1448 960 1480 ³
987 1446 1067 1511 δὲ,
1094 1447 1208 1500 ἀλλ’
1228 1446 1619 1519 ἀντιστρόφως,
1635 1449 1823 1511 ὁσάκις

259 1537 363 1606 μὲν
419 1537 582 1607 ἡθελε
643 1540 868 1609 ποιῆσαι
915 1539 978 1592 τὸ
1028 1537 1256 1606 ἀγαθὸν,
1299 1539 1626 1601 τοσαυτάκις
1672 1538 1734 1591 οὐ
1776 1538 1837 1592 τὸ

256 1627 485 1695 ἀγαθὸν,
521 1627 550 1680 6
586 1627 796 1696 ἢθελεν,
841 1628 1039 1690 ἐποίει,
1097 1628 1234 1704 ἀλλά
1278 1628 1340 1681 τὸ
1382 1627 1641 1698 πονηρὸν,
1687 1627 1716 1680 6
1761 1627 1837 1699 μὴ

255 1717 469 1787 ἤθελεν,
519 1718 711 1771 ἐποίει.
758 1717 882 1781 Πῶς
913 1717 971 1771 δέ
1000 1719 1096 1771 καλ¹
1117 1719 1266 1790 ἡμᾶς
1291 1720 1371 1782 είς
1392 1718 1454 1772 τὸ
1487 1717 1838 1772 παντάπασιν

256 1807 687 1873 ὰποτινάξασθαι
705 1809 768 1862 τὸ
796 1810 1134 1880 ἁμαρτάνειν
1178 1809 1621 1882 προτρεπόμενος
1649 1813 1838 1878 Μιμη-

255 1899 397 1954 ταιδ
425 1917 546 1971 μου
561 1901 604 1966 ⁵,
646 1901 1028 1971 ἀποφαίνεται,
1072 1903 1336 1972 γίνεσθε,
1371 1903 1392 1934 ⁸
1429 1901 1625 1969 καθὼς
1675 1903 1839 1971 κάγὼ

254 1991 539 2060 Χριστοῦ;
565 1990 752 2056 Οὕτως
783 1993 845 2046 οὐ
869 1993 962 2046 τδτ
994 1994 1171 2046 ποιεῖν
1199 1993 1236 2046 6.
1266 1992 1340 2063 μὴ
1367 1993 1559 2062 ἢθελεν
1609 1992 1841 2045 ὑπέθετο

252 2082 324 2135 τὰ
363 2082 761 2154 προειρημένα,
806 2083 943 2136 ἀλλά
983 2083 1080 2136 τὸθ
1111 2082 1272 2153 μόνον
1319 2082 1631 2151 λογίζεσθαι
1657 2099 1672 2114 ο
1723 2083 1846 2136 ἐπεὶ

254 2171 374 2234 πῶς
404 2171 470 2225 ἂν
497 2168 566 2244 ἦν
595 2171 838 2244 μιμητὴς
870 2171 1106 2244 Χριστοῦ
1132 2173 1394 2243 ἀκριϐής;

327 2262 508 2316 Καλὸν
566 2263 666 2334 μὲν
724 2262 818 2317 οὖν
852 2303 868 2329 ,
919 2265 969 2317 εί
1031 2263 1106 2334 μὴ
1170 2264 1388 2334 εἴχομεν
1419 2303 1435 2329 ,
1499 2259 1569 2336 ἦν
1626 2265 1692 2319 ἃν
1749 2265 1845 2319 καὶ

270 2354 681 2434 χαρμιώτατον,
740 2356 866 2420 τοὺς
922 2357 1384 2427 άντιπράσσοντας
1426 2358 1560 2427 ἡμῖν
1601 2358 1694 2412 καὶ
1738 2375 1844 2427 μα-

253 2446 522 2516 χομένους
560 2463 574 2477 ·
661 2448 784 2501 ἐπεὶ
834 2447 892 2500 δέ
944 2447 1105 2501 τοῦτο
1191 2445 1346 2519 [484
1399 2447 1518 2520 H.]
1581 2448 1843 2504 ἀδύνατον

252 2539 353 2593 καὶ
402 2538 433 2592 6
495 2539 721 2610 θέλομεν
773 2539 832 2593 οὐ
882 2539 1158 2610 δυνάμεθα
1223 2540 1498 2616 (θέλομεν
1577 2541 1686 2612 γὰρ
1764 2540 1839 2611 μὴ

256 2627 404 2697 ἔχειν
423 2628 550 2692 τοὺς
575 2628 894 2693 ἐξέλκοντας
924 2630 1006 2692 είς
1035 2629 1184 2699 πάθη
1201 2647 1214 2661 ο
1239 2625 1306 2698 ἦν
1329 2631 1438 2700 γὰρ
1457 2629 1523 2684 ἂν
1539 2633 1559 2664 ⁹
1588 2631 1842 2702 ἀνιδρωτὶ

256 2719 540 2787 σωθῆναι·
573 2719 670 2774 καὶ
719 2719 749 2773 6
800 2720 1026 2790 θέλομεν
1085 2721 1245 2774 τοῦτο
1287 2722 1349 2774 οὐ
1401 2722 1630 2790 γίνεται,
1683 2723 1844 2776 ἀλλ’δ

251 2809 315 2862 οὐ
345 2809 574 2879 θέλομεν
593 2825 606 2840 ο
642 2811 726 2865 δεῖ
763 2809 874 2882 γὰρ
928 2813 1076 2882 ἡμᾶς
1103 2811 1498 2880 δοκιμάζεσθαι
1521 2813 1596 2875 ὡς
1627 2813 1842 2884 ἐχρῆν),

255 2898 334 2970 μὴ
355 2898 672 2970 ἐνδιδῶμεν,
696 2894 741 2954 ὦ
764 2900 933 2971 ψυχὴ.
965 2901 1040 2971 μὴ
1063 2901 1356 2972 ὲνδιδῶμεν
1379 2903 1423 2934 ¹⁰
1443 2901 1573 2971 tif)“
1599 2903 1841 2972 πονηρῷ,

265 2989 420 3044 Ἀλλ’
457 2991 928 3060 ἀναλαϐόντεςη
961 2993 1077 3061 τὴν
1131 2993 1483 3047 πανοπλίαν
1548 2995 1658 3048 τοῦ
1695 2995 1843 3048 Θεοῦ

252 3079 790 3148 ὐπερασπίζουσαν
838 3079 1030 3151 ἡμῶν,
1061 3083 1446 3152 ἐνδυσώμεθα
1467 3083 1576 3138 τὸν
1612 3084 1844 3154 θώρακα

249 3171 365 3243 τῆς
399 3175 814 3242 δικαιοσύνης,
872 3174 971 3228 καί
998 3171 1438 3242 ὐποδησώμεθα
1462 3174 1506 3205 ¹³
1551 3173 1694 3240 τοὺς
1723 3175 1835 3228 πό-

1934 714 2100 770 dienti
2134 727 2306 769 ausus
2338 710 2560 774 dixerit,
2597 706 2753 778 quasi
2789 706 2982 760 doceat
3021 701 3333 772 Apostolus,
3368 698 3511 768 quod

1937 821 2044 860 non
2069 805 2240 860 solum
2263 799 2646 857 ratiocinando
2686 796 2886 852 malum
2937 795 3242 854 oderimus,
3283 799 3336 845 et
3366 789 3510 857 quod

1935 896 2219 960 nolumus,
2250 892 2548 955 faciamus;
2585 888 2680 944 sed
2728 888 2892 942 etiam
2938 885 2990 938 in
3027 883 3303 952 operando
3347 880 3398 932 id
3432 879 3516 946 ip-

1935 1000 2077 1050 sum,
2099 999 2165 1038 eo
2194 983 2340 1052 quod
2371 981 2516 1036 dicat
2548 997 2563 1033 :
2615 975 2740 1031 Non
2772 974 2911 1046 quod
2956 973 3072 1027 volo
3097 970 3234 1040 facio
3267 969 3458 1023 bonum
3489 981 3508 1020 :

1935 1076 2024 1131 sed
2056 1075 2194 1144 quod
2228 1071 2348 1126 nolo
2371 1069 2590 1135 malum,
2623 1068 2718 1121 hoc
2748 1066 2885 1134 [ario
2907 1063 3045 1128 '1,th
3080 1061 3202 1121 hoc,
3232 1059 3323 1126 qui
3358 1071 3507 1120 vere,

1937 1168 2008 1222 ita
2038 1163 2231 1234 295b
2261 1171 2321 1218 ut
2349 1160 2498 1224 dicit,
2546 1158 2733 1223 sentit,
2772 1155 3006 1225 petimus
3030 1150 3288 1222 explicari
3319 1186 3335 1213 ,
3379 1146 3510 1217 quid

1936 1259 2008 1314 sit
2034 1259 2160 1312 illud
2195 1255 2392 1309 malum
2427 1251 2570 1320 quod
2615 1247 2902 1318 Apostolus
2945 1245 3156 1307 oderat,
3196 1253 3252 1298 et
3294 1241 3514 1296 nolebat

1937 1349 2135 1403 facere.
2168 1343 2420 1400 Faciebat
2446 1353 2651 1406 autem,
2686 1350 2742 1394 et
2767 1340 2986 1402 bonum,
3020 1333 3163 1404 quod
3188 1331 3398 1387 volebat
3429 1330 3509 1382 fa-

1936 1455 2082 1504 cere,
2116 1449 2293 1492 tamen
2325 1450 2430 1490 non
2467 1431 2716 1496 faciebat;
2745 1430 2838 1484 sed
2865 1438 3052 1483 contra
3075 1426 3272 1494 potius,
3294 1422 3512 1492 quoties

1937 1531 2150 1587 volebat
2186 1531 2385 1586 bonum
2422 1527 2620 1590 facere,
2659 1523 2821 1577 toties
2854 1522 3078 1582 bonum,
3107 1516 3249 1586 quod
3280 1514 3510 1574 volebat,

1938 1637 2044 1676 non
2094 1619 2344 1683 faciebat,
2389 1615 2483 1669 sed
2530 1612 2750 1676 malum,
2795 1608 2939 1678 quod
2972 1605 3209 1670 nolebat,
3258 1599 3511 1656 faciebat.

1940 1707 2399 1780 Quemadmodum
2432 1721 2562 1760 vero
2594 1718 2691 1757 nos
2720 1714 2954 1771 quoque,
3007 1705 3065 1750 ut
3099 1702 3378 1766 peccatum
3415 1706 3510 1760 pe-

1941 1804 2085 1859 nitus
2135 1799 2454 1868 abjiciamus
2520 1795 2843 1850 adhortatur
2895 1807 2910 1843 :
2951 1789 3278 1849 Imitatores,
3319 1783 3514 1851 inquit,

1939 1897 2039 1950 mei
2069 1903 2251 1958 estote,
2274 1893 2407 1946 sicut
2437 1897 2488 1944 et
2514 1904 2606 1958 ego
2637 1884 2836 1942 Christi
2861 1894 2885 1923 ο
2937 1899 2950 1936 :
2992 1881 3066 1934 ita
3113 1893 3217 1932 non
3264 1872 3516 1930 faciendo

1944 2001 2063 2058 quae
2091 1985 2328 2047 nolebat,
2374 1979 2599 2049 subiicit
2647 1985 2773 2031 ante
2816 1974 2981 2029 dicta.
3019 1970 3127 2027 Sed
3155 1969 3329 2025 solum
3368 1963 3517 2036 cogi-

1947 2077 2110 2131 tando
2144 2073 2411 2146 quomodo
2437 2067 2640 2126 Christi
2672 2066 2893 2122 sedulus
2919 2065 3024 2120 erit
3067 2059 3341 2118 imitator?

2015 2252 2223 2306 Bonum
2255 2250 2440 2320 igitur,
2475 2247 2576 2302 nisi
2605 2247 2930 2302 haberemus
2961 2242 3144 2297 hostes
3173 2248 3227 2295 et
3264 2237 3521 2301 adversa-

1945 2344 2075 2406 rios,
2098 2351 2215 2395 erat
2237 2338 2716 2410 iucundissimum.
2751 2333 2858 2388 Sed
2891 2333 3016 2402 quia
3040 2332 3144 2386 hoc
3175 2328 3520 2395 eratimpos-

1945 2433 2118 2498 sibile,
2145 2440 2200 2484 et
2238 2444 2358 2500 qua:
2387 2429 2653 2490 volumus,
2689 2425 2982 2492 nequimus
3020 2439 3035 2476 :
3088 2419 3335 2475 nolumus
3375 2417 3518 2472 enim

1946 2522 2314 2585 adversarios,
2348 2521 2439 2590 qui
2488 2534 2588 2574 nos
2640 2520 2692 2572 in
2732 2515 2864 2570 vitia
2909 2513 3131 2568 trahant
3168 2509 3336 2581 (quod
3377 2517 3523 2564 esset

1944 2618 2062 2671 sine
2091 2617 2286 2670 sudore
2316 2611 2559 2682 salvari).
2596 2613 2661 2666 Et
2691 2611 2794 2664 hoc
2824 2609 2966 2676 quod
2996 2606 3267 2668 volumus,
3295 2617 3402 2657 non
3437 2601 3521 2663 ﬁt,

1944 2709 2036 2762 sed
2067 2709 2207 2777 quod
2239 2707 2506 2761 nolumus.
2533 2703 2836 2773 Oportebat
2865 2701 3010 2756 enim
3051 2713 3157 2777 nos
3183 2695 3425 2767 probari;
3456 2707 3524 2747 ne

1945 2800 2224 2864 dcdamus,
2273 2812 2307 2853 ο
2343 2797 2548 2860 anima,
2583 2809 2652 2848 ne
2685 2794 2945 2848 dedamus
2982 2805 3081 2844 nos
3110 2773 3163 2843 in
3193 2786 3335 2842 malo
3365 2803 3378 2838 :
3416 2783 3523 2839 Sed

1944 2891 2251 2958 accipientes
2275 2899 2604 2942 armaturam
2629 2885 2727 2939 Dei
2765 2893 3114 2954 protegentent
3153 2896 3267 2944 nos,
3318 2877 3524 2931 indua-

1943 2996 2064 3034 mur
2097 2980 2314 3033 loricam
2345 2975 2595 3047 justitiaz,
2627 2983 2674 3028 et
2713 2971 3001 3027 calceemus
3042 2966 3194 3038 pedes
3221 2967 3278 3020 in
3308 2981 3416 3034 pra:
3429 2980 3524 3032 pa-

1946 3071 2207 3127 rationem
2257 3067 2550 3137 Evangelii,
2605 3065 2661 3118 in
2714 3063 2955 3118 omnibus
3005 3074 3274 3115 sumamus
3319 3066 3525 3110 scutum

1943 3164 2092 3233 ﬁdei,
2129 3164 2184 3216 in
2215 3159 2316 3232 quo
2361 3159 2622 3230 possimus
2663 3155 2840 3211 omnia
2888 3153 2992 3206 tela
3038 3149 3339 3219 nequissimi
3373 3149 3526 3216 ignea

251 3240 366 3329 διὲξ
390 3240 790 3333 ἑνὲτοιμασίᾳ
839 3263 950 3318 τοῦ
992 3240 1387 3332 anm-satae,
1425 3263 1528 3316 ἐπὶ
1589 3264 1744 3319 πᾶσι
1779 3283 1837 3320 τε

1944 3255 2294 3323 exstinguere,
2328 3261 2374 3305 et
2407 3250 2611 3321 galeam
2658 3245 2873 3308 salutis,
2923 3253 2973 3298 et
3023 3242 3256 3311 gladium
3287 3240 3525 3306 spiritus,

249 3352 644 3422 ἀναλάϐωμεν
685 3355 792 3408 τὸν
833 3354 1052 3420 θυρεὸν
1090 3352 1203 3422 τῆς
1231 3354 1512 3420 πίστεως,
1559 3354 1630 3407 ἐν
1664 3349 1704 3426 ᾖ
1733 3356 1839 3410 δυ-

251 3444 562 3512 νησόμεθα
598 3444 796 3499 πάντα
824 3445 898 3498 τὰ
915 3445 1074 3513 βέλη
1114 3444 1226 3499 τοῦ
1251 3444 1523 3513 πονηροῦ
1558 3447 1630 3500 τὰ
1656 3462 1840 3502 πεπυ·

243 3533 487 3603 ρωμένα
548 3534 785 3601 σϐέσαι,
813 3535 941 3608 [916
969 3534 1064 3607 R.]
1095 3536 1192 3590 καί
1217 3538 1332 3604 τήν
1365 3540 1840 3606 περικεφαλαίαν

251 3625 361 3678 τοῦ
385 3626 684 3711 σωτηρίου
713 3626 813 3681 καί
837 3626 953 3695 τὴν
985 3627 1307 3695 μάχαιραν
1335 3626 1442 3680 τοῦ
1472 3629 1834 3697 πνεύματος,

253 3713 438 3770 ὅέστι
459 3715 622 3785 ῥῆμα
649 3717 816 3782 Θεοῦ,
842 3717 993 3785 πρὸς
1030 3717 1098 3770 τὸ
1122 3717 1417 3772 δύνασθαι
1440 3717 1661 3786 στῆναι
1687 3719 1838 3786 πρὸς

1939 3353 2078 3422 quod
2107 3359 2182 3404 est
2214 3346 2424 3400 verbum
2449 3344 2576 3409 Dei,
2610 3350 2667 3396 ut
2696 3341 2907 3409 possitis
2937 3347 3080 3391 stare
3112 3337 3358 3389 adversus
3391 3331 3526 3384 insi-

1939 3444 2058 3498 dias
2095 3439 2315 3503 diaboli,
2349 3434 2575 3491 consilia
2611 3434 2882 3487 destruere
2915 3429 2964 3495 ί,
2989 3439 3064 3500 ,ει
3098 3443 3302 3481 onmem
3337 3425 3523 3477 altitu-

1941 3535 2113 3587 dinem
2160 3529 2492 3584 extollentem
2540 3541 2594 3579 sc
2637 3531 2821 3577 contra
2862 3520 3137 3574 scientiam
3173 3514 3372 3570 Christi
3401 3515 3450 3564 ε.
3480 3541 3526 3552 -
3558 3550 3560 3552 τ

1947 3623 2210 3689 Quoniam
2244 3637 2348 3674 non
2377 3627 2452 3673 est
2502 3616 2646 3672 nobis
2687 3613 2998 3668 colluctatio
3042 3610 3291 3664 adversus
3315 3618 3526 3659 canent

1941 3728 1991 3774 et
2018 3717 2321 3786 sanguinem
2340 3714 2368 3754 ιι
2383 3753 2397 3768 .

252 3808 370 3876 τὴν
391 3808 708 3876 μεθοδείαν
744 3809 851 3863 τοῦ
879 3809 1182 3874 διαϐόλου,
1207 3811 1538 3879 λογισμούς
1561 3827 1624 3864 τε
1652 3809 1928 3864 καθελεῖν
1986 3808 2084 3864 καὶ
2108 3807 2231 3862 πᾶν
2288 3806 2509 3874 ὕψωμα
2559 3803 2955 3870 ἐπαιρόμενον
2985 3797 3149 3851 ’κατὰ
3197 3791 3307 3862 τῆς
3377 3788 3526 3861 γνώ-

253 3916 410 3967 σεως
428 3900 534 3954 τοῦ
558 3901 837 3967 Χριστοῦ.
855 3931 912 3940 -
948 3901 1078 3962 Ὅτι
1091 3902 1179 3970 μὴ
1209 3901 1383 3955 ἐστιν
1418 3901 1565 3970 ἡμῖν
1594 3902 1633 3970 ἠ
1657 3902 1823 3969 πάλη
1861 3900 2013 3971 πρὸς
2043 3895 2187 3968 αἷμα
2208 3897 2308 3952 καί
2339 3896 2538 3964 σάρκα

326 3993 412 4045 Οὐ
446 3990 554 4060 γὰρ
577 3990 623 4022 ⁸⁸
650 3989 682 4044 6
711 3989 864 4045 θέλω
902 3991 1176 4059 πράσσω,
1231 3991 1370 4046 ἀλλ’
1400 3991 1431 4046 6
1451 3991 1633 4062 μισῶ,
1662 3993 1841 4048 τοῦτο

255 4083 420 4139 ποιῶ.
443 4087 510 4139 El
531 4083 598 4137 δὲ
612 4085 654 4118 ¹⁵
672 4083 704 4138 ὃ
729 4084 902 4149 θέλω,
916 4084 1092 4138 τοῦτο
1106 4083 1275 4147 ποιῶ,
1293 4085 1568 4154 σύμφημι
1582 4084 1663 4150 τῷ
1680 4086 1842 4154 νόμῳ

253 4176 344 4230 ὅτι
396 4177 586 4241 καλός
614 4175 657 4207 ³⁸
688 4191 703 4206 ο
737 4175 878 4229 νυνὶ
921 4175 990 4228 δὲ
1017 4174 1216 4230 οὐκέτι
1263 4174 1378 4244 ἐγὼ
1418 4174 1840 4245 κατεργάζομαι

253 4267 423 4332 αὐτὸ,
483 4267 621 4322 ἀλλ’
654 4266 692 4335 ή
722 4265 979 4320 οἰκοῦσα
1006 4267 1048 4298 ’⁷
1081 4266 1153 4320 ἐν
1191 4266 1322 4335 ἐμοί
1368 4265 1645 4333 ἁμαρτία.
1697 4261 1841 4319 Οἶδα

254 4359 363 4426 γὰρ
393 4356 481 4410 ὅτι
511 4360 622 4410 οὐκ
648 4357 803 4411 obesi
822 4357 892 4410 ἐν
923 4357 1075 4426 ἐμοὶ,
1115 4355 1432 4411 τουτέστιν
1451 4356 1522 4409 ἐν
1551 4354 1626 4424 τῇ
1648 4358 1832 4424 σαρκί

249 4465 390 4518 μου,
436 4448 502 4501 τὸ
548 4449 792 4518 ἀγαθὸν,
836 4448 1018 4511 ὀπθῶς
1057 4448 1254 4515 λέγων.
1294 4446 1590 4517 Μέμνησοε
1616 4446 1724 4516 γὰρ
1753 4447 1830 4509 ὡς

255 4541 312 4590 ἐν
341 4540 456 4600 τοῖς
478 4537 790 4609 ἔμπροσθεν
818 4537 1200 4607 διωριζόμεθα,
1228 4529 1395 4606 ἀφ’οὗ
1426 4537 1517 4589 τὸν
1543 4535 1830 4604 ἄνθρωπον

2021 3990 2144 4045 Νοιι
2169 3991 2306 4044 enim
2337 3989 2476 4058 quod
2518 3985 2768 4051 volo,hoc
2814 3999 2950 4052 ago;
2981 3980 3070 4034 sed
3113 3978 3251 4048 quod
3296 3975 3402 4034 odi.
3433 3977 3529 4028 hoc

1945 4084 2110 4154 facio.
2137 4081 2197 4137 Si
2227 4090 2402 4134 autent
2428 4080 2564 4149 quod
2603 4077 2743 4134 nolo,
2769 4074 2904 4128 illud
2927 4072 3091 4140 facio.
3116 4069 3380 4123 consentio
3404 4066 3529 4137 legi,

1946 4175 2192 4245 quoniam
2237 4172 2371 4225 bona
2417 4180 2514 4224 est.
2573 4165 2731 4220 Nunc
2776 4175 2952 4219 autem
3001 4179 3104 4216 non
3153 4160 3380 4230 amplius
3435 4173 3529 4226 ego

1945 4281 2130 4333 eperor
2159 4262 2313 4326 illud,
2349 4261 2439 4316 secl
2468 4259 2604 4328 quod
2634 4257 2837 4310 habitat
2868 4257 2920 4310 in
2960 4271 3040 4308 me
3076 4261 3369 4322 peccatum.
3403 4248 3527 4303 Scio

1946 4357 2082 4411 enim
2115 4355 2242 4426 quia
2273 4370 2375 4408 non
2414 4351 2617 4405 habitat
2649 4351 2702 4403 in
2732 4365 2832 4411 me,
2862 4348 2958 4400 hoc
2987 4353 3062 4398 est
3105 4345 3159 4396 in
3197 4358 3352 4396 carne
3390 4356 3529 4413 nica,

1939 4446 2204 4508 bonumi,
2253 4451 2398 4498 recte
2435 4442 2624 4495 dicens
2673 4437 2855 4508 [divus
2911 4431 3158 4502 Paulus];
3207 4427 3529 4483 Meministis

1937 4537 2108 4601 enim,
2137 4520 2590 4604 quemadmodum
2620 4536 2778 4581 antea
2811 4540 2838 4577 a
2875 4523 3034 4578 nobis
3057 4523 3384 4592 explicatum
3418 4528 3522 4584 est,

255 4627 598 4698 πλανηθέντα
629 4629 728 4698 τὴν
765 4628 987 4698 ἐντολὴν
1028 4629 1291 4698 ἀθετῆσαι
1321 4626 1546 4698 συνέϐη,
1585 4626 1834 4680 ἐντεῦθεν

1944 4638 2224 4698 postquam
2247 4625 2445 4680 accidit
2477 4633 2534 4678 ut
2567 4625 2727 4676 homo
2759 4622 3014 4690 deceptus
3033 4623 3361 4686 praeceptum
3387 4627 3520 4664 con-

250 4719 316 4775 ὲκ
347 4719 450 4789 τῆς
478 4719 764 4790 παρακοῆς
786 4720 886 4790 τὴν
919 4720 1194 4790 ἁμαρτίαν
1220 4717 1490 4771 λαϐοῦσαν
1523 4718 1736 4786 γένεσιν
1757 4720 1837 4782 εἰς

251 4810 414 4862 αὐτὸν
452 4810 835 4880 είσῳκηκέναι.
879 4809 1036 4864 Οὕτω
1057 4810 1167 4878 γὰρ
1197 4810 1385 4872 στάσις
1417 4809 1666 4872 ἐνέπεσε,
1700 4825 1837 4874 σφα-

249 4900 478 4971 δασμῶν
509 4901 553 4933 ¹⁶
579 4918 638 4954 τε
665 4901 760 4954 καὶ
790 4901 1068 4972 λογισμῶν
1096 4900 1380 4954 ἀνοικείων
1411 4898 1833 4970 ἐπληρώθημεν,

250 4989 583 5053 κενωθέντες
612 4991 714 5060 μὲν
745 4990 839 5045 τοῦ
869 4991 1265 5062 ἐμφυσήματος
1317 4987 1411 5042 τοῦ
1478 4987 1636 5055 Θεοῦ,
1697 4989 1838 5060 πλη-

320 5101 350 5140 d
377 5101 536 5154 Rom.
571 5116 670 5170 vn,
713 5103 799 5169 19,
838 5103 928 5160 20.

1945 4727 2236 4778 temneret,
2283 4717 2351 4770 ab
2391 4715 2482 4769 illo
2515 4724 2757 4783 tempore
2823 4719 3125 4782 peccatum,
3175 4713 3396 4775 propter
3448 4702 3530 4754 ἱις-

1943 4807 2336 4871 obedientiam,
2359 4807 2625 4874 originem
2660 4803 2872 4873 accepit
2904 4801 2958 4856 in
2991 4798 3207 4853 homine
3231 4793 3528 4848 habitandi.

1946 4894 2003 4952 In
2037 4895 2185 4949 hunc
2231 4893 2613 4951 euitn.statum
2651 4906 2738 4946 res
2772 4888 2982 4944 incidit.
3031 4882 3311 4941 Erumnis
3354 4879 3531 4933 anxiis

1944 4997 2001 5042 et
2037 4986 2460 5058 cogitationibus
2503 4982 2835 5054 importunis
2863 4980 3135 5051 oppressi,
3191 4975 3282 5029 Dei
3331 4972 3526 5042 spiritu

1007 5114 1030 5142 ο
1064 5102 1078 5156 l
1108 5101 1234 5157 Cor.
1270 5117 1344 5166 ιι,
1373 5103 1422 5156 1.
1502 5100 1522 5141 ι
1552 5102 1752 5172 Ephes.
1785 5114 1836 5154 Vl

1944 5102 2080 5157 l-l'l.
2162 5102 2250 5156 ειι
2283 5101 2411 5157 Cor.
2443 5116 2502 5164 ι,
2557 5099 2611 5153 5.
2701 5097 2730 5138 ιι
2767 5096 2964 5165 Ephes.
3008 5109 3084 5159 νι,
3138 5090 3226 5144 12.
3311 5089 3325 5128 ί
3367 5085 3528 5138 Rom-

1548 5289 1785 5346 ν’Αῆῐῶ
1859 5282 2263 5344 LECTIONES.

251 5186 352 5237 vn,
407 5171 601 5226 15-18.

252 5496 274 5528 ³
313 5426 363 5459 ⁸⁷
390 5424 538 5548 λογὲ
567 5426 608 5482 ll
641 5426 768 5482 Cor.
805 5442 859 5492 ι,
883 5426 936 5481 5.
1011 5424 1058 5458 ⁸⁸
1081 5427 1108 5478 ὁ
1156 5427 1245 5479 όσε
1274 5441 1384 5482 om.
1411 5426 1518 5481 AB.
1596 5427 1640 5459 ⁹⁹
1669 5427 1982 5498 πράττομεν
2008 5445 2068 5491 ς.

302 5495 477 5548 ἐποίει
542 5498 568 5548 ἐ
599 5513 710 5548 om.
739 5495 846 5548 AB.
928 5496 950 5528 ⁸
985 5443 1178 5548 tam.“
1212 5495 1340 5548 Cor.
1379 5513 1456 5548 χι.
1491 5497 1543 5548 1.
1637 5497 1658 5528 ³
1690 5514 1790 5548 μου
1820 5513 1932 5548 om.
1967 5513 2049 5548 nr.

302 5495 477 5565 ἐποίει
510 5495 568 5549 δὲ
599 5513 710 5550 om.
739 5495 846 5549 AB.
928 5496 950 5528 ⁸
985 5495 1178 5565 μιμ.]1
1212 5495 1340 5565 Cor.
1379 5513 1456 5560 xl,
1491 5497 1543 5549 1.

252 5564 331 5632 τῷ
370 5582 434 5629 ς.
544 5568 564 5599 ³
601 5566 668 5620 ἂν
696 5567 820 5620 add.
851 5566 916 5620 A.

255 5631 309 5705 ff,
330 5634 724 5705 ὑποδυσιὶψεθα
755 5652 819 5705 ς’.-
912 5636 954 5668 ⁸⁸
973 5635 1035 5688 οὐ
1073 5651 1183 5705 γαρ
1201 5631 1255 5702 6]
1286 5631 1336 5686 εί
1357 5651 1391 5701 γ

255 5703 296 5736 ⁸⁷
328 5702 983 5775 οἱκοῦσαῖἐνοικοῦσαἏ.
1057 5708 1101 5739 ιδ
1135 5702 1486 5775 σφαδαῖσμῶν
1513 5705 1579 5760 Α.

1637 5497 1658 5528 ³
1689 5497 1790 5565 μου
1820 5513 1932 5552 om.
1967 5513 2049 5567 pr.
2083 5497 2146 5550 A.

1028 5566 1070 5598 ιθ
1103 5564 1438 5641 ἔνδιδξομένῳ
1463 5565 1611 5641 ψμχῆ
1640 5564 1738 5641 μὲν
1769 5567 1891 5641 ἐνδζ
1910 5564 1971 5622 Α.

1393 5584 1612 5687 Ϊψυχη
1640 5584 1738 5641 μεν
1769 5584 1872 5620 svo.
1910 5584 1971 5622 Α.
2090 5584 2129 5600 ⁸·
2159 5588 2236 5640 τῳ
2294 5584 2338 5622 :1
2381 5587 2394 5622 :
2422 5584 2480 5620 εν
2503 5584 2583 5637 τῳ
2601 5584 2661 5629 ς.
2751 5584 3078 5643 ’ζαναιιαωι
3108 5584 3303 5624 “pnus.
3337 5584 3406 5614 η,
3445 5584 3528 5618 ευ,

1421 5652 1464 5715 ρ
1493 5635 1541 5715 ὃ.
1559 5653 1621 5688 ου
1646 5637 1704 5691 Β.
1759 5638 1829 5694 cf.
1857 5636 2012 5695 Rom.
2047 5654 2141 5707 vn,
2168 5640 2256 5695 15.
2347 5640 2389 5672 ιθ
2431 5641 2477 5692 εί
2509 5637 2565 5690 δὲ
2593 5667 2662 5679 ——
2694 5648 2836 5687 ποιω
2863 5646 2973 5686 om.
3005 5627 3113 5682 AB.
3194 5625 3238 5658 ⁸⁸
3266 5621 3431 5676 καλόν
3463 5619 3528 5675 Α.

2150 5426 2166 5457 ¹
2199 5425 2522 5506 ἀξιῶσωμέν
2559 5443 2621 5491 ς.
2653 5421 2868 5506 άληθῶς
2902 5438 2963 5485 ς.
3093 5411 3532 5506 vigeat-73961;.

2223 5482 2521 5567 ὸ’γίνεσθαι
2689 5495 2709 5524 "
2731 5482 2792 5567 ’ἑο
2815 5482 2967 5567 αἰεί-ι
3005 5483 3251 5567 libri‘tt‘p.
3327 5485 3348 5513 ⁸
3381 5482 3530 5567 reo-:3.

2089 5567 2129 5600 ¹¹
2159 5569 2236 5640 τῷ
2285 5551 2352 5622 Ἀ*
2381 5587 2394 5622 :
2422 5569 2480 5620 ἐν
2503 5551 2583 5640 τῷ
2601 5583 2661 5629 ς.
2750 5551 3303 5640 ’ζὰιῖαλαᾷλίςρῇρθ
3333 5567 3406 5640 ει]
