3964 6246
483 251 616 319 1119

1629 256 1892 318 PHOTII
1927 254 2431 316 PATRIARCHJ‘}
2469 255 2576 316 CP.

3603 251 3741 315 1120

480 363 626 417 exuti
675 376 882 426 sumus,
931 372 987 418 et
1037 363 1232 436 296a
1279 363 1546 433 corporali
1599 367 2054 434 concupiscientia

2181 363 2424 426 κοθέντες
2462 364 2520 416 δέ
2573 362 2867 435 ἐπιθυμίας
2929 365 3120 437 ὑλικῆς
3144 368 3270 438 ,ἧῆν
3329 366 3360 420 6
3402 362 3742 436 πολύτροπος

483 452 710 522 impleti,
743 467 904 521 quam
945 453 1173 508 callidus
1201 455 1355 509 nobis
1383 470 1608 523 serpens
1646 455 1889 508 immisit.
1920 455 2054 510 lliuc

487 543 628 597 Deus
668 552 918 606 mortem,
952 559 1057 612 qna
1102 545 1309 597 deleret
1353 546 1403 598 in
1443 547 1597 600 nobis
1621 556 1922 613 peccatum,
1953 562 2055 601 ex-

483 633 763 700 cogitavit,
792 642 848 685 ut
891 647 956 686 ne
992 633 1042 686 in
1075 634 1248 698 nobis,
1291 635 1334 689 si
1381 636 1716 690 immortales
1763 637 2057 691 mansisse-

488 737 626 783 mus,
655 721 817 774 etiam
859 723 1298 791 concupiscentia
1344 740 1555 794 semper
1600 725 1926 792 repnllulans
1955 726 2057 779 imo

487 811 730 863 mortalis
763 821 927 866 esset.
983 811 1131 867 Unde
1170 814 1458 882 Apostolus
1497 832 1510 866 :
1567 812 1686 867 Scio
1731 815 1869 866 enim
1915 814 2054 882 quod

487 917 589 953 non
635 903 832 956 habitet
866 903 918 956 in
958 919 1062 967 me,
1109 905 1205 957 hoc
1253 914 1350 968 est,
1387 904 1441 957 in
1471 921 1629 958 carne
1663 921 1801 968 mea,
1836 906 2056 970 bonum;

488 988 629 1055 Quod
661 1005 781 1042 cum
809 991 961 1057 dicit,
1009 991 1119 1044 vult
1157 991 1435 1046 declarare
1475 1003 1752 1061 peccatum
1792 993 1843 1046 in
1878 993 2055 1056 nobis,

489 1091 610 1147 post
645 1083 1168 1150 praevaricationem,
1205 1099 1300 1151 per
1339 1085 1836 1154 concupiscentiam
1880 1085 2060 1137 nidili-

489 1189 661 1238 casse,
693 1176 847 1240 cujus
881 1175 1028 1230 velut
1071 1191 1207 1230 nova
1244 1177 1512 1247 germina,
1546 1177 1907 1244 cogitationes
1937 1192 2061 1228 car-

490 1281 614 1320 nem
669 1267 946 1322 titillantes
997 1268 1050 1322 in
1102 1269 1259 1323 nobis
1298 1284 1513 1338 semper
1573 1269 1900 1322 excitantur.
1948 1267 2062 1322 Duo

490 1354 635 1407 enim
666 1356 1053 1425 cogitationum
1075 1373 1271 1427 genera
1292 1356 1582 1420 exsistunt,
1611 1357 1837 1411 alterum
1865 1372 1894 1409 a
1930 1372 2062 1411 con-

492 1447 866 1515 cupiscientia,
898 1464 957 1503 se
1005 1450 1054 1502 iu
1089 1464 1285 1518 corpus
1317 1458 1564 1503 nostrum
1610 1450 1938 1511 insinuante,
1971 1467 2067 1503 na-

496 1546 627 1603 tum,
662 1539 801 1607 quod
845 1555 909 1594 ex
959 1556 1141 1603 sensu,
1168 1551 1226 1594 ut
1255 1540 1388 1606 dixi,
1420 1556 1513 1595 seu
1557 1541 1905 1610 cogitatione,
1939 1556 2062 1595 cor-

2156 453 2485 523 ἐνεφύσησεν
2544 455 2623 516 είς
2680 455 2826 524 ἡμᾶς
2889 455 3037 523 ὄφις.
3073 455 3165 508 Διὸ
3198 457 3300 508 καὶο
3323 456 3413 508 τὸν
3459 455 3691 508 θάνατον
3717 453 3746 504 6

2154 546 2286 609 Θεὸς
2306 545 2441 616 πρὸς
2471 544 2748 615 ἀναίρεσιν
2773 545 2874 615 τῆς
2908 547 3182 616 ἁμαρτίας
3209 547 3350 615 ὑπὲρ
3381 544 3544 615 ἡμῶν
3585 543 3749 596 ἀνεύο

2158 655 2311 709 ρατο,
2340 637 2426 690 ἵνα
2450 639 2526 708 μὴ
2553 638 2610 690 ἐν
2623 637 2910 701 ἀθανάταις
2938 640 3070 708 ἡμῖν
3092 639 3443 701 ἀνατείλασα,
3475 637 3552 699 ὡς
3583 635 3743 702 ἔφην.

2157 727 2423 789 ἀθάνατος
2531 727 2694 780 Ὅθεν
2721 729 2749 781 6
2790 727 3136 793 Ἀπόστολος,
3173 724 3318 782 Οἶδα
3347 728 3458 796 γὰρ
3509 725 3599 778 ὅτι
3633 724 3748 777 οὐκ

2159 816 2316 870 οἰκεῖ
2355 817 2426 870 ἐν
2463 815 2613 886 ἐμοὶ,
2673 817 2988 872 τουτέστιν
3039 818 3110 872 ἐν
3143 817 3218 886 τῇ
3269 817 3452 885 σαρκί
3491 833 3636 885 μου,
3682 813 3747 866 τὸ

2158 908 2404 976 ἀγαθὸν,
2439 909 2617 976 λέγων
2661 907 2759 978 τὴν
2819 908 2926 962 ἀπὸ
2972 909 3070 980 τῆς
3099 907 3464 976 παραϐάσεως
3505 905 3596 957 διὰ
3646 902 3747 972 τῆς

2159 997 2448 1066 ἐπιθυμίας
2499 996 2918 1050 εἰσοικισθεῖσαν
2983 999 3062 1060 εἱς
3091 998 3239 1066 ἡμᾶς
3299 993 3574 1064 ἁμαρτίαν
3608 990 3736 1057 βού-

2160 1091 2312 1142 λεται
2359 1088 2603 1158 μηνύειν,
2630 1084 2697 1160 ἦς
2737 1086 2802 1158 δὴ
2827 1086 3080 1157 καθάπερ
3109 1086 3470 1155 βλαστήματα
3494 1084 3538 1115 ¹⁹
3559 1085 3657 1135 νέα
3697 1084 3746 1136 oi

2164 1177 2435 1248 φιλήδονοι
2473 1178 2599 1247 περὶ
2625 1178 2774 1248 ἡμᾶς
2804 1177 2892 1230 ἀεὶ
2925 1177 3179 1247 λογισμοὶ
3205 1173 3576 1228 συνίστανται.
3623 1174 3751 1225 Δισ-

2166 1271 2234 1325 σά
2273 1269 2384 1340 γάρ
2425 1269 2484 1322 ἐν
2522 1271 2654 1338 ἡμῖν
2679 1268 2955 1340 λογισμῶν
2976 1268 3131 1338 γένη,
3163 1267 3223 1320 τὺ
3251 1267 3349 1336 μὲν
3372 1265 3479 1319 ἀπὸ
3501 1266 3604 1332 τῆς
3631 1265 3752 1315 ἐπι-

2167 1363 2368 1433 θυμίας
2392 1363 2490 1432 τῆς
2512 1359 2939 1430 ἐμφωλευούσης
2973 1361 3031 1413 ἐν
3049 1359 3130 1429 τῷ
3161 1358 3374 1429 σώματι
3413 1355 3751 1424 συνιστάμε-

2167 1471 2277 1518 νον,
2295 1455 2419 1524 ἥτις
2440 1453 2498 1519 ἐξ
2525 1451 2766 1515 ἐπινοίας
2785 1453 2830 1484 ’⁸
2865 1450 2960 1519 (ὡς
2993 1449 3149 1522 ἔφην)
3171 1449 3402 1519 συνέστη
3429 1445 3524 1500 τοῦ
3563 1445 3753 1499 ὑλικοῦ

2170 1543 2502 1613 πνεύματος,
2536 1543 2598 1596 τδ
2632 1543 2690 1596 δὲ
2715 1541 2824 1596 ἀπδ
2875 1539 2970 1594 τοῦ
3001 1541 3166 1612 νόμου
3188 1539 3282 1593 τοῦ
3305 1541 3449 1593 κατά
3475 1536 3578 1607 τὴν
3605 1539 3757 1588 ἐντοο

495 1629 693 1697 poralis
726 1631 948 1700 spiritus
973 1643 1204 1697 constat;
1234 1633 1462 1688 alterum
1488 1643 1670 1688 autem
1694 1650 1721 1686 a
1757 1635 1874 1703 lege
1901 1635 2064 1687 diviui

2181 1636 2291 1707 λὴν,
2324 1634 2382 1688 ὃν
2407 1634 2644 1705 ἔμφυτον
2695 1632 2962 1702 ἐλάϐομεν
2996 1631 3142 1702 ἔχειν
3181 1630 3276 1683 καὶ
3303 1628 3535 1698 φυσικὸν
3566 1628 3757 1696 νόμον,

493 1723 746 1791 przccepti
804 1722 1179 1797 [profectum],
1223 1741 1381 1793 quam
1431 1727 1505 1779 uti
1556 1702 1852 1780 naturalem
1896 1727 2066 1795 legem

2181 1702 2309 1800 πρὸς
2333 1728 2394 1781 τὸ
2423 1702 2584 1780 καλὸν
2617 1727 2774 1796 ἡμῶν
2802 1726 3148 1796 ἐξεγείροντα
3170 1723 3262 1776 τὸν
3282 1720 3564 1791 λογισμόν.
3593 1718 3759 1772 Ὅθεν

496 1829 524 1864 a
563 1812 670 1868 Deo
699 1815 913 1870 insitam
954 1817 1285 1884 accepimus,
1328 1832 1446 1884 quae
1469 1829 1701 1870 mentem
1739 1828 1976 1871 nostram
2003 1819 2070 1872 ad

495 1904 746 1957 virtutem
819 1906 1042 1970 excitat.
1100 1907 1253 1962 Unde
1315 1909 1755 1962 contleleclamur
1813 1909 1956 1978 legi,
2018 1910 2070 1963 in

497 1996 702 2064 animo,
731 1997 830 2053 hoc
862 2000 1006 2054 enim
1036 2000 1261 2055 interior
1299 2000 1460 2056 homo
1497 2012 1599 2057 est.
1630 2001 1756 2070 Legi
1793 2019 1922 2058 vero
1955 2003 2073 2057 dia-

497 2087 605 2142 boli
667 2087 1149 2164 [condelectamur]
1208 2096 1502 2148 secundum
1561 2096 1949 2150 iultabitantem
2019 2095 2073 2150 in

499 2196 668 2236 carne
716 2185 1235 2252 concupiscentiam.
1287 2185 1542 2241 Diabolus
1586 2191 1753 2252 enim,
1788 2189 1879 2258 qui
1914 2204 2076 2259 repu-

499 2283 650 2338 gnat,
695 2285 750 2330 et
788 2285 1062 2346 oppugnat
1089 2277 1257 2348 legem
1299 2279 1390 2334 Dei
1421 2281 1574 2348 quasi
1601 2281 1860 2351 impetum
1895 2297 2078 2352 quem-

500 2365 621 2417 dam
654 2366 850 2421 mentis
883 2368 947 2420 ad
980 2367 1216 2433 bonum;
1256 2369 1342 2422 hic
1391 2380 1474 2424 est
1513 2370 1602 2439 qui
1638 2385 1832 2426 sensus
1859 2381 2077 2427 nostros

498 2457 813 2524 corporales
847 2467 901 2512 et
937 2459 1162 2513 vitiosos
1190 2475 1404 2530 semper
1447 2460 1676 2530 impellit
1707 2463 1774 2516 ad
1822 2461 2077 2532 impieta-

501 2557 630 2600 tem.
675 2545 811 2602 Tres
847 2550 989 2602 enim
1025 2549 1226 2603 Paulus
1268 2549 1358 2603 hic
1412 2549 1701 2606 manifeste
1748 2552 1881 2605 mihi
1932 2551 2079 2622 luges

501 2637 776 2706 explicare
816 2637 1068 2692 videtur:
1104 2653 1262 2691 uuam
1298 2640 1593 2693 secundmn
1633 2641 1854 2694 insitum
1893 2641 1946 2695 in
1981 2657 2079 2695 no-

503 2728 586 2783 bis
633 2729 855 2790 bonum,
888 2744 1047 2798 quam
1105 2741 1292 2798 aperte
1345 2729 1557 2784 vocavit
1606 2729 1776 2802 legem
1831 2731 2076 2786 mentis:

503 2819 750 2886 alteram,
789 2836 908 2888 qua:
947 2821 1006 2874 fit
1048 2835 1116 2874 ex
1145 2819 1338 2874 diaboli
1387 2821 1586 2890 impetu
1630 2836 1722 2875 seu
1757 2824 2079 2887 tentatione,

500 2927 623 2968 cum
652 2926 794 2982 sarpe
839 2913 904 2965 ad
940 2911 1233 2982 improbas
1255 2911 1489 2966 animam
1518 2911 1785 2982 pertrabit
1817 2911 2082 2982 imagina-

2171 1823 2238 1892 τῇ
2269 1821 2367 1892 μέν
2391 1817 2685 1891 νομοθεσίᾳ
2713 1816 2808 1870 τοῦ
2831 1814 2968 1869 Θεοῦ
2997 1815 3137 1869 κατά
3167 1814 3259 1868 τὸν
3291 1812 3417 1866 νοῦν
3455 1811 3759 1881 συνηδόμε-

2175 1913 2242 1966 θα
2273 1911 2452 1984 (τοῦτο
2503 1911 2612 1982 γάρ
2642 1911 2671 1962 6
2699 1908 2805 1962 ἐσω
2855 1907 3198 1978 ἄνθρωπος),
3255 1907 3321 1976 τῇ
3364 1904 3422 1957 δὲ
3462 1901 3762 1974 νομοθεσία

2173 2006 2267 2060 τοῦ
2315 2004 2561 2058 διαϐόλου
2621 2002 2762 2056 κατά
2786 2000 2884 2068 τὴν
2917 1997 3236 2053 ἐνοικοῦσαν
3265 1995 3566 2065 ἐπιθυμίαν
3604 1995 3665 2046 ἐν
3694 1993 3759 2060 τῇ

2177 2096 2360 2169 σαρκί.
2417 2094 2477 2149 '0
2503 2093 2611 2163 γὰρ
2641 2090 3196 2159 ἀντιστρατευόμενος
3235 2088 3332 2143 καὶ
3370 2085 3761 2155 ἀντιπράσσων

2175 2188 2253 2258 τῷ
2273 2187 2424 2257 νόμῳ
2455 2183 2547 2238 τοῦ
2589 2183 2746 2246 Θεοῦ,
2778 2176 2888 2235 οἷον
2914 2184 2980 2252 τῇ
3003 2181 3140 2251 πρὸς
3167 2179 3231 2234 τὸ
3258 2176 3465 2246 ἀγαθὸν
3487 2177 3634 2247 ὁρμῇ
3664 2173 3760 2226 τοῦ

2175 2279 2314 2342 νοὸς,
2344 2276 2505 2341 αὑτός
2538 2277 2684 2329 ἐστιν
2712 2277 2740 2329 6
2772 2278 2901 2338 τοὺς
2927 2272 3200 2343 ἐμπαθεῖς
3229 2267 3490 2337 ἀναφύων
3536 2266 3625 2320 ἀεὶ
3668 2265 3764 2320 καὶ

2179 2369 2398 2432 ύλιχοὺς
2431 2365 2565 2439 πρὸς
2608 2365 2838 2435 ἀνομίαν
2879 2361 3321 2434 περισπασμούς.
3355 2361 3528 2429 Τρεῖς
3556 2359 3667 2429 γὰρ
3689 2356 3766 2409 νό-

2181 2477 2316 2531 μους
2369 2455 2759 2526 ὑποτιθέμενος
2807 2456 2836 2507 6
2887 2453 3099 2517 Παῦλος
3151 2450 3456 2520 ἀναφανδὸν
3526 2447 3764 2502 ἐνταῦθα

2183 2570 2271 2623 μοι
2293 2547 2704 2616 καταφαίνεται,
2735 2547 2833 2599 ἕνα
2859 2545 2958 2615 μὲν
2995 2543 3087 2598 τὸν
3102 2545 3145 2576 ’³
3200 2542 3338 2596 κατὰ
3355 2541 3416 2594 τὸ
3436 2541 3682 2610 ἔμφυτον
3708 2542 3764 2592 ἐν

2179 2643 2309 2713 ἡμῖν
2341 2638 2566 2709 ἀγαθὸν,
2598 2637 2658 2690 ὃν
2686 2637 2782 2690 καὶ
2826 2635 2990 2704 νόμον
3025 2633 3214 2704 σαφῶς
3241 2632 3468 2686 ἐκάλεσε
3490 2629 3632 2698 νοὸς,
3670 2630 3766 2683 ἕνα

2179 2733 2235 2785 δὲ
2249 2731 2338 2786 τὸν
2361 2733 2424 2784 ἐκ
2453 2728 2756 2800 προσϐολῆς
2787 2728 3174 2800 συνιστάμενον
3203 2726 3366 2798 νόμον
3398 2725 3495 2779 τοῦ
3525 2722 3766 2795 πονηροῦ

2181 2823 2278 2877 καὶ
2309 2823 2388 2887 είς
2425 2821 2525 2887 τὰς
2569 2821 2838 2892 ἐμπαθεῖς
2875 2819 3006 2892 [485
3035 2817 3129 2893 Η.]
3165 2819 3454 2885 ἐξέλκοντα
3502 2816 3770 2879 πολλάκις

2183 2917 2487 2989 φαντασίας
2510 2917 2609 2988 τὴν
2645 2915 2844 2986 ψυχὴν,
2873 2915 2932 2968 ὃν
2953 2911 3476 2985 ἀντιστρατεύεσθαι
3504 2910 3585 2982 τῷ
3619 2909 3771 2979 νόμῳ

506 3005 702 3069 tiones,
732 3021 893 3076 quam
947 3006 1024 3057 ait
1069 3018 1368 3074 repugnare
1419 3004 1519 3074 legi
1569 3007 1785 3060 mentis.
1843 3005 2078 3061 Tertiam

2185 3011 2278 3066 τοῦ
2298 3011 2416 3074 νοὸς
2460 3009 2587 3080 ἔφη.
2625 3010 2718 3062 καὶ
2751 3007 2934 3079 τρίτον
2972 3007 3065 3060 τὸν
3109 3006 3249 3060 κατὰ
3275 3006 3373 3076 τὴν
3403 3003 3686 3074 ἁμαρτίαν
3709 3004 3772 3054 ἐκ

504 3098 797 3150 secundum
828 3107 1104 3164 peccatum
1127 3112 1193 3150 ex
1218 3096 1657 3165 concupiscentia
1686 3095 2078 3152 inveterascet:-

509 3199 612 3240 tem
651 3187 705 3240 in
750 3202 936 3250 carne,
985 3203 1145 3257 quam
1181 3187 1354 3258 legem
1401 3188 1606 3257 peccati
1653 3187 1986 3242 habitantem
2027 3188 2082 3243 in

509 3279 771 3334 membris
795 3279 1108 3350 appellavit,
1155 3296 1261 3350 qua
1306 3282 1559 3335 inductus
1599 3278 1809 3353 [homo]
1843 3296 1983 3351 saepe
2016 3281 2085 3335 ad

505 3378 787 3438 peccatmn
833 3379 889 3424 et
926 3370 1199 3440 improbas
1234 3373 1474 3425 actiones
1516 3371 1805 3441 pellicitur.
1864 3370 2087 3425 Videtur

506 3462 648 3515 enim
677 3462 830 3530 quasi
863 3461 1017 3517 nobis
1050 3462 1181 3532 ipsis
1211 3479 1352 3517 nunc
1386 3462 1488 3516 hoc
1532 3463 1747 3528 melius,
1783 3478 1924 3517 nunc
1956 3462 2084 3515 illud

506 3554 781 3621 deterius;
837 3565 893 3610 et
954 3572 1078 3611 cum
1142 3554 1218 3620 id,
1254 3558 1395 3624 quod
1434 3557 1589 3610 nobis
1633 3558 1844 3611 videtur
1894 3565 2084 3609 natura

510 3646 724 3712 melius,
765 3646 1038 3702 deteriore
1070 3647 1160 3702 illo
1200 3647 1472 3718 potentius
1513 3646 1701 3712 fuerit,
1730 3647 1940 3701 animus
1973 3657 2087 3701 toto

510 3738 711 3808 impetu
751 3738 922 3792 fertur
951 3740 1004 3792 in
1031 3739 1503 3808 bonum;quamlo
1540 3754 1666 3792 vero
1691 3739 1740 3792 id
1767 3739 1907 3804 quod
1939 3739 2089 3793 dete-

507 3830 624 3884 rius
653 3839 757 3893 est,
793 3847 1016 3902 regnum
1050 3830 1344 3886 insolenter
1368 3829 1655 3896 alIectarit,
1687 3832 1848 3885 homo
1875 3845 2088 3885 rursum

511 3921 782 3973 contraria
835 3923 919 3974 via
966 3922 1018 3974 iu
1068 3921 1366 3976 deteriores
1411 3922 1770 3992 cogitationes
1817 3929 1874 3975 et
1910 3922 2090 3976 consi-

513 4015 580 4068 lia
615 4029 856 4083 praeceps
899 4015 1094 4086 agitur.
1128 4014 1426 4085 Eapmpter
1459 4015 1744 4085 Apostolus
1770 4016 1838 4070 ab
1861 4030 1926 4070 eo
1948 4016 2093 4069 velut

515 4115 686 4158 morte
725 4114 779 4158 et
808 4106 975 4159 exilio
1013 4107 1161 4176 cupit
1215 4107 1432 4160 liberari
1466 4105 1514 4171 i,
1551 4107 2004 4174 quemadmodum
2037 4116 2092 4159 et

515 4201 782 4271 Propheta
819 4221 833 4258 :
883 4204 963 4256 Ab
997 4203 1216 4257 occultis
1252 4205 1380 4258 meis
1438 4206 1636 4258 munda
1682 4219 1780 4267 me,
1846 4202 2088 4272 iuquitk.

517 4295 632 4362 Ipsa
683 4308 812 4362 ergo
850 4295 1017 4349 verba
1072 4294 1176 4349 hoc
1223 4293 1503 4348 declarant
1541 4292 1789 4362 Apostoli
1829 4292 2090 4347 dicentis:

2184 3103 2284 3174 τῆς
2312 3101 2604 3173 ἐπιθυμίας
2630 3101 2676 3133 ’³
2707 3097 3062 3170 σκιρώσαντα
3103 3100 3160 3151 ἐν
3192 3101 3257 3168 τῇ
3284 3096 3470 3168 σαρκὶ,
3497 3096 3558 3149 ὃν
3593 3095 3774 3164 ἀμαρ-

2184 3193 2304 3258 τίας
2351 3193 2514 3264 νόμον
2562 3191 2816 3246 οἰκοῦντα
2876 3193 2933 3245 ἐν
2983 3193 3098 3254 τοῖς
3150 3191 3368 3261 μέλεσιν
3408 3187 3696 3251 ἐκάλεσεν,
3730 3179 3775 3253 ᾧ

2187 3285 2554 3356 ἐποχούμενος
2585 3283 2846 3346 πολλάκις
2885 3282 3007 3337 καθ’
3042 3281 3200 3353 ἡμῶν
3233 3280 3609 3350 ἐγκελεύεται,
3640 3279 3776 3350 πρδς

2187 3378 2401 3432 ἀδικίαν
2421 3377 2514 3430 καὶ
2537 3377 2764 3448 πράξεις
2789 3374 3127 3429 συνελαύνων
3148 3374 3346 3436 κακὰς.
3379 3373 3638 3426 Φαίνεται
3669 3374 3776 3442 γὰρ

2186 3471 2262 3535 ὡς
2288 3472 2501 3533 ἑαυτοῖς
2521 3469 2727 3541 ἡμῖντὸ
2754 3469 2852 3540 μὲν
2870 3469 2915 3500 ’³
2943 3468 3174 3539 βέλτιον,
3201 3468 3261 3522 τὺ
3284 3467 3338 3521 δὲ
3363 3469 3548 3538 χεῖρον
3570 3465 3654 3528 ὃν,
3685 3465 3778 3518 καὶ

2188 3564 2314 3616 ὅταν
2351 3560 2520 3633 μέλλῃ
2542 3561 2602 3614 τὸ
2652 3560 2862 3631 βέλτιον
2929 3559 3090 3630 φύσει
3139 3559 3233 3613 τοῦ
3283 3558 3527 3630 χείρονος
3579 3559 3778 3626 ἐγκρα-

2189 3654 2449 3723 τέστερον
2497 3652 2812 3723 γενηθῆναι,
2847 3650 3072 3722 φέρεται
3097 3650 3216 3715 ὅλος
3248 3651 3385 3721 πρὸς
3411 3651 3472 3702 τὸ
3511 3648 3724 3717 ἀγαθὸν
3753 3649 3779 3701 ὁ

2191 3745 2338 3809 νοῦς,
2367 3746 2497 3799 ὅταν
2524 3744 2578 3798 δὲ
2609 3745 2671 3797 τὸ
2699 3746 2880 3814 χεῖρον
2907 3742 3170 3816 ἐπιϐρίσῃ
3222 3741 3552 3805 πλεονάσαν,
3585 3741 3779 3805 ἄγεται

2192 3839 2353 3892 πάλιν
2413 3836 2788 3909 ἀντιστρόφως
2809 3835 2946 3906 πρὸς
2985 3835 3280 3903 λογισμοὺς
3305 3835 3522 3905 χείρους
3548 3832 3598 3863 ’⁸
3632 3835 3662 3885 6
3688 3834 3780 3886 ἇν-

2192 3931 2429 4000 θρωπος⁹
2488 3923 2550 3983 οῦ
2583 3929 2648 4000 δὴ
2673 3927 2770 3983 καὶ
2815 3928 2974 4000 χάριν
2997 3929 3025 3980 6
3058 3926 3382 3989 Ἀπόστολος
3427 3925 3656 3995 εὔχεται
3687 3926 3782 3994 ρυ-

2195 4020 2410 4091 σθῆναι,
2452 4019 2683 4074 θάνατον
2705 4019 2958 4088 αύτὸικαὶ
2989 4017 3108 4071 ϐλεθ
3119 4034 3208 4089 ρον
3234 4016 3368 4088 ήγού
3379 4033 3567 4087 μενος,
3592 4014 3782 4084 ὥσπερ

2192 4112 2256 4183 δὴ
2278 4113 2372 4164 καὶ
2400 4114 2428 4164 6
2460 4111 2775 4182 Προφήτης·
2813 4110 2955 4166 Ἀπὸ
2977 4109 3099 4164 τῶν
3123 4109 3393 4178 κρυφίων
3405 4125 3526 4176 μου
3549 4106 3783 4174 καθάρι-

2198 4205 2316 4257 σόν
2331 4200 2801 4271 με,λέγων.Αὒτά
2816 4200 2908 4254 οῦν
2938 4201 3008 4254 τὰ
3032 4201 3255 4273 ῥήματα
3280 4198 3437 4252 τοῦτο
3463 4197 3780 4262 συνιστῶσι,

2197 4293 2319 4366 [917
2352 4291 2441 4365 8.]
2474 4292 2815 4362 Συνήδομαι
2853 4290 2964 4364 γάρ
2992 4290 3073 4357 τῷ
3096 4291 3259 4360 νόμῳ
3284 4290 3390 4344 τοῦ
3444 4288 3599 4343 Θεοῦ
3633 4290 3785 4341 κατὰ

513 4383 860 4439 Condelector
905 4385 1041 4437 enim
1075 4382 1176 4454 legi
1217 4383 1502 4438 secundum
1551 4381 1748 4454 296!)
1784 4383 2078 4436 interiorem

2199 4385 2306 4440 τὸν
2337 4385 2479 4450 ἔσω,
2503 4385 2774 4453 λέγοντος,
2828 4383 3168 4452 ἄνθρωπον,
3207 4380 3422 4448 βλέπω
3465 4379 3518 4433 δ’
3575 4380 3785 4448 ἕτερον

511 4477 801 4542 hominem;
836 4476 982 4530 video
1017 4485 1193 4530 autem
1233 4477 1395 4546 legem
1433 4477 1489 4530 in
1534 4478 1777 4530 membris
1813 4477 1940 4528 meis
1968 4491 2096 4528 con-

513 4569 854 4622 tradicentem
900 4568 1001 4638 legi
1038 4568 1223 4622 mentis
1263 4584 1414 4632 mete,
1448 4575 1497 4620 et
1532 4568 1880 4635 captivantem
1921 4581 2001 4618 me
2039 4566 2096 4618 in

515 4660 625 4728 lege
651 4660 874 4728 peccati,
904 4675 1023 4729 qua:
1064 4669 1139 4712 est
1192 4658 1247 4711 in
1299 4658 1542 4711 membris
1577 4658 1729 4711 meis.
1769 4654 1976 4726 Infelix
1998 4672 2091 4724 ego

514 4750 690 4817 homo,
725 4751 842 4820 quis
888 4766 968 4804 me
1014 4750 1252 4804 liberabit
1288 4749 1350 4802 de
1385 4765 1601 4819 corpore
1639 4749 1821 4802 mortis
1851 4749 2010 4818 hujus
2041 4746 2093 4800 1?

514 4839 633 4895 Non
665 4857 861 4910 corpus
906 4851 1132 4896 mortem
1187 4841 1495 4911 appellans,
1530 4841 1623 4894 sed
1663 4840 1836 4909 legem
1888 4838 2095 4908 peccati

518 4933 570 4985 iu
616 4932 878 4986 membris
907 4947 1004 5001 per
1029 4933 1529 5000 prtevaricationcm
1583 4931 1636 4984 in
1689 4930 1847 4984 nobis
1879 4930 2096 4983 latitan-

519 5037 648 5092 tem,
681 5037 734 5081 et
762 5040 980 5096 semper
1012 5027 1078 5080 ad
1113 5038 1338 5080 mortem
1371 5026 1577 5094 peccati
1609 5027 1843 5079 animam
1876 5024 2098 5078 trahen-

519 5127 651 5172 tem.
687 5117 884 5171 Statim
933 5132 1063 5187 ergo
1100 5118 1262 5172 infert
1303 5117 1514 5187 (utique
1558 5117 1839 5182 liberatus,
1872 5131 1901 5168 a
1947 5115 2094 5185 quali

521 5217 694 5264 morte
725 5210 941 5264 liberari
973 5212 1226 5280 cupiebat
1278 5229 1292 5265 :
1330 5212 1452 5280 quis
1492 5220 1673 5264 autem
1715 5208 1865 5264 illum
1896 5208 2098 5264 libera-

522 5301 652 5369 vit?)
689 5320 701 5356 :
735 5301 924 5357 Gratia
951 5301 1042 5355 Dei
1083 5317 1174 5370 per
1201 5299 1383 5355 Jesum
1427 5299 1696 5355 Christum
1728 5311 1790 5353 ω.
1826 5302 2035 5370 Itaque,
2068 5315 2102 5354 ο

2195 4479 2385 4547 νόμον
2400 4477 3015 4546 ἀντιστρατευόμενον
3028 4474 3150 4541 τοῖς
3165 4474 3385 4544 μέλεσί
3392 4491 3512 4543 μου
3529 4472 3613 4536 τῷ
3626 4474 3787 4540 νόμῳ

2196 4569 2302 4623 τοῦ
2330 4569 2616 4639 νοόςμου,
2635 4569 2734 4624 καὶ
2748 4566 3255 4637 αἰχμαλωτίζοντά
3278 4583 3354 4635 με
3379 4565 3459 4631 τῷ
3486 4565 3655 4633 νόμῳ
3681 4562 3787 4630 τῆς

2199 4661 2491 4730 ἁμαρτίας
2514 4658 2593 4724 τῷ
2611 4658 2738 4713 ὄντι
2760 4659 2830 4712 ἐν
2848 4657 2970 4724 τοῖς
2993 4656 3210 4728 μέλεσι
3231 4674 3370 4724 μου.
3398 4654 3789 4719 Ταλαίπωρος

2197 4750 2312 4821 ἐγὼ
2349 4750 2681 4819 ἅνθρωπος,
2737 4749 2831 4815 τίς
2857 4766 2934 4818 με
2987 4749 3243 4817 ῥύσεται
3275 4746 3343 4799 ἐκ
3372 4745 3482 4798 τοῦ
3509 4745 3790 4814 σώματος

2202 4841 2309 4896 τοῦ
2343 4840 2604 4898 θανάτου
2622 4841 2875 4904 τούτου;
2917 4839 2979 4892 ού
3011 4839 3072 4892 τὸ
3104 4839 3267 4908 σῶμα
3297 4837 3528 4890 θάνατον
3552 4837 3792 4902 ἀποφαι-

2201 4931 2450 5000 νόμενος,
2506 4929 2643 4983 ἀλλά
2695 4931 2789 4982 τὸν
2828 4928 2992 4999 νόμον
3020 4929 3119 4998 τῆς
3171 4926 3444 4998 ἁμαρτίας
3469 4927 3564 4979 τὸν
3594 4928 3651 4979 ἐν
3683 4927 3794 4986 τοῖς

2207 5022 2393 5090 μέλεσι
2433 5020 2522 5074 διά
2541 5022 2635 5090 τῆς
2662 5020 3029 5090 παραϐάσεως
3051 5023 3107 5072 ἐν
3123 5022 3254 5089 ἡμῖν
3273 5018 3670 5088 ἐμφωλεύοντα
3702 5016 3794 5069 καὶ

2203 5114 2338 5185 πρὸς
2363 5114 2589 5167 θάνατον
2619 5113 2707 5166 ἀεὶ
2731 5113 2821 5166 τὸν
2835 5113 2881 5145 ’⁸
2907 5116 3003 5182 τῆς
3029 5113 3242 5173 ἀδικίας
3259 5113 3355 5182 τὴν
3371 5110 3552 5181 ψυχὴν
3589 5112 3797 5180 ἐμφαν-

2205 5205 2458 5270 τάζοντα.
2491 5205 2774 5275 Ἐπιφέρει
2797 5203 2928 5274 γοῦν
2947 5204 3150 5267 εὐθέως
3181 5203 3398 5274 ἀμέλει,
3439 5200 3796 5270 διαλυόμενος

2206 5297 2390 5352 ὁποίου
2409 5297 2638 5372 θανάτου
2658 5295 3190 5368 ἐγλίχετο-ῥυσθῆναι
3208 5295 3302 5348 καὶ
3316 5293 3400 5357 τίς
3432 5291 3599 5347 αὐτὸν
3615 5293 3645 5346 6
3679 5290 3798 5361 ῥυό-

624 5425 638 5462 ι
682 5413 941 5482 Ruttmm,
974 5416 1066 5472 9.4.
1143 5418 1171 5457 κ
1206 5415 1348 5472 Psal.
1383 5432 1536 5478 xvnn,
1577 5417 1664 5471 15.
1748 5415 1954 5471 lRom.
1981 5415 2298 5482 "uia-24.
2381 5425 2417 5446 ’τ’
2447 5415 2604 5481 ibid.,
2633 5413 2725 5468 25.

1774 5509 2006 5566 VABIIE
2040 5508 2445 5565 LECTIONES.

615 5601 656 5686 .‘s’
681 5599 994 5686 ,βλάςξημρι
1039 5618 1101 5665 <-

1225 5603 1270 5636 ³ο
1302 5603 1585 5667 ἐπιπνοίας
1623 5603 1886 5674 Scaliger.

530 5667 644 5721 τόδε
677 5667 739 5726 Β.

815 5669 862 5702 ³⁸
886 5669 1134 5741 χείρονας
1164 5690 1225 5736 ς.
1302 5676 1346 5706 ³⁸
1385 5676 1478 5728 τὸν
1501 5676 1625 5730 add.
1647 5675 1711 5728 Α.

1989 5605 2032 5637 ²¹
2061 5601 2153 5657 τὸν
2207 5603 2332 5658 add.
2364 5600 2430 5656 A.

2538 5599 2583 5630 “
2613 5595 2932 5669 ἐπιθυμίας]
2968 5595 3238 5668 ἁμαρτίας
3268 5594 3377 5650 AB.
3474 5592 3521 5623 ’⁸
3561 5591 3626 5646 τὸ
3678 5566 3798 5662 μὲνῖ
