  <div class='ocr_page' id='page_1' title='image "/cluster/home/n/w/nwhite01/storage/ocr_20150623/103 pt.3/mdp.39015061933738/578.png"; bbox 0 0 3964 6246; ppageno 0'>
   <div class='ocr_carea' id='block_1_1' title="bbox 223 322 354 388">
    <p class='ocr_par' dir='ltr' id='par_1_1' title="bbox 223 322 354 388">
     <span class='ocr_line' id='line_1_1' title="bbox 223 322 354 388; baseline 0.015 -2"><span class='ocrx_word' id='word_1_1' title='bbox 223 322 354 388; x_wconf 75' lang='grc'><strong>1121</strong></span> 
     </span>
    </p>
   </div>
   <div class='ocr_carea' id='block_1_2' title="bbox 1209 313 2437 378">
    <p class='ocr_par' dir='ltr' id='par_1_2' title="bbox 1209 313 2437 378">
     <span class='ocr_line' id='line_1_2' title="bbox 1209 313 2437 378; baseline 0 -2"><span class='ocrx_word' id='word_1_2' title='bbox 1209 315 1740 378; x_wconf 84' lang='lat' dir='ltr'><strong>BIBLIOTHECA.</strong></span> <span class='ocrx_word' id='word_1_3' title='bbox 1777 338 1848 350; x_wconf 85' lang='lat'><strong>—</strong></span> <span class='ocrx_word' id='word_1_4' title='bbox 1885 313 2049 374; x_wconf 89' lang='lat' dir='ltr'><strong>COD.</strong></span> <span class='ocrx_word' id='word_1_5' title='bbox 2088 314 2437 378; x_wconf 83' lang='lat' dir='ltr'><strong>CCXXXIV.</strong></span> 
     </span>
    </p>
   </div>
   <div class='ocr_carea' id='block_1_3' title="bbox 3231 314 3461 379">
    <p class='ocr_par' dir='ltr' id='par_1_3' title="bbox 3231 314 3461 379">
     <span class='ocr_line' id='line_1_3' title="bbox 3231 314 3461 379; baseline -0.013 0"><span class='ocrx_word' id='word_1_6' title='bbox 3231 358 3239 366; x_wconf 88' lang='lat'><strong><em>-</em></strong></span> <span class='ocrx_word' id='word_1_7' title='bbox 3325 314 3461 379; x_wconf 67' lang='lat'><strong>1192</strong></span> 
     </span>
    </p>
   </div>
   <div class='ocr_carea' id='block_1_4' title="bbox 207 424 1776 502">
    <p class='ocr_par' dir='ltr' id='par_1_4' title="bbox 207 425 1776 502">
     <span class='ocr_line' id='line_1_4' title="bbox 207 425 1776 502; baseline -0.004 -16"><span class='ocrx_word' id='word_1_8' title='bbox 207 451 368 502; x_wconf 84' lang='grc' dir='ltr'>μενος</span> <span class='ocrx_word' id='word_1_9' title='bbox 393 425 462 502; x_wconf 72' lang='grc' dir='ltr'><strong>ἦν</strong></span> <span class='ocrx_word' id='word_1_10' title='bbox 491 430 562 493; x_wconf 73' lang='grc'><strong>’⁸,</strong></span> <span class='ocrx_word' id='word_1_11' title='bbox 585 427 770 497; x_wconf 80' lang='grc' dir='ltr'><strong>Χάρις</strong></span> <span class='ocrx_word' id='word_1_12' title='bbox 800 427 868 481; x_wconf 84' lang='grc' dir='ltr'>δὲ</span> <span class='ocrx_word' id='word_1_13' title='bbox 889 427 968 494; x_wconf 83' lang='grc' dir='ltr'><strong>τῷ</strong></span> <span class='ocrx_word' id='word_1_14' title='bbox 1001 428 1126 494; x_wconf 84' lang='grc' dir='ltr'><strong>Θεῷ</strong></span> <span class='ocrx_word' id='word_1_15' title='bbox 1140 427 1238 483; x_wconf 79' lang='grc' dir='ltr'>διὰ</span> <span class='ocrx_word' id='word_1_16' title='bbox 1277 429 1479 496; x_wconf 86' lang='grc' dir='ltr'><em>Ἰησοῦ</em></span> <span class='ocrx_word' id='word_1_17' title='bbox 1502 427 1776 495; x_wconf 80' lang='grc' dir='ltr'><strong>Χριστοῦ.</strong></span> 
     </span>
    </p>
   </div>
   <div class='ocr_carea' id='block_1_5' title="bbox 1884 424 3460 502">
    <p class='ocr_par' dir='ltr' id='par_1_5' title="bbox 1887 424 3460 497">
     <span class='ocr_line' id='line_1_5' title="bbox 1887 424 3460 497; baseline 0.001 -18"><span class='ocrx_word' id='word_1_18' title='bbox 1887 427 2222 497; x_wconf 78' lang='lat' dir='ltr'><strong>Aglaophon,</strong></span> <span class='ocrx_word' id='word_1_19' title='bbox 2263 424 2820 491; x_wconf 82' lang='lat' dir='ltr'><strong>animadvertemlum,</strong></span> <span class='ocrx_word' id='word_1_20' title='bbox 2867 425 2911 479; x_wconf 87' lang='lat' dir='ltr'><strong>si</strong></span> <span class='ocrx_word' id='word_1_21' title='bbox 2972 424 3074 480; x_wconf 92' lang='lat' dir='ltr'><strong>hoc</strong></span> <span class='ocrx_word' id='word_1_22' title='bbox 3125 440 3346 497; x_wconf 91' lang='lat' dir='ltr'><strong>corpus,</strong></span> <span class='ocrx_word' id='word_1_23' title='bbox 3404 436 3460 481; x_wconf 85' lang='lat' dir='ltr'><strong>ut</strong></span> 
     </span>
    </p>
   </div>
   <div class='ocr_carea' id='block_1_6' title="bbox 201 512 1782 594">
    <p class='ocr_par' dir='ltr' id='par_1_6' title="bbox 201 512 1782 594">
     <span class='ocr_line' id='line_1_6' title="bbox 201 512 1782 594; baseline -0.003 -18"><span class='ocrx_word' id='word_1_24' title='bbox 201 521 544 594; x_wconf 76' lang='grc' dir='ltr'>Προσεκτέον</span> <span class='ocrx_word' id='word_1_25' title='bbox 595 519 674 586; x_wconf 85' lang='grc' dir='ltr'><strong>δὲ,</strong></span> <span class='ocrx_word' id='word_1_26' title='bbox 725 519 845 572; x_wconf 79' lang='lat' dir='ltr'><strong>si&quot;</strong></span> <span class='ocrx_word' id='word_1_27' title='bbox 891 519 954 572; x_wconf 85' lang='grc' dir='ltr'><strong>τὸ</strong></span> <span class='ocrx_word' id='word_1_28' title='bbox 1011 520 1170 590; x_wconf 86' lang='grc' dir='ltr'>σῶμα</span> <span class='ocrx_word' id='word_1_29' title='bbox 1227 518 1459 573; x_wconf 88' lang='grc' dir='ltr'>θάνατον</span> <span class='ocrx_word' id='word_1_30' title='bbox 1506 518 1683 583; x_wconf 86' lang='grc' dir='ltr'>τοῦτο,</span> <span class='ocrx_word' id='word_1_31' title='bbox 1736 512 1782 572; x_wconf 79' lang='grc' dir='ltr'><strong>ὦ</strong></span> 
     </span>
    </p>
   </div>
   <div class='ocr_carea' id='block_1_7' title="bbox 215 609 1782 681">
    <p class='ocr_par' dir='ltr' id='par_1_7' title="bbox 215 609 1782 681">
     <span class='ocr_line' id='line_1_7' title="bbox 215 609 1782 681; baseline -0.001 -14"><span class='ocrx_word' id='word_1_32' title='bbox 215 611 551 681; x_wconf 77' lang='grc' dir='ltr'><strong>Ἀγλαοφῶν,</strong></span> <span class='ocrx_word' id='word_1_33' title='bbox 599 611 675 675; x_wconf 81' lang='grc' dir='ltr'>ὡς</span> <span class='ocrx_word' id='word_1_34' title='bbox 731 609 1111 681; x_wconf 76' lang='grc' dir='ltr'>ὑπειλήφατε,</span> <span class='ocrx_word' id='word_1_35' title='bbox 1157 611 1365 680; x_wconf 80' lang='grc' dir='ltr'>ἔλεγεν,</span> <span class='ocrx_word' id='word_1_36' title='bbox 1415 611 1516 665; x_wconf 83' lang='grc' dir='ltr'><strong>οὐκ</strong></span> <span class='ocrx_word' id='word_1_37' title='bbox 1576 611 1642 665; x_wconf 78' lang='grc' dir='ltr'>ἂν</span> <span class='ocrx_word' id='word_1_38' title='bbox 1688 611 1782 665; x_wconf 81' lang='grc' dir='ltr'>τὸν</span> 
     </span>
    </p>
   </div>
   <div class='ocr_carea' id='block_1_8' title="bbox 201 702 1780 776">
    <p class='ocr_par' dir='ltr' id='par_1_8' title="bbox 201 702 1780 776">
     <span class='ocr_line' id='line_1_8' title="bbox 201 702 1780 776; baseline -0.003 -17"><span class='ocrx_word' id='word_1_39' title='bbox 201 705 437 776; x_wconf 83' lang='grc' dir='ltr'>Χριστὸν</span> <span class='ocrx_word' id='word_1_40' title='bbox 461 704 536 767; x_wconf 78' lang='grc' dir='ltr'>ὠς</span> <span class='ocrx_word' id='word_1_41' title='bbox 567 703 833 775; x_wconf 79' lang='grc' dir='ltr'><strong>ῥυόμενον</strong></span> <span class='ocrx_word' id='word_1_42' title='bbox 862 703 1024 758; x_wconf 79' lang='grc' dir='ltr'>αὐτὸν</span> <span class='ocrx_word' id='word_1_43' title='bbox 1045 702 1272 775; x_wconf 78' lang='grc' dir='ltr'>ὕστερον</span> <span class='ocrx_word' id='word_1_44' title='bbox 1311 705 1376 756; x_wconf 92' lang='grc' dir='ltr'>ἐκ</span> <span class='ocrx_word' id='word_1_45' title='bbox 1398 702 1493 756; x_wconf 90' lang='grc' dir='ltr'>τοῦ</span> <span class='ocrx_word' id='word_1_46' title='bbox 1535 702 1780 756; x_wconf 88' lang='grc' dir='ltr'>τοιούτου</span> 
     </span>
    </p>
   </div>
   <div class='ocr_carea' id='block_1_9' title="bbox 201 793 1776 864">
    <p class='ocr_par' dir='ltr' id='par_1_9' title="bbox 201 793 1776 864">
     <span class='ocr_line' id='line_1_9' title="bbox 201 793 1776 864; baseline 0 -18"><span class='ocrx_word' id='word_1_47' title='bbox 201 793 372 846; x_wconf 85' lang='grc' dir='ltr'>κακοῦ</span> <span class='ocrx_word' id='word_1_48' title='bbox 421 793 866 863; x_wconf 80' lang='grc' dir='ltr'>παρελάμϐανεν,</span> <span class='ocrx_word' id='word_1_49' title='bbox 916 793 1040 847; x_wconf 77' lang='grc' dir='ltr'>ἐπεὶ</span> <span class='ocrx_word' id='word_1_50' title='bbox 1075 793 1128 846; x_wconf 90' lang='grc' dir='ltr'><strong>τί</strong></span> <span class='ocrx_word' id='word_1_51' title='bbox 1171 793 1476 864; x_wconf 80' lang='grc' dir='ltr'>παράδοξον</span> <span class='ocrx_word' id='word_1_52' title='bbox 1521 793 1629 846; x_wconf 82' lang='grc' dir='ltr'>ἀπὸ</span> <span class='ocrx_word' id='word_1_53' title='bbox 1683 793 1776 846; x_wconf 87' lang='grc' dir='ltr'><strong>τοῦ</strong></span> 
     </span>
    </p>
   </div>
   <div class='ocr_carea' id='block_1_10' title="bbox 198 883 1778 957">
    <p class='ocr_par' dir='ltr' id='par_1_10' title="bbox 198 883 1778 957">
     <span class='ocr_line' id='line_1_10' title="bbox 198 883 1778 957; baseline 0 -18"><span class='ocrx_word' id='word_1_54' title='bbox 198 883 438 956; x_wconf 78' lang='grc' dir='ltr'>Χριστοῦ</span> <span class='ocrx_word' id='word_1_55' title='bbox 497 885 799 955; x_wconf 77' lang='grc' dir='ltr'>παρουσίας</span> <span class='ocrx_word' id='word_1_56' title='bbox 847 886 1197 957; x_wconf 80' lang='grc' dir='ltr'>ἐσχήκαμεν;</span> <span class='ocrx_word' id='word_1_57' title='bbox 1259 885 1325 940; x_wconf 93' lang='grc' dir='ltr'>Τί</span> <span class='ocrx_word' id='word_1_58' title='bbox 1353 887 1409 940; x_wconf 85' lang='grc' dir='ltr'>δὲ</span> <span class='ocrx_word' id='word_1_59' title='bbox 1436 886 1530 939; x_wconf 76' lang='grc' dir='ltr'>καὶ</span> <span class='ocrx_word' id='word_1_60' title='bbox 1559 889 1587 940; x_wconf 90' lang='grc' dir='ltr'><strong>ό</strong></span> <span class='ocrx_word' id='word_1_61' title='bbox 1618 887 1778 940; x_wconf 82' lang='grc' dir='ltr'><strong>Ἀπό-</strong></span> 
     </span>
    </p>
   </div>
   <div class='ocr_carea' id='block_1_11' title="bbox 203 976 1775 1050">
    <p class='ocr_par' dir='ltr' id='par_1_11' title="bbox 203 976 1775 1050">
     <span class='ocr_line' id='line_1_11' title="bbox 203 976 1775 1050; baseline 0.001 -20"><span class='ocrx_word' id='word_1_62' title='bbox 203 979 390 1039; x_wconf 84' lang='grc' dir='ltr'>στολος</span> <span class='ocrx_word' id='word_1_63' title='bbox 442 976 600 1042; x_wconf 81' lang='grc' dir='ltr'>ὅλως,</span> <span class='ocrx_word' id='word_1_64' title='bbox 640 977 715 1040; x_wconf 84' lang='grc' dir='ltr'><strong>ὡς</strong></span> <span class='ocrx_word' id='word_1_65' title='bbox 763 977 850 1030; x_wconf 80' lang='grc' dir='ltr'>διὰ</span> <span class='ocrx_word' id='word_1_66' title='bbox 895 979 994 1047; x_wconf 81' lang='grc' dir='ltr'>τῆς</span> <span class='ocrx_word' id='word_1_67' title='bbox 1033 979 1338 1048; x_wconf 82' lang='grc' dir='ltr'><strong>παρουσίας</strong></span> <span class='ocrx_word' id='word_1_68' title='bbox 1390 979 1486 1032; x_wconf 90' lang='grc' dir='ltr'><strong>τοῦ</strong></span> <span class='ocrx_word' id='word_1_69' title='bbox 1539 979 1775 1050; x_wconf 81' lang='grc' dir='ltr'>Χριστοῦ</span> 
     </span>
    </p>
   </div>
   <div class='ocr_carea' id='block_1_12' title="bbox 198 1069 1776 1139">
    <p class='ocr_par' dir='ltr' id='par_1_12' title="bbox 198 1069 1776 1139">
     <span class='ocr_line' id='line_1_12' title="bbox 198 1069 1776 1139; baseline 0.001 -17"><span class='ocrx_word' id='word_1_70' title='bbox 198 1069 605 1139; x_wconf 83' lang='grc' dir='ltr'>δυναμούμενος</span> <span class='ocrx_word' id='word_1_71' title='bbox 668 1071 764 1123; x_wconf 88' lang='grc' dir='ltr'>τοῦ</span> <span class='ocrx_word' id='word_1_72' title='bbox 817 1070 1046 1124; x_wconf 87' lang='grc' dir='ltr'>θανάτου</span> <span class='ocrx_word' id='word_1_73' title='bbox 1099 1071 1205 1124; x_wconf 80' lang='grc' dir='ltr'><strong>ὑπὸ</strong></span> <span class='ocrx_word' id='word_1_74' title='bbox 1268 1071 1364 1125; x_wconf 86' lang='grc' dir='ltr'>τοῦ</span> <span class='ocrx_word' id='word_1_75' title='bbox 1419 1071 1554 1125; x_wconf 83' lang='grc' dir='ltr'>Θεοῦ</span> <span class='ocrx_word' id='word_1_76' title='bbox 1623 1071 1776 1124; x_wconf 88' lang='grc' dir='ltr'>ἐλευ-</span> 
     </span>
    </p>
   </div>
   <div class='ocr_carea' id='block_1_13' title="bbox 199 1161 1780 1232">
    <p class='ocr_par' dir='ltr' id='par_1_13' title="bbox 199 1161 1780 1232">
     <span class='ocr_line' id='line_1_13' title="bbox 199 1161 1780 1232; baseline 0.004 -20"><span class='ocrx_word' id='word_1_77' title='bbox 199 1161 505 1231; x_wconf 85' lang='grc' dir='ltr'>θερωθῆναι</span> <span class='ocrx_word' id='word_1_78' title='bbox 539 1204 556 1229; x_wconf 93' lang='grc'><strong>,</strong></span> <span class='ocrx_word' id='word_1_79' title='bbox 640 1162 799 1216; x_wconf 86' lang='grc' dir='ltr'>τοῦτο</span> <span class='ocrx_word' id='word_1_80' title='bbox 869 1163 1168 1232; x_wconf 79' lang='grc' dir='ltr'><strong>ἐφθέγγετο</strong></span> <span class='ocrx_word' id='word_1_81' title='bbox 1200 1205 1216 1228; x_wconf 93' lang='grc'><strong>,</strong></span> <span class='ocrx_word' id='word_1_82' title='bbox 1285 1165 1446 1218; x_wconf 81' lang='grc' dir='ltr'><strong>ὁπότε</strong></span> <span class='ocrx_word' id='word_1_83' title='bbox 1504 1166 1638 1218; x_wconf 83' lang='grc' dir='ltr'>πᾶσι</span> <span class='ocrx_word' id='word_1_84' title='bbox 1685 1165 1780 1219; x_wconf 77' lang='grc' dir='ltr'>καὶ</span> 
     </span>
    </p>
   </div>
   <div class='ocr_carea' id='block_1_14' title="bbox 197 1252 1779 1327">
    <p class='ocr_par' dir='ltr' id='par_1_14' title="bbox 197 1252 1779 1327">
     <span class='ocr_line' id='line_1_14' title="bbox 197 1252 1779 1327; baseline 0.004 -23"><span class='ocrx_word' id='word_1_85' title='bbox 197 1253 304 1322; x_wconf 72' lang='grc' dir='ltr'><strong>πρὸ</strong></span> <span class='ocrx_word' id='word_1_86' title='bbox 343 1252 440 1305; x_wconf 88' lang='grc' dir='ltr'><strong>τοῦ</strong></span> <span class='ocrx_word' id='word_1_87' title='bbox 476 1254 566 1306; x_wconf 79' lang='grc' dir='ltr'>τὸν</span> <span class='ocrx_word' id='word_1_88' title='bbox 616 1254 851 1325; x_wconf 80' lang='grc' dir='ltr'>Χριστὸν</span> <span class='ocrx_word' id='word_1_89' title='bbox 901 1255 1076 1308; x_wconf 78' lang='grc' dir='ltr'>ἐλθεῖν</span> <span class='ocrx_word' id='word_1_90' title='bbox 1143 1257 1224 1320; x_wconf 88' lang='grc' dir='ltr'><strong>εἰς</strong></span> <span class='ocrx_word' id='word_1_91' title='bbox 1277 1255 1370 1309; x_wconf 79' lang='grc' dir='ltr'>τὸν</span> <span class='ocrx_word' id='word_1_92' title='bbox 1421 1257 1626 1327; x_wconf 82' lang='grc' dir='ltr'>κόσμον</span> <span class='ocrx_word' id='word_1_93' title='bbox 1655 1274 1779 1310; x_wconf 89' lang='grc' dir='ltr'>συν-</span> 
     </span>
    </p>
   </div>
   <div class='ocr_carea' id='block_1_15' title="bbox 198 1341 1764 1416">
    <p class='ocr_par' dir='ltr' id='par_1_15' title="bbox 198 1341 1764 1416">
     <span class='ocr_line' id='line_1_15' title="bbox 198 1341 1764 1416; baseline 0.003 -22"><span class='ocrx_word' id='word_1_94' title='bbox 198 1343 380 1395; x_wconf 78' lang='grc' dir='ltr'>έδαινε</span> <span class='ocrx_word' id='word_1_95' title='bbox 416 1343 706 1414; x_wconf 86' lang='grc' dir='ltr'>θνήσκειν;</span> <span class='ocrx_word' id='word_1_96' title='bbox 737 1342 876 1397; x_wconf 83' lang='grc' dir='ltr'>ὥστε</span> <span class='ocrx_word' id='word_1_97' title='bbox 901 1345 963 1398; x_wconf 85' lang='grc' dir='ltr'>οὐ</span> <span class='ocrx_word' id='word_1_98' title='bbox 987 1346 1048 1398; x_wconf 79' lang='grc' dir='ltr'>τὸ</span> <span class='ocrx_word' id='word_1_99' title='bbox 1071 1345 1230 1416; x_wconf 84' lang='grc' dir='ltr'>σῶμα</span> <span class='ocrx_word' id='word_1_100' title='bbox 1266 1346 1448 1411; x_wconf 88' lang='grc' dir='ltr'>τοῦτο,</span> <span class='ocrx_word' id='word_1_101' title='bbox 1472 1341 1516 1400; x_wconf 82' lang='grc' dir='ltr'><strong>ὦ</strong></span> <span class='ocrx_word' id='word_1_102' title='bbox 1541 1347 1764 1416; x_wconf 87' lang='grc' dir='ltr'>Ἀγλαο-</span> 
     </span>
    </p>
   </div>
   <div class='ocr_carea' id='block_1_16' title="bbox 198 1430 1769 1506">
    <p class='ocr_par' dir='ltr' id='par_1_16' title="bbox 198 1430 1769 1506">
     <span class='ocr_line' id='line_1_16' title="bbox 198 1430 1769 1506; baseline 0.004 -24"><span class='ocrx_word' id='word_1_103' title='bbox 198 1430 315 1496; x_wconf 69' lang='grc' dir='ltr'>φῶν</span> <span class='ocrx_word' id='word_1_104' title='bbox 330 1431 399 1493; x_wconf 76' lang='grc'><strong>⁸⁸,</strong></span> <span class='ocrx_word' id='word_1_105' title='bbox 442 1432 690 1494; x_wconf 83' lang='grc' dir='ltr'>θάνατον,</span> <span class='ocrx_word' id='word_1_106' title='bbox 715 1433 852 1487; x_wconf 83' lang='grc' dir='ltr'><strong>ἀλλὰ</strong></span> <span class='ocrx_word' id='word_1_107' title='bbox 886 1433 985 1504; x_wconf 81' lang='grc' dir='ltr'><strong>τὴν</strong></span> <span class='ocrx_word' id='word_1_108' title='bbox 1010 1434 1285 1504; x_wconf 79' lang='grc' dir='ltr'>ἁμαρτίαν</span> <span class='ocrx_word' id='word_1_109' title='bbox 1312 1435 1410 1506; x_wconf 81' lang='grc' dir='ltr'>τὴν</span> <span class='ocrx_word' id='word_1_110' title='bbox 1437 1438 1769 1506; x_wconf 81' lang='grc' dir='ltr'>κατοικήσα-</span> 
     </span>
    </p>
   </div>
   <div class='ocr_carea' id='block_1_17' title="bbox 1889 514 3460 586">
    <p class='ocr_par' dir='ltr' id='par_1_17' title="bbox 1889 514 3460 586">
     <span class='ocr_line' id='line_1_17' title="bbox 1889 514 3460 586; baseline 0 -14"><span class='ocrx_word' id='word_1_111' title='bbox 1889 516 2238 580; x_wconf 72' lang='lat' dir='ltr'><strong>existimatis,</strong></span> <span class='ocrx_word' id='word_1_112' title='bbox 2273 527 2502 570; x_wconf 91' lang='lat' dir='ltr'><strong>mortem</strong></span> <span class='ocrx_word' id='word_1_113' title='bbox 2527 516 2836 584; x_wconf 75' lang='lat' dir='ltr'><strong>appellavit,</strong></span> <span class='ocrx_word' id='word_1_114' title='bbox 2867 530 2972 568; x_wconf 92' lang='lat' dir='ltr'><strong>non</strong></span> <span class='ocrx_word' id='word_1_115' title='bbox 3002 514 3280 571; x_wconf 86' lang='lat' dir='ltr'><strong>Christum</strong></span> <span class='ocrx_word' id='word_1_116' title='bbox 3301 518 3460 586; x_wconf 77' lang='lat' dir='ltr'><strong>quasi</strong></span> 
     </span>
    </p>
   </div>
   <div class='ocr_carea' id='block_1_18' title="bbox 1887 607 3457 674">
    <p class='ocr_par' dir='ltr' id='par_1_18' title="bbox 1887 607 3457 674">
     <span class='ocr_line' id='line_1_18' title="bbox 1887 607 3457 674; baseline 0.001 -13"><span class='ocrx_word' id='word_1_117' title='bbox 1887 608 2237 662; x_wconf 85' lang='lat' dir='ltr'><strong>liberatorem</strong></span> <span class='ocrx_word' id='word_1_118' title='bbox 2279 623 2434 661; x_wconf 90' lang='lat' dir='ltr'><strong>suum</strong></span> <span class='ocrx_word' id='word_1_119' title='bbox 2481 623 2509 660; x_wconf 90' lang='lat' dir='ltr'><strong>a</strong></span> <span class='ocrx_word' id='word_1_120' title='bbox 2543 608 2634 660; x_wconf 87' lang='lat' dir='ltr'><strong>tali</strong></span> <span class='ocrx_word' id='word_1_121' title='bbox 2682 616 2866 674; x_wconf 86' lang='lat' dir='ltr'><strong>postea</strong></span> <span class='ocrx_word' id='word_1_122' title='bbox 2919 607 3059 660; x_wconf 88' lang='lat' dir='ltr'><strong>malo</strong></span> <span class='ocrx_word' id='word_1_123' title='bbox 3098 607 3457 663; x_wconf 79' lang='lat' dir='ltr'><strong>nominasset.</strong></span> 
     </span>
    </p>
   </div>
   <div class='ocr_carea' id='block_1_19' title="bbox 1886 699 3462 770">
    <p class='ocr_par' dir='ltr' id='par_1_19' title="bbox 1886 699 3462 770">
     <span class='ocr_line' id='line_1_19' title="bbox 1886 699 3462 770; baseline -0.001 -16"><span class='ocrx_word' id='word_1_124' title='bbox 1886 701 2025 768; x_wconf 86' lang='lat' dir='ltr'><strong>Quid</strong></span> <span class='ocrx_word' id='word_1_125' title='bbox 2051 702 2245 757; x_wconf 84' lang='lat' dir='ltr'><strong>deinde</strong></span> <span class='ocrx_word' id='word_1_126' title='bbox 2273 699 2472 756; x_wconf 82' lang='lat' dir='ltr'><strong>Christi</strong></span> <span class='ocrx_word' id='word_1_127' title='bbox 2512 701 2772 754; x_wconf 90' lang='lat' dir='ltr'><strong>adventus</strong></span> <span class='ocrx_word' id='word_1_128' title='bbox 2814 701 3089 770; x_wconf 80' lang='lat' dir='ltr'><strong>singulare</strong></span> <span class='ocrx_word' id='word_1_129' title='bbox 3129 701 3284 754; x_wconf 88' lang='lat' dir='ltr'><strong>nobis</strong></span> <span class='ocrx_word' id='word_1_130' title='bbox 3319 711 3462 754; x_wconf 87' lang='lat' dir='ltr'><strong>attu-</strong></span> 
     </span>
    </p>
   </div>
   <div class='ocr_carea' id='block_1_20' title="bbox 1884 787 3458 860">
    <p class='ocr_par' dir='ltr' id='par_1_20' title="bbox 1884 787 3458 860">
     <span class='ocr_line' id='line_1_20' title="bbox 1884 787 3458 860; baseline -0.002 -15"><span class='ocrx_word' id='word_1_131' title='bbox 1884 790 2061 856; x_wconf 87' lang='lat' dir='ltr'><strong>lisset;</strong></span> <span class='ocrx_word' id='word_1_132' title='bbox 2096 791 2222 860; x_wconf 89' lang='lat' dir='ltr'><strong>quid</strong></span> <span class='ocrx_word' id='word_1_133' title='bbox 2269 790 2490 844; x_wconf 88' lang='lat' dir='ltr'><strong>omnino</strong></span> <span class='ocrx_word' id='word_1_134' title='bbox 2541 787 2853 858; x_wconf 84' lang='lat' dir='ltr'><strong>Apostolus,</strong></span> <span class='ocrx_word' id='word_1_135' title='bbox 2907 789 3071 842; x_wconf 84' lang='lat' dir='ltr'><strong>veluti</strong></span> <span class='ocrx_word' id='word_1_136' title='bbox 3118 803 3213 857; x_wconf 89' lang='lat' dir='ltr'><strong>per</strong></span> <span class='ocrx_word' id='word_1_137' title='bbox 3257 789 3458 842; x_wconf 84' lang='lat' dir='ltr'><strong>Christi</strong></span> 
     </span>
    </p>
   </div>
   <div class='ocr_carea' id='block_1_21' title="bbox 1885 881 3461 949">
    <p class='ocr_par' dir='ltr' id='par_1_21' title="bbox 1885 881 3461 949">
     <span class='ocr_line' id='line_1_21' title="bbox 1885 881 3461 949; baseline 0.001 -15"><span class='ocrx_word' id='word_1_138' title='bbox 1885 882 2175 935; x_wconf 83' lang='lat' dir='ltr'><strong>adventum</strong></span> <span class='ocrx_word' id='word_1_139' title='bbox 2207 882 2580 946; x_wconf 81' lang='lat' dir='ltr'><strong>conﬁrmatus,</strong></span> <span class='ocrx_word' id='word_1_140' title='bbox 2626 890 2680 935; x_wconf 89' lang='lat' dir='ltr'><strong>ut</strong></span> <span class='ocrx_word' id='word_1_141' title='bbox 2730 896 2759 933; x_wconf 90' lang='lat' dir='ltr'><strong>a</strong></span> <span class='ocrx_word' id='word_1_142' title='bbox 2808 890 2981 935; x_wconf 89' lang='lat' dir='ltr'><strong>morte</strong></span> <span class='ocrx_word' id='word_1_143' title='bbox 3006 895 3102 949; x_wconf 90' lang='lat' dir='ltr'><strong>per</strong></span> <span class='ocrx_word' id='word_1_144' title='bbox 3130 881 3294 934; x_wconf 90' lang='lat' dir='ltr'><strong>Deum</strong></span> <span class='ocrx_word' id='word_1_145' title='bbox 3326 881 3461 935; x_wconf 87' lang='lat' dir='ltr'><strong>libe-</strong></span> 
     </span>
    </p>
   </div>
   <div class='ocr_carea' id='block_1_22' title="bbox 1887 974 3458 1043">
    <p class='ocr_par' dir='ltr' id='par_1_22' title="bbox 1887 974 3458 1043">
     <span class='ocr_line' id='line_1_22' title="bbox 1887 974 3458 1043; baseline 0.001 -16"><span class='ocrx_word' id='word_1_146' title='bbox 1887 987 2118 1039; x_wconf 88' lang='lat' dir='ltr'><strong>raretur,</strong></span> <span class='ocrx_word' id='word_1_147' title='bbox 2175 975 2276 1029; x_wconf 89' lang='lat' dir='ltr'><strong>hoc</strong></span> <span class='ocrx_word' id='word_1_148' title='bbox 2313 974 2672 1043; x_wconf 68' lang='lat' dir='ltr'><strong>praedicaret?</strong></span> <span class='ocrx_word' id='word_1_149' title='bbox 2717 974 2937 1043; x_wconf 84' lang='lat' dir='ltr'><strong>quando</strong></span> <span class='ocrx_word' id='word_1_150' title='bbox 2977 975 3252 1039; x_wconf 90' lang='lat' dir='ltr'><strong>omnibus,</strong></span> <span class='ocrx_word' id='word_1_151' title='bbox 3296 975 3458 1029; x_wconf 89' lang='lat' dir='ltr'><strong>etiam</strong></span> 
     </span>
    </p>
   </div>
   <div class='ocr_carea' id='block_1_23' title="bbox 1887 1066 3456 1137">
    <p class='ocr_par' dir='ltr' id='par_1_23' title="bbox 1887 1066 3456 1137">
     <span class='ocr_line' id='line_1_23' title="bbox 1887 1066 3456 1137; baseline -0.003 -15"><span class='ocrx_word' id='word_1_152' title='bbox 1887 1077 2174 1137; x_wconf 83' lang='lat' dir='ltr'><strong>antequam</strong></span> <span class='ocrx_word' id='word_1_153' title='bbox 2200 1067 2449 1121; x_wconf 87' lang='lat' dir='ltr'><strong>Christus</strong></span> <span class='ocrx_word' id='word_1_154' title='bbox 2481 1068 2531 1120; x_wconf 92' lang='lat' dir='ltr'><strong>in</strong></span> <span class='ocrx_word' id='word_1_155' title='bbox 2562 1066 2818 1120; x_wconf 88' lang='lat' dir='ltr'><strong>mundum</strong></span> <span class='ocrx_word' id='word_1_156' title='bbox 2846 1067 3073 1132; x_wconf 84' lang='lat' dir='ltr'><strong>veniret,</strong></span> <span class='ocrx_word' id='word_1_157' title='bbox 3104 1068 3238 1120; x_wconf 91' lang='lat' dir='ltr'><strong>mori</strong></span> <span class='ocrx_word' id='word_1_158' title='bbox 3273 1067 3456 1120; x_wconf 89' lang='lat' dir='ltr'><strong>datum</strong></span> 
     </span>
    </p>
   </div>
   <div class='ocr_carea' id='block_1_24' title="bbox 1885 1157 3460 1228">
    <p class='ocr_par' dir='ltr' id='par_1_24' title="bbox 1885 1157 3460 1228">
     <span class='ocr_line' id='line_1_24' title="bbox 1885 1157 3460 1228; baseline -0.002 -16"><span class='ocrx_word' id='word_1_159' title='bbox 1885 1171 1988 1223; x_wconf 90' lang='lat' dir='ltr'><strong>est,</strong></span> <span class='ocrx_word' id='word_1_160' title='bbox 2027 1169 2084 1212; x_wconf 93' lang='lat' dir='ltr'><strong>ut</strong></span> <span class='ocrx_word' id='word_1_161' title='bbox 2119 1174 2222 1211; x_wconf 87' lang='lat' dir='ltr'><strong>non</strong></span> <span class='ocrx_word' id='word_1_162' title='bbox 2259 1158 2360 1213; x_wconf 93' lang='lat' dir='ltr'><strong>hoc</strong></span> <span class='ocrx_word' id='word_1_163' title='bbox 2392 1173 2610 1227; x_wconf 89' lang='lat' dir='ltr'><strong>corpus,</strong></span> <span class='ocrx_word' id='word_1_164' title='bbox 2647 1173 2678 1211; x_wconf 93' lang='grc' dir='ltr'>ο</span> <span class='ocrx_word' id='word_1_165' title='bbox 2712 1157 3049 1228; x_wconf 74' lang='lat' dir='ltr'><strong>Agladphon,</strong></span> <span class='ocrx_word' id='word_1_166' title='bbox 3104 1167 3332 1212; x_wconf 90' lang='lat' dir='ltr'><strong>mortem</strong></span> <span class='ocrx_word' id='word_1_167' title='bbox 3365 1175 3460 1225; x_wconf 89' lang='lat' dir='ltr'><strong>ap-</strong></span> 
     </span>
    </p>
   </div>
   <div class='ocr_carea' id='block_1_25' title="bbox 1888 1248 3458 1320">
    <p class='ocr_par' dir='ltr' id='par_1_25' title="bbox 1888 1248 3458 1320">
     <span class='ocr_line' id='line_1_25' title="bbox 1888 1248 3458 1320; baseline -0.002 -15"><span class='ocrx_word' id='word_1_168' title='bbox 1888 1251 2070 1320; x_wconf 77' lang='lat' dir='ltr'><strong>pellet,</strong></span> <span class='ocrx_word' id='word_1_169' title='bbox 2100 1251 2190 1304; x_wconf 89' lang='lat' dir='ltr'><strong>sed</strong></span> <span class='ocrx_word' id='word_1_170' title='bbox 2221 1260 2495 1318; x_wconf 88' lang='lat' dir='ltr'><strong>peccatum</strong></span> <span class='ocrx_word' id='word_1_171' title='bbox 2530 1250 2673 1316; x_wconf 82' lang='lat' dir='ltr'><strong>quod</strong></span> <span class='ocrx_word' id='word_1_172' title='bbox 2711 1265 2808 1317; x_wconf 88' lang='lat' dir='ltr'><strong>per</strong></span> <span class='ocrx_word' id='word_1_173' title='bbox 2844 1248 3335 1316; x_wconf 87' lang='lat' dir='ltr'><strong>concupiscentiam</strong></span> <span class='ocrx_word' id='word_1_174' title='bbox 3361 1250 3458 1303; x_wconf 87' lang='lat' dir='ltr'><strong>ha-</strong></span> 
     </span>
    </p>
   </div>
   <div class='ocr_carea' id='block_1_26' title="bbox 1877 1341 3456 1412">
    <p class='ocr_par' dir='ltr' id='par_1_26' title="bbox 1877 1341 3456 1412">
     <span class='ocr_line' id='line_1_26' title="bbox 1877 1341 3456 1412; baseline -0.004 -14"><span class='ocrx_word' id='word_1_175' title='bbox 1877 1344 2014 1398; x_wconf 85' lang='lat' dir='ltr'><strong>bitat</strong></span> <span class='ocrx_word' id='word_1_176' title='bbox 2065 1342 2118 1395; x_wconf 91' lang='lat' dir='ltr'><strong>in</strong></span> <span class='ocrx_word' id='word_1_177' title='bbox 2162 1355 2410 1411; x_wconf 91' lang='lat' dir='ltr'><strong>corpore,</strong></span> <span class='ocrx_word' id='word_1_178' title='bbox 2449 1356 2478 1394; x_wconf 91' lang='lat' dir='ltr'><strong>a</strong></span> <span class='ocrx_word' id='word_1_179' title='bbox 2527 1356 2628 1410; x_wconf 85' lang='lat' dir='ltr'><strong>qua</strong></span> <span class='ocrx_word' id='word_1_180' title='bbox 2665 1342 2840 1410; x_wconf 90' lang='lat' dir='ltr'><strong>ipsum</strong></span> <span class='ocrx_word' id='word_1_181' title='bbox 2875 1341 3015 1396; x_wconf 86' lang='lat' dir='ltr'><strong>Deus</strong></span> <span class='ocrx_word' id='word_1_182' title='bbox 3044 1357 3140 1412; x_wconf 89' lang='lat' dir='ltr'><strong>per</strong></span> <span class='ocrx_word' id='word_1_183' title='bbox 3168 1341 3456 1396; x_wconf 90' lang='lat' dir='ltr'><strong>adventum</strong></span> 
     </span>
    </p>
   </div>
   <div class='ocr_carea' id='block_1_27' title="bbox 1873 1434 2380 1490">
    <p class='ocr_par' dir='ltr' id='par_1_27' title="bbox 1873 1434 2380 1490">
     <span class='ocr_line' id='line_1_27' title="bbox 1873 1434 2380 1490; baseline 0 -1"><span class='ocrx_word' id='word_1_184' title='bbox 1873 1434 2076 1490; x_wconf 86' lang='lat' dir='ltr'><strong>Christi</strong></span> <span class='ocrx_word' id='word_1_185' title='bbox 2111 1435 2380 1489; x_wconf 80' lang='lat' dir='ltr'><strong>liberavit.</strong></span> 
     </span>
    </p>
   </div>
   <div class='ocr_carea' id='block_1_28' title="bbox 197 1519 3460 1599">
    <p class='ocr_par' dir='ltr' id='par_1_28' title="bbox 197 1519 3460 1599">
     <span class='ocr_line' id='line_1_28' title="bbox 197 1519 3460 1599; baseline 0.002 -27"><span class='ocrx_word' id='word_1_186' title='bbox 197 1535 300 1572; x_wconf 81' lang='grc' dir='ltr'>σαν</span> <span class='ocrx_word' id='word_1_187' title='bbox 329 1519 420 1574; x_wconf 76' lang='grc' dir='ltr'>διὰ</span> <span class='ocrx_word' id='word_1_188' title='bbox 460 1520 562 1590; x_wconf 83' lang='grc' dir='ltr'>τῆς</span> <span class='ocrx_word' id='word_1_189' title='bbox 596 1520 894 1592; x_wconf 78' lang='grc' dir='ltr'>ἐπιθυμίας</span> <span class='ocrx_word' id='word_1_190' title='bbox 931 1524 989 1577; x_wconf 89' lang='grc' dir='ltr'><strong>ἐν</strong></span> <span class='ocrx_word' id='word_1_191' title='bbox 1028 1523 1108 1593; x_wconf 82' lang='grc' dir='ltr'>τῷ</span> <span class='ocrx_word' id='word_1_192' title='bbox 1152 1524 1364 1595; x_wconf 87' lang='grc' dir='ltr'>σώματι</span> <span class='ocrx_word' id='word_1_193' title='bbox 1414 1526 1651 1595; x_wconf 61' lang='lat' dir='ltr'><strong>Myer&quot;,</strong></span> <span class='ocrx_word' id='word_1_194' title='bbox 1703 1521 1773 1599; x_wconf 77' lang='grc' dir='ltr'>ἧς</span> <span class='ocrx_word' id='word_1_195' title='bbox 1813 1527 1841 1578; x_wconf 90' lang='grc' dir='ltr'><strong>ό</strong></span> <span class='ocrx_word' id='word_1_196' title='bbox 1866 1524 1998 1588; x_wconf 82' lang='grc' dir='ltr'>Θεὸς</span> <span class='ocrx_word' id='word_1_197' title='bbox 2026 1525 2188 1579; x_wconf 76' lang='grc' dir='ltr'>αὑτὸν</span> <span class='ocrx_word' id='word_1_198' title='bbox 2209 1525 2296 1577; x_wconf 85' lang='grc' dir='ltr'><strong>διὰ</strong></span> <span class='ocrx_word' id='word_1_199' title='bbox 2327 1525 2430 1593; x_wconf 85' lang='grc' dir='ltr'>τῆς</span> <span class='ocrx_word' id='word_1_200' title='bbox 2491 1524 2791 1596; x_wconf 83' lang='grc' dir='ltr'>παρουσίας</span> <span class='ocrx_word' id='word_1_201' title='bbox 2849 1524 2946 1579; x_wconf 86' lang='grc' dir='ltr'><strong>τοῦ</strong></span> <span class='ocrx_word' id='word_1_202' title='bbox 2989 1523 3227 1597; x_wconf 86' lang='grc' dir='ltr'>Χριστοῦ</span> <span class='ocrx_word' id='word_1_203' title='bbox 3297 1525 3460 1598; x_wconf 71' lang='grc' dir='ltr'>ἐρρύσ-</span> 
     </span>
    </p>
   </div>
   <div class='ocr_carea' id='block_1_29' title="bbox 199 1626 353 1664">
    <p class='ocr_par' dir='ltr' id='par_1_29' title="bbox 199 1626 353 1664">
     <span class='ocr_line' id='line_1_29' title="bbox 199 1626 353 1664; baseline 0.013 -2"><span class='ocrx_word' id='word_1_204' title='bbox 199 1626 353 1664; x_wconf 88' lang='grc' dir='ltr'>σατο.</span> 
     </span>
    </p>
   </div>
   <div class='ocr_carea' id='block_1_30' title="bbox 290 1699 1776 1776">
    <p class='ocr_par' dir='ltr' id='par_1_30' title="bbox 290 1700 1776 1776">
     <span class='ocr_line' id='line_1_30' title="bbox 290 1700 1776 1776; baseline 0.008 -26"><span class='ocrx_word' id='word_1_205' title='bbox 290 1703 333 1750; x_wconf 88' lang='lat'><em>0</em></span> <span class='ocrx_word' id='word_1_206' title='bbox 356 1701 466 1767; x_wconf 76' lang='grc' dir='ltr'>γὰρ</span> <span class='ocrx_word' id='word_1_207' title='bbox 485 1701 668 1768; x_wconf 79' lang='grc' dir='ltr'>νόμος</span> <span class='ocrx_word' id='word_1_208' title='bbox 694 1700 806 1769; x_wconf 85' lang='grc' dir='ltr'>τῆς</span> <span class='ocrx_word' id='word_1_209' title='bbox 847 1701 997 1770; x_wconf 76' lang='grc' dir='ltr'>ζωῆς</span> <span class='ocrx_word' id='word_1_210' title='bbox 1021 1703 1128 1757; x_wconf 86' lang='grc' dir='ltr'>τοῦ</span> <span class='ocrx_word' id='word_1_211' title='bbox 1176 1707 1515 1776; x_wconf 78' lang='grc' dir='ltr'>πνεύματος</span> <span class='ocrx_word' id='word_1_212' title='bbox 1552 1707 1622 1761; x_wconf 81' lang='grc' dir='ltr'>ἐν</span> <span class='ocrx_word' id='word_1_213' title='bbox 1649 1710 1776 1774; x_wconf 85' lang='grc' dir='ltr'>Χρι-</span> 
     </span>
    </p>
   </div>
   <div class='ocr_carea' id='block_1_31' title="bbox 1884 1699 3458 1776">
    <p class='ocr_par' dir='ltr' id='par_1_31' title="bbox 1955 1699 3458 1766">
     <span class='ocr_line' id='line_1_31' title="bbox 1955 1699 3458 1766; baseline -0.001 -10"><span class='ocrx_word' id='word_1_214' title='bbox 1955 1701 2063 1756; x_wconf 74' lang='lat' dir='ltr'><strong>Lex</strong></span> <span class='ocrx_word' id='word_1_215' title='bbox 2092 1701 2230 1755; x_wconf 84' lang='lat' dir='ltr'><strong>enim</strong></span> <span class='ocrx_word' id='word_1_216' title='bbox 2257 1700 2386 1753; x_wconf 77' lang='lat' dir='ltr'><strong>&#39;vitre</strong></span> <span class='ocrx_word' id='word_1_217' title='bbox 2425 1700 2640 1766; x_wconf 77' lang='lat' dir='ltr'><strong>spiritus</strong></span> <span class='ocrx_word' id='word_1_218' title='bbox 2678 1701 2731 1753; x_wconf 86' lang='lat' dir='ltr'><strong>in</strong></span> <span class='ocrx_word' id='word_1_219' title='bbox 2785 1699 2991 1753; x_wconf 76' lang='lat' dir='ltr'><strong>Christo</strong></span> <span class='ocrx_word' id='word_1_220' title='bbox 3041 1700 3167 1755; x_wconf 66' lang='lat' dir='ltr'><strong>Iesu</strong></span> <span class='ocrx_word' id='word_1_221' title='bbox 3216 1701 3458 1754; x_wconf 63' lang='lat' dir='ltr'><strong>liberavi!</strong></span> 
     </span>
    </p>
   </div>
   <div class='ocr_carea' id='block_1_32' title="bbox 195 1789 1778 1868">
    <p class='ocr_par' dir='ltr' id='par_1_32' title="bbox 195 1789 1778 1868">
     <span class='ocr_line' id='line_1_32' title="bbox 195 1789 1778 1868; baseline 0.004 -25"><span class='ocrx_word' id='word_1_222' title='bbox 195 1789 321 1854; x_wconf 87' lang='grc' dir='ltr'><strong>στῷ</strong></span> <span class='ocrx_word' id='word_1_223' title='bbox 361 1789 558 1856; x_wconf 87' lang='grc' dir='ltr'>Ἰησοῦ</span> <span class='ocrx_word' id='word_1_224' title='bbox 577 1791 982 1860; x_wconf 77' lang='grc' dir='ltr'>ἐλευθέρωσεν</span> <span class='ocrx_word' id='word_1_225' title='bbox 1004 1795 1161 1864; x_wconf 79' lang='grc' dir='ltr'>ἡμᾶς</span> <span class='ocrx_word' id='word_1_226' title='bbox 1177 1797 1295 1850; x_wconf 81' lang='grc' dir='ltr'><strong>ἀπὸ</strong></span> <span class='ocrx_word' id='word_1_227' title='bbox 1325 1799 1431 1868; x_wconf 61' lang='grc' dir='ltr'>τοῦ</span> <span class='ocrx_word' id='word_1_228' title='bbox 1449 1801 1638 1868; x_wconf 80' lang='grc' dir='ltr'>νόμου</span> <span class='ocrx_word' id='word_1_229' title='bbox 1669 1797 1778 1864; x_wconf 84' lang='grc' dir='ltr'>τῆς</span> 
     </span>
    </p>
   </div>
   <div class='ocr_carea' id='block_1_33' title="bbox 196 1879 1771 1960">
    <p class='ocr_par' dir='ltr' id='par_1_33' title="bbox 196 1879 1771 1960">
     <span class='ocr_line' id='line_1_33' title="bbox 196 1879 1771 1960; baseline 0.005 -26"><span class='ocrx_word' id='word_1_230' title='bbox 196 1879 488 1948; x_wconf 74' lang='grc' dir='ltr'>ἁμαρτιας</span> <span class='ocrx_word' id='word_1_231' title='bbox 511 1881 621 1935; x_wconf 86' lang='grc' dir='ltr'>τοῦ</span> <span class='ocrx_word' id='word_1_232' title='bbox 663 1883 944 1938; x_wconf 78' lang='grc' dir='ltr'>θανάτου.</span> <span class='ocrx_word' id='word_1_233' title='bbox 977 1886 1165 1950; x_wconf 83' lang='grc' dir='ltr'>Ὅπως</span> <span class='ocrx_word' id='word_1_234' title='bbox 1188 1891 1215 1941; x_wconf 88' lang='grc' dir='ltr'>ὁ</span> <span class='ocrx_word' id='word_1_235' title='bbox 1237 1889 1456 1960; x_wconf 84' lang='grc' dir='ltr'>ἐγείρας</span> <span class='ocrx_word' id='word_1_236' title='bbox 1471 1889 1676 1960; x_wconf 89' lang='grc' dir='ltr'>Ἰησοῦν</span> <span class='ocrx_word' id='word_1_237' title='bbox 1707 1892 1771 1942; x_wconf 89' lang='grc' dir='ltr'><strong>ἐκ</strong></span> 
     </span>
    </p>
   </div>
   <div class='ocr_carea' id='block_1_34' title="bbox 196 1973 1779 2050">
    <p class='ocr_par' dir='ltr' id='par_1_34' title="bbox 196 1973 1779 2050">
     <span class='ocr_line' id='line_1_34' title="bbox 196 1973 1779 2050; baseline 0.006 -26"><span class='ocrx_word' id='word_1_238' title='bbox 196 1973 408 2040; x_wconf 81' lang='grc' dir='ltr'>νεκρῶν</span> <span class='ocrx_word' id='word_1_239' title='bbox 429 1973 474 2005; x_wconf 80' lang='grc' dir='ltr'><strong>³ο</strong></span> <span class='ocrx_word' id='word_1_240' title='bbox 504 1973 592 2026; x_wconf 82' lang='grc' dir='ltr'>διὰ</span> <span class='ocrx_word' id='word_1_241' title='bbox 615 1973 676 2028; x_wconf 80' lang='grc' dir='ltr'><strong>τὸ</strong></span> <span class='ocrx_word' id='word_1_242' title='bbox 709 1975 954 2030; x_wconf 80' lang='grc' dir='ltr'>ἐνοικοῦν</span> <span class='ocrx_word' id='word_1_243' title='bbox 980 1977 1143 2031; x_wconf 81' lang='grc' dir='ltr'>αὐτοῦ</span> <span class='ocrx_word' id='word_1_244' title='bbox 1166 1979 1383 2050; x_wconf 87' lang='grc' dir='ltr'>πνεῦμα</span> <span class='ocrx_word' id='word_1_245' title='bbox 1408 1983 1464 2034; x_wconf 89' lang='grc' dir='ltr'>ἐν</span> <span class='ocrx_word' id='word_1_246' title='bbox 1485 1982 1615 2050; x_wconf 79' lang='grc' dir='ltr'><strong>ἡμῖν</strong></span> <span class='ocrx_word' id='word_1_247' title='bbox 1645 1980 1779 2045; x_wconf 78' lang='grc' dir='ltr'>ζωο-</span> 
     </span>
    </p>
   </div>
   <div class='ocr_carea' id='block_1_35' title="bbox 197 2065 1779 2143">
    <p class='ocr_par' dir='ltr' id='par_1_35' title="bbox 197 2065 1779 2143">
     <span class='ocr_line' id='line_1_35' title="bbox 197 2065 1779 2143; baseline 0.005 -26"><span class='ocrx_word' id='word_1_248' title='bbox 197 2067 403 2135; x_wconf 77' lang='grc' dir='ltr'>ποιήσῃ</span> <span class='ocrx_word' id='word_1_249' title='bbox 446 2065 542 2117; x_wconf 75' lang='grc' dir='ltr'><strong>καὶ</strong></span> <span class='ocrx_word' id='word_1_250' title='bbox 571 2065 640 2118; x_wconf 83' lang='grc' dir='ltr'>τὰ</span> <span class='ocrx_word' id='word_1_251' title='bbox 663 2065 834 2137; x_wconf 82' lang='grc' dir='ltr'>θνητὰ</span> <span class='ocrx_word' id='word_1_252' title='bbox 890 2069 1116 2138; x_wconf 85' lang='grc' dir='ltr'>σώματα</span> <span class='ocrx_word' id='word_1_253' title='bbox 1141 2071 1300 2140; x_wconf 81' lang='grc' dir='ltr'><strong>ἡμῶν</strong></span> <span class='ocrx_word' id='word_1_254' title='bbox 1353 2071 1452 2141; x_wconf 80' lang='grc' dir='ltr'>τῆς</span> <span class='ocrx_word' id='word_1_255' title='bbox 1504 2072 1779 2143; x_wconf 82' lang='grc' dir='ltr'>ἁμαρτίας</span> 
     </span>
    </p>
   </div>
   <div class='ocr_carea' id='block_1_36' title="bbox 194 2155 1776 2231">
    <p class='ocr_par' dir='ltr' id='par_1_36' title="bbox 194 2155 1776 2231">
     <span class='ocr_line' id='line_1_36' title="bbox 194 2155 1776 2231; baseline 0.004 -23"><span class='ocrx_word' id='word_1_256' title='bbox 194 2156 294 2226; x_wconf 81' lang='grc' dir='ltr'>τῆς</span> <span class='ocrx_word' id='word_1_257' title='bbox 326 2158 384 2208; x_wconf 93' lang='grc' dir='ltr'><strong>ἐν</strong></span> <span class='ocrx_word' id='word_1_258' title='bbox 427 2155 506 2225; x_wconf 82' lang='grc' dir='ltr'><strong>τῷ</strong></span> <span class='ocrx_word' id='word_1_259' title='bbox 535 2155 748 2228; x_wconf 85' lang='grc' dir='ltr'>σώματι</span> <span class='ocrx_word' id='word_1_260' title='bbox 809 2158 1231 2230; x_wconf 89' lang='grc' dir='ltr'>κατακριθείσης</span> <span class='ocrx_word' id='word_1_261' title='bbox 1277 2160 1412 2230; x_wconf 84' lang='grc' dir='ltr'>πρὸς</span> <span class='ocrx_word' id='word_1_262' title='bbox 1480 2161 1776 2231; x_wconf 84' lang='grc' dir='ltr'>ἀναίρεσιν,</span> 
     </span>
    </p>
   </div>
   <div class='ocr_carea' id='block_1_37' title="bbox 197 2246 1781 2323">
    <p class='ocr_par' dir='ltr' id='par_1_37' title="bbox 197 2246 1781 2323">
     <span class='ocr_line' id='line_1_37' title="bbox 197 2246 1781 2323; baseline 0.003 -23"><span class='ocrx_word' id='word_1_263' title='bbox 197 2248 286 2300; x_wconf 84' lang='grc' dir='ltr'><strong>ἶνα</strong></span> <span class='ocrx_word' id='word_1_264' title='bbox 309 2249 372 2300; x_wconf 83' lang='grc' dir='ltr'><strong>τδ</strong></span> <span class='ocrx_word' id='word_1_265' title='bbox 407 2246 682 2317; x_wconf 82' lang='grc' dir='ltr'>δικαίωμα</span> <span class='ocrx_word' id='word_1_266' title='bbox 705 2248 797 2300; x_wconf 87' lang='grc' dir='ltr'><strong>τοῦ</strong></span> <span class='ocrx_word' id='word_1_267' title='bbox 824 2251 964 2302; x_wconf 85' lang='grc' dir='ltr'><strong>κατὰ</strong></span> <span class='ocrx_word' id='word_1_268' title='bbox 992 2249 1090 2320; x_wconf 78' lang='grc' dir='ltr'>τὴν</span> <span class='ocrx_word' id='word_1_269' title='bbox 1120 2251 1339 2320; x_wconf 77' lang='grc' dir='ltr'>ἐντολὴν</span> <span class='ocrx_word' id='word_1_270' title='bbox 1383 2250 1520 2323; x_wconf 73' lang='grc' dir='ltr'>πρὸς</span> <span class='ocrx_word' id='word_1_271' title='bbox 1552 2251 1612 2304; x_wconf 83' lang='grc' dir='ltr'>τδ</span> <span class='ocrx_word' id='word_1_272' title='bbox 1642 2253 1781 2320; x_wconf 82' lang='grc' dir='ltr'>ἀγα-</span> 
     </span>
    </p>
   </div>
   <div class='ocr_carea' id='block_1_38' title="bbox 197 2338 1777 2415">
    <p class='ocr_par' dir='ltr' id='par_1_38' title="bbox 197 2338 1777 2415">
     <span class='ocr_line' id='line_1_38' title="bbox 197 2338 1777 2415; baseline 0.003 -25"><span class='ocrx_word' id='word_1_273' title='bbox 197 2338 290 2391; x_wconf 75' lang='grc' dir='ltr'><strong>θὸν</strong></span> <span class='ocrx_word' id='word_1_274' title='bbox 342 2339 493 2406; x_wconf 71' lang='grc' dir='ltr'>ἡμᾶς</span> <span class='ocrx_word' id='word_1_275' title='bbox 563 2339 924 2408; x_wconf 77' lang='grc' dir='ltr'>ἐφελκομὲνου</span> <span class='ocrx_word' id='word_1_276' title='bbox 974 2339 1205 2408; x_wconf 82' lang='grc' dir='ltr'>φυσικοῦ</span> <span class='ocrx_word' id='word_1_277' title='bbox 1270 2342 1434 2412; x_wconf 88' lang='grc' dir='ltr'>νόμου</span> <span class='ocrx_word' id='word_1_278' title='bbox 1487 2341 1777 2415; x_wconf 73' lang='grc' dir='ltr'><strong>φανερωθῇ</strong></span> 
     </span>
    </p>
   </div>
   <div class='ocr_carea' id='block_1_39' title="bbox 196 2429 1780 2504">
    <p class='ocr_par' dir='ltr' id='par_1_39' title="bbox 196 2429 1780 2504">
     <span class='ocr_line' id='line_1_39' title="bbox 196 2429 1780 2504; baseline 0.004 -22"><span class='ocrx_word' id='word_1_279' title='bbox 196 2429 454 2498; x_wconf 70' lang='grc' dir='ltr'>ἐξαφθὲν.</span> <span class='ocrx_word' id='word_1_280' title='bbox 489 2429 563 2482; x_wconf 82' lang='grc' dir='ltr'><strong>Τὸ</strong></span> <span class='ocrx_word' id='word_1_281' title='bbox 594 2431 704 2498; x_wconf 82' lang='grc' dir='ltr'>γὰρ</span> <span class='ocrx_word' id='word_1_282' title='bbox 733 2430 992 2483; x_wconf 85' lang='grc' dir='ltr'>ἀδύνατον</span> <span class='ocrx_word' id='word_1_283' title='bbox 1019 2433 1115 2485; x_wconf 86' lang='grc' dir='ltr'>τοῦ</span> <span class='ocrx_word' id='word_1_284' title='bbox 1141 2434 1198 2484; x_wconf 89' lang='grc' dir='ltr'><strong>ἐν</strong></span> <span class='ocrx_word' id='word_1_285' title='bbox 1232 2434 1362 2504; x_wconf 81' lang='grc' dir='ltr'>ἡμῖν</span> <span class='ocrx_word' id='word_1_286' title='bbox 1385 2436 1614 2502; x_wconf 83' lang='grc' dir='ltr'>φυσικοῦ</span> <span class='ocrx_word' id='word_1_287' title='bbox 1644 2437 1780 2502; x_wconf 82' lang='grc' dir='ltr'><strong>ἀγα-</strong></span> 
     </span>
    </p>
   </div>
   <div class='ocr_carea' id='block_1_40' title="bbox 197 2511 1780 2592">
    <p class='ocr_par' dir='ltr' id='par_1_40' title="bbox 197 2511 1780 2592">
     <span class='ocr_line' id='line_1_40' title="bbox 197 2511 1780 2592; baseline 0.003 -22"><span class='ocrx_word' id='word_1_288' title='bbox 197 2518 316 2583; x_wconf 89' lang='grc' dir='ltr'>θοῦ,</span> <span class='ocrx_word' id='word_1_289' title='bbox 350 2521 408 2572; x_wconf 89' lang='grc' dir='ltr'>ἐν</span> <span class='ocrx_word' id='word_1_290' title='bbox 443 2511 488 2587; x_wconf 83' lang='grc' dir='ltr'>ᾧ</span> <span class='ocrx_word' id='word_1_291' title='bbox 528 2519 747 2588; x_wconf 71' lang='grc' dir='ltr'>ἠσθένει</span> <span class='ocrx_word' id='word_1_292' title='bbox 806 2519 912 2572; x_wconf 76' lang='grc' dir='ltr'><strong>ὑπὸ</strong></span> <span class='ocrx_word' id='word_1_293' title='bbox 968 2522 1067 2590; x_wconf 83' lang='grc' dir='ltr'>τῆς</span> <span class='ocrx_word' id='word_1_294' title='bbox 1116 2519 1414 2591; x_wconf 78' lang='grc' dir='ltr'>ἐπιθυμίας</span> <span class='ocrx_word' id='word_1_295' title='bbox 1475 2523 1780 2592; x_wconf 72' lang='grc' dir='ltr'><strong>ἡττώμενον</strong></span> 
     </span>
    </p>
   </div>
   <div class='ocr_carea' id='block_1_41' title="bbox 195 2609 1776 2685">
    <p class='ocr_par' dir='ltr' id='par_1_41' title="bbox 195 2609 1776 2685">
     <span class='ocr_line' id='line_1_41' title="bbox 195 2609 1776 2685; baseline 0.002 -22"><span class='ocrx_word' id='word_1_296' title='bbox 195 2611 295 2680; x_wconf 85' lang='grc' dir='ltr'><strong>τῆς</strong></span> <span class='ocrx_word' id='word_1_297' title='bbox 347 2609 674 2679; x_wconf 81' lang='grc' dir='ltr'><strong>ἐγκειμένης</strong></span> <span class='ocrx_word' id='word_1_298' title='bbox 701 2611 758 2661; x_wconf 92' lang='grc' dir='ltr'><strong>ἐν</strong></span> <span class='ocrx_word' id='word_1_299' title='bbox 803 2609 880 2680; x_wconf 85' lang='grc' dir='ltr'><strong>τῷ</strong></span> <span class='ocrx_word' id='word_1_300' title='bbox 915 2609 1150 2681; x_wconf 87' lang='grc' dir='ltr'>σώματι,</span> <span class='ocrx_word' id='word_1_301' title='bbox 1182 2612 1211 2664; x_wconf 89' lang='grc' dir='ltr'><strong>ό</strong></span> <span class='ocrx_word' id='word_1_302' title='bbox 1235 2611 1365 2675; x_wconf 78' lang='grc' dir='ltr'>Θεὸς</span> <span class='ocrx_word' id='word_1_303' title='bbox 1405 2613 1776 2685; x_wconf 76' lang='grc' dir='ltr'>ἀνερρὠατο,</span> 
     </span>
    </p>
   </div>
   <div class='ocr_carea' id='block_1_42' title="bbox 196 2697 1780 2772">
    <p class='ocr_par' dir='ltr' id='par_1_42' title="bbox 196 2697 1780 2772">
     <span class='ocr_line' id='line_1_42' title="bbox 196 2697 1780 2772; baseline 0.004 -22"><span class='ocrx_word' id='word_1_304' title='bbox 196 2697 423 2768; x_wconf 76' lang='grc' dir='ltr'>πέμψας</span> <span class='ocrx_word' id='word_1_305' title='bbox 480 2698 570 2751; x_wconf 75' lang='grc' dir='ltr'>τὸν</span> <span class='ocrx_word' id='word_1_306' title='bbox 600 2698 728 2751; x_wconf 83' lang='grc' dir='ltr'>Υίὸν</span> <span class='ocrx_word' id='word_1_307' title='bbox 753 2698 917 2751; x_wconf 86' lang='grc' dir='ltr'>αὐτοῦ</span> <span class='ocrx_word' id='word_1_308' title='bbox 973 2699 1072 2769; x_wconf 80' lang='grc' dir='ltr'><strong>τὴν</strong></span> <span class='ocrx_word' id='word_1_309' title='bbox 1095 2700 1289 2770; x_wconf 82' lang='grc' dir='ltr'>ὁμοίαν</span> <span class='ocrx_word' id='word_1_310' title='bbox 1317 2701 1418 2771; x_wconf 84' lang='grc' dir='ltr'>τῆς</span> <span class='ocrx_word' id='word_1_311' title='bbox 1459 2701 1658 2772; x_wconf 81' lang='grc' dir='ltr'>σαρκὸς</span> <span class='ocrx_word' id='word_1_312' title='bbox 1683 2704 1780 2772; x_wconf 84' lang='grc' dir='ltr'>τῆς</span> 
     </span>
    </p>
   </div>
   <div class='ocr_carea' id='block_1_43' title="bbox 197 2787 1781 2863">
    <p class='ocr_par' dir='ltr' id='par_1_43' title="bbox 197 2787 1781 2863">
     <span class='ocr_line' id='line_1_43' title="bbox 197 2787 1781 2863; baseline 0.003 -20"><span class='ocrx_word' id='word_1_313' title='bbox 197 2787 474 2860; x_wconf 85' lang='grc' dir='ltr'>ἁμαρτίας</span> <span class='ocrx_word' id='word_1_314' title='bbox 534 2791 712 2858; x_wconf 81' lang='grc' dir='ltr'>σάρκα</span> <span class='ocrx_word' id='word_1_315' title='bbox 764 2791 1097 2861; x_wconf 80' lang='grc' dir='ltr'><strong>ἀνειληφότα</strong></span> <span class='ocrx_word' id='word_1_316' title='bbox 1128 2829 1142 2854; x_wconf 91' lang='grc'><strong>,</strong></span> <span class='ocrx_word' id='word_1_317' title='bbox 1201 2791 1290 2845; x_wconf 78' lang='grc' dir='ltr'>ἵνα</span> <span class='ocrx_word' id='word_1_318' title='bbox 1346 2792 1445 2862; x_wconf 79' lang='grc' dir='ltr'>τῆς</span> <span class='ocrx_word' id='word_1_319' title='bbox 1508 2794 1781 2863; x_wconf 81' lang='grc' dir='ltr'>ἁμαρτίας</span> 
     </span>
    </p>
   </div>
   <div class='ocr_carea' id='block_1_44' title="bbox 196 2879 1780 2954">
    <p class='ocr_par' dir='ltr' id='par_1_44' title="bbox 196 2879 1780 2954">
     <span class='ocr_line' id='line_1_44' title="bbox 196 2879 1780 2954; baseline 0.003 -22"><span class='ocrx_word' id='word_1_320' title='bbox 196 2879 681 2948; x_wconf 81' lang='grc' dir='ltr'>κατακεκριμὲνης</span> <span class='ocrx_word' id='word_1_321' title='bbox 738 2879 875 2948; x_wconf 85' lang='grc' dir='ltr'>πρὸς</span> <span class='ocrx_word' id='word_1_322' title='bbox 950 2880 1228 2949; x_wconf 80' lang='grc' dir='ltr'>ἀναίρεσιν</span> <span class='ocrx_word' id='word_1_323' title='bbox 1263 2919 1278 2943; x_wconf 92' lang='grc'><strong>,</strong></span> <span class='ocrx_word' id='word_1_324' title='bbox 1330 2882 1410 2944; x_wconf 86' lang='grc' dir='ltr'>είς</span> <span class='ocrx_word' id='word_1_325' title='bbox 1453 2882 1512 2935; x_wconf 81' lang='grc' dir='ltr'>τὸ</span> <span class='ocrx_word' id='word_1_326' title='bbox 1583 2884 1780 2954; x_wconf 85' lang='grc' dir='ltr'>μηκέτι</span> 
     </span>
    </p>
   </div>
   <div class='ocr_carea' id='block_1_45' title="bbox 196 2967 1780 3043">
    <p class='ocr_par' dir='ltr' id='par_1_45' title="bbox 196 2967 1780 3043">
     <span class='ocr_line' id='line_1_45' title="bbox 196 2967 1780 3043; baseline 0.004 -22"><span class='ocrx_word' id='word_1_327' title='bbox 196 2969 623 3041; x_wconf 79' lang='grc' dir='ltr'>καρποφορῆσαι</span> <span class='ocrx_word' id='word_1_328' title='bbox 648 2969 706 3021; x_wconf 80' lang='grc' dir='ltr'><strong>ἐν</strong></span> <span class='ocrx_word' id='word_1_329' title='bbox 735 2967 864 3040; x_wconf 72' lang='grc'>[486</span> <span class='ocrx_word' id='word_1_330' title='bbox 915 2967 1006 3040; x_wconf 67' lang='grc'><strong>8.]</strong></span> <span class='ocrx_word' id='word_1_331' title='bbox 1027 2973 1093 3040; x_wconf 78' lang='grc' dir='ltr'><strong>τῇ</strong></span> <span class='ocrx_word' id='word_1_332' title='bbox 1121 2971 1304 3039; x_wconf 75' lang='grc' dir='ltr'>σαρκὶ,</span> <span class='ocrx_word' id='word_1_333' title='bbox 1329 2971 1392 3022; x_wconf 83' lang='grc' dir='ltr'>τὸ</span> <span class='ocrx_word' id='word_1_334' title='bbox 1442 2973 1639 3043; x_wconf 89' lang='grc' dir='ltr'>ίδίωμα</span> <span class='ocrx_word' id='word_1_335' title='bbox 1687 2973 1780 3026; x_wconf 85' lang='grc' dir='ltr'><strong>τοῦ</strong></span> 
     </span>
    </p>
   </div>
   <div class='ocr_carea' id='block_1_46' title="bbox 1881 1787 3457 1857">
    <p class='ocr_par' dir='ltr' id='par_1_46' title="bbox 1881 1787 3457 1857">
     <span class='ocr_line' id='line_1_46' title="bbox 1881 1787 3457 1857; baseline -0.002 -12"><span class='ocrx_word' id='word_1_336' title='bbox 1881 1809 1974 1845; x_wconf 84' lang='lat' dir='ltr'><strong>nos</strong></span> <span class='ocrx_word' id='word_1_337' title='bbox 2007 1811 2038 1843; x_wconf 89' lang='lat' dir='ltr'><strong>a</strong></span> <span class='ocrx_word' id='word_1_338' title='bbox 2063 1790 2170 1857; x_wconf 80' lang='lat' dir='ltr'><strong>lege</strong></span> <span class='ocrx_word' id='word_1_339' title='bbox 2193 1787 2394 1857; x_wconf 71' lang='lat' dir='ltr'><strong>peccati</strong></span> <span class='ocrx_word' id='word_1_340' title='bbox 2435 1797 2483 1839; x_wconf 79' lang='lat' dir='ltr'><strong>et</strong></span> <span class='ocrx_word' id='word_1_341' title='bbox 2533 1788 2715 1840; x_wconf 80' lang='lat' dir='ltr'><strong>mortis</strong></span> <span class='ocrx_word' id='word_1_342' title='bbox 2753 1797 2781 1824; x_wconf 77' lang='grc' dir='ltr'><strong>ιι</strong></span> <span class='ocrx_word' id='word_1_343' title='bbox 2817 1806 2830 1841; x_wconf 87' lang='lat'><strong>:</strong></span> <span class='ocrx_word' id='word_1_344' title='bbox 2872 1798 2927 1840; x_wconf 92' lang='lat' dir='ltr'><strong>ttt</strong></span> <span class='ocrx_word' id='word_1_345' title='bbox 2971 1789 3016 1842; x_wconf 93' lang='lat' dir='ltr'><strong>is</strong></span> <span class='ocrx_word' id='word_1_346' title='bbox 3050 1789 3142 1857; x_wconf 88' lang='lat' dir='ltr'><strong>qui</strong></span> <span class='ocrx_word' id='word_1_347' title='bbox 3182 1788 3359 1843; x_wconf 82' lang='lat' dir='ltr'><strong>Jesunt</strong></span> <span class='ocrx_word' id='word_1_348' title='bbox 3391 1804 3457 1842; x_wconf 79' lang='lat' dir='ltr'><strong>ex</strong></span> 
     </span>
    </p>
   </div>
   <div class='ocr_carea' id='block_1_47' title="bbox 1881 1877 3459 1948">
    <p class='ocr_par' dir='ltr' id='par_1_47' title="bbox 1881 1877 3459 1948">
     <span class='ocr_line' id='line_1_47' title="bbox 1881 1877 3459 1948; baseline -0.003 -11"><span class='ocrx_word' id='word_1_349' title='bbox 1881 1882 2110 1937; x_wconf 90' lang='lat' dir='ltr'><strong>mortuis</strong></span> <span class='ocrx_word' id='word_1_350' title='bbox 2140 1878 2424 1941; x_wconf 82' lang='lat' dir='ltr'><strong>excitavit,</strong></span> <span class='ocrx_word' id='word_1_351' title='bbox 2464 1890 2682 1947; x_wconf 77' lang='lat' dir='ltr'><strong>propter</strong></span> <span class='ocrx_word' id='word_1_352' title='bbox 2721 1877 2968 1946; x_wconf 71' lang='lat' dir='ltr'><strong>spirituum</strong></span> <span class='ocrx_word' id='word_1_353' title='bbox 3002 1879 3121 1948; x_wconf 84' lang='lat' dir='ltr'><strong>ejus</strong></span> <span class='ocrx_word' id='word_1_354' title='bbox 3152 1880 3459 1933; x_wconf 86' lang='lat' dir='ltr'><strong>inhabitan-</strong></span> 
     </span>
    </p>
   </div>
   <div class='ocr_carea' id='block_1_48' title="bbox 1881 1969 3458 2040">
    <p class='ocr_par' dir='ltr' id='par_1_48' title="bbox 1881 1969 3458 2040">
     <span class='ocr_line' id='line_1_48' title="bbox 1881 1969 3458 2040; baseline -0.002 -13"><span class='ocrx_word' id='word_1_355' title='bbox 1881 1983 1988 2028; x_wconf 92' lang='lat' dir='ltr'><strong>tem</strong></span> <span class='ocrx_word' id='word_1_356' title='bbox 2015 1974 2066 2025; x_wconf 91' lang='lat' dir='ltr'><strong>in</strong></span> <span class='ocrx_word' id='word_1_357' title='bbox 2102 1973 2277 2035; x_wconf 89' lang='lat' dir='ltr'><strong>nobis,</strong></span> <span class='ocrx_word' id='word_1_358' title='bbox 2314 1971 2548 2023; x_wconf 82' lang='lat' dir='ltr'><strong>viviﬁcet</strong></span> <span class='ocrx_word' id='word_1_359' title='bbox 2578 1969 2822 2023; x_wconf 88' lang='lat' dir='ltr'><strong>mortalia</strong></span> <span class='ocrx_word' id='word_1_360' title='bbox 2853 1985 3079 2040; x_wconf 89' lang='lat' dir='ltr'><strong>corpora</strong></span> <span class='ocrx_word' id='word_1_361' title='bbox 3107 1981 3314 2035; x_wconf 77' lang='lat' dir='ltr'><strong>uestra,</strong></span> <span class='ocrx_word' id='word_1_362' title='bbox 3337 1985 3458 2038; x_wconf 86' lang='lat' dir='ltr'><strong>pec-</strong></span> 
     </span>
    </p>
   </div>
   <div class='ocr_carea' id='block_1_49' title="bbox 1881 2061 3460 2132">
    <p class='ocr_par' dir='ltr' id='par_1_49' title="bbox 1881 2061 3460 2132">
     <span class='ocr_line' id='line_1_49' title="bbox 1881 2061 3460 2132; baseline -0.003 -12"><span class='ocrx_word' id='word_1_363' title='bbox 1881 2075 2001 2120; x_wconf 87' lang='lat' dir='ltr'><strong>cato</strong></span> <span class='ocrx_word' id='word_1_364' title='bbox 2027 2065 2076 2118; x_wconf 93' lang='lat' dir='ltr'><strong>in</strong></span> <span class='ocrx_word' id='word_1_365' title='bbox 2113 2079 2340 2132; x_wconf 89' lang='lat' dir='ltr'><strong>corpore</strong></span> <span class='ocrx_word' id='word_1_366' title='bbox 2373 2062 2441 2116; x_wconf 92' lang='lat' dir='ltr'><strong>ad</strong></span> <span class='ocrx_word' id='word_1_367' title='bbox 2478 2061 2824 2115; x_wconf 87' lang='lat' dir='ltr'><strong>abolitionem</strong></span> <span class='ocrx_word' id='word_1_368' title='bbox 2856 2062 3132 2125; x_wconf 88' lang='lat' dir='ltr'><strong>damnato,</strong></span> <span class='ocrx_word' id='word_1_369' title='bbox 3168 2070 3226 2115; x_wconf 92' lang='lat' dir='ltr'><strong>ut</strong></span> <span class='ocrx_word' id='word_1_370' title='bbox 3258 2061 3460 2130; x_wconf 84' lang='lat' dir='ltr'><strong>justiﬁ-</strong></span> 
     </span>
    </p>
   </div>
   <div class='ocr_carea' id='block_1_50' title="bbox 1881 2154 3457 2223">
    <p class='ocr_par' dir='ltr' id='par_1_50' title="bbox 1881 2154 3457 2223">
     <span class='ocr_line' id='line_1_50' title="bbox 1881 2154 3457 2223; baseline -0.002 -12"><span class='ocrx_word' id='word_1_371' title='bbox 1881 2159 2022 2211; x_wconf 88' lang='lat' dir='ltr'><strong>catio</strong></span> <span class='ocrx_word' id='word_1_372' title='bbox 2067 2155 2326 2209; x_wconf 81' lang='lat' dir='ltr'><strong>naturalis</strong></span> <span class='ocrx_word' id='word_1_373' title='bbox 2368 2154 2504 2223; x_wconf 87' lang='lat' dir='ltr'><strong>legis</strong></span> <span class='ocrx_word' id='word_1_374' title='bbox 2541 2155 2834 2207; x_wconf 81' lang='lat' dir='ltr'><strong>secundum</strong></span> <span class='ocrx_word' id='word_1_375' title='bbox 2883 2163 3208 2222; x_wconf 65' lang='lat' dir='ltr'><strong>praeceptum</strong></span> <span class='ocrx_word' id='word_1_376' title='bbox 3257 2169 3356 2208; x_wconf 93' lang='lat' dir='ltr'><strong>nos</strong></span> <span class='ocrx_word' id='word_1_377' title='bbox 3391 2157 3457 2208; x_wconf 92' lang='lat' dir='ltr'><strong>ad</strong></span> 
     </span>
    </p>
   </div>
   <div class='ocr_carea' id='block_1_51' title="bbox 1882 2238 3454 2309">
    <p class='ocr_par' dir='ltr' id='par_1_51' title="bbox 1882 2238 3454 2309">
     <span class='ocr_line' id='line_1_51' title="bbox 1882 2238 3454 2309; baseline -0.003 -12"><span class='ocrx_word' id='word_1_378' title='bbox 1882 2246 2077 2298; x_wconf 80' lang='lat' dir='ltr'><strong>boaum</strong></span> <span class='ocrx_word' id='word_1_379' title='bbox 2133 2242 2398 2296; x_wconf 89' lang='lat' dir='ltr'><strong>trahentis</strong></span> <span class='ocrx_word' id='word_1_380' title='bbox 2447 2255 2672 2294; x_wconf 86' lang='lat' dir='ltr'><strong>accensa</strong></span> <span class='ocrx_word' id='word_1_381' title='bbox 2707 2249 2985 2309; x_wconf 90' lang='lat' dir='ltr'><strong>appareat.</strong></span> <span class='ocrx_word' id='word_1_382' title='bbox 3024 2238 3155 2293; x_wconf 86' lang='lat' dir='ltr'><strong>Nam</strong></span> <span class='ocrx_word' id='word_1_383' title='bbox 3187 2240 3454 2294; x_wconf 75' lang='lat' dir='ltr'><strong>infirmam</strong></span> 
     </span>
    </p>
   </div>
   <div class='ocr_carea' id='block_1_52' title="bbox 1881 2331 3454 2405">
    <p class='ocr_par' dir='ltr' id='par_1_52' title="bbox 1881 2331 3454 2405">
     <span class='ocr_line' id='line_1_52' title="bbox 1881 2331 3454 2405; baseline -0.003 -17"><span class='ocrx_word' id='word_1_384' title='bbox 1881 2347 2090 2405; x_wconf 81' lang='lat' dir='ltr'><strong>partem</strong></span> <span class='ocrx_word' id='word_1_385' title='bbox 2131 2333 2397 2388; x_wconf 86' lang='lat' dir='ltr'><strong>naturalis</strong></span> <span class='ocrx_word' id='word_1_386' title='bbox 2439 2332 2584 2395; x_wconf 89' lang='lat' dir='ltr'><strong>boni,</strong></span> <span class='ocrx_word' id='word_1_387' title='bbox 2625 2347 2744 2400; x_wconf 67' lang='lat' dir='ltr'><strong>quae</strong></span> <span class='ocrx_word' id='word_1_388' title='bbox 2778 2333 2916 2384; x_wconf 89' lang='lat' dir='ltr'><strong>victa</strong></span> <span class='ocrx_word' id='word_1_389' title='bbox 2950 2347 2979 2384; x_wconf 89' lang='lat' dir='ltr'><strong>a</strong></span> <span class='ocrx_word' id='word_1_390' title='bbox 3023 2331 3454 2400; x_wconf 79' lang='lat' dir='ltr'><strong>concupiscentia</strong></span> 
     </span>
    </p>
   </div>
   <div class='ocr_carea' id='block_1_53' title="bbox 1884 2421 3461 2491">
    <p class='ocr_par' dir='ltr' id='par_1_53' title="bbox 1884 2421 3461 2491">
     <span class='ocr_line' id='line_1_53' title="bbox 1884 2421 3461 2491; baseline -0.003 -13"><span class='ocrx_word' id='word_1_391' title='bbox 1884 2425 1934 2478; x_wconf 90' lang='lat' dir='ltr'><strong>in</strong></span> <span class='ocrx_word' id='word_1_392' title='bbox 1990 2438 2214 2491; x_wconf 89' lang='lat' dir='ltr'><strong>corpore</strong></span> <span class='ocrx_word' id='word_1_393' title='bbox 2249 2421 2475 2491; x_wconf 84' lang='lat' dir='ltr'><strong>degente</strong></span> <span class='ocrx_word' id='word_1_394' title='bbox 2509 2423 2834 2489; x_wconf 65' lang='lat' dir='ltr'><strong>aegrotabat,</strong></span> <span class='ocrx_word' id='word_1_395' title='bbox 2872 2423 3084 2476; x_wconf 85' lang='lat' dir='ltr'><strong>sanavit</strong></span> <span class='ocrx_word' id='word_1_396' title='bbox 3127 2421 3284 2487; x_wconf 89' lang='lat' dir='ltr'><strong>Deus,</strong></span> <span class='ocrx_word' id='word_1_397' title='bbox 3334 2423 3461 2474; x_wconf 85' lang='lat' dir='ltr'><strong>titil-</strong></span> 
     </span>
    </p>
   </div>
   <div class='ocr_carea' id='block_1_54' title="bbox 1885 2515 3452 2586">
    <p class='ocr_par' dir='ltr' id='par_1_54' title="bbox 1885 2515 3452 2586">
     <span class='ocr_line' id='line_1_54' title="bbox 1885 2515 3452 2586; baseline -0.001 -16"><span class='ocrx_word' id='word_1_398' title='bbox 1885 2527 2002 2572; x_wconf 89' lang='lat' dir='ltr'><strong>tens</strong></span> <span class='ocrx_word' id='word_1_399' title='bbox 2029 2517 2223 2571; x_wconf 88' lang='lat' dir='ltr'><strong>Filium</strong></span> <span class='ocrx_word' id='word_1_400' title='bbox 2255 2531 2437 2579; x_wconf 91' lang='lat' dir='ltr'><strong>suum,</strong></span> <span class='ocrx_word' id='word_1_401' title='bbox 2463 2517 2556 2586; x_wconf 89' lang='lat' dir='ltr'><strong>qui</strong></span> <span class='ocrx_word' id='word_1_402' title='bbox 2580 2517 2808 2569; x_wconf 87' lang='lat' dir='ltr'><strong>similem</strong></span> <span class='ocrx_word' id='word_1_403' title='bbox 2833 2530 3049 2570; x_wconf 85' lang='lat' dir='ltr'><strong>carnem</strong></span> <span class='ocrx_word' id='word_1_404' title='bbox 3075 2515 3224 2570; x_wconf 89' lang='lat' dir='ltr'><strong>carui</strong></span> <span class='ocrx_word' id='word_1_405' title='bbox 3251 2516 3452 2584; x_wconf 88' lang='lat' dir='ltr'><strong>peccati</strong></span> 
     </span>
    </p>
   </div>
   <div class='ocr_carea' id='block_1_55' title="bbox 1881 2606 3459 2678">
    <p class='ocr_par' dir='ltr' id='par_1_55' title="bbox 1881 2606 3459 2678">
     <span class='ocr_line' id='line_1_55' title="bbox 1881 2606 3459 2678; baseline -0.003 -16"><span class='ocrx_word' id='word_1_406' title='bbox 1881 2609 2193 2678; x_wconf 84' lang='lat' dir='ltr'><strong>assumpsit,</strong></span> <span class='ocrx_word' id='word_1_407' title='bbox 2236 2616 2294 2662; x_wconf 91' lang='lat' dir='ltr'><strong>ut</strong></span> <span class='ocrx_word' id='word_1_408' title='bbox 2333 2618 2559 2676; x_wconf 83' lang='lat' dir='ltr'><strong>peccato</strong></span> <span class='ocrx_word' id='word_1_409' title='bbox 2597 2610 2662 2662; x_wconf 91' lang='lat' dir='ltr'><strong>ad</strong></span> <span class='ocrx_word' id='word_1_410' title='bbox 2699 2609 3117 2662; x_wconf 86' lang='lat' dir='ltr'><strong>internecionem</strong></span> <span class='ocrx_word' id='word_1_411' title='bbox 3153 2606 3459 2678; x_wconf 83' lang='lat' dir='ltr'><strong>proﬂigato,</strong></span> 
     </span>
    </p>
   </div>
   <div class='ocr_carea' id='block_1_56' title="bbox 1880 2699 3460 2771">
    <p class='ocr_par' dir='ltr' id='par_1_56' title="bbox 1880 2699 3460 2771">
     <span class='ocr_line' id='line_1_56' title="bbox 1880 2699 3460 2771; baseline 0.001 -18"><span class='ocrx_word' id='word_1_412' title='bbox 1880 2715 1949 2754; x_wconf 88' lang='lat' dir='ltr'><strong>ne</strong></span> <span class='ocrx_word' id='word_1_413' title='bbox 1993 2701 2345 2764; x_wconf 84' lang='lat' dir='ltr'><strong>repullularet</strong></span> <span class='ocrx_word' id='word_1_414' title='bbox 2390 2701 2441 2754; x_wconf 92' lang='lat' dir='ltr'><strong>iu</strong></span> <span class='ocrx_word' id='word_1_415' title='bbox 2493 2715 2681 2765; x_wconf 91' lang='lat' dir='ltr'><strong>carne,</strong></span> <span class='ocrx_word' id='word_1_416' title='bbox 2735 2711 2792 2754; x_wconf 92' lang='lat' dir='ltr'><strong>et</strong></span> <span class='ocrx_word' id='word_1_417' title='bbox 2849 2702 3152 2771; x_wconf 84' lang='lat' dir='ltr'><strong>proprietas</strong></span> <span class='ocrx_word' id='word_1_418' title='bbox 3198 2699 3460 2755; x_wconf 84' lang='lat' dir='ltr'><strong>naturalis</strong></span> 
     </span>
    </p>
   </div>
   <div class='ocr_carea' id='block_1_57' title="bbox 1885 2793 3461 2865">
    <p class='ocr_par' dir='ltr' id='par_1_57' title="bbox 1885 2793 3461 2865">
     <span class='ocr_line' id='line_1_57' title="bbox 1885 2793 3461 2865; baseline 0 -17"><span class='ocrx_word' id='word_1_419' title='bbox 1885 2795 2019 2865; x_wconf 77' lang='lat' dir='ltr'><strong>legis</strong></span> <span class='ocrx_word' id='word_1_420' title='bbox 2053 2795 2366 2863; x_wconf 88' lang='lat' dir='ltr'><strong>impleretur</strong></span> <span class='ocrx_word' id='word_1_421' title='bbox 2402 2796 2453 2848; x_wconf 93' lang='lat' dir='ltr'><strong>in</strong></span> <span class='ocrx_word' id='word_1_422' title='bbox 2492 2795 2556 2848; x_wconf 94' lang='lat' dir='ltr'><strong>iis</strong></span> <span class='ocrx_word' id='word_1_423' title='bbox 2592 2795 2680 2864; x_wconf 93' lang='lat' dir='ltr'><strong>qui</strong></span> <span class='ocrx_word' id='word_1_424' title='bbox 2716 2811 2820 2848; x_wconf 90' lang='lat' dir='ltr'><strong>non</strong></span> <span class='ocrx_word' id='word_1_425' title='bbox 2853 2796 3148 2849; x_wconf 89' lang='lat' dir='ltr'><strong>secundum</strong></span> <span class='ocrx_word' id='word_1_426' title='bbox 3181 2793 3461 2863; x_wconf 66' lang='lat' dir='ltr'><strong>concupiso</strong></span> 
     </span>
    </p>
   </div>
   <div class='ocr_carea' id='block_1_58' title="bbox 1882 2887 3457 2949">
    <p class='ocr_par' dir='ltr' id='par_1_58' title="bbox 1882 2887 3457 2949">
     <span class='ocr_line' id='line_1_58' title="bbox 1882 2887 3457 2949; baseline -0.001 -8"><span class='ocrx_word' id='word_1_427' title='bbox 1882 2889 2114 2941; x_wconf 88' lang='lat' dir='ltr'><strong>centiam</strong></span> <span class='ocrx_word' id='word_1_428' title='bbox 2167 2887 2369 2949; x_wconf 89' lang='lat' dir='ltr'><strong>carnis,</strong></span> <span class='ocrx_word' id='word_1_429' title='bbox 2405 2887 2498 2941; x_wconf 89' lang='lat' dir='ltr'><strong>sed</strong></span> <span class='ocrx_word' id='word_1_430' title='bbox 2545 2889 2841 2941; x_wconf 88' lang='lat' dir='ltr'><strong>secundum</strong></span> <span class='ocrx_word' id='word_1_431' title='bbox 2885 2888 3214 2942; x_wconf 86' lang='lat' dir='ltr'><strong>desiderium</strong></span> <span class='ocrx_word' id='word_1_432' title='bbox 3255 2897 3310 2941; x_wconf 93' lang='lat' dir='ltr'><strong>et</strong></span> <span class='ocrx_word' id='word_1_433' title='bbox 3355 2888 3457 2940; x_wconf 83' lang='lat' dir='ltr'><strong>du-</strong></span> 
     </span>
    </p>
   </div>
   <div class='ocr_carea' id='block_1_59' title="bbox 1883 2977 3459 3048">
    <p class='ocr_par' dir='ltr' id='par_1_59' title="bbox 1883 2977 3459 3048">
     <span class='ocr_line' id='line_1_59' title="bbox 1883 2977 3459 3048; baseline 0.003 -20"><span class='ocrx_word' id='word_1_434' title='bbox 1883 2987 2029 3031; x_wconf 87' lang='lat' dir='ltr'><strong>ctum</strong></span> <span class='ocrx_word' id='word_1_435' title='bbox 2081 2978 2303 3045; x_wconf 89' lang='lat' dir='ltr'><strong>spiritus</strong></span> <span class='ocrx_word' id='word_1_436' title='bbox 2350 2978 2646 3034; x_wconf 88' lang='lat' dir='ltr'><strong>ambulant.</strong></span> <span class='ocrx_word' id='word_1_437' title='bbox 2694 2977 2804 3033; x_wconf 81' lang='lat' dir='ltr'><strong>Lex</strong></span> <span class='ocrx_word' id='word_1_438' title='bbox 2853 2979 2996 3034; x_wconf 91' lang='lat' dir='ltr'><strong>enim</strong></span> <span class='ocrx_word' id='word_1_439' title='bbox 3041 2979 3264 3048; x_wconf 89' lang='lat' dir='ltr'><strong>spiritus</strong></span> <span class='ocrx_word' id='word_1_440' title='bbox 3315 2979 3459 3044; x_wconf 71' lang='lat' dir='ltr'><strong>vitm,</strong></span> 
     </span>
    </p>
   </div>
   <div class='ocr_carea' id='block_1_60' title="bbox 196 3059 1776 3142">
    <p class='ocr_par' dir='ltr' id='par_1_60' title="bbox 196 3059 1775 3135">
     <span class='ocr_line' id='line_1_60' title="bbox 196 3059 1775 3135; baseline 0.003 -23"><span class='ocrx_word' id='word_1_441' title='bbox 196 3059 436 3130; x_wconf 86' lang='grc' dir='ltr'>φυσικοῦ</span> <span class='ocrx_word' id='word_1_442' title='bbox 465 3060 630 3128; x_wconf 87' lang='grc' dir='ltr'>νόμου</span> <span class='ocrx_word' id='word_1_443' title='bbox 660 3060 944 3131; x_wconf 79' lang='grc' dir='ltr'>πληρωθῇ,</span> <span class='ocrx_word' id='word_1_444' title='bbox 981 3059 1282 3114; x_wconf 86' lang='grc' dir='ltr'>πλεονάσαν</span> <span class='ocrx_word' id='word_1_445' title='bbox 1311 3065 1376 3132; x_wconf 81' lang='grc' dir='ltr'>τῇ</span> <span class='ocrx_word' id='word_1_446' title='bbox 1411 3063 1622 3135; x_wconf 74' lang='grc' dir='ltr'>ὑπακοῇ</span> <span class='ocrx_word' id='word_1_447' title='bbox 1663 3068 1775 3128; x_wconf 85' lang='grc' dir='ltr'>τοῖς</span> 
     </span>
    </p>
   </div>
   <div class='ocr_carea' id='block_1_61' title="bbox 1884 3059 3462 3142">
    <p class='ocr_par' dir='ltr' id='par_1_61' title="bbox 1884 3069 3462 3142">
     <span class='ocr_line' id='line_1_61' title="bbox 1884 3069 3462 3142; baseline 0.004 -23"><span class='ocrx_word' id='word_1_448' title='bbox 1884 3069 2019 3138; x_wconf 86' lang='lat' dir='ltr'><strong>quod</strong></span> <span class='ocrx_word' id='word_1_449' title='bbox 2047 3081 2130 3124; x_wconf 92' lang='lat' dir='ltr'><strong>est</strong></span> <span class='ocrx_word' id='word_1_450' title='bbox 2162 3070 2506 3142; x_wconf 84' lang='lat' dir='ltr'><strong>Evangelium</strong></span> <span class='ocrx_word' id='word_1_451' title='bbox 2534 3070 2552 3141; x_wconf 95' lang='lat'>(</span> <span class='ocrx_word' id='word_1_452' title='bbox 2577 3087 2696 3140; x_wconf 66' lang='lat' dir='ltr'><strong>quae</strong></span> <span class='ocrx_word' id='word_1_453' title='bbox 2724 3072 2827 3123; x_wconf 85' lang='lat' dir='ltr'><strong>alia</strong></span> <span class='ocrx_word' id='word_1_454' title='bbox 2891 3081 2973 3126; x_wconf 88' lang='lat' dir='ltr'><strong>est</strong></span> <span class='ocrx_word' id='word_1_455' title='bbox 3004 3072 3071 3126; x_wconf 88' lang='lat' dir='ltr'><strong>ah</strong></span> <span class='ocrx_word' id='word_1_456' title='bbox 3107 3070 3304 3141; x_wconf 77' lang='lat' dir='ltr'><strong>297a</strong></span> <span class='ocrx_word' id='word_1_457' title='bbox 3337 3079 3462 3126; x_wconf 89' lang='lat' dir='ltr'><strong>ante</strong></span> 
     </span>
    </p>
   </div>
   <div class='ocr_carea' id='block_1_62' title="bbox 198 3150 1775 3222">
    <p class='ocr_par' dir='ltr' id='par_1_62' title="bbox 198 3150 1775 3222">
     <span class='ocr_line' id='line_1_62' title="bbox 198 3150 1775 3222; baseline 0.003 -19"><span class='ocrx_word' id='word_1_458' title='bbox 198 3150 279 3219; x_wconf 80' lang='grc' dir='ltr'>μὴ</span> <span class='ocrx_word' id='word_1_459' title='bbox 308 3150 455 3204; x_wconf 86' lang='grc' dir='ltr'>κατά</span> <span class='ocrx_word' id='word_1_460' title='bbox 482 3150 582 3220; x_wconf 82' lang='grc' dir='ltr'>τὴν</span> <span class='ocrx_word' id='word_1_461' title='bbox 637 3150 931 3220; x_wconf 83' lang='grc' dir='ltr'>ἐπιθυμίαν</span> <span class='ocrx_word' id='word_1_462' title='bbox 985 3151 1085 3219; x_wconf 85' lang='grc' dir='ltr'>τῆς</span> <span class='ocrx_word' id='word_1_463' title='bbox 1125 3151 1324 3221; x_wconf 84' lang='grc' dir='ltr'>σαρκὸς</span> <span class='ocrx_word' id='word_1_464' title='bbox 1359 3153 1775 3222; x_wconf 84' lang='grc' dir='ltr'>περιπατοῦσιν,</span> 
     </span>
    </p>
   </div>
   <div class='ocr_carea' id='block_1_63' title="bbox 194 3239 1777 3316">
    <p class='ocr_par' dir='ltr' id='par_1_63' title="bbox 194 3239 1777 3316">
     <span class='ocr_line' id='line_1_63' title="bbox 194 3239 1777 3316; baseline 0.004 -22"><span class='ocrx_word' id='word_1_465' title='bbox 194 3241 335 3294; x_wconf 75' lang='grc' dir='ltr'><strong>ἀλλὰ</strong></span> <span class='ocrx_word' id='word_1_466' title='bbox 385 3240 531 3294; x_wconf 81' lang='grc' dir='ltr'>κατὰ</span> <span class='ocrx_word' id='word_1_467' title='bbox 573 3239 673 3310; x_wconf 78' lang='grc' dir='ltr'>τὴν</span> <span class='ocrx_word' id='word_1_468' title='bbox 724 3240 1020 3308; x_wconf 86' lang='grc' dir='ltr'>ἐπιθυμίαν</span> <span class='ocrx_word' id='word_1_469' title='bbox 1077 3241 1172 3294; x_wconf 87' lang='grc' dir='ltr'>τοῦ</span> <span class='ocrx_word' id='word_1_470' title='bbox 1207 3243 1516 3314; x_wconf 90' lang='grc' dir='ltr'>πνεύματος</span> <span class='ocrx_word' id='word_1_471' title='bbox 1565 3246 1659 3299; x_wconf 77' lang='grc' dir='ltr'><strong>καὶ</strong></span> <span class='ocrx_word' id='word_1_472' title='bbox 1677 3247 1777 3316; x_wconf 85' lang='grc' dir='ltr'><strong>τὴν</strong></span> 
     </span>
    </p>
   </div>
   <div class='ocr_carea' id='block_1_64' title="bbox 195 3331 1772 3408">
    <p class='ocr_par' dir='ltr' id='par_1_64' title="bbox 195 3331 1772 3408">
     <span class='ocr_line' id='line_1_64' title="bbox 195 3331 1772 3408; baseline 0.004 -23"><span class='ocrx_word' id='word_1_473' title='bbox 195 3331 574 3402; x_wconf 80' lang='grc' dir='ltr'><strong>ὑφήγησιν.⁹0</strong></span> <span class='ocrx_word' id='word_1_474' title='bbox 603 3332 712 3404; x_wconf 83' lang='grc' dir='ltr'>γὰρ</span> <span class='ocrx_word' id='word_1_475' title='bbox 731 3332 893 3403; x_wconf 88' lang='grc' dir='ltr'>νόμος</span> <span class='ocrx_word' id='word_1_476' title='bbox 924 3333 1017 3386; x_wconf 86' lang='grc' dir='ltr'><strong>τοῦ</strong></span> <span class='ocrx_word' id='word_1_477' title='bbox 1043 3333 1352 3404; x_wconf 84' lang='grc' dir='ltr'>πνεύματος</span> <span class='ocrx_word' id='word_1_478' title='bbox 1383 3337 1482 3406; x_wconf 82' lang='grc' dir='ltr'><strong>τῆς</strong></span> <span class='ocrx_word' id='word_1_479' title='bbox 1528 3337 1672 3408; x_wconf 78' lang='grc' dir='ltr'>ζωῆς</span> <span class='ocrx_word' id='word_1_480' title='bbox 1707 3341 1772 3406; x_wconf 85' lang='grc'>³¹,</span> 
     </span>
    </p>
   </div>
   <div class='ocr_carea' id='block_1_65' title="bbox 193 3422 1776 3499">
    <p class='ocr_par' dir='ltr' id='par_1_65' title="bbox 193 3422 1776 3499">
     <span class='ocr_line' id='line_1_65' title="bbox 193 3422 1776 3499; baseline 0.004 -23"><span class='ocrx_word' id='word_1_481' title='bbox 193 3423 224 3476; x_wconf 84' lang='grc' dir='ltr'><strong>δ</strong></span> <span class='ocrx_word' id='word_1_482' title='bbox 255 3422 318 3492; x_wconf 86' lang='grc' dir='ltr'>δή</span> <span class='ocrx_word' id='word_1_483' title='bbox 351 3423 467 3475; x_wconf 87' lang='grc' dir='ltr'>ἐστι</span> <span class='ocrx_word' id='word_1_484' title='bbox 493 3423 556 3474; x_wconf 84' lang='grc' dir='ltr'>τὸ</span> <span class='ocrx_word' id='word_1_485' title='bbox 580 3423 919 3492; x_wconf 79' lang='grc' dir='ltr'>εὐαγγέλιον,</span> <span class='ocrx_word' id='word_1_486' title='bbox 943 3423 1130 3494; x_wconf 74' lang='grc' dir='ltr'>ἕτερος</span> <span class='ocrx_word' id='word_1_487' title='bbox 1177 3424 1254 3478; x_wconf 85' lang='grc' dir='ltr'>ὢν</span> <span class='ocrx_word' id='word_1_488' title='bbox 1285 3425 1394 3478; x_wconf 82' lang='grc' dir='ltr'>τῶν</span> <span class='ocrx_word' id='word_1_489' title='bbox 1443 3432 1776 3499; x_wconf 85' lang='grc' dir='ltr'>προειρημέ-</span> 
     </span>
    </p>
   </div>
   <div class='ocr_carea' id='block_1_66' title="bbox 1886 3160 3459 3231">
    <p class='ocr_par' dir='ltr' id='par_1_66' title="bbox 1886 3160 3459 3231">
     <span class='ocr_line' id='line_1_66' title="bbox 1886 3160 3459 3231; baseline 0.002 -18"><span class='ocrx_word' id='word_1_490' title='bbox 1886 3160 2044 3213; x_wconf 88' lang='lat' dir='ltr'><strong>dictis</strong></span> <span class='ocrx_word' id='word_1_491' title='bbox 2083 3160 2311 3230; x_wconf 80' lang='lat' dir='ltr'><strong>legibus,</strong></span> <span class='ocrx_word' id='word_1_492' title='bbox 2356 3178 2451 3231; x_wconf 88' lang='lat' dir='ltr'><strong>per</strong></span> <span class='ocrx_word' id='word_1_493' title='bbox 2498 3164 2932 3230; x_wconf 72' lang='lat' dir='ltr'><strong>prmdicationem</strong></span> <span class='ocrx_word' id='word_1_494' title='bbox 2984 3163 3048 3215; x_wconf 90' lang='lat' dir='ltr'><strong>ad</strong></span> <span class='ocrx_word' id='word_1_495' title='bbox 3099 3164 3459 3216; x_wconf 80' lang='lat' dir='ltr'><strong>obedientiam</strong></span> 
     </span>
    </p>
   </div>
   <div class='ocr_carea' id='block_1_67' title="bbox 1884 3253 3463 3326">
    <p class='ocr_par' dir='ltr' id='par_1_67' title="bbox 1884 3253 3463 3326">
     <span class='ocr_line' id='line_1_67' title="bbox 1884 3253 3463 3326; baseline 0.003 -22"><span class='ocrx_word' id='word_1_496' title='bbox 1884 3260 1936 3304; x_wconf 90' lang='lat' dir='ltr'><strong>et</strong></span> <span class='ocrx_word' id='word_1_497' title='bbox 1973 3253 2341 3308; x_wconf 89' lang='lat' dir='ltr'><strong>remissionem</strong></span> <span class='ocrx_word' id='word_1_498' title='bbox 2405 3263 2750 3322; x_wconf 88' lang='lat' dir='ltr'><strong>peccatorqu</strong></span> <span class='ocrx_word' id='word_1_499' title='bbox 2805 3254 3010 3326; x_wconf 86' lang='lat' dir='ltr'><strong>posita)</strong></span> <span class='ocrx_word' id='word_1_500' title='bbox 3055 3254 3301 3307; x_wconf 89' lang='lat' dir='ltr'><strong>liberavit</strong></span> <span class='ocrx_word' id='word_1_501' title='bbox 3365 3268 3463 3308; x_wconf 85' lang='lat' dir='ltr'><strong>nos</strong></span> 
     </span>
    </p>
   </div>
   <div class='ocr_carea' id='block_1_68' title="bbox 1885 3342 3463 3416">
    <p class='ocr_par' dir='ltr' id='par_1_68' title="bbox 1885 3342 3463 3416">
     <span class='ocr_line' id='line_1_68' title="bbox 1885 3342 3463 3416; baseline 0.004 -21"><span class='ocrx_word' id='word_1_502' title='bbox 1885 3357 1916 3396; x_wconf 89' lang='lat' dir='ltr'><strong>a</strong></span> <span class='ocrx_word' id='word_1_503' title='bbox 1951 3342 2066 3412; x_wconf 86' lang='lat' dir='ltr'><strong>lege</strong></span> <span class='ocrx_word' id='word_1_504' title='bbox 2117 3345 2320 3412; x_wconf 81' lang='lat' dir='ltr'><strong>peccati</strong></span> <span class='ocrx_word' id='word_1_505' title='bbox 2367 3355 2421 3399; x_wconf 84' lang='lat' dir='ltr'><strong>et</strong></span> <span class='ocrx_word' id='word_1_506' title='bbox 2475 3349 2684 3411; x_wconf 87' lang='lat' dir='ltr'><strong>mortis,</strong></span> <span class='ocrx_word' id='word_1_507' title='bbox 2731 3347 2941 3400; x_wconf 79' lang='lat' dir='ltr'><strong>devicto</strong></span> <span class='ocrx_word' id='word_1_508' title='bbox 2982 3347 3195 3415; x_wconf 80' lang='lat' dir='ltr'><strong>penitus</strong></span> <span class='ocrx_word' id='word_1_509' title='bbox 3240 3356 3463 3416; x_wconf 89' lang='lat' dir='ltr'><strong>peccato</strong></span> 
     </span>
    </p>
   </div>
   <div class='ocr_carea' id='block_1_69' title="bbox 1885 3436 2626 3504">
    <p class='ocr_par' dir='ltr' id='par_1_69' title="bbox 1885 3436 2626 3504">
     <span class='ocr_line' id='line_1_69' title="bbox 1885 3436 2626 3504; baseline 0.009 -19"><span class='ocrx_word' id='word_1_510' title='bbox 1885 3436 2026 3504; x_wconf 90' lang='lat' dir='ltr'><strong>quod</strong></span> <span class='ocrx_word' id='word_1_511' title='bbox 2055 3437 2203 3490; x_wconf 88' lang='lat' dir='ltr'><strong>carui</strong></span> <span class='ocrx_word' id='word_1_512' title='bbox 2230 3437 2626 3492; x_wconf 88' lang='lat' dir='ltr'><strong>dominabatur.</strong></span> 
     </span>
    </p>
   </div>
   <div class='ocr_carea' id='block_1_70' title="bbox 193 3516 3464 3605">
    <p class='ocr_par' dir='ltr' id='par_1_70' title="bbox 193 3516 3464 3605">
     <span class='ocr_line' id='line_1_70' title="bbox 193 3516 3464 3605; baseline 0.005 -34"><span class='ocrx_word' id='word_1_513' title='bbox 193 3535 306 3572; x_wconf 90' lang='grc' dir='ltr'>νων</span> <span class='ocrx_word' id='word_1_514' title='bbox 357 3518 560 3588; x_wconf 91' lang='grc' dir='ltr'>νόμων,</span> <span class='ocrx_word' id='word_1_515' title='bbox 591 3517 680 3572; x_wconf 83' lang='grc' dir='ltr'><strong>διὰ</strong></span> <span class='ocrx_word' id='word_1_516' title='bbox 735 3516 830 3571; x_wconf 86' lang='grc' dir='ltr'>τοῦ</span> <span class='ocrx_word' id='word_1_517' title='bbox 859 3517 1212 3588; x_wconf 84' lang='grc' dir='ltr'>κηρύγματος</span> <span class='ocrx_word' id='word_1_518' title='bbox 1243 3521 1378 3589; x_wconf 81' lang='grc' dir='ltr'>πρὸς</span> <span class='ocrx_word' id='word_1_519' title='bbox 1419 3522 1664 3594; x_wconf 79' lang='grc' dir='ltr'>ὑπακοὴν</span> <span class='ocrx_word' id='word_1_520' title='bbox 1727 3526 1904 3590; x_wconf 80' lang='grc' dir='ltr'>τεθεὶς</span> <span class='ocrx_word' id='word_1_521' title='bbox 1949 3529 2044 3581; x_wconf 75' lang='grc' dir='ltr'>καὶ</span> <span class='ocrx_word' id='word_1_522' title='bbox 2117 3532 2310 3600; x_wconf 81' lang='grc' dir='ltr'>ἄφεσιν</span> <span class='ocrx_word' id='word_1_523' title='bbox 2369 3532 2801 3605; x_wconf 82' lang='grc' dir='ltr'>ἁμαρτημάτων,</span> <span class='ocrx_word' id='word_1_524' title='bbox 2861 3534 3236 3604; x_wconf 68' lang='grc' dir='ltr'>ἠλευθέρωσεν</span> <span class='ocrx_word' id='word_1_525' title='bbox 3313 3535 3464 3604; x_wconf 76' lang='grc' dir='ltr'>ἡμᾶς</span> 
     </span>
    </p>
   </div>
   <div class='ocr_carea' id='block_1_71' title="bbox 191 3610 3461 3695">
    <p class='ocr_par' dir='ltr' id='par_1_71' title="bbox 191 3610 3461 3695">
     <span class='ocr_line' id='line_1_71' title="bbox 191 3610 3461 3695; baseline 0.007 -32"><span class='ocrx_word' id='word_1_526' title='bbox 191 3612 307 3664; x_wconf 79' lang='grc' dir='ltr'>ἀπὸ</span> <span class='ocrx_word' id='word_1_527' title='bbox 365 3611 460 3664; x_wconf 90' lang='grc' dir='ltr'>τοῦ</span> <span class='ocrx_word' id='word_1_528' title='bbox 516 3611 680 3682; x_wconf 89' lang='grc' dir='ltr'>νόμου</span> <span class='ocrx_word' id='word_1_529' title='bbox 731 3610 834 3680; x_wconf 83' lang='grc' dir='ltr'>τῆς</span> <span class='ocrx_word' id='word_1_530' title='bbox 893 3610 1165 3681; x_wconf 82' lang='grc' dir='ltr'>ἁμαρτίας</span> <span class='ocrx_word' id='word_1_531' title='bbox 1219 3611 1311 3663; x_wconf 70' lang='grc' dir='ltr'><strong>καὶ</strong></span> <span class='ocrx_word' id='word_1_532' title='bbox 1369 3611 1464 3664; x_wconf 87' lang='grc' dir='ltr'>τοῦ</span> <span class='ocrx_word' id='word_1_533' title='bbox 1514 3613 1766 3680; x_wconf 72' lang='grc' dir='ltr'>Θανάτου,</span> <span class='ocrx_word' id='word_1_534' title='bbox 1803 3619 2028 3686; x_wconf 81' lang='grc' dir='ltr'>νικήσας</span> <span class='ocrx_word' id='word_1_535' title='bbox 2047 3622 2110 3674; x_wconf 91' lang='grc' dir='ltr'><strong>ἐκ</strong></span> <span class='ocrx_word' id='word_1_536' title='bbox 2137 3623 2336 3687; x_wconf 84' lang='grc' dir='ltr'>παντὸς</span> <span class='ocrx_word' id='word_1_537' title='bbox 2369 3623 2468 3694; x_wconf 79' lang='grc' dir='ltr'><strong>τὴν</strong></span> <span class='ocrx_word' id='word_1_538' title='bbox 2493 3623 2770 3693; x_wconf 81' lang='grc' dir='ltr'>ἁμαρτίαν</span> <span class='ocrx_word' id='word_1_539' title='bbox 2831 3622 3222 3694; x_wconf 81' lang='grc' dir='ltr'>βασιλεύουσαν</span> <span class='ocrx_word' id='word_1_540' title='bbox 3298 3626 3396 3695; x_wconf 80' lang='grc' dir='ltr'><strong>τῆς</strong></span> <span class='ocrx_word' id='word_1_541' title='bbox 3415 3626 3461 3657; x_wconf 71' lang='grc'><strong>³⁵³</strong></span> 
     </span>
    </p>
   </div>
   <div class='ocr_carea' id='block_1_72' title="bbox 195 3703 423 3775">
    <p class='ocr_par' dir='ltr' id='par_1_72' title="bbox 195 3703 423 3775">
     <span class='ocr_line' id='line_1_72' title="bbox 195 3703 423 3775; baseline -0.004 -17"><span class='ocrx_word' id='word_1_542' title='bbox 195 3703 423 3775; x_wconf 82' lang='grc' dir='ltr'>σαρκός.</span> 
     </span>
    </p>
   </div>
   <div class='ocr_carea' id='block_1_73' title="bbox 272 3793 1777 3870">
    <p class='ocr_par' dir='ltr' id='par_1_73' title="bbox 272 3793 1777 3870">
     <span class='ocr_line' id='line_1_73' title="bbox 272 3793 1777 3870; baseline 0.025 -39"><span class='ocrx_word' id='word_1_543' title='bbox 272 3797 396 3850; x_wconf 76' lang='grc' dir='ltr'><strong>Ὅτι</strong></span> <span class='ocrx_word' id='word_1_544' title='bbox 451 3796 586 3866; x_wconf 76' lang='grc' dir='ltr'>φησὶ</span> <span class='ocrx_word' id='word_1_545' title='bbox 645 3793 721 3865; x_wconf 81' lang='grc' dir='ltr'>μὴ</span> <span class='ocrx_word' id='word_1_546' title='bbox 775 3796 1073 3866; x_wconf 80' lang='grc' dir='ltr'>τρέφεσθαι</span> <span class='ocrx_word' id='word_1_547' title='bbox 1123 3798 1156 3868; x_wconf 82' lang='grc' dir='ltr'>ἢ</span> <span class='ocrx_word' id='word_1_548' title='bbox 1210 3799 1460 3866; x_wconf 77' lang='grc' dir='ltr'>αὐξάνειν</span> <span class='ocrx_word' id='word_1_549' title='bbox 1521 3799 1628 3852; x_wconf 75' lang='grc' dir='ltr'><strong>ἀπὸ</strong></span> <span class='ocrx_word' id='word_1_550' title='bbox 1677 3800 1777 3870; x_wconf 70' lang='grc' dir='ltr'><strong>τῆς</strong></span> 
     </span>
    </p>
   </div>
   <div class='ocr_carea' id='block_1_74' title="bbox 191 3891 1774 3964">
    <p class='ocr_par' dir='ltr' id='par_1_74' title="bbox 191 3891 1774 3964">
     <span class='ocr_line' id='line_1_74' title="bbox 191 3891 1774 3964; baseline -0.007 -9"><span class='ocrx_word' id='word_1_551' title='bbox 191 3892 302 3961; x_wconf 77' lang='grc' dir='ltr'><strong>γῆς</strong></span> <span class='ocrx_word' id='word_1_552' title='bbox 357 3892 428 3944; x_wconf 57' lang='grc' dir='ltr'><strong>τὰ</strong></span> <span class='ocrx_word' id='word_1_553' title='bbox 477 3891 637 3961; x_wconf 76' lang='grc' dir='ltr'>φυτά.</span> <span class='ocrx_word' id='word_1_554' title='bbox 688 3891 852 3960; x_wconf 80' lang='grc' dir='ltr'>Λέγει</span> <span class='ocrx_word' id='word_1_555' title='bbox 899 3891 1028 3962; x_wconf 86' lang='grc' dir='ltr'>γὰρ,</span> <span class='ocrx_word' id='word_1_556' title='bbox 1091 3893 1430 3964; x_wconf 73' lang='grc' dir='ltr'>Διαπορήσαι</span> <span class='ocrx_word' id='word_1_557' title='bbox 1482 3893 1526 3947; x_wconf 84' lang='grc' dir='ltr'>δ’</span> <span class='ocrx_word' id='word_1_558' title='bbox 1577 3893 1641 3946; x_wconf 83' lang='grc' dir='ltr'>ἄν</span> <span class='ocrx_word' id='word_1_559' title='bbox 1690 3909 1774 3956; x_wconf 88' lang='grc' dir='ltr'><strong>τις</strong></span> 
     </span>
    </p>
   </div>
   <div class='ocr_carea' id='block_1_75' title="bbox 195 3982 1774 4055">
    <p class='ocr_par' dir='ltr' id='par_1_75' title="bbox 195 3982 1774 4055">
     <span class='ocr_line' id='line_1_75' title="bbox 195 3982 1774 4055; baseline 0.001 -19"><span class='ocrx_word' id='word_1_560' title='bbox 195 3984 317 4047; x_wconf 82' lang='grc' dir='ltr'>πῶς</span> <span class='ocrx_word' id='word_1_561' title='bbox 378 3983 457 4046; x_wconf 82' lang='grc' dir='ltr'><strong>εἰς</strong></span> <span class='ocrx_word' id='word_1_562' title='bbox 510 3982 601 4036; x_wconf 76' lang='grc' dir='ltr'>τὸν</span> <span class='ocrx_word' id='word_1_563' title='bbox 655 3983 820 4051; x_wconf 71' lang='grc' dir='ltr'>ὄγκον</span> <span class='ocrx_word' id='word_1_564' title='bbox 873 3983 1350 4055; x_wconf 75' lang='grc' dir='ltr'>ἀναλαμϐάνεσθαι</span> <span class='ocrx_word' id='word_1_565' title='bbox 1393 3985 1612 4038; x_wconf 87' lang='grc' dir='ltr'>δύναται</span> <span class='ocrx_word' id='word_1_566' title='bbox 1665 3985 1774 4038; x_wconf 83' lang='grc' dir='ltr'>τῶν</span> 
     </span>
    </p>
   </div>
   <div class='ocr_carea' id='block_1_76' title="bbox 198 4075 1774 4149">
    <p class='ocr_par' dir='ltr' id='par_1_76' title="bbox 198 4075 1774 4149">
     <span class='ocr_line' id='line_1_76' title="bbox 198 4075 1774 4149; baseline 0.003 -21"><span class='ocrx_word' id='word_1_567' title='bbox 198 4075 434 4143; x_wconf 76' lang='grc' dir='ltr'>δένδρων</span> <span class='ocrx_word' id='word_1_568' title='bbox 485 4075 519 4144; x_wconf 79' lang='grc' dir='ltr'><strong>ἡ</strong></span> <span class='ocrx_word' id='word_1_569' title='bbox 575 4076 645 4146; x_wconf 81' lang='grc' dir='ltr'>γῆ</span> <span class='ocrx_word' id='word_1_570' title='bbox 705 4075 1206 4148; x_wconf 83' lang='grc' dir='ltr'>μεταλλοιουμένη⁶</span> <span class='ocrx_word' id='word_1_571' title='bbox 1270 4077 1438 4149; x_wconf 71' lang='grc' dir='ltr'>ἐχρῆν</span> <span class='ocrx_word' id='word_1_572' title='bbox 1497 4082 1626 4149; x_wconf 67' lang='grc' dir='ltr'>γὰρ,</span> <span class='ocrx_word' id='word_1_573' title='bbox 1679 4078 1774 4132; x_wconf 84' lang='grc' dir='ltr'><strong>ἆτε</strong></span> 
     </span>
    </p>
   </div>
   <div class='ocr_carea' id='block_1_77' title="bbox 196 4165 1775 4240">
    <p class='ocr_par' dir='ltr' id='par_1_77' title="bbox 196 4165 1775 4240">
     <span class='ocr_line' id='line_1_77' title="bbox 196 4165 1775 4240; baseline 0.003 -22"><span class='ocrx_word' id='word_1_574' title='bbox 196 4165 300 4234; x_wconf 82' lang='grc' dir='ltr'>τῆς</span> <span class='ocrx_word' id='word_1_575' title='bbox 348 4165 714 4235; x_wconf 83' lang='grc' dir='ltr'>ὑποκειμένης</span> <span class='ocrx_word' id='word_1_576' title='bbox 760 4169 864 4236; x_wconf 81' lang='grc' dir='ltr'>γῆς</span> <span class='ocrx_word' id='word_1_577' title='bbox 923 4168 1376 4240; x_wconf 79' lang='grc' dir='ltr'>ἀναρπαζομὲνης</span> <span class='ocrx_word' id='word_1_578' title='bbox 1413 4170 1498 4222; x_wconf 71' lang='grc' dir='ltr'><strong>ἀεὶ</strong></span> <span class='ocrx_word' id='word_1_579' title='bbox 1534 4171 1622 4223; x_wconf 86' lang='grc' dir='ltr'><strong>διὰ</strong></span> <span class='ocrx_word' id='word_1_580' title='bbox 1668 4171 1775 4222; x_wconf 85' lang='grc' dir='ltr'>τῶν</span> 
     </span>
    </p>
   </div>
   <div class='ocr_carea' id='block_1_78' title="bbox 201 4255 1776 4326">
    <p class='ocr_par' dir='ltr' id='par_1_78' title="bbox 201 4255 1776 4326">
     <span class='ocr_line' id='line_1_78' title="bbox 201 4255 1776 4326; baseline 0.006 -20"><span class='ocrx_word' id='word_1_581' title='bbox 201 4255 369 4325; x_wconf 75' lang='grc' dir='ltr'>ῥιζῶν</span> <span class='ocrx_word' id='word_1_582' title='bbox 404 4258 483 4316; x_wconf 88' lang='grc' dir='ltr'>εἰς</span> <span class='ocrx_word' id='word_1_583' title='bbox 513 4255 640 4326; x_wconf 83' lang='grc' dir='ltr'>ὃλην</span> <span class='ocrx_word' id='word_1_584' title='bbox 669 4258 769 4326; x_wconf 79' lang='grc' dir='ltr'>τὴν</span> <span class='ocrx_word' id='word_1_585' title='bbox 814 4257 926 4322; x_wconf 77' lang='grc' dir='ltr'>ἕξιν</span> <span class='ocrx_word' id='word_1_586' title='bbox 963 4259 1058 4311; x_wconf 87' lang='grc' dir='ltr'>τοῦ</span> <span class='ocrx_word' id='word_1_587' title='bbox 1109 4258 1290 4326; x_wconf 82' lang='grc' dir='ltr'>ξύλου,</span> <span class='ocrx_word' id='word_1_588' title='bbox 1325 4261 1416 4312; x_wconf 85' lang='grc' dir='ltr'><strong>τὸν</strong></span> <span class='ocrx_word' id='word_1_589' title='bbox 1440 4262 1623 4325; x_wconf 87' lang='grc' dir='ltr'>τόπον,</span> <span class='ocrx_word' id='word_1_590' title='bbox 1654 4261 1776 4315; x_wconf 83' lang='grc' dir='ltr'>καθ’</span> 
     </span>
    </p>
   </div>
   <div class='ocr_carea' id='block_1_79' title="bbox 1947 3800 3463 3875">
    <p class='ocr_par' dir='ltr' id='par_1_79' title="bbox 1947 3800 3463 3875">
     <span class='ocr_line' id='line_1_79' title="bbox 1947 3800 3463 3875; baseline 0.004 -21"><span class='ocrx_word' id='word_1_591' title='bbox 1947 3800 2165 3854; x_wconf 86' lang='lat' dir='ltr'><strong>Plantas</strong></span> <span class='ocrx_word' id='word_1_592' title='bbox 2199 3803 2274 3856; x_wconf 91' lang='lat' dir='ltr'><strong>ait</strong></span> <span class='ocrx_word' id='word_1_593' title='bbox 2327 3801 2677 3875; x_wconf 63' lang='lat' dir='ltr'><strong>[Methodius]</strong></span> <span class='ocrx_word' id='word_1_594' title='bbox 2725 3818 2824 3859; x_wconf 92' lang='lat' dir='ltr'><strong>nec</strong></span> <span class='ocrx_word' id='word_1_595' title='bbox 2863 3819 2891 3858; x_wconf 90' lang='lat' dir='ltr'><strong>a</strong></span> <span class='ocrx_word' id='word_1_596' title='bbox 2935 3815 3078 3860; x_wconf 86' lang='lat' dir='ltr'><strong>terra</strong></span> <span class='ocrx_word' id='word_1_597' title='bbox 3117 3805 3183 3859; x_wconf 89' lang='lat' dir='ltr'><strong>ali</strong></span> <span class='ocrx_word' id='word_1_598' title='bbox 3226 3821 3324 3862; x_wconf 92' lang='lat' dir='ltr'><strong>nec</strong></span> <span class='ocrx_word' id='word_1_599' title='bbox 3365 3824 3463 3860; x_wconf 81' lang='lat' dir='ltr'><strong>au-</strong></span> 
     </span>
    </p>
   </div>
   <div class='ocr_carea' id='block_1_80' title="bbox 1873 3892 3464 3966">
    <p class='ocr_par' dir='ltr' id='par_1_80' title="bbox 1873 3892 3464 3966">
     <span class='ocr_line' id='line_1_80' title="bbox 1873 3892 3464 3966; baseline 0.006 -20"><span class='ocrx_word' id='word_1_600' title='bbox 1873 3893 2008 3959; x_wconf 83' lang='lat' dir='ltr'><strong>geri.</strong></span> <span class='ocrx_word' id='word_1_601' title='bbox 2061 3892 2320 3956; x_wconf 88' lang='lat' dir='ltr'><strong>Dubitct.,</strong></span> <span class='ocrx_word' id='word_1_602' title='bbox 2394 3894 2604 3962; x_wconf 87' lang='lat' dir='ltr'><strong>inquit,</strong></span> <span class='ocrx_word' id='word_1_603' title='bbox 2669 3894 2938 3964; x_wconf 84' lang='lat' dir='ltr'><strong>quispiam</strong></span> <span class='ocrx_word' id='word_1_604' title='bbox 2992 3899 3264 3966; x_wconf 86' lang='lat' dir='ltr'><strong>quomodo</strong></span> <span class='ocrx_word' id='word_1_605' title='bbox 3321 3909 3464 3956; x_wconf 82' lang='lat' dir='ltr'><strong>terra</strong></span> 
     </span>
    </p>
   </div>
   <div class='ocr_carea' id='block_1_81' title="bbox 1873 3987 3462 4060">
    <p class='ocr_par' dir='ltr' id='par_1_81' title="bbox 1873 3987 3462 4060">
     <span class='ocr_line' id='line_1_81' title="bbox 1873 3987 3462 4060; baseline 0.003 -15"><span class='ocrx_word' id='word_1_606' title='bbox 1873 3990 2158 4045; x_wconf 86' lang='lat' dir='ltr'><strong>immutata</strong></span> <span class='ocrx_word' id='word_1_607' title='bbox 2230 3987 2282 4040; x_wconf 90' lang='lat' dir='ltr'><strong>in</strong></span> <span class='ocrx_word' id='word_1_608' title='bbox 2340 3997 2544 4042; x_wconf 88' lang='lat' dir='ltr'><strong>tantam</strong></span> <span class='ocrx_word' id='word_1_609' title='bbox 2594 3989 2846 4042; x_wconf 80' lang='lat' dir='ltr'><strong>arborum</strong></span> <span class='ocrx_word' id='word_1_610' title='bbox 2893 3991 3301 4060; x_wconf 86' lang='lat' dir='ltr'><strong>amplitudinem</strong></span> <span class='ocrx_word' id='word_1_611' title='bbox 3371 4012 3462 4050; x_wconf 82' lang='lat' dir='ltr'><strong>as-</strong></span> 
     </span>
    </p>
   </div>
   <div class='ocr_carea' id='block_1_82' title="bbox 1873 4079 3462 4152">
    <p class='ocr_par' dir='ltr' id='par_1_82' title="bbox 1873 4079 3462 4152">
     <span class='ocr_line' id='line_1_82' title="bbox 1873 4079 3462 4152; baseline 0.002 -16"><span class='ocrx_word' id='word_1_612' title='bbox 1873 4083 2008 4136; x_wconf 85' lang='lat' dir='ltr'><strong>sumi</strong></span> <span class='ocrx_word' id='word_1_613' title='bbox 2041 4082 2157 4152; x_wconf 92' lang='lat' dir='ltr'><strong>(seu</strong></span> <span class='ocrx_word' id='word_1_614' title='bbox 2216 4079 2486 4150; x_wconf 81' lang='lat' dir='ltr'><strong>crescere)</strong></span> <span class='ocrx_word' id='word_1_615' title='bbox 2525 4080 2719 4148; x_wconf 87' lang='lat' dir='ltr'><strong>possit.</strong></span> <span class='ocrx_word' id='word_1_616' title='bbox 2749 4079 3044 4149; x_wconf 85' lang='lat' dir='ltr'><strong>Oportebat</strong></span> <span class='ocrx_word' id='word_1_617' title='bbox 3097 4083 3239 4137; x_wconf 89' lang='lat' dir='ltr'><strong>enim</strong></span> <span class='ocrx_word' id='word_1_618' title='bbox 3287 4083 3462 4140; x_wconf 82' lang='lat' dir='ltr'><strong>locum</strong></span> 
     </span>
    </p>
   </div>
   <div class='ocr_carea' id='block_1_83' title="bbox 1874 4172 3463 4243">
    <p class='ocr_par' dir='ltr' id='par_1_83' title="bbox 1874 4172 3463 4243">
     <span class='ocr_line' id='line_1_83' title="bbox 1874 4172 3463 4243; baseline 0.003 -16"><span class='ocrx_word' id='word_1_619' title='bbox 1874 4175 1925 4227; x_wconf 93' lang='lat' dir='ltr'><strong>in</strong></span> <span class='ocrx_word' id='word_1_620' title='bbox 1959 4189 2064 4243; x_wconf 90' lang='lat' dir='ltr'><strong>quo</strong></span> <span class='ocrx_word' id='word_1_621' title='bbox 2114 4174 2277 4226; x_wconf 84' lang='lat' dir='ltr'><strong>arbor</strong></span> <span class='ocrx_word' id='word_1_622' title='bbox 2309 4172 2569 4235; x_wconf 63' lang='lat' dir='ltr'><strong>excrevit,</strong></span> <span class='ocrx_word' id='word_1_623' title='bbox 2600 4183 2653 4224; x_wconf 91' lang='lat' dir='ltr'><strong>et</strong></span> <span class='ocrx_word' id='word_1_624' title='bbox 2698 4173 3117 4240; x_wconf 89' lang='lat' dir='ltr'><strong>circumjacente</strong></span> <span class='ocrx_word' id='word_1_625' title='bbox 3161 4184 3302 4232; x_wconf 90' lang='lat' dir='ltr'><strong>terra</strong></span> <span class='ocrx_word' id='word_1_626' title='bbox 3332 4179 3463 4231; x_wconf 84' lang='lat' dir='ltr'><strong>sub-</strong></span> 
     </span>
    </p>
   </div>
   <div class='ocr_carea' id='block_1_84' title="bbox 1875 4265 3462 4336">
    <p class='ocr_par' dir='ltr' id='par_1_84' title="bbox 1875 4265 3462 4336">
     <span class='ocr_line' id='line_1_84' title="bbox 1875 4265 3462 4336; baseline 0 -16"><span class='ocrx_word' id='word_1_627' title='bbox 1875 4266 2034 4320; x_wconf 87' lang='lat' dir='ltr'><strong>ducta</strong></span> <span class='ocrx_word' id='word_1_628' title='bbox 2072 4267 2122 4318; x_wconf 93' lang='lat' dir='ltr'><strong>in</strong></span> <span class='ocrx_word' id='word_1_629' title='bbox 2174 4265 2298 4331; x_wconf 78' lang='lat' dir='ltr'><strong>ligni</strong></span> <span class='ocrx_word' id='word_1_630' title='bbox 2345 4275 2592 4317; x_wconf 92' lang='lat' dir='ltr'><strong>naturam</strong></span> <span class='ocrx_word' id='word_1_631' title='bbox 2625 4265 2898 4318; x_wconf 83' lang='lat' dir='ltr'><strong>excavari.</strong></span> <span class='ocrx_word' id='word_1_632' title='bbox 2950 4265 3132 4320; x_wconf 86' lang='lat' dir='ltr'><strong>Inanis</strong></span> <span class='ocrx_word' id='word_1_633' title='bbox 3171 4282 3299 4336; x_wconf 89' lang='lat' dir='ltr'><strong>ergo</strong></span> <span class='ocrx_word' id='word_1_634' title='bbox 3348 4271 3462 4322; x_wconf 80' lang='lat' dir='ltr'><strong>illu-</strong></span> 
     </span>
    </p>
   </div>
   <div class='ocr_carea' id='block_1_85' title="bbox 196 4347 1776 4424">
    <p class='ocr_par' dir='ltr' id='par_1_85' title="bbox 196 4347 1776 4422">
     <span class='ocr_line' id='line_1_85' title="bbox 196 4347 1776 4422; baseline 0.004 -22"><span class='ocrx_word' id='word_1_635' title='bbox 196 4349 260 4400; x_wconf 84' lang='grc' dir='ltr'><strong>ὄν</strong></span> <span class='ocrx_word' id='word_1_636' title='bbox 295 4347 357 4400; x_wconf 85' lang='grc' dir='ltr'>τὸ</span> <span class='ocrx_word' id='word_1_637' title='bbox 389 4347 606 4418; x_wconf 79' lang='grc' dir='ltr'>δένδρον</span> <span class='ocrx_word' id='word_1_638' title='bbox 639 4347 1005 4419; x_wconf 77' lang='grc' dir='ltr'>βεϐλάστηκε,</span> <span class='ocrx_word' id='word_1_639' title='bbox 1049 4350 1409 4404; x_wconf 86' lang='grc' dir='ltr'>κοιλαίνεσθαι</span> <span class='ocrx_word' id='word_1_640' title='bbox 1441 4367 1454 4380; x_wconf 83' lang='grc'><strong><em>⁸</em></strong></span> <span class='ocrx_word' id='word_1_641' title='bbox 1489 4350 1627 4407; x_wconf 81' lang='grc' dir='ltr'>ὥστε</span> <span class='ocrx_word' id='word_1_642' title='bbox 1671 4353 1776 4422; x_wconf 77' lang='grc' dir='ltr'><strong>μὰο</strong></span> 
     </span>
    </p>
   </div>
   <div class='ocr_carea' id='block_1_86' title="bbox 1884 4347 3460 4424">
    <p class='ocr_par' dir='ltr' id='par_1_86' title="bbox 1884 4354 3460 4424">
     <span class='ocr_line' id='line_1_86' title="bbox 1884 4354 3460 4424; baseline 0.002 -14"><span class='ocrx_word' id='word_1_643' title='bbox 1884 4372 1996 4410; x_wconf 90' lang='lat' dir='ltr'><strong>rum</strong></span> <span class='ocrx_word' id='word_1_644' title='bbox 2033 4355 2153 4410; x_wconf 89' lang='lat' dir='ltr'><strong>talis</strong></span> <span class='ocrx_word' id='word_1_645' title='bbox 2182 4356 2247 4409; x_wconf 88' lang='lat' dir='ltr'><strong>de</strong></span> <span class='ocrx_word' id='word_1_646' title='bbox 2270 4370 2556 4424; x_wconf 85' lang='lat' dir='ltr'><strong>corporum</strong></span> <span class='ocrx_word' id='word_1_647' title='bbox 2588 4354 2730 4407; x_wconf 78' lang='lat' dir='ltr'><strong>ﬂuxu</strong></span> <span class='ocrx_word' id='word_1_648' title='bbox 2756 4357 3140 4415; x_wconf 76' lang='lat' dir='ltr'><strong>consideratio.</strong></span> <span class='ocrx_word' id='word_1_649' title='bbox 3178 4357 3460 4423; x_wconf 84' lang='lat' dir='ltr'><strong>Quomodo</strong></span> 
     </span>
    </p>
   </div>
   <div class='ocr_carea' id='block_1_87' title="bbox 203 4437 1776 4513">
    <p class='ocr_par' dir='ltr' id='par_1_87' title="bbox 203 4437 1776 4513">
     <span class='ocr_line' id='line_1_87' title="bbox 203 4437 1776 4513; baseline 0.003 -22"><span class='ocrx_word' id='word_1_650' title='bbox 203 4452 356 4500; x_wconf 85' lang='grc' dir='ltr'>ταιος</span> <span class='ocrx_word' id='word_1_651' title='bbox 389 4437 567 4492; x_wconf 73' lang='grc' dir='ltr'>αὐτῶν</span> <span class='ocrx_word' id='word_1_652' title='bbox 591 4439 618 4490; x_wconf 84' lang='grc' dir='ltr'>ὁ</span> <span class='ocrx_word' id='word_1_653' title='bbox 647 4440 884 4503; x_wconf 85' lang='grc' dir='ltr'>τοιοῦτος</span> <span class='ocrx_word' id='word_1_654' title='bbox 921 4440 1018 4509; x_wconf 85' lang='grc' dir='ltr'>τῆς</span> <span class='ocrx_word' id='word_1_655' title='bbox 1053 4441 1180 4512; x_wconf 74' lang='grc' dir='ltr'>περὶ</span> <span class='ocrx_word' id='word_1_656' title='bbox 1204 4441 1282 4495; x_wconf 74' lang='grc' dir='ltr'><strong>τὰ</strong></span> <span class='ocrx_word' id='word_1_657' title='bbox 1313 4440 1538 4512; x_wconf 84' lang='grc' dir='ltr'>σώματα</span> <span class='ocrx_word' id='word_1_658' title='bbox 1570 4442 1776 4513; x_wconf 80' lang='grc' dir='ltr'>ῥύσεως</span> 
     </span>
    </p>
   </div>
   <div class='ocr_carea' id='block_1_88' title="bbox 1884 4437 3460 4513">
    <p class='ocr_par' dir='ltr' id='par_1_88' title="bbox 1884 4443 3460 4513">
     <span class='ocr_line' id='line_1_88' title="bbox 1884 4443 3460 4513; baseline 0.004 -17"><span class='ocrx_word' id='word_1_659' title='bbox 1884 4443 2025 4496; x_wconf 90' lang='lat' dir='ltr'><strong>enim</strong></span> <span class='ocrx_word' id='word_1_660' title='bbox 2063 4443 2166 4496; x_wconf 89' lang='lat' dir='ltr'><strong>ulla</strong></span> <span class='ocrx_word' id='word_1_661' title='bbox 2203 4443 2410 4497; x_wconf 84' lang='lat' dir='ltr'><strong>ratione</strong></span> <span class='ocrx_word' id='word_1_662' title='bbox 2448 4453 2591 4497; x_wconf 86' lang='lat' dir='ltr'><strong>terra</strong></span> <span class='ocrx_word' id='word_1_663' title='bbox 2637 4459 2731 4513; x_wconf 90' lang='lat' dir='ltr'><strong>per</strong></span> <span class='ocrx_word' id='word_1_664' title='bbox 2769 4444 2977 4498; x_wconf 89' lang='lat' dir='ltr'><strong>radices</strong></span> <span class='ocrx_word' id='word_1_665' title='bbox 3030 4447 3080 4498; x_wconf 92' lang='lat' dir='ltr'><strong>in</strong></span> <span class='ocrx_word' id='word_1_666' title='bbox 3117 4456 3332 4501; x_wconf 90' lang='lat' dir='ltr'><strong>truncos</strong></span> <span class='ocrx_word' id='word_1_667' title='bbox 3377 4449 3460 4502; x_wconf 87' lang='lat' dir='ltr'><strong>in-</strong></span> 
     </span>
    </p>
   </div>
   <div class='ocr_carea' id='block_1_89' title="bbox 197 4531 1776 4605">
    <p class='ocr_par' dir='ltr' id='par_1_89' title="bbox 197 4531 1776 4605">
     <span class='ocr_line' id='line_1_89' title="bbox 197 4531 1776 4605; baseline 0 -20"><span class='ocrx_word' id='word_1_668' title='bbox 197 4531 588 4602; x_wconf 80' lang='grc' dir='ltr'>ἀναλογισμός.</span> <span class='ocrx_word' id='word_1_669' title='bbox 620 4531 744 4594; x_wconf 82' lang='grc' dir='ltr'><strong>Πῶς</strong></span> <span class='ocrx_word' id='word_1_670' title='bbox 783 4533 891 4603; x_wconf 85' lang='grc' dir='ltr'>γὰρ</span> <span class='ocrx_word' id='word_1_671' title='bbox 932 4532 1069 4595; x_wconf 82' lang='grc' dir='ltr'>ὅλως</span> <span class='ocrx_word' id='word_1_672' title='bbox 1112 4534 1147 4602; x_wconf 81' lang='grc' dir='ltr'>ἠ</span> <span class='ocrx_word' id='word_1_673' title='bbox 1196 4533 1266 4602; x_wconf 84' lang='grc' dir='ltr'>γῆ</span> <span class='ocrx_word' id='word_1_674' title='bbox 1318 4533 1406 4586; x_wconf 78' lang='grc' dir='ltr'>διὰ</span> <span class='ocrx_word' id='word_1_675' title='bbox 1457 4533 1568 4586; x_wconf 84' lang='grc' dir='ltr'>τῶν</span> <span class='ocrx_word' id='word_1_676' title='bbox 1614 4533 1776 4605; x_wconf 78' lang='grc' dir='ltr'><strong>ῥιζῶν</strong></span> 
     </span>
    </p>
   </div>
   <div class='ocr_carea' id='block_1_90' title="bbox 1884 4531 3454 4605">
    <p class='ocr_par' dir='ltr' id='par_1_90' title="bbox 1884 4537 3454 4605">
     <span class='ocr_line' id='line_1_90' title="bbox 1884 4537 3454 4605; baseline 0.003 -18"><span class='ocrx_word' id='word_1_677' title='bbox 1884 4549 2092 4605; x_wconf 85' lang='lat' dir='ltr'><strong>gressa,</strong></span> <span class='ocrx_word' id='word_1_678' title='bbox 2125 4546 2174 4590; x_wconf 85' lang='lat' dir='ltr'><strong>et</strong></span> <span class='ocrx_word' id='word_1_679' title='bbox 2200 4551 2296 4604; x_wconf 88' lang='lat' dir='ltr'><strong>per</strong></span> <span class='ocrx_word' id='word_1_680' title='bbox 2324 4551 2488 4590; x_wconf 91' lang='lat' dir='ltr'><strong>venas</strong></span> <span class='ocrx_word' id='word_1_681' title='bbox 2525 4537 2576 4589; x_wconf 93' lang='lat' dir='ltr'><strong>in</strong></span> <span class='ocrx_word' id='word_1_682' title='bbox 2605 4553 2792 4591; x_wconf 90' lang='lat' dir='ltr'><strong>omnes</strong></span> <span class='ocrx_word' id='word_1_683' title='bbox 2823 4553 3008 4591; x_wconf 90' lang='lat' dir='ltr'><strong>earum</strong></span> <span class='ocrx_word' id='word_1_684' title='bbox 3038 4553 3218 4592; x_wconf 91' lang='lat' dir='ltr'><strong>ramos</strong></span> <span class='ocrx_word' id='word_1_685' title='bbox 3241 4537 3454 4602; x_wconf 78' lang='lat' dir='ltr'><strong>dill‘usa,</strong></span> 
     </span>
    </p>
   </div>
   <div class='ocr_carea' id='block_1_91' title="bbox 199 4621 1776 4697">
    <p class='ocr_par' dir='ltr' id='par_1_91' title="bbox 199 4621 1776 4694">
     <span class='ocr_line' id='line_1_91' title="bbox 199 4621 1776 4694; baseline 0.003 -21"><span class='ocrx_word' id='word_1_686' title='bbox 199 4625 282 4686; x_wconf 80' lang='grc' dir='ltr'><strong>εἰς</strong></span> <span class='ocrx_word' id='word_1_687' title='bbox 322 4621 448 4685; x_wconf 80' lang='grc' dir='ltr'>τοὺς</span> <span class='ocrx_word' id='word_1_688' title='bbox 493 4625 734 4694; x_wconf 77' lang='grc' dir='ltr'>κορμοὺς</span> <span class='ocrx_word' id='word_1_689' title='bbox 780 4623 889 4678; x_wconf 86' lang='grc' dir='ltr'>τῶν</span> <span class='ocrx_word' id='word_1_690' title='bbox 941 4623 1124 4692; x_wconf 82' lang='grc' dir='ltr'>φυτῶν</span> <span class='ocrx_word' id='word_1_691' title='bbox 1173 4623 1513 4694; x_wconf 80' lang='grc' dir='ltr'>είσδυομένη,</span> <span class='ocrx_word' id='word_1_692' title='bbox 1561 4626 1655 4678; x_wconf 71' lang='grc' dir='ltr'>καὶ</span> <span class='ocrx_word' id='word_1_693' title='bbox 1693 4623 1776 4677; x_wconf 74' lang='grc' dir='ltr'>διὰ</span> 
     </span>
    </p>
   </div>
   <div class='ocr_carea' id='block_1_92' title="bbox 1884 4621 3452 4697">
    <p class='ocr_par' dir='ltr' id='par_1_92' title="bbox 1884 4625 3452 4697">
     <span class='ocr_line' id='line_1_92' title="bbox 1884 4625 3452 4697; baseline 0.003 -19"><span class='ocrx_word' id='word_1_694' title='bbox 1884 4626 1934 4678; x_wconf 93' lang='lat' dir='ltr'><strong>in</strong></span> <span class='ocrx_word' id='word_1_695' title='bbox 1977 4625 2099 4678; x_wconf 80' lang='lat' dir='ltr'><strong>folia</strong></span> <span class='ocrx_word' id='word_1_696' title='bbox 2148 4637 2202 4679; x_wconf 91' lang='lat' dir='ltr'><strong>et</strong></span> <span class='ocrx_word' id='word_1_697' title='bbox 2253 4626 2460 4680; x_wconf 81' lang='lat' dir='ltr'><strong>fructus</strong></span> <span class='ocrx_word' id='word_1_698' title='bbox 2501 4629 2909 4680; x_wconf 88' lang='lat' dir='ltr'><strong>commutatur?</strong></span> <span class='ocrx_word' id='word_1_699' title='bbox 2944 4628 3186 4682; x_wconf 73' lang='lat' dir='ltr'><strong>Procera:</strong></span> <span class='ocrx_word' id='word_1_700' title='bbox 3235 4629 3452 4697; x_wconf 88' lang='lat' dir='ltr'><strong>quidem</strong></span> 
     </span>
    </p>
   </div>
   <div class='ocr_carea' id='block_1_93' title="bbox 199 4713 1776 4786">
    <p class='ocr_par' dir='ltr' id='par_1_93' title="bbox 199 4713 1776 4786">
     <span class='ocr_line' id='line_1_93' title="bbox 199 4713 1776 4786; baseline 0.001 -21"><span class='ocrx_word' id='word_1_701' title='bbox 199 4714 311 4765; x_wconf 83' lang='grc' dir='ltr'>τῶν</span> <span class='ocrx_word' id='word_1_702' title='bbox 350 4715 536 4784; x_wconf 84' lang='grc' dir='ltr'>πόρων</span> <span class='ocrx_word' id='word_1_703' title='bbox 588 4715 668 4776; x_wconf 86' lang='grc' dir='ltr'><strong>είς</strong></span> <span class='ocrx_word' id='word_1_704' title='bbox 699 4714 908 4777; x_wconf 84' lang='grc' dir='ltr'>πάντας</span> <span class='ocrx_word' id='word_1_705' title='bbox 960 4715 1140 4768; x_wconf 80' lang='grc' dir='ltr'>αὐτῶν</span> <span class='ocrx_word' id='word_1_706' title='bbox 1194 4713 1776 4786; x_wconf 80' lang='grc' dir='ltr'>κατακερματιζομένη</span> 
     </span>
    </p>
   </div>
   <div class='ocr_carea' id='block_1_94' title="bbox 1884 4713 3456 4786">
    <p class='ocr_par' dir='ltr' id='par_1_94' title="bbox 1884 4715 3456 4785">
     <span class='ocr_line' id='line_1_94' title="bbox 1884 4715 3456 4785; baseline 0.004 -17"><span class='ocrx_word' id='word_1_707' title='bbox 1884 4715 2107 4769; x_wconf 89' lang='lat' dir='ltr'><strong>arbores</strong></span> <span class='ocrx_word' id='word_1_708' title='bbox 2151 4715 2368 4778; x_wconf 87' lang='lat' dir='ltr'><strong>cedrus,</strong></span> <span class='ocrx_word' id='word_1_709' title='bbox 2419 4717 2502 4770; x_wconf 90' lang='lat' dir='ltr'><strong>vel</strong></span> <span class='ocrx_word' id='word_1_710' title='bbox 2540 4719 2718 4785; x_wconf 84' lang='lat' dir='ltr'><strong>pinus,</strong></span> <span class='ocrx_word' id='word_1_711' title='bbox 2751 4719 2833 4774; x_wconf 90' lang='lat' dir='ltr'><strong>vel</strong></span> <span class='ocrx_word' id='word_1_712' title='bbox 2884 4721 3129 4783; x_wconf 87' lang='lat' dir='ltr'><strong>abietes,</strong></span> <span class='ocrx_word' id='word_1_713' title='bbox 3163 4729 3217 4774; x_wconf 90' lang='lat' dir='ltr'><strong>et</strong></span> <span class='ocrx_word' id='word_1_714' title='bbox 3261 4721 3456 4775; x_wconf 89' lang='lat' dir='ltr'><strong>multas</strong></span> 
     </span>
    </p>
   </div>
   <div class='ocr_carea' id='block_1_95' title="bbox 197 4805 1776 4878">
    <p class='ocr_par' dir='ltr' id='par_1_95' title="bbox 197 4805 1776 4878">
     <span class='ocr_line' id='line_1_95' title="bbox 197 4805 1776 4878; baseline 0.001 -21"><span class='ocrx_word' id='word_1_715' title='bbox 197 4809 329 4869; x_wconf 76' lang='grc' dir='ltr'>τοὺς</span> <span class='ocrx_word' id='word_1_716' title='bbox 360 4805 610 4870; x_wconf 81' lang='grc' dir='ltr'>κλάδους,</span> <span class='ocrx_word' id='word_1_717' title='bbox 643 4807 725 4869; x_wconf 86' lang='grc' dir='ltr'><strong>είς</strong></span> <span class='ocrx_word' id='word_1_718' title='bbox 752 4805 927 4875; x_wconf 82' lang='grc' dir='ltr'>φύλλα</span> <span class='ocrx_word' id='word_1_719' title='bbox 967 4807 1061 4860; x_wconf 69' lang='grc' dir='ltr'>καὶ</span> <span class='ocrx_word' id='word_1_720' title='bbox 1094 4807 1306 4878; x_wconf 77' lang='grc' dir='ltr'>καρπὸν</span> <span class='ocrx_word' id='word_1_721' title='bbox 1341 4807 1776 4878; x_wconf 76' lang='grc' dir='ltr'>μετα6ά&gt;.λεται;</span> 
     </span>
    </p>
   </div>
   <div class='ocr_carea' id='block_1_96' title="bbox 1884 4805 3456 4878">
    <p class='ocr_par' dir='ltr' id='par_1_96' title="bbox 1884 4805 3456 4876">
     <span class='ocr_line' id='line_1_96' title="bbox 1884 4805 3456 4876; baseline 0.003 -17"><span class='ocrx_word' id='word_1_722' title='bbox 1884 4805 2100 4860; x_wconf 76' lang='lat' dir='ltr'><strong>frondes</strong></span> <span class='ocrx_word' id='word_1_723' title='bbox 2129 4816 2183 4859; x_wconf 91' lang='lat' dir='ltr'><strong>et</strong></span> <span class='ocrx_word' id='word_1_724' title='bbox 2217 4805 2423 4862; x_wconf 79' lang='lat' dir='ltr'><strong>fructus</strong></span> <span class='ocrx_word' id='word_1_725' title='bbox 2451 4809 2736 4876; x_wconf 88' lang='lat' dir='ltr'><strong>quotannis</strong></span> <span class='ocrx_word' id='word_1_726' title='bbox 2772 4808 2970 4866; x_wconf 84' lang='lat' dir='ltr'><strong>ferunt.</strong></span> <span class='ocrx_word' id='word_1_727' title='bbox 3023 4809 3173 4864; x_wconf 83' lang='lat' dir='ltr'><strong>Licet</strong></span> <span class='ocrx_word' id='word_1_728' title='bbox 3210 4810 3352 4864; x_wconf 87' lang='lat' dir='ltr'><strong>enim</strong></span> <span class='ocrx_word' id='word_1_729' title='bbox 3379 4812 3456 4863; x_wconf 88' lang='lat' dir='ltr'><strong>vi-</strong></span> 
     </span>
    </p>
   </div>
   <div class='ocr_carea' id='block_1_97' title="bbox 197 4894 1776 4971">
    <p class='ocr_par' dir='ltr' id='par_1_97' title="bbox 197 4894 1776 4970">
     <span class='ocr_line' id='line_1_97' title="bbox 197 4894 1776 4970; baseline 0 -21"><span class='ocrx_word' id='word_1_730' title='bbox 197 4897 436 4966; x_wconf 79' lang='grc' dir='ltr'>Εὑμήκη</span> <span class='ocrx_word' id='word_1_731' title='bbox 464 4897 564 4966; x_wconf 83' lang='grc' dir='ltr'>μὲν</span> <span class='ocrx_word' id='word_1_732' title='bbox 592 4894 685 4951; x_wconf 81' lang='grc' dir='ltr'>οὖν</span> <span class='ocrx_word' id='word_1_733' title='bbox 708 4897 924 4970; x_wconf 80' lang='grc' dir='ltr'>δένδρα,</span> <span class='ocrx_word' id='word_1_734' title='bbox 948 4899 1130 4969; x_wconf 81' lang='grc' dir='ltr'>κέδροι</span> <span class='ocrx_word' id='word_1_735' title='bbox 1159 4899 1204 4930; x_wconf 88' lang='grc'><em>³³</em></span> <span class='ocrx_word' id='word_1_736' title='bbox 1235 4898 1268 4968; x_wconf 83' lang='grc' dir='ltr'>ἢ</span> <span class='ocrx_word' id='word_1_737' title='bbox 1292 4899 1480 4961; x_wconf 83' lang='grc' dir='ltr'>πίτυες</span> <span class='ocrx_word' id='word_1_738' title='bbox 1505 4898 1538 4968; x_wconf 83' lang='grc' dir='ltr'>ἢ</span> <span class='ocrx_word' id='word_1_739' title='bbox 1569 4898 1776 4961; x_wconf 80' lang='grc' dir='ltr'>ἐλάται,</span> 
     </span>
    </p>
   </div>
   <div class='ocr_carea' id='block_1_98' title="bbox 1884 4894 3455 4971">
    <p class='ocr_par' dir='ltr' id='par_1_98' title="bbox 1884 4897 3455 4971">
     <span class='ocr_line' id='line_1_98' title="bbox 1884 4897 3455 4971; baseline 0.003 -21"><span class='ocrx_word' id='word_1_740' title='bbox 1884 4897 2032 4960; x_wconf 87' lang='lat' dir='ltr'><strong>dere,</strong></span> <span class='ocrx_word' id='word_1_741' title='bbox 2065 4905 2124 4951; x_wconf 91' lang='lat' dir='ltr'><strong>ut</strong></span> <span class='ocrx_word' id='word_1_742' title='bbox 2153 4897 2289 4951; x_wconf 89' lang='lat' dir='ltr'><strong>nihil</strong></span> <span class='ocrx_word' id='word_1_743' title='bbox 2329 4898 2579 4966; x_wconf 77' lang='lat' dir='ltr'><strong>subjecta:</strong></span> <span class='ocrx_word' id='word_1_744' title='bbox 2611 4909 2768 4954; x_wconf 75' lang='lat' dir='ltr'><strong>terra:</strong></span> <span class='ocrx_word' id='word_1_745' title='bbox 2805 4900 2856 4953; x_wconf 90' lang='lat' dir='ltr'><strong>in</strong></span> <span class='ocrx_word' id='word_1_746' title='bbox 2895 4901 3192 4955; x_wconf 84' lang='lat' dir='ltr'><strong>vastitatem</strong></span> <span class='ocrx_word' id='word_1_747' title='bbox 3225 4916 3455 4971; x_wconf 86' lang='lat' dir='ltr'><strong>quercus</strong></span> 
     </span>
    </p>
   </div>
   <div class='ocr_carea' id='block_1_99' title="bbox 199 4985 1776 5061">
    <p class='ocr_par' dir='ltr' id='par_1_99' title="bbox 199 4987 1776 5061">
     <span class='ocr_line' id='line_1_99' title="bbox 199 4987 1776 5061; baseline 0.001 -21"><span class='ocrx_word' id='word_1_748' title='bbox 199 4989 296 5040; x_wconf 74' lang='grc' dir='ltr'><strong>καὶ</strong></span> <span class='ocrx_word' id='word_1_749' title='bbox 354 4987 555 5058; x_wconf 80' lang='grc' dir='ltr'>πολλὴν</span> <span class='ocrx_word' id='word_1_750' title='bbox 603 4989 834 5057; x_wconf 78' lang='grc' dir='ltr'>φέροντα</span> <span class='ocrx_word' id='word_1_751' title='bbox 895 4992 1017 5042; x_wconf 86' lang='grc' dir='ltr'>κατ’</span> <span class='ocrx_word' id='word_1_752' title='bbox 1083 4990 1204 5053; x_wconf 82' lang='grc' dir='ltr'>ἔτος</span> <span class='ocrx_word' id='word_1_753' title='bbox 1259 4991 1434 5061; x_wconf 80' lang='grc' dir='ltr'>κόμην</span> <span class='ocrx_word' id='word_1_754' title='bbox 1499 4991 1591 5044; x_wconf 73' lang='grc' dir='ltr'>καὶ</span> <span class='ocrx_word' id='word_1_755' title='bbox 1647 5007 1776 5060; x_wconf 89' lang='grc' dir='ltr'>καρ-</span> 
     </span>
    </p>
   </div>
   <div class='ocr_carea' id='block_1_100' title="bbox 1884 4985 3452 5061">
    <p class='ocr_par' dir='ltr' id='par_1_100' title="bbox 1887 4985 3452 5058">
     <span class='ocr_line' id='line_1_100' title="bbox 1887 4985 3452 5058; baseline 0.001 -16"><span class='ocrx_word' id='word_1_756' title='bbox 1887 4996 2186 5042; x_wconf 91' lang='lat' dir='ltr'><strong>assumant.</strong></span> <span class='ocrx_word' id='word_1_757' title='bbox 2236 4985 2533 5058; x_wconf 89' lang='lat' dir='ltr'><strong>Oportebat</strong></span> <span class='ocrx_word' id='word_1_758' title='bbox 2587 4989 2752 5055; x_wconf 90' lang='lat' dir='ltr'><strong>enim,</strong></span> <span class='ocrx_word' id='word_1_759' title='bbox 2795 4992 2837 5045; x_wconf 94' lang='lat' dir='ltr'><strong>si</strong></span> <span class='ocrx_word' id='word_1_760' title='bbox 2896 5007 3082 5045; x_wconf 90' lang='lat' dir='ltr'><strong>verum</strong></span> <span class='ocrx_word' id='word_1_761' title='bbox 3133 4993 3225 5056; x_wconf 91' lang='lat' dir='ltr'><strong>sit,</strong></span> <span class='ocrx_word' id='word_1_762' title='bbox 3256 5001 3452 5050; x_wconf 85' lang='lat' dir='ltr'><strong>terram</strong></span> 
     </span>
    </p>
   </div>
   <div class='ocr_carea' id='block_1_101' title="bbox 199 5078 1776 5153">
    <p class='ocr_par' dir='ltr' id='par_1_101' title="bbox 199 5078 1776 5153">
     <span class='ocr_line' id='line_1_101' title="bbox 199 5078 1776 5153; baseline 0.003 -23"><span class='ocrx_word' id='word_1_763' title='bbox 199 5080 325 5144; x_wconf 71' lang='grc' dir='ltr'>πὸν,</span> <span class='ocrx_word' id='word_1_764' title='bbox 364 5078 495 5151; x_wconf 81' lang='lat'><strong>[920</strong></span> <span class='ocrx_word' id='word_1_765' title='bbox 523 5079 619 5152; x_wconf 66' lang='lat' dir='ltr'><strong>IL]</strong></span> <span class='ocrx_word' id='word_1_766' title='bbox 670 5083 799 5134; x_wconf 82' lang='grc' dir='ltr'>ἰδεῖν</span> <span class='ocrx_word' id='word_1_767' title='bbox 842 5083 990 5136; x_wconf 76' lang='grc' dir='ltr'>ἐστιν</span> <span class='ocrx_word' id='word_1_768' title='bbox 1019 5083 1062 5114; x_wconf 72' lang='grc'><strong>³⁸</strong></span> <span class='ocrx_word' id='word_1_769' title='bbox 1102 5083 1175 5146; x_wconf 86' lang='grc' dir='ltr'>ὼς</span> <span class='ocrx_word' id='word_1_770' title='bbox 1210 5083 1361 5137; x_wconf 78' lang='grc' dir='ltr'>οὐδὲν</span> <span class='ocrx_word' id='word_1_771' title='bbox 1404 5083 1502 5153; x_wconf 85' lang='grc' dir='ltr'>τῆς</span> <span class='ocrx_word' id='word_1_772' title='bbox 1562 5085 1776 5135; x_wconf 81' lang='grc' dir='ltr'>ὑποκει-</span> 
     </span>
    </p>
   </div>
   <div class='ocr_carea' id='block_1_102' title="bbox 1884 5078 3457 5153">
    <p class='ocr_par' dir='ltr' id='par_1_102' title="bbox 1887 5081 3457 5153">
     <span class='ocr_line' id='line_1_102' title="bbox 1887 5081 3457 5153; baseline 0.002 -21"><span class='ocrx_word' id='word_1_773' title='bbox 1887 5093 1985 5151; x_wconf 91' lang='lat' dir='ltr'><strong>per</strong></span> <span class='ocrx_word' id='word_1_774' title='bbox 2019 5081 2228 5136; x_wconf 85' lang='lat' dir='ltr'><strong>radices</strong></span> <span class='ocrx_word' id='word_1_775' title='bbox 2259 5083 2634 5136; x_wconf 89' lang='lat' dir='ltr'><strong>ascendentem</strong></span> <span class='ocrx_word' id='word_1_776' title='bbox 2658 5082 2710 5136; x_wconf 92' lang='lat' dir='ltr'><strong>in</strong></span> <span class='ocrx_word' id='word_1_777' title='bbox 2743 5083 2941 5153; x_wconf 89' lang='lat' dir='ltr'><strong>lignum</strong></span> <span class='ocrx_word' id='word_1_778' title='bbox 2970 5084 3186 5150; x_wconf 89' lang='lat' dir='ltr'><strong>mutari,</strong></span> <span class='ocrx_word' id='word_1_779' title='bbox 3213 5099 3457 5137; x_wconf 87' lang='lat' dir='ltr'><strong>omnem-</strong></span> 
     </span>
    </p>
   </div>
   <div class='ocr_carea' id='block_1_103' title="bbox 201 5171 1776 5247">
    <p class='ocr_par' dir='ltr' id='par_1_103' title="bbox 201 5171 1776 5247">
     <span class='ocr_line' id='line_1_103' title="bbox 201 5171 1776 5247; baseline 0.003 -25"><span class='ocrx_word' id='word_1_780' title='bbox 201 5171 374 5241; x_wconf 86' lang='grc' dir='ltr'>μένης</span> <span class='ocrx_word' id='word_1_781' title='bbox 404 5175 509 5244; x_wconf 86' lang='grc' dir='ltr'><strong>γῆς</strong></span> <span class='ocrx_word' id='word_1_782' title='bbox 537 5174 619 5237; x_wconf 88' lang='grc' dir='ltr'>είς</span> <span class='ocrx_word' id='word_1_783' title='bbox 654 5173 745 5226; x_wconf 88' lang='grc' dir='ltr'>τὸν</span> <span class='ocrx_word' id='word_1_784' title='bbox 775 5174 945 5246; x_wconf 79' lang='grc' dir='ltr'>αὐτῆς</span> <span class='ocrx_word' id='word_1_785' title='bbox 975 5175 1020 5208; x_wconf 81' lang='grc'><strong>⁸⁵</strong></span> <span class='ocrx_word' id='word_1_786' title='bbox 1061 5173 1224 5244; x_wconf 73' lang='grc' dir='ltr'>ὄγκον</span> <span class='ocrx_word' id='word_1_787' title='bbox 1249 5175 1347 5245; x_wconf 80' lang='grc' dir='ltr'>τῆς</span> <span class='ocrx_word' id='word_1_788' title='bbox 1370 5175 1597 5247; x_wconf 85' lang='grc' dir='ltr'>δρυάδος</span> <span class='ocrx_word' id='word_1_789' title='bbox 1645 5191 1776 5227; x_wconf 87' lang='grc' dir='ltr'>κατ-</span> 
     </span>
    </p>
   </div>
   <div class='ocr_carea' id='block_1_104' title="bbox 1884 5171 3457 5247">
    <p class='ocr_par' dir='ltr' id='par_1_104' title="bbox 1889 5171 3457 5245">
     <span class='ocr_line' id='line_1_104' title="bbox 1889 5171 3457 5245; baseline 0.001 -21"><span class='ocrx_word' id='word_1_790' title='bbox 1889 5186 1994 5241; x_wconf 91' lang='lat' dir='ltr'><strong>que</strong></span> <span class='ocrx_word' id='word_1_791' title='bbox 2054 5171 2405 5228; x_wconf 86' lang='lat' dir='ltr'><strong>circumcirca</strong></span> <span class='ocrx_word' id='word_1_792' title='bbox 2448 5175 2622 5226; x_wconf 89' lang='lat' dir='ltr'><strong>locum</strong></span> <span class='ocrx_word' id='word_1_793' title='bbox 2677 5181 2834 5228; x_wconf 78' lang='lat' dir='ltr'><strong>terra:</strong></span> <span class='ocrx_word' id='word_1_794' title='bbox 2882 5175 3060 5231; x_wconf 88' lang='lat' dir='ltr'><strong>cavari</strong></span> <span class='ocrx_word' id='word_1_795' title='bbox 3096 5191 3110 5228; x_wconf 91' lang='lat'><strong>:</strong></span> <span class='ocrx_word' id='word_1_796' title='bbox 3155 5175 3278 5245; x_wconf 89' lang='lat' dir='ltr'><strong>quia</strong></span> <span class='ocrx_word' id='word_1_797' title='bbox 3315 5174 3457 5244; x_wconf 76' lang='lat' dir='ltr'><strong>quud</strong></span> 
     </span>
    </p>
   </div>
   <div class='ocr_carea' id='block_1_105' title="bbox 272 5303 727 5372">
    <p class='ocr_par' dir='ltr' id='par_1_105' title="bbox 272 5303 727 5372">
     <span class='ocr_line' id='line_1_105' title="bbox 272 5303 727 5372; baseline 0.007 -14"><span class='ocrx_word' id='word_1_798' title='bbox 272 5313 300 5342; x_wconf 79' lang='grc' dir='ltr'><strong>ιι</strong></span> <span class='ocrx_word' id='word_1_799' title='bbox 329 5303 486 5360; x_wconf 81' lang='lat' dir='ltr'><strong>Rom.</strong></span> <span class='ocrx_word' id='word_1_800' title='bbox 520 5321 640 5372; x_wconf 78' lang='lat' dir='ltr'><strong>vui,</strong></span> <span class='ocrx_word' id='word_1_801' title='bbox 680 5307 727 5361; x_wconf 73' lang='lat'><strong>2.</strong></span> 
     </span>
    </p>
   </div>
   <div class='ocr_carea' id='block_1_106' title="bbox 1474 5439 2150 5499">
    <p class='ocr_par' dir='ltr' id='par_1_106' title="bbox 1474 5439 2150 5499">
     <span class='ocr_line' id='line_1_106' title="bbox 1474 5439 2150 5499; baseline 0.01 -7"><span class='ocrx_word' id='word_1_802' title='bbox 1474 5439 1706 5494; x_wconf 70' lang='lat' dir='ltr'><strong>VARUE</strong></span> <span class='ocrx_word' id='word_1_803' title='bbox 1747 5439 2150 5499; x_wconf 73' lang='lat' dir='ltr'><strong>LECTIUNES.</strong></span> 
     </span>
    </p>
   </div>
   <div class='ocr_carea' id='block_1_107' title="bbox 265 5549 3459 5628">
    <p class='ocr_par' dir='ltr' id='par_1_107' title="bbox 265 5549 3459 5628">
     <span class='ocr_line' id='line_1_107' title="bbox 265 5549 3459 5628; baseline -0.002 -22"><span class='ocrx_word' id='word_1_804' title='bbox 265 5559 312 5628; x_wconf 60' lang='grc' dir='ltr'><strong>’ξ</strong></span> <span class='ocrx_word' id='word_1_805' title='bbox 466 5550 544 5628; x_wconf 66' lang='grc' dir='ltr'>ἦν</span> <span class='ocrx_word' id='word_1_806' title='bbox 565 5569 734 5628; x_wconf 78' lang='grc' dir='ltr'>φησιν</span> <span class='ocrx_word' id='word_1_807' title='bbox 746 5553 845 5628; x_wconf 14' lang='grc' dir='ltr'>γΒέ</span> <span class='ocrx_word' id='word_1_808' title='bbox 970 5551 1040 5628; x_wconf 61' lang='grc' dir='ltr'><strong>εί]</strong></span> <span class='ocrx_word' id='word_1_809' title='bbox 1059 5549 1286 5628; x_wconf 77' lang='lat' dir='ltr'><strong>fortasse</strong></span> <span class='ocrx_word' id='word_1_810' title='bbox 1308 5549 1589 5628; x_wconf 79' lang='lat' dir='ltr'><strong>legendum</strong></span> <span class='ocrx_word' id='word_1_811' title='bbox 1616 5551 1815 5628; x_wconf 64' lang='lat' dir='ltr'><strong>6zt_ei._</strong></span> <span class='ocrx_word' id='word_1_812' title='bbox 1871 5553 1915 5628; x_wconf 57' lang='grc' dir='ltr'><strong>’ξ’</strong></span> <span class='ocrx_word' id='word_1_813' title='bbox 1951 5556 2301 5627; x_wconf 84' lang='grc' dir='ltr'>Ἀγλαόφρων</span> <span class='ocrx_word' id='word_1_814' title='bbox 2335 5575 2396 5623; x_wconf 80' lang='grc' dir='ltr'>ς.</span> <span class='ocrx_word' id='word_1_815' title='bbox 2468 5561 2512 5592; x_wconf 77' lang='grc'><strong><em>²⁹</em></strong></span> <span class='ocrx_word' id='word_1_816' title='bbox 2537 5560 2682 5628; x_wconf 75' lang='grc' dir='ltr'>λέγει</span> <span class='ocrx_word' id='word_1_817' title='bbox 2721 5560 2762 5613; x_wconf 86' lang='grc' dir='ltr'><strong>Β</strong></span> <span class='ocrx_word' id='word_1_818' title='bbox 2787 5577 2802 5616; x_wconf 76' lang='lat' dir='ltr'><strong>z</strong></span> <span class='ocrx_word' id='word_1_819' title='bbox 2832 5560 3009 5628; x_wconf 83' lang='grc' dir='ltr'>λέγειν</span> <span class='ocrx_word' id='word_1_820' title='bbox 3038 5577 3096 5624; x_wconf 80' lang='grc' dir='ltr'>ς.</span> <span class='ocrx_word' id='word_1_821' title='bbox 3206 5559 3250 5591; x_wconf 84' lang='grc' dir='ltr'><strong>³ο</strong></span> <span class='ocrx_word' id='word_1_822' title='bbox 3279 5560 3341 5610; x_wconf 74' lang='grc' dir='ltr'>ἐκ</span> <span class='ocrx_word' id='word_1_823' title='bbox 3371 5576 3459 5613; x_wconf 84' lang='grc' dir='ltr'><strong>νε-</strong></span> 
     </span>
    </p>
   </div>
   <div class='ocr_carea' id='block_1_108' title="bbox 195 5619 3462 5701">
    <p class='ocr_par' dir='ltr' id='par_1_108' title="bbox 195 5619 3462 5701">
     <span class='ocr_line' id='line_1_108' title="bbox 195 5619 3462 5701; baseline 0.001 -23"><span class='ocrx_word' id='word_1_824' title='bbox 195 5619 589 5701; x_wconf 36' lang='grc' dir='ltr'><strong>κρῶν-’ξιησοῦν</strong></span> <span class='ocrx_word' id='word_1_825' title='bbox 615 5619 675 5686; x_wconf 63' lang='grc' dir='ltr'><strong>ζ.</strong></span> <span class='ocrx_word' id='word_1_826' title='bbox 714 5624 758 5701; x_wconf 63' lang='grc' dir='ltr'><strong>ξι</strong></span> <span class='ocrx_word' id='word_1_827' title='bbox 785 5626 884 5701; x_wconf 69' lang='grc' dir='ltr'>τῇς</span> <span class='ocrx_word' id='word_1_828' title='bbox 911 5619 1056 5701; x_wconf 69' lang='grc' dir='ltr'>ςωῇς</span> <span class='ocrx_word' id='word_1_829' title='bbox 1084 5631 1203 5701; x_wconf 72' lang='grc' dir='ltr'>ρρει</span> <span class='ocrx_word' id='word_1_830' title='bbox 1231 5619 1332 5701; x_wconf 67' lang='grc' dir='ltr'>τὴν</span> <span class='ocrx_word' id='word_1_831' title='bbox 1353 5621 1754 5701; x_wconf 41' lang='lat' dir='ltr'><strong>przeced.‘p‘0ttit</strong></span> <span class='ocrx_word' id='word_1_832' title='bbox 1784 5623 1941 5679; x_wconf 76' lang='lat' dir='ltr'><strong>Roth.</strong></span> <span class='ocrx_word' id='word_1_833' title='bbox 1995 5619 2039 5660; x_wconf 58' lang='grc' dir='ltr'><strong>δέ</strong></span> <span class='ocrx_word' id='word_1_834' title='bbox 2069 5619 2311 5697; x_wconf 72' lang='grc' dir='ltr'>βασ.’καὶ</span> <span class='ocrx_word' id='word_1_835' title='bbox 2325 5619 2426 5699; x_wconf 72' lang='grc' dir='ltr'>τῆς</span> <span class='ocrx_word' id='word_1_836' title='bbox 2453 5648 2512 5693; x_wconf 79' lang='grc' dir='ltr'>ς.</span> <span class='ocrx_word' id='word_1_837' title='bbox 2575 5619 2619 5663; x_wconf 74' lang='grc'><strong>³⁵</strong></span> <span class='ocrx_word' id='word_1_838' title='bbox 2637 5631 2821 5701; x_wconf 85' lang='grc' dir='ltr'>κέδρος</span> <span class='ocrx_word' id='word_1_839' title='bbox 2844 5619 2915 5694; x_wconf 76' lang='grc' dir='ltr'><strong>ς’.”</strong></span> <span class='ocrx_word' id='word_1_840' title='bbox 2962 5631 3006 5662; x_wconf 75' lang='grc'>³⁸</span> <span class='ocrx_word' id='word_1_841' title='bbox 3041 5619 3165 5684; x_wconf 64' lang='grc' dir='ltr'>ἰδεῖν</span> <span class='ocrx_word' id='word_1_842' title='bbox 3192 5631 3298 5699; x_wconf 77' lang='grc' dir='ltr'>γὰρ</span> <span class='ocrx_word' id='word_1_843' title='bbox 3316 5631 3462 5683; x_wconf 78' lang='grc' dir='ltr'>ἐστιν</span> 
     </span>
    </p>
   </div>
   <div class='ocr_carea' id='block_1_109' title="bbox 195 5689 1672 5766">
    <p class='ocr_par' dir='ltr' id='par_1_109' title="bbox 195 5689 1672 5766">
     <span class='ocr_line' id='line_1_109' title="bbox 195 5689 1672 5766; baseline -0.003 -17"><span class='ocrx_word' id='word_1_844' title='bbox 195 5689 256 5759; x_wconf 73' lang='grc' dir='ltr'><strong>ς’.</strong></span> <span class='ocrx_word' id='word_1_845' title='bbox 341 5697 386 5727; x_wconf 87' lang='grc'><strong>⁸³</strong></span> <span class='ocrx_word' id='word_1_846' title='bbox 424 5689 594 5764; x_wconf 82' lang='grc' dir='ltr'>αὐτῆς</span> <span class='ocrx_word' id='word_1_847' title='bbox 621 5724 689 5740; x_wconf 81' lang='grc'><strong>-</strong></span> <span class='ocrx_word' id='word_1_848' title='bbox 709 5689 957 5766; x_wconf 84' lang='grc' dir='ltr'>δρυάδος]</span> <span class='ocrx_word' id='word_1_849' title='bbox 987 5689 1182 5761; x_wconf 72' lang='grc' dir='ltr'>ἑαυτῆς</span> <span class='ocrx_word' id='word_1_850' title='bbox 1210 5689 1535 5762; x_wconf 76' lang='grc' dir='ltr'>-θρυάδος</span> <span class='ocrx_word' id='word_1_851' title='bbox 1567 5690 1672 5744; x_wconf 83' lang='grc' dir='ltr'><strong>ΑΒ.</strong></span> 
     </span>
    </p>
   </div>
  </div>
