3964 6246
587 290 724 358 1123

1709 283 1972 346 ΡΗΟΤΙΙ
1997 281 2501 345 ΡΑΤΒΙΑΒΟΗΕ
2552 281 2658 344 (ΪΡο

3620 282 3734 348 ιιιι

551 403 762 458 aridum
788 405 872 454 est
902 411 1007 454 non
1037 396 1109 453 ita
1131 403 1310 468 potest
1347 393 1570 451 afﬂuere
1594 403 1654 450 ut
1681 395 1875 452 humor
1901 407 2112 464 semper
2141 442 2146 457 ι

2247 395 2609 448 ναλίσκουσιν.
2685 391 2881 464 Ἐχρῆν
2948 391 3096 462 7&9,
3141 391 3189 444 εί
3243 390 3434 464 ἀληθὲς
3483 394 3524 426 ³⁸
3567 390 3627 466 ἦν
3667 399 3740 452 διὰ

549 488 744 553 alﬂuit,
778 503 898 542 cum
939 487 1219 557 proximus
1251 487 1621 541 submovetur.
1647 483 1764 540 Jam
1807 500 1935 539 vero
1963 494 2020 538 et
2048 485 2117 536 Il—

551 594 648 634 cus
670 578 978 646 similesque
1008 579 1208 646 stirpes
1240 578 1292 632 in
1319 577 1512 632 aedium
1544 576 1846 631 recessibus
1869 574 2120 643 frequen-

553 681 634 725 tes
665 682 797 724 sata:
822 707 836 733 ,
870 669 1003 724 nihil
1052 670 1274 724 omnino
1311 685 1375 724 ex
1416 670 1644 724 aedilicio
1683 669 1736 722 in
1787 681 1845 722 se
1888 666 2121 720 vertisse

550 761 820 813 videntur.
875 759 1012 830 Ergo
1059 760 1104 814 si
1151 760 1440 815 multorum
1491 772 1754 813 annorum
1809 757 2013 812 fructus
2056 770 2121 809 ex

553 847 656 900 illis
695 858 751 901 ct
780 847 904 902 folia
955 848 1074 916 quis
1114 849 1411 915 colligeret,
1457 849 1724 916 ingentem
1757 846 1810 900 in
1844 849 2122 900 domorum

2224 485 2335 540 τῶν
2399 485 2567 557 ῥιζῶν
2620 483 2996 557 ἀνερχομένην
3052 483 3445 548 ἀποξνλοῦσθαι
3492 485 3579 556 τὴν
3626 489 3737 558 γῆν,

2223 578 2442 632 ἃπαντα
2472 578 2563 630 τὸν
2595 578 2722 647 περὶ⁵
2751 576 2892 630 αὐτὰ
2927 577 3089 628 τόπον
3123 574 3226 644 τῆς
3267 575 3371 643 γῆς
3398 576 3738 643 κοιλαίνεσθαι,

2226 669 2306 721 ὅτι
2336 667 2413 739 μὴ
2449 668 2727 739 ἑπιρῥέειν
2770 667 2981 736 πέφυκε
3013 665 3076 718 τὸ
3109 665 3290 736 ξηρὸν,
3321 665 3558 736 καθάπερ
3583 667 3665 720 καὶ
3692 669 3741 722 τὸ

2230 759 2416 827 ὐγρὸν,
2456 759 2544 811 ἀεὶ
2576 759 2711 830 πρὸς
2749 757 2810 811 τὸ
2849 758 3184 827 κινούμενον.
3221 756 3355 826 Ἤδη
3387 756 3441 810 δὲ
3487 758 3573 810 καὶ
3614 763 3743 814 συκαῖ

2229 850 2324 900 καὶ
2349 849 2484 902 ἄλλα
2525 847 2753 902 τοιαῦτα
2787 848 2929 918 φυτὰ
2977 848 3258 919 μνημείων
3299 848 3356 900 ὲν
3402 848 3743 919 οἰκοδομήμασι

551 937 920 1004 penetralibus
965 947 1119 991 terra:
1158 937 1368 1005 copiam
1412 954 1475 991 ex
1516 937 1620 989 illis
1655 936 1854 989 factam
1896 934 2124 987 videret.

2229 940 2489 1003 πολλάκις
2524 940 2902 1011 βλαστήσαντα
2943 939 3097 993 οὐδὲν
3127 942 3206 1002 είς
3240 937 3407 992 ἑαυτὰ
3448 938 3542 1006 τῆς
3577 941 3741 994 οἰκοδοο

553 1024 708 1081 Unde
741 1027 1186 1081 absurdissimum
1214 1037 1296 1081 est
1337 1028 1652 1081 existimare
1682 1035 1878 1078 terram
1915 1025 1966 1078 in
2015 1022 2118 1077 fru-

2231 1029 2339 1099 μῆς
2368 1029 2502 1092 ὅλως
2537 1030 2876 1100 ἱστοροῦνται
2906 1028 3367 1083 καταναλωκέναι.
3403 1027 3464 1080 Ei
3495 1029 3614 1094 γοῦν
3634 1029 3742 1082 ἐτῶν

552 1126 734 1170 ctuum
769 1117 1068 1171 ubertatem
1092 1119 1312 1182 imitari,
1343 1127 1396 1170 et
1425 1116 1549 1171 l'olia
1579 1115 1848 1180 consumi,
1875 1117 2122 1184 quamvis

2247 1119 2442 1170 πολλῶν
2475 1119 2894 1186 συλλογίσασθαί
2923 1137 3007 1181 τις
3041 1119 3132 1171 τὸν
3158 1117 3369 1188 καρπὸν
3398 1117 3567 1169 αὐτῶν
3595 1119 3672 1170 καὶ
3695 1119 3747 1172 τὰ

552 1220 650 1275 per
700 1207 840 1262 hanc
889 1209 1065 1262 omnia
1128 1209 1275 1272 ﬁant,
1348 1222 1468 1261 cum
1519 1215 1676 1258 terra:
1732 1207 1858 1259 sede
1897 1205 2119 1275 locoque

2247 1207 2410 1277 ρύλλα
2433 1209 2740 1281 βουληθείη,
2769 1210 2976 1263 κατίδοι
3015 1210 3081 1263 ἂν
3114 1208 3544 1262 πολλαπλασίονα
3566 1212 3651 1279 τῆς
3677 1209 3748 1261 ἐπὶ

554 1307 798 1352 utuntur.
851 1297 1035 1367 Neque
1077 1299 1228 1367 panis
1259 1299 1375 1350 sine
1405 1294 1541 1349 mola
1563 1333 1578 1358 ,
1608 1295 1723 1348 loco
1744 1332 1760 1357 ,
1795 1303 2040 1363 tempore
2071 1305 2126 1350 et

2247 1297 2338 1350 τῶν
2379 1301 2666 1370 μνημείων
2706 1301 2808 1372 γῆς
2851 1303 2942 1355 τὸν
2979 1301 3141 1370 ὄγκον
3193 1300 3373 1355 αὐτῶν
3413 1301 3746 1370 γεγενημένον.

554 1387 674 1456 igne
709 1388 786 1451 lit,
812 1401 864 1443 et
888 1399 1062 1442 tamen
1093 1387 1430 1442 nihilhorum
1465 1394 1547 1438 est
1583 1393 1674 1438 aut
1726 1384 1783 1437 [lt
1817 1385 1969 1452 panis
1993 1427 2007 1446 ,
2045 1386 2120 1440 uti

2247 1389 2396 1442 Ὀθεν
2440 1391 2788 1445 ἀτοπώτατον
2837 1393 3087 1462 ἡγεῖσθαι
3137 1392 3235 1461 τὴν
3289 1390 3394 1461 γῆν
3444 1393 3518 1454 εἰς
3559 1389 3747 1460 καρπῶν

552 1489 608 1532 et
635 1479 687 1532 in
720 1480 992 1534 sexcentis
1014 1479 1154 1533 idem
1179 1489 1260 1532 est
1290 1478 1494 1532 videre.

2247 1479 2393 1550 >09&v
2446 1482 2918 1554 μεταϐαλλομένην
2954 1485 3048 1538 καὶ
3086 1482 3258 1554 φύλλα
3290 1481 3750 1541 καταναλίσκεσθαι,

554 1569 661 1622 κᾶν
705 1569 772 1624 δι’
825 1571 994 1640 αὐτῆς
1046 1570 1264 1624 ἅπαντα
1309 1569 1588 1638 γίνωνται,
1635 1566 1767 1638 ἕδρᾳ
1813 1565 1948 1636 αὐτῇ
1989 1565 2256 1658 χρώμενοι
2279 1573 2320 1604 ³⁷
2351 1575 2642 1662 καὶτόπῳ.
2694 1576 2828 1630 Οὐδὲ
2859 1576 2968 1648 γὰρ
3037 1576 3199 1646 ἄρτος
3266 1574 3387 1645 δίχα
3464 1574 3616 1644 μύλου
3679 1573 3753 1624 καὶ

555 1665 722 1719 τόπου
745 1666 839 1719 καὶ
871 1667 1064 1736 χρόνου
1098 1666 1194 1720 καὶ
1217 1664 1387 1735 πυρὸς
1415 1663 1646 1732 γίνεται,
1677 1661 1775 1716 καὶ
1802 1660 1957 1714 οὐδὲν
1981 1660 2128 1716 ἔστιν
2165 1665 2199 1734 ἢ
2239 1660 2686 1734 γίνεται-τούτων
2757 1673 2786 1724 6
2821 1671 3003 1741 ἄρτος.
3081 1670 3194 1725 Καὶ
3241 1671 3336 1726 ἐπὶ
3381 1669 3545 1725 ἄλλων
3587 1667 3754 1737 μυρίων

555 1760 836 1821 ὡσαύτως.

632 1852 743 1906 Hoc
769 1850 920 1905 Pauli
969 1864 985 1902 :
1035 1848 1241 1903 Scimus
1291 1849 1453 1911 enim,
1500 1845 1747 1916 quoniam
1783 1847 1829 1899 si
1876 1847 2136 1900 terrestris
2171 1855 2214 1914 Β

559 1945 744 1998 domus
789 1952 968 1995 nostra
1003 1942 1160 2010 hujus
1187 1937 1531 1992 habitationis
1571 1937 1892 1990 dissolvatur

560 2035 878 2100 Origenista:
912 2033 978 2086 ad
1021 2031 1306 2084 tollendam
1351 2043 1636 2097 corporum
1675 2027 2131 2082 resurrectionem

560 2126 712 2179 aitmt
772 2120 1173 2176 tabernaculum
1223 2100 1392 2186 accipi
1438 2131 1535 2186 pro
1581 2130 1831 2185 corpore,
1884 2126 1939 2169 et
1972 2115 2136 2171 cmle-

562 2224 701 2268 stem
733 2213 948 2266 domum
977 2209 1118 2264 nulla
1156 2223 1314 2262 manu
1347 2206 1570 2271 factam,
1593 2221 1712 2276 qua:
1737 2205 1808 2260 illi
1832 2207 2135 2276 .spiritualia

563 2306 875 2360 indumenta
957 2307 1175 2354 vocant.
1250 2297 1386 2352 Hinc
1451 2298 1580 2352 dicit
1647 2306 1869 2351 sanctus
1933 2296 2140 2352 Metho-

562 2395 705 2460 dius,
731 2390 936 2463 2976
986 2406 1084 2460 per
1114 2399 1426 2444 terrestrem
1455 2390 1697 2453 dommn,
1749 2389 1965 2443 brevem
1993 2389 2134 2444 hanc

563 2488 730 2540 vitam
773 2485 995 2538 abusive
1021 2481 1449 2551 intelligendam,
1485 2489 1542 2535 et
1579 2493 1684 2533 non
1719 2479 1821 2533 hoc
1858 2479 2140 2535 habitacu—

566 2577 697 2631 lum.
741 2575 799 2631 Si
831 2575 973 2629 enim
1013 2587 1108 2642 per
1146 2582 1458 2627 terrestrem
1487 2570 1702 2625 domum
1742 2569 2138 2625 dissolvendam

563 2682 761 2737 corpus
790 2674 1029 2720 nostrum
1065 2665 1131 2718 ab
1152 2679 1217 2718 eo
1247 2661 1469 2732 intelligi
1499 2662 1740 2731 putatis:
1777 2663 1902 2732 quid
1935 2662 2142 2716 habita-

1935 1945 1988 2001 ⁸,
2020 1947 2128 1992 etc.

447 2773 454 2780 '
566 2759 745 2813 culum
791 2759 862 2811 sit
902 2757 1124 2819 docete,
1185 2752 1337 2822 cujus
1391 2754 1581 2807 domus
1645 2754 1716 2808 sit
1773 2752 2138 2807 dissolvenda.

567 2849 726 2904 Aliud
765 2849 907 2903 enim
951 2855 1032 2902 est
1081 2845 1466 2911 habitaculum,
1510 2844 1656 2898 aliud
1703 2844 1996 2899 habitaculi
2045 2845 2143 2898 do~

569 2953 710 3002 mus,
771 2946 826 2991 et
869 2936 1011 2989 aliud
1062 2949 1179 2999 nos,
1225 2950 1454 3004 quorum
1504 2944 1588 2990 est
1647 2935 2028 2989 habitaculum.
2083 2934 2142 2988 Si

571 3027 734 3090 enim,
778 3025 983 3095 inquit,
1029 3027 1301 3079 terrestris
1347 3025 1538 3078 domus
1576 3034 1758 3078 nostra
1798 3026 2144 3080 habitationis

573 3118 921 3181 dissolvitur;
970 3114 1391 3185 quasiliguratc
1433 3131 1531 3170 nos
1563 3130 1683 3169 esse
1711 3117 1919 3171 animas
1962 3129 2144 3172 osten-

574 3215 747 3272 deret,
802 3209 1186 3264 habitationem
1245 3223 1374 3262 vero
1423 3222 1640 3277 corpus,
1697 3209 1915 3262 domum
1967 3219 2144 3263 autem

575 3301 926 3356 habitationis
952 3315 1172 3355 usuram
1199 3299 1379 3353 carnis
1409 3299 1460 3352 in
1488 3301 1737 3369 praesenti
1775 3301 1909 3354 vita.
1931 3300 1987 3355 Si
2019 3315 2150 3370 ergo

577 3393 693 3447 ham
716 3392 959 3461 corporis
981 3392 1086 3443 vita
1131 3392 1301 3444 instar
1326 3391 1518 3444 domus
1541 3389 1888 3452 dissolvatur,
1929 3390 2152 3444 habebi-

578 3499 698 3538 mus
749 3483 805 3537 in
859 3482 1000 3537 caelo
1041 3497 1144 3536 non
1195 3483 1582 3546 manufactam,
1606 3481 1803 3550 inquit,
1849 3484 1993 3550 quod
2040 3482 2155 3537 haec

578 3573 690 3626 vita
737 3570 1053 3626 diﬂerentiae
1082 3587 1242 3625 causa
1277 3572 1580 3625 manufacta
1615 3582 1894 3641 propterea
1925 3573 2152 3636 dicatur,

577 3678 643 3718 eo
670 3663 813 3734 quod
842 3663 1019 3716 omnis
1064 3662 1242 3716 cultus
1275 3671 1329 3715 et
1355 3663 1534 3716 studia
1561 3662 1682 3715 vita:
1717 3661 1875 3728 hujus
1907 3662 2153 3716 manibus

580 3754 1029 3808 athninistrcntur
1075 3762 1128 3806 et
1163 3763 1442 3822 gerantur.
1471 3751 1683 3821 Corpus
1708 3751 1886 3817 enim,
1923 3766 2043 3805 cum
2081 3752 2155 3805 sit

581 3859 717 3915 Opus
748 3845 864 3910 Dei,
894 3843 1262 3898 manufactum
1288 3859 1393 3898 non
1423 3845 1642 3910 dicitur,
1674 3859 1740 3900 eo
1767 3847 1912 3914 quod
1943 3862 2049 3900 non
2083 3846 2155 3901 sit

582 3946 698 3988 arte
721 3935 993 3988 hominum
1020 3933 1293 3988 eﬂ‘ectum.
1327 3934 1383 3987 Si
1425 3946 1604 3989 autem
1636 3951 1834 4004 corpus
1867 3946 2151 4005 propterea

583 4024 950 4078 manufactum
1000 4025 1270 4090 dixerint,
1329 4027 1470 4094 quod
1524 4041 1554 4079 a
1609 4029 1718 4082 Deo
1765 4028 1832 4082 sit
1881 4027 2152 4092 ellectum,

585 4125 711 4170 tunc
732 4115 892 4169 ctiam
924 4116 1139 4181 anitme,
1176 4125 1231 4170 et
1267 4116 1468 4184 angeli,
1496 4126 1549 4172 et
1579 4118 1693 4186 ipsa
1732 4117 1784 4170 in
1811 4117 1965 4172 caelis
1998 4118 2155 4171 indu-

586 4215 767 4263 menta
794 4206 1104 4260 manul‘acta
1158 4207 1428 4262 dicentur.
1461 4205 1656 4264 Omnia
1692 4207 1888 4276 quippe
1916 4209 2032 4262 haec
2065 4207 2156 4262 Dei

585 4307 714 4352 sunt
733 4311 913 4365 opera.
962 4297 1093 4364 Quae
1122 4305 1206 4351 est
1233 4311 1365 4366 ergo
1405 4301 1598 4350 domus
1638 4296 1984 4352 manufacta?
2011 4298 2156 4360 Ha-c,

585 4391 847 4462 inquam,
883 4391 1061 4445 brevis
1101 4391 1239 4454 vita,
1278 4404 1381 4460 0pc
1430 4391 1666 4444 humana
1711 4399 2014 4445 sustentata
2063 4404 2156 4446 seu

2315 1850 2432 1902 Ὅτι
2462 1849 2543 1911 τὸ,
2573 1847 2833 1917 Οἴδαμεν
2848 1848 2892 1896 ³9
2912 1846 3022 1916 γὰρ
3049 1848 3129 1913 ὡς
3157 1846 3267 1900 ἐὰν
3294 1847 3332 1914 ἡ
3355 1848 3598 1918 ἐπίγειος
3624 1851 3757 1920 ἡμῶν

2233 1940 2389 1993 οίκία
2407 1939 2512 1993 τοῦ
2539 1939 2813 2006 σκήνους
2834 1937 3165 2006 καταλυθῇ,
3195 1938 3292 1991 καὶ
3321 1938 3468 2008 ἑξῆς,
3498 1941 3545 1992 οι
3585 1943 3755 2012 Ὧριγε-

2233 2027 2450 2082 νιασταὶ
2480 2029 2560 2092 εἰς
2592 2029 2873 2098 ἀναίρεσιν
2901 2028 2998 2097 τῆς
3023 2026 3133 2079 τῶν
3164 2027 3430 2097 σωμάτων
3458 2029 3756 2092 ἀναστάσεως

2239 2118 2658 2190 προϐάλλονται,
2691 2119 2884 2188 σκῆνος
2913 2117 2974 2169 τὸ
2999 2116 3156 2187 σῶμα
3181 2116 3278 2170 καὶ
3303 2119 3684 2190 ἀχειροποίητον
3713 2123 3756 2173 έν

2235 2212 2484 2283 οὐρανοῖς
2529 2211 2707 2264 οἰκίαν
2765 2209 2834 2264 τὰ
2875 2211 3004 2280 παρ’
3044 2209 3224 2264 αὐτῶν
3263 2212 3595 2279 πνευματικά
3642 2213 3758 2266 ἐνδύ-

2244 2320 2389 2373 ματα
2429 2303 2699 2371 λέγοντες.
2743 2302 2833 2355 Διό
2874 2319 3038 2372 φησιν
3075 2303 3104 2353 6
3149 2300 3306 2369 ἅγιος
3337 2303 3602 2365 Μεθόδιοςο
3639 2303 3758 2356 Ἐπί-

2238 2407 2389 2460 γειον
2417 2392 2597 2444 οὶκίαν
2634 2392 2733 2460 τὴν
2773 2391 2819 2422 ³⁸
2851 2390 3084 2445 ἐνταῦθα
3115 2391 3409 2461 βραχύϐιον
3454 2390 3589 2462 ζωὴν
3619 2409 3756 2444 κατα-

2239 2483 2556 2554 χρηστικῶς
2587 2481 2843 2552 ληπτέον,
2876 2482 2972 2536 καὶ
3005 2482 3065 2534 οὐ
3093 2482 3154 2534 τὺ
3186 2481 3383 2552 σκῆνος
3410 2481 3575 2536 τοῦτο.
3605 2485 3656 2536 Ei
3675 2484 3758 2554 γὰρ

2241 2575 2485 2643 ἐπίγειον
2516 2574 2694 2628 οἰκίαν
2724 2573 3134 2644 καταλυομένην
3161 2573 3222 2627 τὸ
3265 2573 3424 2643 σῶμα
3450 2573 3670 2627 τίθεσθαι
3685 2574 3760 2626 αὑ-

2239 2666 2331 2720 τδν
2357 2665 2626 2736 νομίζετε,
2651 2665 2896 2736 φράσατε
2925 2664 2985 2717 τὸ
3019 2663 3218 2733 σκῆνος
3242 2663 3296 2716 τί
3319 2666 3481 2728 ἐστιν,
3518 2658 3573 2718 οὐ
3598 2665 3760 2731 ἠοίκία

2242 2756 2614 2824 καταλύεται;
2651 2756 2878 2828 Ἕτερον
2915 2755 3026 2826 γὰρ
3053 2756 3115 2808 τὸ
3159 2757 3380 2826 σκῆνος,
3422 2757 3510 2810 καὶ
3541 2755 3652 2810 ἄλλο
3689 2755 3760 2808 τοῦ

2245 2849 2476 2918 σκήνους
2509 2849 2542 2917 ὴ
2587 2847 2755 2911 οίκία,
2792 2847 2888 2900 καὶ
2917 2846 3104 2916 ἕτερον
3134 2847 3320 2916 ἡμεῖς,
3343 2839 3416 2900 ὧν
3445 2847 3556 2898 ἐστι
3580 2845 3632 2898 τὸ
3664 2845 3762 2913 σκῆ-

2243 2957 2354 3002 νος.
2378 2937 2506 3012 [48⁸7
2555 2938 2648 3010 11.]
2702 2939 2841 2992 Ἐὰν
2881 2939 2991 3008 γὰρ
3051 2938 3091 3005 ἠ
3140 2937 3402 3005 ἐπίγειος
3445 2935 3600 3006 ἡμῶν
3621 2936 3761 2994 οὶκία,

2245 3033 2402 3102 φησι,
2430 3031 2536 3085 τοῦ
2591 3029 2864 3098 σκήνους
2897 3027 3228 3097 καταλυθῇ,
3267 3024 3380 3082 οἷον
3401 3030 3541 3100 ἡμᾶς
3576 3027 3662 3096 μὲν
3691 3025 3764 3085 τὰς

2249 3125 2429 3196 ψυχὰς
2459 3121 2598 3177 εἶναι
2621 3121 2892 3192 δηλώσας,
2917 3124 3114 3192 σκῆνος
3147 3119 3202 3174 δὲ
3232 3121 3295 3174 τὸ
3325 3119 3500 3191 σῶμα,
3537 3118 3692 3172 οίκίαν
3724 3115 3765 3168 δὲ

2250 3213 2344 3268 τοῦ
2377 3215 2607 3284 σκήνους
2629 3212 2726 3283 τὴν
2752 3212 2894 3264 κατὰ
2921 3210 3020 3281 τὴν
3042 3209 3328 3281 παροῦσαν
3352 3209 3490 3280 ζωὴν
3520 3208 3766 3263 ἀπόλαυσιν

2249 3305 2350 3375 τῆς
2382 3304 2583 3374 σαρκὸς
2617 3303 2914 3375 τροπικῶς.
2963 3302 3090 3355 Ἐὰν
3125 3296 3220 3354 οὖν
3261 3304 3296 3371 ἡ
3330 3303 3376 3334 ⁵⁸
3416 3301 3506 3354 νῦν
3557 3301 3615 3366 δὴ
3661 3296 3767 3361 αῦτη

2251 3396 2285 3464 ἡ
2316 3392 2411 3447 τοῦ
2443 3391 2693 3462 σώματος
2733 3392 2846 3462 ζωὴ
2876 3391 3032 3462 δίκην
3070 3393 3248 3456 οἰκίας
3293 3390 3581 3460 καταλυθῇ,
3616 3387 3768 3455 ἕξομεν

2252 3484 2350 3555 τὴν
2388 3487 2446 3538 ὲν
2480 3486 2590 3546 τοῖς
2624 3483 2873 3552 οὐρανοῖς
2908 3483 3344 3554 ἀχειροποίητον.
3391 3475 3768 3551 Ἀχειροιιοίητόν

2254 3589 2386 3644 φησι
2412 3572 2500 3624 διὰ
2531 3572 2592 3624 τὸ
2627 3571 3001 3642 χειροποίητον
3030 3571 3236 3641 ταύτην
3269 3570 3522 3640 λέγεσθαι
3547 3567 3634 3638 τὴν
3655 3565 3766 3630 ζωὴν

2253 3665 2397 3718 κατὰ.
2417 3663 2845 3733 άντιδιαστολὴν,
2869 3662 3019 3732 παρὰ
3050 3663 3110 3716 τὸ
3133 3663 3313 3716 πάντα
3341 3661 3496 3733 ήμῶν
3519 3659 3582 3712 τά
3601 3655 3770 3724 κοσμή-

2258 3775 2404 3828 ματα
2437 3757 2533 3810 καὶ
2563 3754 2959 3823 σπουδάσματα
2992 3752 3086 3806 τοῦ
3118 3752 3234 3824 βίου
3278 3751 3435 3822 χερσὶ
3467 3745 3770 3818 παλαμᾶσθαι

2254 3849 2578 3920 ἀνθρώπων.
2635 3847 2708 3899 Τὸ
2763 3846 2873 3917 7&9
2930 3845 3090 3916 σῶμα
3136 3844 3524 3916 δημιούργημα
3570 3840 3770 3908 ὑπάρχον

2254 3939 2390 3992 Θεοῦ
2434 3937 2814 4010 χειροποίητον
2857 3937 2920 3990 οὐ
2961 3936 3200 4004 λέγεται,
3235 3935 3320 3990 ὅτι
3374 3934 3448 4006 μὴ
3495 3927 3772 3998 ὲπαλαμήθη

2256 4031 2476 4100 τέχναις
2505 4028 2832 4098 ἀνθρώπων.
2859 4026 2922 4079 Ei
2949 4027 3005 4080 δὲ
3032 4027 3169 4080 διότι
3217 4027 3324 4080 ὐπὸ
3359 4023 3492 4079 Θεοῦ
3533 4024 3773 4093 ἐδημιουρ-

2256 4119 2422 4190 γήθη,
2445 4117 2817 4191 χειροποίητον
2851 4117 2986 4172 αὐτὸ
3013 4117 3251 4184 λέξουσι,
3318 4113 3663 4187 χειροποίητοι
3693 4107 3776 4173 ἄρα

2256 4211 2352 4264 καὶ
2381 4211 2438 4262 αἱ
2466 4209 2637 4279 ψυχαὶ
2667 4211 2760 4261 καὶ
2795 4209 2845 4260 oi.
2873 4207 3098 4276 ἄγγελοι
3129 4208 3224 4261 καὶ
3261 4207 3333 4260 τὰ
3379 4205 3632 4274 ἐνδύματα
3670 4198 3777 4252 αὐτά

2255 4300 2326 4353 τὰ
2371 4300 2428 4353 ὲν
2466 4303 2579 4363 τοῖς
2621 4299 2870 4370 οὐρανοῖς
2899 4314 2914 4330 ο
2954 4297 3088 4351 Θεοῦ
3118 4299 3228 4369 7&9
3266 4297 3672 4367 αὐτουργήματα
3704 4288 3777 4339 καὶ

2257 4391 2451 4446 ταῦτα.
2481 4393 2578 4456 Τίς
2610 4387 2704 4445 οὐν
2733 4393 2880 4444 ἐστιν
2918 4392 2953 4461 ἠ
2985 4391 3360 4461 χειροποίητος
3386 4390 3563 4451 οἰκία;
3598 4386 3653 4438 Ἦ
3677 4381 3777 4451 βρι-

583 4481 798 4538 coudita
829 4499 842 4535 :
878 4478 946 4535 In
975 4481 1186 4545 sudore,
1222 4481 1436 4549 inquit,
1457 4480 1630 4533 uultus
1661 4479 1740 4533 tui
1762 4481 1980 4534 vesceris
2027 4495 2146 4549 pam

2261 4483 2468 4554 χύὸιος,
2507 4483 2582 4546 ὡς
2619 4482 2773 4553 ἔφην,
2807 4481 2944 4552 αὐτη
2979 4482 3115 4552 ζωὴ,
3145 4483 3179 4553 ἡ
3210 4481 3303 4535 ἀπ’
3334 4477 3668 4551 ἀνθρωπίνων
3689 4487 3776 4562 χελι-

587 4584 676 4627 ιιιο
705 4583 767 4638 P;
804 4587 908 4641 qua
943 4571 1202 4627 dissoluta
1247 4571 1391 4625 illam
1435 4571 1793 4625 immortalem
1827 4588 1933 4625 non
1965 4587 2154 4625 mann-

589 4663 788 4718 l‘actam
830 4676 1190 4732 occupamus,
1241 4661 1692 4731 quemadmodum
1739 4661 1999 4716 Dominus
2041 4662 2156 4732 ipse

588 4753 916 4814 declaravit,
983 4767 1106 4806 cum
1163 4752 1299 4805 dixit
1349 4767 1365 4806 :
1418 4749 1607 4806 Facite
1654 4752 1793 4806 vobis
1842 4753 2036 4805 anticus
2097 4755 2160 4806 de

590 4862 891 4899 mammona
936 4845 1252 4913 iniquitatis,
1294 4855 1352 4898 ut
1390 4861 1507 4898 cum
1547 4845 1861 4914 defeceritis,
1907 4846 2156 4908 recipiant

593 4953 677 4990 vos
704 4937 754 4986 in
792 4945 985 4988 (eterna
1007 4933 1344 4987 tabernacula
1369 4943 1418 4987 ιι.
1451 4933 1604 5000 Quod
1635 4936 1778 4988 enim
1812 4935 1880 4988 ibi
1905 4934 2159 4990 Dominus

593 5025 880 5096 appellavit
921 5023 1286 5090 tabernacula,
1338 5025 1427 5079 hic
1472 5025 1763 5093 Apostolus
1809 5034 1964 5079 vocat
2011 5026 2161 5078 indu-

593 5129 792 5172 menta.
831 5115 980 5183 Quod
1024 5117 1096 5170 ibi
1149 5118 1346 5170 amicos
1390 5118 1683 5185 iniquitatis
1709 5157 1723 5182 ,
1754 5117 1841 5172 hic
1873 5117 2160 5186 Apostolus

595 5212 779 5263 donius
852 5207 1222 5263 dissolvendae
1297 5208 1583 5263 diversorii
1646 5222 1739 5262 seu
1791 5208 2157 5262 habitationis.

597 5299 1059 5368 Quemadmodum
1104 5312 1258 5367 ergo,
1305 5312 1426 5352 cum
1473 5299 1587 5353 dies
1618 5298 1744 5353 vita:
1794 5308 1988 5352 nostra:
2021 5312 2162 5365 pra:-

673 5405 696 5429 υ
733 5395 775 5449 ll
798 5394 925 5450 Cor.
952 5410 1004 5460 ν,
1033 5396 1084 5449 1.
1183 5403 1212 5443 P
1239 5393 1375 5448 Gen.
1409 5409 1490 5458 ιιι,
1526 5394 1612 5448 l9.
1687 5403 1715 5442 (ι
1742 5391 1872 5448 Luc.
1905 5408 2017 5457 xw,
2040 5392 2091 5446 9.

2265 4573 2372 4642 ρῶν
2400 4572 2962 4643 δραματουργουμένη
2995 4589 3010 4604 ο
3057 4571 3221 4642 spurii
3263 4571 3308 4604 “
3343 4571 3471 4641 7&9,
3524 4567 3689 4636 φησὶν.
3727 4560 3778 4612 έν

2263 4659 2455 4728 ίδρῶτι
2478 4660 2584 4714 τοῦ
2607 4660 2930 4728 προσώπου
2960 4674 3076 4714 σου
3108 4660 3218 4712 τὸν
3251 4660 3434 4728 ἄρτον
3461 4672 3569 4710 σου
3589 4671 3602 4684 ⁸
3632 4647 3687 4722 ἧς
3706 4664 3780 4700 κι-

2263 4751 2584 4821 ταλυθείσης
2616 4751 2832 4821 ἐκείνην
2861 4749 2960 4821 τὴν
2996 4751 3408 4821 ἀχειροποίητον
3446 4749 3582 4817 ζωὴν
3606 4745 3777 4814 ἔχομεν.

2267 4843 2532 4912 Καθάπερ
2561 4842 2656 4895 καὶ
2681 4842 2710 4893 6
2752 4842 2954 4912 Κύριος
2989 4842 3158 4896 εἰπὼν
3185 4842 3437 4912 ἐδήλωσε·
3469 4829 3780 4904 nouimus"

2265 4936 2484 5003 φίλους
2512 4935 2580 4988 ἐκ
2611 4935 2723 5004 τῆς
2758 4935 2995 5001 ἀδικίας
3023 4935 3130 4988 τοῦ
3155 4931 3408 5004 μαμωνᾶ
3443 4931 3506 4997 ⁸³,
3545 4930 3635 4982 ἵνα
3671 4923 3782 4976 ὅταν

2265 5026 2557 5080 ἑκλίπωσι
2612 5027 2681 5090 ⁸⁵,
2724 5027 3012 5090 δέξωνται
3069 5025 3226 5094 ὑμᾶς
3277 5027 3365 5090 είς
3407 5025 3511 5088 τὰς
3556 5015 3785 5073 ἁίωνίους

2267 5117 2520 5183 σκηνάς.
2577 5117 2643 5170 Ὃ
2687 5119 2795 5188 7&9
2845 5119 2962 5170 ἐκεῖ
3015 5116 3217 5187 σκηνὰς
3269 5119 3298 5170 6
3336 5115 3530 5185 Κύριος
3580 5105 3784 5161 ἐκάλεσε.

2268 5207 2428 5260 τοῦτο
2477 5206 2713 5260 ἐνταῦθα
2759 5210 2787 5261 6
2831 5207 3152 5269 Ἀπόστολος
3186 5206 3460 5274 ἐνδύματα
3487 5216 3501 5232 ο
3549 5197 3657 5251 ὅδὲ
3701 5189 3788 5244 ἐκεῖ

2270 5299 2456 5366 φίλους
2510 5303 2576 5353 ὲκ
2621 5303 2720 5369 τῆς
2767 5301 3006 5363 ἀδικίας,
3073 5297 3307 5352 ἐνταῦθα
3357 5289 3731 5358 καταλυομένας
3768 5279 3788 5329 ὁ

1862 5488 2094 5541 νΛὶὲΙἉΕ
2143 5485 2546 5542 ιιΕιᾷΤΙΟλΕΞ,

688 5577 740 5651 ³⁸.
766 5577 1122 5651 ἀληθῶς-ΑΒ.
1179 5579 1241 5651 μ³⁷
1275 5578 1624 5651 χριῦμενοις.
1703 5581 1746 5612 ³⁸
1787 5579 2028 5651 οῖδαμεν]
2083 5581 2123 5635 ll
2155 5580 2278 5634 Cor.
2318 5596 2369 5640 v,
2403 5581 2454 5632 1.

2556 5578 2599 5609 ³⁸
2623 5577 2722 5647 τὴν
2751 5591 2863 5632 om.
2903 5574 2989 5647 A._
3020 5644 3029 5647 Α
3086 5575 3130 5606 ’⁵ο
3154 5575 3188 5642 ἡ
3241 5580 3362 5627 ante
3390 5567 3481 5623 τοῦ
3513 5581 3613 5622 om.
3645 5574 3715 5631 pr.
3739 5554 3788 5606 Αο

599 5643 652 5715 ⁸⁸,
676 5647 826 5720 φάγῃ
856 5643 916 5711 ἒς.
994 5649 1038 5680 ⁸³
1070 5643 1353 5720 ποιήσατέ]
1392 5643 1527 5704 ‘Luc.
1555 5666 1666 5716 xvu,
1703 5652 1754 5705 9.
1827 5650 1874 5680 "
1906 5643 2185 5720 μαρῖμωνᾶ
2214 5669 2273 5713 ς.
2348 5651 2393 5681 ⁸³
2426 5643 2722 5702 ἐκλίπωσιν
2753 5647 2840 5698 AD
2870 5665 2882 5700 :
2913 5644 3169 5714 ὲκλίπητε
3203 5660 3262 5706 ς.
