3964 6246
237 203 377 269 1125
1267 202 1799 265 BIBLIOTHECA.
1833 226 1905 239 -
1941 203 2107 266 COD.
2138 203 2496 267 CCXXXIV.
3351 199 3490 265 1126

243 320 570 385 Ἀπόστολος
600 318 798 384 οἰκίας.
832 318 1105 390 Καθάπερ
1131 317 1264 388 γοῦν
1290 320 1385 374 ἐὰν
1409 320 1734 389 ἐκλείψωσιν
1764 321 1820 372 al

1953 322 2094 376 emis
2145 320 2463 387 defecerint,
2506 320 2643 374 bona
2688 316 2890 390 opera,
2923 316 3133 372 animas
3165 324 3381 373 nostras
3432 320 3501 371 ad

234 415 330 482 τῆς
358 412 646 484 παρούσης
676 411 821 481 ζωῆς
853 412 1013 483 ἡμῶν
1045 412 1273 482 ἡμέραι,
1310 410 1379 464 τά
1407 412 1543 483 πρὸς
1566 410 1814 465 εὐποιίαν

1956 412 2324 480 oinpensanda
2368 410 2696 472 benefacta.
2750 424 2872 479 quae
2924 408 2977 462 in
3032 408 3144 462 vita
3196 407 3503 477 iniquitatis

234 505 332 568 τάς
364 504 547 574 ψυχὰς
590 503 748 574 ήμῶν
778 503 825 537 ⁸⁸
873 503 1221 569 ὑποδέξονται
1258 502 1743 572 ἀγαθοεργήματα,
1782 499 1819 555 ἃ

1956 498 2279 563 assedimus,
2330 499 2415 568 (eo
2444 498 2588 568 quod
2627 497 2858 553 mundus
2887 496 2957 551 sit
2994 496 3048 550 in
3080 494 3316 565 maligno
3355 495 3505 565 posi-

236 594 344 649 ἀπὸ
381 595 480 665 τῆς
528 595 587 647 ἐν
628 597 693 667 τῇ
736 594 921 664 ἀδικίᾳ
960 593 1106 663 ζωῆς
1159 592 1513 664 ἐκτησάμεθα
1551 590 1674 665 [921
1718 590 1813 663 R.]

238 686 314 756 τῷ
358 686 451 740 τὸν
491 686 696 756 κόσμον
742 688 801 740 ἐν
847 685 925 756 τῷ
974 685 1199 757 πονηρῷ
1241 684 1481 753 κεῖσθαι,
1529 684 1674 739 οὕτω
1722 686 1822 755 τῆς

239 776 388 847 ζωῆς
425 777 831 847 καταλυθείσης
862 780 961 849 τῆς
986 776 1282 849 ὠκυμόρου
1301 778 1401 850 τὴν
1435 777 1545 848 πρὸ
1564 778 1665 848 τῆς
1692 779 1823 832 ἀνα-

242 869 487 932 στάσεως
527 868 721 940 ἓξομεν
760 869 976 939 οἴκησιν
1022 870 1078 922 αί
1116 868 1288 939 ψυχαὶ
1314 870 1360 901 ⁸⁸
1393 869 1544 939 παρὰ
1576 868 1655 939 τῷ
1681 868 1821 939 Θεῷ,

241 959 352 1013 ἐστ’
386 957 451 1013 ἂν
485 959 1069 1031 ἀνακαινοποιηθεῖσαν
1103 960 1235 1030 ἡμῖν
1264 961 1517 1015 ἄπτωτον
1542 960 1824 1016 ἀναλάϐω-

246 1069 348 1121 μεν
385 1050 562 1105 οἰκίαν
591 1052 658 1107 ⁸⁷.
688 1052 852 1106 Ὅθεν
879 1052 976 1106 καὶ
1008 1052 1356 1122 στενάζομεν,
1396 1053 1472 1125 μὴ
1495 1053 1741 1118 θέλοντες
1766 1054 1825 1107 τὸ

249 1143 410 1213 σῶμα
442 1143 879 1208 ἀπεκδύσασθαι,
915 1143 1032 1197 ἀλλ’
1067 1145 1156 1198 ἐπ’
1182 1146 1333 1217 αὐτῷ
1368 1145 1469 1216 τὴν
1504 1145 1699 1217 λοιπὴν
1729 1145 1827 1199 ἐπ-

247 1232 573 1287 ενδύσασθαι
604 1232 771 1305 ζωήν.
805 1234 881 1288 Τὸ
913 1234 1023 1305 γὰρ
1049 1236 1362 1307 οἰκητήριον
1390 1236 1453 1290 τὸ
1481 1236 1540 1304 ἐξ
1572 1236 1826 1309 οὐρανοῦ,

248 1324 279 1375 ὃ
319 1323 695 1395 ἐπιθυμοῦμεν
732 1325 777 1357 ⁸⁸
812 1325 1234 1389 ἐπενδύσασθαι,
1266 1329 1299 1397 ἡ
1344 1327 1614 1383 ἀθανασία
1654 1330 1826 1385 ἐστίν.

256 1418 361 1470 Ἠν
399 1417 495 1470 ἐάν
532 1418 956 1489 ἐπενδυσὼμεθα
980 1459 995 1484 ,
1034 1420 1475 1490 καταποθήσεται
1515 1424 1624 1476 πᾶν
1671 1423 1731 1475 τὸ
1772 1425 1829 1477 ἐν

251 1510 388 1579 αὐτῇ
413 1509 714 1580 ὁλοσχερῶς
741 1510 964 1574 ἀσθενὲς
993 1511 1100 1565 ὑπὸ
1126 1511 1225 1581 τῆς
1245 1512 1477 1583 ἀχρόνου
1510 1513 1657 1585 ζωῆς
1692 1533 1829 1569 κατ-

251 1599 529 1654 αναλωθέν
557 1601 651 1653 καὶ
686 1600 899 1669 θνητόν.

1924 589 2030 660 tus)
2080 589 2391 659 recipientr
2420 602 2434 643 :
2466 588 2541 642 ita
2588 589 2738 644 brevi
2786 589 2888 643 hac
2914 587 3023 643 vita
3065 588 3262 652 soluta,
3309 588 3504 642 animae

1925 690 2051 736 ante
2103 681 2570 736 resurrectionem
2615 680 3010 735 habitationem
3058 682 3331 735 habebunt
3363 680 3503 748 apud

1925 772 2117 837 Deum,
2147 772 2322 828 donec
2348 773 2709 828 instauratam
2741 780 2795 827 et
2833 787 3111 841 nunquam
3137 787 3386 827 casuram
3419 786 3508 825 re-

1924 863 2187 934 cipiamus
2214 864 2458 920 domum.
2498 861 2656 918 Unde
2687 870 2741 919 et
2774 863 3205 932 ingemiscimus,
3260 862 3505 917 nolentes

1925 970 2125 1027 corpus
2162 956 2269 1011 hoc
2297 970 2496 1011 exuere
2518 996 2533 1021 ,
2565 954 2662 1010 sed
2707 969 2868 1024 super
2903 954 3076 1023 ipsum
3124 954 3386 1023 reliquam
3428 957 3507 1003 vi-

1927 1058 2035 1104 tam
2096 1049 2324 1103 induere
2384 1059 2432 1102 δ.
2485 1047 2624 1103 lllud
2680 1047 2826 1102 enim
2876 1046 3208 1102 domicilium
3259 1048 3507 1109 caeleste,

1927 1143 2126 1215 298a
2178 1142 2319 1214 quod
2351 1140 2743 1210 superinduere
2776 1141 3044 1210 cupimus,
3075 1147 3158 1195 est
3183 1138 3508 1194 immortali-

1929 1248 2011 1292 tas
2049 1251 2210 1306 quam
2260 1234 2351 1290 ubi
2384 1232 2757 1299 induerimus,
2791 1234 3174 1289 absorbebitur
3217 1233 3432 1302 penitus
3476 1245 3508 1284 a

1927 1329 2038 1383 vita
2062 1337 2263 1381 aeterna
2294 1334 2700 1396 consumptum,
2731 1324 2995 1397 quidquid
3027 1325 3080 1381 in
3115 1324 3206 1381 illa
3233 1324 3508 1380 inﬁrmum

1928 1428 1984 1476 et
2006 1418 2254 1476 mOrtale.

325 1693 430 1746 Διά
461 1692 722 1758 πίστεως
747 1667 859 1761 map
889 1693 1352 1764 περιπατοῦμεν,
1375 1696 1447 1750 οὐ
1472 1694 1573 1749 διὰ
1610 1695 1831 1761 είδους,

2009 1700 2115 1756 Per
2142 1701 2300 1769 fidem
2322 1700 2459 1755 enim
2498 1698 2856 1763 ambulamus,
2893 1712 2994 1751 non
3013 1711 3108 1765 per
3139 1694 3383 1763 speciem,
3411 1693 3515 1747 hoc

252 1786 503 1838 τουτέστι
534 1784 624 1838 διὰ
661 1785 899 1848 πίστεως
939 1785 1048 1856 γὰρ
1086 1784 1442 1858 ἐπιϐαίνομεν
1484 1785 1839 1859 ἐτι,ἀτρανο-

255 1879 403 1948 τάτῳ
451 1876 702 1949 λογισμῷ
747 1877 818 1931 τά
868 1879 986 1932 ἐκεῖ
1039 1879 1340 1951 πράγματα
1382 1880 1835 1946 κατοπτεύοντες,

258 1970 354 2024 καὶ
387 1970 449 2022 οὐ
491 1969 701 2039 σαφῶς,
740 1968 884 2023 ὥστε
921 1970 1016 2023 καὶ
1053 1971 1191 2042 ὀρᾷν
1219 1970 1316 2024 καὶ
1344 1970 1641 2025 ἀπολαύειν
1664 1971 1757 2026 καὶ
1782 1972 1841 2027 ἐν

258 2061 449 2123 αὐτοῖς
479 2055 641 2114 εἶναι.

336 2150 518 2206 Τοῦτο
539 2150 586 2184 ⁸⁸
617 2150 686 2205 δέ
734 2169 883 2221 φημι
907 2193 922 2217 ,
944 2151 1218 2222 ἀδελφοί,
1265 2153 1355 2208 ὅτι
1400 2153 1556 2223 σὰρξ
1585 2154 1682 2208 καί
1700 2148 1844 2224 αἷμα

263 2237 721 2308 κληρονομῆσαι
749 2240 1081 2303 ,ϐασιλείαν
1104 2241 1252 2296 Θεοῦ
1269 2244 1340 2296 οὐ
1363 2242 1672 2308 δύνανται,
1701 2243 1845 2299 οὐδὲ

262 2332 303 2399 ἠ
326 2330 519 2399 φθορὰ
537 2328 651 2398 τὴν
670 2330 1012 2399 ἀφθαρσίαν
1032 2332 1407 2403 κληρονομεῖ.
1428 2334 1636 2404 Σάρκα,
1656 2335 1842 2404 φησὶν,

264 2422 327 2475 οὐ
382 2422 483 2491 τὴν
537 2420 716 2490 σάρκα
766 2422 937 2491 αὐτὴν
982 2421 1271 2493 ἐδήλωσεν,
1332 2424 1468 2478 ἀλλὰ
1505 2425 1605 2497 τὴν
1651 2426 1846 2496 ἄλογον

266 2514 409 2585 πρὸς
465 2512 564 2576 τὰς
610 2513 654 2545 ⁵⁸
695 2513 990 2583 μαχλώσας
1032 2517 1133 2586 τῆς
1181 2516 1362 2587 ψυχῆς
1408 2517 1583 2589 ὁρμὴν
1631 2518 1845 2589 ἡδονάς.

278 2603 463 2658 Εἰπὼν
490 2603 582 2658 οὖν
610 2602 691 2656 ὅτι
732 2605 775 2637 δι
838 2602 998 2673 Σάρξ
1027 2607 1127 2659 καὶ
1167 2601 1310 2675 αἷμα
1341 2607 1674 2679 ,βασιλείαν
1700 2609 1849 2665 Θεοῦ

269 2695 723 2766 κληρονομῆσαι
755 2698 826 2751 οὐ
849 2696 1154 2765 δύνανται,
1180 2701 1590 2771 ἐπαπειρήνατο⁸
1626 2702 1779 2757 Οὐδὲ
1809 2704 1848 2772 ἠ

269 2789 466 2858 φθορὰ
509 2788 625 2856 τὴν
666 2790 1011 2859 ἀφθαρσίαν
1049 2792 1427 2862 κληρονομεῖ.
1461 2794 1639 2865 Φθορά
1666 2794 1723 2848 δέ
1752 2797 1853 2849 οὐκ

270 2880 405 2933 αὐτό
439 2882 558 2932 ἐστι
608 2880 668 2933 τὸ
712 2880 1096 2953 φθειρόμενον,
1138 2883 1276 2937 ἀλλά
1316 2884 1378 2937 τὸ
1416 2884 1659 2955 φθεῖρον.
1707 2887 1855 2939 Ἐπι-

1941 1804 2044 1861 est,
2075 1808 2173 1864 per
2200 1792 2360 1847 ﬁdem
2393 1792 2568 1847 adhuc
2598 1789 2999 1862 progredimur,
3036 1796 3234 1843 statum
3268 1786 3378 1840 illic
3414 1784 3515 1839 ob-

1940 1884 2256 1942 scurissima
2301 1881 2740 1937 consideratione
2790 1877 3259 1947 contemplantes,
3306 1884 3363 1929 et
3407 1888 3517 1927 non

1942 1984 2152 2047 aperte,
2173 1983 2233 2030 ut
2253 1974 2460 2041 videre,
2494 1980 2549 2027 et
2576 1970 2704 2027 frui.
2734 1980 2788 2026 et
2818 1984 2941 2025 esse
2976 1970 3029 2024 in
3065 1968 3156 2023 illo
3183 1967 3473 2037 possimus.

2014 2153 2131 2207 Hoc
2156 2162 2329 2206 autem
2348 2150 2488 2214 dico,
2522 2148 2743 2219 fratres,
2775 2148 2913 2218 quod
2950 2162 3074 2201 caro
3100 2155 3147 2200 et
3180 2145 3394 2215 sanguis
3433 2161 3520 2198 re-

1943 2262 2106 2318 gnum
2162 2244 2260 2298 Dei
2305 2246 2573 2312 possidere
2624 2258 2729 2295 non
2772 2242 2995 2309 possint,
3043 2254 3210 2308 neque
3253 2238 3523 2306 corruptio

1945 2338 2391 2404 incorruptionem
2432 2332 2761 2387 hwreditabit
2809 2333 2854 2384 ι.
2903 2330 3038 2385 Cum
3080 2344 3297 2385 carnem
3338 2338 3519 2392 vocat,

1950 2446 2054 2484 non
2086 2432 2223 2483 hanc
2251 2441 2471 2481 carnem
2510 2425 2791 2489 intellexrt,
2821 2424 2913 2478 sed
2944 2421 3310 2477 irrationalem
3351 2421 3523 2489 impe-

1953 2532 2064 2576 tum
2106 2530 2293 2575 contra
2328 2519 2555 2573 lascivas
2602 2516 2799 2571 anima:
2843 2515 3167 2585 voluptates.
3213 2512 3347 2569 Cum
3394 2527 3526 2581 ergo

1950 2614 2081 2669 dicit
2108 2631 2120 2668 :
2157 2611 2309 2677 Quod
2333 2626 2457 2663 caro
2483 2618 2531 2662 et
2557 2609 2771 2678 sanguis
2808 2623 3023 2676 regnum
3050 2605 3146 2659 Dei
3168 2622 3271 2659 non
3295 2605 3528 2671 posside-

1952 2705 2101 2766 bunt,
2129 2701 2289 2758 simul
2330 2700 2642 2763 declaravit,
2685 2702 2827 2769 quod
2859 2712 3021 2767 neque
3056 2696 3325 2764 corruptio
3353 2699 3527 2748 lucre-

1952 2797 2140 2852 ditabit
2172 2793 2639 2862 incorruptionem.
2673 2789 2965 2860 Corruptio
3006 2798 3189 2843 autem
3226 2801 3331 2841 non
3357 2793 3441 2840 est
3474 2784 3527 2839 id

1957 2889 2099 2959 quod
2131 2886 2518 2954 corrumpitur,
2544 2886 2639 2938 sed
2662 2882 2807 2953 quod
2837 2880 3156 2950 corrumpit.
3183 2878 3357 2934 Morte
3382 2879 3528 2933 enim

273 2972 655 3063 κρατήσαντος
688 2971 786 3041 μὲν
813 2972 922 3044 γάρ
942 2973 1037 3026 τοῦ
1069 2973 1301 3028 θανάτου
1334 2974 1577 3030 κλίνεται
1602 2978 1662 3030 τὸ
1694 2977 1848 3048 σῶμα

1959 2979 2399 3051 praedominantc,
2428 2991 2625 3047 corpus
2653 2975 2706 3029 in
2741 2973 3146 3043 corruptionem
3181 2972 3374 3041 vergit.
3409 2968 3531 3024 Vita

275 3059 406 3133 [488
449 3058 543 3132 11.]
584 3063 662 3123 είς
703 3061 909 3133 φθοράν
936 3080 952 3094 ο
986 3063 1351 3135 ἐπιμενούσης
1379 3065 1435 3118 δὲ
1483 3066 1719 3136 ἔμπαλιν
1750 3068 1848 3138 τῆς

1956 3082 2137 3127 autem
2164 3072 2217 3125 in
2253 3084 2318 3125 eo
2346 3084 2561 3125 rursum
2604 3075 2880 3131 manente,
2914 3072 3098 3119 manet
3138 3063 3531 3131 incorruptum.

276 3149 422 3218 ζωῆς
473 3152 531 3203 ἐν
581 3151 731 3220 αὐτῷ
775 3152 977 3223 ἕστηκε
1035 3153 1110 3224 μὴ
1171 3153 1621 3225 καθαιρούμενον.
1672 3158 1761 3211 Διὸ
1807 3160 1852 3192 δ’

276 3241 469 3312 ἐπειδὴ
532 3243 783 3313 μεθόριον
840 3245 939 3314 τῆς
987 3245 1297 3317 ἀφθαρσίας
1340 3248 1572 3321 ἐγενήθη
1617 3253 1711 3303 καὶ
1757 3251 1856 3321 τῆς

279 3331 488 3403 φθορᾶς
522 3334 557 3404 ὴ
586 3333 744 3404 σὰρξ,
768 3334 869 3387 οὐκ
896 3333 1031 3388 οὖσα
1055 3335 1175 3388 οὐδὲ
1200 3336 1374 3408 φθορά
1404 3338 1527 3392 οὑδέ
1553 3338 1854 3411 ἀφθαρσία,

282 3424 567 3495 ἐκρατήθη
598 3442 657 3477 τε
675 3425 765 3478 διὰ
790 3425 888 3496 τὴν
912 3427 1107 3497 ἡδονὴν
1134 3427 1241 3481 ὑπὸ
1272 3428 1374 3499 τῆς
1397 3428 1621 3499 φθορᾶς,
1644 3431 1856 3501 ποίημα

284 3514 386 3583 τῆς
441 3513 752 3586 ἀφθαρσίας
801 3518 894 3569 καὶ
935 3517 1122 3588 κτῆμα
1165 3518 1509 3589 ὑπάρχουσα,
1563 3520 1653 3573 διὰ
1699 3519 1856 3574 τοῦτο

283 3607 583 3679 γεγένηται
641 3608 721 3671 είς
763 3608 991 3679 φθοράν.
1032 3611 1142 3663 Καὶ
1179 3610 1304 3663 ἐπεὶ
1342 3611 1714 3683 συνεκροτήΘη
1754 3613 1861 3666 ὑπὸ

281 3699 381 3765 τῆς
412 3697 621 3769 φθορᾶς
663 3699 760 3753 καὶ
794 3699 1010 3771 θανάτῳ
1050 3700 1140 3755 διά
1170 3701 1417 3756 παιδείαν
1453 3702 1750 3773 παρεδόθη,
1780 3706 1862 3768 εἰς

284 3792 432 3853 νῖκος
453 3789 622 3861 αὐτὴν
644 3794 711 3861 τῇ
741 3790 916 3862 φθορᾷ
950 3790 1201 3865 καθάπερ
1234 3793 1597 3865 κληρονομίαν
1630 3796 1692 3849 οὑ
1726 3813 1862 3851 κατα

291 3883 501 3951 έλιπεν,
552 3883 686 3936 ἀλλά
743 3883 905 3937 πάλιν
950 3883 1039 3937 διά
1099 3886 1196 3955 τῆς
1244 3886 1594 3951 ἀναστάσεως
1633 3887 1863 3959 νικήσας

285 3976 382 4028 τὸν
409 3974 639 4029 θάνατον
671 3975 924 4029 ἀπέδωκε
948 3978 1016 4047 τῇ
1041 3976 1340 4048 ἀφθαρσίᾳ,
1375 3978 1465 4032 ἵνα
1492 3977 1567 4050 μὴ
1608 3978 1866 4049 κληρονο-

288 4067 447 4139 μήσῃ
482 4067 515 4136 ἡ
555 4065 732 4135 φθορά
771 4066 870 4137 τὴν
901 4066 1232 4138 ἀφθαρσίαν,
1268 4068 1384 4121 ἀλλ’
1418 4070 1449 4138 ἡ
1488 4069 1769 4139 ἀφθαρσία
1804 4071 1867 4123 τὸ

284 4153 550 4223 φθαρτόν.
596 4153 1050 4226 Ἐπαποκρίνεται
1087 4156 1238 4224 γοῦν,
1260 4156 1359 4209 Δεῖ
1372 4156 1483 4226 γὰρ
1512 4157 1579 4211 τὸ
1603 4159 1869 4227 φθαρτὸν

285 4247 467 4302 τοῦτο
510 4248 887 4305 ἐνδύσασθαι
928 4249 1045 4319 τὴν
1078 4251 1449 4320 ἀφθαρσίαν,
1482 4252 1582 4306 καὶ
1620 4251 1688 4305 τὸ
1722 4257 1867 4319 θνη-

288 4340 401 4393 τὸν
435 4339 551 4408 τὴν
580 4340 941 4397 ἀθανασίαν.
977 4341 1221 4413 Φθαρτδν
1247 4342 1304 4395 δὲ
1332 4342 1429 4395 καὶ
1461 4342 1654 4412 θνητὸν
1685 4343 1866 4396 ἐνδυό·
1897 4342 1941 4397 D

290 4448 457 4501 μενον
498 4430 798 4488 ἀθανασίαν
825 4434 920 4488 καὶ
952 4432 1265 4504 ἀφθαρσίαν
1316 4433 1367 4486 τί
1392 4432 1457 4485 ἂν
1482 4434 1531 4466 ⁵³
1558 4433 1746 4504 ἕτερον
1777 4435 1861 4506 εἴη

288 4523 444 4593 παρά
485 4525 547 4577 τὸ
573 4525 928 4596 σπειρόμενον
962 4527 1021 4579 ἐν
1062 4525 1238 4597 φθορᾷ
1284 4525 1375 4578 καὶ
1410 4525 1768 4595 ἀνιστάμενον
1808 4529 1865 4579 ἐν

290 4616 594 4687 ἀφθαρσίᾳ,
635 4616 742 4684 ἵνα,
769 4615 975 4684 Καθὼς
1002 4616 1375 4687 ἐφορέσαμεν
1398 4616 1511 4684 τὴν
1529 4619 1732 4671 εἰκόνα
1761 4618 1867 4673 τοῦ

290 4707 524 4775 χοϊκοῦ,
571 4707 921 4777 φορέσωμεν
955 4707 1055 4762 καὶ
1107 4708 1227 4774 τὴν
1276 4706 1324 4740 ³⁸
1370 4709 1573 4762 εἰκόνα
1618 4708 1727 4763 τοῦ
1763 4709 1870 4762 ἐπ-

288 4798 613 4867 ουρανίου;
655 4799 719 4852 Ἠ
754 4801 862 4869 γάρ
893 4799 1055 4853 εἰκὼν
1100 4799 1196 4852 τοῦ
1233 4798 1443 4869 χοϊκοῦ,
1482 4800 1552 4871 ἢν
1600 4800 1871 4873 ἐφορέσα-

293 4908 418 4961 μεν,
458 4891 520 4944 τὸ
539 4893 589 4944 Γ
599 4891 631 4959 ἦ
654 4892 698 4924 ⁵⁸
735 4887 913 4947 εἶκαὶ
949 4894 1035 4958 είς
1057 4890 1175 4960 γῆν
1201 4892 1513 4959 ἀπελεύσῃ
1549 4893 1719 4958 ἐστὶν,
1754 4895 1788 4963 ὴ
1814 4894 1871 4947 δέ

292 4983 459 5035 εἰκὼν
490 4983 586 5035 τοῦ
620 4983 946 5053 ἐπουρανίου
976 4986 1009 5054 ή
1038 4986 1104 5037 ἐκ
1133 4982 1345 5054 νεκρῶν
1376 4982 1671 5047 ἀνάστασις
1702 4986 1870 5056 καὶεή

292 5071 597 5141 ἀφθαρσία.
1590 5064 1593 5067 ’

372 5218 392 5243 τ
425 5208 441 5260 l
472 5206 629 5263 Joan.
659 5224 712 5277 ν,
741 5209 828 5264 19.
906 5221 927 5250 ε
960 5208 1002 5264 ll
1027 5209 1153 5264 Cor.
1184 5225 1235 5273 ν,
1257 5209 1310 5262 2.
1399 5210 1414 5246 ι
1443 5207 1463 5262 ι
1490 5208 1618 5265 Cor.
1652 5227 1741 5279 xy,
1769 5211 1848 5267 50.

1953 5224 1963 5252 ι
1992 5214 2123 5271 ibid.
2159 5216 2248 5272 55.

1955 3166 2133 3232 Quare
2174 3180 2294 3220 cum
2345 3163 2489 3217 inter
2540 3160 2773 3215 conﬁnia
2816 3157 3183 3226 corruptionis
3242 3164 3297 3209 et
3352 3155 3533 3207 incor-

1959 3255 2223 3325 rnptionis
2252 3268 2381 3308 caro
2404 3260 2531 3306 nata
2565 3252 2658 3318 sit,
2687 3263 2787 3304 nec
2827 3249 2899 3303 sit
2922 3246 3197 3317 corruptio
3226 3260 3327 3299 nec
3352 3245 3533 3298 incor-

1959 3348 2155 3417 ruptio,
2184 3348 2325 3402 victa
2362 3356 2445 3400 est
2479 3361 2508 3399 a
2548 3342 2922 3413 corruptione,
2953 3349 3173 3410 propter
3210 3339 3531 3394 delectatio-

1958 3454 2101 3504 nem,
2164 3434 2586 3506 incorruptionis
2649 3433 2951 3502 Opilicium,
2994 3431 3245 3501 quamvis
3288 3437 3433 3485 esset
3483 3430 3534 3482 in

1958 3529 2304 3599 possessione
2339 3522 2747 3599 [incorruptio].
2799 3524 2935 3578 Hinc
2987 3521 3162 3596 [caro]
3201 3531 3325 3575 nata
3358 3528 3445 3576 est
3482 3520 3536 3574 in

1960 3620 2386 3689 corruptionem.
2417 3615 2483 3671 Et
2512 3626 2796 3687 postquam
2820 3616 2961 3670 victa
2983 3624 3070 3669 est
3099 3628 3128 3667 a
3162 3611 3536 3681 corruptione,

1961 3724 2014 3769 et
2046 3712 2204 3765 morti
2241 3719 2462 3779 propter
2503 3708 2915 3776 castigationem
2964 3706 3197 3770 tradita,
3256 3720 3361 3758 non
3411 3701 3539 3757 reli-

1961 3805 2081 3875 quit
2106 3804 2253 3858 illam
2284 3801 2618 3872 corruptioni
2648 3800 2715 3855 ad
2748 3798 3032 3854 victoriam
3058 3799 3111 3852 in
3143 3797 3539 3861 liaereditatem,

1963 3895 2057 3951 sed
2093 3909 2305 3949 rursum
2339 3893 2479 3948 victa
2502 3906 2597 3961 per
2626 3890 3083 3946 resurrectionem
3137 3897 3314 3944 morte
3361 3887 3541 3943 red-li-

1964 3983 2482 4055 ditincorruptioni,
2532 3991 2589 4037 ut
2630 3998 2695 4037 ne
2738 3982 3018 4051 corruptio
3073 3982 3537 4048 incorruptionem

1964 4078 2019 4132 in
2069 4077 2442 4131 haereditatem
2496 4074 2784 4142 acciperet.
2831 4074 2925 4127 sed
2986 4072 3164 4142 potius
3208 4071 3543 4138 incorruptio

1967 4168 2317 4238 corruptibile
2350 4162 2734 4239 [absorberet].
2769 4164 2907 4219 Dicit
2934 4165 3077 4218 enim
3117 4166 3369 4231 :Oportet
3402 4162 3543 4214 enim

1970 4258 2305 4327 corruptibile
2334 4258 2431 4311 hoc
2470 4258 2686 4311 induere
2712 4255 3179 4324 incorruptionem,
3225 4263 3272 4307 et
3322 4254 3543 4305 mortale

1970 4351 2416 4407 immortalitatem
2446 4356 2498 4403 ιι.
2556 4347 2924 4418 Corruptibile
2981 4356 3160 4400 autent
3208 4355 3262 4401 et
3318 4347 3545 4400 mortale

1974 4445 2198 4499 induere
2230 4441 2682 4497 immortalitatem
2708 4450 2761 4495 et
2788 4438 3241 4507 incorruptionem
3259 4436 3385 4508 quid
3403 4438 3545 4491 aliud

1972 4538 2063 4600 sit,
2096 4550 2257 4605 quam
2307 4534 2631 4589 semiustum
2664 4531 2717 4586 in
2760 4532 3127 4599 corruptione,
3171 4543 3457 4598 resurgens
3493 4530 3544 4581 in

1973 4623 2376 4694 incorruptione
2424 4640 2437 4676 :
2497 4620 2566 4675 Ut
2613 4622 2750 4675 sicut
2788 4620 3112 4689 portavimus
3147 4618 3423 4687 intaginem
3450 4625 3549 4671 ter-

1974 4717 2108 4783 reni,
2138 4725 2400 4785 portemus
2429 4724 2475 4769 et
2506 4714 2791 4782 imaginem
2838 4711 3061 4765 caelestis
3090 4710 3159 4763 V?
3182 4710 3364 4781 Imago
3404 4712 3546 4766 enim

1978 4807 2199 4871 terreni,
2223 4821 2384 4876 quam
2405 4807 2762 4876 portavimus,
2794 4802 2926 4857 illud
2959 4812 3041 4858 est
3075 4817 3091 4856 :
3126 4801 3289 4856 Terra
3312 4818 3390 4868 es,
3415 4801 3543 4854 etin

1976 4912 2168 4956 terram
2191 4899 2458 4953 reverteris
2481 4906 2529 4951 ι.
2575 4896 2755 4967 imago
2784 4906 2964 4951 autem
2997 4894 3233 4951 caelestis
3255 4902 3338 4950 est
3370 4907 3551 4948 resur-

1981 4992 2148 5048 rectio
2189 5005 2254 5045 ex
2285 4989 2511 5044 mortuis
2533 4998 2588 5042 et
2616 4987 2969 5055 incorruptio.

2330 5222 2353 5250 ν
2387 5212 2515 5269 Ibid.
2538 5212 2628 5268 49.
2706 5212 2892 5267 JKGen.
2933 5227 3016 5280 ιιι,
3071 5213 3159 5267 19.

1553 5345 1786 5402 VARUS
1818 5350 2225 5407 LECTIONES.

294 5444 297 5447 ί
366 5461 411 5541 ξ’
437 5460 595 5533 ἡμῶν
608 5461 822 5543 ,ορλῐλ
916 5461 975 5543 ⁸1
990 5465 1046 5517 αἱ
1074 5463 1270 5543 ψυχρῇ]
1300 5464 1582 5543 ἀναψυχὴν
1609 5464 1884 5543 Scaliger.
1964 5471 2009 5543 δ’(
2035 5470 2212 5523 οἰκίαν
2240 5470 2354 5543 AB:
2391 5471 2489 5541 τὴν
2512 5471 2727 5543 οἰκίαν,
2746 5489 2807 5537 ς.
2883 5470 2929 5502 ⁸⁸
2946 5468 3339 5543 ἐπενδύσασθαι
3359 5468 3553 5543 ﬁnitio:

298 5530 529 5605 μοῦμεν.
667 5531 839 5605 ll_Cor.
868 5547 920 5598 ν,
943 5534 997 5587 2.
1072 5530 1117 5565 δέ
1145 5530 1326 5605 τοῦτο]
1391 5530 1556 5588 ιὈοΤζ
1578 5551 1665 5600 xv,
1693 5530 1785 5596 δ’οῖ
1877 5542 1921 5574 ⁵ο
1952 5541 2049 5604 τὰς
2081 5557 2190 5596 om.
2228 5542 2295 5597 Α.
2381 5542 2423 5574 ⁸¹
2447 5530 2528 5595 3st.
2558 5557 2668 5597 om.
2705 5530 2770 5597 Α,

295 5602 342 5655 δ’
365 5603 427 5655 ἄν
455 5603 518 5654 Α.
596 5601 641 5631 ⁸³
673 5601 771 5671 τὴν
794 5619 904 5660 om.
936 5607 1001 5658 Α.
1077 5606 1121 5638 ⁸⁵
1150 5604 1242 5676 γῆ]
1272 5601 1407 5662 (ἴση.
1443 5621 1523 5671 ιιι,
1554 5604 1639 5660 l9.

2866 5543 2910 5574 δ’
2938 5541 3017 5593 διὸ
3055 5557 3164 5597 om.
3202 5537 3308 5593 AB.
3388 5540 3434 5571 ⁸³
3458 5537 3556 5613 ἂν]
