3964 6246
445 216 580 287 1127

446 425 814 497 apostolorum
869 419 1204 488 temporibus
1268 427 1324 472 et
1389 417 1683 472 virtutibus
1741 429 2020 485 remotus,

443 515 589 585 quod
615 513 840 568 mortale
869 520 951 564 est
982 510 1300 563 htereditate
1328 509 1498 577 accipi
1533 509 1685 574 dicit,
1710 510 1872 562 vitam
1892 523 2025 562 vero

447 607 818 663 hereditatem
857 601 1125 668 accipere.
1166 601 1232 654 Et
1262 615 1482 654 carnem
1509 601 1724 669 quidem
1753 601 1910 665 mori,
1941 601 2025 654 vi-

446 713 572 750 vere
619 711 744 749 vero
798 708 1020 761 regnum
1055 692 1340 746 caelorum.
1384 690 1609 757 Quando
1666 707 1793 745 vero
1823 690 2026 746 Paulus

445 787 640 858 2986
675 801 705 839 a
728 786 986 852 sanguine
1019 800 1242 853 regnum
1283 783 1374 838 Dei
1437 783 1699 853 possideri
1735 799 1895 853 posse
1929 799 2028 840 ne.

446 891 555 950 gat,
593 895 697 933 non
733 879 859 932 dicit
888 878 1011 941 hoc,
1052 888 1109 929 ut
1138 877 1318 929 carnis
1345 876 1808 944 regenerationem
1840 877 2024 930 videa-

449 985 534 1026 tur
567 986 786 1040 negare,
830 971 922 1023 sed
970 979 1029 1023 ut
1063 974 1274 1039 doceat,
1324 984 1430 1024 non
1485 969 1747 1034 possideri
1797 982 2022 1038 regnum

447 1066 562 1127 Dei,
589 1063 732 1132 quod
762 1073 846 1116 est
876 1061 978 1114 vita
1022 1072 1246 1121 mter-na,
1287 1075 1315 1112 a
1347 1073 1594 1127 corpore,
1640 1060 1732 1111 sed
1763 1073 1961 1126 corpus
1994 1073 2024 1112 a

451 1156 580 1207 vita.
605 1153 660 1206 Si
697 1152 839 1204 enim
875 1164 1095 1216 regnum
1124 1148 1237 1211 Dei,
1278 1148 1420 1216 quod
1449 1156 1535 1201 est
1565 1147 1694 1207 vita,
1731 1164 1757 1198 a
1791 1161 2025 1213 corpore

459 1244 851 1314 possideretur,
876 1240 1119 1293 eveniret
1151 1249 1208 1291 ut
1249 1239 1357 1290 vita
1389 1254 1416 1291 a
1456 1237 1804 1306 corruptione
1838 1238 2027 1291 absor-

462 1336 704 1388 beretur.
739 1330 890 1384 Nunc
917 1341 1104 1382 contra
1138 1330 1187 1382 id
1218 1330 1361 1398 quod
1397 1338 1667 1382 mortuum
1700 1339 1804 1391 est,
1842 1345 1868 1381 a
1918 1329 2022 1382 vita

452 1426 782 1494 possidetur,
834 1435 892 1478 ut
917 1427 968 1477 in
1007 1423 1233 1475 victoria
1266 1436 1414 1475 mors
1438 1437 1464 1473 a
1499 1422 1602 1474 vita
1646 1421 2022 1483 absorbeatur,

449 1527 505 1572 et
535 1517 882 1585 corruptibile
914 1517 979 1568 ab
1009 1513 1404 1582 incorruptibili
1440 1513 1700 1581 possideri
1733 1511 1982 1565 videatur
2008 1529 2022 1577 ;

450 1609 676 1662 liberum
708 1618 883 1660 tamen
929 1621 957 1658 a
1002 1616 1174 1659 morte
1207 1615 1262 1659 et
1309 1614 1530 1673 peccato
1575 1603 1811 1667 factum;
1847 1605 1937 1656 sed
1969 1613 2028 1656 ut

448 1700 647 1754 serviat
669 1709 722 1753 et
745 1699 1020 1752 ministret
1043 1694 1452 1757 immortalitati,
1475 1703 1531 1747 ut
1554 1708 1748 1760 corpus
1768 1694 1836 1747 sit
1860 1693 2035 1746 incor-

452 1789 742 1859 ruptionis,
774 1805 881 1842 non
916 1786 1248 1856 incorruptio
1280 1785 1546 1853 corporis.
1574 1785 1725 1850 Quod
1752 1786 1944 1838 mortui
1972 1787 2026 1838 in

450 1881 661 1934 Christo
691 1889 957 1946 resurgent
982 1877 1231 1946 primum,
1257 1875 1440 1928 deinde
1463 1892 1557 1928 nos
1595 1875 1684 1944 qui
1720 1873 1938 1927 vivimus
1971 1883 2024 1926 γ.

455 1972 526 2025 De
553 1973 654 2026 hoc
683 1971 754 2024 ita
783 1978 969 2025 censet
1010 1978 1228 2023 sanctus
1260 1966 1564 2021 Metliodius
1600 1984 1613 2019 :
1642 1965 1755 2021 Hoc
1793 1974 1876 2022 est
1918 1965 2029 2037 [in-

451 2058 592 2132 quit]
623 2079 635 2112 :
670 2058 786 2128 lpsa
813 2066 996 2113 nostra
1023 2057 1138 2110 haec
1167 2070 1416 2125 corpora.
1456 2054 1566 2109 Nos
1590 2057 1734 2109 enim
1769 2058 1861 2125 qui
1889 2057 2024 2109 vivi-

1537 214 1801 276 ΡΗΟΤΙῙ
1838 214 2343 274 ΡΑΤΒΙΑΒΟΙΙίΕ
2374 214 2485 272 CP-

513 332 761 390 Justinus
799 343 930 386 vero
975 325 1361 396 Neapolitanus
1418 325 1503 380 vir
1560 327 1702 381 haud
1758 327 1918 395 longe
1965 329 2032 380 ab
2060 332 2107 388 Α

3574 203 3702 269 1128

2215 325 2501 386 Ἰουστῖνος
2526 323 2584 376 δὲ
2619 323 2648 376 6
2686 321 3049 392 Νεαπολίτης,
3081 321 3224 390 ἀνὴρ
3254 318 3380 374 οὔτε
3418 318 3498 390 τῷ
3529 321 3700 392 χρόνῳ

2125 419 2319 490 πόρρω
2350 416 2425 469 ὥν
2455 415 2565 469 τῶν
2605 413 2921 468 ἀποστόλων
2946 411 3072 467 οὔτε
3106 415 3174 483 τῇ
3217 413 3411 482 ἀρετῇ,
3444 411 3700 482 κληρονο-

2129 508 2351 580 μεῖσθαι
2407 507 2507 577 μὲν
2537 505 2597 559 τὸ
2666 505 3029 574 ἀποθνῆσκον,
3072 503 3430 574 κληρονομεῖν
3462 504 3509 534 ⁸⁸
3555 502 3612 556 δὲ
3646 503 3706 556 τὸ

2126 601 2236 667 ζῶν
2261 601 2446 669 λέγει,
2481 599 2576 653 καὶ⁵
2599 598 2963 668 ἀποθνήσκειν
2995 596 3094 667 μὲν
3129 597 3176 631 ⁵⁷
3205 597 3402 666 σάρκα,
3433 593 3534 666 ζῇν
3571 595 3620 627 ⁵⁸
3650 595 3705 647 δὲ

2124 693 2225 761 τὴν
2263 687 2540 759 βασιλείαν
2571 689 2678 741 τῶν
2741 687 3016 756 οὐρανῶν.
3069 687 3306 740 Ὀπόταν
3354 686 3411 739 δὲ
3444 686 3624 754 σάρκα
3680 688 3706 738 6

2125 782 2339 845 Παῦλος
2362 782 2405 815 ³ο
2432 782 2527 835 καὶ
2548 775 2688 850 αἷμα
2727 780 2801 850 μὴ
2843 779 3104 833 δύνασθαι
3152 777 3253 847 τὴν
3290 777 3571 846 βασιλείαν
3613 777 3705 830 τοῦ

2125 873 2260 926 Θεοῦ
2299 873 2710 943 κληρονομῆσαι
2743 871 2899 942 λέγῃ,
2931 871 3030 940 οὐχ
3055 871 3131 933 ὡς
3154 869 3519 937 ἐκφαυλίζων,
3549 870 3704 938 φησι,

2125 967 2228 1035 τῆς
2269 966 2472 1036 σαρκὸς
2524 964 2624 1035 τὴν
2665 963 3090 1030 παλιγγενεσίαν
3144 962 3527 1029 ἀποφαίνεται,
3572 962 3705 1014 ἀλλά

2124 1059 2390 1112 διδάσκων
2433 1057 2496 1110 οὐ
2550 1054 3002 1126 κληρονομείσθαι
3047 1053 3326 1123 βασιλείαν
3374 1052 3533 1115 Θεοῦ,
3575 1052 3706 1106 αἰώ-

2124 1167 2236 1203 νιον
2269 1149 2624 1220 ὑπάρχουσαν
2673 1149 2838 1219 ζωὴν,
2889 1146 2996 1200 ὑπὸ
3023 1146 3117 1200 τοῦ
3155 1147 3427 1216 σώματος,
3472 1144 3612 1198 ἀλλά
3647 1146 3707 1197 τὸ

2129 1240 2289 1310 σῶμα
2318 1241 2422 1294 ὑπὸ
2447 1241 2545 1310 τῆς
2575 1240 2740 1310 ζωῆς.
2777 1241 2839 1292 Εἰ
2879 1240 2986 1308 γὰρ
3017 1239 3434 1308 ὲκληρονομεῖτο
3480 1239 3512 1306 ή
3555 1236 3708 1304 βασι-

2126 1334 2245 1385 λεία
2297 1332 2392 1386 τοῦ
2439 1332 2577 1386 Θεοῦ
2626 1333 2730 1385 ὑπὸ
2772 1330 2866 1384 τοῦ
2899 1331 3146 1401 σώματος
3191 1329 3303 1399 ζωὴ
3357 1330 3703 1398 ὑπάρχουσα,

2130 1421 2439 1474 συνέϐαινεν
2480 1422 2547 1475 ἂν
2602 1420 2698 1490 τὴν
2735 1420 2881 1490 ζωὴν
2905 1419 3010 1472 ὑπὸ
3050 1419 3152 1487 τῆς
3177 1419 3382 1489 φθορᾶς
3412 1417 3706 1470 καταπίνε-

2130 1514 2272 1568 σθαι.
2296 1514 2410 1567 Νῦν
2433 1513 2490 1567 δὲ
2524 1515 2584 1566 τὸ
2622 1513 2882 1580 τεθνηκὸς
2912 1517 2945 1584 ή
2982 1513 3094 1584 ζωὴ
3123 1513 3472 1581 κληρονομεῖ,
3501 1511 3591 1563 ἵνα
3629 1513 3708 1574 είς

2128 1611 2274 1670 νῖκος
2313 1606 2593 1675 καταποθῇ
2641 1608 2671 1658 6
2724 1605 2952 1666 θάνατος
3000 1603 3104 1656 ὑπὸ
3159 1604 3260 1671 τῆς
3298 1602 3464 1669 ζωῆς,
3514 1603 3707 1655 καὶτὸ

2071 1683 2108 1734 Β
2136 1696 2376 1767 φθαρτὸν
2421 1696 2521 1766 τῆς
2550 1696 2856 1766 ἀφθαρσίας
2893 1696 3080 1766 κτῆμα
3121 1696 3388 1765 ἀναφανῇ,
3436 1694 3568 1766 [924
3611 1694 3706 1766 IL]

2132 1785 2416 1855 ἐλεύθερον
2475 1785 2573 1854 μὲν
2622 1784 2852 1838 θανάτου
2882 1787 2978 1839 καὶ
3005 1785 3273 1856 ἁμαρτίας
3315 1785 3706 1855 γεγενημένον,

2129 1874 2311 1927 δοῦ).ον
2329 1874 2382 1926 δὲ
2402 1876 2496 1928 καὶ
2518 1875 2755 1944 ὑπήκοον
2777 1875 3093 1942 ἀθανασίας,
3109 1877 3254 1939 ὅπως
3271 1874 3372 1944 τῆς
3395 1876 3709 1946 ἀφθαρσίας

2129 1964 2188 2015 τὸ
2217 1959 2450 2034 σῶμαῇ,
2483 1966 2577 2016 καὶ
2609 1966 2683 2035 μὴ
2718 1965 2811 2018 τοῦ
2856 1965 3107 2034 σώματος
3141 1967 3174 2036 ἡ
3232 1966 3528 2035 ἀφθαρσία.
3585 1966 3710 2019 Ὅτι

2131 2054 2238 2108 Kal
2263 2058 2318 2108 οί
2348 2056 2390 2086 ⁶⁰
2413 2057 2611 2122 νεκροὶ
2633 2057 2702 2108 ἐν
2723 2057 2952 2124 Χριστῷ
2973 2057 3422 2123 ἀναστήσονται
3449 2056 3707 2126 πρῶτον,

451 2166 590 2212 mus,
617 2151 810 2204 animae
861 2164 1067 2214 sumus,
1113 2148 1204 2218 qui
1254 2153 1488 2201 excitata
1531 2163 1564 2202 e
1612 2157 1755 2201 terra
1798 2163 2024 2214 corpora

2131 2147 2337 2200 ἔπειτα
2370 2148 2542 2217 ἡμεῖς
2573 2151 2615 2179 ⁶¹
2662 2152 2718 2203 οί
2763 2149 2995 2216 ζῶντες,
3029 2154 3059 2204 6
3092 2151 3245 2220 ἀγιος
3277 2151 3538 2214 Μεθόδιος
3567 2150 3710 2204 οὕτω

453 2247 662 2294 mortua
714 2240 1029 2308 accipimus,
1067 2251 1125 2292 ut
1155 2239 1230 2291 oin
1266 2253 1552 2292 occursum
1601 2239 1811 2292 Domini
1863 2239 2025 2292 simul

2128 2238 2307 2308 φησί’
2375 2239 2666 2292 Τουτέστιν
2716 2240 2857 2292 αὐτὰ
2894 2240 3051 2309 ἡμῶν
3100 2239 3271 2293 ταῦτα
3312 2240 3381 2292 τά
3430 2239 3661 2309 σώματα
3689 2250 3708 2267 ⁸

453 2346 574 2384 eum
621 2329 751 2398 ipsis
785 2329 922 2397 rapti
960 2328 1192 2397 gloriose
1230 2327 1563 2380 celebremus
1598 2327 1672 2379 illi
1707 2326 1900 2381 festum
1939 2342 2023 2380 re.-

2127 2330 2285 2399 ήμεῖς
2310 2331 2418 2400 γὰρ
2452 2332 2501 2383 οἱ
2539 2329 2739 2394 ζῶντες
2773 2333 2831 2385 αἱ
2857 2332 3025 2401 ψυχαί
3069 2313 3257 2400 ἐσμεν,
3287 2333 3336 2383 οἱ
3381 2330 3704 2399 ἀπολαμϐά-

451 2421 822 2475 surrectionis.
876 2420 980 2474 Pro
1023 2420 1221 2488 quibus
1249 2430 1446 2471 :eterna
1479 2419 1636 2473 nobis
1679 2419 2020 2473 tabernacula

2128 2439 2312 2484 νοντες
2359 2423 2674 2492 ὲγερθέντες
2702 2425 2766 2475 ὲκ
2805 2425 2906 2491 τῆς
2935 2424 3036 2491 γῆς
3077 2424 3204 2485 τοὺς
3231 2423 3480 2492 νεκροὺς,
3513 2423 3601 2474 ἴνα
3628 2423 3712 2482 είς

451 2528 556 2564 non
586 2511 869 2564 interitura
903 2521 992 2562 ant
1020 2510 1270 2563 solvenda
1298 2509 1624 2576 accepimus.

2127 2512 2429 2582 ἀπάντησιν
2467 2515 2585 2583 ἅμα
2622 2514 2801 2577 αὐτοῖς
2841 2513 3210 2584 ἁρπασθέντες
3243 2513 3337 2566 τοῦ
3371 2513 3580 2582 Κυρίου
3621 2511 3710 2562 ὲν-

449 2603 616 2668 δόξως
657 2600 1004 2670 ἑορτάσωμεν
1048 2599 1194 2670 αύτῷ
1233 2600 1331 2670 τὴν
1372 2598 1602 2667 φαιδρὰν
1641 2602 1740 2669 τῆς
1791 2599 2142 2666 ἀναστάσεως
2202 2603 2417 2675 ἑορτὴν,
2469 2604 2587 2659 ἀνθ’
2661 2599 2737 2659 ὧν
2787 2606 3038 2670 αἰωνίους
3117 2604 3275 2676 ήμῶν
3317 2606 3418 2668 τάς
3483 2605 3710 2674 σκηνάς,

450 2696 631 2748 οὐκέτι
663 2694 1113 2765 τεθνηξομὲναςῆ
1150 2694 1546 2764 λυθησομένας,
1573 2693 1981 2764 ἀπειλήφαμεν.

523 2786 665 2847 Vidi.
715 2788 910 2856 inquit,
955 2787 1008 2840 in
1082 2783 1306 2856 Olympo
1365 2795 1546 2840 monte
1600 2785 1779 2856 Lycia“:
1845 2787 2022 2854 ignem

2203 2787 2326 2840 ’Ότι
2364 2788 2550 2856 φησιν,
2580 2787 2926 2860 Ἐθεασάμην
2953 2791 3010 2843 ἐν
3034 2788 3295 2861 Ὀλύμπῳ
3323 2790 3435 2858 ἐγὼ
3473 2792 3620 2863 (ὅρος
3651 2795 3714 2853 δέ

452 2888 642 2947 sponte
667 2893 760 2932 sua
825 2878 880 2931 in
915 2878 1110 2931 montis
1150 2877 1431 2930 cacumine
1461 2892 1526 2930 ex
1556 2877 1665 2930 imo
1705 2886 1863 2930 terra:
1891 2891 2023 2931 ena-

2131 2881 2276 2934 ὲστιν
2309 2883 2337 2934 6
2370 2881 2652 2950 Ὄλυμπος
2680 2883 2778 2952 τῆς
2805 2882 3030 2953 Λυκίας)
3070 2883 3183 2954 πῦρ
3214 2884 3540 2954 αὐτομάτως
3567 2888 3713 2941 κατὰ

451 2969 876 3037 scentem,juxta
901 2983 1059 3036 quem
1101 2968 1285 3035 stirps,
1304 2982 1577 3037 pyraguus
1609 2967 1721 3037 (78)
1757 2966 2022 3038 [nomine]

2128 2971 2226 3041 τὴν
2248 2970 2556 3042 ἀκρώρειαν
2572 2972 2663 3025 τοῦ
2685 2972 2844 3042 ὅρους
2869 2974 3112 3026 κάτωθεν
3135 2975 3196 3028 ὲκ
3215 2975 3314 3045 τῆς
3335 2976 3438 3045 γῆς
3461 2974 3590 3047 [489
3615 2976 3713 3050 3.]

453 3059 666 3114 exsistit
711 3060 844 3112 adeo
887 3059 1096 3124 ﬂorida,
1153 3060 1354 3123 virens,
1400 3069 1456 3112 et
1490 3074 1682 3128 opaca,
1715 3069 1774 3111 ut
1803 3073 1833 3114 e
1877 3058 2025 3112 fonte

2129 3064 2511 3132 ἀναδιδόμενον
2541 3065 2610 3132 ⁸⁸,
2643 3065 2771 3135 περὶ
2801 3065 2830 3118 ὂ
2860 3066 2974 3137 πῦρ
2998 3068 3159 3136 ἄγνος
3190 3068 3235 3100 ⁸³
3263 3067 3432 3137 φυτόν
3464 3069 3613 3122 ἐστιν
3640 3068 3713 3132 ⁸⁵,

451 3153 629 3223 potius
711 3159 835 3205 nata
911 3152 1174 3205 videatur.
1223 3152 1394 3216 Quam
1455 3150 1619 3221 igitur
1675 3149 1744 3205 ob
1805 3165 2024 3204 causam

2129 3157 2272 3211 οὕτω
2304 3159 2402 3228 μὲν
2445 3159 2668 3222 εὐθαλὲς
2693 3161 2788 3212 καὶ
2829 3160 3072 3232 χλοερὸν,
3105 3161 3246 3215 οὕτω
3277 3161 3334 3214 δὲ
3363 3161 3604 3229 σύσκιον,
3635 3162 3715 3225 ὡς

451 3259 572 3296 cum
601 3252 804 3296 natura:
846 3243 1226 3312 corruptibiles
1274 3243 1406 3306 sint,
1443 3249 1498 3298 et
1541 3257 1768 3312 corpora
1805 3245 1870 3297 ab
1902 3243 2026 3312 igne

2129 3251 2235 3304 ὑπὸ
2269 3252 2451 3321 πηγῆς
2487 3251 2684 3322 μᾶλλον
2712 3252 2844 3305 αὐτὸ
2867 3253 3043 3306 δοκεῖν
3072 3253 3116 3285 ⁸⁵
3143 3253 3594 3325 βεϐλαστηκέναι.
3630 3254 3713 3308 Δι’

451 3341 863 3398 consumantur,
907 3335 1020 3386 haec
1069 3333 1180 3387 sola
1215 3333 1378 3401 stirps
1420 3346 1525 3386 non
1561 3333 1732 3386 solum
1763 3349 1868 3386 non
1895 3349 2027 3386 exu-

2128 3342 2318 3411 ἥντινα
2361 3337 2454 3394 οὖν
2497 3343 2696 3406 αἰτίαν,
2737 3343 2786 3394 εί
2823 3342 3014 3410 φύσεις
3038 3343 3147 3395 εἰσὶ
3175 3342 3434 3414 φθαρτῶν
3466 3342 3560 3396 καὶ
3603 3343 3716 3396 ὑπὸ

455 3424 618 3485 ritur,
643 3426 736 3477 sed
769 3425 940 3494 magis
980 3425 1144 3477 etiam
1189 3423 1501 3484 elllorescit,
1549 3425 1800 3490 quamvis
1837 3435 2029 3477 natura

453 3513 611 3567 facile
638 3515 790 3568 exuri
817 3515 1008 3581 possit,
1039 3517 1338 3583 praesertim
1371 3515 1434 3568 ad
1461 3514 1630 3584 ipsius
1666 3515 1879 3567 radices
1908 3515 2031 3582 igne

453 3604 776 3659 eructante?
813 3603 1010 3656 Ranios
1037 3619 1165 3670 ergo
1193 3619 1258 3656 ex
1287 3603 1722 3669 circumjacentis
1751 3603 1899 3657 silvae
1944 3619 2031 3655 ar-

455 3696 696 3757 boribus,
717 3695 771 3747 in
799 3697 974 3762 ignem
1002 3692 1111 3747 illic
1142 3704 1514 3761 erumpentem
1549 3693 1784 3762 conjeci,
1813 3694 1903 3760 qui
1936 3709 2031 3746 su-

457 3787 569 3839 bito
603 3785 833 3838 ﬂammis
858 3785 1093 3852 correpti
1121 3785 1172 3834 in
1199 3784 1434 3836 cinerem
1471 3784 1671 3836 redacti
1705 3795 1852 3838 sunt.
1885 3784 2027 3850 Quid

456 3891 585 3945 ergo
624 3877 726 3930 sibi
761 3875 870 3927 vult
903 3874 1004 3928 hoc
1041 3874 1398 3927 miraculum?
1420 3873 1639 3943 Signum
1685 3884 1740 3929 et
1775 3876 2029 3930 imlicium

457 3967 621 4020 futuri
657 3968 763 4020 diei
797 3965 940 4020 Deus
969 3969 1067 4020 hoc
1106 3966 1375 4032 exhibuit,
1407 3967 1480 4020 uti
1515 3969 1769 4028 sciamus,
1801 3966 2030 4024 ﬂammis

458 4060 584 4111 olim
622 4059 800 4112 omnia
839 4059 1211 4128 absumpturis
1238 4074 1466 4128 corpora
1499 4061 1688 4126 quain
1714 4061 1945 4128 puritate
1977 4070 2033 4115 et

453 4149 664 4217 jnstitia
688 4151 852 4203 vitam
913 4159 1243 4219 transegere,
1279 4167 1374 4221 per
1405 4151 1580 4219 ignem
1628 4166 1734 4206 non
1784 4167 1940 4207 secus
1969 4167 2032 4207 ac

458 4237 706 4310 frigidam
737 4255 930 4309 aquam
966 4241 1290 4295 transitura.

2132 3431 2304 3504 πυρὸς
2363 3432 2832 3501 καταναλωμένων
2887 3433 3175 3500 σωμάτων,
3211 3434 3272 3486 οὐ
3311 3433 3472 3503 μόνον
3509 3435 3572 3487 οὐ
3607 3452 3713 3488 κα·

2129 3523 2456 3594 ταφλέγεται
2479 3523 2542 3577 τὸ
2571 3525 2735 3594 φυτὸν
2765 3523 2943 3588 τοῦτο,
2973 3525 3107 3579 ἀλλά
3148 3525 3242 3579 καὶ
3272 3526 3472 3596 μᾶλλον
3500 3527 3715 3596 ἀκμαι-

2129 3615 2318 3684 ότερον
2355 3614 2611 3683 ὑπάρχει,
2652 3616 2700 3666 εί
2770 3617 2836 3685 τῇ
2877 3614 3037 3682 φύσει
3063 3617 3214 3694 ἐστιν
3255 3615 3576 3683 εῦκαυστον,
3615 3620 3718 3673 καὶ

2131 3705 2307 3757 ταῦτα
2342 3705 2474 3774 περὶ
2514 3705 2684 3768 αὐτὰς
2723 3706 2890 3759 αὐτοῦ
2913 3709 3010 3768 τὰς
3044 3706 3200 3776 ῥίζας
3227 3707 3320 3760 τοῦ
3352 3709 3522 3778 πυρὸς
3555 3712 3716 3762 ἐντυ-

2132 3797 2368 3866 φομένου
2399 3797 2481 3862 “;
2513 3796 2738 3860 κλάδους
2762 3797 2894 3864 γοῦν
2929 3797 3040 3866 ἐγὼ
3071 3798 3300 3867 δένδρων
3349 3800 3414 3852 ἐκ
3452 3800 3554 3869 τῆς
3605 3819 3717 3854 παο

2134 3887 2470 3960 ρακειμένης
2505 3887 2638 3958 ὕλης
2675 3883 2968 3959 ὲπῷῥιψα,
3009 3888 3133 3941 καθ’
3163 3889 3222 3942 ὃν
3260 3890 3623 3962 ἀνερεύγεται
3653 3892 3716 3944 ei:

2133 3980 2245 4050 πῦρ
2272 3980 2457 4044 τόπον,
2487 3979 2582 4032 καὶ
2622 3978 2824 4042 εὐθέως
2850 3981 2929 4041 είς
2960 3980 3134 4048 φλόγα
3168 3981 3426 4050 ἀρθέντες
3464 3983 3719 4053 ὲτεφρώ-

2133 4070 2322 4142 θησαν.
2351 4071 2416 4122 Τί
2437 4070 2532 4124 οῦν
2563 4068 2810 4140 βούλεται
2837 4070 2898 4123 τὸ
2934 4071 3274 4140 παράδοξον;
3306 4074 3516 4143 Δεῖγμα
3547 4073 3719 4127 τοῦτο

2131 4162 2229 4229 τῆς
2263 4160 2566 4231 μελλούσης
2608 4161 2638 4212 6
2685 4159 2817 4222 Θεὸς
2850 4161 3060 4230 ἡμέρας
3100 4162 3193 4212 καὶ
3217 4159 3502 4230 προοίμιον
3528 4161 3712 4224 ἔθετο,

2134 4252 2222 4304 ἵνα
2260 4252 2620 4322 γινώσκωμεν
2657 4251 2742 4305 ὅτι
2789 4250 3006 4304 πάντων
3037 4251 3172 4320 πυρὶ
3209 4251 3721 4320 κατομὸρουμένων

2131 4341 2200 4394 τά
2251 4343 2309 4393 ὲν
2355 4341 2551 4411 ἁγνείᾳ
2592 4339 2823 4408 σώματα
2856 4339 3210 4410 διατρίψαντα
3252 4342 3347 4392 καὶ
3372 4341 3721 4413 δικαιοσύνῃ,

2064 4436 2106 4490 D
2136 4434 2390 4504 καθάπερ
2413 4433 2606 4504 ψυχρῷ
2632 4432 2805 4498 ῦδατι,
2841 4431 2919 4501 τῷ
2951 4432 3083 4503 πυρὶ
3123 4432 3497 4503 ὲπιὸήσονται.

525 4522 678 4587 Vide,
696 4523 889 4592 inquit,
910 4532 1087 4576 utrum
1104 4537 1210 4575 non
1225 4521 1412 4574 beatus
1427 4518 1623 4589 299a
1640 4519 1894 4584 Joannes,
1913 4535 2027 4574 cum

2211 4527 2333 4578 Ὅτι
2370 4525 2555 4596 φησιν,
2604 4523 2929 4595 Ἐπίστησον
2963 4523 3020 4576 δὲ
3053 4523 3126 4593 μή
3159 4538 3288 4575 ποτε
3318 4523 3411 4575 καὶ
3451 4523 3481 4574 6
3532 4524 3723 4592 μακά·

455 4614 624 4669 dicit:
660 4615 804 4667 Dedit
842 4630 986 4668 mare
1020 4623 1253 4667 mortuos
1296 4628 1440 4677 suos,
1466 4613 1556 4682 qui
1592 4612 1648 4664 in
1675 4627 1734 4665 eo
1753 4621 1901 4664 erant
1932 4626 1951 4665 :
1985 4621 2027 4664 et

2137 4633 2251 4687 ριος
2305 4616 2561 4684 Ἰωάννης
2589 4657 2604 4681 ,
2657 4615 2921 4668 Ἔδωκεν
2971 4615 3059 4682 ⁸τή
3109 4613 3393 4668 θάλασσα
3423 4611 3584 4678 ’τοὺς
3616 4630 3722 4666 νε-

457 4724 596 4760 mora
623 4716 671 4760 et
704 4707 941 4774 infernus
979 4707 1230 4759 dederunt
1254 4715 1488 4757 mortuos
1530 4720 1675 4766 suos,
1708 4705 1798 4773 qui
1819 4705 1873 4757 in
1907 4705 2027 4771 ipsi:

2133 4705 2318 4772 κροὺς
2357 4705 2501 4769 τοὺς
2536 4705 2606 4757 ἐν
2645 4702 2821 4773 αὐτῇ,
2848 4703 3043 4771 λέγων,
3099 4702 3195 4755 καὶ
3251 4705 3284 4756 ό
3317 4700 3575 4766 θάνατος
3617 4700 3724 4754 καὶ

454 4808 691 4861 oranti;
723 4809 906 4868 partes
977 4799 1045 4850 ab
1105 4795 1386 4851 elementis
1433 4796 1671 4849 redditas
1724 4797 1792 4849 ad
1845 4797 2027 4850 unius-

2139 4801 2171 4852 ὁ
2201 4799 2352 4865 (tam;
2389 4797 2621 4852 ἔδωκαν
2654 4797 2791 4862 τοὺς
2825 4795 3074 4863 νεκροὺς
3116 4794 3257 4859 τοὺς
3294 4794 3366 4846 ἐν
3395 4792 3605 4858 αὐτοῖς
3650 4793 3725 4856 ⁸⁸,

456 4891 718 4961 cujusque
765 4891 1202 4958 reparationem,
1237 4887 1569 4944 ostenderit?
1622 4885 1768 4941 Mare
1822 4890 2027 4956 quidem

2142 4889 2214 4941 τὰ
2245 4889 2351 4942 ἀπὸ
2383 4887 2491 4941 τῶν
2529 4887 2804 4958 στοιχείων
2850 4885 3204 4954 ἀναδιδόμενα
3245 4884 3380 4954 πρὸς
3427 4885 3726 4937 ἀποκατά-

525 5016 556 5055 y
586 5006 602 5059 l
631 5006 823 5060 Thess.
848 5020 924 5069 tv,
958 5004 1046 5068 15,
1082 5003 1169 5058 16.
1247 5012 1270 5039 ι
1291 5007 1461 5072 Apoc.
1498 5017 1594 5067 xx,
1624 5001 1710 5055 l5.

1757 5088 1994 5145 VARI/1‘3
2037 5087 2334 5145 LECTION
2343 5089 2449 5146 ES.

529 5191 574 5222 ⁵³
606 5190 958 5259 κληρονομεζν
979 5218 1066 5259 Ῠ-
1093 5184 1479 5259 ἀποθνήσκειν]
1507 5185 1889 5259 ΘνήμσκεινῌᾼΒ.
1925 5253 1939 5259 _
1991 5184 2035 5259 ξ’
2056 5182 2267 5259 δὲ
2387 5256 2398 5259 _
2450 5183 2505 5259 ’ξ
2675 5179 2819 5249 ζωὴν
2839 5179 2897 5233 Β.
2978 5248 2989 5259 .
3025 5180 3124 5259 ⁵⁸λό
3160 5177 3592 5259 Παῦ).ος]“1(]ο.ι;.
3630 5194 3730 5256 κῆν,

456 5259 547 5313 50.
608 5224 1262 5329 ’ἐτ’ζῖἔέῆθίπιῇεζῗῖἷιῖ
1273 5224 2016 5329 "(5253's."reﬁﬁézéiQnJ
2025 5224 2267 5329 9331C
2290 5224 2354 5329 ’ξὶ
2378 5224 2901 5329 ἀνςδ-ὧξέίεὖέξᾎῆἴὲ
2929 5224 3448 5329 κάτῳθὶνῖὀὲἑῖζῒιζ
3469 5224 3729 5329 “”εἰ’τὲῖ;ῥ

457 5331 618 5395 ἄγνος
682 5328 721 5381 Β
750 5339 802 5380 et
838 5321 914 5381 rc.
938 5329 1021 5396 A:
1056 5326 1330 5396 πύραγνος
1365 5342 1462 5396 ςε
1524 5321 1708 5396 “fﬁeri.
1747 5321 1910 5396 φυτόν
1948 5321 2065 5396 Βς-
2116 5325 2160 5396 θέ
2181 5325 2362 5396 δοκεζν
2417 5323 2538 5378 add.
2568 5321 2628 5374 Β.

463 5391 622 5454 Roth.
698 5399 740 5428 ⁶⁷
768 5395 988 5468 ἔδωκεν]
1032 5391 1251 5466 Apocal.
1277 5411 1367 5460 Χῖ,
1401 5395 1508 5448 15.·
1560 5393 1604 5425 ⁸⁸
1628 5391 1767 5453 τοὺς
1817 5395 1874 5444 ὲν
1907 5391 2067 5464 αὐτῇ]
2095 5395 2262 5463 αὐτῆς
2314 5395 2374 5447 Β.

1978 5504 2210 5560 ΝΟΤᾹῧ.

529 5601 642 5671 I78)
671 5600 893 5656 Salicem
934 5600 1174 5654 torrentis
1231 5597 1392 5652 vertit
1426 5595 1550 5650 Lev.
1579 5611 1737 5662 xxtn,
1784 5596 1903 5652 Job.
1938 5612 2026 5649 ιιι..

2709 5319 2754 5351 ⁶⁸
2777 5317 3154 5388 ἑντυφωμένου
3207 5316 3273 5385 Ἀ,
3343 5316 3733 5387 ὲκτυφομένου
