3964 6246
344 278 479 346 1129

1362 305 1879 369 BIBLIOTHECA.
1915 336 1985 348 -
2012 312 2174 372 COD.
2218 314 2569 379 CCXXXIV.

3450 328 3585 393 1130

334 424 522 461 στασιν
552 410 784 467 ἑκάστου
813 417 977 487 μόρια
1003 420 1239 491 ἐδήλωσε
1264 440 1279 456 ·
1304 425 1400 492 τὴν
1432 428 1530 497 μὲν
1558 429 1668 499 γάρ
1701 430 1901 485 θάλασ-

2014 433 2269 507 [constat]
2312 450 2433 493 esse
2466 447 2713 495 naturam
2734 441 3031 507 humidam,
3072 444 3342 500 infernum
3379 460 3581 516 autem,

332 517 432 552 σαν
459 498 601 555 εἶναι
629 504 727 575 τὴν
764 507 939 578 ὑγρὰν
967 512 1178 575 οὐσίαν,
1207 514 1340 587 ᾅδην
1375 518 1432 570 δὲ
1461 519 1553 571 τὸν
1588 498 1726 593 ἀέρα
1762 524 1901 592 παρὰ

2013 498 2195 576 aerem
2227 498 2295 576 ali
2323 525 2675 594 obscuritate,
2709 531 2850 597 quod
2883 546 2987 585 non
3025 533 3296 601 videatur,
3327 539 3590 605 quemad-

328 592 389 644 τὸ
421 593 618 659 ἀειδὲς,
658 597 746 651 διά
781 600 843 653 τὸ
878 601 952 673 μὴ
994 605 1247 674 ὁρᾶσθαι,
1290 609 1540 681 καθάπερ
1578 613 1774 684 ὲλὲχθη
1816 616 1911 667 καὶ

344 688 631 758 ιοριγένει,
674 694 766 748 καὶ
810 695 1042 750 θάνατον
1085 701 1184 771 τὴν
1215 704 1319 771 γῆν
1368 706 1520 774 παρά
1565 705 1626 759 τὸ
1672 708 1729 759 ὲν
1775 707 1909 779 αὐτῇ

330 780 606 835 κλίνεσθαι
656 784 726 837 τὰ
763 785 807 818 θ’
851 786 1175 859 θνήσκοντα,
1228 792 1350 846 ὅθεν
1407 795 1501 847 καὶ
1536 796 1663 866 χοῦς
1705 798 1909 870 ἐκλήθη

330 871 561 926 Θανάτου
577 875 622 906 ⁷⁰
661 877 719 929 ὲν
766 878 1016 949 Ψαλμοῖς
1031 882 1097 946 τί,
1136 887 1225 949 εἰς
1272 886 1425 954 χοῦν
1464 888 1726 944 θανάτου
1772 908 1911 944 κατ-

334 962 512 1031 ἦχθαι
539 967 846 1036 εἰρηκότος
875 973 1157 1039 Χριστοῦ.

402 1053 525 1107 Ὅτι
586 1058 743 1127 φησὶ,
793 1061 907 1114 Πᾶν
968 1062 1078 1133 γὰρ
1116 1064 1175 1118 τὸ
1200 1066 1265 1118 ὲκ
1304 1066 1545 1138 καθαροῦ
1607 1070 1770 1140 ἀέρος
1815 1072 1912 1124 καὶ

334 1146 577 1216 καθαροῦ
609 1150 781 1220 πυρὸς
846 1156 1241 1227 συνιστάμενον
1294 1158 1597 1230 σύγκριμα,
1657 1163 1753 1215 καὶ
1799 1166 1913 1226 τοῖς

332 1236 642 1305 ἁγγελικοῖς
666 1244 949 1312 ὀμοούσιον
988 1248 1253 1320 ὑπάρχον,
1288 1253 1349 1304 οὐ
1381 1252 1601 1306 δύναται
1638 1254 1741 1322 γῆς
1768 1254 1911 1325 ἔχειν

334 1330 595 1401 ποιότητα
628 1337 719 1388 καὶ
751 1336 962 1405 ὕδατος,
994 1342 1116 1394 ἐπεὶ
1161 1343 1501 1413 συμϐήσεται
1531 1346 1748 1399 ἔσεσθαι
1779 1348 1912 1401 αὐτὸ

331 1419 553 1485 γεῶδες.
600 1424 856 1481 Τοιοῦτον
896 1430 993 1482 καὶ
1021 1432 1087 1484 ὲκ
1109 1433 1315 1486 τούτων
1339 1434 1400 1487 τὸ
1433 1436 1731 1507 ἀναστῆναι
1784 1438 1911 1507 μέλ-

330 1509 421 1563 λον
480 1513 641 1583 σῶμα
682 1517 971 1589 ἀνθρώπου
990 1522 1035 1553 ⁷³
1097 1524 1378 1596 Ὠριγένης
1401 1526 1445 1557 ⁷³
1489 1528 1843 1596 ἐφαντάζετο,
1875 1530 1905 1582 ὃ

331 1604 424 1656 καὶ
443 1604 493 1636 ⁷⁸
526 1611 896 1678 πνευματικὸν
921 1612 1122 1685 ἔφησεν
1144 1620 1210 1669 ⁷⁸.

420 1694 544 1748 ’Ότι
607 1699 763 1769 φησὶ,
832 1702 1083 1758 Ποδαπὺν
1129 1706 1239 1777 ἀρα
1262 1709 1434 1762 ἐστὶτθ
1494 1713 1589 1765 καὶ
1638 1711 1824 1782 σχῆμα
1846 1713 1910 1765 τὸ

2014 614 2231 667 modum
2262 615 2529 687 Origenes
2557 621 2812 690 explicat,
2862 633 3090 679 mortem
3136 626 3264 681 item
3313 643 3435 683 esse
3479 638 3589 685 ter-

2013 717 2153 769 ram,
2208 720 2273 762 eo
2311 712 2453 779 quod
2496 722 2739 770 mortuus
2789 716 2843 769 in
2888 730 2949 770 ea
2991 728 3305 786 reponatur.
3346 720 3500 776 Umle
3535 734 3592 778 et

2013 796 2184 861 pulvis
2235 809 2317 853 est
2362 803 2626 871 appellata
2675 820 2821 860 mors
2862 806 2914 860 in
2965 806 3211 872 Psalmis,
3244 810 3463 868 Christo
3501 814 3587 868 di-

2011 896 2168 942 cente
2214 906 2269 944 se
2316 892 2370 945 in
2407 894 2671 958 pulverem
2691 898 2872 952 mortis
2903 898 3183 954 deductum
3211 917 3323 956 esse
3357 912 3403 955 τ.

2084 1063 2173 1117 Ait
2198 1062 2545 1139 [Methodius]
2579 1084 2594 1123 :
2629 1070 2897 1140 Quidquid
2932 1087 3000 1127 ex
3047 1090 3181 1143 puro
3212 1091 3340 1131 aere
3366 1086 3420 1133 et
3447 1094 3585 1148 puro

2014 1149 2137 1220 igne
2168 1154 2536 1222 componitur,
2576 1167 2632 1211 et
2681 1159 2940 1227 angelicis
2980 1165 3190 1218 naturis
3227 1165 3586 1221 consubstan-

2014 1243 2141 1296 tiale
2162 1252 2264 1309 est,
2299 1246 2426 1300 illud
2454 1263 2557 1301 non
2591 1260 2767 1317 potest
2792 1252 2993 1308 habere
3016 1261 3175 1309 terrae
3200 1263 3255 1311 et
3276 1264 3430 1326 aqme
3452 1273 3590 1327 qua-

2013 1334 2385 1405 litatem,quia
2420 1342 2728 1395 necessario
2759 1344 2934 1412 ipsum
2968 1356 3114 1401 esset
3137 1355 3415 1405 terrestre.
3455 1350 3587 1406 Tale

2013 1438 2191 1482 autem
2214 1438 2268 1483 et
2298 1447 2360 1484 ex
2392 1432 2539 1487 hisce
2572 1432 2719 1506 [acre
2750 1445 2805 1490 et
2844 1437 2988 1511 igne]
3015 1452 3444 1497 resurrecturum
3468 1459 3593 1500 cors

2011 1535 2112 1587 pus
2146 1519 2297 1591 ﬁngit
2324 1522 2609 1595 Origenes,
2642 1530 2783 1600 quod
2818 1529 3097 1598 spirituale
3141 1533 3450 1602 appellavit.

2080 1699 2266 1766 Atqui,
2310 1701 2507 1770 inquit,
2559 1719 2677 1772 qua:
2717 1714 2928 1774 spectes
2974 1710 3079 1763 erit
3132 1713 3491 1782 resurgentis,
3540 1714 3588 1770 si

329 1788 711 1859 ἀνιστάμενον,
745 1794 794 1845 εί
843 1794 980 1859 ὅλως
1025 1797 1087 1850 τὸ
1147 1801 1546 1869 ἁνθρωποειδὲς
1599 1805 1775 1871 τοῦτο,
1830 1808 1901 1871 ὡς

2018 1790 2188 1847 forma
2228 1795 2343 1849 haec
2372 1798 2628 1865 humana,
2663 1801 2809 1855 velut
2856 1802 3063 1859 inutilis
3106 1806 3226 1874 ipsi,
3272 1808 3587 1879 exstingua-

326 1881 601 1951 ἄχρηστον
628 1884 688 1938 ὃν
725 1888 848 1940 κατ’
904 1890 1091 1957 αὑτὸν,
1144 1892 1559 1961 ὲξαφανίζεται·
1611 1898 1640 1950 ὃ
1692 1900 1910 1954 πάντων

326 1975 445 2027 ἐστὶ
480 1977 587 2029 τῶν
635 1981 714 2043 εὶς
744 1979 861 2044 ζῶα
923 1987 1372 2057 συγκεκριμένων
1432 1992 1731 2061 σχημάτων
1776 1995 1911 2063 ὲρα-

329 2068 635 2141 σμιώτερον
667 2089 682 2103 ο
716 2066 760 2142 ᾧ
801 2076 894 2128 καὶ.
924 2076 986 2130 τὸ
1024 2077 1178 2131 Θεῖον
1204 2080 1613 2153 χρῆταιεξκὸνι,
1656 2082 1909 2154 καθάπερ

327 2159 423 2211 καὶ
451 2162 480 2213 ὁ
508 2161 818 2230 σοφώτατος
834 2166 1040 2230 Παῦλος
1062 2168 1214 2239 δηλοῖ
1233 2186 1246 2200 ⁸
1284 2170 1454 2239 Ἀνὴρ
1466 2172 1510 2203 ⁷⁷
1525 2173 1640 2241 μὲν
1662 2172 1772 2243 γὰρ
1795 2176 1909 2227 οὐκ

325 2251 556 2319 ὀφείλει
603 2259 1168 2314 κατακαλύπτεσθαι
1208 2261 1325 2328 τὴν
1367 2264 1681 2333 κεφαλὴν,
1733 2267 1909 2319 εἰκὼν

325 2342 428 2396 καὶ
459 2344 610 2409 δόξα
640 2349 789 2402 Θεοῦ
833 2350 1141 2421 ὑπάρχων.
1201 2354 1295 2420 Εἰς
1325 2354 1354 2407 ὃ
1390 2358 1486 2410 καὶ
1510 2357 1578 2410 τὰ
1608 2358 1774 2429 νοερὰ
1798 2358 1907 2411 τῶν

324 2436 578 2502 ἀγγέλων
621 2437 849 2511 σώματα
885 2442 1347 2517 διεκοσμήθησαν.
1382 2442 1530 2518 Ἀρα
1577 2450 1908 2520 κυκλοτερὲς

324 2529 359 2598 ἢ
398 2530 732 2599 πολυγώνιον
785 2536 819 2606 ἢ
853 2536 1079 2592 κυϐικὺν
1110 2538 1144 2611 ἢ
1190 2542 1598 2611 πυραμοειδές;
1656 2542 1907 2599 πλεῖσται

324 2623 435 2693 γὰρ
501 2625 612 2678 τῶν
674 2628 973 2699 σχημάτων
995 2632 1051 2685 αἱ
1097 2633 1468 2705 παραλλαγαί.
1541 2635 1702 2691 Ἀλλά
1747 2637 1908 2691 τοῦτο

324 2717 628 2787 ἀμήχανον.
682 2722 892 2777 Οὐκοῦν
938 2725 1023 2789 τίς
1052 2728 1086 2797 ἠ
1137 2727 1545 2799 ἀποκλήρωσις,
1572 2731 1634 2784 τὸ
1661 2731 1761 2801 μὲν
1789 2730 1908 2784 θεο-

324 2807 534 2861 είκελον
593 2811 780 2882 σχῆμα
836 2814 1111 2884 (ὁμολογεῖ
1156 2818 1266 2888 γὰρ
1314 2819 1410 2872 καὶ
1461 2819 1624 2885 αὐτὸς
1681 2822 1903 2892 ὁμοειδῆ

325 2893 468 2952 εἶναι
523 2900 623 2973 τὴν
669 2902 851 2974 ψυχὴν
901 2905 979 2976 τῷ
1028 2905 1276 2979 σώματι)
1342 2911 1780 2982 ἀπαγορεύεσθαι
1828 2913 1907 2977 ὡς

324 2990 705 3063 ἀκλεέστερον,
742 2994 917 3050 ἄπουν
948 2997 1006 3051 δὲ
1034 3001 1129 3053 καὶ
1150 3000 1370 3071 ἄχειρον
1389 3002 1743 3071 ἀνίστασθαι;

398 3080 527 3153 [925
556 3083 647 3156 8.]
710 3086 832 3142 Ὅτι
879 3091 1066 3161 φησὶν,
1111 3092 1169 3146 '0
1203 3095 1727 3165 μετασχηματισμὸς
1759 3098 1792 3167 ἡ
1823 3098 1905 3161 εἰς

2018 1898 2124 1951 tur,
2150 1902 2269 1955 qua:
2295 1904 2361 1943 ex
2391 1893 2641 1947 omnibus
2674 1894 2727 1947 in
2770 1896 3023 1949 animalia
3051 1898 3374 1954 cadentibus
3400 1898 3589 1956 formis

2012 1989 2095 2032 est
2126 1979 2427 2045 amabilior,
2472 1998 2575 2051 qua
2622 1983 2831 2039 Numen
2886 1987 3061 2055 ipsum
3115 1990 3305 2056 utitur,
3332 1995 3589 2060 quemad-

2014 2072 2228 2124 modum
2256 2073 2688 2139 sapientissimus
2736 2076 2937 2134 Paulus
2989 2080 3287 2149 explanat:
3334 2082 3424 2137 Vir
3465 2087 3583 2153 qui-

2010 2166 2124 2218 dem
2146 2183 2250 2219 non
2278 2169 2428 2221 debet
2457 2170 2629 2223 velare
2666 2183 2822 2234 caput
2846 2188 3024 2238 suum,
3054 2176 3304 2244 quoniam
3336 2176 3510 2245 imago
3536 2185 3587 2231 et

2008 2259 2178 2329 gloria
2209 2259 2306 2313 Dei
2344 2271 2422 2314 est
2449 2273 2499 2323 ο,
2528 2263 2597 2316 ad
2627 2263 2770 2332 quod
2808 2264 3093 2319 rationalia
3117 2280 3332 2336 quoque
3372 2270 3589 2337 angelo-

2011 2364 2129 2403 rum
2163 2367 2392 2421 corpora
2435 2365 2563 2408 sunt
2593 2365 2879 2411 exornata.
2909 2356 3100 2415 Eritne
3136 2373 3266 2429 ergo
3316 2357 3587 2432 [corporis

2012 2447 2347 2515 resurgentis
2423 2447 2634 2521 forma]
2703 2451 3025 2516 circularis,

2016 2551 2111 2592 aut
2162 2540 2390 2605 cubica,
2446 2553 2537 2594 aut
2599 2543 2993 2612 pyramidalis?
3050 2544 3227 2600 Varia:
3270 2545 3413 2599 enim
3459 2556 3587 2601 sunt

2010 2630 2303 2693 ﬁgurarum
2356 2635 2603 2703 species;
2664 2636 2759 2689 sed
2818 2636 2920 2690 hoc
2962 2645 3048 2692 est
3087 2637 3441 2704 impossibile.
3480 2639 3581 2701 Ec-

2011 2741 2112 2792 qua
2146 2725 2260 2779 haec
2293 2740 2411 2781 sors
2440 2738 2605 2790 esset,
2641 2728 2873 2783 formam
2911 2729 3021 2785 Deo
3049 2731 3280 2785 similem
3324 2731 3580 2802 (similem

2009 2817 2152 2869 enim
2182 2819 2415 2872 animam
2436 2835 2560 2874 esse
2581 2821 2796 2889 corpori
2827 2820 2943 2890 ipse
2971 2837 3187 2892 quoque
3216 2822 3445 2893 fatetur)
3470 2825 3584 2880 vel-

2011 2920 2069 2962 ut
2114 2910 2440 2966 deteriorem
2476 2912 2660 2981 abjici,
2696 2920 2749 2967 et
2795 2911 3036 2988 [corpus]
3070 2914 3187 2970 sine
3214 2915 3441 2984 pedibus
3474 2933 3586 2972 ma-

2012 3002 2281 3071 nibusque
2316 3006 2634 3075 resurgere?

2078 3093 2532 3165 Transformatio,
2563 3100 2759 3168 inquit,
2804 3109 2888 3158 est
2922 3103 2988 3155 ad
3030 3101 3494 3159 immortalitatem
3529 3113 3585 3157 et

322 3172 385 3226 τὸ
406 3174 611 3239 ἀπαθὲς
665 3178 759 3232 καὶ
800 3178 1014 3247 ἔνδοξόν
1068 3182 1221 3237 ἐστιν
1267 3185 1746 3251 ἀποκατάστασις·
1805 3188 1901 3243 νῦν

2010 3187 2229 3257 gloriam
2265 3192 2669 3246 transmutatio.
2699 3190 2856 3248 Nunc
2896 3194 3041 3248 enim
3076 3208 3272 3263 corpus
3294 3204 3378 3247 est
3404 3195 3457 3247 in
3489 3196 3584 3248 de-

323 3264 425 3335 μὲν
482 3266 591 3338 γὰρ
649 3269 809 3341 σῶμα
830 3271 875 3304 ⁷⁸
902 3272 1201 3345 ἐπιθυμίας
1252 3277 1371 3330 ἐστὶ
1396 3278 1491 3331 καὶ
1516 3280 1903 3345 ταπεινώσεως

320 3357 422 3425 (διὸ
457 3361 549 3411 καὶ
598 3362 855 3432 Δανιὴλ⁷⁹
892 3364 1049 3433 ἀνὴρ
1080 3366 1407 3436 ἐπιθυμιῶν
1438 3370 1626 3441 ἦκουε)
1645 3410 1660 3434 ,
1689 3373 1811 3425 τότε
1842 3374 1901 3427 δὲ

321 3454 969 3523 μετασχηματισθήσεται
995 3458 1074 3522 είς
1109 3458 1268 3527 σῶμα
1306 3459 1532 3526 ἀπαθὲς,
1567 3462 1629 3514 οὑ
1650 3465 1716 3534 τῇ
1743 3464 1902 3529 ἐξαλ-

319 3541 460 3613 λαγῇ
492 3544 589 3612 τῆς
650 3546 1063 3618 διακοσμήσεως
1109 3552 1219 3604 τῶν
1277 3552 1477 3622 μελῶν»
1526 3556 1664 3610 ἀλλά
1699 3557 1777 3628 τῷ
1825 3559 1901 3632 μὴ

320 3634 609 3706 ἐπιθυμεῖν
637 3637 745 3691 τῶν
781 3640 980 3696 ὑλικῶν
1010 3642 1235 3712 ἡδονῶν.

392 3728 516 3780 Ὅτι
560 3731 724 3798 φησὶν
786 3732 915 3803 [490
959 3733 1051 3806 11]
1108 3736 1410 3808 ἐξελέγχων
1451 3739 1543 3793 τὸν
1594 3740 1895 3813 Ὠριγένην·

318 3819 835 3877 Βούλεταιτοίνυνὸ
869 3826 1149 3897 Ὠριγένης
1197 3834 1296 3900 τὴν
1350 3833 1449 3901 μὲν
1500 3833 1672 3905 αὐτὴν
1719 3835 1899 3905 σάρκα

320 3910 396 3981 μὴ
417 3914 886 3969 ἀποκαθίστασθαι
916 3921 982 3989 τῇ
1007 3919 1175 3992 ψυχῇ,
1228 3922 1325 3993 τὴν
1351 3924 1409 3976 δὲ
1435 3924 1595 3978 ποιὰν
1661 3926 1897 3980 ἑκάστου

320 4004 556 4073 μορφὴν,
581 4007 721 4059 κατά
744 4008 805 4059 τὸ
829 4008 967 4072 εἶδος
986 4013 1047 4064 τὸ
1067 4013 1165 4082 τὴν
1186 4015 1362 4084 σάρκα
1386 4018 1478 4069 καὶ
1497 4017 1591 4071 νῦν
1618 4036 1898 4091 χαρακτη-

320 4093 489 4163 ρίζον,
522 4098 578 4149 ἐν
623 4098 795 4169 ἑτέρῳ
840 4104 1200 4175 πνευματικῷ
1249 4106 1703 4180 ὲντετυπωμένην
1759 4112 1895 4166 ἀνα-

318 4190 612 4259 στήσεσθαι
648 4192 884 4263 σώματι,
928 4196 1016 4250 ἵνα
1047 4197 1275 4263 ἕκαστος
1303 4203 1468 4256 πάλιν
1497 4207 1525 4258 ὁ
1554 4206 1718 4270 αὐτὸς
1746 4212 1890 4279 φανῇ

317 4283 457 4335 κατά
484 4283 583 4352 τὴν
611 4287 848 4356 μορφὴν,
872 4288 965 4341 καὶ
994 4290 1153 4345 τοῦτο
1180 4288 1320 4348 εἶναι
1344 4297 1444 4365 τὴν
1482 4299 1893 4372 ἐπαγγελλομέ-

314 4389 413 4438 νην
468 4375 784 4431 ἀνάστασιν.
838 4379 1089 4435 Ῥευστοῦ
1139 4384 1270 4456 γὰρ,
1310 4388 1499 4458 φησὶν,
1554 4390 1893 4463 ὑπάρχοντος

312 4463 406 4517 τοῦ
428 4464 613 4519 ὑλικοῦ
641 4469 892 4539 σώματος
928 4473 1021 4525 καὶ
1072 4476 1343 4546 μηδέποτε
1376 4481 1629 4547 μένοντος
1649 4484 1734 4551 ἐφ’
1761 4486 1889 4538 ἑαυ-

2008 3278 2212 3333 siderio
2234 3287 2291 3332 et
2320 3278 2625 3334 humilitate
2655 3299 2666 3334 :
2705 3282 2846 3335 unde
2873 3281 3060 3335 Daniel
3090 3284 3167 3335 air
3198 3282 3582 3336 desideriorum

2003 3379 2086 3424 est
2127 3371 2429 3440 appellatus
2453 3374 2502 3427 Β.
2557 3373 2709 3429 Tunc
2764 3383 2943 3429 autem
2997 3376 3473 3444 transtigurabitur
3525 3376 3579 3429 in

2002 3477 2201 3532 corpus
2243 3465 2598 3533 impassibile,
2640 3482 2746 3521 non
2778 3475 2991 3523 mutato
3021 3468 3076 3522 in
3107 3468 3347 3522 deterius
3381 3478 3578 3522 ornatu

2002 3556 2393 3623 membrorum,
2462 3562 2555 3613 sed
2606 3560 2875 3614 exstincta
2925 3561 3284 3631 corporalium
3340 3561 3581 3629 volupta-

2002 3656 2115 3700 tum
2140 3651 2603 3719 concupiscentia.

2070 3736 2382 3809 Coargueus
2438 3743 2562 3797 dein
2611 3743 2898 3814 Origenem
2935 3745 3051 3801 ait:
3091 3745 3353 3817 Origenes
3414 3750 3578 3819 igitur

1999 3829 2113 3883 vult
2164 3847 2271 3885 non
2317 3834 2563 3889 eamdem
2594 3850 2815 3891 carnem
2856 3852 2978 3891 cum
3008 3839 3188 3893 anima
3222 3840 3576 3907 coniunctum

1999 3925 2087 3987 iri,
2166 3927 2258 3979 sed
2316 3928 2528 3996 qualem
2589 3946 2732 3986 nunc
2784 3933 3117 4003 singulorum
3179 3934 3429 4001 formam,
3487 3952 3575 3991 se-

1998 4016 2229 4069 cundum
2262 4020 2495 4086 speciem
2531 4035 2725 4091 corpus
2747 4024 2898 4076 carni
2926 4024 3205 4093 imprimit,
3234 4022 3418 4097 [talem
3452 4028 3573 4098 sed]

1998 4105 2051 4158 in
2084 4106 2191 4160 alio
2221 4123 2447 4178 corpore
2476 4113 2746 4182 Spirituali
2770 4115 3091 4187 impressam
3118 4130 3572 4183 resurrecturam,

1998 4210 2055 4251 ut
2097 4203 2462 4272 unusquisque
2517 4222 2731 4262 rursum
2786 4209 2927 4262 idem
2988 4211 3234 4265 videatur
3277 4213 3573 4267 secundum

1997 4290 2262 4357 formam;
2294 4305 2347 4347 et
2377 4295 2515 4350 hanc
2563 4313 2683 4352 esse
2720 4298 2916 4370 2991)
2947 4302 3267 4370 promissam
3299 4302 3453 4356 nobis
3485 4318 3573 4357 re-

1997 4387 2417 4441 surrectionem.
2457 4388 2591 4443 Cum
2624 4392 2789 4457 enim,
2835 4393 3026 4463 inquit,
3063 4408 3259 4460 corpus
3292 4396 3574 4449 materiale

1996 4472 2197 4528 ﬂuxum
2229 4478 2322 4544 sit,
2372 4489 2427 4532 et
2466 4481 2519 4533 in
2564 4482 2741 4549 seipse
2771 4498 3107 4553 nequaquam
3155 4486 3429 4553 persistat,
3476 4487 3573 4541 sed

309 4557 411 4627 τῷ,
454 4559 594 4614 ἀλλά
644 4533 1043 4635 ἀπδγινομένου
1072 4533 1199 4622 ’καὶ
1262 4533 1890 4646 ἐπιγινομένου-περὶ-τὸ

2010 4566 2215 4621 deﬁciat
2235 4580 2289 4622 et
2320 4582 2532 4625 crescat
2576 4533 2874 4628 sebuuduni
2919 4533 3168 4646 ﬁguram,
3194 4592 3323 4646 quae.
3342 4577 3572 4632 formam

309 4648 451 4714 εἶδος
484 4653 546 4705 τὸ
568 4658 971 4727 χαρακτηρίζον
1012 4660 1112 4729 τὴν
1142 4663 1359 4734 μορφὴν
1409 4666 1499 4734 ὑφ’
1537 4661 1597 4719 οὗ
1632 4670 1725 4721 καὶ
1756 4686 1888 4739 συγ-

310 4744 593 4811 κρατείται
626 4744 686 4797 τὸ
716 4749 924 4816 σχῆμα,
959 4749 1172 4820 ἀνάγκη
1201 4752 1267 4821 δὴ
1322 4754 1421 4824 τὴν
1451 4756 1744 4809 ἀνάστασιν
1798 4760 1891 4811 ἐπὶ

310 4834 474 4902 μόνου
495 4835 669 4900 εἴδους
685 4836 922 4894 ἔσεσθαι.
951 4835 1084 4895 Εἶτα
1110 4844 1228 4914 μετ’
1253 4845 1432 4913 ὀλίγον
1450 4849 1633 4916 φησὶν,
1659 4852 1886 4919 Οὐκοῦν,

304 4918 352 4975 ὦ
392 4925 684 4993 Ὠρίγενες,
712 4930 759 4980 εὶ
788 4930 881 4981 ἐπὶ
926 4930 1020 4983 τοῦ
1053 4932 1230 4996 εἴδους
1291 4935 1453 5004 μόνον
1483 4918 1890 5007 προσδοκᾶσθαι

305 5014 615 5090 διισχυρίζῃ
638 5018 737 5090 τὴν
768 5020 1066 5075 ἀνάστασιν
1094 5025 1152 5075 ὲν
1183 5027 1544 5097 πνευματικῷ
1579 5030 1888 5101 μεταθησο-

306 5106 472 5175 μένου
512 5110 747 5179 σώματι,
794 5113 1069 5179 ἀπόδειξίν
1088 5131 1147 5167 τε
1180 5115 1558 5188 δοκιμωτάτην
1599 5120 1697 5189 τὴν
1746 5122 1888 5177 κατὰ

299 5198 392 5249 τὸν
445 5198 631 5252 Ἠλίαν
660 5202 795 5270 ἡμῖν
841 5203 1111 5257 ὀπτασίαν
1152 5204 1248 5257 καὶ
1297 5206 1537 5259 Μωϋσέα
1601 5210 1884 5279 παρέχεις,

303 5290 534 5361 Ὠσπερ
581 5293 817 5363 ἐκεῖνοι,
846 5295 1107 5366 φάμενος,
1134 5298 1285 5367 μετὰ
1311 5299 1428 5366 τὴν
1451 5300 1570 5353 ἀπὸ
1612 5301 1720 5354 τοῦ
1736 5303 1880 5365 ,βίου

373 5456 395 5481 ι
425 5445 821 5515 Psal.xxr,16.
897 5462 925 5491 ει
956 5449 975 5504 ι
1005 5428 1130 5506 Cor.
1164 5467 1245 5517 ιι,
1277 5452 1331 5506 7.
1409 5454 1435 5494 ι
1477 5453 1607 5508 Dan.
1647 5455 1844 5522 mea.

1992 4659 2267 4726 exprimit,
2301 4664 2401 4716 sub
2436 4678 2540 4731 qua
2579 4662 2803 4737 [specie]
2835 4668 3145 4722 continetur
3171 4679 3225 4722 et
3256 4668 3445 4736 ﬁgura,
3477 4684 3573 4723 ne-

1992 4762 2145 4802 cesse
2173 4762 2257 4804 est
2309 4764 2361 4807 ut
2396 4758 2723 4809 resurrectio
2757 4759 2810 4810 in
2845 4759 2956 4813 sola
2998 4761 3179 4829 specie
3220 4761 3333 4814 lial.
3370 4760 3572 4815 Deinde

1993 4851 2113 4907 post
2139 4857 2306 4909 pauca
2351 4846 2528 4902 dicit:
2570 4847 2626 4903 Si
2675 4851 2856 4921 igitur,
2893 4867 2927 4906 ο
2962 4852 3256 4921 Origenes,
3321 4868 3567 4907 resurre-

1987 4933 2219 4989 ctionem
2258 4937 2309 4990 in
2356 4939 2471 4992 sola
2503 4943 2681 5009 specie
2714 4942 2768 4995 in
2798 4944 3081 5013 spirituale
3105 4960 3303 5011 corpus
3329 4953 3560 5009 mutata,

1986 5030 2407 5093 exspectandam
2448 5035 2755 5101 contendis,
2787 5046 2842 5089 et
2877 5038 3138 5091 visionem
3170 5037 3301 5091 Elia:
3333 5048 3385 5088 et
3413 5035 3567 5106 Moy-

1986 5120 2061 5172 sis
2090 5120 2243 5174 nobis
2287 5138 2385 5191 pro
2430 5127 2733 5181 certissima
2783 5130 3245 5185 demonstratione
3289 5129 3562 5183 exhibes:

1989 5213 2445 5279 Quemadmodum
2473 5218 2576 5282 illi,
2630 5219 2830 5289 inquis,
2871 5230 2985 5289 post
3035 5230 3252 5274 mortem
3294 5234 3396 5271 non
3431 5219 3562 5280 alia,

1989 5322 2144 5374 quam
2178 5310 2401 5363 viventes
2447 5310 2573 5362 olim
2626 5310 2910 5379 habebant,
2939 5313 3136 5381 species
3163 5319 3562 5381 apparuerunt:

1569 5569 1805 5625 VARUE
1846 5570 2253 5627 LECTIONES;

372 5679 416 5709 θ’
448 5679 514 5767 τά
656 5680 750 5767 τον
779 5696 862 5767 ε,τᾶ¹¹
887 5681 963 5767 ’⁷⁸
998 5682 1255 5767 θανάτου]
1282 5683 1602 5767 θάνατοςηΒ.
1655 5684 2171 5767 _:‘.¢91§LOE;]IXKI,
2220 5685 2304 5767 l(i_.
2374 5685 2729 5767 π-ἀνθρώπου
2760 5703 2870 5767 om.
2896 5689 2964 5767 Β.
3023 5691 3132 5767 ⁸⁸1ξὸ
3178 5691 3456 5767 Ὠρεγένης
3480 5693 3555 5754 Α.

298 5749 343 5780 τι
379 5749 473 5800 καὶ
514 5751 639 5805 add.
677 5752 743 5804 A.
792 5742 989 5822 πξφη
1017 5753 1075 5807 B.
1167 5755 1213 5786 ⁷⁸
1240 5742 1379 5811 ἐστὶ]
1411 5742 1577 5810 σοι’Β.
1655 5756 1696 5787 ⁷⁷
1729 5742 1889 5828 drivia]

2010 5742 2120 5812 lor.
2159 5742 2235 5820 in,
2266 5757 2318 5809 7.

674 5844 947 5908 Ρλτιιοι.
992 5848 1109 5911 Gn.
1155 5848 1309 5911 Clll.

2414 5758 2457 5790 ⁷⁸
2487 5758 2641 5828 σῶμα
2673 5776 2733 5823 ς.
2812 5759 2854 5791 ⁷9
2880 5761 3099 5832 Δανιήλῖ
3136 5777 3209 5826 Ix,
3238 5758 3333 5820 23.

3126 5856 3199 5917 36

3101 2460 3194 2505 aut
3266 2454 3584 2523 angularis,
3684 2506 3689 2509 _
