3964 6246
367 289 499 356 1131

1558 276 1819 336 PIIOTII
1865 273 2366 334 PATRIARCHJ‘I
2411 273 2520 331 Cl’.

3488 255 3624 320 1132

360 408 437 458 ita
473 414 521 457 et
553 416 644 455 nos
678 409 1008 468 resurgemus
1039 409 1058 446 :
1086 389 1296 461 Moyses
1336 397 1515 444 autem
1550 399 1604 443 et
1646 388 1792 442 Elius
1812 397 1941 441 ante

2059 386 2260 450 ἔξοδον
2321 385 2613 454 ὤφθησαν
2644 385 2757 450 οὐχ
2787 382 2992 448 ἕτερον
3031 382 3163 448 παρ’
3189 378 3221 432 ὃ
3248 374 3415 446 εἶχον
3462 375 3629 442 εἶδος

363 495 567 554 Christi
592 492 898 564 passionem
926 496 981 540 et
1008 481 1494 547 resurrectionem,
1523 479 1751 536 formam
1777 479 1936 542 hanc,

363 604 525 658 quam
557 589 660 649 ais,
711 582 971 637 habentes
1017 581 1432 632 resurrexerunt
1460 581 1515 627 et
1547 578 1938 642 apparuerunt.

363 679 643 745 Quomodo
671 688 800 744 ergo
821 671 1072 728 Christus
1117 667 1172 739 {0
1224 663 1507 738 Origenes]
1554 662 1942 732 primogenitus

365 784 701 826 mortuorum
735 782 764 819 a
800 763 1077 834 prophetis
1117 771 1171 816 et
1215 757 1471 828 apostolis
1502 753 1844 811 celebratur?
1883 752 1941 807 Si

361 865 507 921 enim
541 860 934 932 primogenitus
967 863 1304 910 mortuorum
1333 851 1584 907 Christus
1613 861 1732 902 esse
1760 845 1944 900 credi-

368 969 455 1013 tus
479 968 582 1018 est,
617 952 1006 1024 primogenitus
1027 963 1155 1004 vero
1185 947 1231 1001 is
1258 954 1362 1011 est,
1386 944 1479 1015 qui
1510 950 1637 996 ante
1657 952 1848 994 omnes
1875 951 1943 990 ex

366 1050 596 1108 mortuis
627 1045 948 1102 resurrexit:
969 1043 1181 1115 Moyses
1216 1049 1394 1095 autem
1427 1038 1534 1109 iam
1585 1045 1710 1088 ante
1737 1028 1944 1084 Christi

366 1140 672 1212 passionem
741 1136 880 1190 hanc
927 1131 1133 1187 habens
1181 1128 1414 1184 formam
1482 1121 1744 1194 apostolis
1779 1133 1944 1188 appa-

367 1211 498 1295 ruit,
537 1227 829 1286 secundum
873 1239 1034 1295 quam
1079 1221 1293 1291 impleri
1332 1219 1414 1273 ais
1449 1211 1943 1274 resurrectionem;

368 1323 516 1393 atqui
566 1336 672 1376 non
723 1319 912 1374 formae.
961 1316 1082 1372 sine
1125 1327 1290 1368 carne
1331 1319 1416 1365 est
1459 1305 1818 1368 resurrectio,
1853 1310 1948 1356 aut

369 1418 515 1472 enim
561 1414 731 1470 solius
783 1410 969 1466 formae
1016 1416 1100 1462 est
1150 1403 1500 1467 resurrectio,
1536 1409 1596 1454 ut
1643 1399 1836 1460 doces;
1891 1403 1948 1449 et

370 1507 494 1580 [huc
524 1505 736 1561 ratione
761 1497 1040 1572 Christus]
1077 1514 1181 1553 non
1215 1503 1391 1567 potest
1415 1507 1536 1548 esse
1567 1490 1802 1560 amplius
1836 1490 1946 1558 pri-

370 1599 671 1669 mogenitus
705 1605 1064 1656 mortuorum,
1092 1605 1157 1645 eo
1174 1589 1314 1659 quod
1334 1586 1528 1642 animae
1563 1591 1685 1655 post
1716 1591 1944 1636 mortem

370 1689 670 1748 secundum
703 1687 933 1742 formam
965 1693 1089 1738 ante
1119 1680 1394 1738 Christum
1432 1679 1534 1732 hoc
1566 1673 1854 1731 habuerint
1885 1680 1944 1726 ut

372 1791 699 1854 apparerent
733 1800 746 1836 :
777 1797 844 1835 an
879 1791 1089 1842 revera,
1115 1773 1507 1845 primogenitus
1534 1778 1639 1835 est,
1669 1777 1727 1821 ut
1750 1775 1860 1831 est;
1894 1773 1950 1819 et
1981 1759 2022 1814 Β

372 1877 704 1948 impossibile
731 1884 814 1930 est
851 1886 1074 1944 prorsus
1107 1880 1166 1923 ut
1194 1867 1357 1936 aliqui
1383 1873 1510 1920 ante
1541 1863 1693 1917 illum
1739 1859 1946 1930 dignati

373 1973 574 2025 fuerint
613 1982 677 2023 ea
716 1965 1111 2022 resurrectione
1151 1970 1210 2015 ut
1253 1975 1358 2014 non
1407 1956 1639 2026 amplius
1671 1967 1948 2008 moreren-

376 2074 484 2118 tur.
511 2060 566 2115 Si
603 2070 783 2115 autem
818 2072 977 2112 nemo
1010 2064 1136 2110 ante
1166 2053 1316 2108 illum
1349 2048 1652 2105 surrexerit
1690 2065 1704 2102 :
1737 2045 1950 2117 Moyses

374 2165 552 2209 autem
578 2163 634 2207 et
664 2151 808 2204 Elias
838 2164 944 2204 non
974 2149 1026 2201 in
1061 2159 1312 2214 corpore,
1352 2143 1446 2197 sed
1477 2149 1685 2195 tantum
1714 2153 1810 2208 per
1841 2137 1949 2191 for-

375 2261 517 2302 mam
565 2243 824 2313 apostolis
867 2246 1274 2310 apparuerunt;
1327 2233 1575 2305 profecto
1623 2231 1951 2286 resurrectio

305 2407 312 2418 ‘
377 2338 660 2395 manifeste
699 2337 750 2390 in
781 2348 947 2389 carne
976 2331 1183 2405 [futura
1209 2327 1352 2401 esse]
1389 2327 1717 2383 declaratur.
1749 2324 1953 2377 Absur-

376 2433 655 2490 dissimum
685 2429 830 2483 enim
865 2433 951 2481 est
983 2424 1437 2479 resurrectionem
1467 2418 1580 2475 sola
1619 2416 1794 2470 forma
1821 2415 1954 2468 deli-

379 2525 518 2588 nire,
548 2519 765 2591 quando
794 2517 988 2572 anima:
1011 2524 1135 2584 post
1166 2513 1370 2570 exitum
1400 2526 1430 2565 a
1461 2508 1780 2579 corporibus
1815 2522 1954 2560 nun-

377 2630 538 2686 quam
569 2621 836 2684 apparent
864 2608 1160 2665 secuudum
1210 2605 1464 2668 formam,
1499 2602 1641 2672 quod
1668 2599 1736 2655 ad
1769 2614 1953 2653 resur-

378 2711 671 2766 rectionem
721 2705 829 2762 sint
873 2703 1140 2774 repositis.
1190 2699 1247 2754 Si
1294 2709 1477 2753 autem
1510 2695 1685 2750 aderit
1717 2693 1825 2748 illis
1855 2693 1956 2747 hoc

378 2802 522 2873 quod
567 2803 635 2856 ab
676 2799 783 2854 illis
822 2810 1096 2864 nunquam
1151 2790 1448 2855 auferetur,
1497 2787 1954 2858 quemadmodum

380 2897 433 2948 in
468 2891 638 2964 Moysi
666 2901 720 2946 et
748 2889 874 2943 Eliae
903 2888 1085 2941 anima
1120 2883 1293 2938 adfuit
1322 2899 1337 2948 ;
1371 2895 1545 2950 neque
1588 2877 1958 2946 corrumpitur

380 2984 675 3040 secundum
725 2991 798 3046 te,
857 2992 1030 3048 neque
1076 2976 1237 3046 perit,
1283 2987 1499 3040 semper
1539 2984 1780 3040 praesens
1832 2981 1956 3022 cum

382 3077 512 3140 illis,
541 3089 648 3129 non
697 3073 871 3127 forma
920 3068 1166 3139 profecto
1214 3063 1468 3134 resurgit,
1517 3074 1638 3132 quae
1682 3073 1955 3129 nunquam
1985 3097 2029 3157 ο

381 3169 600 3225 cecidit.
656 3166 810 3231 Quod
848 3165 893 3219 si
943 3163 1065 3232 quis
1111 3161 1425 3230 indignatus
1471 3156 1665 3212 dicat:
1699 3152 1756 3208 Si
1799 3165 1959 3206 nemo

385 3259 684 3316 resurrexit
723 3266 1010 3326 antequam
1067 3252 1318 3309 Christus
1360 3248 1718 3305 descenderet
1765 3245 1962 3318 300a

385 3356 452 3408 ad
505 3351 750 3416 inferos,
809 3347 1080 3418 quomodo
1135 3352 1508 3400 memorantur
1565 3339 1786 3410 quidam
1836 3349 1964 3392 ante

387 3448 538 3502 illum
593 3443 931 3506 surrexisse,
984 3439 1129 3500 inter
1187 3450 1323 3505 quos
1392 3434 1568 3488 vidua:
1651 3431 1964 3502 Sareptenae

387 3539 546 3602 filius,
610 3545 666 3589 et
724 3530 1087 3589 Sunamitidis
1151 3528 1328 3590 filius,
1398 3527 1634 3592 itemque
1691 3521 1965 3576 Lazarus?

390 3624 819 3697 respondendum
879 3623 976 3676 hos
1041 3619 1407 3674 resurrexisse
1453 3625 1511 3669 ut
1552 3616 1746 3669 iterum
1792 3629 1966 3667 more-

389 3730 601 3776 rentur.
651 3716 760 3770 Nos
795 3727 973 3770 autem
1019 3714 1088 3768 de
1135 3712 1201 3766 iis
1251 3707 1686 3778 pronuntiamus,
1715 3705 1806 3774 qui
1847 3712 1966 3774 post

389 3814 846 3871 resurrectionem
897 3822 1170 3874 nunquam
1234 3805 1470 3874 amplius
1521 3811 1649 3856 sunt
1693 3799 1964 3855 morituri.

389 3906 546 3974 Quod
567 3906 613 3962 si
641 3905 708 3959 de
736 3903 871 3958 Elite
905 3901 1089 3955 anima
1125 3896 1320 3951 dubius
1352 3896 1587 3959 dixerit,
1615 3893 1770 3963 quasi
1817 3891 1967 3945 Scri-

392 3999 566 4068 pturis
592 3994 982 4050 afﬁrmantibus
1011 3990 1160 4045 illum
1181 3989 1234 4044 in
1261 4002 1427 4043 carne
1449 3995 1786 4055 assumptum
1819 3998 1967 4046 esse,

393 4107 493 4147 nos
525 4093 818 4145 doceamus
864 4086 1014 4140 illum
1046 4082 1303 4154 apostolis
1351 4083 1555 4150 absque
1592 4093 1756 4134 carne
1800 4091 1967 4146 appa-

395 4184 608 4242 ruisse?
656 4179 1086 4250 respondendum
1117 4176 1285 4246 quod,
1333 4174 1436 4229 etsi
1471 4174 1779 4228 diceremus
1820 4170 1968 4225 illum

391 4273 651 4346 apostolis
683 4273 736 4327 in
758 4285 923 4326 carne
957 4268 1292 4339 apparuisse,
1317 4266 1446 4320 illud
1479 4275 1658 4318 tamen
1690 4277 1790 4332 pro
1816 4262 1970 4315 nobis

394 4371 565 4442 magis
597 4371 821 4423 faceret.
863 4363 1248 4421 Ostenderetur
1301 4351 1444 4416 enim
1504 4369 1791 4430 propterea
1830 4371 1968 4424 quo-

2041 477 2110 541 ἐξ
2135 475 2331 545 ἀρχῆς
2352 472 2763 539 διασώζοντες,
2793 474 2942 525 κατὰ
2975 471 3048 523 τὰ
3076 469 3228 524 αὐτὰ
3265 467 3364 521 καὶ
3400 467 3440 534 ἡ
3471 467 3629 519 πάν-

2042 586 2160 622 των
2194 568 2366 622 ἔσται
2381 566 2430 598 ⁸ο
2458 565 2818 630 ἀνάστασις,
2835 562 3118 632 όΜωῦσῆς
3141 561 3199 614 δὲ
3221 561 3314 614 καὶ
3337 561 3366 613 6
3381 559 3422 592 ⁸³
3443 559 3634 632 Ἠλίας

2045 660 2152 732 πρὸ
2164 660 2258 714 τοῦ
2275 659 2366 712 τὸν
2389 659 2626 730 Χριστὸν
2654 655 2846 711 παθεῖν
2866 655 2961 709 καὶ
2972 655 3267 724 ἀναστῆναι
3287 653 3388 723 ἤδη
3410 651 3472 704 τὸ
3487 631 3636 712 εἶδος

2043 753 2200 806 τοῦτο
2211 752 2240 805 ὃ
2257 753 2362 823 φῂς
2380 750 2589 822 ιἔχοντες
2611 749 2915 820 ἀνέστησαν
2929 747 3023 800 καὶ
3038 745 3195 816 ὤφθη
3203 743 3446 809 σαν,πῶς
3465 742 3531 813 δὴ
3549 741 3635 795 ἔτι

2043 847 2072 898 6
2087 844 2320 915 Χριστὸς
2337 841 2680 913 πρωτότοκος
2709 834 2850 893 εῖναι
2867 837 2977 891 τῶν
3006 837 3216 908 νεκρῶν
3240 836 3345 889 ὑπὸ
3359 835 3470 888 τῶν
3493 851 3637 905 προ-

2045 935 2232 1007 φητῶν
2285 937 2380 988 καὶ
2436 932 2752 986 ἀποστόλων
2799 931 3023 1002 ᾀδεται;
3057 930 3118 982 Εἰ
3147 928 3254 1001 γὰρ
3285 927 3636 998 πρωτότοκος

2045 1030 2154 1083 τῶν
2184 1030 2397 1101 νεκρῶν
2427 1030 2661 1100 Χριστὸς
2687 1022 2827 1082 εἶναι
2860 1026 3237 1088 πεπίστευται,
3281 1022 3635 1094 πρωτότοκος

2045 1124 2103 1178 δέ
2131 1125 2250 1176 ἐστι
2280 1123 2389 1175 τῶν
2439 1123 2650 1194 νεκρῶν
2699 1125 2728 1177 6
2771 1123 2878 1187 πρὸ
2931 1123 3153 1176 πάντων
3207 1116 3470 1178 ἀναστὰς.
3508 1114 3539 1166 6
3571 1113 3636 1166 δὲ

2047 1215 2289 1287 Μωῦσῆς
2339 1216 2440 1287 ἤδη
2484 1217 2580 1270 καὶ
2628 1215 2735 1287 πρὸ
2756 1214 2853 1269 τοῦ
2883 1214 2974 1268 τὸν
3005 1211 3240 1284 Χριστὸν
3267 1208 3463 1262 παθεῖν
3485 1206 3637 1276 ἔχων

2046 1312 2108 1363 τὸ
2134 1306 2276 1374 εἶδος
2323 1310 2484 1363 τοῦτο
2533 1311 2708 1380 ἐφάνη
2744 1311 2858 1370 τοῖς
2899 1306 3239 1367 ἀποστόλοις,
3263 1302 3395 1374 περὶ
3431 1300 3461 1354 ὃ
3484 1301 3632 1369 πλη-

2049 1404 2273 1475 ροῦσθαι
2291 1404 2396 1474 φῂς
2426 1403 2585 1467 αὐτὸς
2609 1402 2708 1471 τὴν
2734 1403 3052 1464 ἀνάστασιν,
3088 1399 3189 1452 οὐκ
3203 1399 3312 1468 ἀρα
3338 1395 3433 1449 τοῦ
3454 1394 3639 1454 εῖδους

2049 1498 2218 1569 χωρὶς
2247 1497 2346 1568 τῆς
2377 1497 2580 1569 σαρκός
2612 1498 2761 1550 ἐστιν
2791 1497 2826 1566 ἡ
2859 1495 3176 1554 ἀνάστασις.
3218 1492 3376 1544 Ἤτοι
3406 1488 3517 1559 γὰρ
3536 1484 3636 1540 τοῦ

2049 1590 2220 1653 εῐδους
2285 1591 2452 1656 ἐστὶν,
2505 1588 2698 1660 ῶσπερ
2749 1590 2922 1659 ἐγγυᾷ
2937 1589 3003 1652 ⁸³,
3033 1588 3198 1656 μόνου
3232 1587 3266 1656 ἡ
3293 1583 3624 1645 ἀνάστασις,

2049 1683 2144 1737 καὶ
2167 1683 2226 1735 οὐ
2252 1681 2475 1736 δύναται
2523 1681 2605 1760 ἔτι
2637 1682 2979 1752 πρωτότοκος
3009 1674 3150 1732 εἶναι
3171 1679 3198 1731 ό
3233 1675 3467 1748 Χριστὸς
3518 1674 3639 1726 τῶν

2051 1774 2258 1846 νεκρῶν
2312 1774 2390 1845 τῷ
2459 1775 2565 1845 πρὸ
2609 1773 2776 1827 αὐτοῦ
2828 1773 3061 1843 ἐχούσας
3116 1769 3276 1823 τοῦτο
3333 1767 3472 1839 μετά
3528 1769 3638 1837 τὴν

2049 1867 2306 1938 τελευτὴν
2328 1867 2390 1920 τὸ
2414 1861 2555 1931 εἶδος
2619 1867 2920 1936 πεφηνέναι
2966 1864 3144 1934 ψυχάς
3171 1881 3186 1897 ο
3210 1864 3244 1934 ἢ
3283 1860 3636 1934 πρωτότοκος

2050 1958 2269 2028 ἀληθῶς
2326 1960 2516 2030 ὥσπερ
2573 1957 2712 2023 ἐστι,
2773 1959 2868 2012 καὶ
2905 1957 3167 2011 ἀδύνατον
3193 1956 3332 2018 ὅλως
3361 1951 3638 2023 ἠξιῶσθαι

2051 2052 2158 2122 πρὸ
2186 2051 2353 2105 αὑτοῦ
2377 2068 2527 2115 τινας
2548 2051 2647 2121 τῆς
2669 2053 2749 2113 είς
2769 2051 2831 2103 τὸ
2871 2051 2946 2121 μὴ
2981 2045 3139 2114 αὖθις
3167 2047 3459 2103 ἀποθανεῖν
3495 2047 3638 2100 ἀνα-

2053 2143 2314 2206 στάσεως.
2351 2144 2416 2197 Εί
2445 2143 2502 2196 δὲ
2526 2143 2725 2218 ἀνέστη
2774 2143 2950 2206 οὐδεὶς
2973 2143 3080 2213 πρὸ
3098 2140 3286 2207 αὐτοῦ,
3316 2141 3369 2194 oi.
3399 2138 3459 2193 δὲ
3488 2137 3640 2209 ἀμφὶ

2051 2237 2142 2288 τὸν
2162 2234 2401 2289 Μωῦσέα
2429 2235 2636 2289 καὶτὸν
2678 2234 2866 2288 Ἠλίαν
2902 2235 3114 2303 σάρκας
3144 2234 3244 2304 μὲν
3272 2231 3491 2302 ἔχοντες
3517 2232 3642 2292 τοῖς

2052 2325 2374 2390 ἀποστόλοις
2416 2325 2518 2378 οὐκ
2567 2323 2854 2396 ὤφθησαν,
2889 2325 3048 2394 μόνον
3077 2324 3134 2377 δὲ
3159 2325 3221 2377 τὸ
3254 2319 3416 2388 εἶδος,
3458 2323 3493 2387 ἡ
3521 2321 3642 2391 ἄρα.

2054 2418 2351 2480 ἀνάστασις
2406 2417 2499 2469 ἐπὶ
2544 2418 2640 2488 τῆς
2688 2417 2890 2487 σαρκὸς
2911 2416 3189 2486 δηλοῦται.
3217 2417 3331 2470 Καὶ
3357 2415 3468 2486 γὰρ
3503 2416 3637 2470 ἀτο-

2055 2507 2304 2562 πώτατον
2355 2509 2447 2561 ἐπὶ
2478 2509 2640 2579 μόνου
2674 2507 2768 2562 τοῦ
2798 2507 2971 2572 εἴδους
3001 2509 3100 2579 τὴν
3129 2508 3425 2562 ἀνάστασιν
3464 2507 3642 2577 διορί-

2058 2602 2270 2668 ζεσθαι,
2314 2603 2476 2656 ὁπότε
2506 2603 2560 2654 αἱ
2584 2601 2755 2671 ψυχαὶ
2799 2600 2894 2654 καὶ
2943 2600 3081 2671 μετά
3110 2601 3210 2671 τὴν
3245 2601 3344 2670 τῆς
3375 2599 3643 2671 σαρκὸςη

2057 2696 2238 2761 ἔξοδον
2292 2694 2551 2748 οὐδέποτε
2586 2694 2871 2763 φαίνονται
2893 2692 2954 2746 τὸ
2980 2688 3138 2756 εῑδος,
3164 2694 3193 2747 ὃ
3220 2711 3385 2764 φησιν
3415 2694 3648 2746 ἀνίστα-

2061 2788 2206 2853 σθαι,
2278 2786 2695 2856 ἀποτιθέμεναι.
2774 2785 2836 2838 Ei
2893 2783 2952 2838 δὲ
3012 2785 3394 2856 συμπαρέσται
3450 2788 3649 2849 αὐταῖς

2057 2879 2216 2934 τοῦτο
2244 2877 2629 2950 ἀναφαίρετον,
2654 2877 2908 2948 καθάπερ
2937 2877 3032 2931 καὶ
3058 2878 3152 2930 ἐπὶ
3166 2880 3268 2949 τῆς
3284 2878 3333 2909 ⁸³
3362 2879 3649 2941 Μωῦσέως

2059 2972 2156 3026 καὶ
2194 2970 2378 3024 Ἠλίου
2425 2969 2624 3040 ψυχῆς,
2687 2969 2783 3024 καὶ
2815 2969 2877 3022 οὐ
2910 2968 3190 3039 φθείρεται
3234 2969 3377 3023 κατά
3424 2970 3486 3022 σὲ
3519 2967 3650 3021 οὔτε

2060 3067 2377 3132 ἀπόλλυται,
2431 3069 2527 3120 σὺν
2585 3067 2776 3129 αὐταῖς
2837 3065 3115 3135 πανταχοῦ
3155 3064 3481 3136 συμπαρὺν,
3543 3067 3652 3118 οὐκ

2063 3160 2172 3232 ἄρα
2193 3160 2256 3215 τὸ
2278 3156 2420 3223 εἶδος
2448 3159 2756 3223 ἀνίσταται,
2786 3158 2815 3212 ὃ
2847 3157 3119 3229 μηδέποτε
3163 3157 3474 3211 πέπτωκεν.
3519 3157 3652 3211 Ἐὰν

2062 3253 2120 3306 δέ
2136 3253 2183 3285 ⁸⁸
2205 3270 2288 3311 τις
2315 3252 2673 3323 δυσχεράνας,
2705 3253 2814 3306 Καὶ
2842 3250 2960 3316 πῶς
2973 3250 3057 3322 δὴ,
3079 3250 3373 3322 ἀποκριθῇ,
3390 3252 3440 3304 εί
3459 3251 3652 3320 μηδεὶς

2064 3345 2263 3416 ἀνέστη
2301 3345 2410 3416 πρὸ
2430 3345 2525 3399 τοῦ
2548 3344 2832 3398 κατελθεῖν
2862 3346 2944 3407 είς
2978 3343 3072 3398 τὸν
3110 3343 3242 3416 ᾅδην
3265 3344 3356 3398 τὸν
3386 3342 3650 3414 Χριστὸν,

2063 3437 2397 3499 ἀναστάντες
2425 3437 2526 3508 ἢδη
2552 3437 2696 3502 τινὲς
2728 3436 3098 3508 ίστορήθησαν
3131 3435 3240 3506 πρὸ
3270 3435 3457 3500 αὑτοῦ,
3481 3436 3540 3488 ὲν
3565 3430 3656 3498 οἷς

2064 3531 2165 3601 τῆς
2187 3529 2535 3603 Σαραφθίνης
2561 3532 2738 3602 χήρας
2775 3532 2804 3584 6
2836 3530 2951 3594 υίὸς
2978 3529 3074 3583 καὶ
3134 3529 3237 3599 τῆς
3280 3528 3658 3599 Σωμανίτιδος

2070 3625 2159 3676 καὶ
2185 3624 2212 3675 6
2237 3622 2521 3695 Λάζαρος;
2557 3620 2696 3693 [928
2725 3618 2820 3691 Η.]
2868 3618 3111 3685 λεκτέον,
3129 3617 3267 3671 Ἀλλ’
3307 3611 3455 3672 οὗτοι
3485 3618 3567 3679 εἰς
3589 3616 3658 3669 τὺ

2067 3715 2162 3768 καὶ
2211 3714 2366 3778 αὖθις
2417 3713 2708 3768 ἀποθανεῖν
2775 3710 3122 3781 ἀνέστησαν,
3186 3711 3346 3782 ἡμεῖς
3397 3709 3457 3762 δὲ
3519 3707 3658 3778 περὶ

2070 3805 2192 3878 [491
2221 3804 2315 3877 Η.]
2346 3805 2456 3859 τῶν
2513 3804 2711 3876 μηκέτι
2762 3803 2901 3874 μετά
2933 3800 3036 3873 τὴν
3059 3801 3278 3872 ἔγερσιν
3299 3798 3658 3869 διοριζόμεθα

2065 3897 2494 3968 τεθνηξομένων.
2539 3897 2664 3951 Ἐὰν
2686 3895 2744 3949 δὲ
2778 3895 2872 3949 καὶ
2935 3895 3065 3964 περὶ
3114 3893 3215 3964 τῆς
3255 3892 3435 3962 ψυχῆς
3463 3891 3660 3944 διαπο-

2071 3991 2244 4061 ρήσας
2273 3990 2457 4060 φράσῃ
2480 3988 2576 4042 τοῦ
2611 3987 2817 4052 Ἡλίου,
2855 3988 2932 4051 ὡς
2964 3986 3078 4040 τῶν
3109 3984 3208 4057 μὲν
3237 3982 3476 4054 Γραφῶν
3499 3985 3659 4035 ἀνει-

2071 4081 2272 4150 Λῆφθαι
2298 4081 2462 4135 αὑτὸν
2489 4080 2767 4149 λεγουσῶν
2804 4081 2862 4132 ὲν
2887 4079 3076 4151 σαρκὶ,
3102 4077 3259 4148 ἡμῶν
3279 4078 3336 4130 δὲ
3364 4076 3658 4146 ἀσύμπλο-

2070 4190 2166 4226 κον
2225 4174 2428 4245 σαρκὸς
2482 4175 2597 4236 τοῖς
2652 4170 2975 4236 ἀποστόλοις
3047 4164 3228 4240 ὦφθαι
3308 4170 3658 4239 φασκόντωνο

2069 4267 2306 4329 λεκτέον,
2339 4266 2420 4318 ὅτι
2448 4266 2541 4318 καὶ
2583 4265 2690 4336 μὴν
2725 4264 2925 4335 μᾶλλον
2951 4263 3013 4317 τὸ
3049 4263 3230 4330 λέγειν
3268 4261 3433 4317 αὐτὸν
3469 4255 3658 4331 ὦφθαι

2070 4359 2182 4421 τοῖς
2213 4356 2533 4420 ἀποστόλοις
2559 4357 2618 4409 ὲν
2642 4355 2807 4427 σαρκὶ
2837 4355 2974 4426 πρὸς
2997 4355 3155 4425 ἡμῶν
3190 4355 3330 4409 ἐστι.
3358 4353 3658 4408 Δείκνυται

393 4441 505 4535 que
557 4476 755 4529 corpus
813 4468 1056 4514 nostrum
1109 4453 1534 4511 immortalitatis
1597 4465 1720 4506 esse
1775 4453 1957 4516 capax,

2072 4448 2182 4517 γὰρ
2234 4448 2329 4501 καὶ
2375 4446 2466 4500 διά
2519 4445 2680 4500 τοῦτο
2698 4446 2744 4478 ⁸⁸
2767 4444 3078 4517 ἀφθαρσίας
3140 4445 3298 4515 ἡμῶν
3324 4442 3662 4513 ὑπάρχοντὸ

395 4553 843 4626 quemadmodum
870 4559 1146 4604 ostensum
1179 4555 1262 4602 est
1294 4546 1346 4600 in
1374 4544 1561 4600 Enoch
1601 4541 1884 4597 translato.
1912 4541 1970 4596 Si

395 4647 539 4702 enim
565 4642 986 4712 ineorruptionis
1007 4655 1178 4711 capax
1205 4653 1309 4692 non
1339 4644 1506 4701 esset,
1534 4635 1676 4689 haud
1704 4635 1968 4702 potuisset

399 4747 550 4790 tanto
597 4747 838 4804 tempore
883 4734 1000 4789 sine
1043 4732 1162 4785 labe
1215 4729 1585 4799 corruptionis
1632 4742 1970 4797 permanere.

397 4831 541 4899 Ergo
569 4843 690 4882 cum
725 4837 953 4893 corpore
982 4824 1257 4893 apparuit,
1289 4829 1410 4875 erat
1443 4820 1532 4874 ille
1563 4819 1780 4888 quidem
1806 4819 1974 4871 mori-

398 4932 575 4985 turus,
619 4921 714 4974 sed
762 4917 999 4973 nondum
1047 4917 1223 4970 adhuc
1275 4923 1610 4970 surrexerat.
1643 4911 1708 4965 Et
1751 4911 1867 4965 hac
1918 4917 1976 4963 ut

395 5015 588 5068 demus
616 5007 862 5077 Origeni,
895 5007 988 5076 qui
1012 5006 1242 5062 formam
1275 5005 1568 5060 secundum
1590 5003 1778 5058 eadem
1808 5001 1977 5056 liuea-

397 5111 581 5157 menta
627 5109 749 5170 post
787 5107 1016 5153 mortem
1055 5111 1087 5151 a
1127 5109 1355 5165 corpore
1406 5093 1740 5164 sejunctam,
1782 5092 1976 5146 anima:

400 5191 554 5247 reddi
577 5190 730 5255 dicit,
761 5187 904 5257 quod
941 5186 1088 5240 nulla
1117 5198 1339 5254 prorsus
1386 5183 1597 5237 ratione
1627 5181 1741 5235 fieri
1772 5189 1967 5250 potest,

400 5298 467 5339 eo
492 5282 635 5350 quod
667 5280 840 5335 forma
887 5277 1072 5334 carnis
1115 5277 1264 5345 prius
1306 5276 1361 5331 in
1395 5273 1808 5328 alterationibus
1847 5287 1971 5326 cor-

401 5383 706 5445 rumpatur,
759 5369 1214 5440 quemadmodum
1260 5377 1316 5421 et
1372 5365 1542 5434 ﬁgura
1591 5363 1725 5418 fusae
1777 5371 1972 5416 statuae

2076 4538 2237 4607 σῶμα
2282 4538 2550 4602 δεκτικὸν,
2588 4536 2842 4606 καθάπερ
2865 4536 3080 4608 ἐδείχθη
3110 4537 3206 4591 καὶ
3229 4538 3326 4590 ἐπὶ
3346 4535 3442 4589 τοῦ
3482 4533 3662 4606 Ἑνὼχ

2076 4629 2519 4698 μετατιθεμένου.
2575 4629 2636 4682 El
2679 4628 2756 4698 μὴ
2795 4627 2906 4699 γάρ
2957 4626 3268 4699 ἀφθαρσίαν
3316 4627 3542 4680 ἐδύνατο
3572 4626 3664 4681 δέ-

2075 4721 2291 4787 ξασθαι,
2336 4721 2436 4775 οὐκ
2461 4721 2526 4775 ἂν
2559 4721 2682 4774 οὐδὲ
2723 4720 2995 4792 διέμεινεν
3023 4722 3083 4774 ὲν
3133 4719 3374 4792 ἀπαθείᾳ
3413 4720 3662 4791 τοσούτῳ

2075 4815 2272 4886 χρόνῳ.
2297 4815 2359 4866 Εἰ
2391 4815 2572 4866 τοίνυν
2620 4811 2778 4882 ὤφθη
2843 4812 2982 4882 μετά
3023 4810 3118 4864 τοῦ
3153 4810 3428 4880 σώματος,
3462 4811 3562 4864 καὶ
3588 4806 3665 4882 ἦν

2074 4907 2403 4975 τελευτήσας
2427 4905 2544 4974 μὲν,
2570 4903 2809 4967 ἀναστὰς
2837 4903 2949 4956 δὲ⁸⁷
2977 4901 3078 4973 ήδη
3101 4903 3166 4956 ἐκ
3188 4901 3398 4972 νεκρῶν
3419 4901 3661 4956 οὐδέπω.

2076 4999 2188 5052 Καὶ
2205 4996 2377 5052 ταῦτα
2409 4998 2498 5050 ἵνα
2523 4997 2587 5065 δὴ
2619 4995 3071 5065 συγχωρήσωμεν
3101 4991 3179 5062 τῷ
3214 4991 3506 5063 Ὠριγένει,
3533 4992 3662 5046 καθ’

2075 5090 2238 5144 ἑαυτὸ
2266 5091 2325 5142 τὸ
2353 5085 2490 5152 εἶδος
2520 5088 2736 5156 λέγοντι
2763 5085 2902 5156 μετά
2923 5085 3024 5154 τὴν
3040 5083 3301 5155 τελευτὴν
3319 5081 3666 5150 ἀποζευγνύ-

2081 5199 2239 5251 μενον
2289 5181 2396 5234 ἀπὸ
2445 5180 2540 5233 τοῦ
2596 5178 2845 5249 σώματος
2876 5180 2943 5247 τῇ
2985 5176 3130 5247 ψυχῇ
3164 5174 3448 5239 οδίδοσθαι,
3519 5176 3664 5245 ὅπερ

2077 5274 2224 5325 ἐστὶν
2281 5273 2536 5325 ἀπάντων
2603 5270 2866 5323 ἀδύνατον
2885 5269 2933 5300 ⁸⁸
2977 5267 3057 5338 τῷ
3106 5267 3555 5338 προαπόλλυσθαι
3598 5269 3666 5321 τὸ

2079 5361 2216 5426 εἶδος
2237 5363 2348 5416 τῶν
2376 5363 2595 5434 σαρκῶν
2624 5363 2684 5418 ὲν
2718 5365 2837 5426 ταῖς
2866 5358 3210 5424 ἀλλοιώσεσι,
3267 5358 3524 5429 καθάπερ
3563 5359 3668 5414 καὶ

1685 5503 1772 5557 VA
1782 5501 1920 5556 RIIE
1968 5498 2374 5555 LECTIONES.

481 5607 529 5637 ⁸⁰
560 5603 736 5678 ἔσται]
761 5620 845 5678 σοι
871 5603 946 5678 B._
1006 5601 1050 5633 ⁸³
1082 5598 1260 5678 6_ad(_l.
1289 5598 1391 5678 A‘.“
1429 5598 1474 5629 “
1501 5596 1702 5678 ῶσπερ.
1717 5595 1891 5678 ἐγγυᾷ
1920 5591 2420 5678 Α.α-ὼξ.ἷαρεγγυᾷ
2439 5591 2478 5646 Β
2508 5591 2738 5678 apart-s9
2764 5591 2968 5676 ἑγγόας
2993 5610 3065 5658 ς.
3087 5590 3203 5678 ﬂ":
3213 5590 3312 5660 τῆς
3343 5585 3616 5678 σαρκόξ.Β
3645 5604 3661 5641 :

411 5676 638 5745 σαρκῶν
663 5676 726 5739 ς.

409 5743 814 5801 ἀδυνατώτατον
834 5746 858 5799 ?
880 5744 983 5816 τῷ]
1017 5743 1080 5798 τό

800 5657 984 5794 ἴτ’
1006 5702 1080 5794 :3
1101 5669 1279 5794 Ἑυχῆς
1306 5667 1393 5723 ΑΒ
1428 5686 1441 5724 ³
1482 5671 1549 5739 τῇ
1970 5662 2028 5736 ,⁸⁸
2058 5662 2114 5716 δέ
2144 5657 2222 5715 BE
2249 5657 2410 5733 aii—gl
2513 5663 2561 5730 εἶ’
2588 5657 2772 5719 malim
2798 5657 3011 5719 τούτου.
3086 5661 3130 5694 ⁸⁷
3155 5661 3213 5718 δὲ
3233 5657 3342 5716 oio.
3369 5657 3434 5713 Α.
3513 5657 3560 5689 ⁸⁸
3588 5676 3662 5712 an
