1982 3123
113 188 181 222 1133
631 192 811 223 BIBLIOTH
816 192 895 222 ECA.

966 191 1048 222 COD.
1070 192 1247 222 CCXXXlV.
1683 193 1750 225 1134

109 246 140 271 τὸ
160 245 253 280 σχῆμα
278 243 326 271 τοῦ
359 246 596 281 συγχωνευομένου
608 248 766 283 ἀνδριάντος
785 248 837 283 πρὸ
849 248 899 281 τῆς

962 251 1013 274 nite
1028 246 1109 273 totius
1124 246 1214 281 operis
1228 245 1409 273 solutionem:
1425 246 1542 281 qualitas
1552 247 1623 274 enim
1639 255 1655 275 a
1666 255 1751 277 mate—

109 291 258 323 διαλύσεως
274 291 322 318 τοῦ
336 292 409 325 ὅλου,
425 294 466 319 ὅτι
485 293 522 328 μὴ
535 293 647 321 δύναται
661 294 829 330 χωρίζεσθαι
844 293 906 320 καθ’

110 337 261 364 ὑπόστασιν
275 338 329 364 ἀπὸ
347 338 397 372 τῆς
417 338 483 375 ὒλης
501 339 651 375 ήποιότης.
677 340 833 374 Χωρίζεται
858 339 907 374 μὲν

108 382 163 418 γὰρ
190 383 245 410 ἀπὸ
275 383 321 410 τοῦ
348 384 507 419 ἀνδριάντος
541 385 725 421 χωνευθέντος
743 386 760 420 ή
785 386 848 420 περὶ
869 384 907 420 τῷ

108 429 204 465 χαλκῷ
231 430 323 465 μορφὴ
350 431 549 466 ἀφανιζομένη,
569 432 599 459 οὐ
615 432 669 467 μὴν
694 431 840 466 ὑφεστῶσα
866 432 906 458 ἔτι

109 476 170 502 κατ’
188 476 294 502 οὐσίαν.
314 476 388 502 Ἐπεὶ
404 477 432 503 δὲ
447 477 555 512 λέγεται
573 479 601 504 ὲν
614 479 652 513 τῷ
676 479 783 513 θανάτῳ
794 478 823 504 τὺ
838 476 906 510 εἶδος

109 521 277 557 χωρίζεσθαι
296 523 350 549 ἀπὸ
374 524 424 558 τῆς
445 525 556 559 σαρκὸς,
585 524 651 559 φέρε
666 525 697 550 τὸ
719 524 904 560 χωριζόμενον

110 567 238 603 ποταχιῗις
248 568 357 602 λέγεται
369 569 532 604 χωρίζεσθαι
550 570 775 606 ἐπισκεψώμεθα.
789 571 905 604 Λέγεται

110 612 201 640 τοίνυν
225 613 391 648 χωρίζεσοαί
405 623 431 640 τι
450 616 504 642 ἀπό
516 624 588 648 τινος
610 616 626 652 ἤ
640 617 766 652 ἐνεργείᾳ
779 617 825 643 καὶ
838 617 905 643 ὐπο-

111 659 216 691 στάσει,
230 659 247 694 ἦ
261 660 378 695 ἐπινοίᾳ,
395 660 410 695 ἢ
427 662 552 697 ἐνεργείᾳ
576 662 637 697 μὲν,
651 663 681 689 οὐ
699 662 752 697 μὴν
777 662 825 689 καὶ
841 662 906 688 ὑπο-

112 705 217 732 στάσει.
240 705 284 737 Ὠς
301 706 324 732 εί
337 706 359 721 ⁸⁹
376 707 477 741 πυρούς
504 716 545 740 τις
560 709 606 735 καὶ
622 708 720 744 κριθὰς
747 709 906 744 μεμιγμένα

112 751 256 786 χωρίσειεν
282 752 330 778 ἀπ’
348 752 488 788 ἀλλήλων·
539 754 589 789 μὲν
614 755 669 790 γὰρ
696 755 768 781 κατὰ
798 755 905 789 κίνησιν

111 797 271 832 χωρίζεται,
297 798 422 834 ἐνεργείᾳ
452 799 569 833 λέγεται,
621 801 649 827 δὲ
669 801 839 837 χωρισθέντα
853 802 904 835 ὐφ-

111 842 229 876 έστηκεν
255 842 404 870 ὑποστάσει
436 844 545 878 λέγεται
583 846 761 881 κεχωρίσθαι.
784 847 905 882 Ἐπινοίᾳ

111 888 151 919 δὲ,
167 888 232 914 ὅταν
251 887 299 923 τὴν
320 887 388 922 ὓλην
415 889 469 916 ἀπὺ
497 890 552 916 τῶν
571 892 722 926 ποιοτήτων
743 892 904 927 χωρίζωμεν

111 933 161 960 καὶ
190 934 241 965 τὰς
258 934 403 970 ποιότητας
422 936 477 962 ἀπὸ
498 937 548 971 τῆς
562 936 638 973 ὕλης.
658 938 799 973 Ἐνεργείᾳ
812 938 850 970 δὲ,
873 939 903 964 οὐ
922 933 943 960 Β

113 980 169 1015 μὴν
199 980 246 1007 καὶ
275 981 433 1012 ὑποστάσει,
464 982 529 1009 ὅταν
557 983 692 1018 χωρισθὲν
706 992 733 1010 τι
749 985 803 1011 ἀπό
833 993 906 1016 τινος

115 1026 216 1061 μηκέτι
227 1024 361 1062 ’ὑπάρχοι,
379 1028 530 1055 ὑπόστασιν
550 1029 644 1061 οὐσίας
663 1030 714 1056 οὐκ
726 1030 797 1065 ἕχον.
825 1031 904 1065 Γνοίη

112 1074 135 1101 δ’
149 1075 182 1101 ἄν
194 1084 235 1106 τις
244 1076 289 1102 καὶ
300 1076 328 1102 ἐν
336 1077 390 1107 τοῖς
399 1077 557 1112 χειροτεχνή
563 1085 645 1111 μασιν
652 1077 690 1109 ὠς
700 1077 767 1113 ἔχει,
781 1079 903 1114 ἀνδριάν-

111 1129 145 1146 τα
164 1120 227 1147 ἰδὼν
244 1121 355 1155 ῆῖππον
390 1122 517 1157 χαλκοῦν.
544 1123 635 1150 Ταῦτα
655 1124 709 1159 γὰρ
732 1124 906 1160 λογιζόμενος

112 1166 208 1199 (aque-sat
233 1167 281 1202 τὴν
302 1167 424 1202 ἔμφυτον
448 1169 554 1205 μορφὴν
580 1170 781 1202 διαλλάττοντα,
815 1173 855 1203 εἰς
878 1172 906 1198 δὲ

113 1212 211 1247 ἑτέραν
240 1213 302 1247 ὄψιν
335 1213 522 1249 μεθιστάμενα
545 1216 590 1250 ὑφ’
606 1213 640 1252 ἧς
660 1217 690 1242 τὺ
708 1217 906 1252 ξυγγενόμενον

113 1255 183 1289 εἶδος
204 1258 378 1293 ἀφανίζεται.
409 1260 438 1287 Εἰ
454 1260 508 1296 γάρ
530 1270 571 1293 τις
589 1263 622 1289 τὰ
637 1262 705 1298 ἔργα
720 1264 756 1290 τὰ
772 1272 906 1298 σχηματι-

113 1305 218 1340 ζόμενα
231 1307 270 1337 είς
285 1304 353 1337 εἶδος
361 1306 505 1342 ἀνθρώπου
516 1308 531 1342 ἢ
545 1308 628 1334 ἵππου
639 1310 778 1344 συντήκοι,
794 1310 907 1344 εὑρήσει

112 1351 143 1377 τὸ
161 1351 212 1386 μὲν
229 1351 274 1377 τοῦ
289 1352 429 1387 σχήματος
455 1350 524 1384 εἶδος
546 1355 758 1389 ἀφανιζόμενον,
778 1355 864 1389 αὐτὴν
878 1355 907 1382 δὲ

114 1397 164 1431 τὴν
190 1397 257 1431 ὕλην
282 1398 427 1432 μένουσαν.
447 1399 529 1426 Ὥστε
556 1399 708 1427 ἀσύστατον
723 1401 753 1427 τὸ
777 1401 866 1435 λέγειν
877 1402 908 1428 τὸ

115 1444 167 1478 μὲν
181 1443 250 1475 εἶδος
265 1444 427 1471 ἀνίστασθαι
445 1445 647 1482 ἠμαυρωμένον
665 1447 758 1482 μηδὲν,
770 1448 800 1474 τὺ
811 1448 839 1475 δὲ
855 1448 908 1475 σῶ-

115 1498 166 1525 μα,
185 1491 214 1517 ὲν
226 1486 249 1524 ᾧ
262 1488 296 1526 ἦν
307 1490 337 1517 τὸ
352 1488 420 1523 εἶδος
441 1492 672 1527 ἐντετυπωμένον,
691 1493 907 1530 διαφθείρεσθαι.

119 1537 203 1563 Ἀλλὰ
216 1537 270 1567 ναὶ,
285 1539 368 1574 φησίν
377 1547 385 1555 ’
395 1540 424 1566 ὲν
436 1540 612 1575 πνευματικῷ
621 1540 674 1574 γὰρ
693 1541 907 1576 μετατεθήσεται

116 1583 236 1618 σώματι.
250 1585 354 1612 Οὐκοῦν
369 1586 476 1620 ἀνάγκη
486 1586 515 1612 τὺ
530 1586 580 1620 μὲν
598 1584 668 1618 εἶδος
681 1586 753 1618 ἰδίως
762 1587 903 1622 ὁμολογεῖν

115 1629 181 1655 αὐτὸ
199 1629 230 1656 τὸ
261 1631 368 1665 πρῶτον
383 1631 420 1666 μὴ
438 1632 610 1664 ἀνίστασθαι,
629 1633 667 1667 τῷ
694 1633 906 1668 συνηλλοιῶσθαι

115 1675 180 1701 αὐτὸ
202 1676 351 1710 συμφθίνον
365 1679 397 1712 τῇ
416 1677 508 1713 σαρκί.
538 1678 597 1704 Κᾶν
617 1678 670 1714 γὰρ
684 1679 713 1705 ὲν
728 1680 907 1715 πνευματικῷ

116 1722 296 1758 μεταπλασθῇ
316 1723 434 1758 σώματι,
449 1724 515 1750 αὐτὸ
531 1724 580 1760 μὲν
592 1724 664 1756 ἰδίως
674 1725 704 1752 τδ
718 1726 825 1761 πρῶτον
840 1727 907 1753 ὑπο-

115 1766 245 1802 κείμενον
257 1769 345 1795 ὲκείνο
362 1769 413 1795 οὐκ
435 1769 554 1803 ἔσται⁹⁶,
566 1771 693 1805 ὁμοιότης
706 1771 735 1798 δέ
746 1781 787 1803 τις
801 1773 906 1799 ἐκείνου

116 1813 146 1838 ἐν
159 1813 325 1849 λεπτομερεί
339 1816 587 1851 μεταπεπλασμένη
607 1816 724 1851 σώματι.
744 1817 777 1843 Εἰ
792 1818 820 1844 δὲ
838 1819 906 1854 μήτε

115 1858 146 1885 τὸ
153 1856 226 1890 εἶδος
241 1859 272 1886 τὸ
283 1860 349 1886 αὐτὸ
366 1862 433 1896 μήτε
443 1862 473 1888 τὸ
487 1862 566 1896 σῶμα
578 1862 732 1893 ἀνίσταται.
744 1863 802 1889 ἀλλ’
814 1864 907 1899 ἕτερον

115 1904 176 1931 ἀντὶ
186 1905 235 1931 τοῦ
248 1906 379 1941 προτέρου
393 1907 434 1942 (τὸ
446 1908 500 1943 γὰρ
511 1908 604 1942 ὅμοιον
618 1908 712 1944 ἕτερον
723 1910 770 1936 τοῦ
785 1909 849 1945 [192
860 1910 905 1947 ιι]

115 1950 215 1977 ἑαυτοῦ
226 1951 319 1986 ὁμοίου
336 1951 395 1987 ὂν),
425 1953 490 1980 αὐτὸ
507 1955 594 1981 ἐκεῖνο
616 1955 646 1981 τὸ
668 1955 788 1990 πρῶτον,
814 1957 880 1992 πρὸς
893 1958 907 1983 ό

116 1996 238 2030 ἐγένετο,
259 1995 328 2024 εἶναι
340 1998 370 2024 οὐ
386 1998 508 2026 δύναται.

154 2042 218 2069 Ὀτι
247 2042 317 2075 εἶδός
333 2053 416 2080 φησιν
427 2043 497 2072 εἶναι
513 2046 544 2073 τὸ
556 2047 605 2082 τὴν
621 2049 773 2084 ταυτότητα
787 2049 841 2076 τῶν
858 2058 907 2084 με-

115 2087 169 2115 λῶν
186 2090 217 2116 ὲν
228 2089 268 2125 τῷ
279 2092 434 2127 χαρακτῆρι
452 2093 502 2127 τῆς
531 2095 639 2129 μορφῆς
665 2096 780 2123 ἑκάστου
806 2098 906 2132 ἐμφαί-

116 2142 170 2161 νον.

151 2180 219 2216 [929
235 2181 280 2219 il]
305 2184 366 2210 Ὀτι
387 2185 417 2211 τὸ
438 2186 513 2221 παρὰ
542 2187 589 2213 τοῦ
615 2189 755 2224 προφήτου
776 2189 907 2225 Ἰεζεκιὴλ

118 2227 182 2262 περὶ
209 2228 258 2263 τῆς
273 2229 445 2262 ἀναστάσεως
460 2232 514 2258 τῶν
538 2233 643 2268 νεκρῶν
667 2234 748 2269 ῥητὸν
762 2235 907 2270 εἰρημένον

963 292 1002 318 ria
1018 292 1165 319 secundttm
1181 291 1340 326 hypostasin
1359 296 1503 326 separatur
1525 292 1633 326 quidem
1655 300 1671 320 a
1692 293 1750 321 fusa

962 342 1064 370 statua,
1079 337 1166 364 forma
1187 337 1214 364 in
1234 345 1288 365 tere
1311 337 1410 370 deleta,
1430 338 1477 365 sed
1492 345 1552 372 qute
1569 346 1622 366 non
1636 340 1752 374 amplius

962 384 1110 412 secundum
1126 384 1305 411 substantiam
1319 384 1457 411 subsistat.
1471 384 1539 417 Quia
1556 392 1622 413 vero
1636 385 1721 413 forma
1736 395 1751 414 a

962 436 1045 456 carne
1067 429 1093 455 iu
1116 433 1203 456 tnorte
1218 429 1344 455 recedere
1361 429 1472 462 dicitur,
1489 437 1539 464 age
1555 430 1691 464 quomodo
1709 438 1752 458 re-

961 476 1039 502 cedat
1054 475 1205 502 videamus.
1223 474 1348 509 Separari
1368 475 1468 509 aliquid
1489 476 1522 502 ab
1542 476 1634 511 aliquo
1653 477 1752 504 dicitur

961 527 1007 549 attt
1025 522 1095 549 facto
1112 527 1139 549 et
1154 523 1340 555 subsistentia,
1357 528 1403 548 aut
1418 522 1601 557 cogitatione,
1617 527 1664 551 aut
1679 523 1751 551 facto

961 569 1068 603 quidem
1097 575 1144 594 seu
1166 568 1334 601 operatione,
1361 568 1406 594 sed
1426 576 1478 595 non
1498 568 1633 603 hypostasi
1650 578 1657 596 :
1684 574 1713 595 ut
1727 570 1749 595 si

960 615 1022 649 quis
1035 614 1153 642 triticum
1176 619 1202 642 et
1226 615 1355 641 hordeum
1374 615 1454 641 tuista
1481 615 1552 642 inter
1569 622 1598 642 se
1613 621 1749 643 secernat.

961 662 1099 694 Quatenus
1123 661 1196 688 enim
1217 662 1364 688 secttndnm
1386 666 1489 688 motum
1505 662 1667 693 secernitur,
1686 670 1751 696 ope:

961 708 1031 734 ratio
1049 707 1167 739 dicitur;
1187 711 1321 742 quatenus
1335 714 1400 734 vero
1415 712 1519 734 secreta
1541 715 1589 741 per
1613 715 1642 734 se
1662 708 1751 735 subsi—

960 758 1045 785 stunt,
1069 753 1205 788 hypostasi
1225 753 1311 780 divisa
1335 753 1470 780 dicuntur.
1493 752 1663 788 Cogitatioue
1686 761 1751 781 vero

960 807 1006 827 seu
1020 800 1135 831 ratione,
1154 800 1261 834 quando
1279 799 1420 827 materiam
1437 807 1451 825 a
1469 800 1646 834 qualitatibus
1657 800 1750 827 distin-

960 847 1075 880 guimus,
1093 851 1119 872 et
1134 846 1277 880 qualitates
1293 853 1307 872 a
1324 846 1450 873 materia.
1468 846 1630 880 Operatione
1645 850 1750 873 tantum

960 897 986 919 et
1002 900 1054 919 non
1076 892 1226 926 itypostttsi,
1247 899 1308 918 cum
1326 896 1479 926 separatutn
1493 892 1594 926 aliquid
1612 892 1645 919 ab
1659 892 1750 926 aliquo

959 947 1011 966 non
1034 939 1150 973 amplius
1166 939 1259 971 fuerit,
1279 939 1438 966 substantiae
1455 938 1611 973 hypostasin
1631 946 1682 965 non
1706 938 1752 965 ha-

959 986 1035 1012 bens.
1052 984 1185 1018 lntelligat
1204 989 1293 1011 autem
1310 984 1446 1018 quispiam
1462 984 1512 1010 hoc
1529 984 1610 1016 etiam
1626 983 1653 1011 in
1669 982 1750 1010 rebus

959 1031 1115 1063 meeanicis,
1133 1030 1269 1065 quomodo
1301 1038 1330 1057 se
1347 1029 1455 1062 habeat,
1470 1030 1491 1056 si
1512 1034 1630 1057 statuam
1647 1030 1747 1062 videat,

958 1080 1004 1102 aut
1016 1083 1114 1110 equttm
1130 1083 1162 1102 ex
1179 1083 1232 1103 tere
1247 1076 1347 1103 fusum.
1367 1075 1431 1103 Htee
1452 1076 1524 1103 enim
1550 1076 1749 1111 contemplatus

958 1122 1058 1149 videbit
1070 1121 1218 1149 naturalem
1233 1122 1348 1149 formam
1361 1122 1387 1149 itt
1402 1122 1443 1149 his
1458 1122 1568 1154 mutari,
1583 1126 1611 1149 et
1625 1122 1651 1148 itt
1667 1122 1748 1150 aliam

958 1167 1070 1201 figuram
1095 1172 1197 1193 mutata
1222 1166 1420 1199 transformari,
1448 1175 1462 1193 a
1491 1175 1542 1201 qtta
1570 1168 1644 1201 prior
1661 1167 1748 1195 fortna

959 1213 1092 1239 naturalis
1106 1212 1221 1239 deletur.
1249 1212 1355 1240 Etenim
1369 1213 1391 1239 si
1411 1213 1472 1247 quis
1487 1214 1563 1247 signa
1585 1215 1610 1239 in
1628 1214 1748 1242 hominis

958 1265 1004 1287 aut
1025 1259 1123 1295 300b
1148 1260 1208 1294 equi
1232 1261 1344 1295 ﬁguram
1367 1259 1480 1294 elligiata
1505 1260 1748 1308 collique.faciat;

959 1306 1051 1340 figurte
1074 1306 1189 1333 fortnam
1206 1306 1307 1333 videbit
1331 1307 1505 1337 exstinctam,
1529 1306 1671 1333 materiam
1690 1315 1750 1334 ma~

959 1359 1033 1379 nere.
1049 1351 1141 1387 Itaque
1155 1352 1301 1379 absurdum
1314 1357 1356 1378 est
1367 1351 1501 1379 allirmare
1515 1351 1629 1379 formatn
1640 1352 1749 1387 quidem

959 1406 1130 1433 nequaquam
1143 1403 1298 1432 corruptam
1321 1405 1473 1433 resurgere,
1486 1406 1585 1433 corpus
1604 1403 1704 1432 autem,
1721 1399 1749 1426 ill

959 1454 1012 1480 quo
1027 1445 1111 1472 forma
1131 1445 1265 1478 descripta
1284 1449 1326 1472 est
1347 1445 1494 1479 corrumpi.
1515 1444 1597 1479 Atqui
1613 1452 1686 1479 sane,
1706 1444 1750 1472 in-

959 1492 1027 1526 quit,
1045 1491 1071 1517 in
1098 1491 1237 1525 spirituale
1256 1490 1435 1517 transferetur
1448 1499 1557 1526 corpus.
1579 1492 1649 1525 Ergo
1669 1491 1749 1519 fateri

961 1544 1072 1564 necesse
1095 1542 1137 1563 est
1157 1536 1280 1564 eamdem
1303 1537 1411 1572 proprie
1435 1535 1550 1564 iormam
1564 1538 1678 1571 primam
1695 1545 1749 1565 non

963 1590 1115 1617 resurgere,
1137 1591 1169 1610 eo
1192 1583 1262 1617 quod
1285 1583 1363 1609 simul
1387 1587 1488 1609 mutata
1510 1588 1537 1610 et
1555 1590 1686 1618 corporea
1714 1585 1750 1611 sit

961 1638 1022 1656 cum
1037 1637 1159 1664 corpore.
1179 1629 1235 1655 Etsi
1249 1629 1319 1656 enim
1337 1628 1363 1655 in
1381 1628 1522 1662 spirituale
1544 1636 1642 1663 corpus
1659 1633 1749 1656 trans-

962 1677 1013 1703 lata
1028 1676 1063 1702 sit
1079 1684 1085 1701 :
1112 1675 1169 1709 ipsa
1189 1679 1278 1701 tamen
1293 1674 1387 1700 eadem
1405 1681 1455 1699 non
1476 1673 1528 1700 erit
1542 1674 1658 1708 primum
1686 1681 1749 1709 pro-

961 1723 1019 1757 prie
1036 1722 1186 1755 subjectum
1200 1719 1282 1756 [quod
1302 1725 1365 1746 ante
1379 1719 1453 1755 fuit],
1471 1720 1518 1746 sed
1536 1721 1658 1754 qumdatn
1676 1720 1750 1747 illitis

961 1769 987 1796 in
1003 1768 1095 1795 subtili
1111 1774 1224 1801 corpore
1235 1766 1429 1793 transformata
1441 1765 1601 1793 similitudo.
1614 1765 1641 1793 Si
1657 1770 1748 1793 autem

962 1822 1014 1841 non
1028 1814 1120 1842 eadem
1139 1813 1239 1845 forma,
1253 1819 1340 1846 neque
1355 1812 1424 1839 idem
1444 1819 1542 1846 corpus
1559 1811 1686 1847 resurgit,
1701 1814 1748 1838 sed

961 1861 1031 1887 aliud
1048 1867 1096 1894 pro
1109 1859 1178 1886 alio:
1196 1858 1283 1885 simile
1300 1859 1371 1885 enim
1388 1857 1503 1884 alterum
1524 1857 1612 1884 simile
1628 1858 1679 1884 sibi
1696 1862 1747 1884 est:

962 1907 1025 1933 illud
1042 1906 1140 1940 ipsum,
1161 1906 1194 1932 ad
1216 1904 1291 1938 cujus
1314 1902 1468 1937 exemplum
1492 1902 1592 1929 factum
1617 1907 1669 1935 est,
1690 1901 1749 1929 ﬁeri

962 1960 1014 1980 non
1029 1957 1126 1987 potest.

998 2042 1124 2069 Formam
1140 2041 1177 2068 ait
1190 2048 1250 2068 esse
1266 2041 1303 2073 id,
1318 2040 1390 2075 quod
1406 2040 1431 2067 in
1449 2039 1533 2075 figura
1549 2039 1641 2066 forma:
1655 2039 1751 2066 unius-

961 2089 1102 2124 cujusque,
1115 2088 1298 2116 membrorum
1313 2087 1480 2114 identitatem
1493 2087 1613 2114 exhibet.

998 2191 1116 2219 Verbum
1142 2189 1215 2225 quod
1243 2189 1311 2216 dixit
1335 2188 1463 2224 propheta
1485 2187 1610 2215 Ezechiel
1626 2187 1660 2214 de
1675 2194 1747 2213 mor-

962 2242 1068 2265 tuorum
1094 2235 1295 2264 resurrectione
1310 2240 1320 2254 '-'
1342 2234 1473 2269 Origenes
1498 2233 1641 2267 allegorice
1665 2231 1751 2258 inter-

117 2272 165 2299 τοῦ
185 2274 341 2310 Ὠριγένους
357 2277 582 2312 ἀλληγοροῦντος,
602 2280 649 2305 καὶ
668 2281 707 2310 εἰς
722 2280 770 2315 τὴν
784 2281 839 2307 τῶν
867 2282 906 2313 εἰς

962 2288 1084 2317 pretatus
1114 2286 1165 2314 est,
1195 2286 1223 2308 et
1249 2282 1282 2307 ad
1316 2279 1500 2306 lsraelitarum
1529 2285 1562 2304 ex
1591 2276 1751 2311 captivitate

117 2320 268 2348 Βαϐυλῶνα
283 2323 559 2358 αἰχμαλωτισθέντων
579 2325 753 2361 Ἰσραηλιτῶν
778 2327 906 2354 ἐπάνοδον

113 2366 315 2402 ἐκϐιαζομένου
338 2369 488 2404 εἰρῆσθαι,
513 2371 664 2407 ἐξελέγχων
696 2372 764 2407 μετὰ
790 2373 875 2400 πολλὰ
895 2375 909 2400 ό

117 2410 195 2445 ἂγιος
220 2412 269 2439 καὶ
281 2413 360 2440 τοῦτό
376 2423 457 2450 φησιν
468 2423 476 2431 ·
493 2416 561 2443 Οὐδὲ
583 2417 646 2453 γὰρ]
661 2418 719 2445 οὐδὲ
742 2419 819 2445 αὐτοὶ
840 2419 909 2454 πρὸς

117 2456 277 2492 ἐλευθερίαν
303 2459 458 2494 ἀνέσφηλαν
484 2461 620 2497 καθαρὰν,
650 2462 711 2489 οὐδὲ
735 2464 789 2491 τῶν
803 2464 909 2500 ἐχθρῶν

117 2504 380 2539 κατακρατήσαντες
402 2506 678 2545 ὲξουσιαστικώτερον
706 2510 870 2546 κατῴκησαν
886 2512 908 2528 ⁰¹

116 2549 166 2583 τὴν
173 2549 364 2587 Ἰερουσαλήμ.
381 2551 512 2588 Είργοντο
520 2554 583 2587 γοῦν
596 2555 648 2582 ὑπὸ
659 2555 714 2583 τῶν
728 2557 878 2584 ἀλλοεθνῶν
887 2559 910 2574 “

118 2595 250 2627 πολλάκις
256 2596 431 2633 οἰκοδομῆσαι
445 2598 607 2635 θελήσαντες
617 2601 662 2627 τὸν
673 2602 775 2628 ναόν⁹³·
787 2603 848 2630 ὅθεν
863 2604 911 2630 καὶ

118 2641 147 2666 ὲν
162 2645 189 2676 μ’
208 2642 290 2669 αὐτὸν
305 2644 352 2670 καὶ
364 2644 389 2677 ς’
408 2645 481 2671 ἔτεσι
511 2646 589 2680 μόλις
616 2647 789 2683 ἠδυνήθησαν
814 2649 909 2684 δείμα-

119 2686 182 2714 σθαι
192 2708 201 2721 ,
214 2688 262 2715 τοῦ
274 2689 446 2726 Σολομῶντος
454 2691 477 2707 ⁸⁸
497 2693 525 2719 ὲν
542 2693 670 2720 ἑπταετεῖ
682 2695 770 2730 χρόνῳ
784 2696 815 2722 ἐκ
829 2696 910 2730 θεμε-

155 2759 167 2774 ε
183 2755 284 2784 Ezech.
307 2765 411 2791 xxxvu,
436 2759 449 2786 ί
470 2766 547 2795 seqq.

961 2328 1123 2365 Babylonica
1151 2327 1268 2354 reditum
1291 2325 1369 2360 quasi
1392 2332 1440 2359 per
1454 2324 1508 2351 vim
1524 2322 1649 2355 detorsit,
1668 2329 1750 2356 quem

960 2379 1021 2409 post
1035 2373 1120 2401 multa
1140 2377 1253 2399 sanctus
1269 2370 1422 2398 Methodins
1438 2375 1587 2403 coarguens
1600 2367 1652 2394 hoc
1666 2366 1748 2394 dicit:
1800 2394 1807 2413 γ

960 2420 1054 2454 Neque
1073 2418 1160 2446 Judaei
1180 2418 1287 2453 plenam
1315 2417 1506 2449 sinceramque
1529 2413 1684 2441 libertatem
1706 2419 1752 2438 as-

961 2467 1046 2495 secuti
1071 2470 1145 2497 sunt,
1172 2471 1259 2497 neque
1279 2463 1403 2490 hostibus
1421 2460 1535 2488 devictis
1561 2459 1656 2493 majori
1688 2465 1751 2485 cum

963 2517 1098 2548 potestate
1132 2510 1347 2544 Hierosolymam
1383 2507 1565 2535 incoluerunt.
1594 2505 1651 2532 lmo
1679 2510 1752 2538 saepe

963 2567 1025 2587 t-um
1040 2558 1193 2586 instaurare
1208 2557 1303 2583 urbem
1323 2557 1500 2585 conarentur,
1519 2552 1553 2579 ab
1569 2551 1631 2578 aliis
1645 2549 1752 2585 populis

962 2609 1027 2633 sunt
1053 2602 1185 2637 impediti.
1203 2600 1281 2629 Unde
1299 2605 1327 2628 et
1348 2600 1420 2626 intra
1447 2597 1623 2633 quadraginta
1638 2603 1685 2624 sex
1701 2602 1751 2621 an-

963 2657 1013 2677 nos
1031 2649 1076 2676 vix
1095 2647 1225 2682 templum
1247 2645 1433 2677 absolverunt,
1455 2650 1517 2671 cum
1532 2642 1599 2670 illud
1619 2640 1751 2668 Salomon

961 2701 1065 2731 septem
1087 2694 1165 2722 annis
1186 2694 1219 2721 ab
1237 2693 1304 2728 ipsis
1323 2690 1507 2719 fundamentis
1525 2688 1673 2717 excitatum
1688 2693 1751 2722 per-

757 2815 875 2843 VAlil/E
905 2815 1106 2843 LECTIONES.

155 2858 182 2898 "_
198 2858 236 2891 ὡς
263 2859 297 2898 εἰ-
314 2868 436 2898 οιηηριήτ,
457 2862 490 2893 Λ,
511 2860 680 2898 εἰνοιῃεΒΙᾷ
705 2860 727 2877 ⁸⁸
740 2861 790 2898 οὐξι
818 2860 906 2898 ἔσται]
940 2862 988 2897 οὐχ
1003 2861 1055 2889 ΑΒ.
1096 2862 1116 2877 '“
1141 2860 1296 2896 κατῴκισαν
1311 2869 1341 2892 ς.
1379 2862 1402 2877 "
1419 2860 1475 2888 τῶν
1495 2860 1581 2888 ἄλλων
1595 2857 1680 2886 ἐθνῶν
1694 2855 1751 2884 ΑΒ·

120 2893 143 2910 ”
158 2894 205 2921 τὸν
223 2894 298 2929 ναόν]
317 2896 375 2924 libri
387 2893 501 2930 μᾶλλον.
541 2897 564 2913 ’⁵
575 2896 731 2932 Σολομῶνος
744 2896 798 2923 ΛΒ.
