3964 6246
425 323 563 388 1135

1515 317 1779 377 ΡΗΟΤῙΙ
1818 316 2326 377 ΡΑΤΗΙΑΒΟΗίΕ
2375 318 2485 378 CP.

3547 315 3689 380 1136

421 440 659 494 fecisset.
718 437 780 491 Et
835 435 965 507 quid
1020 449 1155 504 opus
1203 443 1283 489 est
1313 432 1537 488 verbis?
1565 434 1609 486 Α
1639 432 2002 488 Nabuchodo-

2112 433 2232 487 λίων
2297 435 2522 488 αὑτὸν⁹⁸
2551 435 3074 507 συμπληρώσαντος.
3130 437 3240 491 Καὶ
3267 437 3319 490 τί
3343 433 3696 508 χρὴ’).ἐγειν;

422 544 619 586 nosore
667 527 738 582 et'
778 527 1194 582 successoribus
1241 523 1359 593 ejus
1413 525 1466 578 in
1515 524 1791 596 Babylone
1833 540 2004 594 usque

416 629 483 678 ad
512 622 800 676 Persarum
838 623 889 675 in
923 621 1178 690 Assyrios
1215 618 1638 688 expeditionem,
1675 629 1729 673 et
1761 619 1998 674 Alexan-

415 713 499 766 dri
535 713 842 780 imperium,
887 720 941 766 et
975 711 1172 766 bellum
1209 709 1318 778 jam
1355 726 1476 765 cum
1516 711 1778 764 Romanis
1810 711 1996 766 incru-

415 806 644 861 descens
696 806 877 859 sexies
942 802 1011 856 ab
1063 803 1310 858 hostibus
1367 801 1741 874 Hierosolyma
1809 819 1998 858 eversa

416 906 563 951 sunt.
601 895 665 949 Et
707 895 812 949 hoc
841 893 1080 965 Josepbo
1120 904 1256 948 teste
1289 893 1380 962 qui
1421 893 1554 947 dicit
1585 909 1597 944 :
1645 895 1794 946 Anno
1828 896 1998 948 altera

425 987 733 1058 Vespasiani
790 988 1141 1056 imperatoris,
1196 1001 1349 1055 capta
1411 998 1586 1039 autem
1644 996 1689 1038 et
1742 987 1998 1055 autejam

412 1081 685 1151 quinquies
734 1080 932 1148 fuerat,
991 1081 1184 1132 iterum
1251 1079 1427 1131 excisa
1459 1088 1534 1131 est
1598 1075 1997 1147 Hierosolyma.

414 1174 698 1227 Asoclta'us
755 1175 891 1226 enim
928 1171 1150 1240 .IEgypti
1211 1154 1328 1236 rex,
1384 1179 1434 1223 et
1505 1169 1670 1238 hujus
1726 1185 1999 1223 successor

414 1266 746 1328 Antiochus,
818 1264 1006 1317 deinde
1074 1261 1376 1330 Pompeius,
1448 1260 1635 1312 deinde
1715 1269 1830 1327 post
1899 1260 1995 1313 hos

416 1357 602 1412 Sosius
655 1373 771 1409 cum
855 1355 1064 1409 Herode
1113 1366 1319 1414 captam
1376 1353 1557 1406 urbem
1620 1353 1989 1405 incenderunt.

414 1451 551 1502 Ante
574 1449 666 1500 hos
696 1464 812 1501 vero
840 1446 1124 1520 Babylonis
1171 1461 1259 1499 rex
1287 1456 1640 1514 expugnatam
1682 1447 1922 1497 vastavit.

2121 526 2255 578 Ἀπὸ
2283 525 2392 597 γὰρ
2423 525 2488 596 δὴ
2517 525 2991 597 Ναϐουχοδονόσορ
3014 529 3061 559 ⁸⁸
3089 529 3184 581 καὶ⁵
3217 529 3326 580 τῶν
3359 527 3479 598 μετ’
3531 528 3700 582 αὑτὸν

2107 618 2426 682 Βαϐυλῶνος
2476 618 2919 688 βασιλευσάντων
2973 619 3104 690 ἄχρι
3159 620 3260 689 τῆς
3327 620 3555 690 Περσῶν
3606 621 3702 673 ἐπὶ

2102 712 2228 772 τοὺς
2270 711 2594 781 Ἀσσυρίους
2609 711 2652 744 ’τ
2688 710 3065 781 καθόδου,τῆς
3091 729 3152 765 τε
3167 710 3525 780 Ἀλεξάνδρου
3562 713 3698 780 ἡγε-

2107 802 2318 873 μονίας,
2355 803 2449 856 καὶ
2479 802 2574 856 τοῦ
2591 803 2636 836 ³⁸
2658 803 2947 874 Ῥωμαίων
2975 805 3071 859 τοῢ
3102 806 3242 876 πρὸς
3269 805 3702 868 τοὺςἸουδαίους

2102 895 2474 965 συρραγέντος
2530 895 2794 966 πολέμου,
2849 897 3038 963 ἑξάκις
3083 896 3550 967 κατεστράφησαν
3595 897 3702 950 ὑπὸ

2104 987 2213 1039 τῶν
2246 987 2524 1057 πολεμίων
2567 987 2637 1040 τὰ
2680 987 3049 1059 Ἰεροσόλυμα.
3112 989 3222 1043 Καὶ
3269 987 3428 1043 τοῦτο
3460 989 3699 1061 Ἰώσηπ-

2107 1092 2208 1140 πος
2245 1079 2451 1148 ἱστορεῖ
2474 1077 2670 1146 λέγων’
2714 1079 2877 1133 ’Ἔτει
2911 1078 3167 1150 δευτέρῳ
3183 1079 3293 1149 τῆς
3313 1083 3701 1135 Οὐεσπασια-

2104 1171 2218 1224 νοῦ
2235 1172 2280 1203 ⁹⁹
2305 1172 2651 1240 ἡγεμονίας,
2682 1172 2926 1227 ἁλοῦσα
2950 1172 3018 1225 δὲ
3042 1173 3142 1226 καὶ
3170 1174 3461 1241 πρότερον
3476 1173 3702 1226 πεντά-

2103 1280 2220 1328 κις,
2249 1262 2424 1316 τοῦτο
2439 1262 2724 1332 δεύτερον
2755 1263 3061 1332 ἠρημώθη.
3097 1265 3417 1334 Ἀσωχαῖος
3446 1266 3562 1334 μὲν
3591 1267 3703 1334 γὰρ

2105 1360 2138 1408 ὀ
2168 1355 2288 1408 τῶν
2324 1359 2662 1425 Αἰγυπτίων
2689 1358 3016 1424 βασιλεὺς,
3051 1360 3149 1412 καὶ
3178 1361 3306 1428 μετ’
3344 1360 3533 1414 αὑτὸν
3570 1361 3703 1412 Ἀν-

2105 1447 2329 1516 τίοχος,
2363 1450 2571 1504 ἔπειτα
2617 1451 2952 1520 Πομπήϊος,
2990 1452 3089 1504 καὶ
3147 1451 3246 1505 ἐπὶ
3300 1455 3537 1518 τούτοις
3579 1454 3706 1506 σὺν

425 1545 645 1613 Ἡρώδῃ
691 1549 950 1612 Σόσσιος
990 1547 1005 1576 ¹
1043 1546 1288 1611 ἑλόντες
1313 1544 1658 1612 ἐνέπρησαν
1686 1541 1803 1609 τὴν
1831 1543 2013 1596 πόλιν
2039 1561 2054 1576 ο
2095 1548 2206 1615 πρὸ
2224 1549 2293 1603 δὲ
2320 1552 2546 1606 τούτων
2580 1555 2612 1606 ὀ
2637 1550 2758 1607 τῶν
2784 1552 3183 1608 Βαϐυλωνίων
3212 1549 3516 1617 ,ϐασιλεὺς
3563 1565 3706 1617 κρα-

415 1638 604 1706 τήσας
627 1637 946 1710 ἠρήμωσεν
971 1637 1184 1704 αὑτήν.

491 1754 755 1822 Origenes
788 1765 1048 1825 praeterea
1083 1755 1197 1809 lucc
1225 1753 1356 1808 dicit.
1392 1772 1405 1807 :
1450 1754 1524 1809 De
1557 1752 1769 1808 Lazaro
1796 1754 1996 1824 301a
2031 1761 2074 1815 Β

420 1860 472 1903 et
517 1849 685 1903 divite
737 1847 967 1903 dubitari
1008 1857 1207 1917 potest,
1254 1847 1377 1902 aliis
1426 1847 1646 1916 quidem
1695 1846 1999 1916 simplicius

418 1943 620 1997 dictum
658 1941 1009 2011 putantibus,
1057 1940 1211 2010 quasi
1249 1939 1407 1993 ambo
1439 1940 1491 1993 in
1520 1939 1840 2009 corporibus
1884 1940 1998 1993 suis

418 2031 715 2102 assumptis
751 2032 914 2103 digna
960 2031 1120 2085 factis
1160 2031 1214 2084 in
1247 2030 1354 2083 vita
1385 2031 1608 2100 prtcmia
1643 2029 1995 2098 receperint:

418 2128 542 2182 aliis
579 2125 852 2191 subtilius,
888 2125 1037 2193 quia,
1089 2139 1213 2178 cum
1245 2131 1369 2192 post
1405 2123 1864 2177 resurrectionem
1911 2137 2001 2176 ne-

417 2236 506 2275 mo
541 2219 594 2274 in
623 2219 730 2273 vita
769 2218 1130 2287 relinquatur,
1169 2231 1275 2269 non
1319 2215 1638 2271 existimant
1667 2217 1782 2270 haec
1812 2216 1864 2270 in
1910 2231 1998 2271 re-

416 2312 758 2366 surrectione
801 2309 1112 2378 contigisse.
1165 2307 1306 2362 Dicit
1357 2308 1503 2360 enim
1553 2307 1704 2360 dives
1753 2327 1766 2362 :
1813 2307 2000 2361 Habeo

414 2407 640 2475 quinque
691 2403 905 2473 fratres,
954 2418 1015 2454 ue
1062 2412 1110 2454 et
1141 2401 1241 2469 ipsi
1297 2401 1506 2454 veniant
1560 2401 1614 2453 in
1657 2399 1829 2454 locum
1861 2401 2000 2452 hunc

417 2503 818 2561 tormentOrum,
851 2497 997 2549 mitte
1021 2494 1310 2560 Lazarum,
1351 2494 1441 2562 qui
1470 2495 1674 2548 nuntiet
1702 2493 1851 2558 ipsis.
1885 2508 2002 2562 quae

417 2594 501 2645 hic
533 2592 665 2659 ﬁunt
693 2589 743 2643 ἀ.
778 2588 1037 2656 ριιίετιιιιι
1069 2602 1200 2657 ergo
1235 2603 1329 2656 per
1356 2587 1471 2640 haec
1512 2585 1749 2657 linguam
1777 2597 1832 2638 et
1860 2585 2000 2654 digi-

421 2697 530 2739 tum
557 2695 610 2740 et
645 2684 797 2739 sinus
835 2682 1092 2747 Abrahae,
1123 2691 1174 2734 et
1227 2678 1668 2746 eompellationis
1707 2693 1920 2742 vocem,
1948 2687 2002 2731 et

418 2780 654 2834 fortasse
716 2779 942 2846 liguram
1001 2775 1147 2828 illam
1203 2788 1298 2828 seu
1355 2771 1589 2828 formam
1644 2773 1828 2826 statim
1877 2785 2002 2825 cum

420 2873 618 2925 animae
646 2883 898 2933 excessu,
931 2866 1168 2922 similem
1210 2866 1425 2935 corpori
1463 2879 1653 2920 crasso
1679 2873 1733 2919 et
1763 2872 2001 2918 terreno.

421 2964 529 3018 Res
557 2965 631 3016 ita
663 2969 839 3030 potest
872 2958 1095 3029 intelligi
1122 2970 1137 3010 :
1175 2957 1234 3012 Si
1266 2958 1488 3028 quando
1518 2955 1645 3026 quis
1672 2971 1740 3011 ex
1767 2957 2004 3010 mortuis

423 3065 682 3110 narratur
710 3052 1054 3122 apparuisse,
1093 3050 1306 3104 videtur
1333 3049 1386 3103 in
1427 3048 1590 3104 simili
1618 3047 1814 3112 forma,
1839 3061 2002 3117 quam

2173 1757 2294 1811 Ὅτι
2324 1759 2611 1832 Ὠριγὲνης
2639 1760 2766 1814 τάδε
2805 1759 2976 1829 φησί’
3015 1757 3155 1830 Περὶ
3185 1757 3240 1814 δὲ
3259 1759 3280 1789 '
3306 1755 3401 1810 τοῦ
3437 1757 3702 1828 Λαζάρου

2101 1852 2194 1903 καὶ
2223 1850 2317 1903 τοῦ
2345 1850 2602 1904 πλουσίου
2624 1852 2949 1923 ἀπορεῖσθαι
2983 1850 3352 1917 δύναται,τῶν
3375 1851 3477 1920 μὲν
3497 1852 3705 1908 ἀπλού-

2103 1945 2325 2014 στερον³
2377 1946 2641 2017 οἰομένων
2685 1945 2860 1998 ταῦτα
2917 1944 3190 2015 λελέχθαι,
3239 1943 3316 2009 ὡς
3362 1945 3702 2016 ἀμφοτέρων

2104 2037 2241 2106 μετὰ
2284 2035 2394 2090 τῶν
2435 2039 2702 2108 σωμάτων
2741 2036 3132 2109 λαμϐανόντων
3185 2035 3258 2090 τὰ
3297 2037 3427 2102 ἄξια
3481 2037 3594 2091 τῶν
3624 2038 3703 2108 τῷ

2103 2127 2204 2198 βίῳ
2251 2130 2676 2201 πεπραγμένων,
2707 2129 2818 2192 τῶν
2853 2130 2910 2184 δὲ
2937 2129 3350 2202 ἀκριϐέστερον,
3402 2131 3531 2184 ἐπεὶ
3564 2131 3704 2201 μετά

2099 2228 2201 2295 τὴν
2237 2227 2538 2281 ἀνάστασιν
2577 2227 2755 2291 οὐδεὶς
2802 2229 2859 2281 ὲν
2906 2224 3006 2298 βίῳ
3044 2227 3472 2286 καταλείπεται,
3497 2226 3601 2279 οὐκ
3646 2227 3704 2278 ὲν

2102 2324 2168 2392 τῇ
2213 2321 2505 2374 ἀναστάσει
2546 2319 2810 2389 οἰομένων
2844 2318 3018 2372 ταῦτα
3053 2319 3336 2388 γεγονέναι
3377 2317 3569 2387 (λέγει
3594 2318 3705 2390 γὰρ

2102 2415 2131 2464 ὁ
2157 2412 2442 2478 πλούσιος,
2475 2413 2558 2465 ὃτι
2591 2411 2780 2466 Πέντε
2816 2410 3124 2480 ἀδελφοὺς
3153 2411 3292 2480 ἔχω,
3324 2409 3424 2464 καὶ
3476 2410 3582 2462 ἵνα
3618 2411 3704 2480 μὴ

2103 2500 2363 2554 ἔλθωσιν
2419 2503 2507 2567 εις
2557 2500 2665 2554 τὸν
2717 2501 2909 2555 τόπον
2958 2501 3176 2555 τοῦτον
3223 2499 3337 2568 τῆς
3388 2500 3702 2565 βασάνου,

2104 2595 2346 2663 πέμψον
2366 2593 2632 2663 Λάζαρον
2657 2595 3121 2663 ἀπαγγέλλοντα
3147 2593 3352 2658 αὐτοῖς
3391 2596 3468 2648 τὰ
3497 2593 3707 2648 ἐνταῦ-

2105 2689 2223 2755 θα),
2270 2688 2364 2739 καὶ
2412 2686 2502 2739 διά
2551 2686 2799 2740 ’τούτων’⁵
2852 2684 3161 2756 ζητούντων
3190 2685 3290 2754 τὴν
3318 2684 3575 2752 γλῶσσαν
3607 2685 3706 2737 καὶ

2105 2778 2198 2830 τὸν
2251 2778 2514 2831 δάκτυλον
2568 2779 2832 2840 καὶτοὺς
2885 2778 3122 2838 κόλπους
3169 2777 3428 2847 Ἀϐραάμ
3481 2777 3581 2828 καὶ
3604 2775 3705 2827 rh

2105 2871 2390 2929 ἀνάκλισιν
2407 2871 2448 2923 ⁸.
2478 2871 2589 2924 Καὶ
2606 2871 2750 2941 τάχα
2771 2870 2832 2923 τὸ
2851 2871 2951 2940 τῆς
2963 2870 3144 2939 ψυχῆς
3179 2871 3296 2939 ἅμα
3317 2871 3385 2940 τῇ
3411 2867 3708 2937 ἀπαλλαγῇ

2109 2965 2316 3033 σχῆμα,
2339 2961 2587 3032 ὁμοειδὲς
2608 2961 2667 3014 ὃν
2694 2960 2773 3033 τῷ
2806 2963 2974 3031 παχεῖ
3003 2961 3099 3013 καὶ
3121 2959 3200 3029 τῷ
3221 2961 3242 2990 ⁸
3266 2959 3444 3029 γηΐνῳ
3465 2957 3707 3028 σώματι,

2106 3054 2328 3109 δύναται
2362 3054 2535 3116 οὕτως
2563 3052 2961 3124 λαμϐάνεσθαι.
2983 3051 3050 3105 Et
3081 3069 3213 3106 ποτε
3246 3049 3378 3120 γοῦν
3405 3050 3713 3122 ἱστορεῖται

424 3151 477 3201 in
516 3162 684 3203 carne
718 3145 926 3201 habuit.
967 3144 1174 3199 Deinde
1213 3142 1435 3216 samuel
1479 3155 1770 3212 apparens,
1800 3150 1860 3195 ut
1887 3155 2004 3194 ma-

2112 3163 2195 3210 τις
2223 3147 2330 3199 τῶν
2361 3123 2782 3216 κεκοιμημένων
2803 3143 3151 3214 φαινόμενος,
3177 3143 3362 3212 ὅμοιος
3379 3143 3398 3172 ⁷
3423 3140 3671 3210 ἑώραται
3690 3142 3713 3170 ⁸

425 3237 680 3294 nifestnm
724 3247 828 3299 est,
876 3234 1191 3306 spectabilis
1242 3235 1439 3302 probat
1478 3246 1538 3287 se
1581 3245 1811 3300 corpore
1843 3230 2007 3284 indu-

427 3339 540 3383 tum
592 3329 782 3383 fuisse.
829 3326 887 3380 Si
935 3325 1174 3380 maxime
1206 3320 1764 3377 demonstrationibus
1814 3334 2009 3388 urgea-

429 3434 552 3472 mur
577 3417 758 3482 fateri,
787 3417 984 3471 animm
1007 3424 1259 3470 naturam
1287 3414 1670 3483 incorpoream
1696 3425 1838 3476 esse,
1868 3409 2014 3464 hanc

425 3509 596 3564 videri
632 3503 1228 3579 [demonstrationem].
1267 3505 1375 3559 Sed
1399 3512 1452 3558 et
1489 3503 1642 3558 dives
1671 3503 1912 3572 punitus,
1955 3509 2010 3555 et

426 3617 632 3672 pauper
666 3601 718 3656 in
747 3601 867 3654 sinu
899 3599 1176 3654 Abraham
1220 3597 1576 3666 requiescens
1605 3605 1732 3649 ante
1761 3594 2010 3650 Salvato-

430 3692 505 3746 ris
542 3693 856 3755 adventum,
895 3699 950 3745 et
983 3699 1114 3742 ante
1153 3685 1684 3741 consummationem
1725 3683 1930 3749 saaculi,
1954 3693 2008 3738 et

426 3796 718 3853 propterea
770 3791 896 3835 ante
940 3777 1424 3840 resurrectionem,
1461 3777 1587 3830 dum
1635 3775 1888 3830 dicuntur
1923 3773 2011 3827 hic

429 3877 647 3945 quidem
667 3875 806 3944 apud
831 3871 1034 3926 inferos
1064 3868 1268 3940 puniri,
1291 3865 1382 3922 ille
1403 3881 1532 3921 vero
1560 3867 1614 3920 in
1638 3864 1757 3920 sinu
1778 3865 2012 3919 Abrahae

430 3970 814 4038 requiescere,
880 3966 1076 4021 docent
1124 3964 1287 4018 etiam
1344 3975 1489 4018 nunc
1548 3970 1670 4030 post
1722 3974 2010 4015 excessum

429 4075 460 4112 e
491 4060 599 4112 vita
651 4057 886 4110 animam
937 4069 1169 4126 corpore
1212 4054 1312 4107 uti.
1371 4054 1452 4106 Ad
1501 4053 1618 4108 haec
1670 4054 1755 4106 vir
1789 4063 2012 4107 sanctus

435 4149 746 4215 respondet,
810 4150 1034 4218 ﬁguram
1094 4147 1257 4201 aliam
1307 4147 1423 4201 visu
1471 4145 1704 4200 similem
1767 4145 2011 4200 sensibili

429 4245 580 4312 huic,
627 4244 866 4298 animam
918 4252 1036 4312 post
1079 4243 1494 4311 emigrationem
1528 4256 1596 4295 ex
1637 4241 1740 4295 hac
1785 4242 1892 4294 vita
1926 4241 2015 4296 ha-

428 4336 589 4398 bere;
657 4334 892 4387 animam
943 4333 1324 4401 incorpoream
1356 4331 1636 4400 professus
1669 4331 1736 4385 ad
1767 4329 2010 4384 Platoni-

430 4442 548 4480 cam
599 4423 713 4480 fere
756 4421 1022 4499 rationem
1072 4422 1287 4478 deﬁnit.
1318 4420 1456 4476 Dum
1505 4421 1649 4476 enim
1700 4420 1833 4476 dicit
1863 4421 2009 4475 illam
2046 4453 2090 4508 υ

431 4525 554 4584 post
581 4531 866 4570 excessum
897 4529 965 4567 ex
1011 4514 1111 4567 hac
1146 4514 1254 4567 vita
1283 4511 1533 4566 vehiculo
1564 4525 1724 4582 egere
1749 4521 1806 4566 et
1839 4521 2013 4578 veste,

429 4623 494 4663 eo
541 4607 686 4678 quod
736 4608 878 4661 nuda
932 4604 1315 4673 comprehendi
1374 4603 1614 4659 tenerive
1660 4617 1764 4657 non
1813 4606 2005 4673 possit,

430 4701 702 4770 quomodo
743 4715 872 4770 ergo
901 4714 995 4770 per
1037 4713 1096 4753 se
1125 4713 1233 4752 non
1262 4697 1338 4751 sit
1361 4697 1726 4765 incorporea?
1753 4694 1891 4751 Cum
1918 4713 2016 4751 au-

432 4811 540 4856 tem
568 4800 898 4869 incorporea
948 4796 1042 4861 sit,
1085 4794 1362 4866 quomodo
1388 4809 1495 4870 non
1527 4807 1730 4864 expers
1765 4792 1869 4848 erit
1897 4789 2018 4862 [per

429 4888 513 4962 se]
590 4889 930 4959 passionum,
1013 4903 1108 4942 seu
1163 4886 1458 4940 dolorum?
1491 4871 1815 4940 ‘Comitatur
1867 4884 2012 4937 enim

432 4983 627 5052 ipsam,
681 4981 726 5035 si
762 4979 1079 5050 incorporea
1131 4979 1224 5042 sit,
1259 4979 1334 5030 uti
1382 4992 1481 5031 nec
1517 4977 1648 5046 pati,
1701 4990 1800 5030 nec
1832 4974 2008 5028 teneri

428 5074 624 5144 possit.
659 5071 803 5142 Ergo
842 5071 887 5125 si
919 5070 1363 5138 concupiscentia
1406 5066 1711 5121 irrationali
1757 5065 1898 5120 nulla
1931 5081 2018 5118 ra-

435 5167 582 5222 tione
619 5163 722 5219 fuit
751 5172 916 5228 tacta,
980 5178 1152 5230 neque
1191 5160 1437 5229 corporis
1469 5158 1701 5214 dolentis
1731 5159 2016 5228 patientis-

499 5301 528 5340 ἀ
561 5299 695 5356 Luc.
731 5315 846 5364 τινι,
874 5299 966 5364 27,
1002 5298 1092 5353 28.

507 5513 553 5544 ’⁵
579 5509 762 5563 αὐτῶν
783 5510 833 5562 ’Β
865 5527 925 5574 ς.

2111 3237 2190 3308 τῷ
2219 3239 2307 3291 ὅτε
2337 3238 2435 3309 τὴν
2501 3237 2683 3306 σάρκα
2714 3231 2828 3306 εἶχε
2877 3236 3140 3306 σχήματι.
3192 3228 3349 3298 Εἶτα,
3379 3232 3523 3290 ἀλλά
3554 3231 3656 3285 καὶ
3683 3234 3716 3285 ὁ

2112 3329 2369 3400 Σαμουὴλ
2435 3330 2780 3400 φαινόμενος,
2840 3327 2916 3390 ὡς
2961 3327 3121 3399 δῆλόν
3172 3329 3342 3391 ἐστιν,
3404 3326 3602 3395 ὁρατὸς
3636 3323 3716 3377 ὢν

2113 3423 2443 3494 παρίστησιν
2483 3424 2567 3476 ὅτι
2590 3421 2751 3491 σῶμα
2781 3419 3116 3490 περιέκειτο,
3161 3418 3397 3489 μάλιστα
3420 3417 3519 3471 ἐὰν
3548 3418 3715 3484 ἀναγ-

2113 3514 2408 3584 κασθῶμεν
2441 3514 2546 3567 ὑπὸ
2597 3514 2705 3567 τῶν
2736 3511 3066 3577 ἀποδείξεων
3094 3511 3194 3582 τὴν
3248 3510 3438 3564 οὐσίαν
3470 3508 3577 3578 τῆς
3606 3509 3715 3578 ψυ-

2114 3608 2215 3678 χῆς
2262 3606 2554 3677 ἀσώματον
2591 3601 2733 3659 εἶναι
2791 3603 2914 3658 καθ’
2963 3604 3165 3674 ἑαυτὴν
3206 3603 3228 3634 ⁹
3288 3600 3712 3671 ἀποφήνασθαι.

2128 3699 2290 3752 Ἀλλὰ
2319 3699 2415 3751 καὶ
2444 3700 2471 3752 ὁ
2505 3696 2871 3768 κολαζόμενος
2923 3695 3181 3758 πλούσιος
3211 3693 3302 3748 καὶ
3328 3694 3356 3745 ὁ
3390 3693 3450 3746 ὲν
3483 3691 3716 3752 κόλποις

2127 3789 2221 3843 Ἀ6
2231 3789 2378 3860 ραὰμ
2396 3789 2563 3856 πένης
2585 3787 3018 3855 ἀναπαυόμενος,
3039 3784 3145 3854 πρὸ
3171 3784 3271 3853 τῆς
3285 3781 3600 3852 παρουσίας
3615 3779 3714 3833 τοῦ

2116 3879 2370 3950 Σωτῆρος
2402 3877 2497 3931 καὶ
2532 3877 2638 3948 πρὸ
2653 3879 2752 3948 τῆς
2776 3875 2904 3948 [495
2931 3873 3022 3947 Η.]
3051 3872 3363 3936 συντελείας
3384 3870 3478 3924 τοῦ
3507 3871 3717 3935 αἰῶνος

2117 3969 2214 4022 καὶ
2253 3968 2340 4022 διὰ
2379 3968 2535 4022 τοῦτο
2558 3969 2664 4039 πρὸ
2700 3969 2800 4039 τῆς
2826 3967 3199 4029 ἀναστάσεως,
3220 3963 3504 4032 λεγόμενοι
3539 3963 3568 4014 ὁ
3606 3963 3710 4032 μὲν

2116 4062 2175 4113 ἐν
2201 4058 2329 4130 ᾅδου
2353 4058 2742 4125 κολάξεσθαι,ὁ
2758 4057 2815 4112 δὲ
2839 4060 2898 4111 ὲν
2913 4057 3134 4119 κόλποις
3149 4054 3402 4126 Ἀϐραὰμ
3427 4053 3717 4107 ἀναπαύε-

2118 4147 2262 4212 σθαι,
2323 4147 2667 4200 διδάσκουσιν
2707 4147 2791 4200 ὅτι
2835 4147 2931 4200 καὶ
2987 4143 3080 4198 νῦν
3107 4145 3150 4176 ¹⁰
3169 4147 3236 4214 τῇ
3271 4142 3566 4212 ἀπαλλαγῇ
3605 4143 3716 4195 σώο

2121 4257 2252 4310 ματι
2281 4241 2478 4309 χρῆται
2500 4240 2535 4309 ἠ
2562 4239 2732 4309 ψυχή.
2762 4237 2911 4308 Πρὸς
2942 4237 3118 4291 ταῦτα
3140 4239 3168 4290 ὁ
3203 4237 3359 4304 ἆγιος
3393 4236 3522 4289 τῶε
3550 4236 3713 4305 φησί’

2117 4332 2313 4403 Σχῆμα
2337 4331 2464 4385 ἄλλο
2493 4331 2739 4402 ὁμοειδὲς
2757 4333 2798 4363 ¹¹
2819 4330 2899 4401 τῷ
2923 4328 3171 4400 αἰσθητῷ
3198 4328 3374 4398 τούτῳ
3423 4328 3565 4395 μετὰ
3611 4329 3717 4396 τὴν

2118 4424 2367 4479 ἐντεῦθεν
2392 4423 2656 4494 ἐκδημίαν
2682 4423 2828 4494 ἔχειν
2854 4421 3224 4492 ἐκτιθέμενος.
3247 4419 3344 4491 τὴν
3363 4418 3544 4490 ψυχὴν
3563 4417 3722 4472 ἀσώ-

2121 4535 2289 4589 ματον
2330 4516 2435 4569 ὑπό
2459 4514 2896 4578 τιΠλατωνικῶς
2947 4515 3314 4584 ἀποφαίνεται
3343 4512 3539 4582 αὐτήν.
3577 4511 3716 4563 To“

2117 4609 2226 4678 γὰρ
2263 4609 2358 4661 καὶ
2388 4609 2525 4675 μετά
2559 4605 2656 4676 τὴν
2685 4605 2792 4657 ἀπὸ
2815 4603 2910 4657 τοῦ
2939 4604 3144 4674 κόσμου
3187 4601 3551 4670 ἁποφοίτησιν
3579 4600 3720 4670 ὀχή-

2121 4716 2290 4770 ματος
2346 4697 2514 4769 αὐτὴν
2543 4695 2751 4751 δεῖσθαι
2782 4697 2875 4750 καὶ
2926 4693 3222 4766 περιϐολῆς
3281 4692 3486 4760 λέγειν,
3540 4691 3621 4755 ὡς
3651 4691 3716 4744 οὐ

2117 4792 2424 4863 δυναμένην
2473 4789 2877 4860 κατασχεθῆναι
2937 4787 3172 4859 γυμνὴν,
3231 4785 3348 4849 πῶς
3368 4786 3468 4838 οὐκ
3495 4785 3563 4838 ἂν
3586 4784 3717 4837 καθ’

2121 4886 2320 4956 ἑαυτὴν
2365 4883 2656 4952 ἀσώματον
2683 4882 2728 4914 ¹⁸
2780 4881 2905 4949 ein;
2955 4878 3087 4951 [959.
3133 4875 3225 4950 ἢ]
3309 4874 3722 4946 Ἀσώματοςδὲ

2123 4973 2258 5030 οὖσα
2321 4975 2439 5039 πῶς
2504 4974 2604 5026 οὐκ
2647 4972 2802 5026 ἔσται
2835 4971 2880 5002 ¹¹⁵
2927 4973 3023 5026 καὶ
3072 4969 3422 5032 ἀνεπίδεκτος
3474 4967 3716 5028 παθῶνς

2123 5069 2407 5123 ἀκολουθεῖ
2462 5069 2571 5137 γὰρ
2601 5065 2680 5138 τῷ
2709 5066 3002 5132 ἀσώματον
3069 5064 3240 5134 αὐτὴν
3285 5064 3557 5132 ὑπάρχειν
3619 5061 3722 5113 καὶ

2123 5164 2183 5216 τὸ
2243 5163 2426 5232 ἀπαθῆ
2471 5157 2609 5213 εἶναι
2663 5161 2760 5214 καὶ
2811 5160 3252 5230 ἀπερίσπαστον.
3312 5157 3376 5209 Εἰ
3437 5155 3541 5224 μὲν
3620 5147 3723 5205 οὖν

1737 5385 1973 5443 νΑΙὶΙᾹΞ
2007 5387 2301 5444 LECTION
2313 5389 2414 5443 ES.

1021 5508 1066 5538 "
1089 5505 1583 5577 Ναϐουχοδονόσωρ
1604 5505 1670 5559 Α.
1747 5502 1792 5534 ’⁷
1839 5504 2124 5576 Ἀσυρίους
2146 5507 2208 5560 Α.

2296 5505 2341 5538 ⁸⁸
2364 5505 2484 5577 τοῦ]
2505 5505 2615 5558 τῶν
2651 5507 2725 5577 B._
2790 5507 2841 5538 9’
2870 5500 3275 5577 Οὐεσπεσιανοῦ
3430 5502 3472 5577 _'
3509 5500 3727 5577 Σὼσιος

436 5581 479 5633 Β
504 5598 564 5646 ς.
641 5583 661 5611 ⁸
691 5579 750 5632 δὲ
773 5567 897 5634 add:
925 5577 1034 5632 AB.
1112 5579 1133 5609 ³
1161 5567 1645 5649 ἁπλουστέρων-ε]
1680 5588 1822 5649 mox__
1843 5567 2250 5647 ἀκριόεστῖἐρων
2290 5576 2381 5629 ΑΒ
2432 5567 2728 5649 Δίτούτων]
2763 5577 2943 5630 malim
2973 5575 3154 5649 τοῦτο.
3230 5575 3251 5605 ⁵
3288 5570 3577 5649 ἀνάκλισιν
3616 5567 3722 5649 BH:

436 5651 736 5718 ἀνάκλησιν
763 5667 824 5712 ς.

437 5805 531 5853 τος
554 5788 596 5843 Β
617 5799 672 5845 ει
696 5787 936 5844 ουι·1’.Ἀ.
1015 5789 1056 5820 ³⁷⁸
1083 5788 1258 5859 ἔσται]
1288 5790 1352 5842 ἂν
1385 5787 1494 5844 ΑΒ.

913 5649 935 5722 ἦ
957 5649 1035 5718 τῷ
1058 5660 1182 5722 ante
1208 5647 1380 5722 γηΐνῳ
1401 5636 1522 5722 add.
1557 5647 1667 5722 ΑΒ.
1709 5636 2185 5722 ’ξεστορείται--έ-
2201 5650 2386 5722 ὅμοιος
2416 5645 2520 5722 ΑΒΔ
2544 5636 2876 5722 εμίστόρητ-αι
2899 5677 2969 5687 -
2992 5645 3197 5722 ὁμοίως
3224 5660 3286 5722 g_.
3302 5714 3324 5722 Δ
3363 5644 3386 5674 ⁸
3405 5643 3622 5722 Δόρᾷται
3655 5636 3726 5691 Β.

439 5724 460 5752 ⁸
485 5721 604 5790 καθ’
637 5713 860 5790 ἑαυτήν]
886 5713 1017 5773 Ιίὺτῖ
1049 5721 1143 5771 καὶ
1172 5713 1394 5790 ταυτην.
1436 5718 1518 5790 μ¹⁰
1551 5718 1645 5772 καὶ
1675 5713 1794 5784 νῦν]
1823 5713 1931 5772 imo
1962 5718 2055 5772 καὶ
2087 5720 2144 5773 ἐν
2175 5713 2255 5773 vel
2283 5718 2406 5771 κάν.
2485 5718 2526 5748 ¹¹
2559 5713 2854 5787 ὁμοιοειδές
2889 5735 2947 5781 ς.

3029 5709 3070 5749 ⁵³
3095 5730 3166 5772 an
3209 5714 3326 5784 τῷτ
3405 5709 3735 5781 ’³’ἀσώμαο
