1982 3123
137 111 203 145 113³1
237 127 247 134 ·

651 111 918 142 BIBLIOTHECA.
931 122 966 128 —
983 109 1066 140 COD.
1084 108 1245 140 CCXXXV.

1699 105 1767 147 1138

134 168 186 196 ὑπὸ
212 168 311 202 ἀλόγου
331 167 361 194 οὗ
394 166 556 202 παρείλκετο
575 167 643 199 ὅλως
673 166 833 201 ἐπιθυμίας,
863 165 923 193 οὐδὲ

988 173 1028 200 [ue
1050 172 1130 192 sensu
1152 164 1207 191 ullo
1224 163 1274 191 fuit
1292 167 1374 196 tacta,
1392 162 1465 198 (nam
1488 161 1678 196 incorporeum
1699 171 1768 196 quo-

134 213 374 250 συμμετεϐάλλετο
389 213 518 247 ἀλγοῦντι
548 214 596 240 καὶ
610 213 791 248 πάσχοντιτῷ
816 212 924 247 σώματι

132 261 288 296 (ἀσώματον
313 259 370 295 γὰρ
397 259 535 294 σώματιῆ
560 259 641 294 σῶμα
667 259 807 294 ἀσωμάτῳ
829 258 880 285 οὐκ
892 258 925 285 ἀν

131 313 196 332 ποτε
219 304 389 340 συμπείθοι),
418 303 483 340 ἦν¹⁵
511 304 545 331 ἂν
572 304 719 340 ἀσώματον
742 304 816 337 δόξαι
841 303 926 338 αὐτὴν

132 351 287 383 ἀκολούθως
317 351 375 383 τοῖς
400 351 569 386 εἰρημένοις.
586 350 618 377 EE
644 351 672 377 δὲ
704 350 861 386 συμπάσχοι
887 350 926 385 τῷ

132 396 249 433 σώματι,
278 397 406 431 καθάπερ
419 397 466 424 καὶ
478 397 522 423 διὰ
538 397 589 432 τῆς
606 397 855 432 ὲπιμαρτυρήσεως
872 396 926 422 τῶν

132 442 304 478 φαινομένων
328 442 535 474 ἀποδείκνυται,
558 442 705 477 ἀσώματος
715 441 827 468 εἶναιού
844 442 925 468 δύνα-

132 497 186 515 ται.
208 488 242 515 Ἦ
252 489 318 522 γοῦν
333 489 465 523 ἀγένητος
478 489 505 505 ¹⁸
522 489 569 515 καὶ
584 488 711 524 ἀνενδεὴς
722 488 771 515 καὶ
783 488 928 523 ἀκάματος

133 535 215 569 φύσις
228 535 242 561 ὸ
258 535 326 567 Θεὸς
349 536 428 570 μόνος
446 535 550 571 ᾄδεται,
576 535 791 570 ἀσώματος-ὣν,
813 535 854 562 διὸ
881 535 928 562 καὶ

134 582 259 616 ἀόρατος·
271 581 337 608 Θεὸν
345 581 400 616 γὰρ
409 581 497 613 οὐδεὶς
507 581 640 617 ἑώρακεν.
654 582 688 608 Ai
698 581 727 608 δὲ
739 581 825 617 ψυχαὶ
841 581 894 608 ὑπὸ
906 582 927 597 ¹⁷

134 627 180 654 τοῦ
195 626 370 662 Δημιουργοῦ
393 627 440 653 καὶ
460 627 566 662 Πατρὸς
581 626 634 653 τῶν
646 627 726 659 ὅλων,
740 626 855 661 σώματα
871 635 929 653 νοε-

137 672 170 706 ρὰ
183 671 365 708 ὑπάρχουσαι,
378 672 419 704 εἰς
432 665 504 707 λόγῳ
519 671 645 707 θεωρητὰ
654 671 722 706 μέλη
729 671 929 706 διακεκόσμην-

134 727 190 750 ται,
203 718 307 753 ταύτην
322 717 452 745 λαϐοῦσαι
476 717 526 754 τὴν
540 717 716 744 διατύπωσιν.
732 717 814 744 Ὅθεν
839 717 885 744 καὶ
899 718 928 743 ὲν

135 764 174 800 τῷ
185 764 248 801 ᾅδῃ,
264 764 390 801 καθάπερ
398 765 445 792 καὶ
459 765 509 792 ἐπὶ
523 765 571 792 τοῦ
583 765 710 801 Λαζάρου
723 765 771 792 καὶ
785 764 832 791 τοῦ
847 765 929 790 πλου-

137 810 265 841 σίου.καὶ
277 810 405 845 γλῶσσαν
427 811 474 837 καὶ
501 810 634 838 δάκτυλον
650 811 697 837 xui.
710 810 745 837 τὰ
760 810 828 837 ἄλλα
859 809 928 845 μέλη

977 211 1057 238 modo
1071 211 1195 245 corporis
1209 218 1302 242 sensu,
1318 213 1365 236 aut
1375 215 1477 243 corpus
1497 207 1650 242 incorporei
1667 207 1766 236 ail‘ectu

977 256 1134 292 tangatur?)
1152 256 1275 290 sequitur
1297 255 1493 283 convenienter
1522 253 1660 288 praedictis
1676 259 1703 280 ut
1723 254 1766 281 in-

976 310 1107 338 corporea
1123 309 1184 330 esse
1201 302 1335 329 videatur.
1355 301 1383 328 Si
1409 305 1499 328 autem
1515 307 1577 328 cum
1589 307 1702 334 corpore
1718 307 1767 334 pa-

978 351 1071 382 tiatur,
1088 348 1315 383 quemadmodum
1331 347 1430 382 301b
1448 353 1482 373 ex
1515 346 1549 373 iis
1569 345 1614 381 qui
1635 353 1770 380 apparue-

978 401 1041 422 runt
1068 395 1271 429 comprobatur,
1306 394 1466 427 incorporea
1492 400 1553 419 esse
1583 399 1636 419 non
1667 396 1768 426 potest.

978 440 1049 475 Ergo
1061 440 1136 467 solus
1156 440 1226 466 Deus
1248 444 1343 466 natura
1360 438 1490 473 ingenita,
1509 437 1609 464 nullius
1630 437 1767 472 indigens.

977 491 1005 513 et
1027 486 1162 513 indefessa
1193 493 1242 512 nec
1268 485 1415 519 fatigabilis
1440 485 1614 519 praedicatur,
1630 484 1688 519 qui,
1707 491 1769 510 cum

978 531 1155 565 incorporeus
1168 531 1215 563 sit,
1228 535 1371 564 propterea
1384 534 1426 557 est
1438 529 1591 557 invisibilis.
1603 529 1686 556 Detnu
1697 530 1769 555 enim

979 585 1059 604 nemo
1075 577 1158 610 vidit;
1176 577 1273 603 animm
1290 584 1353 603 vero
1369 576 1426 610 (79)
1448 584 1462 602 a
1480 576 1561 602 Patre
1580 575 1768 602 universorum

978 631 1092 658 corpora
1101 623 1244 650 rationalia
1252 623 1377 655 conditae,
1388 623 1413 649 in
1423 623 1543 649 membra
1559 623 1665 656 ratione
1679 623 1770 657 pert-i-

981 667 1077 702 pienda
1092 671 1242 700 exornatae.
1265 667 1335 694 hanc
1355 668 1469 703 ﬁguram
1496 672 1659 702 acceperunt
1679 669 1771 695 :unde

981 712 1051 746 apud
1075 711 1187 745 inferos,
1209 716 1238 739 ut
1263 713 1290 740 in
1306 712 1410 740 Lazaro
1435 717 1462 740 et
1485 713 1568 740 divite
1587 712 1640 749 [est
1664 713 1768 750 videre]

981 758 1111 793 linguam,
1134 764 1161 786 et
1176 759 1300 794 digitum,
1320 765 1347 786 et
1356 759 1408 786 alia
1425 761 1546 786 membra
1562 760 1662 787 habere
1677 760 1772 787 dicun-

983 809 1036 837 tur,
1056 813 1109 832 non
1135 806 1207 840 quod
1236 805 1354 833 alienum
1382 813 1482 839 corpus
1498 814 1559 834 cum
1586 806 1640 833 illis
1659 807 1773 834 exsistat

138 856 308 892 ἱστοροῦνται
330 856 414 892 ἔχειν,
436 857 485 891 οὐχ
501 856 539 888 ὡς
551 855 677 891 σώματος
688 856 783 891 ἑτέρου
793 854 929 890 συνυπάρ-

988 851 1108 884 informe,
1125 852 1171 879 sed
1187 852 1259 886 quod
1279 853 1343 886 ipsae
1358 852 1466 886 anima,
1483 853 1517 879 ab
1530 852 1602 879 omni
1616 857 1772 886 legumento

137 911 232 938 χοντος
243 902 339 934 αὑταῖς
351 901 468 934 ἀειδοῦς,
481 902 538 928 ἀλλ’
554 903 595 929 ὅτι
615 902 696 928 αὑταὶ
707 902 729 918 ¹⁸
743 901 822 936 φύσει
835 901 864 928 αἱ
877 901 928 935 ψυ-

137 949 194 984 χαὶ,
206 949 307 980 παντὸς
324 949 565 984 ἀπογυμνωθεῖσαι
579 948 793 984 περιϐλήματος.
807 948 929 975 τοιαῦται

137 995 208 1022 κατά
221 995 271 1030 τὴν
287 995 381 1022 οὐσίαν
395 995 574 1030 ὑπάρχουσιν.

178 1042 243 1069 Ὀτι
257 1043 339 1078 φησὶν
356 1043 370 1069 ὁ
383 1043 460 1077 ἅγιος
473 1044 501 1069 ὲν
512 1043 679 1073 τέλει,Ὢστε
694 1043 733 1075 τὸ,
746 1043 797 1069 Διὰ
809 1041 897 1069 τοῦτο
908 1043 928 1058 ¹⁹

137 1088 268 1122 Χριστὸς
293 1089 436 1122 ἀπέθανε,
464 1088 625 1124 λεγόμενον,
652 1090 704 1115 ἵνα
740 1088 856 1119 ζώντων
881 1088 930 1115 καὶ

136 1135 255 1169 νεκρῶν
275 1136 435 1170 κυριεύσῃ,
455 1136 502 1162 ἐπὶ
532 1135 587 1163 τῶν
614 1136 709 1171 ψυχῶν
732 1135 781 1163 καὶ
802 1135 850 1162 ἐπὶ
876 1135 930 1162 τῶν

138 1180 276 1215 σωμάτων
301 1181 506 1216 παραληπτέον,
535 1181 646 1213 ζώντων
669 1181 720 1217 μὲν
743 1181 799 1208 τῶν
823 1181 928 1217 ψυχῶν,

137 1226 207 1254 καθὸ
222 1227 362 1259 ἀθάνατοι,
381 1227 485 1263 νεκρῶν
502 1228 531 1255 δὲ
547 1227 603 1254 τῶν
615 1228 761 1262 σωμάτων.

174 1273 239 1301 Ὅτι
262 1274 287 1300 εί
314 1274 481 1310 τιμιώτερον
495 1274 576 1310 σῶμα
592 1273 738 1310 ἀνθρώπου
762 1274 816 1301 τῶν
841 1274 931 1301 ἄλλων

138 1319 229 1353 ζώων,
245 1320 374 1356 δτιχερσί
388 1329 417 1347 τε
435 1320 503 1348 Θεοῦ
518 1320 629 1354 λέγεται
646 1320 804 1346 πεπλάσθαι
825 1319 873 1346 καὶ
889 1320 931 1347 ὃτι

138 1366 304 1401 τιμιωτέρου
325 1366 374 1402 τῆς
399 1366 520 1402 ψυχῆς¹⁰
536 1366 687 1401 τετύχηκεν
708 1366 930 1401 ὸ)ιήμσιτος’¹-²²,

138 1411 201 1443 πῶς
214 1411 293 1438 τοῦτο
307 1411 357 1446 μὲν
364 1411 558 1446 ὀλιγοχρόνιον,
576 1410 680 1444 ἀλόγων
696 1410 725 1437 δέ
741 1419 822 1437 τινων
841 1410 932 1446 πολλῷ

138 1456 421 1492 πολυχρονιώτερα;ἢ
435 1456 515 1490 δῆλον
530 1456 568 1488 ὡς
589 1457 605 1491 ἠ
621 1455 719 1482 τούτου
753 1455 931 1492 πολυχρόνιος

140 1502 260 1538 ὖπαρξις
275 1502 345 1538 μετά
358 1502 408 1538 τὴν
419 1502 568 1529 ἀνάστασιν
584 1501 673 1529 ἔσται,

501 1634 586 1662 ΣΛΕ’.

144 1680 202 1708 τοῦ
216 1679 310 1708 αὐτοῦ
327 1680 394 1715 περὶ
410 1680 470 1708 τῶν
483 1679 618 1733 τετητῶκν
631 1680 744 1727 ἐῖκλογὴ
765 1679 841 1707 κατὰ
859 1680 936 1707 σύν-

499 1722 583 1749 οΨιν.
645 1722 649 1727 '

187 1759 358 1795 ’Δνεγνώσθη
376 1760 409 1787 ὲκ
424 1760 472 1787 τοῦ
501 1760 580 1794 ἁγίου
606 1760 745 1796 μάρτυρος
769 1760 901 1787 Μεθοδίου
915 1761 937 1776 ⁸³

143 1807 193 1832 καὶ
207 1806 360 1833 ἐπισκόπου
371 1806 420 1833 τοῦ
438 1806 503 1842 περὶ
521 1806 576 1833 τῶν
591 1806 715 1842 γενητῶν
725 1807 759 1839 ’³,
771 1806 872 1841 ἐκλογὴ
888 1815 937 1833 κα-

144 1852 182 1879 τὰ
191 1852 314 1887 σύνοψιν.
377 1864 388 1867 -
787 1872 796 1881 η

182 1899 245 1926 Ὅτι
259 1899 301 1932 τὸ,
315 1899 364 1933 Μὴ
379 1898 497 1933 βάλητε
505 1899 528 1916 ’⁸
541 1898 575 1926 τὸ
588 1898 674 1934 ἅγιον
689 1899 752 1932 τοῖς
764 1899 848 1932 κυσὶ,
861 1900 940 1935 μηδὲ

144 1945 219 1978 τοὺς
239 1946 419 1979 μαργαρίτας
443 1944 528 1980 ὑμῶν
550 1945 724 1979 ἔμπροσθεν
737 1945 797 1972 τῶν
814 1946 937 1980 χοίρων,

146 1991 324 2027 μαργαρίτας
341 1991 390 2026 μὲν
405 1991 453 2018 τοῦ
474 1990 590 2023 ξενῶνος
603 1991 626 2006 ’⁸
634 1991 676 2018 τά⁸
684 1991 876 2027 μυστικώτερα
889 1992 940 2025 τῆς

146 2037 291 2064 Θεοσδάτου
318 2036 467 2073 θρησκείας
497 2034 750 2071 ὲκλαμϐιὶνονιςος¹⁷
776 2037 939 2073 μαθήματα,

145 2083 259 2119 χοίρους
278 2082 307 2109 δὲ
332 2083 397 2114 τοὺς
417 2081 462 2109 ἐτι
478 2082 592 2118 ἀσεϐείᾳ
619 2081 667 2108 καὶ
682 2082 789 2117 ἡδοναῖς
817 2081 940 2119 [49411.]

145 2128 293 2161 παντοίαις
307 2128 385 2163 δίκην
400 2128 500 2163 χοίρων
515 2128 545 2154 ὲν
564 2127 687 2163 βορϐόρῳ
713 2127 942 2163 καλινδουμένους

148 2173 268 2213 (τούτοις
279 2174 334 2209 γάρ
345 2173 472 2210 εἰρῆσθαι
487 2173 564 2209 παρὰ
577 2173 697 2209 Χριστοῦ
710 2173 786 2207 ἔλεγε
796 2173 835 2209 μὴ
848 2183 940 2209 παρα-

147 2220 242 2247 ϐαλεῖν
258 2220 294 2247 τὰ
311 2220 372 2247 θεῖα
387 2220 550 2256 μαθήματα,
565 2220 609 2246 διὰ
624 2220 655 2246 τὺ
672 2220 709 2256 μὴ
725 2219 856 2246 δύνασθαι
871 2220 941 2247 αὐτὰ

148 2268 256 2302 φέρειν,
266 2267 314 2294 (tu
325 2268 358 2302 τῇ
368 2266 483 2302 ἀσεϐείᾳ
492 2266 540 2293 καὶ
552 2267 613 2297 ταῖς
627 2266 738 2307 ἀγρίαις
748 2265 855 2301 ἡδοναῖς
870 2274 939 2301 προ-

188 2332 200 2346 ο
217 2326 297 2355 Rom.
315 2335 376 2361 xw,
388 2328 414 2356 9-
454 2329 464 2348 ί
481 2328 577 2356 Matth.
599 2335 648 2361 vn,
664 2327 691 2355 6.

983 898 1090 925 "nudatae
1116 906 1165 933 per
1186 907 1216 926 se
1239 904 1335 926 natura
1354 906 1400 926 sua
1419 899 1567 926 secumlum
1591 899 1772 926 substantiam

983 944 1051 971 tales
1065 945 1130 971 sint.

1021 1036 1102 1062 Addit
1125 1036 1150 1062 in
1167 1036 1219 1062 tlne
1242 1036 1284 1063 vir
1301 1042 1424 1068 sanctus,
1442 1036 1508 1064 illud
1532 1037 1633 1065 dictum
1650 1046 1658 1064 :
1679 1037 1711 1065 In
1727 1038 1774 1065 hoc

984 1081 1105 1108 Christus
1123 1087 1244 1109 mortuus
1259 1087 1342 1110 estut
1359 1083 1478 1110 vivarum
1494 1088 1518 1110 et
1542 1089 1708 1110 mortuorum
1722 1087 1774 1111 do-

985 1128 1099 1155 minetur
1117 1133 1141 1160 °,
1157 1128 1191 1155 de
1209 1129 1351 1156 animabus
1366 1134 1393 1156 et
1408 1130 1574 1164 corporibus
1588 1130 1774 1165 accipiendum

985 1181 1057 1207 esse,
1080 1174 1148 1201 vivis
1168 1174 1271 1202 scilicet
1289 1175 1444 1207 animabus,
1456 1178 1549 1210 utpote
1563 1175 1773 1211 immortalibus,

985 1220 1099 1247 mortuis
1113 1228 1176 1247 vero
1189 1221 1359 1255 corporibus.

1021 1265 1097 1299 Quod
1113 1266 1136 1293 si
1148 1265 1203 1302 (80)
1218 1273 1316 1300 corpus
1327 1266 1472 1294 humanum
1484 1267 1605 1294 omnium
1618 1267 1775 1295 animalium

985 1311 1097 1339 aliorum
1123 1313 1284 1347 corporibus
1308 1318 1349 1340 est
1371 1312 1498 1345 nobilius,
1520 1313 1582 1348 quia
1610 1313 1694 1348 ipsius
1721 1313 1769 1341 Dei

986 1359 1113 1386 manibus
1136 1358 1308 1386 ell'ormatum
1326 1363 1353 1386 et
1372 1359 1512 1386 rationalis
1526 1360 1624 1387 animae
1643 1364 1776 1394 praestan-

986 1404 1040 1431 tius
1069 1403 1219 1431 vehiculum
1250 1412 1258 1431 :
1283 1404 1418 1438 quomodo
1453 1403 1504 1430 hoc
1535 1406 1589 1429 tam
1619 1403 1709 1430 brevis
1733 1407 1776 1430 est

985 1450 1046 1482 :evi,
1065 1456 1126 1476 cum
1148 1449 1230 1476 multa
1260 1449 1418 1476 animalium
1439 1449 1638 1476 irrationalium
1659 1456 1773 1484 corpora

986 1495 1041 1522 sint
1066 1496 1118 1523 hoc
1143 1495 1227 1522 multo
1257 1495 1389 1530 longioris
1411 1496 1494 1523 vitre?
1518 1496 1689 1523 Manifestum
1707 1503 1773 1530 ergo

947 1533 969 1562 C
987 1541 1058 1568 illius
1083 1541 1265 1568 substantiam
1288 1546 1350 1576 post
1372 1542 1603 1569 resurrectionem
1628 1542 1776 1577 longaevam

988 1587 1057 1624 [sive
1072 1587 1216 1624 aeternam]
1233 1587 1300 1615 fore.

1307 1633 1461 1662 CCXXXV.

1043 1680 1084 1708 Bx
1097 1680 1162 1707 libro
1177 1681 1262 1708 sancti
1285 1680 1415 1708 Methodii
1430 1682 1462 1708 de
1476 1682 1571 1709 creatis
1587 1688 1720 1717 excerpta.

1024 1759 1087 1795 Legi
1099 1767 1114 1787 e
1123 1764 1219 1787 sancto
1232 1759 1370 1788 Methodio
1379 1760 1505 1795 episcopo
1517 1766 1635 1797 martyre
1649 1769 1696 1797 per
1703 1770 1778 1789 com-

988 1805 1113 1841 pendium
1130 1811 1257 1841 excerpta
1272 1806 1305 1834 de
1316 1807 1415 1842 genitis
1430 1814 1477 1834 seu
1492 1808 1599 1835 creatis.

1024 1901 1091 1929 illud
1110 1901 1210 1929 Christi
1232 1909 1239 1928 :
1261 1901 1352 1929 Nolite
1375 1902 1502 1937 projicere
1520 1908 1638 1930 sanctum
1660 1904 1779 1939 canibus,

991 1957 1072 1982 neque
1078 1949 1235 1983 margaritas
1240 1951 1338 1977 vestras
1345 1952 1405 1976 ante
1413 1957 1503 1981 porcos
1514 1948 1537 1983 ‘;
1545 1949 1613 1977 dixit
1622 1951 1781 1985 margaritas

991 2002 1052 2022 esse
1065 2002 1112 2022 eos
1131 1995 1176 2030 qui
1192 1995 1219 2022 in
1233 1994 1353 2022 Ecclesia
1370 1994 1506 2022 sanctiora
1526 1996 1623 2023 divina:
1642 1996 1782 2031 religionis

991 2040 1122 2075 mysteria
1140 2039 1270 2074 capiunt:
1286 2047 1382 2074 porcos
1398 2047 1474 2073 vero,
1490 2041 1535 2075 qui
1552 2041 1577 2067 in
1590 2041 1662 2068 omni
1683 2049 1782 2077 genere

992 2085 1141 2121 impietatis
1156 2090 1184 2112 et
1195 2085 1338 2122 voluptatis
1359 2086 1441 2113 veluti
1459 2087 1532 2121 porci
1549 2087 1575 2113 in
1596 2094 1676 2114 caano
1691 2088 1780 2115 adhuc

992 2132 1148 2159 volutantur
1170 2132 1237 2166 (81).
1254 2131 1317 2165 His,
1339 2132 1438 2166 inquit,
1455 2141 1470 2159 a
1483 2132 1592 2159 Christo
1612 2133 1712 2160 dictum
1741 2138 1782 2161 est

995 2182 1048 2202 non
1076 2182 1136 2202 esse
1162 2175 1283 2202 caelestia
1309 2176 1438 2211 mysteria
1467 2176 1524 2210 (82)
1551 2177 1727 2211 projicienda,
1749 2186 1782 2205 eo

996 2221 1068 2254 quod
1088 2221 1145 2248 haec
1170 2228 1268 2255 capere
1293 2229 1345 2248 non
1362 2221 1476 2256 possint,
1498 2222 1580 2253 veluti
1596 2223 1742 2257 impietatis
1755 2229 1782 2251 et

995 2265 1062 2293 feris
1076 2265 1191 2293 l'aadisve
1210 2266 1395 2301 voluptatibus
1408 2267 1465 2302 jam
1483 2274 1545 2295 ante
1560 2269 1697 2303 occupati.
1717 2270 1783 2297 San-

806 2372 921 2401 VARL/E
938 2372 1144 2400 LECTIONES.

188 2419 210 2436 "’
224 2416 262 2460 ᾖν
273 2419 338 2460 Ay:
355 2419 398 2446 ἵνα
417 2428 447 2460 ςε
487 2420 509 2435 ³⁸
524 2420 672 2460 ἀγέννητος
684 2420 734 2460 Δ...
792 2418 860 2460 iure]
875 2418 1017 2460 librindmé.
1048 2418 1079 2439 ι¹⁸
1096 2419 1178 2460 αὐταί
1195 2418 1241 2460 A5
1259 2419 1308 2446 καὶ
1326 2415 1408 2460 migrat
1430 2427 1460 2451 ς.
1479 2419 1522 2460 ’⁸³
1535 2418 1686 2460 διὰ-τοῦτο]
1703 2419 1782 2447 Rom.

150 2462 208 2484 xw.
223 2455 250 2482 9.

294 2455 317 2470 “
332 2455 498 2491 τιμιωτέρου
511 2455 560 2489 τῆς
576 2453 675 2491 ψυχῆς.
688 2489 692 2491 Δ
714 2454 773 2491 ’f'“
787 2453 922 2491 ὀχήματος
972 2460 999 2491 et
1014 2461 1086 2481 corr.
1098 2454 1141 2491 Au:
1160 2453 1323 2491 τιμιώτερον
1338 2454 1511 2491 τῆς-λογικῆς

150 2490 174 2504 ’³
189 2489 322 2516 Μεθοδίου
340 2491 386 2516 καὶ
400 2489 550 2517 ἐπισκόπου
565 2490 609 2516 ΑΒ
626 2499 633 2517 :
651 2489 700 2516 καὶ
717 2490 869 2516 ἐπισκόπου
893 2490 1026 2516 Μεθοδίου
1042 2498 1073 2522 ς.
1119 2489 1142 2506 ¹⁸
1155 2489 1272 2522 γεννητᾶ

150 2525 175 2540 ¹⁶
191 2524 239 2552 τοῦ
254 2524 367 2558 ξενῶνος
379 2526 450 2553 delet
464 2528 497 2557 Α,
517 2533 572 2553 om.
584 2525 622 2558 B;
641 2525 692 2561 legi
717 2526 802 2561 possit
813 2525 859 2551 τοῦ
871 2525 1037 2560 Ὠριγένους.

1528 2454 1627 2525 qui?
1646 2454 1737 2490 δχὴμα
1751 2463 1782 2497 ςς.

1528 2511 1529 2515 η
1616 2494 1683 2517 atth.
1697 2499 1743 2523 νιι,
1755 2492 1781 2519 ί).

1119 2489 1293 2531 ξξγενχητῶν
1308 2498 1338 2521 ς.
1353 2526 1360 2531 _
1371 2489 1400 2531 ,ξ’
1416 2489 1453 2531 pi]
1465 2489 1552 2531 ﬁdit].
1588 2489 1743 2523 Mattluvu,
1755 2490 1781 2519 6.

1077 2525 1100 2543 ¹⁷
1114 2524 1332 2561 ἐκλαμϐάνοντος
1346 2524 1390 2551 AB
1402 2532 1409 2550 :
1432 2524 1652 2561 ὲκλαμϐἆνοντας
1663 2534 1695 2558 ς.

913 2581 1030 2611 NOTAE.

189 2629 247 2664 (79)
261 2630 345 2657 Error
363 2630 491 2659 Methodii
508 2632 613 2660 animus
626 2638 687 2659 esse
704 2637 861 2665 corporeas.

190 2665 248 2700 (80)
263 2665 292 2692 Si
309 2665 382 2700 legas
401 2666 417 2700 ἢ
439 2674 488 2700 pro
500 2666 535 2698 εί,
556 2673 585 2694 ut
598 2668 704 2695 videtur
717 2666 860 2700 legendum
884 2672 944 2700 pro-

151 2704 215 2736 pter
241 2707 370 2734 sequens,
400 2701 490 2736 δῆλον,
515 2702 584 2730 alius
608 2708 704 2730 sensus
726 2706 768 2728 est
783 2709 790 2726 :
807 2700 944 2736 rChristus

154 2735 256 2762 ilicitur
280 2735 448 2763 mortuorum
472 2737 530 2764 sive
559 2744 702 2772 corporum
724 2735 870 2772 gDominus
895 2741 944 2762 aut

153 2771 344 2831 quiaucorpus
370 2772 516 2798 humanum
540 2778 593 2806 est,
608 2770 662 2800 'aut
682 2770 750 2805 quia
764 2771 941 2798 manifestum

155 2810 195 2831 est
213 2813 220 2831 1
244 2813 296 2831 1115.

155 2810 195 2833 CSI
213 2810 296 2832 "IIIIS.

192 2840 250 2876 (8|)
271 2840 351 2867 Forte
364 2840 495 2876 Origenes
510 2849 590 2877 quem
604 2842 715 2871 refutat.

1034 2630 1091 2666 (82)
1105 2629 1204 2658 Sacrae
1218 2630 1346 2659 Litteras.
1359 2629 1448 2658 Ξενὼν
1458 2630 1509 2658 hoc
1523 2630 1582 2657 loco
1599 2637 1648 2664 pro
1661 2629 1783 2666 Ecclesia

994 2665 1183 2701 accipiendum
1208 2671 1284 2699 puto,
1305 2674 1365 2701 qua:
1380 2673 1526 2694 commune
1545 2665 1783 2701 omniumbospi-

994 2699 1073 2730 tium.
1093 2701 1144 2727 nisi
1161 2699 1230 2728 forte
1255 2699 1342 2729 locum
1371 2700 1498 2730 intelligit
1525 2700 1571 2727 ubi
1593 2699 1782 2727 catechumen.

993 2735 1073 2762 simul
1089 2740 1116 2762 et
1131 2736 1227 2770 pagani
1242 2737 1407 2763 docebantur
1422 2734 1578 2770 religionem
1590 2734 1784 2762 Christianami

993 2770 1200 2810 Esvdivalioqui
1224 2775 1266 2798 cst
1283 2772 1364 2804 idem,
1376 2771 1450 2806 quod
1471 2770 1668 2798 xenodocbium
1682 2770 1726 2797 ubi
1743 2777 1785 2804 pe-

998 2806 1097 2840 regrini
1118 2806 1297 2840 recipiuntur.
