3964 6246
445 254 581 323 1139
1526 260 1792 324 ΡΗΟΤΠ
1827 261 1998 322 ΡΑΤΙ

2112 257 2335 320 ΒΟΗᾸΕ
2375 259 2488 319 CP.
3561 250 3695 317 tuo

449 386 567 428 ctus
606 369 909 427 Metltodius
953 372 1049 439 ait,
1084 372 1126 428 si
1160 386 1258 442 per
1299 375 1620 444 margaritas
1648 374 1998 444 intelligenda

2111 369 2587 442 κατισχημένους),
2618 371 2646 422 ὁ
2678 368 2852 442 μέγας
2880 365 3147 431 Μεθόδιός
3171 382 3361 438 φησιν,
3386 364 3436 418 εί
3476 380 3691 437 μαργα-

442 471 565 517 situt
611 451 929 517 veneranda:
974 476 1250 532 sacraeque
1297 461 1536 530 Litterae,
1582 481 1678 534 per
1704 481 1896 537 porcos
1921 483 1998 521 au-

2118 464 2271 536 ρίτας
2306 464 2373 515 τὰ
2400 462 2779 542 ’σεμνοπρεπῆ
2833 462 2930 515 καὶ
2979 460 3097 514 θεῖα
3152 458 3454 531 μαθήματα
3482 456 3564 511 δεῖ
3608 457 3695 523 εξ.

439 558 548 599 tem
594 544 841 600 homines
882 545 1144 615 impietati
1176 555 1232 600 et
1273 548 1645 617 voluptatibus
1674 550 1865 616 dediti,
1897 552 1998 620 qui

2115 553 2358 620 ἀκούειν,
2377 553 2596 625 χοίρους
2612 553 2670 606 δὲ
2680 554 2806 616 τοὺς
2818 552 3043 623 ἀσεϐείᾳ
3056 550 3151 605 καὶ
3166 550 3378 622 ἡδοναῖς
3396 548 3696 615 συζῶντας,

440 636 540 690 bus
570 635 869 705 apostolica
914 635 1116 708 302a
1150 638 1295 693 dicta
1355 641 1422 695 ad
1477 642 1734 711 pietatem
1766 652 1823 698 et
1852 642 1998 698 Chrit

2114 643 2196 709 οἷς
2228 644 2324 699 καλ
2370 643 2736 717 ἀπαράϐλητα
2783 641 3205 713 καϊάπόκρυφα
3252 643 3325 696 τὰ
3369 641 3507 713 πρὸς
3542 641 3699 694 εὐσέ-

439 729 508 782 ειί
554 726 717 784 ﬁdem
771 729 1022 786 ducentia
1100 747 1206 788 non
1258 733 1368 787 sint
1435 735 1871 801 accommodata,
1921 749 1998 790 set

2121 738 2274 791 ϐειαν
2303 739 2398 791 καὶ
2420 739 2518 808 τὴν
2542 739 2622 800 είς
2644 736 2881 807 Χριστὸν
2914 735 3098 788 πίστιν
3124 733 3461 789 ἀποστολικά
3498 732 3699 800 διεγεί-

439 819 635 888 celata,
666 821 793 880 vide
819 838 888 878 ne
906 824 1059 880 dicas
1089 826 1256 879 ullum
1280 825 1718 881 Christianorum
1752 828 1998 896 apostoli-

2117 848 2279 902 ροντα
2302 828 2635 902 κηρύγματα
2663 828 2744 881 δεῖ
2764 823 2927 891 εἶναι,
2956 828 3058 897 ὅρα
3079 827 3155 891 ὡς
3170 827 3359 880 οὐδένα
3382 826 3568 893 λέγεις
3586 823 3699 876 τῶν

437 914 520 969 cis
550 915 842 982 praeconiis
884 930 950 970 ex
984 917 1183 986 prioris
1223 918 1348 971 vita:
1374 918 1650 986 impietate
1679 933 1998 984 .conversun

2114 923 2458 993 Χριστιανῶν
2484 925 2603 986 τοῖς
2635 922 2747 976 τῶν
2774 921 3094 976 ἀποστόλων
3117 918 3473 991 κηρύγμασιν
3492 916 3553 983 ἐξ
3580 917 3700 971 ἀσε-

438 1019 580 1062 esse.
635 1005 821 1076 Neque
868 1009 1011 1062 enim
1058 1009 1161 1063 ulla
1199 1010 1409 1064 ratione
1440 1010 1624 1063 divina
1656 1009 1863 1065 Christi
1896 1027 1998 1081 my-

2117 1015 2269 1078 ϐείας
2290 1013 2470 1067 αὐτῶν
2500 1013 2599 1083 τῆς
2633 1013 2908 1084 προτέρας
2947 1009 3274 1080 ἐπιστρέψαι
3295 1026 3310 1041 ⁸
3340 1007 3464 1062 οὐδὲ
3490 1006 3604 1078 γὰρ
3632 1005 3698 1060 ἂν
3740 1020 3747 1023 ·

437 1099 605 1156 steria
650 1101 979 1171 projecerint
1012 1103 1118 1168 iis,
1146 1103 1237 1172 qui
1288 1115 1513 1174 propter
1542 1103 1915 1160 inﬁdelitatem
1941 1105 1998 1159 si-

2115 1107 2335 1169 πάντως
2391 1103 2698 1177 παρέϐαλον
2715 1104 2762 1137 ³⁸
2789 1104 2860 1158 τά
2902 1102 3045 1157 κατά
3088 1101 3322 1172 Χριστὸν
3342 1101 3390 1133 ³³
3423 1100 3699 1171 μυστήρια

437 1190 595 1249 miles
638 1198 779 1249 sunt
827 1196 1033 1264 porcis.
1087 1196 1196 1249 Aut
1237 1210 1365 1265 ergo
1404 1196 1656 1251 omnibus
1705 1195 1928 1262 Graecis,
1963 1212 1993 1252 e

2115 1202 2227 1262 τοῖς
2258 1198 2326 1252 δι’
2359 1197 2620 1252 ἀπιστίαν
2656 1197 2861 1269 χοίροις
2904 1194 3161 1249 ἐοικόσιν.
3200 1191 3327 1265 [955
3356 1190 3451 1263 R.]
3483 1191 3559 1245 Ἦ
3605 1184 3698 1243 οὖν

438 1285 559 1340 aliis
607 1285 919 1342 inﬁdelibus
968 1287 1080 1343 hzec
1128 1289 1379 1359 mysteria
1412 1303 1442 1342 a
1482 1286 1685 1343 Christi
1733 1288 1998 1359 discipulis

2120 1294 2254 1346 πᾶσι
2277 1293 2389 1355 τοῖς
2427 1290 2652 1361 Ἕλλησι
2691 1291 2786 1343 καί
2837 1291 2948 1351 τοῖς
2979 1288 3161 1350 ἄλλοις
3216 1286 3466 1349 ἀπίστοις
3520 1283 3698 1338 ταῦτα

439 1387 567 1432 sunt
617 1380 891 1449 proposita
921 1390 974 1434 et
997 1380 1309 1449 praedicata,
1346 1380 1577 1450 illosque
1619 1382 1687 1435 ab
1735 1381 1998 1450 impietate

2116 1384 2439 1456 παρεϐλήθη
2469 1384 2622 1456 παρά
2647 1382 2758 1437 τῶν
2783 1381 2880 1437 τοῦ
2909 1378 3149 1451 Χριστοῦ
3171 1376 3427 1451 μαθητῶν
3450 1375 3547 1430 καὶ
3570 1377 3700 1445 ἑκη-

436 1468 504 1522 ad
559 1468 834 1524 Christum
890 1481 1283 1526 converterunt
1340 1472 1438 1543 (uti
1485 1480 1540 1527 et
1592 1486 1693 1526 nos
1732 1473 1998 1526 credente:

2120 1474 2314 1546 ρύχθη,
2339 1474 2433 1528 καὶ
2459 1473 2567 1527 ἀπὸ
2590 1473 2688 1544 τῆς
2716 1470 2974 1535 ἀσεϐείας
3031 1467 3329 1541 μετέϐαλεν
3378 1466 3579 1527 αὐτοὺς
3618 1465 3698 1528 είς

435 1560 803 1630 conﬁtemur),
849 1570 904 1616 et
935 1561 1064 1616 illud
1104 1562 1309 1616 dictum
1344 1581 1358 1615 :
1396 1561 1478 1617 Ne
1494 1563 1742 1633 projicite
1796 1579 1998 1633 margw

2113 1567 2212 1638 τὴν
2241 1568 2320 1631 είς
2348 1564 2585 1635 Χριστὸν
2602 1566 2805 1632 πίστιν,
2832 1562 3018 1635 ῶσπερ
3053 1559 3148 1615 οὖν
3179 1560 3273 1614 καὶ
3339 1556 3696 1620 πιστεύοντες

433 1656 568 1706 ritas
620 1663 822 1707 vestras
868 1664 989 1707 ante
1021 1670 1231 1722 porcos,
1279 1670 1384 1708 non
1431 1664 1608 1723 potest
1653 1654 1885 1724 amplius
1936 1655 1998 1708 ita

2113 1658 2505 1729 ὁμολογοῦμεν,
2550 1657 2647 1711 καὶ
2677 1656 2861 1711 οὐκέτι
2910 1654 3136 1708 δύναται
3178 1651 3416 1706 νοεῖσθαι
3448 1650 3544 1718 τὸ,
3596 1648 3696 1717 Μὴ

432 1746 629 1814 accipi,
666 1746 743 1800 uti
771 1745 972 1800 dictum
1009 1756 1094 1800 est
1125 1764 1139 1801 :
1186 1755 1280 1799 aut
1312 1746 1415 1801 hoc
1459 1746 1550 1809 ita,
1579 1754 1637 1799 ut
1668 1745 1870 1799 dictum
1904 1756 1998 1808 est,

2109 1727 2343 1819 ,βάλητε
2365 1727 2409 1781 ’δ
2428 1748 2573 1816 τοὺς
2637 1747 3004 1819 μαργαρίτας
3052 1743 3221 1815 ὑμῶν
3277 1744 3626 1813 ἔμπροσθεν
3651 1740 3696 1773 ³⁸

431 1845 658 1906 accepto
709 1851 804 1891 seu
854 1837 1149 1899 intellecto,
1197 1837 1485 1891 dicendum
1518 1838 1622 1891 erit
1654 1838 1830 1903 nobis,
1872 1837 1998 1891 nulli

2113 1841 2234 1896 τῶν
2259 1841 2499 1911 χοίρων,
2538 1840 2614 1903 ὡς
2638 1837 2850 1911 ἐρρήθη
2879 1852 2893 1867 ·
2927 1837 2960 1908 ἥ
2991 1836 3181 1891 τούτου
3221 1835 3296 1899 ὡς
3326 1835 3521 1906 ἐλέχθη
3545 1850 3698 1888 νοου-

406 1928 727 1986 inﬁdelium
770 1944 907 1998 quos
936 1929 1116 1998 porcis
1143 1942 1549 1996 comparamus,
1580 1941 1676 1993 per
1704 1928 1998 1994 apostolica

2115 1935 2299 2004 μένου,
2323 1934 2540 2001 ἀνάγκη
2573 1932 2721 2002 ἡμᾶς
2740 1930 2921 2010 λέγειν
2949 1928 3026 1990 ὡς
3062 1928 3237 1981 οὐδενὶ
3276 1925 3386 1980 τῶν
3420 1925 3694 1989 ἀπίστων,

428 2024 753 2077 documenta
800 2035 920 2089 qua:
966 2022 1178 2075 animas
1227 2021 1399 2075 instar
1441 2020 1857 2090 margaritarum
1894 2020 2006 2073 illu-

427 2108 658 2174 minant,
686 2107 847 2162 ﬁdem
899 2109 953 2185 in
1000 2108 1278 2164 Christum
1324 2107 1473 2164 etab
1505 2109 1781 2179 impietate
1835 2110 2003 2164 liber-

428 2210 593 2255 tatem
644 2210 856 2271 partam
893 2215 1037 2256 esse.
1071 2201 1176 2258 Sed
1224 2203 1326 2258 hoc
1382 2202 1755 2271 blasphemum
1787 2212 1868 2256 est
1920 2204 2002 2257 di-

424 2308 569 2348 cere.
597 2293 739 2364 Ergo
758 2296 1067 2364 margaritae
1106 2295 1211 2349 hoc
1238 2296 1356 2350 loco
1385 2311 1489 2350 non
1519 2306 1645 2350 sunt
1674 2297 2000 2365 accipiendae

424 2401 522 2456 pro
572 2385 944 2440 sanctioribus
996 2384 1359 2459 [Ecclesiae]
1428 2387 1752 2457 disciplinis,
1828 2405 2001 2458 neque

421 2478 571 2548 porci
604 2494 703 2550 pro
731 2478 935 2547 impiis.
976 2478 1161 2549 Neque
1193 2480 1321 2534 illttd
1387 2480 1615 2546 dictum,
1665 2479 1848 2534 Nolite
1874 2497 2000 2550 pro-

422 2570 582 2639 iicere
628 2572 952 2638 margaritas
991 2580 1188 2625 vestras
1235 2582 1357 2625 ante
1398 2589 1605 2641 porcos,
1631 2573 1703 2628 ita
1731 2574 2002 2645 explican-

420 2666 546 2720 dum
578 2675 661 2719 est
694 2682 708 2719 :
738 2662 814 2718 Ne
847 2664 1097 2733 projicite
1151 2665 1338 2734 impiis
1370 2674 1425 2720 et
1472 2665 1781 2722 inﬁdelibus
1816 2668 1996 2722 divina

419 2767 473 2812 et
509 2756 666 2812 ﬁdem
713 2758 767 2812 in
810 2756 1088 2811 Christum
1151 2758 1485 2826 perﬁcientia
1542 2770 1850 2829 praecepta;
1903 2761 1997 2815 sed

420 2850 730 2921 margarita:
764 2864 863 2920 pro
909 2848 1207 2903 virtutibus
1251 2851 1582 2921 accipienda:
1611 2861 1760 2919 sunt,
1802 2853 1997 2922 quibus

417 2942 589 2996 veluti
618 2938 873 3009 pretiosis
920 2939 1149 3009 gemmis
1186 2941 1366 2994 anima
1400 2952 1717 2998 exornatur.
1751 2941 1865 2996 Non
1897 2944 1996 2998 ab-

416 3035 689 3107 jiciendas
711 3042 895 3090 autem
932 3049 1026 3090 eas
1053 3033 1259 3103 porcis,
1297 3034 1400 3088 hoc
1432 3043 1538 3095 est.
1572 3049 1676 3089 non
1703 3035 1995 3105 projicien-

418 3129 518 3183 das
545 3127 797 3192 virtutes,
839 3128 1149 3184 castitatem
1190 3142 1401 3196 nempe,
1454 3129 1887 3197 temperantiam,
1910 3129 1997 3198 ju-

418 3224 623 3280 stitiam
669 3231 724 3279 et
766 3223 1084 3279 veritatem:
1137 3222 1257 3288 has,
1306 3223 1549 3291 inquam,
1603 3236 1710 3277 non
1741 3220 1998 3291 objicien-

418 3317 516 3371 das
536 3331 656 3371 esse
685 3316 914 3385 impuris
944 3315 1329 3384 voluptatibus:
1363 3315 1443 3368 hae
1470 3315 1613 3368 enim
1642 3313 1820 3381 porcis
1849 3329 1998 3368 com-

418 3419 723 3478 parantur:
764 3424 834 3463 ne
864 3409 962 3464 bas
1023 3410 1398 3477 depascentes,
1454 3405 1575 3462 illos
1622 3407 1785 3459 vitam
1817 3408 1998 3475 porcis

419 3498 651 3561 similem
701 3498 887 3554 vivere
944 3507 1161 3569 cogant,
1184 3508 1240 3553 et
1267 3497 1505 3551 animam
1536 3496 1685 3550 omni
1740 3495 1995 3550 vitiorum

417 3606 616 3661 genere
642 3591 970 3660 compleant.

2120 2026 2214 2090 οὒς
2242 2026 2443 2098 χοίροις
2460 2022 2852 2092 ἀπεικάζομεν,
2884 2023 2946 2073 ὲκ
2975 2020 3085 2073 τῶν
3102 2017 3476 2073 ἀποστολικῶν
3502 2016 3693 2084 δίδαγ-

2119 2119 2326 2192 μάτων,
2344 2114 2698 2189 μαργαριτῶν
2720 2114 2876 2183 δίκην
2892 2111 2990 2175 τὰς
3006 2109 3187 2181 ψυχὰς
3208 2108 3692 2178 καταυγαζόντων,

2108 2215 2142 2284 ἡ
2177 2213 2257 2275 είς
2295 2210 2530 2283 Χριστὸν
2554 2208 2739 2271 πίστις
2768 2207 2814 2239 ³³
2845 2206 2992 2273 καὶὴ
3029 2204 3130 2273 τῆς
3168 2201 3421 2264 ἀσεϐείας
3476 2199 3694 2253 ἐλευθε-

2112 2304 2205 2375 ρία
2232 2301 2546 2372 γεγένηται.
2584 2298 2918 2368 Βλάσφημον
2951 2294 3008 2347 δὲ
3058 2292 3238 2347 τοῦτο.
3286 2291 3400 2346 υύκ
3459 2291 3571 2360 ἀρα
3611 2288 3694 2341 δεῖ

2113 2392 2456 2466 μαργαρίτας
2485 2390 2585 2462 μὲν
2637 2387 2706 2442 τὰ
2759 2383 3143 2458 μυστικώτερα
3181 2382 3292 2435 τῶν
3345 2378 3692 2450 μαθημάτων

2106 2484 2470 2555 ἐκλαμϐάνειν
2493 2479 2747 2542 ἐνταῦθα,
2777 2477 2995 2548 χοίρους
3031 2474 3090 2529 δὲ
3117 2474 3246 2538 τοὺς
3295 2470 3534 2533 ἀσεϐεῖς,
3565 2467 3691 2521 οὐδὲ

2105 2577 2186 2640 τὸ,
2225 2574 2323 2642 Μὴ
2357 2573 2593 2641 βάλητε
2608 2572 2653 2604 ³³
2694 2569 2836 2636 τοὺς
2870 2567 3235 2638 μαργαρίτας
3266 2561 3437 2633 ὑμῶν
3462 2562 3689 2631 ἔμπρο-

2106 2671 2258 2722 σθεν
2293 2664 2411 2720 τῶν
2458 2665 2698 2735 χοίρων,
2731 2663 2812 2725 είς
2850 2661 2933 2725 τὸ,
2975 2659 3071 2730 Μὴ
3106 2652 3527 2730 παραϐἀλητεδδ
3574 2653 3692 2715 τοῖς

2104 2757 2453 2816 ἀσεϐέσικαὶ
2517 2756 2770 2819 ἀπίστοις
2800 2754 2870 2809 τὰ
2935 2750 3175 2824 μυστικὰ
3231 2749 3325 2803 καὶ
3374 2744 3693 2800 τελειοποιά

2103 2853 2205 2924 τῆς
2235 2854 2316 2916 εἰς
2360 2849 2598 2923 Χριστὸν
2617 2851 2663 2883 ³⁸
2691 2849 2925 2911 πίστεως
2964 2846 3289 2915 διδάγματα,
3320 2838 3694 2911 παραλαμϐά-

2108 2963 2242 2999 νειν.
2278 2943 2441 2997 Ἀλλά
2478 2941 2825 3013 μαργαρίτας
2867 2940 2966 3005 μὲν
2999 2937 3098 3001 τὰς
3132 2930 3693 3006 ἀρετὰςὲκδέχεσθαι

2109 3036 2240 3108 χρὴ,
2274 3030 2364 3099 αἷς
2422 3033 2613 3104 ὥσπερ
2671 3031 2990 3101 πολυτίμοις
3047 3028 3412 3101 μαργαρίταις
3462 3026 3497 3095 ἡ
3539 3021 3693 3093 ψυχὴ

2111 3124 2533 3198 καθωραῖζεται,
2556 3124 2630 3195 μὴ
2658 3122 2993 3194 παραϐαλεῖν
3015 3119 3073 3173 δὲ
3104 3118 3303 3181 αὐτοὺς
3317 3118 3426 3179 τοῖς
3458 3113 3690 3186 χοίροις,

2108 3217 2355 3271 τουτέστι
2392 3217 2468 3286 μὴ
2500 3214 2840 3286 παραϐαλεῖν
2856 3212 3025 3275 αύτάς
3052 3210 3097 3243 ³⁸
3138 3207 3239 3274 τὰς
3286 3205 3514 3280 ἀρετάς,
3575 3198 3695 3258 οἷον

2108 3308 2332 3380 ἁγνείαν
2371 3309 2467 3361 καὶ
2497 3307 2855 3379 σωφροσύνην
2898 3305 2994 3359 καὶ
3040 3301 3387 3373 δικαιοσύνην
3416 3301 3512 3353 καὶ
3553 3299 3695 3370 ἀλή-

2106 3402 2281 3464 θειαν,
2313 3400 2521 3464 ταύτας
2565 3398 2629 3470 δὴ
2686 3396 2761 3469 μὴ
2808 3395 3146 3469 παραϐαλεῖν
3200 3396 3322 3456 ταῖς
3369 3389 3697 3462 μαχλώσαις

2104 3492 2316 3562 ἡδοναῖς
2362 3490 2607 3563 (χοίροις
2647 3490 2754 3559 γὰρ
2799 3489 3038 3542 ἐοίκασιν
3078 3480 3302 3555 αὗται),
3336 3485 3423 3538 ἵνα
3459 3482 3537 3554 μὴ
3588 3481 3697 3543 τὰς

2103 3581 2304 3652 ἀρετὰς
2323 3576 2482 3636 αὗται
2506 3578 2927 3649 καταφαγοῦσαι
2955 3577 3190 3650 χοιρώδη
3222 3576 3337 3648 βίον
3392 3574 3489 3628 καὶ
3516 3573 3694 3626 πολυ-

2103 3673 2253 3744 παθῆ
2286 3673 2386 3745 τὴν
2418 3672 2597 3744 ψυχὴν
2630 3670 2894 3742 βιοτεύειν
2932 3669 3431 3742 παρασκευάσωσιν
3448 3665 3509 3720 ³³⁷.

487 3750 775 3819 Origenes,
819 3762 979 3818 quem
1032 3755 1351 3799 centaurum
1388 3744 1503 3814 (83)
1533 3745 1792 3816 appellat,
1842 3760 1993 3801 asse-

2177 3744 2351 3817 Ὅτιό
2394 3761 2676 3834 Ὠριγένης
2694 3761 2761 3828 ³⁸,
2806 3761 2867 3814 ὃν
2910 3760 3226 3829 Κένταυρον
3279 3756 3458 3822 καλεῖ,
3523 3755 3691 3823 ἔλεγε

417 3843 574 3897 rebat
621 3840 932 3893 universum
980 3837 1084 3892 hoc
1114 3835 1279 3909 [quod
1324 3848 1565 3893 creatum
1600 3838 1705 3911 est]
1752 3838 1851 3893 soli
1906 3853 1995 3893 sa-

2108 3857 2375 3911 συναῖδιον
2394 3853 2534 3911 εἶναι
2560 3857 2638 3927 τῷ
2679 3857 2827 3927 μόνῳ
2860 3854 3010 3925 σοφῷ
3064 3854 3159 3907 καὶ
3218 3852 3519 3924 ἀπροσδεεῖ
3563 3850 3694 3921 Θεῷ

416 3932 588 4003 pienti
630 3941 687 3986 et
717 3929 916 3984 nullius
948 3929 1128 4001 indigo
1160 3929 1267 3984 Deo
1295 3940 1492 3984 coaeter
1507 3947 1635 3984 num
1663 3946 1808 3986 esse.
1845 3932 1994 3985 Dice-

2108 3949 2160 4002 τδ
2196 3951 2323 4003 πᾶν.
2350 3949 2599 4018 Ἔφασκε
2632 3949 2761 4020 γὰρ,
2792 3947 2856 4001 Εἰ
2886 3948 2987 4000 οὐκ
3019 3945 3137 3999 ἔστι
3188 3944 3521 4018 δημιουργὸς
3550 3942 3692 3997 ἀνευ

415 4026 510 4078 bat
534 4024 702 4090 enim,
737 4020 889 4077 Sicut
920 4038 1027 4076 non
1067 4032 1151 4077 est
1192 4021 1374 4093 epifex
1402 4023 1521 4079 sine
1554 4022 1789 4091 opiﬁcio,
1832 4034 1991 4092 poeta

2108 4042 2621 4115 δημιουργημάτων,
2652 4043 2686 4112 ἢ
2724 4041 2957 4111 ποιητὴς
3006 4039 3136 4093 ἀνευ
3184 4036 3534 4109 ποιημάτων,
3561 4034 3694 4087 οὐδὲ

414 4118 537 4173 sine
581 4116 867 4187 poematis,
918 4115 1215 4187 imperator
1270 4116 1389 4170 sine
1433 4117 1718 4186 subjectis,
1771 4132 1991 4173 necesse

2108 4134 2497 4206 παντοκράτωρ
2531 4133 2661 4189 ἀνευ
2690 4132 2798 4187 τῶν
2826 4129 3216 4204 κρατουμένων
3267 4129 3379 4201 (τὸν
3429 4127 3541 4200 γὰρ
3587 4126 3692 4196 δη-

414 4218 499 4265 est
546 4210 690 4264 enim
729 4218 787 4262 ut
833 4208 1013 4278 opifex
1067 4208 1134 4263 ab
1175 4209 1416 4280 opiﬁeio,
1445 4217 1602 4279 poeta
1637 4225 1664 4261 a
1698 4210 1987 4276 poematis,

2108 4227 2365 4298 μιουργὸν
2403 4226 2492 4279 διὰ
2520 4226 2591 4279 τὰ
2633 4225 3097 4299 δημιουργήματα
3153 4221 3367 4290 ἀνάγκη
3430 4220 3528 4272 καὶ
3590 4218 3691 4271 τὸν

411 4308 470 4355 et
524 4298 820 4369 imperator
849 4315 879 4353 a
917 4298 1175 4369 subjectis
1232 4300 1562 4364 nominetur,
1596 4297 1718 4377 [ita]
1769 4314 1989 4355 necesse

2108 4297 2331 4390 ποιητὴν
2364 4318 2453 4372 διὰ
2488 4318 2556 4373 τά
2581 4297 2860 4387 ποιήματα
2893 4316 2989 4370 καὶ
3016 4315 3107 4368 τὸν
3134 4312 3560 4385 παντοκράτορα
3592 4310 3692 4363 διὰ

410 4400 498 4446 est
548 4401 731 4447 creata
779 4408 809 4447 a
839 4391 1107 4463 principio
1147 4408 1177 4447 a
1211 4391 1323 4447 Deo
1369 4392 1512 4447 facta
1551 4408 1693 4457 esse,
1732 4408 1831 4448 nec
1858 4402 1987 4449 tem-

2108 4411 2166 4465 τὰ
2186 4411 2537 4487 κρατούμενα
2553 4409 2855 4479 λέγεσθαι),
2890 4409 3104 4478 ἀνάγκη
3132 4406 3192 4471 ἐξ
3213 4406 3387 4477 ἀρχῆς
3416 4405 3559 4458 αὐτὰ
3577 4403 3694 4457 ὑπὸ

411 4499 517 4554 pus
545 4484 711 4538 ullum
754 4500 898 4551 esse,
926 4500 1034 4554 quo
1070 4485 1185 4540 hac
1226 4501 1332 4540 non
1364 4485 1585 4540 fuerint.
1622 4485 1683 4540 Si
1712 4488 1854 4541 enim
1889 4487 1991 4542 fuit

2108 4503 2189 4556 τοῦ
2214 4484 2350 4556 Θεοῦ
2374 4500 2729 4573 γεγενῆσθαι,
2760 4502 2861 4555 καὶ
2897 4499 2972 4571 μὴ
3013 4495 3155 4553 εἶναι
3185 4498 3377 4570 χρόνον
3430 4497 3525 4550 ὅτε
3577 4496 3688 4549 οὐκ

410 4584 622 4645 tempus
642 4592 750 4647 quo
788 4592 896 4632 non
938 4577 1159 4633 fuerunt
1180 4578 1420 4648 opilicia,
1450 4593 1580 4647 ergo
1611 4579 1844 4649 opiﬁciis
1876 4582 1988 4636 nul-

2108 4589 2159 4665 ἧν
2176 4594 2369 4648 ταῦτα.
2395 4593 2458 4646 Εἰ
2491 4593 2600 4665 γάρ
2626 4588 2696 4664 ἦν
2711 4591 2904 4663 χρόνος
2936 4591 3026 4646 ὅτε
3054 4591 3156 4644 οὐκ
3176 4586 3246 4661 ἦν
3271 4590 3341 4643 τά
3370 4591 3685 4660 ποιήματα,

406 4666 477 4723 lis
529 4669 939 4733 exsistentibus,
989 4686 1163 4740 neque
1206 4670 1385 4740 upil‘ex
1413 4681 1515 4725 est.
1559 4670 1695 4727 Vide
1739 4688 1858 4741 qtae
1899 4689 1987 4729 se-

2108 4683 2214 4737 ιπελ⁵
2243 4682 2353 4736 τῶν
2382 4684 2707 4754 ποιημάτων
2734 4683 2810 4753 μὴ
2856 4680 3029 4734 ὄντων
3057 4679 3179 4734 οὐδὲ
3230 4680 3470 4750 ποιητής
3505 4679 3684 4743 ἐστιν,

408 4769 611 4831 quatur
638 4761 727 4831 [ex
759 4760 944 4833 dictis]
976 4763 1231 4833 impietas
1260 4781 1273 4817 :
1306 4762 1434 4832 quin
1469 4763 1689 4818 alterari
1725 4766 1887 4819 etiam
1929 4775 1985 4821 et

2108 4778 2191 4845 ipa
2215 4770 2327 4828 οἷον
2349 4774 2546 4839 ἀσεϐὲς
2582 4773 2888 4829 ἀκολουθεῖ.
2953 4773 3118 4827 Ἀλλά
3173 4773 3271 4828 καὶ
3323 4771 3683 4826 ἀλλοιοῦσθαι

403 4849 607 4904 mutari
649 4850 910 4920 sequetur
946 4853 1335 4908 immutabilem
1391 4853 1586 4925 302(1
1630 4867 1687 4910 et
1740 4857 1981 4913 invaria-

2108 4867 2185 4919 ιαὶ
2214 4865 2574 4937 μεταϐάλλειν
2594 4865 2686 4919 τὸν
2710 4865 2979 4934 ἄτρεπτον
3007 4865 3102 4919 καὶ
3127 4862 3495 4918 ἀναλλοίωτον
3523 4879 3591 4915 συ
3603 4880 3677 4932 μ-

402 4939 568 4995 bilem
595 4939 790 4997 Deum.
825 4942 881 4997 Si
908 4944 1053 4998 enim
1083 4959 1189 4999 non
1217 4945 1285 4998 ab
1316 4954 1520 5000 artemo
1543 4948 1722 5007 omnia
1749 4950 1975 5016 creavit,

2108 4956 2315 5025 ἰήσεται
2345 4956 2498 5012 Θεόν.
2526 4956 2713 5027 Εἱγάρ
2737 4955 2965 5028 ὕστερον
2996 4955 3272 5025 πεποίηκε
3302 4955 3367 5009 τὸ
3398 4956 3533 5020 πᾶν,
3563 4955 3670 5025 δῆ-

402 5032 753 5089 manifestum
807 5044 892 5091 est
943 5034 1091 5090 illum
1132 5051 1162 5090 a
1210 5051 1313 5089 non
1363 5036 1613 5093 faciendo
1655 5040 1723 5093 ad
1773 5038 1970 5095 facien-

2109 5065 2167 5101 ον
2198 5047 2405 5104 ὄτιάπδ
2422 5047 2466 5079 ³³³
2487 5047 2583 5101 τοῦ
2608 5046 2683 5119 μὴ
2716 5050 2891 5101 ποιεῖν
2916 5048 2997 5113 είς
3033 5048 3095 5101 τὸ
3130 5049 3308 5101 ποιεῖν
3354 5043 3679 5116 μετέϐαλε.-

1702 5172 1940 5229 VARUE
1976 5175 2391 5235 LECTIONES.

472 5285 521 5320 ”
558 5287 867 5355 παρέλαϐον
892 5305 952 5352 ς.
1029 5289 1076 5320 ⁹⁹
1112 5288 1254 5341 κατὰ
1283 5288 1373 5342 τὸν
1400 5290 1502 5359 Χρ.
1543 5309 1605 5354 ς.
1683 5292 1729 5324 ³⁰
1769 5294 2040 5364 βάλετεΑ.
2116 5298 2159 5331 ³¹
2193 5298 2504 5401 ἔμπροσθεν
2547 5308 2669 5370 post
2691 5298 2897 5401 ⁵χοιρῶν
2928 5298 3075 5368 ponit
3108 5297 3168 5352 Β.
3266 5299 3310 5331 δ’
3342 5298 3375 5367 ἡ
3410 5298 3493 5360 εἰς
3537 5295 3677 5367 Χρι-

472 5356 529 5401 δν
562 5358 747 5401 πίστις
787 5358 873 5401 AR
914 5376 927 5401 ε
969 5358 1003 5401 ἦ
1030 5358 1113 5401 εἰς
1142 5358 1324 5401 πίστιν
1348 5376 1408 5401 ρ-
1505 5359 1551 5392 ³³
1583 5361 1799 5401 ϐἀλλςφς
1828 5382 1865 5401 ρ
2000 5368 2047 5400 ιιι
2085 5368 2307 5401 ..-ηρ-..ια
2343 5368 2462 5401 ἰη-ε
2499 5386 2537 5401 .-
2667 5370 2688 5401 ῑ
2736 5372 2809 5401 ρι,
2834 5371 2924 5401 ...λυ
2955 5368 3191 5401 ἐἶλαρ-Α..
3239 5370 3263 5401 Α
3392 5370 3438 5401 u
3465 5365 3673 5401 ηινμριιρι

402 5356 747 5440 στὸν-πίστις
914 5376 928 5411 :
969 5358 1004 5429 ή
1027 5358 1113 5440 είς
1142 5358 1324 5412 πίστιν
1348 5376 1410 5422 ς.
1454 5356 1551 5440 ’.³³
1581 5356 1800 5440 βάλλετέ
1828 5382 1895 5440 ς’ἶ
1910 5438 1918 5440 ᾗ
1962 5439 1967 5440 γ
2000 5368 2047 5440 f'f
2085 5356 2462 5440 παράϐάλλετε
2498 5356 2565 5434 ςῖ
2667 5356 2810 5433 ’θείς
2834 5356 3207 5440 τὸνίΧριστόν
3229 5370 3293 5440 ᾼ.
3326 5438 3336 5440 _
3363 5356 3438 5440 ’ἕξ
3464 5356 3673 5440 αὐτάς]

401 5426 584 5510 εὖξοτς
611 5426 681 5510 Bo.
778 5429 822 5460 ⁸⁷
848 5426 1143 5510 βξωτέύειν.
1172 5426 1690 5510 παρασκευάσούσιν
1737 5435 1818 5510 A.
1837 5426 1851 5428 ⁷
1878 5437 1925 5510 ξε
1948 5439 1976 5490 ὁ
2006 5426 2314 5510 Ὠριγὲνηςῖ
2351 5441 2413 5492 οὺ
2438 5509 2441 5510 ν
2467 5426 2560 5494 τδν
2598 5426 2884 5510 Ὠριγένην
2937 5426 3110 5510 λέγει,
3162 5437 3282 5510 ἀλλ’
3315 5438 3345 5510 6_
3375 5426 3676 5510 'Optyéyﬁi

399 5485 714 5568 Κένταυρόν
733 5485 860 5552 τινοί
879 5499 1103 5571 ὀνόματι
1126 5485 1555 5569 ἐπιλὶιμϐἀνεται
1576 5485 2189 5581 ταύττέξιχόμὲνοῖῗὲἦξ
2388 5485 2900 5582 amnica-633}.
3164 5485 3363 5564 igitur?)
3393 5485 3525 5567 ,⁸

470 5699 583 5773 (85)
613 5702 891 5761 ﬂetodius
917 5704 1213 5777 Origenem
1251 5714 1566 5764 centaurum
1602 5712 1906 5781 appellavit.
