1982 3123
175 122 242 158 1141

173 180 239 216 1495
253 181 300 219 H.]
315 183 400 210 T0610
415 185 444 212 δὲ
460 186 561 214 ἄτοπον
575 188 646 223 μετὰ
658 188 714 215 τῶν
737 191 957 225 προειρημένων.
975 193 997 220 Α

172 227 231 255 υὺκ
244 228 300 264 ἄρα
311 228 423 257 δυνατὸν
437 231 526 266 λέγειν
538 233 576 268 μὴ
590 230 661 260 εἶναι
671 234 788 270 ἄναρχον
802 235 850 262 καὶ
865 236 959 262 συναΐ-

172 273 228 302 διον
241 272 279 310 τῷ
299 276 360 310 Θεῷ
373 279 404 303 τδ
415 278 481 305 πᾶν.

205 320 280 357 Πρὸς
296 322 325 349 ὅν
337 331 404 358 φησι
421 323 455 350 δι’
468 324 563 360 ἑτέρου
588 326 735 362 προσώπου
749 327 765 354 ὁ
788 327 865 361 ἃγιος
890 328 959 364 ἐρω-

171 366 237 394 τῶν·
249 365 324 404 Ἀρά
336 377 368 403 γε
383 370 479 404 σοφίας
493 372 539 398 καὶ
548 372 628 407 δόξης
640 373 688 400 καὶ¹
702 374 852 410 συλλήσδην
868 375 959 409 πάσης

171 414 272 449 ἀρετῆς
285 415 373 450 ἀρχὴν
394 416 443 443 καὶ
460 417 551 453 πηγὴν
577 419 725 452 οὑσιωδῶς,
743 420 812 447 ἀλλὰ
831 420 870 456 μὴ
898 421 959 447 ὲπι-

171 459 280 495 κτήτως
291 461 345 496 ἡγῇ
360 461 405 488 10v
419 461 500 496 Θεόν;
512 464 527 490 ὁ
543 464 582 497 δὲ,
595 464 702 493 Ναί.Τί
716 465 745 492 δὲ
757 466 826 501 πρὸς
837 466 959 499 τούτοις;

170 505 233 541 οὐχὶ
246 506 348 542 τέλειος
362 507 451 543 πάντη
464 509 498 536 δι’
511 509 607 538 ἑαυτὸν
624 511 671 538 καὶ
688 512 858 547 ἁπροσδεής;
879 512 959 547 Ἀλη-

171 551 216 587 Θῆ.
239 551 393 588 Ἀμήχανον
405 554 460 589 γὰρ
477 555 507 581 10
522 556 671 591 ἀπροσδεὲς
684 556 719 583 δι’
732 556 830 592 ἕτερον
852 555 921 584 εἶναί
932 566 959 585 τι

170 598 338 634 ἀπροσδεές;
360 600 520 636 Ἀμήχανον.
531 602 590 629 Πᾶν
602 602 656 638 γὰρ
667 602 699 629 τὸ
708 602 741 629 δι’
751 603 846 638 ἕτερον
856 604 960 640 πλῆρες

170 643 201 669 ὃν
215 643 263 670 καὶ
273 644 367 677 ἀτελὲς
394 646 520 680 λεκτέον;
543 647 677 683 Ἀνάγκη.
695 648 732 676 Τὸ
758 647 814 683 γὰρ
829 648 897 675 αὐτὸ
925 648 959 675 δι’

170 689 255 716 ἑαυτὸ
269 690 366 717 ἑαυτοῦ
380 690 518 727 πλήρωμα
531 691 572 725 ὃν,
596 692 643 719 καὶ
670 692 737 720 αὐτὸ
761 693 791 719 ὲν
806 692 897 729 ἑαυτῷ
914 693 961 729 μέ·

170 745 227 769 νον,
236 736 338 764 τέλειον
345 734 416 765 εἶναι
427 738 597 774 τοῦτοςμόνον
610 739 752 772 δοξαστέον
761 748 768 772 ;
777 740 962 776 Ἀληθέατατα

171 781 273 816 λέγεις.
284 782 321 809 T0
333 782 363 809 δὲ
379 783 448 819 μήτε
459 784 526 811 αὐτὸ
537 784 571 811 δι’
587 784 668 811 ἑαυτὸ
684 785 755 821 μήτε
776 785 843 812 αὐτὸ
862 785 960 812 ἑαυτοῦ

171 827 310 863 πλήρωμα
332 827 362 855 ὃν
377 829 461 864 φαίης
486 829 520 856 ἂν
543 830 710 866 ἁπροσδεὲς;
734 830 880 866 οὐδαμῶς.
903 831 961 857 υὺκ

170 862 255 908 ἄραγὸ
270 873 336 906 Θεὸς
347 862 448 906 τέλειος
462 874 506 902 διά
521 883 547 901 τι
562 862 766 910 νομισθήσεται.
785 862 818 902 ’ό
846 875 901 911 γὰρ
917 875 962 902 διά
978 862 1000 890 Β

170 928 198 946 τι
217 919 320 947 τέλειόν
339 920 425 953 ἐστιν,
441 921 508 948 0.610
533 920 596 948 καθ’
626 921 707 948 ἑαυτὸ
732 921 828 953 ἀτελὲς
853 922 960 957 ἀνάγκη

171 967 340 1002 τυγχάνειν;
359 967 490 1003 Ἀνάγκη.
518 967 625 995 Οὐκοῦν
651 969 698 995 καὶ
711 969 726 995 ό
752 968 818 1000 Θεὸς
834 969 914 1000 αὐτὸς
928 969 962 995 δι’

173 1012 272 1039 ἑαυτὸν
284 1012 397 1046 τέλειος,
408 1012 467 1040 ἀλλ’
479 1013 509 1040 06
520 1013 554 1040 δι’
566 1013 659 1049 ἕτερον
674 1013 881 1049 λογισθήσεται;
902 1014 964 1048 ‘09-

173 1057 287 1087 Θότατα.
307 1057 371 1094 [956
384 1057 431 1095 3.]
450 1058 564 1095 Ἕτερον
583 1058 650 1090 Θεὸς
664 1058 780 1094 κόσμου,
795 1059 843 1086 καὶ
870 1059 964 1095 ἕτερον

173 1105 275 1140 κόσμος
290 1105 376 1139 Θεοῦ;
393 1106 545 1137 Παντελῶς.
562 1106 621 1132 Οὐκ
639 1105 694 1141 ἄρα
708 1105 812 1132 τέλειον
829 1105 927 1140 φατέον
941 1105 964 1121 ⁸ο

176 1153 225 1179 καὶ
239 1152 405 1187 δημιουργὸν
430 1154 478 1179 καὶ
493 1153 703 1189 παντοκράτορα
728 1154 773 1181 διὰ
796 1154 898 1188 κόσμον
919 1154 964 1181 τὸν

177 1199 260 1230 Θεόν;
274 1197 323 1226 Οὓ.
336 1198 431 1230 Ὅπως
444 1198 506 1235 [μὴ]
527 1199 560 1225 δι’
587 1200 693 1233 ἑαυτὸν,
709 1200 778 1227 ἀλλὰ
795 1199 833 1235 μὴ
852 1200 896 1226 διὰ
918 1200 965 1226 κό-

177 1252 257 1279 σμον,
272 1245 320 1272 καὶ
336 1245 422 1272 ταῦτα
437 1246 564 1281 τρεπτδν,
579 1246 661 1278 αὐτὸς
676 1246 737 1273 καθ’
751 1246 848 1273 ἑαυτὸν
863 1246 967 1278 τέλειος

175 1291 349 1326 εὐρίσκοιτο;
367 1291 574 1327 Προσηκόντως.
597 1292 629 1318 Τί
640 1292 686 1325 δέ;
706 1292 752 1318 10v
769 1292 897 1319 πλούσιον
923 1293 968 1319 διὰ

175 1337 222 1364 τὸν
237 1337 354 1364 πλοῦτον
370 1338 481 1365 λεκτέον
497 1338 640 1370 πλούσιον;
662 1337 776 1373 Ὀρθῶς.
797 1338 853 1364 Καὶ
865 1338 911 1364 τὸν
923 1346 968 1364 σο-

175 1384 227 1419 φὸν
245 1384 317 1412 κατὰ
332 1384 447 1420 μετοχὴν
460 1385 511 1420 τῆς
524 1384 670 1416 οὺσιώδους
690 1384 796 1416 σοφίας,
812 1384 863 1410 οὐκ
887 1385 968 1411 αὑτὸν

176 1431 274 1466 σοφίαν
285 1431 361 1463 ὄντα,
387 1431 469 1466 σοφὸν
496 1430 751 1466 προσαγορευτέον;
782 1431 847 1457 Ναί.
872 1430 905 1456 Τί
919 1429 966 1463 se;

176 1478 225 1503 καὶ
239 1476 286 1503 τὸν
306 1475 382 1507 Θεὸν,
400 1476 495 1511 ἕτερον
523 1475 589 1502 ὄντα
611 1476 716 1511 κόσμου
728 1476 763 1508 ⁸¹,
793 1475 837 1502 διὰ
864 1475 968 1511 κόσμον

175 1523 263 1558 ταύτῃ
275 1521 402 1549 πλούσιον
412 1522 460 1549 καὶ
477 1521 626 1558 εὐεργέτην
639 1522 687 1548 καὶ
709 1522 877 1557 δημιουργὸν
903 1522 968 1556 κλη-
981 1535 1003 1566 C

174 1571 252 1605 1éov;
267 1569 411 1605 οὐδαμῶς,
424 1568 515 1603 ἄπαγε
527 1568 560 1595 ⁸⁵.
570 1568 675 1595 Οὐκοῦν
685 1569 766 1601 αὐτὸς
775 1568 872 1595 ἑαυτοῦ
881 1567 965 1595 πλοῦ-

175 1626 231 1649 τος,
250 1617 299 1643 καὶ
316 1616 349 1642 δι’
374 1615 456 1643 αὑτὸν
471 1615 598 1647 πλούσιος
617 1615 664 1642 καὶ
690 1615 803 1647 δυνατὸς
820 1615 964 1650 τυγχάνεις

178 1664 297 1690 Ἔοικεν.
316 1660 371 1689 Ἦν
387 1661 442 1696 ἄρα
455 1661 504 1688 καὶ
523 1661 576 1696 πρὸ
585 1661 689 1696 κόσμου
704 1661 794 1695 πάντη
809 1660 965 1696 ἀπροσδεὴς

177 1709 215 1736 ὣν
229 1709 277 1737 καὶ
296 1708 392 1743 Πατὴρ
415 1708 463 1734 καὶ
497 1708 696 1742 παντοκράτωρ
720 1707 768 1734 καὶ
784 1707 962 1742 δημιουργὸς,

175 1755 285 1788 han"
305 1756 340 1782 δι’
356 1754 460 1787 ἑαυτὸν,
489 1752 558 1780 ἀλλὰ
587 1753 625 1788 μὴ
650 1753 684 1779 δι’
702 1753 796 1787 ἕτερον
825 1752 912 1779 ταῦτα
932 1750 965 1788 ᾖ;

183 1803 313 1838 Ἀνάγκη.
330 1801 362 1828 E1
373 1801 427 1835 γὰρ
437 1800 480 1827 διὰ
496 1799 598 1834 κόσμον
605 1799 652 1826 καὶ
665 1798 726 1834 οὐχὶ
740 1798 774 1825 δι’
790 1798 896 1830 ἑαυτὸν,
906 1798 966 1824 ἓτε-

179 1858 226 1885 ρος
236 1849 274 1875 ὢν
298 1848 401 1883 κόσμου
416 1847 450 1880 ⁵⁵,
467 1845 666 1880 παντοκράτωρ
696 1844 857 1880 γνωρίζοιτο
887 1844 966 1879 (συγ-

177 1895 291 1930 γνώμην
298 1895 313 1921 ὁ
322 1895 398 1927 Θεὸς,
410 1892 601 1928 ἀναγκάζομαι
615 1891 670 1927 γὰρ
676 1891 756 1918 τοῦτο
764 1889 873 1926 εἰπεῖν),
886 1891 966 1922 αὐτὸς

177 1941 238 1968 καθ’
254 1942 352 1968 ἑαυτὸν
368 1938 468 1975 ἀτελὴς
477 1939 500 1955 ⁸⁵
517 1938 594 1965 ἔσται
605 1937 627 1954 ⁸⁸
642 1938 690 1965 καὶ
707 1936 844 1973 προσδεὴς
864 1936 967 1963 τούτων

177 1988 213 2015 δι’
229 1988 248 2015 ἃ
262 1986 460 2022 παντοκράτωρ
490 1985 538 2011 καὶ
567 1983 732 2019 δημιουργός
753 1984 847 2016 scr-rw;
865 1983 967 2018 Ὑπερ-

178 2034 265 2069 φυῶς.
273 2034 330 2060 Οὐκ
339 2033 392 2069 ἄρα
400 2031 563 2059 ἀποδεκτέον
572 2030 674 2066 ταύτην
685 2030 735 2066 τὴν
743 2030 865 2066 ὀλέθριον
876 2030 969 2065 ἁμαρ-

177 2080 238 2107 τίαν
252 2079 318 2114 περὶ
336 2077 405 2105 Θεοῦ
431 2077 485 2104 τῶν
508 2076 644 2110 λεγόντων
666 2075 874 2110 παντοκράτορα
888 2075 936 2101 καὶ
944 2074 967 2090 ⁸⁷

177 2125 345 2162 δημιουργὸν
354 2124 399 2151 διὰ
413 2124 448 2151 τὰ
466 2123 639 2158 κρατούμενα
654 2122 703 2148 καὶ
726 2121 968 2157 δημιουργούμενα

177 2172 295 2209 τρεπτὰ,
311 2171 369 2199 ἀλλ’
381 2171 413 2198 οὐ
424 2170 458 2197 δι’
474 2170 569 2197 ἑαυτὸν
577 2168 648 2196 εἶναι
661 2169 708 2196 τὸν
730 2169 806 2197 Θεόν.

694 133 953 165 BIBLIOTHECA.
975 139 1011 154 ³-
1028 137 1110 167 COD.
1126 138 1288 168 CCXXXV.

1734 136 1802 169 1142

1012 192 1075 219 dum
1092 193 1244 221 transiisse.
1261 192 1314 220 Sed
1335 192 1387 220 hoc
1402 200 1454 220 una
1466 200 1528 220 cum
1543 191 1686 221 antedictis
1705 192 1801 220 absur-

1011 238 1076 264 dum
1102 243 1154 271 est,
1173 247 1237 274 ergo
1260 239 1313 266 dici
1331 246 1384 266 non
1410 244 1499 274 potest
1526 247 1579 266 non
1601 247 1661 266 esse
1676 240 1800 274 principii

1011 291 1108 318 expers
1124 289 1151 312 et
1167 284 1223 312 Deo
1243 289 1408 312 cozeternum
1423 285 1475 312 boc
1490 285 1659 313 universum.

1048 329 1118 357 Huic
1144 331 1291 365 respondet
1313 331 1365 358 alia
1384 331 1463 365 quasi
1490 339 1606 366 persona
1622 339 1671 366 per
1689 331 1803 359 interro—

1011 376 1148 410 gationem
1181 375 1432 412 [sermocinationis
1464 377 1521 404 sive
1546 376 1658 413 dialogi]
1682 388 1688 405 :
1709 377 1804 406 Nonne

1013 422 1096 448 Deum
1118 422 1261 449 existimas
1289 422 1457 458 principium
1477 427 1505 450 et
1526 422 1629 450 fontem
1652 423 1803 458 sapientiai,

1011 467 1115 502 gloriae,
1140 472 1167 494 et
1190 468 1270 495 simul
1290 469 1380 496 omnis
1398 469 1508 497 virtutis
1533 469 1751 497 substantialiter
1775 475 1804 497 et

1012 521 1066 540 non
1090 514 1227 541 ascititie?
1253 514 1335 548 Sane,
1347 514 1448 550 inquit,
1463 515 1510 543 sed
1526 515 1589 550 quid
1606 516 1657 543 hoc
1675 515 1709 542 ad
1727 516 1806 543 rem?

1012 560 1106 588 Nonne
1132 561 1254 589 absolute
1279 569 1327 596 per
1348 562 1467 596 seipsum
1492 561 1628 596 perfectus
1640 566 1684 589 est
1702 566 1730 589 et
1744 562 1805 589 nul-

1012 606 1065 634 1ius
1079 606 1221 641 indigens?
1244 607 1283 634 ita
1304 611 1358 634 est.
1384 606 1556 643 impossibile
1570 608 1643 635 enim
1663 611 1714 641 est,
1730 612 1760 634 ut
1777 608 1805 634 id

1012 654 1085 688 quod
1114 654 1213 681 nullius
1235 654 1350 689 indiget,
1371 654 1407 682 sit
1430 658 1541 689 propter
1557 654 1674 682 alterum
1690 654 1804 689 aliquid,

1014 698 1107 735 [quam
1132 699 1227 736 etiam]
1265 700 1363 728 nullius
1389 700 1522 735 indigens.
1551 700 1722 736 lmpossibile
1750 700 1807 736 [in-

1013 747 1119 783 quam].
1137 747 1275 781 Quidquid
1299 747 1372 774 enim
1391 752 1502 783 propter
1516 747 1633 774 alterum
1654 746 1807 781 perfectum

1012 800 1065 828 est,
1089 802 1200 821 necesse
1225 799 1268 821 est
1298 795 1405 822 dicatur
1430 793 1634 829 imperfectum.
1660 793 1718 821 Hoc
1734 793 1807 824 enim

1014 841 1100 868 solum
1114 840 1185 875 quod
1200 844 1312 875 propter
1324 840 1447 874 seipsum
1463 840 1504 867 sui
1520 839 1605 874 ipsius
1619 839 1752 874 perfectio
1766 843 1810 866 est

1013 892 1041 914 et
1055 887 1080 913 in
1096 887 1186 920 seipso
1204 891 1306 919 manet,
1328 885 1480 920 perfectum
1495 892 1556 913 esse
1567 885 1732 913 censendum
1747 884 1808 911 est?

1016 933 1163 960 Verissime
1188 940 1294 960 censes.
1311 932 1387 965 Quod
1405 937 1497 959 autem
1523 938 1612 966 neque
1634 931 1732 965 ipsum,
1749 938 1811 965 pro-

1014 984 1075 1014 pter
1087 978 1221 1013 seipsum,
1254 978 1438 1013 nequeipsum
1457 978 1499 1008 sui
1517 977 1602 1012 ipsius
1615 982 1655 1004 est
1671 976 1810 1011 perfectio-

1014 1025 1089 1052 diees
1109 1024 1190 1052 alieni
1218 1031 1271 1051 non
1287 1023 1433 1058 egentem?
1446 1023 1634 1058 Nequaquam.
1661 1022 1732 1049 Deus
1747 1025 1812 1055 ergo

1015 1077 1067 1096 non
1097 1068 1237 1103 perfectus
1260 1073 1374 1103 propter
1399 1068 1473 1095 aliud
1499 1068 1716 1095 existimabitur.
1735 1067 1813 1101 Quod

1014 1116 1087 1143 enim
1099 1119 1212 1150 propter
1227 1114 1300 1141 aliud
1315 1114 1463 1149 perfectum
1480 1119 1533 1146 est,
1544 1122 1632 1141 nonne
1646 1118 1689 1141 est
1700 1120 1812 1141 necesse

1016 1165 1045 1188 ut
1079 1161 1106 1188 id
1132 1161 1159 1188 in
1191 1160 1283 1194 seipso
1297 1160 1334 1188 sit
1349 1159 1559 1194 imperfectum?
1574 1159 1700 1186 Necesse.
1716 1158 1812 1186 Nonne

1015 1215 1080 1243 ergo
1103 1207 1173 1234 Deus
1202 1207 1259 1242 ipse
1283 1211 1396 1242 propter
1420 1197 1540 1241 seipsum
1568 1211 1596 1234 et
1619 1214 1672 1233 non
1702 1209 1813 1241 propter

1016 1254 1089 1281 aliud
1113 1253 1252 1289 perlectus
1283 1252 1470 1288 iudicabitur?
1505 1252 1680 1280 Rectissime.
1716 1252 1814 1280 Nonne

1009 1299 1089 1327 .aliud
1114 1303 1157 1326 est
1177 1299 1248 1326 Deus
1263 1298 1369 1331 mundi,
1390 1303 1418 1326 et
1431 1298 1504 1326 aliud
1521 1299 1638 1326 mundus
1660 1299 1708 1326 Dei
1720 1298 1813 1326 ?-0m-

1018 1346 1093 1373 nino.
1116 1345 1174 1373 Non
1198 1345 1283 1381 igitur
1309 1344 1380 1373 Deus
1405 1350 1433 1372 et
1451 1350 1560 1373 creator
1582 1350 1609 1373 et
1629 1345 1812 1381 omnipotens,

1017 1391 1155 1427 perfectus
1181 1396 1224 1419 est
1247 1390 1380 1419 dicendus
1404 1396 1517 1426 propter
1533 1391 1682 1418 mundum?
1707 1390 1814 1426 Nequa-

1019 1445 1111 1472 quam,
1126 1445 1162 1465 ne
1184 1442 1296 1473 propter
1312 1437 1454 1470 mundum,
1471 1437 1622 1473 praesertim
1641 1437 1811 1470 mmabilem,

1019 1493 1051 1512 ac
1067 1492 1120 1512 non
1141 1489 1253 1519 propter
1273 1485 1392 1519 seipsum
1412 1483 1528 1521 [potius]
1544 1484 1651 1512 dicatur
1666 1477 1812 1511 secundum

1021 1537 1050 1558 se
1066 1531 1215 1566 perfectus,
1233 1530 1332 1558 merito
1352 1530 1558 1558 convenienter.
1577 1529 1760 1564 Quamobrem
1774 1529 1814 1556 di-

1020 1583 1079 1607 ves,
1098 1582 1188 1602 nonne
1209 1580 1322 1609 propter
1335 1575 1448 1602 divitias
1469 1575 1545 1602 dives
1561 1574 1740 1610 appellandus
1756 1574 1818 1604 est?

1019 1618 1113 1646 Recte.
1126 1618 1160 1645 Et
1182 1618 1291 1653 sapiens
1304 1618 1454 1645 secundum
1472 1618 1707 1653 participationem
1723 1625 1815 1645 essen-

1020 1663 1092 1691 tialis
1104 1663 1254 1698 sapientiae,
1273 1663 1319 1698 qui
1335 1671 1387 1690 non
1402 1667 1444 1690 est
1461 1663 1518 1698 ipsa
1536 1662 1685 1698 sapientia,
1705 1663 1817 1697 sapiens

1020 1714 1111 1736 tamen
1137 1708 1269 1735 dicendus
1284 1708 1347 1735 est?
1373 1707 1456 1734 Sane.
1489 1708 1530 1734 An
1546 1715 1612 1742 ergo
1627 1713 1655 1736 et
1671 1709 1751 1741 Deus,
1767 1709 1813 1743 qui

1020 1762 1073 1782 non
1092 1759 1135 1781 est
1152 1754 1281 1785 mundus,
1298 1758 1410 1788 propter
1422 1753 1554 1780 mundum
1569 1758 1659 1781 tamen
1674 1753 1714 1781 sic
1728 1754 1815 1787 dives,

1020 1801 1177 1829 benefactor
1202 1806 1229 1828 et
1239 1806 1347 1828 creator
1361 1800 1543 1828 nominandus
1555 1801 1615 1828 est?
1629 1800 1815 1836 Nequaquam,

1020 1855 1116 1883 apage.
1143 1846 1238 1874 Nonne
1265 1847 1322 1882 ipse
1349 1846 1375 1874 in
1399 1846 1492 1881 seipso
1517 1850 1545 1873 et
1569 1851 1680 1881 propter
1695 1847 1815 1881 seipsum

1021 1897 1097 1924 dives
1116 1903 1148 1923 ae
1172 1901 1269 1930 potens
1292 1894 1350 1922 est?
1371 1893 1492 1921 Videtur.
1521 1893 1624 1920 Eratne
1647 1892 1729 1920 etiam
1749 1898 1816 1919 ante

1022 1941 1114 1969 mundi
1134 1940 1316 1971 molitionem,
1341 1939 1454 1967 omnino
1476 1937 1561 1965 nullis
1587 1937 1722 1972 indigens,
1739 1941 1815 1972 pater

1022 1994 1118 2023 nempe
1135 1991 1162 2014 et
1183 1986 1367 2021 omnipotens,
1390 1989 1419 2012 et
1434 1988 1552 2016 creator,
1572 1983 1640 2011 adeo
1661 1988 1690 2010 ut
1705 1987 1817 2018 pr0pter

1020 2035 1141 2070 seipsum
1165 2037 1194 2061 et
1204 2040 1259 2060 non
1286 2036 1397 2067 propter
1416 2030 1491 2058 aliud
1516 2030 1552 2057 sit
1566 2030 1624 2058 haec
1636 2028 1751 2057 omnia?
1763 2028 1816 2055 Nc-

1020 2078 1173 2107 eessarium
1198 2081 1250 2105 est.
1279 2076 1307 2104 Si
1331 2077 1403 2104 enim
1424 2080 1534 2110 propter
1557 2075 1699 2108 mundum,
1720 2078 1817 2101 etnon

1019 2129 1130 2161 propter
1150 2124 1270 2159 seipsum
1295 2123 1364 2150 alius
1387 2130 1401 2149 ι
1416 2122 1516 2149 mundo
1533 2121 1679 2152 exsistens,
1696 2119 1815 2153 omnipo-

1020 2177 1082 2198 tens
1098 2176 1160 2198 esse
1175 2168 1374 2204 intelligeretun
1384 2167 1463 2203 (pace
1480 2172 1524 2194 tua
1532 2167 1614 2199 Deus,
1630 2173 1713 2201 cogor
1727 2166 1764 2192 ita
1777 2165 1816 2191 Ιο-

177 2220 248 2256 quil;
270 2221 328 2256 ipse
349 2220 498 2247 secundum
512 2218 633 2253 seipsum
654 2216 830 2252 imperiectus
844 2222 930 2250 esset.
944 2223 972 2246 et
990 2218 1116 2254 indigens
1132 2218 1185 2250 his,
1204 2224 1322 2252 quorum
1345 2222 1427 2242 causa
1448 2215 1624 2249 omnipotens
1652 2217 1680 2241 et
1710 2218 1817 2240 creator

177 2265 451 2302 estsupernaturalis.
465 2264 639 2300 “ejiciendus
649 2270 714 2299 ergo
724 2263 894 2298 perniciosus
901 2272 980 2292 error
991 2272 1099 2298 eorum,
1113 2264 1160 2299 qui
1173 2260 1267 2291 dicunt
1280 2263 1312 2289 de
1322 2262 1387 2294 Deo,
1404 2261 1487 2288 Deum
1497 2268 1550 2288 non
1563 2263 1676 2295 propter
1683 2259 1815 2293 seipsum,

178 2315 226 2343 sed
249 2319 359 2349 propter
384 2312 483 2348 303a
504 2310 641 2344 subiectas
665 2317 709 2337 res
733 2313 760 2336 et
780 2315 897 2343 creatas,
924 2318 986 2346 quae
1011 2311 1156 2339 mutabiles
1175 2315 1251 2343 sunt,
1266 2316 1329 2336 esse
1346 2309 1560 2343 omnipotentem
1577 2312 1605 2335 et
1618 2312 1780 2336 creatorem.

214 2362 288 2397 Ὅρα
301 2360 328 2387 δὲ
345 2359 393 2386 καὶ
407 2356 468 2386 ὦδε·
486 2358 518 2384 El
534 2357 658 2391 ὓστερον,
678 2355 758 2391 ἔφης,
785 2356 934 2391 πεποίηται
952 2357 967 2382 ὁ
985 2360 1005 2386 D

178 2409 281 2442 κόσμος
296 2405 334 2442 μὴ
348 2405 480 2441 πρότερον
488 2403 511 2419 ⁸⁸
524 2402 573 2436 ὢν,
583 2401 761 2437 μεταϐάλλειν
782 2402 888 2437 ἀνάγκη
921 2402 967 2428 10v

177 2453 273 2489 ἅπαθῆ
289 2452 336 2479 καὶ
344 2450 522 2479 ἀναλλοίωτον
531 2449 598 2476 Θεόν
612 2456 619 2463 '
634 2448 680 2475 τὸν
692 2448 746 2483 γὰρ
758 2448 887 2474 ποιοῦντα
901 2449 969 2484 πρό-

177 2508 259 2536 τερον
275 2498 369 2535 μηδὲν,
387 2497 501 2533 ὕστερον
516 2496 556 2529 δὲ,
570 2495 624 2522 ἀπὸ
642 2494 689 2522 τοῦ
717 2494 755 2530 μὴ
771 2495 858 2521 ποιεῖν
884 2495 924 2526 εὶς
940 2495 971 2520 10

178 2546 267 2573 ποιεῖν
283 2543 463 2580 μεταϐάλλειν
473 2542 522 2569 καὶ
535 2539 708 2568 ἀλλοιοῦσθαι
719 2540 838 2575 ἀνάγκη.
858 2540 971 2574 Ἔλεγον

179 2592 245 2627 γάρ·
255 2590 399 2619 Πέπαυται
413 2589 442 2616 δὲ
451 2588 500 2615 τοῦ
515 2587 603 2614 ποιεῖν
612 2595 680 2613 ποτε
689 2587 735 2613 τὸν
747 2586 850 2621 κόσμον
866 2588 881 2613 ὁ
893 2586 970 2618 Θεὸς,

179 2638 197 2674 ἢ
213 2636 263 2670 06;
283 2636 436 2663 Πέπαυται.
467 2633 552 2661 Οὔπω
572 2632 626 2668 γὰρ
647 2630 683 2667 ἦν
700 2630 911 2667 τετελειωμένος
926 2632 969 2659 ἄν.

186 2683 311 2720 Ἀληθές.
327 2684 358 2710 Et
373 2680 421 2710 οὖν
435 2681 465 2709 10
476 2681 564 2708 ποιεῖν
572 2681 604 2707 ἐκ
613 2679 659 2706 τοῦ
676 2678 715 2714 μὴ
727 2679 814 2705 ποιεῖν
825 2677 970 2705 ἀλλοίωσιν

1052 2356 1139 2384 Etiam
1160 2356 1196 2383 ita
1215 2355 1379 2382 ratiocinare
1392 2363 1399 2381 :
1413 2353 1441 2380 Si
1459 2361 1512 2381 non
1528 2352 1563 2380 ab
1581 2357 1696 2387 aeterm,
1713 2352 1817 2388 inquis,

1024 2401 1140 2429 mundus
1153 2406 1195 2429 est
1214 2400 1350 2433 conditus,
1372 2404 1400 2427 et
1419 2399 1485 2426 olim
1502 2406 1556 2426 non
1571 2398 1634 2432 fuit,
1650 2405 1762 2426 necesse
1775 2404 1818 2427 est

1023 2449 1107 2476 Deum
1122 2446 1299 2482 impatibilem
1312 2450 1339 2473 et
1357 2444 1554 2473 inalterabilem
1570 2443 1680 2471 mutari.
1709 2443 1817 2471 Etenim

1025 2500 1138 2521 necesse
1160 2497 1203 2520 est
1225 2491 1298 2519 illum
1321 2491 1398 2525 prius
1425 2490 1491 2518 nihil
1510 2490 1657 2518 facientem
1671 2496 1687 2517 a
1705 2497 1757 2517 non
1777 2490 1818 2517 ia-

1025 2539 1123 2567 ciendo
1146 2540 1179 2565 ad
1197 2538 1353 2564 faciendum
1382 2536 1498 2563 transire
1509 2541 1537 2563 et
1555 2535 1651 2563 mutari
1665 2543 1676 2568 ;
1690 2535 1818 2562 dicebant

1025 2585 1098 2613 enim
1125 2593 1133 2612 :
1173 2583 1351 2618 Requievitne
1391 2582 1462 2610 Dens
1494 2589 1510 2609 a
1555 2581 1662 2609 mundo-
1694 2582 1818 2610 faciendo

1025 2631 1127 2658 necne?
1144 2629 1302 2664 Requievit;
1329 2628 1429 2663 ali0qui
1449 2628 1520 2656 enim
1533 2629 1651 2655 nondum
1667 2631 1741 2656 esset
1754 2635 1817 2662 per-

1027 2678 1122 2705 fectus.
1141 2676 1179 2703 Ita
1202 2680 1254 2703 est.
1269 2675 1297 2702 Si
1311 2683 1377 2710 ergo
1391 2674 1492 2706 facere,
1511 2682 1526 2700 a
1542 2681 1594 2701 non
1611 2673 1746 2705 faciendo,
1764 2674 1818 2701 Deo

836 2744 955 2773 ἼΑΒΙΛΕ
977 2742 1182 2772 LECTlONES.

218 2797 242 2814 δ’
260 2795 372 2834 φατέον]
388 2795 456 2834 φατᾷ
467 2795 521 2822 AC.
561 2794 581 2810 "
597 2792 927 2834 xdlqppullibri‘xdspov.‘
951 2789 1092 2834 ςἸὶᾶπαγεὶ

181 2833 240 2863 τός.
268 2826 300 2847 ’⁵⁵
312 2831 350 2858 ὢν
362 2826 409 2860 καὶ
422 2831 525 2865 κόσμου
544 2839 573 2863 ς.
622 2826 654 2845 ⁵⁸⁷
665 2826 762 2862 ἀτελὴς
778 2827 818 2856 bis
830 2832 931 2863 ponunt
947 2826 1002 2854 AB.

184 2869 232 2896 καί
242 2868 296 2896 ΔΒ.
349 2867 372 2883 ⁸⁸
391 2867 522 2902 πρότερος
538 2867 569 2892 Λ.

1109 2787 1234 2823 οὐδαμῶς
1249 2788 1280 2813 Λ.
1320 2785 1341 2801 ⁸³
1355 2790 1412 2819 post
1423 2785 1505 2823 33119;”
1518 2792 1579 2823 cum
1591 2783 1636 2811 AB
1665 2784 1744 2812 omisi
1763 2786 1818 2823 _a:3-

1041 2818 1062 2842 *3
1083 2818 1217 2859 ἐσταιΓᾶν
1233 2822 1308 2849 ἔσται
1328 2818 1367 2849 rc.
1386 2822 1417 2853 A,
1436 2820 1469 2847 ἄν
1487 2819 1516 2846 Β.
1555 2820 1576 2835 ⁸⁷
1598 2827 1730 2856 παντοκρ.
1747 2818 1821 2850 εἶναι
