3964 6246
302 207 437 273 1143

1460 210 1724 270 ΡΗΟΤΙῘ
1763 211 2268 273 ΡΑΤΗΙΑΗΟΗίΕ
2306 212 2419 272 CP.

3413 206 3553 266 11M

300 317 680 373 at’teratioocm
716 319 894 384 aﬂ‘ert,
931 333 1109 374 nonne
1163 320 1323 373 etiam
1354 334 1459 373 non
1496 320 1693 380 facere,
1729 335 1757 372 a
1791 322 1875 372 l‘a-

1995 321 2071 373 ςοῦ
2102 320 2238 373 Θεοῦ
2254 318 2710 390 καταψηφίζεται,
2753 319 2875 390 οὐχὶ
2896 320 2990 372 καὶ
3031 316 3093 372 τὸ
3139 315 3215 388 μὴ
3262 315 3438 368 ποιεῖν
3490 315 3559 367 ἐκ

300 413 537 466 οἰοιιάοἲ
570 395 647 467 ita
695 427 937 481 prorsus.
975 411 1239 465 Mutatum
1281 424 1462 467 autem
1502 413 1714 467 diceres
1751 428 1874 466 eum

302 505 461 557 hodie
490 514 827 572 operantem,
857 506 923 557 ab
958 518 1021 558 eo
1053 505 1193 573 quod
1232 514 1353 559 erat
1380 521 1501 560 cum
1543 522 1650 559 non
1693 521 1876 574 opera-

305 597 498 650 retur?
527 597 896 666 Nequaquam.
925 595 1112 666 Neque
1157 613 1287 669 ergo
1329 599 1450 652 ideo
1499 597 1647 652 illum
1677 598 1875 652 mutari

302 700 526 738 necesse
581 686 706 748 erit,
760 686 902 755 quod
949 685 1112 738 faciat
1163 687 1444 752 mundum,
1503 687 1569 740 ab
1612 701 1678 740 eo
1734 685 1875 754 quod

301 785 438 840 erat,
465 779 682 844 quando
716 791 822 830 non
864 777 1120 832 faciebat.
1163 778 1340 846 Atque
1375 775 1497 848 [ita]
1565 791 1668 830 non
1695 791 1879 832 neces-

301 868 447 920 sario
495 867 780 921 dicendum
826 869 930 922 erit
974 869 1076 926 hoc
1107 871 1418 924 universum
1451 869 1720 925 exsistere
1751 885 1874 924 cum

302 957 392 1013 illo
445 967 662 1028 propter
708 960 812 1013 hoc
859 961 1035 1028 ipsum
1075 960 1150 1014 illi
1197 970 1545 1027 cozcternum,
1609 975 1677 1014 ne
1713 974 1876 1030 coga-

302 1066 423 1104 nzur
452 1053 629 1106 dicere
663 1052 808 1106 illum
834 1067 954 1108 esse
992 1063 1278 1108 mutatum.

369 1143 531 1212 Atqui
568 1145 648 1198 sic
681 1159 896 1197 mecum
931 1145 1208 1213 disputant
1237 1163 1250 1200 :
1290 1145 1576 1200 Diceresne
1610 1147 1874 1216 genitum,

297 1235 439 1302 quod
472 1236 841 1304 generationis
873 1237 1201 1305 principium
1229 1251 1333 1291 non
1359 1238 1556 1292 habet?
1581 1236 1700 1292 Non
1723 1240 1880 1308 equi-

301 1330 442 1381 dem.
490 1326 642 1396 Quod
687 1330 832 1383 enim
883 1339 1037 1384 caret
1064 1315 1431 1400 generationis
1461 1332 1752 1401 principio,
1781 1346 1878 1386 ne-

299 1421 534 1475 cessario
557 1429 641 1474 est
670 1420 994 1491 ingenitum.
1032 1419 1088 1474 Si
1121 1430 1300 1474 autem
1342 1421 1583 1490 genitum
1619 1431 1726 1489 est,
1749 1437 1879 1477 con-

299 1509 446 1566 cedis
480 1513 548 1566 ab
593 1512 769 1582 aliqua
819 1528 982 1568 causa
1018 1528 1140 1568 esse
1169 1513 1409 1584 genitum
1443 1528 1707 1582 :prorsus
1731 1514 1876 1568 enim

299 1602 636 1671 impossibile
681 1613 765 1658 est
801 1603 918 1658 sine
948 1619 1113 1658 causa
1139 1605 1547 1674 generationem
1577 1607 1736 1660 eSse‘I
1765 1605 1876 1660 lm-

1979 413 2071 465 τοῦ
2095 412 2222 484 [μὴ]
2264 415 2470 478 ποιεῖν;
2521 413 2780 483 Ἀνάγκη.
2834 410 3190 465 Ἦλλοιῶσθαι
3235 409 3292 461 δὲ
3321 408 3484 460 αὑτὸν
3509 406 3557 438 δ’

1980 509 2146 579 φαίης
2173 509 2248 576 μὴ
2275 507 2534 561 ποιοῦντα
2560 509 2801 577 σήμερον
2833 504 2961 575 παρ’
2980 502 3010 556 ὃ
3036 499 3104 573 ἦν
3140 501 3230 554 ὅτε
3275 498 3450 551 ἐποίει
3471 499 3517 528 ⁵⁸
3540 513 3556 560 ;

1981 600 2268 670 Οὐδαμῶς.
2293 600 2416 653 Οὐδ’
2446 599 2553 670 ἄρα
2584 599 2660 652 ὅτ’
2690 598 2864 652 ὲποίει
2893 596 2990 650 τὸν
3045 595 3273 666 κόσμον,
3323 588 3558 660 ὴλλοιιῖι-

1980 695 2103 749 σθαι
2133 694 2294 748 αὑτὸν
2327 695 2542 764 ἀνάγκη
2574 693 2706 764 παρ’
2743 693 2771 747 ὃ
2818 689 2888 763 ἦν
2925 692 3017 744 ὅτε
3050 691 3154 743 οὐκ
3190 687 3369 742 ἐποίει
3397 703 3415 718 ⁶
3460 685 3560 738 καὶ

1977 787 2102 841 οὔτε
2139 788 2352 858 ἀνάγκη
2403 787 2766 858 συνυπάρχειν
2806 785 2956 855 αὺτῷ
2980 784 3042 837 τὸ
3090 786 3198 836 πᾶν
3233 783 3314 836 δεῖ
3351 780 3559 848 λέγειν,

1977 883 2066 935 διὰ
2091 882 2152 936 τὸ
2179 881 2253 952 μὴ
2269 880 2678 948 ἀναγκάζεσθαι
2704 880 2885 949 λέγειν
2921 878 3050 952 [496
3077 875 3173 949 H.]
3197 873 3554 947 ἠλλοιῶσθαι,

1978 973 2101 1028 οὔτε
2128 974 2172 1006 ³⁸
2199 973 2463 1026 συναῒδιον
2487 972 2554 1026 δι’
2582 971 2714 1026 αὐτὸ
2734 970 2913 1026 τοῦτο.

2050 1151 2160 1206 Καί
2194 1169 2284 1222 μοι
2303 1150 2434 1222 φάθι
2452 1150 2498 1182 ⁸²
2521 1149 2614 1203 καὶ
2649 1139 2754 1202 ὧδε
2780 1162 2794 1177 '
2828 1144 3062 1217 Γενητδν
3089 1144 3149 1198 τὺ
3174 1142 3249 1214 μὴ
3288 1141 3564 1211 γενέσεως

1978 1244 2099 1315 ἔχον
2135 1242 2309 1314 ἀρχὴν
2344 1241 2510 1312 φαίης
2536 1239 2635 1304 ᾶνς
2669 1239 2744 1293 Οὺ
2789 1238 2930 1308 δῆτα
2954 1253 2966 1267 ⁸
3000 1238 3051 1290 εἰ
3101 1235 3210 1305 γὰρ
3245 1235 3319 1305 μὴ
3359 1232 3566 1286 ὑποπί-

1979 1351 2104 1387 πτει
2134 1333 2401 1403 γενέσεως
2429 1331 2596 1402 ἀρχῇ.
2625 1329 2686 1394 ἐξ
2707 1329 2952 1397 ἀνάγκης
2987 1325 3250 1394 ἀγένητόν
3283 1326 3451 1376 ἐστιν.
3496 1320 3564 1373 Ei.

1978 1427 2034 1480 δὲ
2073 1426 2318 1495 γέγονεν,
2339 1423 2443 1476 ὑπὸ
2464 1422 2638 1478 αἰτίου
2671 1421 2817 1492 τινὸς
2864 1419 3022 1482 δίδως
3049 1417 3186 1470 αὐτὸ
3235 1413 3558 1484 γεγονέναι·

1980 1521 2157 1589 πάντη
2211 1516 2320 1588 γάρ
2369 1515 2632 1569 ἀδύνατον
2684 1514 2858 1584 χωρὶς
2895 1512 3071 1566 αἰτίου
3127 1510 3344 1579 γένεσιν
3373 1506 3562 1577 ἕχεινς

1994 1612 2301 1666 Ἀδύνατον.
2336 1609 2560 1680 Κόσμον
2574 1608 2638 1679 δὴ
2669 1606 2783 1672 οὖν,
2809 1606 2905 1659 καὶ
2933 1605 3034 1658 ὅσα
3055 1605 3114 1656 ὲν
3138 1601 3310 1672 αὐτῷ,
3334 1599 3497 1654 ἄλλου
3516 1597 3566 1627 ⁸³

298 1670 574 1764 possibile.
626 1693 816 1749 Nonne
865 1710 995 1766 ergo
1040 1705 1094 1749 et
1145 1670 1429 1758 mundum,
1461 1705 1516 1750 et
1543 1712 1873 1766 quaecunque

1995 1706 2124 1768 τινὸς
2157 1704 2192 1775 ἢ
2257 1701 2394 1756 Θεοῦ
2446 1670 2909 1772 δημιουργοῖιντος
2956 1698 3202 1768 φήσομεν
3263 1670 3564 1761 γεγονέναι

298 1798 425 1842 sunt
465 1787 518 1841 in
553 1787 686 1841 illo?
716 1787 906 1842 Nonne
934 1788 1017 1841 vel
1049 1791 1115 1840 ab
1148 1789 1352 1856 aliquo,
1378 1788 1459 1842 vel
1495 1787 1604 1844 Deo
1627 1799 1873 1845 creatore

301 1891 485 1948 postea
527 1880 728 1934 factum
780 1882 1021 1935 dicemus
1057 1897 1179 1934 cum
1213 1881 1360 1944 prius
1394 1896 1496 1935 non
1538 1881 1875 1938 esset?Per-

302 1970 552 2040 spicunm
587 1979 669 2025 est
703 1986 733 2025 a
767 1973 895 2026 Deo.
935 1972 1271 2040 lmpossibile
1312 1973 1455 2025 enim
1502 1982 1603 2040 est,
1644 1985 1702 2028 ut
1733 1976 1874 2042 quod

299 2063 666 2130 generationis
710 2045 974 2132 principio
1028 2063 1518 2132 circumscribitur,
1562 2067 1614 2121 id
1663 2069 1876 2123 infinito

301 2167 421 2206 esse
450 2153 823 2207 coinfinitum?
855 2153 1208 2223 lmpossibile.

375 2244 513 2314 Ergo
560 2245 780 2309 iterur‘n,
834 2258 1111 2314 centaure,
1145 2252 1209 2304 ad
1267 2251 1591 2321 principium
1643 2252 1883 2322 disputav-

306 2335 468 2390 tionis
518 2349 880 2392 revertamur.
921 2339 1289 2398 Allirmatisne
1350 2359 1412 2398 ea
1436 2360 1554 2414 quae
1588 2347 1879 2412 exsistunt,

309 2429 488 2481 divina
527 2429 752 2483 scientia
811 2429 950 2486 facta
1000 2448 1122 2487 esse
1157 2435 1366 2490 necne?
1413 2436 1610 2490 Iterum
1653 2437 1871 2492 dicent:

304 2520 520 2576 Minime
542 2519 678 2592 (84),
696 2522 786 2577 sed
805 2523 872 2578 ab
893 2525 1194 2590 elementis,
1216 2527 1296 2582 vel
1317 2529 1563 2596 materia,
1591 2539 1683 2582 aut
1703 2529 1886 2584 ﬁrma-

303 2613 524 2677 mentis,
576 2623 670 2667 aut
718 2614 916 2683 quibus
969 2615 1085 2670 haec
1132 2618 1314 2672 verbis
1376 2619 1651 2688 appellare
1700 2621 1884 2688 vultis,

304 2704 440 2758 nihil
493 2705 638 2759 enim
688 2706 939 2761 interest.
1002 2705 1101 2762 I-lis
1155 2711 1301 2764 enim
1353 2711 1556 2778 absque
1611 2715 1888 2768 creatione

303 2793 824 2864 praeexsistentibus,
846 2809 1158 2868 temer-eque
1174 2799 1570 2869 oberrantibus,
1588 2801 1728 2857 Deus
1749 2802 1886 2877 [illa]

305 2900 615 2951 secernens,
671 2889 856 2942 omnia
905 2888 1198 2944 fabricatus
1247 2901 1352 2956 est,
1414 2892 1562 2947 velut
1617 2905 1888 2964 praestans

303 2977 479 3046 pictor
524 2993 590 3034 ex
637 2979 823 3036 multis
863 2982 1136 3038 coloribus
1189 2999 1351 3036 unam
1407 2986 1664 3054 exprimit
1709 2988 1884 3041 ideam
1913 3017 1955 3075 ρ

304 3085 400 3126 seu
431 3072 744 3142 imaginem.
771 3070 884 3128 Nec
927 3073 1029 3128 hoc
1063 3072 1322 3147 [dicent].
1355 3075 1591 3133 Omnino
1622 3079 1764 3135 enim
1799 3095 1886 3134 re-

306 3162 515 3233 fugient
547 3172 735 3218 contra
798 3165 1010 3234 seipsos
1057 3166 1159 3222 hoc
1199 3168 1414 3231 testari,
1472 3184 1538 3222 ne
1569 3170 1696 3224 dato
1743 3170 1888 3240 quod

307 3256 534 3311 materia
571 3257 820 3312 habuerit
862 3259 1186 3329 principium
1241 3262 1568 3317 secretionis
1608 3273 1663 3317 et
1710 3274 1887 3320 trans-

308 3349 674 3429 formationis,
720 3363 985 3423 cogantur
1016 3352 1179 3408 fateri
1223 3356 1390 3408 Deum
1428 3357 1663 3426 coepisse
1711 3366 1884 3413 ruate-

310 3444 443 3496 riam
493 3444 642 3511 prius
701 3443 1026 3513 indigestam
1084 3459 1179 3500 seu
1229 3446 1516 3502 informem
1555 3449 1723 3503 verbo
1760 3464 1888 3518 per-

310 3533 454 3590 fecte
482 3533 675 3605 303!)
707 3536 953 3605 digerere
979 3545 1035 3591 et
1065 3537 1325 3606 expolire.

378 3628 490 3698 Age
519 3643 646 3681 vero
682 3629 933 3696 quoniam
973 3627 1085 3683 Deo
1105 3629 1332 3699 juvante
1364 3631 1594 3687 dicendo
1640 3633 1706 3687 ad
1744 3635 1890 3690 hunc

311 3720 487 3775 locum
521 3722 885 3789 pervenimus,
911 3723 957 3779 si
987 3722 1072 3776 cui
1101 3732 1278 3777 statua
1317 3724 1435 3777 basi
1471 3739 1565 3777 sua
1603 3725 1888 3795 collocata,

313 3814 640 3884 elegansque
688 3815 799 3879 sit,
847 3814 1001 3884 cujus
1063 3816 1385 3869 concinnam
1435 3816 1889 3886 pulchritudinem

310 3914 649 3974 spectatores
683 3905 970 3974 mirentur,
997 3907 1090 3959 sed
1119 3907 1502 3962 dissentientes
1535 3909 1676 3963 inter
1706 3924 1766 3964 se
1793 3925 1890 3964 co—

311 4004 508 4050 nentur
534 3996 785 4050 evincere
805 3997 1000 4066 partim
1026 4012 1148 4052 esse
1173 3999 1409 4066 genitam
1439 4000 1710 4074 [factam].
1761 4019 1892 4072 par-

309 4090 406 4144 tim
449 4104 578 4145 vero
617 4090 906 4159 ingenitam
957 4089 1090 4163 [non
1123 4091 1380 4166 factam];
1425 4098 1743 4163 quaesierim
1792 4113 1894 4167 ego

313 4198 384 4237 ex
410 4181 564 4237 vobis
588 4199 690 4253 qua
723 4183 790 4237 de
819 4199 986 4239 causa
1012 4185 1308 4256 ingenitam
1335 4188 1552 4254 dicatis,
1578 4205 1644 4243 an
1668 4201 1894 4260 propter

313 4276 577 4331 artiﬁcem
620 4285 678 4329 ut
710 4291 776 4330 ne
803 4291 1038 4346 unquam
1071 4277 1141 4332 ab
1170 4293 1333 4348 opere
1369 4296 1574 4336 vacuus
1605 4297 1724 4336 esse
1756 4297 1888 4337 cen-

1985 1799 2231 1868 ὓστερον,
2284 1795 2552 1867 πρότερον
2569 1793 2616 1825 ⁵⁸
2664 1793 2766 1846 οὐκ
2825 1792 2988 1857 bina;
3035 1787 3205 1858 Δῆλον
3261 1786 3342 1838 ὅτι
3400 1780 3562 1836 Θεοῦ.

1997 1891 2282 1945 Ἀδύνατον
2308 1888 2419 1958 γὰρ
2453 1887 2514 1941 τὸ
2551 1885 2824 1955 γενέσεως
2861 1886 3005 1956 ἀρχῇ
3045 1878 3394 1953 περιορισθὲν
3432 1892 3562 1929 συν⁹

1985 1986 2090 2042 απέ
2100 2001 2292 2056 ραντον
2312 1983 2359 2014 ⁵⁵
2383 1979 2523 2036 εἶναι
2545 1980 2622 2051 τῷ
2643 1979 2970 2050 ἀπεράντως
3003 1975 3308 2028 Ἀδύνατον.

2055 2253 2226 2309 Πάλιν
2243 2251 2308 2323 δὴ
2328 2247 2442 2314 οὖν,
2475 2244 2520 2303 ὦ
2560 2248 2864 2316 Κένταυρε,
2902 2245 2961 2310 ἐξ
3003 2242 3178 2312 ἀρχῆς
3221 2237 3568 2307 διαλεγώμε-

1986 2349 2054 2401 θα
2072 2348 2136 2400 ⁸⁸.
2164 2345 2297 2416 Θείᾳ
2335 2345 2616 2413 ἐπιστήμῃ
2638 2342 2710 2392 τὰ
2745 2339 2877 2392 ὅντα
2900 2334 3036 2405 φατὲ
3060 2331 3366 2402 γεγονέναι,
3399 2329 3433 2398 ἦ
3469 2326 3569 2393 ob;

1985 2438 2055 2495 Ὦ
2074 2440 2212 2512 βάλῃ
2226 2440 2292 2503 ⁸⁷,
2310 2437 2575 2502 λέξουσιν,
2598 2433 2870 2500 οὐδαμῶς,
2893 2430 3026 2484 ἀλλὰ
3043 2429 3152 2482 ἀπὸ
3169 2428 3274 2480 τῶν
3290 2423 3574 2492 στοιχείων

1985 2534 2020 2605 ἢ
2057 2531 2244 2604 ὓληςῆ
2274 2528 2689 2600 στηριγμάτων,
2730 2525 2763 2595 ἢ
2798 2526 2947 2585 ὅπως
2997 2521 3153 2578 αὐτοὶ⁵
3210 2519 3383 2572 ταῦτα
3439 2515 3570 2586 βού-

1987 2627 2144 2681 λεσθε
2171 2623 2461 2694 ὀνομάζειν
2485 2637 2498 2652 ’
2531 2620 2684 2673 οὐδὲν
2719 2618 2830 2686 γὰρ
2857 2615 3127 2685 διαφέρει.
3172 2612 3391 2665 Τούτων
3439 2611 3577 2676 ἀγε-

1987 2722 2162 2790 νήτως
2192 2713 2688 2788 προῦφεστηκότων
2717 2713 2810 2764 καὶ
2855 2706 3191 2778 πλημμελῶς
3225 2700 3574 2772 φερομένων,

1990 2814 2018 2866 ὁ
2045 2811 2177 2874 Θεὸς
2205 2809 2490 2876 διακρίνας
2555 2805 2882 2876 ὲτεχνάσατο
2917 2802 2962 2835 ⁸⁸
3018 2799 3088 2853 τά
3128 2797 3329 2859 πάντα,
3372 2792 3569 2861 ὥσπερ

1989 2902 2193 2971 ἀγαθὸς
2259 2899 2553 2971 ζωγράφος
2615 2894 2725 2951 ἀπὸ
2780 2893 2994 2947 πολλῶν
3063 2886 3370 2960 χρωμάτων
3444 2883 3578 2953 μίαν

1989 2995 2391 3065 τεχνησάμενος
2427 2991 2603 3050 ίδέαν;
2632 2988 2757 3060 [957
2785 2985 2878 3058 [1.]
2933 2985 3066 3039 Οὐδὲ
3098 2980 3258 3035 τοῦτο
3286 2996 3302 3012 ο
3357 2979 3579 3038 πάντως

1991 3089 2101 3159 γὰρ
2135 3085 2534 3156 ἀποφεύξονται
2563 3080 2895 3153 ὁμολογῆσαι
2937 3076 3059 3130 καθ’
3101 3073 3333 3137 ἑαυτῶν,
3383 3070 3473 3122 ἵνα
3503 3067 3580 3138 μὴ

1989 3183 2088 3251 τῆς
2136 3177 2517 3248 κατακρίσεως
2545 3175 2591 3207 ⁸⁸
2647 3173 2744 3227 καὶ⁹
2779 3171 2880 3240 τῆς
2939 3162 3417 3240 μεταμορφώσεως
3478 3161 3582 3230 τὴν

1997 3272 2130 3342 ὓλην
2156 3267 2571 3341 συγχωροῦντες
2601 3265 2775 3336 ἀρχὴν
2816 3262 3135 3332 ἐσχηκυῖαν,
3190 3251 3583 3322 ἀναγκασθῶσι

1994 3363 2071 3433 τῷ
2109 3361 2254 3433 λόγῳ
2292 3361 2434 3416 κατὰ
2465 3361 2643 3414 πάντα
2667 3359 2760 3411 τὸν
2793 3356 2927 3409 Θεὸν
2954 3351 3156 3425 ἦρχθαι
3202 3347 3299 3401 τοῦ
3357 3347 3584 3400 διοικεῖν

1995 3455 2175 3524 λέγειν
2234 3455 2330 3507 καὶ
2386 3453 2764 3522 κατακοσμεῖν
2841 3447 2942 3518 τὴν
3004 3447 3272 3516 πρότερον
3334 3440 3586 3511 ἄμορφον

1996 3547 2164 3601 οὖσαν
2199 3544 2354 3613 ὓλην.

2063 3640 2198 3711 Φέρε
2227 3639 2354 3708 γὰρ,
2390 3637 2602 3707 ἐπειδὴ,
2640 3636 2740 3689 σὺν
2802 3634 2880 3705 τῷ
2931 3633 3052 3704 Θεῷ
3097 3635 3286 3702 φάναι,
3345 3630 3586 3686 ἐνταῦθα

1996 3731 2092 3786 τοῦ
2117 3731 2274 3798 λόγου
2303 3730 2631 3798 γεγόναμεν,
2682 3727 2798 3797 ἦτω
2829 3744 2916 3790 τις
2974 3727 3220 3797 ἀνδριὰς,
3275 3723 3450 3786 ἑστὼς
3492 3723 3588 3775 ἐπὶ

2000 3824 2233 3894 βάσεως,
2282 3820 2480 3882 καλός⁸
2522 3815 2586 3872 οἶ)
2645 3818 3019 3888 θαυμάζοντες
3050 3817 3100 3869 οἱ
3159 3816 3431 3885 θεώμενοι
3485 3813 3588 3883 τὴν

1999 3914 2273 3984 εὔρυθμον
2304 3913 2350 3945 ⁸ο
2373 3910 2639 3981 καλλονὴν
2666 3909 3110 3980 διαφερέσθωσαν
3139 3907 3273 3980 πρὸς
3295 3907 3586 3977 ἀλλήλους,

1999 4010 2076 4077 πῆ
2115 4007 2213 4076 μὲν
2238 4003 2492 4074 γενητὸν,
2526 4003 2681 4073 πῆῑδὲ
2707 4003 2804 4056 xui.
2828 4002 3094 4071 ἀγένητον
3127 3999 3463 4071 πειρώμενοι
3490 3998 3584 4050 λέ-

1998 4115 2116 4167 γειν
2137 4097 2204 4150 ⁸³.
2239 4095 2500 4166 Ἐροίμην
2520 4093 2628 4164 γὰρ
2683 4093 2844 4160 σφᾶς,
2879 4092 2948 4145 δι’
2978 4092 3046 4162 ἣν
3094 4091 3272 4145 αἰτίαν
3320 4089 3589 4158 ἀγένητον

2000 4189 2162 4244 αὐτόν
2196 4202 2368 4256 φατες
2404 4185 2631 4255 πότερον
2651 4182 2741 4237 διὰ
2770 4184 2860 4236 τὸν
2904 4183 3156 4254 τεχνίτην
3180 4222 3197 4248 ,
3244 4183 3392 4244 ὅπως
3450 4180 3590 4251 μηδ-

2005 4279 2164 4350 αμῶς
2185 4277 2438 4347 ἁργήσας
2458 4275 2556 4344 τῆς
2585 4274 2947 4345 δημιουργίας
2972 4273 3267 4345 νομίζοιτο,
3296 4273 3330 4344 ἦ
3380 4273 3450 4326 δι’
3478 4275 3586 4325 αὑ-

312 4379 498 4422 seatur
534 4365 668 4438 (85),
714 4382 782 4421 an
821 4377 1044 4438 propter
1085 4370 1358 4439 seipsam?
1403 4373 1561 4441 Atqui
1592 4373 1637 4427 si
1680 4383 1883 4442 propter

2001 4370 2090 4423 τόν
2107 4369 2150 4399 ⁸³
2176 4385 2191 4432 ;
2221 4368 2318 4420 Ἂν
2345 4365 2444 4435 μὲν
2471 4364 2580 4435 γὰρ
2599 4364 2686 4417 διὰ
2713 4364 2805 4418 τὸν
2827 4365 3101 4434 τεχνίτην,
3150 4364 3271 4428 πῶς
3317 4365 3589 4432 ἀγένητος

313 4459 616 4524 artificem,
671 4461 944 4528 quomodo
997 4461 1237 4533 ingenita
1276 4463 1381 4517 erit
1424 4479 1546 4518 cum
1579 4465 1647 4518 ab
1687 4466 1895 4521 artifice

2000 4460 2074 4515 ὢν
2102 4461 2238 4531 πρὸς
2260 4457 2354 4512 τοῦ
2376 4456 2626 4528 τεχνίτου
2667 4457 3123 4528 δημιουργεῖται;
3174 4455 3238 4508 Εἰ
3288 4455 3398 4526 γὰρ
3447 4454 3589 4517 ὅλως

311 4552 667 4607 ell‘ormetur?
695 4551 830 4608 Nam
875 4554 920 4610 si
969 4569 1167 4625 expers
1213 4557 1390 4612 omnis
1437 4559 1654 4627 peuitus
1680 4560 1815 4614 artis
1842 4572 1883 4614 el

2002 4557 2061 4607 ἐν
2083 4552 2259 4624 ἐνδείᾳ
2321 4549 2422 4619 τῆς
2476 4550 2672 4618 τέχνης
2718 4548 3026 4618 καθέστηκε
3072 4546 3587 4618 χαλκουργούμενος

312 4641 486 4706 rudis,
520 4641 806 4712 eﬂingatur
845 4644 912 4698 ad
949 4660 1333 4714 quamcunque
1376 4645 1504 4699 velit
1553 4647 1749 4700 artifex
1781 4646 1895 4700 for-

312 4748 454 4786 mam
486 4748 581 4788 seu
615 4733 867 4803 figuram.
896 4738 1165 4804 quomodo
1198 4739 1303 4791 erit
1334 4737 1596 4807 ingenita,
1622 4737 1892 4811 [manum]

310 4840 469 4894 passa
495 4834 552 4880 et
583 4827 858 4881 tractata?
885 4829 942 4886 Si
971 4844 1184 4883 rursum
1218 4842 1438 4898 propter
1462 4833 1694 4898 seipsam
1719 4829 1897 4898 perfe-

2004 4645 2141 4716 πρὸς
2170 4643 2232 4696 τὸ
2255 4643 2403 4712 σχεῖν
2420 4642 2603 4694 ὁποῖον
2630 4641 2658 4692 ὁ
2679 4641 3012 4711 δημιουργὸς
3031 4640 3207 4692 ἐθέλοι
3233 4639 3581 4710 χαρακτῆρα,

2003 4737 2142 4806 ποίῳ
2170 4735 2355 4806 τρόπῳ
2390 4733 2657 4801 ἀγένητος
2694 4729 2848 4784 ἔσται
2873 4731 2918 4762 ⁸³
2942 4731 3169 4800 πάσχων
3200 4747 3258 4783 τε
3291 4731 3386 4782 καὶ
3440 4727 3586 4799 δρώ-

2006 4843 2196 4896 μενος;
2229 4827 2292 4879 Ei
2315 4825 2372 4878 δὲ
2404 4819 2470 4878 αὖ
2525 4823 2593 4876 δι’
2649 4821 2840 4876 ἑαυτὸν
2894 4822 3099 4885 τέλειος
3153 4823 3249 4875 καὶ
3317 4821 3585 4888 ἀγένητος

1615 4963 1850 5018 VARl/E
1899 4961 2297 5022 LECTIONES.

419 5055 466 5088 ⁸³
492 5055 550 5109 δὲ
587 5056 679 5111 τὸν
712 5056 878 5108 αὐτόν
931 5055 992 5109 Β.
1104 5057 1150 5088 ⁵⁸
1185 5057 1264 5109 ὅτ’
1304 5057 1505 5127 ἐποίειι

313 5123 474 5196 ἄλλου
528 5143 651 5180 cum
705 5127 794 5180 AB
826 5127 984 5180 omisi
1040 5127 1176 5196 μῶν.
1284 5128 1329 5158 ’δ
1363 5123 1627 5196 πρότερον
1687 5131 1726 5181 Β
1780 5149 1794 5182 :

315 5195 374 5268 τὸ
405 5198 693 5268 γενέσεως.
724 5267 729 5268 ν
768 5199 814 5230 ⁸⁸
834 5195 1212 5268 διαλεγώμεθα
1244 5212 1387 5250 corr.
1413 5195 1460 5250 Β
1492 5215 1504 5250 :
1535 5195 1980 5268 διαλεγόμεθα’ς·.

311 5263 406 5336 λε.-
469 5267 516 5298 ⁵⁸
544 5267 874 5336 ἐτεχνάτατο
929 5263 1017 5319 ΑΒ
1039 5285 1051 5318 :
1075 5263 1414 5336 ἐτεχνήσατο
1445 5285 1504 5330 ς.

1572 5058 1691 5111 libri
1753 5059 1841 5111 ὅτε
1893 5061 2056 5112 ποιεῖ.

1857 5129 2072 5200 πρῶτον
2145 5145 2237 5200 ςη
2300 5129 2358 5200 _‘"‘

1603 5271 1646 5340 “_9
1681 5263 2083 5340 κατακρίσεως]
2115 5263 2737 5340 διἀκρίσεως-ξοοιίςςπ,
2786 5263 3163 5340 με-τακρίσεως
3231 5263 3343 5316 alii.

2155 5056 2200 5089 “
2229 5056 2353 5110 οὔτε
2402 5055 2536 5112 AB:
2577 5056 2660 5108 δτι
2723 5073 2786 5119 ς.

2409 5137 2526 5195 post
2581 5119 2993 5196 συναπέραντον
3018 5137 3138 5196 eum
3158 5119 3458 5196 uABpmisi
3477 5119 3587 5196 γάρ

2079 5200 2122 5230 ⁵⁷
2156 5189 2318 5268 βάλῃ]
2343 5189 2504 5268 πάλιν
2538 5197 2578 5248 Β
2602 5205 2657 5251 et
2687 5189 2831 5250 corr.
2865 5199 2908 5248 A
2942 5211 2956 5247 :
2987 5194 3076 5268 alii
3105 5191 3236 5262 βάλε
3344 5205 3394 5243 e.
3424 5189 3581 5268 ἀϐά-

3421 5261 3466 5290 ⁶⁰
3490 5256 3582 5311 εὖ·

2891 5055 2937 5086 ”
2971 5053 3105 5121 φασί
3156 5050 3262 5105 AB.
3356 5048 3404 5121 δέ
3436 5057 3586 5121 ante

317 5334 524 5405 ρυθμον
547 5325 683 5392 Αιξὲ
721 5337 1020 5410 ὲρρύθμιον
1049 5355 1109 5400 ς.
1179 5325 1228 5368 ’δ’
1261 5325 1801 5408 λέγειν’πειρώμενοι
1970 5341 2014 5372 ⁸³
2042 5325 2256 5393 ’ἔαυτόν
2277 5340 2344 5391 Α.
2421 5325 2466 5369 δ’
2495 5325 2674 5408 ἕσταῖ]
2704 5325 2904 5391 άνλΒ.

1823 5449 2036 5507 NOTAE
2050 5491 2062 5504 .

389 5567 500 5638 (84)
539 5561 583 5622 ὧ
608 5568 766 5640 βάλη.
786 5568 846 5621 '0
872 5583 1039 5639 apage
1073 5570 1337 5639 inquicnt.
1375 5569 1429 5622 In
1471 5570 1715 5640 margine
1740 5570 1900 5625 πάλιν

319 5638 538 5696 iterum.
600 5638 913 5710 ἀγεννήτως
959 5638 1178 5710 proprie
1223 5642 1340 5696 sine
1382 5638 1748 5710 generatione.
1784 5645 1897 5697 Κα-

2008 5569 2316 5640 τακρίσεῳς
2346 5568 2530 5622 malim
2554 5567 2905 5640 διακρίσεως,
2925 5566 3027 5621 nisi
3060 5565 3201 5620 idem
3234 5564 3472 5621 valeant.

2081 5641 2194 5713 (85)
2235 5639 2468 5698 Causam
2500 5641 2640 5695 hanc
2672 5639 2779 5695 non
2812 5639 2949 5695 bene
2979 5652 3255 5707 assequor.
