  <div class='ocr_page' id='page_1' title='image "/cluster/home/n/w/nwhite01/storage/ocr_20150623/103 pt.3/mdp.39015061933738/590.png"; bbox 0 0 3964 6246; ppageno 0'>
   <div class='ocr_carea' id='block_1_1' title="bbox 317 277 455 340">
    <p class='ocr_par' dir='ltr' id='par_1_1' title="bbox 317 277 455 340">
     <span class='ocr_line' id='line_1_1' title="bbox 317 277 455 340; baseline -0.007 0"><span class='ocrx_word' id='word_1_1' title='bbox 317 277 455 340; x_wconf 80' lang='grc'><strong>1145</strong></span> 
     </span>
    </p>
   </div>
   <div class='ocr_carea' id='block_1_2' title="bbox 1352 265 2528 349">
    <p class='ocr_par' dir='ltr' id='par_1_2' title="bbox 1352 265 2528 349">
     <span class='ocr_line' id='line_1_2' title="bbox 1352 265 2528 349; baseline 0.003 -7"><span class='ocrx_word' id='word_1_2' title='bbox 1352 283 1880 344; x_wconf 84' lang='lat' dir='ltr'><strong>BlBLIOTHECA.</strong></span> <span class='ocrx_word' id='word_1_3' title='bbox 1916 285 2170 349; x_wconf 80' lang='lat' dir='ltr'><strong>—con.</strong></span> <span class='ocrx_word' id='word_1_4' title='bbox 2207 265 2528 346; x_wconf 80' lang='lat' dir='ltr'><strong>ccxva.</strong></span> 
     </span>
    </p>
   </div>
   <div class='ocr_carea' id='block_1_3' title="bbox 3444 285 3582 351">
    <p class='ocr_par' dir='ltr' id='par_1_3' title="bbox 3444 285 3582 351">
     <span class='ocr_line' id='line_1_3' title="bbox 3444 285 3582 351; baseline 0.029 -4"><span class='ocrx_word' id='word_1_5' title='bbox 3444 285 3582 351; x_wconf 70' lang='grc'><strong>1146</strong></span> 
     </span>
    </p>
   </div>
   <div class='ocr_carea' id='block_1_4' title="bbox 309 389 1882 469">
    <p class='ocr_par' dir='ltr' id='par_1_4' title="bbox 309 389 1882 467">
     <span class='ocr_line' id='line_1_4' title="bbox 309 389 1882 467; baseline 0.003 -23"><span class='ocrx_word' id='word_1_6' title='bbox 309 393 524 460; x_wconf 79' lang='grc' dir='ltr'>λέγοιτο</span> <span class='ocrx_word' id='word_1_7' title='bbox 551 389 627 463; x_wconf 77' lang='grc' dir='ltr'>μὴ</span> <span class='ocrx_word' id='word_1_8' title='bbox 655 389 864 445; x_wconf 84' lang='grc' dir='ltr'>δεῖσθαι</span> <span class='ocrx_word' id='word_1_9' title='bbox 898 391 998 462; x_wconf 78' lang='grc' dir='ltr'>τῆς</span> <span class='ocrx_word' id='word_1_10' title='bbox 1022 392 1067 425; x_wconf 68' lang='grc'><strong>⁸⁸</strong></span> <span class='ocrx_word' id='word_1_11' title='bbox 1119 394 1316 464; x_wconf 80' lang='grc' dir='ltr'>τέχνης</span> <span class='ocrx_word' id='word_1_12' title='bbox 1377 397 1406 448; x_wconf 84' lang='lat'><strong>6</strong></span> <span class='ocrx_word' id='word_1_13' title='bbox 1451 396 1694 467; x_wconf 82' lang='grc' dir='ltr'>ἀνδριὰς,</span> <span class='ocrx_word' id='word_1_14' title='bbox 1751 398 1882 450; x_wconf 78' lang='grc' dir='ltr'>κατὰ</span> 
     </span>
    </p>
   </div>
   <div class='ocr_carea' id='block_1_5' title="bbox 1991 389 3579 469">
    <p class='ocr_par' dir='ltr' id='par_1_5' title="bbox 1996 396 3579 469">
     <span class='ocr_line' id='line_1_5' title="bbox 1996 396 3579 469; baseline 0.002 -18"><span class='ocrx_word' id='word_1_15' title='bbox 1996 407 2078 452; x_wconf 81' lang='lat' dir='ltr'><strong>rta</strong></span> <span class='ocrx_word' id='word_1_16' title='bbox 2131 409 2190 453; x_wconf 93' lang='lat' dir='ltr'><strong>et</strong></span> <span class='ocrx_word' id='word_1_17' title='bbox 2245 399 2526 469; x_wconf 85' lang='lat' dir='ltr'><strong>tugenita,</strong></span> <span class='ocrx_word' id='word_1_18' title='bbox 2587 396 2822 461; x_wconf 77' lang='lat' dir='ltr'><strong>dicatur,</strong></span> <span class='ocrx_word' id='word_1_19' title='bbox 2873 398 3170 452; x_wconf 82' lang='lat' dir='ltr'><strong>secundum</strong></span> <span class='ocrx_word' id='word_1_20' title='bbox 3218 398 3579 467; x_wconf 72' lang='lat' dir='ltr'><strong>perniciosam</strong></span> 
     </span>
    </p>
   </div>
   <div class='ocr_carea' id='block_1_6' title="bbox 312 481 1889 558">
    <p class='ocr_par' dir='ltr' id='par_1_6' title="bbox 312 481 1889 558">
     <span class='ocr_line' id='line_1_6' title="bbox 312 481 1889 558; baseline 0.004 -24"><span class='ocrx_word' id='word_1_21' title='bbox 312 483 376 535; x_wconf 86' lang='grc' dir='ltr'><strong>τὸ</strong></span> <span class='ocrx_word' id='word_1_22' title='bbox 407 482 650 550; x_wconf 81' lang='grc' dir='ltr'>ὀλέθριον</span> <span class='ocrx_word' id='word_1_23' title='bbox 715 481 915 551; x_wconf 79' lang='grc' dir='ltr'>δόγμα,</span> <span class='ocrx_word' id='word_1_24' title='bbox 965 482 1180 552; x_wconf 80' lang='grc' dir='ltr'><strong>ἀνάγκη</strong></span> <span class='ocrx_word' id='word_1_25' title='bbox 1231 485 1642 556; x_wconf 85' lang='grc' dir='ltr'>αὐτοματισμὸν</span> <span class='ocrx_word' id='word_1_26' title='bbox 1696 488 1889 558; x_wconf 87' lang='grc' dir='ltr'>ὁμολο-</span> 
     </span>
    </p>
   </div>
   <div class='ocr_carea' id='block_1_7' title="bbox 309 573 1888 650">
    <p class='ocr_par' dir='ltr' id='par_1_7' title="bbox 309 573 1888 650">
     <span class='ocr_line' id='line_1_7' title="bbox 309 573 1888 650; baseline 0.004 -24"><span class='ocrx_word' id='word_1_27' title='bbox 309 578 449 643; x_wconf 85' lang='grc' dir='ltr'>γεῖν.</span> <span class='ocrx_word' id='word_1_28' title='bbox 483 575 554 626; x_wconf 83' lang='grc' dir='ltr'>Ἢ</span> <span class='ocrx_word' id='word_1_29' title='bbox 579 573 702 627; x_wconf 78' lang='grc' dir='ltr'>οὐδὲ</span> <span class='ocrx_word' id='word_1_30' title='bbox 726 573 919 628; x_wconf 82' lang='grc' dir='ltr'>τοῦτον</span> <span class='ocrx_word' id='word_1_31' title='bbox 954 575 1082 639; x_wconf 81' lang='grc' dir='ltr'>ῖσως</span> <span class='ocrx_word' id='word_1_32' title='bbox 1111 575 1466 646; x_wconf 76' lang='grc' dir='ltr'><strong>ἐθελήσαντες</strong></span> <span class='ocrx_word' id='word_1_33' title='bbox 1508 579 1888 650; x_wconf 82' lang='grc' dir='ltr'>προσήκασθαι</span> 
     </span>
    </p>
   </div>
   <div class='ocr_carea' id='block_1_8' title="bbox 308 665 1891 742">
    <p class='ocr_par' dir='ltr' id='par_1_8' title="bbox 308 665 1891 742">
     <span class='ocr_line' id='line_1_8' title="bbox 308 665 1891 742; baseline 0.005 -25"><span class='ocrx_word' id='word_1_34' title='bbox 308 667 402 718; x_wconf 75' lang='grc' dir='ltr'>τὸν</span> <span class='ocrx_word' id='word_1_35' title='bbox 435 665 592 734; x_wconf 87' lang='grc' dir='ltr'>λόγον</span> <span class='ocrx_word' id='word_1_36' title='bbox 622 665 947 736; x_wconf 86' lang='grc' dir='ltr'>πικρότερον</span> <span class='ocrx_word' id='word_1_37' title='bbox 978 666 1422 736; x_wconf 78' lang='grc' dir='ltr'><strong>ἀποκρινοῦνται,</strong></span> <span class='ocrx_word' id='word_1_38' title='bbox 1454 669 1514 722; x_wconf 82' lang='grc' dir='ltr'>τὸ</span> <span class='ocrx_word' id='word_1_39' title='bbox 1557 671 1656 740; x_wconf 85' lang='grc' dir='ltr'><strong>μὲν</strong></span> <span class='ocrx_word' id='word_1_40' title='bbox 1691 669 1891 742; x_wconf 80' lang='grc' dir='ltr'><strong>βρέτας</strong></span> 
     </span>
    </p>
   </div>
   <div class='ocr_carea' id='block_1_9' title="bbox 309 752 1891 833">
    <p class='ocr_par' dir='ltr' id='par_1_9' title="bbox 309 752 1891 833">
     <span class='ocr_line' id='line_1_9' title="bbox 309 752 1891 833; baseline 0.005 -23"><span class='ocrx_word' id='word_1_41' title='bbox 309 757 573 826; x_wconf 84' lang='grc' dir='ltr'>ἀγένητον</span> <span class='ocrx_word' id='word_1_42' title='bbox 603 758 703 810; x_wconf 82' lang='grc' dir='ltr'>οὐκ</span> <span class='ocrx_word' id='word_1_43' title='bbox 741 752 882 812; x_wconf 77' lang='grc' dir='ltr'>εἶναι</span> <span class='ocrx_word' id='word_1_44' title='bbox 929 757 1206 827; x_wconf 88' lang='grc' dir='ltr'>λέγοντες,</span> <span class='ocrx_word' id='word_1_45' title='bbox 1245 765 1472 833; x_wconf 80' lang='grc' dir='ltr'>γενητὸν</span> <span class='ocrx_word' id='word_1_46' title='bbox 1503 763 1559 815; x_wconf 85' lang='grc' dir='ltr'><strong>δὲ</strong></span> <span class='ocrx_word' id='word_1_47' title='bbox 1607 757 1747 817; x_wconf 79' lang='grc' dir='ltr'>εἶναι</span> <span class='ocrx_word' id='word_1_48' title='bbox 1803 765 1891 818; x_wconf 75' lang='grc' dir='ltr'>ἀεὶ</span> 
     </span>
    </p>
   </div>
   <div class='ocr_carea' id='block_1_10' title="bbox 309 847 1889 920">
    <p class='ocr_par' dir='ltr' id='par_1_10' title="bbox 309 847 1889 920">
     <span class='ocr_line' id='line_1_10' title="bbox 309 847 1889 920; baseline 0.002 -21"><span class='ocrx_word' id='word_1_49' title='bbox 309 849 575 917; x_wconf 80' lang='grc' dir='ltr'>γενέσεως</span> <span class='ocrx_word' id='word_1_50' title='bbox 595 848 769 917; x_wconf 84' lang='grc' dir='ltr'>ἀρχὴν</span> <span class='ocrx_word' id='word_1_51' title='bbox 799 848 898 900; x_wconf 77' lang='grc' dir='ltr'>οὐκ</span> <span class='ocrx_word' id='word_1_52' title='bbox 959 847 1105 917; x_wconf 72' lang='grc' dir='ltr'>ἔχον,</span> <span class='ocrx_word' id='word_1_53' title='bbox 1153 848 1304 911; x_wconf 83' lang='grc' dir='ltr'>ὅπως</span> <span class='ocrx_word' id='word_1_54' title='bbox 1356 848 1612 920; x_wconf 83' lang='grc' dir='ltr'>ἀνάρχως</span> <span class='ocrx_word' id='word_1_55' title='bbox 1675 849 1889 918; x_wconf 84' lang='grc' dir='ltr'><strong>λέγοιτο</strong></span> 
     </span>
    </p>
   </div>
   <div class='ocr_carea' id='block_1_11' title="bbox 309 936 1886 1012">
    <p class='ocr_par' dir='ltr' id='par_1_11' title="bbox 309 936 1886 1012">
     <span class='ocr_line' id='line_1_11' title="bbox 309 936 1886 1012; baseline 0.003 -20"><span class='ocrx_word' id='word_1_56' title='bbox 309 942 534 1009; x_wconf 82' lang='grc' dir='ltr'><strong>κρατεῖν</strong></span> <span class='ocrx_word' id='word_1_57' title='bbox 566 938 662 993; x_wconf 82' lang='grc' dir='ltr'>τοῦ</span> <span class='ocrx_word' id='word_1_58' title='bbox 682 942 1058 1009; x_wconf 81' lang='grc' dir='ltr'><strong>τεχνάσματος</strong></span> <span class='ocrx_word' id='word_1_59' title='bbox 1105 941 1135 994; x_wconf 97' lang='lat'><strong>6</strong></span> <span class='ocrx_word' id='word_1_60' title='bbox 1182 940 1453 1012; x_wconf 85' lang='grc' dir='ltr'>τεχνίτης.</span> <span class='ocrx_word' id='word_1_61' title='bbox 1508 941 1742 1007; x_wconf 80' lang='grc' dir='ltr'>Οὐκοῦν,</span> <span class='ocrx_word' id='word_1_62' title='bbox 1773 936 1818 996; x_wconf 82' lang='grc' dir='ltr'><strong>ὦ</strong></span> <span class='ocrx_word' id='word_1_63' title='bbox 1842 943 1886 975; x_wconf 76' lang='grc'><strong>⁸⁸</strong></span> 
     </span>
    </p>
   </div>
   <div class='ocr_carea' id='block_1_12' title="bbox 310 1026 1890 1104">
    <p class='ocr_par' dir='ltr' id='par_1_12' title="bbox 310 1026 1890 1104">
     <span class='ocr_line' id='line_1_12' title="bbox 310 1026 1890 1104; baseline 0.002 -20"><span class='ocrx_word' id='word_1_64' title='bbox 310 1026 480 1096; x_wconf 67' lang='grc' dir='ltr'>οὗτοι,</span> <span class='ocrx_word' id='word_1_65' title='bbox 500 1031 726 1102; x_wconf 80' lang='grc' dir='ltr'>λέξομεν</span> <span class='ocrx_word' id='word_1_66' title='bbox 759 1032 964 1097; x_wconf 81' lang='grc' dir='ltr'>αὐτοῖς,</span> <span class='ocrx_word' id='word_1_67' title='bbox 989 1033 1037 1085; x_wconf 71' lang='grc' dir='ltr'><strong>εί</strong></span> <span class='ocrx_word' id='word_1_68' title='bbox 1091 1032 1166 1103; x_wconf 83' lang='grc' dir='ltr'>μὴ</span> <span class='ocrx_word' id='word_1_69' title='bbox 1194 1033 1385 1104; x_wconf 85' lang='grc' dir='ltr'>χρόνος</span> <span class='ocrx_word' id='word_1_70' title='bbox 1421 1033 1559 1103; x_wconf 85' lang='grc' dir='ltr'>μήτε</span> <span class='ocrx_word' id='word_1_71' title='bbox 1605 1032 1740 1086; x_wconf 86' lang='grc' dir='ltr'>αίὼν</span> <span class='ocrx_word' id='word_1_72' title='bbox 1800 1033 1890 1087; x_wconf 78' lang='grc' dir='ltr'><strong>εὑ-</strong></span> 
     </span>
    </p>
   </div>
   <div class='ocr_carea' id='block_1_13' title="bbox 313 1120 1889 1197">
    <p class='ocr_par' dir='ltr' id='par_1_13' title="bbox 313 1120 1889 1197">
     <span class='ocr_line' id='line_1_13' title="bbox 313 1120 1889 1197; baseline 0.003 -21"><span class='ocrx_word' id='word_1_73' title='bbox 313 1127 550 1196; x_wconf 74' lang='grc' dir='ltr'>ρίσκοιτο</span> <span class='ocrx_word' id='word_1_74' title='bbox 592 1125 799 1188; x_wconf 73' lang='grc' dir='ltr'>ἐπάνω,</span> <span class='ocrx_word' id='word_1_75' title='bbox 836 1125 925 1178; x_wconf 80' lang='grc' dir='ltr'>ὅτε</span> <span class='ocrx_word' id='word_1_76' title='bbox 963 1126 1065 1179; x_wconf 84' lang='grc' dir='ltr'><strong>οὐκ</strong></span> <span class='ocrx_word' id='word_1_77' title='bbox 1120 1120 1189 1196; x_wconf 78' lang='grc' dir='ltr'>ἦν</span> <span class='ocrx_word' id='word_1_78' title='bbox 1234 1123 1442 1187; x_wconf 80' lang='grc' dir='ltr'>τέλειος</span> <span class='ocrx_word' id='word_1_79' title='bbox 1489 1127 1517 1178; x_wconf 87' lang='grc' dir='ltr'>ὁ</span> <span class='ocrx_word' id='word_1_80' title='bbox 1549 1125 1796 1197; x_wconf 75' lang='grc' dir='ltr'>ἀνδριὰς,</span> <span class='ocrx_word' id='word_1_81' title='bbox 1835 1127 1889 1180; x_wconf 83' lang='grc' dir='ltr'><strong>τί</strong></span> 
     </span>
    </p>
   </div>
   <div class='ocr_carea' id='block_1_14' title="bbox 310 1217 1889 1290">
    <p class='ocr_par' dir='ltr' id='par_1_14' title="bbox 310 1217 1889 1290">
     <span class='ocr_line' id='line_1_14' title="bbox 310 1217 1889 1290; baseline -0.002 -17"><span class='ocrx_word' id='word_1_82' title='bbox 310 1219 588 1290; x_wconf 82' lang='grc' dir='ltr'>παρέσχεν</span> <span class='ocrx_word' id='word_1_83' title='bbox 615 1217 764 1287; x_wconf 80' lang='grc' dir='ltr'>αὐτῷ</span> <span class='ocrx_word' id='word_1_84' title='bbox 795 1219 824 1272; x_wconf 89' lang='lat'><strong>6</strong></span> <span class='ocrx_word' id='word_1_85' title='bbox 871 1217 1126 1287; x_wconf 77' lang='grc' dir='ltr'><strong>τεχνίτης</strong></span> <span class='ocrx_word' id='word_1_86' title='bbox 1167 1217 1202 1288; x_wconf 81' lang='grc' dir='ltr'>ἢ</span> <span class='ocrx_word' id='word_1_87' title='bbox 1237 1218 1292 1271; x_wconf 89' lang='grc' dir='ltr'><strong>τί</strong></span> <span class='ocrx_word' id='word_1_88' title='bbox 1326 1219 1630 1290; x_wconf 80' lang='grc' dir='ltr'>ἐνήργησεν</span> <span class='ocrx_word' id='word_1_89' title='bbox 1670 1218 1750 1277; x_wconf 81' lang='grc' dir='ltr'><strong>εἰς</strong></span> <span class='ocrx_word' id='word_1_90' title='bbox 1788 1218 1889 1271; x_wconf 84' lang='grc' dir='ltr'><strong>αὑ·</strong></span> 
     </span>
    </p>
   </div>
   <div class='ocr_carea' id='block_1_15' title="bbox 307 1307 1889 1380">
    <p class='ocr_par' dir='ltr' id='par_1_15' title="bbox 307 1307 1889 1380">
     <span class='ocr_line' id='line_1_15' title="bbox 307 1307 1889 1380; baseline -0.001 -18"><span class='ocrx_word' id='word_1_91' title='bbox 307 1311 428 1374; x_wconf 77' lang='grc' dir='ltr'>τόνς</span> <span class='ocrx_word' id='word_1_92' title='bbox 454 1309 596 1364; x_wconf 85' lang='grc' dir='ltr'>Φατέ</span> <span class='ocrx_word' id='word_1_93' title='bbox 625 1326 641 1342; x_wconf 74' lang='grc' dir='ltr'><strong>ο</strong></span> <span class='ocrx_word' id='word_1_94' title='bbox 673 1309 723 1363; x_wconf 87' lang='grc' dir='ltr'><strong>εί</strong></span> <span class='ocrx_word' id='word_1_95' title='bbox 786 1307 896 1379; x_wconf 81' lang='grc' dir='ltr'>γὰρ</span> <span class='ocrx_word' id='word_1_96' title='bbox 945 1309 973 1362; x_wconf 81' lang='lat'><strong>6</strong></span> <span class='ocrx_word' id='word_1_97' title='bbox 1011 1309 1174 1372; x_wconf 78' lang='grc' dir='ltr'>αὐτὸς</span> <span class='ocrx_word' id='word_1_98' title='bbox 1231 1308 1484 1380; x_wconf 80' lang='grc' dir='ltr'>ἀνενδεὴς</span> <span class='ocrx_word' id='word_1_99' title='bbox 1513 1307 1590 1361; x_wconf 83' lang='grc' dir='ltr'>ὢν</span> <span class='ocrx_word' id='word_1_100' title='bbox 1647 1308 1741 1361; x_wconf 79' lang='grc' dir='ltr'>καὶ</span> <span class='ocrx_word' id='word_1_101' title='bbox 1787 1308 1889 1361; x_wconf 76' lang='grc' dir='ltr'>οὐκ</span> 
     </span>
    </p>
   </div>
   <div class='ocr_carea' id='block_1_16' title="bbox 309 1399 1887 1472">
    <p class='ocr_par' dir='ltr' id='par_1_16' title="bbox 309 1399 1887 1472">
     <span class='ocr_line' id='line_1_16' title="bbox 309 1399 1887 1472; baseline 0 -20"><span class='ocrx_word' id='word_1_102' title='bbox 309 1402 450 1469; x_wconf 78' lang='grc' dir='ltr'>ἔχων</span> <span class='ocrx_word' id='word_1_103' title='bbox 489 1399 662 1471; x_wconf 84' lang='grc' dir='ltr'>ἀρχὴν</span> <span class='ocrx_word' id='word_1_104' title='bbox 683 1401 953 1470; x_wconf 83' lang='grc' dir='ltr'>γενέσεως</span> <span class='ocrx_word' id='word_1_105' title='bbox 981 1401 1260 1470; x_wconf 84' lang='grc' dir='ltr'>τυγχάνει,</span> <span class='ocrx_word' id='word_1_106' title='bbox 1289 1399 1463 1472; x_wconf 76' lang='grc' dir='ltr'>ταύτῃ</span> <span class='ocrx_word' id='word_1_107' title='bbox 1508 1400 1710 1470; x_wconf 84' lang='grc' dir='ltr'>μᾶλλον</span> <span class='ocrx_word' id='word_1_108' title='bbox 1765 1399 1887 1454; x_wconf 86' lang='grc' dir='ltr'>καθ’</span> 
     </span>
    </p>
   </div>
   <div class='ocr_carea' id='block_1_17' title="bbox 310 1492 1890 1567">
    <p class='ocr_par' dir='ltr' id='par_1_17' title="bbox 310 1492 1890 1567">
     <span class='ocr_line' id='line_1_17' title="bbox 310 1492 1890 1567; baseline -0.003 -17"><span class='ocrx_word' id='word_1_109' title='bbox 310 1498 458 1567; x_wconf 79' lang='grc' dir='ltr'>ὑμᾶς</span> <span class='ocrx_word' id='word_1_110' title='bbox 509 1498 538 1549; x_wconf 94' lang='lat'><strong>6</strong></span> <span class='ocrx_word' id='word_1_111' title='bbox 585 1495 922 1564; x_wconf 75' lang='grc' dir='ltr'>δημιουργὸς</span> <span class='ocrx_word' id='word_1_112' title='bbox 977 1494 1234 1547; x_wconf 81' lang='grc' dir='ltr'>οὐδέποτε</span> <span class='ocrx_word' id='word_1_113' title='bbox 1287 1493 1699 1564; x_wconf 75' lang='grc' dir='ltr'><strong>δημιουργήσας</strong></span> <span class='ocrx_word' id='word_1_114' title='bbox 1767 1492 1890 1547; x_wconf 78' lang='grc' dir='ltr'>οὔτε</span> 
     </span>
    </p>
   </div>
   <div class='ocr_carea' id='block_1_18' title="bbox 309 1584 1889 1656">
    <p class='ocr_par' dir='ltr' id='par_1_18' title="bbox 309 1584 1889 1656">
     <span class='ocr_line' id='line_1_18' title="bbox 309 1584 1889 1656; baseline 0 -19"><span class='ocrx_word' id='word_1_115' title='bbox 309 1585 664 1656; x_wconf 76' lang='grc' dir='ltr'><strong>δημιουργῶν</strong></span> <span class='ocrx_word' id='word_1_116' title='bbox 695 1584 1073 1656; x_wconf 82' lang='grc' dir='ltr'>εὑρεθήσεται.</span> <span class='ocrx_word' id='word_1_117' title='bbox 1105 1585 1216 1639; x_wconf 79' lang='grc' dir='ltr'>Καὶ</span> <span class='ocrx_word' id='word_1_118' title='bbox 1246 1585 1406 1638; x_wconf 80' lang='grc' dir='ltr'>πάλιν</span> <span class='ocrx_word' id='word_1_119' title='bbox 1429 1587 1509 1648; x_wconf 84' lang='grc' dir='ltr'><strong>είς</strong></span> <span class='ocrx_word' id='word_1_120' title='bbox 1533 1585 1665 1639; x_wconf 81' lang='grc' dir='ltr'>αὐτὸ</span> <span class='ocrx_word' id='word_1_121' title='bbox 1711 1584 1889 1639; x_wconf 70' lang='grc' dir='ltr'>ἔοικεν</span> 
     </span>
    </p>
   </div>
   <div class='ocr_carea' id='block_1_19' title="bbox 313 1676 1886 1747">
    <p class='ocr_par' dir='ltr' id='par_1_19' title="bbox 313 1676 1886 1747">
     <span class='ocr_line' id='line_1_19' title="bbox 313 1676 1886 1747; baseline -0.001 -17"><span class='ocrx_word' id='word_1_122' title='bbox 313 1681 342 1730; x_wconf 91' lang='lat'><strong>6</strong></span> <span class='ocrx_word' id='word_1_123' title='bbox 375 1678 534 1745; x_wconf 82' lang='grc' dir='ltr'>λόγος</span> <span class='ocrx_word' id='word_1_124' title='bbox 564 1676 1119 1747; x_wconf 83' lang='grc' dir='ltr'>περιδεδραμηκέναι,</span> <span class='ocrx_word' id='word_1_125' title='bbox 1141 1676 1551 1747; x_wconf 81' lang='grc' dir='ltr'>αὐτοματισμὸν</span> <span class='ocrx_word' id='word_1_126' title='bbox 1583 1676 1886 1745; x_wconf 79' lang='grc' dir='ltr'>ὁμολογεῖν.</span> 
     </span>
    </p>
   </div>
   <div class='ocr_carea' id='block_1_20' title="bbox 1994 490 3579 558">
    <p class='ocr_par' dir='ltr' id='par_1_20' title="bbox 1994 490 3579 558">
     <span class='ocr_line' id='line_1_20' title="bbox 1994 490 3579 558; baseline 0.002 -15"><span class='ocrx_word' id='word_1_127' title='bbox 1994 502 2232 544; x_wconf 79' lang='lat' dir='ltr'><strong>vestram</strong></span> <span class='ocrx_word' id='word_1_128' title='bbox 2287 490 2637 553; x_wconf 80' lang='lat' dir='ltr'><strong>sententiam,</strong></span> <span class='ocrx_word' id='word_1_129' title='bbox 2677 501 2796 542; x_wconf 86' lang='lat' dir='ltr'><strong>arte</strong></span> <span class='ocrx_word' id='word_1_130' title='bbox 2843 504 2950 543; x_wconf 91' lang='lat' dir='ltr'><strong>non</strong></span> <span class='ocrx_word' id='word_1_131' title='bbox 2999 503 3182 558; x_wconf 85' lang='lat' dir='ltr'><strong>egere,</strong></span> <span class='ocrx_word' id='word_1_132' title='bbox 3222 505 3444 544; x_wconf 87' lang='lat' dir='ltr'><strong>necesse</strong></span> <span class='ocrx_word' id='word_1_133' title='bbox 3475 493 3579 546; x_wconf 87' lang='lat' dir='ltr'><strong>erit</strong></span> 
     </span>
    </p>
   </div>
   <div class='ocr_carea' id='block_1_21' title="bbox 1995 579 3578 652">
    <p class='ocr_par' dir='ltr' id='par_1_21' title="bbox 1995 579 3578 652">
     <span class='ocr_line' id='line_1_21' title="bbox 1995 579 3578 652; baseline 0.001 -17"><span class='ocrx_word' id='word_1_134' title='bbox 1995 580 2152 636; x_wconf 93' lang='lat' dir='ltr'><strong>fateri</strong></span> <span class='ocrx_word' id='word_1_135' title='bbox 2183 591 2420 636; x_wconf 89' lang='lat' dir='ltr'><strong>statuam</strong></span> <span class='ocrx_word' id='word_1_136' title='bbox 2456 596 2551 650; x_wconf 91' lang='lat' dir='ltr'><strong>per</strong></span> <span class='ocrx_word' id='word_1_137' title='bbox 2572 597 2632 636; x_wconf 90' lang='lat' dir='ltr'><strong>se</strong></span> <span class='ocrx_word' id='word_1_138' title='bbox 2664 591 2858 649; x_wconf 80' lang='lat' dir='ltr'><strong>Sponte</strong></span> <span class='ocrx_word' id='word_1_139' title='bbox 2890 579 3045 652; x_wconf 90' lang='lat' dir='ltr'><strong>[sine</strong></span> <span class='ocrx_word' id='word_1_140' title='bbox 3077 579 3321 652; x_wconf 81' lang='lat' dir='ltr'><strong>artifice]</strong></span> <span class='ocrx_word' id='word_1_141' title='bbox 3356 579 3578 636; x_wconf 89' lang='lat' dir='ltr'><strong>factam.</strong></span> 
     </span>
    </p>
   </div>
   <div class='ocr_carea' id='block_1_22' title="bbox 1992 671 3577 743">
    <p class='ocr_par' dir='ltr' id='par_1_22' title="bbox 1992 671 3577 743">
     <span class='ocr_line' id='line_1_22' title="bbox 1992 671 3577 743; baseline 0.001 -17"><span class='ocrx_word' id='word_1_142' title='bbox 1992 673 2062 727; x_wconf 88' lang='lat' dir='ltr'><strong>At</strong></span> <span class='ocrx_word' id='word_1_143' title='bbox 2093 688 2270 743; x_wconf 86' lang='lat' dir='ltr'><strong>neque</strong></span> <span class='ocrx_word' id='word_1_144' title='bbox 2296 675 2436 728; x_wconf 85' lang='lat' dir='ltr'><strong>hanc</strong></span> <span class='ocrx_word' id='word_1_145' title='bbox 2467 671 2761 727; x_wconf 78' lang='lat' dir='ltr'><strong>admissuri</strong></span> <span class='ocrx_word' id='word_1_146' title='bbox 2790 674 3118 735; x_wconf 88' lang='lat' dir='ltr'><strong>orationem,</strong></span> <span class='ocrx_word' id='word_1_147' title='bbox 3147 673 3458 728; x_wconf 77' lang='lat' dir='ltr'><strong>mordacius</strong></span> <span class='ocrx_word' id='word_1_148' title='bbox 3485 689 3577 727; x_wconf 86' lang='lat' dir='ltr'><strong>re—</strong></span> 
     </span>
    </p>
   </div>
   <div class='ocr_carea' id='block_1_23' title="bbox 1993 765 3578 836">
    <p class='ocr_par' dir='ltr' id='par_1_23' title="bbox 1993 765 3578 836">
     <span class='ocr_line' id='line_1_23' title="bbox 1993 765 3578 836; baseline -0.001 -14"><span class='ocrx_word' id='word_1_149' title='bbox 1993 768 2356 836; x_wconf 88' lang='lat' dir='ltr'><strong>spondebunt,</strong></span> <span class='ocrx_word' id='word_1_150' title='bbox 2407 767 2757 821; x_wconf 88' lang='lat' dir='ltr'><strong>simulacrum</strong></span> <span class='ocrx_word' id='word_1_151' title='bbox 2831 766 3048 832; x_wconf 82' lang='lat' dir='ltr'><strong>quidem</strong></span> <span class='ocrx_word' id='word_1_152' title='bbox 3096 765 3416 834; x_wconf 65' lang='lat' dir='ltr'><strong>.ingenitnm</strong></span> <span class='ocrx_word' id='word_1_153' title='bbox 3473 782 3578 820; x_wconf 91' lang='lat' dir='ltr'><strong>non</strong></span> 
     </span>
    </p>
   </div>
   <div class='ocr_carea' id='block_1_24' title="bbox 1991 857 3580 928">
    <p class='ocr_par' dir='ltr' id='par_1_24' title="bbox 1991 857 3580 928">
     <span class='ocr_line' id='line_1_24' title="bbox 1991 857 3580 928; baseline -0.001 -16"><span class='ocrx_word' id='word_1_154' title='bbox 1991 874 2115 912; x_wconf 75' lang='lat' dir='ltr'><strong>esse</strong></span> <span class='ocrx_word' id='word_1_155' title='bbox 2141 859 2486 924; x_wconf 75' lang='lat' dir='ltr'><strong>dictitantes,</strong></span> <span class='ocrx_word' id='word_1_156' title='bbox 2530 858 2770 928; x_wconf 88' lang='lat' dir='ltr'><strong>genitum</strong></span> <span class='ocrx_word' id='word_1_157' title='bbox 2816 867 2997 912; x_wconf 89' lang='lat' dir='ltr'><strong>autem</strong></span> <span class='ocrx_word' id='word_1_158' title='bbox 3049 871 3173 911; x_wconf 88' lang='lat' dir='ltr'><strong>esse</strong></span> <span class='ocrx_word' id='word_1_159' title='bbox 3209 857 3580 926; x_wconf 87' lang='lat' dir='ltr'><strong>generationis</strong></span> 
     </span>
    </p>
   </div>
   <div class='ocr_carea' id='block_1_25' title="bbox 1991 948 3582 1026">
    <p class='ocr_par' dir='ltr' id='par_1_25' title="bbox 1991 948 3582 1026">
     <span class='ocr_line' id='line_1_25' title="bbox 1991 948 3582 1026; baseline 0 -23"><span class='ocrx_word' id='word_1_160' title='bbox 1991 951 2260 1021; x_wconf 88' lang='lat' dir='ltr'><strong>principio</strong></span> <span class='ocrx_word' id='word_1_161' title='bbox 2317 967 2538 1026; x_wconf 83' lang='lat' dir='ltr'><strong>semper</strong></span> <span class='ocrx_word' id='word_1_162' title='bbox 2596 965 2826 1014; x_wconf 85' lang='lat' dir='ltr'><strong>carens,</strong></span> <span class='ocrx_word' id='word_1_163' title='bbox 2891 961 2951 1004; x_wconf 94' lang='lat' dir='ltr'><strong>ut</strong></span> <span class='ocrx_word' id='word_1_164' title='bbox 3004 948 3184 1020; x_wconf 77' lang='lat' dir='ltr'><strong>opifex</strong></span> <span class='ocrx_word' id='word_1_165' title='bbox 3241 949 3460 1018; x_wconf 83' lang='lat' dir='ltr'><strong>opificio</strong></span> <span class='ocrx_word' id='word_1_166' title='bbox 3514 951 3582 1003; x_wconf 89' lang='lat' dir='ltr'><strong>ab</strong></span> 
     </span>
    </p>
   </div>
   <div class='ocr_carea' id='block_1_26' title="bbox 1991 1041 3580 1114">
    <p class='ocr_par' dir='ltr' id='par_1_26' title="bbox 1991 1041 3580 1114">
     <span class='ocr_line' id='line_1_26' title="bbox 1991 1041 3580 1114; baseline -0.004 -16"><span class='ocrx_word' id='word_1_167' title='bbox 1991 1056 2194 1098; x_wconf 66' lang='lat' dir='ltr'><strong>aeterno</strong></span> <span class='ocrx_word' id='word_1_168' title='bbox 2217 1043 2394 1114; x_wconf 84' lang='lat' dir='ltr'><strong>major</strong></span> <span class='ocrx_word' id='word_1_169' title='bbox 2409 1041 2811 1112; x_wconf 85' lang='lat' dir='ltr'><strong>dicatur.Agite</strong></span> <span class='ocrx_word' id='word_1_170' title='bbox 2831 1056 2947 1108; x_wconf 84' lang='lat' dir='ltr'><strong>vos,</strong></span> <span class='ocrx_word' id='word_1_171' title='bbox 2968 1057 3169 1106; x_wconf 87' lang='lat' dir='ltr'><strong>nonne,</strong></span> <span class='ocrx_word' id='word_1_172' title='bbox 3192 1041 3299 1095; x_wconf 91' lang='lat' dir='ltr'><strong>illis</strong></span> <span class='ocrx_word' id='word_1_173' title='bbox 3315 1043 3580 1108; x_wconf 80' lang='lat' dir='ltr'><strong>dicemus,</strong></span> 
     </span>
    </p>
   </div>
   <div class='ocr_carea' id='block_1_27' title="bbox 1994 1134 3582 1205">
    <p class='ocr_par' dir='ltr' id='par_1_27' title="bbox 1994 1134 3582 1205">
     <span class='ocr_line' id='line_1_27' title="bbox 1994 1134 3582 1205; baseline -0.003 -15"><span class='ocrx_word' id='word_1_174' title='bbox 1994 1137 2050 1190; x_wconf 90' lang='lat' dir='ltr'><strong>Si</strong></span> <span class='ocrx_word' id='word_1_175' title='bbox 2087 1151 2263 1205; x_wconf 86' lang='lat' dir='ltr'><strong>neque</strong></span> <span class='ocrx_word' id='word_1_176' title='bbox 2294 1145 2528 1205; x_wconf 90' lang='lat' dir='ltr'><strong>tempus,</strong></span> <span class='ocrx_word' id='word_1_177' title='bbox 2554 1151 2728 1204; x_wconf 89' lang='lat' dir='ltr'><strong>neque</strong></span> <span class='ocrx_word' id='word_1_178' title='bbox 2762 1151 2935 1190; x_wconf 65' lang='lat' dir='ltr'><strong>aavum</strong></span> <span class='ocrx_word' id='word_1_179' title='bbox 2967 1144 3115 1189; x_wconf 89' lang='lat' dir='ltr'><strong>retro</strong></span> <span class='ocrx_word' id='word_1_180' title='bbox 3145 1134 3310 1188; x_wconf 92' lang='lat' dir='ltr'><strong>ullum</strong></span> <span class='ocrx_word' id='word_1_181' title='bbox 3347 1135 3582 1204; x_wconf 84' lang='lat' dir='ltr'><strong>reperia-</strong></span> 
     </span>
    </p>
   </div>
   <div class='ocr_carea' id='block_1_28' title="bbox 1995 1224 3578 1295">
    <p class='ocr_par' dir='ltr' id='par_1_28' title="bbox 1995 1224 3578 1295">
     <span class='ocr_line' id='line_1_28' title="bbox 1995 1224 3578 1295; baseline -0.001 -15"><span class='ocrx_word' id='word_1_182' title='bbox 1995 1235 2101 1294; x_wconf 86' lang='lat' dir='ltr'><strong>tur,</strong></span> <span class='ocrx_word' id='word_1_183' title='bbox 2129 1229 2344 1294; x_wconf 87' lang='lat' dir='ltr'><strong>quando</strong></span> <span class='ocrx_word' id='word_1_184' title='bbox 2366 1236 2546 1281; x_wconf 83' lang='lat' dir='ltr'><strong>statna</strong></span> <span class='ocrx_word' id='word_1_185' title='bbox 2571 1227 2813 1295; x_wconf 82' lang='lat' dir='ltr'><strong>perfecta</strong></span> <span class='ocrx_word' id='word_1_186' title='bbox 2841 1241 2946 1281; x_wconf 93' lang='lat' dir='ltr'><strong>non</strong></span> <span class='ocrx_word' id='word_1_187' title='bbox 2973 1224 3098 1292; x_wconf 91' lang='lat' dir='ltr'><strong>fuit,</strong></span> <span class='ocrx_word' id='word_1_188' title='bbox 3122 1225 3250 1295; x_wconf 91' lang='lat' dir='ltr'><strong>quid</strong></span> <span class='ocrx_word' id='word_1_189' title='bbox 3278 1226 3354 1278; x_wconf 90' lang='lat' dir='ltr'><strong>illi</strong></span> <span class='ocrx_word' id='word_1_190' title='bbox 3379 1225 3578 1278; x_wconf 77' lang='lat' dir='ltr'><strong>artifex</strong></span> 
     </span>
    </p>
   </div>
   <div class='ocr_carea' id='block_1_29' title="bbox 1993 1317 3578 1388">
    <p class='ocr_par' dir='ltr' id='par_1_29' title="bbox 1993 1317 3578 1388">
     <span class='ocr_line' id='line_1_29' title="bbox 1993 1317 3578 1388; baseline 0 -18"><span class='ocrx_word' id='word_1_191' title='bbox 1993 1319 2280 1388; x_wconf 58' lang='lat' dir='ltr'><strong>prastitit?</strong></span> <span class='ocrx_word' id='word_1_192' title='bbox 2311 1329 2406 1373; x_wconf 90' lang='lat' dir='ltr'><strong>aut</strong></span> <span class='ocrx_word' id='word_1_193' title='bbox 2443 1320 2574 1388; x_wconf 88' lang='lat' dir='ltr'><strong>quid</strong></span> <span class='ocrx_word' id='word_1_194' title='bbox 2609 1318 2914 1374; x_wconf 82' lang='lat' dir='ltr'><strong>eﬂ‘ormavit</strong></span> <span class='ocrx_word' id='word_1_195' title='bbox 2958 1321 3013 1373; x_wconf 90' lang='lat' dir='ltr'><strong>in</strong></span> <span class='ocrx_word' id='word_1_196' title='bbox 3052 1318 3181 1372; x_wconf 79' lang='lat' dir='ltr'><strong>illa?</strong></span> <span class='ocrx_word' id='word_1_197' title='bbox 3214 1318 3407 1372; x_wconf 85' lang='lat' dir='ltr'><strong>Dicite.</strong></span> <span class='ocrx_word' id='word_1_198' title='bbox 3443 1317 3578 1371; x_wconf 82' lang='lat' dir='ltr'><strong>Nam</strong></span> 
     </span>
    </p>
   </div>
   <div class='ocr_carea' id='block_1_30' title="bbox 1993 1409 3574 1481">
    <p class='ocr_par' dir='ltr' id='par_1_30' title="bbox 1993 1409 3574 1481">
     <span class='ocr_line' id='line_1_30' title="bbox 1993 1409 3574 1481; baseline 0 -17"><span class='ocrx_word' id='word_1_199' title='bbox 1993 1410 2038 1464; x_wconf 90' lang='lat' dir='ltr'><strong>si</strong></span> <span class='ocrx_word' id='word_1_200' title='bbox 2063 1411 2174 1478; x_wconf 87' lang='lat' dir='ltr'><strong>ipsa</strong></span> <span class='ocrx_word' id='word_1_201' title='bbox 2199 1409 2398 1464; x_wconf 87' lang='lat' dir='ltr'><strong>nullius</strong></span> <span class='ocrx_word' id='word_1_202' title='bbox 2423 1411 2602 1480; x_wconf 81' lang='lat' dir='ltr'><strong>indiga</strong></span> <span class='ocrx_word' id='word_1_203' title='bbox 2625 1411 2950 1481; x_wconf 88' lang='lat' dir='ltr'><strong>principium</strong></span> <span class='ocrx_word' id='word_1_204' title='bbox 2975 1410 3342 1479; x_wconf 79' lang='lat' dir='ltr'><strong>generationis</strong></span> <span class='ocrx_word' id='word_1_205' title='bbox 3366 1410 3574 1464; x_wconf 87' lang='lat' dir='ltr'><strong>nullum</strong></span> 
     </span>
    </p>
   </div>
   <div class='ocr_carea' id='block_1_31' title="bbox 1994 1501 3578 1573">
    <p class='ocr_par' dir='ltr' id='par_1_31' title="bbox 1994 1501 3578 1573">
     <span class='ocr_line' id='line_1_31' title="bbox 1994 1501 3578 1573; baseline 0.001 -18"><span class='ocrx_word' id='word_1_206' title='bbox 1994 1501 2176 1563; x_wconf 86' lang='lat' dir='ltr'><strong>habet,</strong></span> <span class='ocrx_word' id='word_1_207' title='bbox 2219 1501 2292 1554; x_wconf 90' lang='lat' dir='ltr'><strong>ita</strong></span> <span class='ocrx_word' id='word_1_208' title='bbox 2331 1501 2628 1557; x_wconf 86' lang='lat' dir='ltr'><strong>secundum</strong></span> <span class='ocrx_word' id='word_1_209' title='bbox 2663 1518 2788 1568; x_wconf 87' lang='lat' dir='ltr'><strong>vos,</strong></span> <span class='ocrx_word' id='word_1_210' title='bbox 2840 1503 3020 1573; x_wconf 87' lang='lat' dir='ltr'><strong>potius</strong></span> <span class='ocrx_word' id='word_1_211' title='bbox 3047 1511 3264 1556; x_wconf 88' lang='lat' dir='ltr'><strong>creator</strong></span> <span class='ocrx_word' id='word_1_212' title='bbox 3299 1518 3578 1571; x_wconf 80' lang='lat' dir='ltr'><strong>nunquam</strong></span> 
     </span>
    </p>
   </div>
   <div class='ocr_carea' id='block_1_32' title="bbox 1993 1591 3580 1662">
    <p class='ocr_par' dir='ltr' id='par_1_32' title="bbox 1993 1591 3580 1662">
     <span class='ocr_line' id='line_1_32' title="bbox 1993 1591 3580 1662; baseline 0 -16"><span class='ocrx_word' id='word_1_213' title='bbox 1993 1592 2226 1655; x_wconf 87' lang='lat' dir='ltr'><strong>creavit,</strong></span> <span class='ocrx_word' id='word_1_214' title='bbox 2263 1606 2439 1660; x_wconf 91' lang='lat' dir='ltr'><strong>neque</strong></span> <span class='ocrx_word' id='word_1_215' title='bbox 2464 1606 2653 1646; x_wconf 86' lang='lat' dir='ltr'><strong>creare</strong></span> <span class='ocrx_word' id='word_1_216' title='bbox 2690 1593 2921 1648; x_wconf 86' lang='lat' dir='ltr'><strong>dicetur.</strong></span> <span class='ocrx_word' id='word_1_217' title='bbox 2945 1591 3122 1662; x_wconf 88' lang='lat' dir='ltr'><strong>Atque</strong></span> <span class='ocrx_word' id='word_1_218' title='bbox 3150 1593 3228 1646; x_wconf 88' lang='lat' dir='ltr'><strong>ita</strong></span> <span class='ocrx_word' id='word_1_219' title='bbox 3262 1607 3474 1648; x_wconf 88' lang='lat' dir='ltr'><strong>rursum</strong></span> <span class='ocrx_word' id='word_1_220' title='bbox 3511 1597 3580 1646; x_wconf 85' lang='lat' dir='ltr'><strong>ad</strong></span> 
     </span>
    </p>
   </div>
   <div class='ocr_carea' id='block_1_33' title="bbox 1995 1681 3562 1754">
    <p class='ocr_par' dir='ltr' id='par_1_33' title="bbox 1995 1681 3562 1754">
     <span class='ocr_line' id='line_1_33' title="bbox 1995 1681 3562 1754; baseline 0.002 -18"><span class='ocrx_word' id='word_1_221' title='bbox 1995 1682 2135 1736; x_wconf 89' lang='lat' dir='ltr'><strong>idem</strong></span> <span class='ocrx_word' id='word_1_222' title='bbox 2167 1681 2408 1737; x_wconf 86' lang='lat' dir='ltr'><strong>revoluta</strong></span> <span class='ocrx_word' id='word_1_223' title='bbox 2428 1685 2626 1749; x_wconf 81' lang='lat' dir='ltr'><strong>oratio,</strong></span> <span class='ocrx_word' id='word_1_224' title='bbox 2643 1694 2866 1753; x_wconf 77' lang='lat' dir='ltr'><strong>cogetur</strong></span> <span class='ocrx_word' id='word_1_225' title='bbox 2883 1700 3015 1754; x_wconf 86' lang='lat' dir='ltr'><strong>opus</strong></span> <span class='ocrx_word' id='word_1_226' title='bbox 3029 1696 3324 1754; x_wconf 85' lang='lat' dir='ltr'><strong>suasponte</strong></span> <span class='ocrx_word' id='word_1_227' title='bbox 3356 1684 3562 1739; x_wconf 80' lang='lat' dir='ltr'><strong>factum</strong></span> 
     </span>
    </p>
   </div>
   <div class='ocr_carea' id='block_1_34' title="bbox 307 1751 1882 1846">
    <p class='ocr_par' dir='ltr' id='par_1_34' title="bbox 307 1765 1882 1838">
     <span class='ocr_line' id='line_1_34' title="bbox 307 1765 1882 1838; baseline -0.002 -18"><span class='ocrx_word' id='word_1_228' title='bbox 307 1769 434 1820; x_wconf 71' lang='grc' dir='ltr'>Ἐὰν</span> <span class='ocrx_word' id='word_1_229' title='bbox 462 1770 570 1838; x_wconf 82' lang='grc' dir='ltr'><strong>γὰρ</strong></span> <span class='ocrx_word' id='word_1_230' title='bbox 591 1766 696 1820; x_wconf 79' lang='grc' dir='ltr'>κᾶν</span> <span class='ocrx_word' id='word_1_231' title='bbox 716 1766 777 1819; x_wconf 84' lang='grc' dir='ltr'><strong>τὸ</strong></span> <span class='ocrx_word' id='word_1_232' title='bbox 793 1766 838 1797; x_wconf 80' lang='grc'><strong>⁸⁸</strong></span> <span class='ocrx_word' id='word_1_233' title='bbox 857 1765 1249 1836; x_wconf 81' lang='grc' dir='ltr'>ἀκαριαίτατον</span> <span class='ocrx_word' id='word_1_234' title='bbox 1272 1765 1563 1835; x_wconf 83' lang='grc' dir='ltr'>ἀνδριάντα</span> <span class='ocrx_word' id='word_1_235' title='bbox 1583 1765 1630 1796; x_wconf 79' lang='grc'>⁸⁷</span> <span class='ocrx_word' id='word_1_236' title='bbox 1660 1768 1882 1837; x_wconf 81' lang='grc' dir='ltr'>κινήσας</span> 
     </span>
    </p>
   </div>
   <div class='ocr_carea' id='block_1_35' title="bbox 1991 1751 3572 1846">
    <p class='ocr_par' dir='ltr' id='par_1_35' title="bbox 1993 1774 3572 1846">
     <span class='ocr_line' id='line_1_35' title="bbox 1993 1774 3572 1846; baseline 0.001 -18"><span class='ocrx_word' id='word_1_237' title='bbox 1993 1774 2374 1843; x_wconf 82' lang='lat' dir='ltr'><strong>fateri.Quodsi</strong></span> <span class='ocrx_word' id='word_1_238' title='bbox 2389 1777 2558 1841; x_wconf 90' lang='lat' dir='ltr'><strong>enim,</strong></span> <span class='ocrx_word' id='word_1_239' title='bbox 2573 1778 2820 1846; x_wconf 82' lang='lat' dir='ltr'><strong>quamvis</strong></span> <span class='ocrx_word' id='word_1_240' title='bbox 2837 1778 3179 1832; x_wconf 87' lang='lat' dir='ltr'><strong>rudissimam</strong></span> <span class='ocrx_word' id='word_1_241' title='bbox 3203 1787 3436 1832; x_wconf 89' lang='lat' dir='ltr'><strong>statuam</strong></span> <span class='ocrx_word' id='word_1_242' title='bbox 3456 1795 3572 1830; x_wconf 69' lang='lat' dir='ltr'><strong>mo~</strong></span> 
     </span>
    </p>
   </div>
   <div class='ocr_carea' id='block_1_36' title="bbox 305 1857 1888 1929">
    <p class='ocr_par' dir='ltr' id='par_1_36' title="bbox 305 1857 1888 1929">
     <span class='ocr_line' id='line_1_36' title="bbox 305 1857 1888 1929; baseline -0.001 -16"><span class='ocrx_word' id='word_1_243' title='bbox 305 1863 333 1913; x_wconf 80' lang='grc' dir='ltr'>ὁ</span> <span class='ocrx_word' id='word_1_244' title='bbox 359 1859 693 1928; x_wconf 77' lang='grc' dir='ltr'>δημιουργὸς</span> <span class='ocrx_word' id='word_1_245' title='bbox 714 1857 902 1929; x_wconf 77' lang='grc' dir='ltr'>λεχθῇ,</span> <span class='ocrx_word' id='word_1_246' title='bbox 931 1859 1072 1928; x_wconf 78' lang='grc' dir='ltr'>ἀρχῇ</span> <span class='ocrx_word' id='word_1_247' title='bbox 1099 1859 1479 1921; x_wconf 85' lang='grc' dir='ltr'>ὑποπεσεῖται,</span> <span class='ocrx_word' id='word_1_248' title='bbox 1504 1857 1628 1910; x_wconf 88' lang='grc' dir='ltr'>καθ’</span> <span class='ocrx_word' id='word_1_249' title='bbox 1650 1859 1717 1928; x_wconf 76' lang='grc' dir='ltr'>ἦν</span> <span class='ocrx_word' id='word_1_250' title='bbox 1751 1857 1888 1928; x_wconf 86' lang='grc' dir='ltr'>πρό-</span> 
     </span>
    </p>
   </div>
   <div class='ocr_carea' id='block_1_37' title="bbox 304 1948 1889 2022">
    <p class='ocr_par' dir='ltr' id='par_1_37' title="bbox 304 1948 1889 2022">
     <span class='ocr_line' id='line_1_37' title="bbox 304 1948 1889 2022; baseline 0 -20"><span class='ocrx_word' id='word_1_251' title='bbox 304 1968 463 2020; x_wconf 88' lang='grc' dir='ltr'>τερον</span> <span class='ocrx_word' id='word_1_252' title='bbox 487 1948 614 2022; x_wconf 75' lang='grc'><strong>[497</strong></span> <span class='ocrx_word' id='word_1_253' title='bbox 637 1949 730 2021; x_wconf 77' lang='lat' dir='ltr'><strong>1L]</strong></span> <span class='ocrx_word' id='word_1_254' title='bbox 765 1948 927 2003; x_wconf 81' lang='grc' dir='ltr'>αὐτὸν</span> <span class='ocrx_word' id='word_1_255' title='bbox 949 1948 1191 2018; x_wconf 81' lang='grc' dir='ltr'>ἄκοσμον</span> <span class='ocrx_word' id='word_1_256' title='bbox 1220 1949 1315 2002; x_wconf 79' lang='grc' dir='ltr'><strong>καὶ</strong></span> <span class='ocrx_word' id='word_1_257' title='bbox 1341 1948 1601 2015; x_wconf 85' lang='grc' dir='ltr'>ἀκίνητον</span> <span class='ocrx_word' id='word_1_258' title='bbox 1626 1948 1757 2002; x_wconf 72' lang='grc' dir='ltr'>ὄντα</span> <span class='ocrx_word' id='word_1_259' title='bbox 1796 1949 1889 2020; x_wconf 74' lang='grc' dir='ltr'><strong>ἢρ-</strong></span> 
     </span>
    </p>
   </div>
   <div class='ocr_carea' id='block_1_38' title="bbox 312 2037 1886 2112">
    <p class='ocr_par' dir='ltr' id='par_1_38' title="bbox 312 2037 1886 2112">
     <span class='ocr_line' id='line_1_38' title="bbox 312 2037 1886 2112; baseline -0.002 -15"><span class='ocrx_word' id='word_1_260' title='bbox 312 2045 442 2108; x_wconf 87' lang='grc' dir='ltr'>ξατο</span> <span class='ocrx_word' id='word_1_261' title='bbox 476 2045 647 2096; x_wconf 84' lang='grc' dir='ltr'>κινεῖν</span> <span class='ocrx_word' id='word_1_262' title='bbox 675 2043 768 2096; x_wconf 74' lang='grc' dir='ltr'>καὶ</span> <span class='ocrx_word' id='word_1_263' title='bbox 785 2044 1035 2112; x_wconf 88' lang='grc' dir='ltr'>κοσμεῖν.</span> <span class='ocrx_word' id='word_1_264' title='bbox 1067 2041 1278 2095; x_wconf 77' lang='grc' dir='ltr'>Οὔκουν</span> <span class='ocrx_word' id='word_1_265' title='bbox 1327 2041 1422 2096; x_wconf 73' lang='grc' dir='ltr'><strong>καὶ</strong></span> <span class='ocrx_word' id='word_1_266' title='bbox 1450 2037 1520 2112; x_wconf 78' lang='grc' dir='ltr'>ἦν</span> <span class='ocrx_word' id='word_1_267' title='bbox 1582 2044 1678 2095; x_wconf 70' lang='grc' dir='ltr'><strong>καὶ</strong></span> <span class='ocrx_word' id='word_1_268' title='bbox 1733 2041 1886 2095; x_wconf 78' lang='grc' dir='ltr'>ἔσται</span> 
     </span>
    </p>
   </div>
   <div class='ocr_carea' id='block_1_39' title="bbox 306 2133 1888 2206">
    <p class='ocr_par' dir='ltr' id='par_1_39' title="bbox 306 2133 1888 2206">
     <span class='ocr_line' id='line_1_39' title="bbox 306 2133 1888 2206; baseline -0.002 -15"><span class='ocrx_word' id='word_1_269' title='bbox 306 2136 575 2206; x_wconf 80' lang='grc' dir='ltr'>διηνεκῶς</span> <span class='ocrx_word' id='word_1_270' title='bbox 609 2137 637 2189; x_wconf 88' lang='lat'><strong>6</strong></span> <span class='ocrx_word' id='word_1_271' title='bbox 664 2135 827 2198; x_wconf 84' lang='grc' dir='ltr'>αὐτὸς</span> <span class='ocrx_word' id='word_1_272' title='bbox 860 2135 948 2188; x_wconf 70' lang='grc' dir='ltr'>ἀεὶ</span> <span class='ocrx_word' id='word_1_273' title='bbox 982 2135 1187 2204; x_wconf 77' lang='grc' dir='ltr'>κόσμος</span> <span class='ocrx_word' id='word_1_274' title='bbox 1213 2151 1228 2165; x_wconf 88' lang='grc'><strong>·</strong></span> <span class='ocrx_word' id='word_1_275' title='bbox 1263 2134 1625 2188; x_wconf 78' lang='grc' dir='ltr'>ἀπεικαστέον</span> <span class='ocrx_word' id='word_1_276' title='bbox 1656 2135 1766 2205; x_wconf 78' lang='grc' dir='ltr'><strong>γάρ</strong></span> <span class='ocrx_word' id='word_1_277' title='bbox 1809 2133 1888 2205; x_wconf 87' lang='grc' dir='ltr'>τῷ</span> 
     </span>
    </p>
   </div>
   <div class='ocr_carea' id='block_1_40' title="bbox 309 2227 1884 2301">
    <p class='ocr_par' dir='ltr' id='par_1_40' title="bbox 309 2227 1884 2301">
     <span class='ocr_line' id='line_1_40' title="bbox 309 2227 1884 2301; baseline -0.001 -18"><span class='ocrx_word' id='word_1_278' title='bbox 309 2232 413 2301; x_wconf 85' lang='grc' dir='ltr'><strong>μὲν</strong></span> <span class='ocrx_word' id='word_1_279' title='bbox 445 2229 564 2300; x_wconf 88' lang='grc' dir='ltr'><strong>Θεῷ</strong></span> <span class='ocrx_word' id='word_1_280' title='bbox 595 2229 687 2282; x_wconf 80' lang='grc' dir='ltr'>τὸν</span> <span class='ocrx_word' id='word_1_281' title='bbox 721 2228 996 2298; x_wconf 78' lang='grc' dir='ltr'>τεχνίτην,</span> <span class='ocrx_word' id='word_1_282' title='bbox 1020 2228 1112 2282; x_wconf 79' lang='grc' dir='ltr'>τὸν</span> <span class='ocrx_word' id='word_1_283' title='bbox 1144 2227 1200 2280; x_wconf 84' lang='grc' dir='ltr'>δὲ</span> <span class='ocrx_word' id='word_1_284' title='bbox 1227 2227 1523 2298; x_wconf 83' lang='grc' dir='ltr'>ἀνδριάντα</span> <span class='ocrx_word' id='word_1_285' title='bbox 1551 2227 1630 2297; x_wconf 82' lang='grc' dir='ltr'>τῷ</span> <span class='ocrx_word' id='word_1_286' title='bbox 1674 2227 1884 2298; x_wconf 78' lang='grc' dir='ltr'>κόσμῳ.</span> 
     </span>
    </p>
   </div>
   <div class='ocr_carea' id='block_1_41' title="bbox 306 2311 1888 2390">
    <p class='ocr_par' dir='ltr' id='par_1_41' title="bbox 306 2311 1888 2390">
     <span class='ocr_line' id='line_1_41' title="bbox 306 2311 1888 2390; baseline -0.001 -17"><span class='ocrx_word' id='word_1_287' title='bbox 306 2323 390 2390; x_wconf 86' lang='grc' dir='ltr'><strong>Πῆ</strong></span> <span class='ocrx_word' id='word_1_288' title='bbox 419 2319 546 2388; x_wconf 75' lang='grc' dir='ltr'><strong>δὴ⁶⁹</strong></span> <span class='ocrx_word' id='word_1_289' title='bbox 593 2317 707 2384; x_wconf 80' lang='grc' dir='ltr'>οὖν,</span> <span class='ocrx_word' id='word_1_290' title='bbox 743 2311 788 2370; x_wconf 78' lang='grc' dir='ltr'><strong>ὦ</strong></span> <span class='ocrx_word' id='word_1_291' title='bbox 815 2317 1028 2387; x_wconf 73' lang='grc' dir='ltr'>ἠλίθιοι,</span> <span class='ocrx_word' id='word_1_292' title='bbox 1083 2316 1262 2370; x_wconf 78' lang='grc' dir='ltr'>οἴεσθε</span> <span class='ocrx_word' id='word_1_293' title='bbox 1299 2317 1398 2386; x_wconf 80' lang='grc' dir='ltr'><strong>τὴν</strong></span> <span class='ocrx_word' id='word_1_294' title='bbox 1426 2318 1606 2370; x_wconf 83' lang='grc' dir='ltr'>κτίσιν</span> <span class='ocrx_word' id='word_1_295' title='bbox 1646 2320 1888 2372; x_wconf 82' lang='grc' dir='ltr'>συναπέ-</span> 
     </span>
    </p>
   </div>
   <div class='ocr_carea' id='block_1_42' title="bbox 307 2404 1887 2481">
    <p class='ocr_par' dir='ltr' id='par_1_42' title="bbox 307 2404 1887 2481">
     <span class='ocr_line' id='line_1_42' title="bbox 307 2404 1887 2481; baseline -0.003 -18"><span class='ocrx_word' id='word_1_296' title='bbox 307 2427 506 2481; x_wconf 84' lang='grc' dir='ltr'>ραντον</span> <span class='ocrx_word' id='word_1_297' title='bbox 531 2407 697 2462; x_wconf 79' lang='grc' dir='ltr'>οὖσαν</span> <span class='ocrx_word' id='word_1_298' title='bbox 722 2407 800 2478; x_wconf 84' lang='grc' dir='ltr'>τῷ</span> <span class='ocrx_word' id='word_1_299' title='bbox 830 2405 1149 2477; x_wconf 84' lang='grc' dir='ltr'>δημιουργῷ</span> <span class='ocrx_word' id='word_1_300' title='bbox 1183 2404 1257 2476; x_wconf 80' lang='grc' dir='ltr'>μὴ</span> <span class='ocrx_word' id='word_1_301' title='bbox 1278 2404 1484 2459; x_wconf 87' lang='grc' dir='ltr'>δεῖσθαι</span> <span class='ocrx_word' id='word_1_302' title='bbox 1505 2405 1597 2458; x_wconf 77' lang='grc' dir='ltr'>τοῦ</span> <span class='ocrx_word' id='word_1_303' title='bbox 1624 2406 1887 2476; x_wconf 88' lang='grc' dir='ltr'>δημιουρ-</span> 
     </span>
    </p>
   </div>
   <div class='ocr_carea' id='block_1_43' title="bbox 303 2497 1884 2572">
    <p class='ocr_par' dir='ltr' id='par_1_43' title="bbox 303 2497 1884 2572">
     <span class='ocr_line' id='line_1_43' title="bbox 303 2497 1884 2572; baseline -0.003 -17"><span class='ocrx_word' id='word_1_304' title='bbox 303 2500 442 2572; x_wconf 85' lang='grc' dir='ltr'><strong>γοῦ;</strong></span> <span class='ocrx_word' id='word_1_305' title='bbox 469 2500 542 2554; x_wconf 83' lang='grc' dir='ltr'>Τὸ</span> <span class='ocrx_word' id='word_1_306' title='bbox 571 2499 680 2570; x_wconf 87' lang='grc' dir='ltr'>γὰρ</span> <span class='ocrx_word' id='word_1_307' title='bbox 750 2500 1155 2568; x_wconf 81' lang='grc' dir='ltr'>συναπέραντον</span> <span class='ocrx_word' id='word_1_308' title='bbox 1207 2497 1472 2568; x_wconf 82' lang='grc' dir='ltr'>μηδαμῶς</span> <span class='ocrx_word' id='word_1_309' title='bbox 1506 2498 1679 2569; x_wconf 81' lang='grc' dir='ltr'>ἀρχὴν</span> <span class='ocrx_word' id='word_1_310' title='bbox 1728 2498 1884 2566; x_wconf 79' lang='grc' dir='ltr'>γενέ-</span> 
     </span>
    </p>
   </div>
   <div class='ocr_carea' id='block_1_44' title="bbox 306 2588 1885 2663">
    <p class='ocr_par' dir='ltr' id='par_1_44' title="bbox 306 2588 1885 2663">
     <span class='ocr_line' id='line_1_44' title="bbox 306 2588 1885 2663; baseline -0.004 -16"><span class='ocrx_word' id='word_1_311' title='bbox 306 2611 448 2655; x_wconf 83' lang='grc' dir='ltr'>σεως</span> <span class='ocrx_word' id='word_1_312' title='bbox 474 2591 620 2663; x_wconf 78' lang='grc' dir='ltr'>ἔχον,</span> <span class='ocrx_word' id='word_1_313' title='bbox 656 2591 752 2644; x_wconf 71' lang='grc' dir='ltr'>καὶ</span> <span class='ocrx_word' id='word_1_314' title='bbox 777 2591 1141 2660; x_wconf 85' lang='grc' dir='ltr'>συναγένητον</span> <span class='ocrx_word' id='word_1_315' title='bbox 1173 2589 1267 2642; x_wconf 72' lang='grc' dir='ltr'><strong>καὶ</strong></span> <span class='ocrx_word' id='word_1_316' title='bbox 1300 2588 1620 2658; x_wconf 84' lang='grc' dir='ltr'>ἱσοδύναμον</span> <span class='ocrx_word' id='word_1_317' title='bbox 1670 2589 1885 2661; x_wconf 85' lang='grc' dir='ltr'>ἀνάγκη</span> 
     </span>
    </p>
   </div>
   <div class='ocr_carea' id='block_1_45' title="bbox 302 2677 1885 2753">
    <p class='ocr_par' dir='ltr' id='par_1_45' title="bbox 302 2677 1885 2753">
     <span class='ocr_line' id='line_1_45' title="bbox 302 2677 1885 2753; baseline -0.003 -16"><span class='ocrx_word' id='word_1_318' title='bbox 302 2683 616 2753; x_wconf 86' lang='grc' dir='ltr'>τυγχάνειν.</span> <span class='ocrx_word' id='word_1_319' title='bbox 657 2681 730 2734; x_wconf 86' lang='grc' dir='ltr'><strong>Τὸ</strong></span> <span class='ocrx_word' id='word_1_320' title='bbox 753 2680 810 2734; x_wconf 87' lang='grc' dir='ltr'>δὲ</span> <span class='ocrx_word' id='word_1_321' title='bbox 839 2681 1127 2749; x_wconf 84' lang='grc' dir='ltr'>ἀγένητον,</span> <span class='ocrx_word' id='word_1_322' title='bbox 1159 2677 1447 2742; x_wconf 81' lang='grc' dir='ltr'>αὐτοτελὲς</span> <span class='ocrx_word' id='word_1_323' title='bbox 1488 2683 1583 2732; x_wconf 73' lang='grc' dir='ltr'><strong>καὶ</strong></span> <span class='ocrx_word' id='word_1_324' title='bbox 1612 2680 1885 2750; x_wconf 78' lang='grc' dir='ltr'>ἄτρεπτον</span> 
     </span>
    </p>
   </div>
   <div class='ocr_carea' id='block_1_46' title="bbox 303 2768 1886 2845">
    <p class='ocr_par' dir='ltr' id='par_1_46' title="bbox 303 2768 1886 2845">
     <span class='ocr_line' id='line_1_46' title="bbox 303 2768 1886 2845; baseline -0.003 -18"><span class='ocrx_word' id='word_1_325' title='bbox 303 2773 529 2845; x_wconf 83' lang='grc' dir='ltr'>φανθὲν,</span> <span class='ocrx_word' id='word_1_326' title='bbox 570 2773 664 2825; x_wconf 74' lang='grc' dir='ltr'><strong>καὶ</strong></span> <span class='ocrx_word' id='word_1_327' title='bbox 717 2770 1016 2842; x_wconf 81' lang='grc' dir='ltr'>ἀπροσδεὲς</span> <span class='ocrx_word' id='word_1_328' title='bbox 1040 2770 1135 2823; x_wconf 77' lang='grc' dir='ltr'>καὶ</span> <span class='ocrx_word' id='word_1_329' title='bbox 1185 2768 1422 2841; x_wconf 75' lang='grc' dir='ltr'>ἄφθορον</span> <span class='ocrx_word' id='word_1_330' title='bbox 1460 2769 1622 2835; x_wconf 47' lang='grc' dir='ltr'>ἔσται,</span> <span class='ocrx_word' id='word_1_331' title='bbox 1656 2771 1722 2824; x_wconf 72' lang='grc'><strong>⁸⁸.</strong></span> <span class='ocrx_word' id='word_1_332' title='bbox 1773 2770 1886 2824; x_wconf 74' lang='grc' dir='ltr'>Καὶ</span> 
     </span>
    </p>
   </div>
   <div class='ocr_carea' id='block_1_47' title="bbox 302 2859 1885 2933">
    <p class='ocr_par' dir='ltr' id='par_1_47' title="bbox 302 2859 1885 2933">
     <span class='ocr_line' id='line_1_47' title="bbox 302 2859 1885 2933; baseline -0.004 -14"><span class='ocrx_word' id='word_1_333' title='bbox 302 2868 352 2918; x_wconf 91' lang='grc' dir='ltr'>εἰ</span> <span class='ocrx_word' id='word_1_334' title='bbox 379 2863 541 2918; x_wconf 79' lang='grc' dir='ltr'>τοῦτο</span> <span class='ocrx_word' id='word_1_335' title='bbox 568 2861 741 2926; x_wconf 77' lang='grc' dir='ltr'>οὕτως</span> <span class='ocrx_word' id='word_1_336' title='bbox 761 2862 896 2933; x_wconf 79' lang='grc' dir='ltr'>ἔχει,</span> <span class='ocrx_word' id='word_1_337' title='bbox 919 2861 1104 2915; x_wconf 76' lang='grc' dir='ltr'>οὐκέτι</span> <span class='ocrx_word' id='word_1_338' title='bbox 1133 2862 1162 2914; x_wconf 90' lang='lat'><strong>6</strong></span> <span class='ocrx_word' id='word_1_339' title='bbox 1216 2860 1423 2931; x_wconf 84' lang='grc' dir='ltr'>κόσμος</span> <span class='ocrx_word' id='word_1_340' title='bbox 1470 2860 1708 2930; x_wconf 83' lang='grc' dir='ltr'>τρεπτδς</span> <span class='ocrx_word' id='word_1_341' title='bbox 1761 2859 1885 2914; x_wconf 85' lang='grc' dir='ltr'>καθ’</span> 
     </span>
    </p>
   </div>
   <div class='ocr_carea' id='block_1_48' title="bbox 301 2957 474 3029">
    <p class='ocr_par' dir='ltr' id='par_1_48' title="bbox 301 2957 474 3029">
     <span class='ocr_line' id='line_1_48' title="bbox 301 2957 474 3029; baseline 0 -18"><span class='ocrx_word' id='word_1_342' title='bbox 301 2957 474 3029; x_wconf 79' lang='grc' dir='ltr'>ὑμᾶς.</span> 
     </span>
    </p>
   </div>
   <div class='ocr_carea' id='block_1_49' title="bbox 375 3131 1880 3206">
    <p class='ocr_par' dir='ltr' id='par_1_49' title="bbox 375 3131 1880 3206">
     <span class='ocr_line' id='line_1_49' title="bbox 375 3131 1880 3206; baseline 0.001 -18"><span class='ocrx_word' id='word_1_343' title='bbox 375 3135 502 3188; x_wconf 88' lang='grc' dir='ltr'><strong>Ὅτι</strong></span> <span class='ocrx_word' id='word_1_344' title='bbox 541 3133 839 3206; x_wconf 78' lang='grc' dir='ltr'>Ἐκκλησία</span> <span class='ocrx_word' id='word_1_345' title='bbox 870 3131 1020 3205; x_wconf 77' lang='grc' dir='ltr'>παρὰ</span> <span class='ocrx_word' id='word_1_346' title='bbox 1042 3132 1102 3187; x_wconf 79' lang='grc' dir='ltr'>τὸ</span> <span class='ocrx_word' id='word_1_347' title='bbox 1141 3133 1584 3188; x_wconf 81' lang='grc' dir='ltr'>ἐκκεκλικέναι⁷⁰</span> <span class='ocrx_word' id='word_1_348' title='bbox 1618 3133 1719 3200; x_wconf 77' lang='grc' dir='ltr'>τὰς</span> <span class='ocrx_word' id='word_1_349' title='bbox 1750 3135 1880 3206; x_wconf 79' lang='grc' dir='ltr'><strong>ἠδο-</strong></span> 
     </span>
    </p>
   </div>
   <div class='ocr_carea' id='block_1_50' title="bbox 304 3225 914 3298">
    <p class='ocr_par' dir='ltr' id='par_1_50' title="bbox 304 3225 914 3298">
     <span class='ocr_line' id='line_1_50' title="bbox 304 3225 914 3298; baseline -0.003 -16"><span class='ocrx_word' id='word_1_350' title='bbox 304 3227 404 3292; x_wconf 84' lang='grc' dir='ltr'>νὰς</span> <span class='ocrx_word' id='word_1_351' title='bbox 433 3225 690 3294; x_wconf 89' lang='grc' dir='ltr'>λέγεσθαί</span> <span class='ocrx_word' id='word_1_352' title='bbox 729 3244 914 3298; x_wconf 88' lang='grc' dir='ltr'>φησιν.</span> 
     </span>
    </p>
   </div>
   <div class='ocr_carea' id='block_1_51' title="bbox 376 3318 1884 3390">
    <p class='ocr_par' dir='ltr' id='par_1_51' title="bbox 376 3318 1884 3390">
     <span class='ocr_line' id='line_1_51' title="bbox 376 3318 1884 3390; baseline -0.001 -15"><span class='ocrx_word' id='word_1_353' title='bbox 376 3321 500 3375; x_wconf 84' lang='grc' dir='ltr'>Ὅτι</span> <span class='ocrx_word' id='word_1_354' title='bbox 530 3321 694 3388; x_wconf 78' lang='grc' dir='ltr'>φησὶν</span> <span class='ocrx_word' id='word_1_355' title='bbox 741 3320 771 3371; x_wconf 91' lang='lat'><strong>6</strong></span> <span class='ocrx_word' id='word_1_356' title='bbox 825 3320 1004 3386; x_wconf 79' lang='grc' dir='ltr'>ἅγιος,</span> <span class='ocrx_word' id='word_1_357' title='bbox 1045 3318 1150 3372; x_wconf 85' lang='grc' dir='ltr'><strong>Δύο</strong></span> <span class='ocrx_word' id='word_1_358' title='bbox 1194 3319 1250 3372; x_wconf 81' lang='grc' dir='ltr'>δὲ</span> <span class='ocrx_word' id='word_1_359' title='bbox 1275 3320 1318 3350; x_wconf 76' lang='grc'><strong>⁷⁸</strong></span> <span class='ocrx_word' id='word_1_360' title='bbox 1356 3319 1614 3390; x_wconf 84' lang='grc' dir='ltr'>δυνάμεις</span> <span class='ocrx_word' id='word_1_361' title='bbox 1667 3323 1726 3374; x_wconf 83' lang='grc' dir='ltr'><strong>ὲν</strong></span> <span class='ocrx_word' id='word_1_362' title='bbox 1771 3323 1884 3386; x_wconf 88' lang='grc' dir='ltr'>τοῖς</span> 
     </span>
    </p>
   </div>
   <div class='ocr_carea' id='block_1_52' title="bbox 303 3403 1883 3480">
    <p class='ocr_par' dir='ltr' id='par_1_52' title="bbox 303 3403 1883 3480">
     <span class='ocr_line' id='line_1_52' title="bbox 303 3403 1883 3480; baseline -0.003 -17"><span class='ocrx_word' id='word_1_363' title='bbox 303 3407 860 3480; x_wconf 83' lang='grc' dir='ltr'>προωμολογημένοις</span> <span class='ocrx_word' id='word_1_364' title='bbox 909 3407 1119 3475; x_wconf 80' lang='grc' dir='ltr'>ἔφαμεν</span> <span class='ocrx_word' id='word_1_365' title='bbox 1180 3403 1320 3459; x_wconf 75' lang='grc' dir='ltr'>εἶναι</span> <span class='ocrx_word' id='word_1_366' title='bbox 1360 3407 1738 3478; x_wconf 69' lang='grc' dir='ltr'>ποιητικάςη,</span> <span class='ocrx_word' id='word_1_367' title='bbox 1783 3408 1883 3476; x_wconf 84' lang='grc' dir='ltr'><strong>τὴν</strong></span> 
     </span>
    </p>
   </div>
   <div class='ocr_carea' id='block_1_53' title="bbox 303 3497 1883 3569">
    <p class='ocr_par' dir='ltr' id='par_1_53' title="bbox 303 3497 1883 3569">
     <span class='ocr_line' id='line_1_53' title="bbox 303 3497 1883 3569; baseline -0.002 -14"><span class='ocrx_word' id='word_1_368' title='bbox 303 3502 367 3567; x_wconf 77' lang='grc' dir='ltr'>ἐξ</span> <span class='ocrx_word' id='word_1_369' title='bbox 399 3501 501 3555; x_wconf 84' lang='grc' dir='ltr'>οὐκ</span> <span class='ocrx_word' id='word_1_370' title='bbox 516 3501 684 3553; x_wconf 75' lang='grc' dir='ltr'>δντων</span> <span class='ocrx_word' id='word_1_371' title='bbox 701 3498 892 3569; x_wconf 88' lang='grc' dir='ltr'>γυμνῷ</span> <span class='ocrx_word' id='word_1_372' title='bbox 903 3498 979 3569; x_wconf 83' lang='grc' dir='ltr'>τῷ</span> <span class='ocrx_word' id='word_1_373' title='bbox 1002 3497 1300 3568; x_wconf 83' lang='grc' dir='ltr'>βουλήματι</span> <span class='ocrx_word' id='word_1_374' title='bbox 1323 3499 1493 3569; x_wconf 76' lang='grc' dir='ltr'>χωρὶς</span> <span class='ocrx_word' id='word_1_375' title='bbox 1509 3498 1674 3569; x_wconf 90' lang='grc' dir='ltr'>μελλη</span> <span class='ocrx_word' id='word_1_376' title='bbox 1685 3501 1822 3569; x_wconf 83' lang='grc' dir='ltr'>σμοῦ</span> <span class='ocrx_word' id='word_1_377' title='bbox 1837 3499 1883 3532; x_wconf 84' lang='grc'><strong>⁷³</strong></span> 
     </span>
    </p>
   </div>
   <div class='ocr_carea' id='block_1_54' title="bbox 305 3588 1880 3664">
    <p class='ocr_par' dir='ltr' id='par_1_54' title="bbox 305 3588 1880 3664">
     <span class='ocr_line' id='line_1_54' title="bbox 305 3588 1880 3664; baseline -0.001 -16"><span class='ocrx_word' id='word_1_378' title='bbox 305 3595 426 3664; x_wconf 76' lang='grc' dir='ltr'><strong>ἅμα</strong></span> <span class='ocrx_word' id='word_1_379' title='bbox 452 3593 530 3662; x_wconf 83' lang='grc' dir='ltr'>τῷ</span> <span class='ocrx_word' id='word_1_380' title='bbox 561 3591 784 3661; x_wconf 80' lang='grc' dir='ltr'>θελῆσαι</span> <span class='ocrx_word' id='word_1_381' title='bbox 844 3588 1252 3659; x_wconf 82' lang='grc' dir='ltr'>αὒτουργοῦσαν</span> <span class='ocrx_word' id='word_1_382' title='bbox 1275 3589 1304 3643; x_wconf 84' lang='grc' dir='ltr'><strong>ὃ</strong></span> <span class='ocrx_word' id='word_1_383' title='bbox 1355 3588 1600 3660; x_wconf 87' lang='grc' dir='ltr'>βούλεται</span> <span class='ocrx_word' id='word_1_384' title='bbox 1657 3594 1830 3646; x_wconf 85' lang='grc' dir='ltr'>ποιεῖν</span> <span class='ocrx_word' id='word_1_385' title='bbox 1864 3607 1880 3623; x_wconf 83' lang='lat'>&#39;</span> 
     </span>
    </p>
   </div>
   <div class='ocr_carea' id='block_1_55' title="bbox 303 3682 1882 3756">
    <p class='ocr_par' dir='ltr' id='par_1_55' title="bbox 303 3682 1882 3756">
     <span class='ocr_line' id='line_1_55' title="bbox 303 3682 1882 3756; baseline 0 -18"><span class='ocrx_word' id='word_1_386' title='bbox 303 3685 568 3755; x_wconf 86' lang='grc' dir='ltr'>τυγχάνει</span> <span class='ocrx_word' id='word_1_387' title='bbox 593 3683 649 3736; x_wconf 79' lang='grc' dir='ltr'>δὲ</span> <span class='ocrx_word' id='word_1_388' title='bbox 676 3684 705 3735; x_wconf 91' lang='lat'><strong>6</strong></span> <span class='ocrx_word' id='word_1_389' title='bbox 744 3683 939 3753; x_wconf 87' lang='grc' dir='ltr'>Πατήρ</span> <span class='ocrx_word' id='word_1_390' title='bbox 967 3699 982 3714; x_wconf 88' lang='grc'><strong>·</strong></span> <span class='ocrx_word' id='word_1_391' title='bbox 1029 3682 1264 3755; x_wconf 81' lang='grc' dir='ltr'>θατέραν</span> <span class='ocrx_word' id='word_1_392' title='bbox 1315 3683 1372 3736; x_wconf 76' lang='grc' dir='ltr'>δὲ</span> <span class='ocrx_word' id='word_1_393' title='bbox 1425 3685 1882 3756; x_wconf 80' lang='grc' dir='ltr'>κατακοσμοῦσαν</span> 
     </span>
    </p>
   </div>
   <div class='ocr_carea' id='block_1_56' title="bbox 304 3775 1882 3848">
    <p class='ocr_par' dir='ltr' id='par_1_56' title="bbox 304 3775 1882 3848">
     <span class='ocr_line' id='line_1_56' title="bbox 304 3775 1882 3848; baseline 0.001 -17"><span class='ocrx_word' id='word_1_394' title='bbox 304 3779 401 3831; x_wconf 70' lang='grc' dir='ltr'>καὶ</span> <span class='ocrx_word' id='word_1_395' title='bbox 429 3775 815 3830; x_wconf 74' lang='grc' dir='ltr'>ποικίλλουσαν</span> <span class='ocrx_word' id='word_1_396' title='bbox 870 3777 1012 3830; x_wconf 75' lang='grc' dir='ltr'>κατὰ</span> <span class='ocrx_word' id='word_1_397' title='bbox 1058 3776 1292 3847; x_wconf 81' lang='grc' dir='ltr'>μίμησιν</span> <span class='ocrx_word' id='word_1_398' title='bbox 1341 3777 1444 3847; x_wconf 81' lang='grc' dir='ltr'><strong>τῆς</strong></span> <span class='ocrx_word' id='word_1_399' title='bbox 1491 3777 1762 3848; x_wconf 85' lang='grc' dir='ltr'>προτέρας</span> <span class='ocrx_word' id='word_1_400' title='bbox 1811 3779 1882 3832; x_wconf 85' lang='grc' dir='ltr'>τὰ</span> 
     </span>
    </p>
   </div>
   <div class='ocr_carea' id='block_1_57' title="bbox 301 3865 1881 3944">
    <p class='ocr_par' dir='ltr' id='par_1_57' title="bbox 301 3865 1881 3944">
     <span class='ocr_line' id='line_1_57' title="bbox 301 3865 1881 3944; baseline 0.001 -24"><span class='ocrx_word' id='word_1_401' title='bbox 301 3869 406 3939; x_wconf 69' lang='grc' dir='ltr'>ἤδη</span> <span class='ocrx_word' id='word_1_402' title='bbox 425 3869 689 3936; x_wconf 80' lang='grc' dir='ltr'>γεγονότα</span> <span class='ocrx_word' id='word_1_403' title='bbox 722 3885 738 3898; x_wconf 92' lang='grc'><strong>·</strong></span> <span class='ocrx_word' id='word_1_404' title='bbox 778 3866 895 3919; x_wconf 78' lang='grc' dir='ltr'>ἐστι</span> <span class='ocrx_word' id='word_1_405' title='bbox 927 3866 983 3944; x_wconf 78' lang='grc' dir='ltr'>δὲ</span> <span class='ocrx_word' id='word_1_406' title='bbox 1007 3866 1034 3917; x_wconf 92' lang='lat'><strong>6</strong></span> <span class='ocrx_word' id='word_1_407' title='bbox 1065 3865 1214 3930; x_wconf 84' lang='grc' dir='ltr'>Υἱὸς,</span> <span class='ocrx_word' id='word_1_408' title='bbox 1249 3868 1281 3936; x_wconf 83' lang='grc' dir='ltr'>ἠ</span> <span class='ocrx_word' id='word_1_409' title='bbox 1318 3867 1727 3936; x_wconf 83' lang='grc' dir='ltr'>παντοδύναμος</span> <span class='ocrx_word' id='word_1_410' title='bbox 1786 3869 1881 3921; x_wconf 74' lang='grc' dir='ltr'>καὶ</span> 
     </span>
    </p>
   </div>
   <div class='ocr_carea' id='block_1_58' title="bbox 306 3951 1880 4030">
    <p class='ocr_par' dir='ltr' id='par_1_58' title="bbox 306 3951 1880 4030">
     <span class='ocr_line' id='line_1_58' title="bbox 306 3951 1880 4030; baseline 0.001 -17"><span class='ocrx_word' id='word_1_411' title='bbox 306 3957 549 4029; x_wconf 79' lang='grc' dir='ltr'>κραταιὰ</span> <span class='ocrx_word' id='word_1_412' title='bbox 579 3958 702 4028; x_wconf 69' lang='grc' dir='ltr'>χεὶρ</span> <span class='ocrx_word' id='word_1_413' title='bbox 728 3956 820 4010; x_wconf 82' lang='grc' dir='ltr'>τοῦ</span> <span class='ocrx_word' id='word_1_414' title='bbox 859 3957 1091 4026; x_wconf 83' lang='grc' dir='ltr'>Πατρδς,</span> <span class='ocrx_word' id='word_1_415' title='bbox 1117 3959 1176 4010; x_wconf 77' lang='grc' dir='ltr'>ὲν</span> <span class='ocrx_word' id='word_1_416' title='bbox 1284 3959 1422 4028; x_wconf 81' lang='grc' dir='ltr'>μετὰ</span> <span class='ocrx_word' id='word_1_417' title='bbox 1453 3958 1514 4012; x_wconf 84' lang='grc' dir='ltr'><strong>τὸ</strong></span> <span class='ocrx_word' id='word_1_418' title='bbox 1536 3959 1756 4029; x_wconf 85' lang='grc' dir='ltr'>ποιῆσαι</span> <span class='ocrx_word' id='word_1_419' title='bbox 1781 3960 1880 4030; x_wconf 81' lang='grc' dir='ltr'><strong>τὴν</strong></span> 
     </span>
    </p>
   </div>
   <div class='ocr_carea' id='block_1_59' title="bbox 305 4050 1256 4121">
    <p class='ocr_par' dir='ltr' id='par_1_59' title="bbox 305 4050 1256 4121">
     <span class='ocr_line' id='line_1_59' title="bbox 305 4050 1256 4121; baseline -0.001 -16"><span class='ocrx_word' id='word_1_420' title='bbox 305 4053 442 4121; x_wconf 75' lang='grc' dir='ltr'>ὓλην</span> <span class='ocrx_word' id='word_1_421' title='bbox 467 4051 528 4116; x_wconf 81' lang='grc' dir='ltr'><strong>ἐξ</strong></span> <span class='ocrx_word' id='word_1_422' title='bbox 563 4051 665 4104; x_wconf 82' lang='grc' dir='ltr'>οὐκ</span> <span class='ocrx_word' id='word_1_423' title='bbox 690 4051 860 4104; x_wconf 76' lang='grc' dir='ltr'>ὄντων</span> <span class='ocrx_word' id='word_1_424' title='bbox 891 4050 1256 4119; x_wconf 85' lang='grc' dir='ltr'>κατακοσμεῖ.</span> 
     </span>
    </p>
   </div>
   <div class='ocr_carea' id='block_1_60' title="bbox 376 4135 1876 4212">
    <p class='ocr_par' dir='ltr' id='par_1_60' title="bbox 376 4135 1876 4212">
     <span class='ocr_line' id='line_1_60' title="bbox 376 4135 1876 4212; baseline 0.001 -16"><span class='ocrx_word' id='word_1_425' title='bbox 376 4145 501 4196; x_wconf 79' lang='grc' dir='ltr'>Ὀτι</span> <span class='ocrx_word' id='word_1_426' title='bbox 523 4141 584 4196; x_wconf 83' lang='grc' dir='ltr'>τὸ</span> <span class='ocrx_word' id='word_1_427' title='bbox 619 4141 740 4196; x_wconf 81' lang='grc' dir='ltr'><strong>’1ὼὸ</strong></span> <span class='ocrx_word' id='word_1_428' title='bbox 758 4141 959 4212; x_wconf 75' lang='grc' dir='ltr'>βιϐλίον</span> <span class='ocrx_word' id='word_1_429' title='bbox 978 4139 1224 4203; x_wconf 79' lang='grc' dir='ltr'><strong>Μωσέως</strong></span> <span class='ocrx_word' id='word_1_430' title='bbox 1249 4135 1390 4193; x_wconf 79' lang='grc' dir='ltr'>εἶναι</span> <span class='ocrx_word' id='word_1_431' title='bbox 1431 4141 1460 4193; x_wconf 78' lang='grc' dir='ltr'><em>ὁ</em></span> <span class='ocrx_word' id='word_1_432' title='bbox 1504 4140 1658 4208; x_wconf 74' lang='grc' dir='ltr'>ἅγιός</span> <span class='ocrx_word' id='word_1_433' title='bbox 1691 4160 1876 4212; x_wconf 79' lang='grc' dir='ltr'>φησιν.</span> 
     </span>
    </p>
   </div>
   <div class='ocr_carea' id='block_1_61' title="bbox 373 4232 1880 4309">
    <p class='ocr_par' dir='ltr' id='par_1_61' title="bbox 373 4232 1880 4309">
     <span class='ocr_line' id='line_1_61' title="bbox 373 4232 1880 4309; baseline -0.001 -16"><span class='ocrx_word' id='word_1_434' title='bbox 373 4236 502 4309; x_wconf 66' lang='grc'><strong>[940</strong></span> <span class='ocrx_word' id='word_1_435' title='bbox 541 4234 635 4309; x_wconf 59' lang='grc' dir='ltr'><strong>Β]</strong></span> <span class='ocrx_word' id='word_1_436' title='bbox 678 4235 950 4307; x_wconf 75' lang='grc' dir='ltr'>’Ότιπερὶ</span> <span class='ocrx_word' id='word_1_437' title='bbox 974 4232 1088 4298; x_wconf 79' lang='grc' dir='ltr'>τοῦ,</span> <span class='ocrx_word' id='word_1_438' title='bbox 1133 4234 1235 4288; x_wconf 82' lang='grc' dir='ltr'><strong>Ἐν</strong></span> <span class='ocrx_word' id='word_1_439' title='bbox 1262 4232 1416 4303; x_wconf 75' lang='grc' dir='ltr'>ἀρχῇ</span> <span class='ocrx_word' id='word_1_440' title='bbox 1452 4235 1745 4300; x_wconf 80' lang='grc' dir='ltr'>ἐποίησεν</span> <span class='ocrx_word' id='word_1_441' title='bbox 1775 4238 1880 4292; x_wconf 86' lang='grc' dir='ltr'><strong>τὸν</strong></span> 
     </span>
    </p>
   </div>
   <div class='ocr_carea' id='block_1_62' title="bbox 300 4327 1877 4402">
    <p class='ocr_par' dir='ltr' id='par_1_62' title="bbox 300 4327 1877 4402">
     <span class='ocr_line' id='line_1_62' title="bbox 300 4327 1877 4402; baseline -0.003 -14"><span class='ocrx_word' id='word_1_442' title='bbox 300 4330 566 4400; x_wconf 78' lang='grc' dir='ltr'><strong>οὐρανὸν</strong></span> <span class='ocrx_word' id='word_1_443' title='bbox 596 4328 696 4383; x_wconf 78' lang='grc' dir='ltr'><strong>καί</strong></span> <span class='ocrx_word' id='word_1_444' title='bbox 719 4329 834 4397; x_wconf 81' lang='grc' dir='ltr'><strong>τὴν</strong></span> <span class='ocrx_word' id='word_1_445' title='bbox 856 4327 994 4399; x_wconf 76' lang='grc' dir='ltr'>γῆν,</span> <span class='ocrx_word' id='word_1_446' title='bbox 1023 4329 1209 4398; x_wconf 64' lang='grc' dir='ltr'>φησιν,</span> <span class='ocrx_word' id='word_1_447' title='bbox 1231 4328 1429 4397; x_wconf 87' lang='grc' dir='ltr'>Ἀρχὴν</span> <span class='ocrx_word' id='word_1_448' title='bbox 1449 4327 1505 4379; x_wconf 81' lang='grc' dir='ltr'><strong>δὲ</strong></span> <span class='ocrx_word' id='word_1_449' title='bbox 1527 4328 1695 4399; x_wconf 81' lang='grc' dir='ltr'>αὐτὴν</span> <span class='ocrx_word' id='word_1_450' title='bbox 1716 4330 1814 4402; x_wconf 80' lang='grc' dir='ltr'><strong>τὴν</strong></span> <span class='ocrx_word' id='word_1_451' title='bbox 1831 4332 1877 4364; x_wconf 69' lang='grc'><strong>⁷⁸</strong></span> 
     </span>
    </p>
   </div>
   <div class='ocr_carea' id='block_1_63' title="bbox 1992 1867 3578 1944">
    <p class='ocr_par' dir='ltr' id='par_1_63' title="bbox 1992 1867 3578 1944">
     <span class='ocr_line' id='line_1_63' title="bbox 1992 1867 3578 1944; baseline -0.001 -22"><span class='ocrx_word' id='word_1_452' title='bbox 1992 1867 2118 1923; x_wconf 90' lang='lat' dir='ltr'><strong>litus</strong></span> <span class='ocrx_word' id='word_1_453' title='bbox 2141 1869 2213 1923; x_wconf 87' lang='lat' dir='ltr'><strong>sit</strong></span> <span class='ocrx_word' id='word_1_454' title='bbox 2235 1868 2429 1923; x_wconf 78' lang='lat' dir='ltr'><strong>artifex</strong></span> <span class='ocrx_word' id='word_1_455' title='bbox 2453 1909 2469 1936; x_wconf 93' lang='lat'><strong>,</strong></span> <span class='ocrx_word' id='word_1_456' title='bbox 2491 1869 2580 1923; x_wconf 91' lang='lat' dir='ltr'><strong>illa</strong></span> <span class='ocrx_word' id='word_1_457' title='bbox 2611 1879 2788 1924; x_wconf 84' lang='lat' dir='ltr'><strong>tamen</strong></span> <span class='ocrx_word' id='word_1_458' title='bbox 2817 1868 3235 1944; x_wconf 73' lang='lat' dir='ltr'><strong>[generationis]</strong></span> <span class='ocrx_word' id='word_1_459' title='bbox 3259 1869 3578 1939; x_wconf 86' lang='lat' dir='ltr'><strong>principium</strong></span> 
     </span>
    </p>
   </div>
   <div class='ocr_carea' id='block_1_64' title="bbox 1991 1959 3581 2030">
    <p class='ocr_par' dir='ltr' id='par_1_64' title="bbox 1991 1959 3581 2030">
     <span class='ocr_line' id='line_1_64' title="bbox 1991 1959 3581 2030; baseline -0.001 -17"><span class='ocrx_word' id='word_1_460' title='bbox 1991 1959 2234 2021; x_wconf 85' lang='lat' dir='ltr'><strong>habebit,</strong></span> <span class='ocrx_word' id='word_1_461' title='bbox 2267 1975 2376 2029; x_wconf 92' lang='lat' dir='ltr'><strong>quo</strong></span> <span class='ocrx_word' id='word_1_462' title='bbox 2407 1960 2696 2015; x_wconf 88' lang='lat' dir='ltr'><strong>informem</strong></span> <span class='ocrx_word' id='word_1_463' title='bbox 2733 1971 2789 2014; x_wconf 92' lang='lat' dir='ltr'><strong>et</strong></span> <span class='ocrx_word' id='word_1_464' title='bbox 2823 1961 3011 2015; x_wconf 89' lang='lat' dir='ltr'><strong>rudem</strong></span> <span class='ocrx_word' id='word_1_465' title='bbox 3039 1959 3238 2014; x_wconf 84' lang='lat' dir='ltr'><strong>artifex</strong></span> <span class='ocrx_word' id='word_1_466' title='bbox 3274 1961 3440 2030; x_wconf 64' lang='lat' dir='ltr'><strong>carpit</strong></span> <span class='ocrx_word' id='word_1_467' title='bbox 3471 1970 3581 2012; x_wconf 89' lang='lat' dir='ltr'><strong>tra-</strong></span> 
     </span>
    </p>
   </div>
   <div class='ocr_carea' id='block_1_65' title="bbox 1989 2051 3582 2122">
    <p class='ocr_par' dir='ltr' id='par_1_65' title="bbox 1989 2051 3582 2122">
     <span class='ocr_line' id='line_1_65' title="bbox 1989 2051 3582 2122; baseline 0 -16"><span class='ocrx_word' id='word_1_468' title='bbox 1989 2061 2142 2106; x_wconf 86' lang='lat' dir='ltr'><strong>ctare</strong></span> <span class='ocrx_word' id='word_1_469' title='bbox 2171 2060 2226 2106; x_wconf 91' lang='lat' dir='ltr'><strong>et</strong></span> <span class='ocrx_word' id='word_1_470' title='bbox 2263 2051 2524 2120; x_wconf 89' lang='lat' dir='ltr'><strong>expolire.</strong></span> <span class='ocrx_word' id='word_1_471' title='bbox 2567 2052 2708 2122; x_wconf 86' lang='lat' dir='ltr'><strong>Ergo</strong></span> <span class='ocrx_word' id='word_1_472' title='bbox 2744 2067 2850 2108; x_wconf 85' lang='lat' dir='ltr'><strong>nec</strong></span> <span class='ocrx_word' id='word_1_473' title='bbox 2883 2062 3002 2108; x_wconf 90' lang='lat' dir='ltr'><strong>erat</strong></span> <span class='ocrx_word' id='word_1_474' title='bbox 3050 2066 3149 2106; x_wconf 91' lang='lat' dir='ltr'><strong>nec</strong></span> <span class='ocrx_word' id='word_1_475' title='bbox 3184 2052 3290 2106; x_wconf 90' lang='lat' dir='ltr'><strong>erit</strong></span> <span class='ocrx_word' id='word_1_476' title='bbox 3323 2061 3582 2121; x_wconf 89' lang='lat' dir='ltr'><strong>perpetuo</strong></span> 
     </span>
    </p>
   </div>
   <div class='ocr_carea' id='block_1_66' title="bbox 1990 2143 3579 2212">
    <p class='ocr_par' dir='ltr' id='par_1_66' title="bbox 1990 2143 3579 2212">
     <span class='ocr_line' id='line_1_66' title="bbox 1990 2143 3579 2212; baseline -0.001 -12"><span class='ocrx_word' id='word_1_477' title='bbox 1990 2145 2132 2200; x_wconf 91' lang='lat' dir='ltr'><strong>idem</strong></span> <span class='ocrx_word' id='word_1_478' title='bbox 2155 2159 2373 2212; x_wconf 84' lang='lat' dir='ltr'><strong>semper</strong></span> <span class='ocrx_word' id='word_1_479' title='bbox 2391 2145 2622 2199; x_wconf 89' lang='lat' dir='ltr'><strong>mundus</strong></span> <span class='ocrx_word' id='word_1_480' title='bbox 2654 2143 3076 2212; x_wconf 86' lang='lat' dir='ltr'><strong>(comparandus</strong></span> <span class='ocrx_word' id='word_1_481' title='bbox 3104 2152 3184 2198; x_wconf 91' lang='lat' dir='ltr'><strong>est</strong></span> <span class='ocrx_word' id='word_1_482' title='bbox 3211 2144 3358 2196; x_wconf 90' lang='lat' dir='ltr'><strong>enim</strong></span> <span class='ocrx_word' id='word_1_483' title='bbox 3383 2143 3579 2199; x_wconf 81' lang='lat' dir='ltr'><strong>artifex</strong></span> 
     </span>
    </p>
   </div>
   <div class='ocr_carea' id='block_1_67' title="bbox 1990 2233 3578 2305">
    <p class='ocr_par' dir='ltr' id='par_1_67' title="bbox 1990 2233 3578 2305">
     <span class='ocr_line' id='line_1_67' title="bbox 1990 2233 3578 2305; baseline 0.001 -17"><span class='ocrx_word' id='word_1_484' title='bbox 1990 2233 2125 2301; x_wconf 84' lang='lat' dir='ltr'><strong>Deo,</strong></span> <span class='ocrx_word' id='word_1_485' title='bbox 2151 2243 2206 2288; x_wconf 89' lang='lat' dir='ltr'><strong>et</strong></span> <span class='ocrx_word' id='word_1_486' title='bbox 2250 2243 2430 2290; x_wconf 90' lang='lat' dir='ltr'><strong>statua</strong></span> <span class='ocrx_word' id='word_1_487' title='bbox 2465 2236 2708 2305; x_wconf 85' lang='lat' dir='ltr'><strong>mundo).</strong></span> <span class='ocrx_word' id='word_1_488' title='bbox 2759 2236 3041 2300; x_wconf 87' lang='lat' dir='ltr'><strong>Quomodo</strong></span> <span class='ocrx_word' id='word_1_489' title='bbox 3086 2249 3236 2305; x_wconf 89' lang='lat' dir='ltr'><strong>ergo,</strong></span> <span class='ocrx_word' id='word_1_490' title='bbox 3261 2249 3293 2290; x_wconf 93' lang='grc' dir='ltr'><strong>ο</strong></span> <span class='ocrx_word' id='word_1_491' title='bbox 3319 2235 3578 2304; x_wconf 86' lang='lat' dir='ltr'><strong>stupidis-</strong></span> 
     </span>
    </p>
   </div>
   <div class='ocr_carea' id='block_1_68' title="bbox 1987 2326 3578 2400">
    <p class='ocr_par' dir='ltr' id='par_1_68' title="bbox 1987 2326 3578 2400">
     <span class='ocr_line' id='line_1_68' title="bbox 1987 2326 3578 2400; baseline 0.001 -21"><span class='ocrx_word' id='word_1_492' title='bbox 1987 2327 2144 2391; x_wconf 85' lang='lat' dir='ltr'><strong>simi,</strong></span> <span class='ocrx_word' id='word_1_493' title='bbox 2196 2326 2524 2382; x_wconf 80' lang='lat' dir='ltr'><strong>existimatis</strong></span> <span class='ocrx_word' id='word_1_494' title='bbox 2570 2335 2890 2400; x_wconf 58' lang='lat' dir='ltr'><strong>preaturam</strong></span> <span class='ocrx_word' id='word_1_495' title='bbox 2945 2326 3204 2380; x_wconf 76' lang='lat' dir='ltr'><strong>Creatori</strong></span> <span class='ocrx_word' id='word_1_496' title='bbox 3255 2337 3578 2381; x_wconf 74' lang='lat' dir='ltr'><strong>coaeteruam</strong></span> 
     </span>
    </p>
   </div>
   <div class='ocr_carea' id='block_1_69' title="bbox 1990 2417 3675 2497">
    <p class='ocr_par' dir='ltr' id='par_1_69' title="bbox 1990 2417 3675 2497">
     <span class='ocr_line' id='line_1_69' title="bbox 1990 2417 3675 2497; baseline -0.001 -25"><span class='ocrx_word' id='word_1_497' title='bbox 1990 2418 2296 2491; x_wconf 78' lang='lat' dir='ltr'><strong>[adeoque]</strong></span> <span class='ocrx_word' id='word_1_498' title='bbox 2341 2419 2602 2473; x_wconf 83' lang='lat' dir='ltr'><strong>Creatore</strong></span> <span class='ocrx_word' id='word_1_499' title='bbox 2654 2417 2835 2490; x_wconf 83' lang='lat' dir='ltr'><strong>[non]</strong></span> <span class='ocrx_word' id='word_1_500' title='bbox 2903 2418 3189 2488; x_wconf 78' lang='lat' dir='ltr'><strong>indigere?</strong></span> <span class='ocrx_word' id='word_1_501' title='bbox 3237 2419 3576 2474; x_wconf 70' lang='lat' dir='ltr'><strong>Coacternum</strong></span> <span class='ocrx_word' id='word_1_502' title='bbox 3669 2487 3675 2497; x_wconf 18' lang='grc' dir='ltr'><strong>κ</strong></span> 
     </span>
    </p>
   </div>
   <div class='ocr_carea' id='block_1_70' title="bbox 1987 2507 3579 2578">
    <p class='ocr_par' dir='ltr' id='par_1_70' title="bbox 1987 2507 3579 2578">
     <span class='ocr_line' id='line_1_70' title="bbox 1987 2507 3579 2578; baseline 0.001 -16"><span class='ocrx_word' id='word_1_503' title='bbox 1987 2508 2152 2574; x_wconf 89' lang='lat' dir='ltr'><strong>enim,</strong></span> <span class='ocrx_word' id='word_1_504' title='bbox 2183 2523 2308 2562; x_wconf 90' lang='lat' dir='ltr'><strong>cum</strong></span> <span class='ocrx_word' id='word_1_505' title='bbox 2348 2507 2552 2561; x_wconf 89' lang='lat' dir='ltr'><strong>nullum</strong></span> <span class='ocrx_word' id='word_1_506' title='bbox 2597 2510 2966 2577; x_wconf 84' lang='lat' dir='ltr'><strong>generationis</strong></span> <span class='ocrx_word' id='word_1_507' title='bbox 3009 2509 3332 2578; x_wconf 86' lang='lat' dir='ltr'><strong>principium</strong></span> <span class='ocrx_word' id='word_1_508' title='bbox 3381 2511 3579 2565; x_wconf 90' lang='lat' dir='ltr'><strong>admit-</strong></span> 
     </span>
    </p>
   </div>
   <div class='ocr_carea' id='block_1_71' title="bbox 1987 2602 3576 2672">
    <p class='ocr_par' dir='ltr' id='par_1_71' title="bbox 1987 2602 3576 2672">
     <span class='ocr_line' id='line_1_71' title="bbox 1987 2602 3576 2672; baseline 0 -15"><span class='ocrx_word' id='word_1_509' title='bbox 1987 2613 2086 2669; x_wconf 89' lang='lat' dir='ltr'><strong>tat,</strong></span> <span class='ocrx_word' id='word_1_510' title='bbox 2123 2617 2344 2658; x_wconf 88' lang='lat' dir='ltr'><strong>necesse</strong></span> <span class='ocrx_word' id='word_1_511' title='bbox 2377 2610 2462 2658; x_wconf 89' lang='lat' dir='ltr'><strong>est</strong></span> <span class='ocrx_word' id='word_1_512' title='bbox 2498 2613 2550 2656; x_wconf 94' lang='lat' dir='ltr'><strong>ut</strong></span> <span class='ocrx_word' id='word_1_513' title='bbox 2588 2603 2660 2658; x_wconf 90' lang='lat' dir='ltr'><strong>sit</strong></span> <span class='ocrx_word' id='word_1_514' title='bbox 2701 2603 2865 2657; x_wconf 89' lang='lat' dir='ltr'><strong>etiam</strong></span> <span class='ocrx_word' id='word_1_515' title='bbox 2907 2603 3211 2672; x_wconf 86' lang='lat' dir='ltr'><strong>ingenitum</strong></span> <span class='ocrx_word' id='word_1_516' title='bbox 3247 2612 3304 2657; x_wconf 93' lang='lat' dir='ltr'><strong>et</strong></span> <span class='ocrx_word' id='word_1_517' title='bbox 3334 2602 3576 2672; x_wconf 86' lang='lat' dir='ltr'><strong>ejusdem</strong></span> 
     </span>
    </p>
   </div>
   <div class='ocr_carea' id='block_1_72' title="bbox 1986 2690 3572 2765">
    <p class='ocr_par' dir='ltr' id='par_1_72' title="bbox 1986 2690 3572 2765">
     <span class='ocr_line' id='line_1_72' title="bbox 1986 2690 3572 2765; baseline -0.001 -15"><span class='ocrx_word' id='word_1_518' title='bbox 1986 2695 2265 2765; x_wconf 61' lang='lat' dir='ltr'><strong>patentia.</strong></span> <span class='ocrx_word' id='word_1_519' title='bbox 2308 2694 2464 2762; x_wconf 83' lang='lat' dir='ltr'><strong>Quod</strong></span> <span class='ocrx_word' id='word_1_520' title='bbox 2499 2705 2680 2750; x_wconf 89' lang='lat' dir='ltr'><strong>autem</strong></span> <span class='ocrx_word' id='word_1_521' title='bbox 2732 2694 3028 2762; x_wconf 86' lang='lat' dir='ltr'><strong>ingenitum</strong></span> <span class='ocrx_word' id='word_1_522' title='bbox 3063 2705 3166 2756; x_wconf 91' lang='lat' dir='ltr'><strong>est,</strong></span> <span class='ocrx_word' id='word_1_523' title='bbox 3198 2694 3250 2748; x_wconf 91' lang='lat' dir='ltr'><strong>id</strong></span> <span class='ocrx_word' id='word_1_524' title='bbox 3280 2690 3572 2749; x_wconf 85' lang='lat' dir='ltr'><strong>manifeste</strong></span> 
     </span>
    </p>
   </div>
   <div class='ocr_carea' id='block_1_73' title="bbox 1986 2785 3577 2857">
    <p class='ocr_par' dir='ltr' id='par_1_73' title="bbox 1986 2785 3577 2857">
     <span class='ocr_line' id='line_1_73' title="bbox 1986 2785 3577 2857; baseline -0.001 -18"><span class='ocrx_word' id='word_1_525' title='bbox 1986 2786 2146 2839; x_wconf 90' lang='lat' dir='ltr'><strong>etiam</strong></span> <span class='ocrx_word' id='word_1_526' title='bbox 2179 2802 2274 2854; x_wconf 89' lang='lat' dir='ltr'><strong>per</strong></span> <span class='ocrx_word' id='word_1_527' title='bbox 2318 2801 2376 2841; x_wconf 87' lang='lat' dir='ltr'><strong>se</strong></span> <span class='ocrx_word' id='word_1_528' title='bbox 2403 2785 2702 2856; x_wconf 88' lang='lat' dir='ltr'><strong>perfectum</strong></span> <span class='ocrx_word' id='word_1_529' title='bbox 2732 2785 2928 2857; x_wconf 58' lang='grc' dir='ltr'><strong>θοῇσι</strong></span> <span class='ocrx_word' id='word_1_530' title='bbox 2964 2793 3023 2840; x_wconf 81' lang='lat' dir='ltr'><strong>et</strong></span> <span class='ocrx_word' id='word_1_531' title='bbox 3072 2785 3428 2850; x_wconf 83' lang='lat' dir='ltr'><strong>immutabile,</strong></span> <span class='ocrx_word' id='word_1_532' title='bbox 3457 2785 3577 2838; x_wconf 83' lang='lat' dir='ltr'><strong>nul-</strong></span> 
     </span>
    </p>
   </div>
   <div class='ocr_carea' id='block_1_74' title="bbox 1985 2877 3576 2946">
    <p class='ocr_par' dir='ltr' id='par_1_74' title="bbox 1985 2877 3576 2946">
     <span class='ocr_line' id='line_1_74' title="bbox 1985 2877 3576 2946; baseline 0 -14"><span class='ocrx_word' id='word_1_533' title='bbox 1985 2877 2200 2946; x_wconf 88' lang='lat' dir='ltr'><strong>liusque</strong></span> <span class='ocrx_word' id='word_1_534' title='bbox 2228 2892 2394 2946; x_wconf 86' lang='lat' dir='ltr'><strong>egens</strong></span> <span class='ocrx_word' id='word_1_535' title='bbox 2424 2885 2478 2931; x_wconf 89' lang='lat' dir='ltr'><strong>et</strong></span> <span class='ocrx_word' id='word_1_536' title='bbox 2513 2877 2929 2946; x_wconf 89' lang='lat' dir='ltr'><strong>incorruptibile</strong></span> <span class='ocrx_word' id='word_1_537' title='bbox 2957 2878 3084 2932; x_wconf 91' lang='lat' dir='ltr'><strong>erit.</strong></span> <span class='ocrx_word' id='word_1_538' title='bbox 3120 2877 3185 2930; x_wconf 84' lang='lat' dir='ltr'><strong>Et</strong></span> <span class='ocrx_word' id='word_1_539' title='bbox 3217 2877 3266 2931; x_wconf 88' lang='lat' dir='ltr'><strong>si</strong></span> <span class='ocrx_word' id='word_1_540' title='bbox 3293 2877 3369 2930; x_wconf 91' lang='lat' dir='ltr'><strong>ita</strong></span> <span class='ocrx_word' id='word_1_541' title='bbox 3398 2891 3458 2932; x_wconf 85' lang='lat' dir='ltr'><strong>se</strong></span> <span class='ocrx_word' id='word_1_542' title='bbox 3488 2892 3576 2932; x_wconf 85' lang='lat' dir='ltr'><strong>res</strong></span> 
     </span>
    </p>
   </div>
   <div class='ocr_carea' id='block_1_75' title="bbox 1985 2968 3573 3036">
    <p class='ocr_par' dir='ltr' id='par_1_75' title="bbox 1985 2968 3573 3036">
     <span class='ocr_line' id='line_1_75' title="bbox 1985 2968 3573 3036; baseline 0 -12"><span class='ocrx_word' id='word_1_543' title='bbox 1985 2969 2170 3036; x_wconf 85' lang='lat' dir='ltr'><strong>habet,</strong></span> <span class='ocrx_word' id='word_1_544' title='bbox 2195 2983 2263 3024; x_wconf 88' lang='lat' dir='ltr'><strong>ex</strong></span> <span class='ocrx_word' id='word_1_545' title='bbox 2289 2981 2472 3024; x_wconf 85' lang='lat' dir='ltr'><strong>vestra</strong></span> <span class='ocrx_word' id='word_1_546' title='bbox 2499 2969 2770 3024; x_wconf 80' lang='lat' dir='ltr'><strong>sententia</strong></span> <span class='ocrx_word' id='word_1_547' title='bbox 2800 2969 3036 3024; x_wconf 86' lang='lat' dir='ltr'><strong>mundus</strong></span> <span class='ocrx_word' id='word_1_548' title='bbox 3063 2969 3174 3024; x_wconf 90' lang='lat' dir='ltr'><strong>erit</strong></span> <span class='ocrx_word' id='word_1_549' title='bbox 3199 2968 3573 3025; x_wconf 86' lang='lat' dir='ltr'><strong>immutabilis.</strong></span> 
     </span>
    </p>
   </div>
   <div class='ocr_carea' id='block_1_76' title="bbox 2073 3144 3575 3218">
    <p class='ocr_par' dir='ltr' id='par_1_76' title="bbox 2073 3144 3575 3218">
     <span class='ocr_line' id='line_1_76' title="bbox 2073 3144 3575 3218; baseline 0.001 -19"><span class='ocrx_word' id='word_1_550' title='bbox 2073 3144 2372 3200; x_wconf 89' lang='lat' dir='ltr'><strong>Ecclesiam</strong></span> <span class='ocrx_word' id='word_1_551' title='bbox 2407 3145 2477 3200; x_wconf 89' lang='lat' dir='ltr'><strong>ab</strong></span> <span class='ocrx_word' id='word_1_552' title='bbox 2503 3147 2795 3203; x_wconf 90' lang='lat' dir='ltr'><strong>evocandis</strong></span> <span class='ocrx_word' id='word_1_553' title='bbox 2822 3146 3192 3218; x_wconf 84' lang='lat' dir='ltr'><strong>voluptatibus</strong></span> <span class='ocrx_word' id='word_1_554' title='bbox 3223 3147 3350 3217; x_wconf 89' lang='lat' dir='ltr'><strong>(hoc</strong></span> <span class='ocrx_word' id='word_1_555' title='bbox 3381 3157 3575 3202; x_wconf 84' lang='lat' dir='ltr'><strong>estex-</strong></span> 
     </span>
    </p>
   </div>
   <div class='ocr_carea' id='block_1_77' title="bbox 1987 3233 2667 3305">
    <p class='ocr_par' dir='ltr' id='par_1_77' title="bbox 1987 3233 2667 3305">
     <span class='ocr_line' id='line_1_77' title="bbox 1987 3233 2667 3305; baseline 0.001 -17"><span class='ocrx_word' id='word_1_556' title='bbox 1987 3233 2307 3305; x_wconf 86' lang='lat' dir='ltr'><strong>stirpandis)</strong></span> <span class='ocrx_word' id='word_1_557' title='bbox 2344 3236 2542 3289; x_wconf 90' lang='lat' dir='ltr'><strong>dictam</strong></span> <span class='ocrx_word' id='word_1_558' title='bbox 2571 3237 2667 3290; x_wconf 89' lang='lat' dir='ltr'><strong>ait.</strong></span> 
     </span>
    </p>
   </div>
   <div class='ocr_carea' id='block_1_78' title="bbox 2056 3323 3572 3394">
    <p class='ocr_par' dir='ltr' id='par_1_78' title="bbox 2056 3323 3572 3394">
     <span class='ocr_line' id='line_1_78' title="bbox 2056 3323 3572 3394; baseline -0.003 -16"><span class='ocrx_word' id='word_1_559' title='bbox 2056 3325 2230 3379; x_wconf 86' lang='lat' dir='ltr'><strong>Porro</strong></span> <span class='ocrx_word' id='word_1_560' title='bbox 2276 3335 2498 3378; x_wconf 87' lang='lat' dir='ltr'><strong>sanctus</strong></span> <span class='ocrx_word' id='word_1_561' title='bbox 2546 3326 2716 3379; x_wconf 87' lang='lat' dir='ltr'><strong>dicit:</strong></span> <span class='ocrx_word' id='word_1_562' title='bbox 2761 3323 2903 3380; x_wconf 85' lang='lat' dir='ltr'><strong>Duas</strong></span> <span class='ocrx_word' id='word_1_563' title='bbox 2934 3326 2986 3379; x_wconf 91' lang='lat' dir='ltr'><strong>in</strong></span> <span class='ocrx_word' id='word_1_564' title='bbox 3019 3337 3183 3394; x_wconf 88' lang='lat' dir='ltr'><strong>supra</strong></span> <span class='ocrx_word' id='word_1_565' title='bbox 3223 3324 3383 3378; x_wconf 86' lang='lat' dir='ltr'><strong>dictis</strong></span> <span class='ocrx_word' id='word_1_566' title='bbox 3427 3324 3572 3376; x_wconf 77' lang='lat' dir='ltr'><strong>aﬂir-</strong></span> 
     </span>
    </p>
   </div>
   <div class='ocr_carea' id='block_1_79' title="bbox 1988 3413 3571 3482">
    <p class='ocr_par' dir='ltr' id='par_1_79' title="bbox 1988 3413 3571 3482">
     <span class='ocr_line' id='line_1_79' title="bbox 1988 3413 3571 3482; baseline 0 -16"><span class='ocrx_word' id='word_1_567' title='bbox 1988 3415 2267 3466; x_wconf 86' lang='lat' dir='ltr'><strong>mabamus</strong></span> <span class='ocrx_word' id='word_1_568' title='bbox 2295 3429 2411 3468; x_wconf 88' lang='lat' dir='ltr'><strong>esse</strong></span> <span class='ocrx_word' id='word_1_569' title='bbox 2436 3413 2738 3469; x_wconf 78' lang='lat' dir='ltr'><strong>eﬂ&#39;ectrices</strong></span> <span class='ocrx_word' id='word_1_570' title='bbox 2776 3413 3061 3469; x_wconf 83' lang='lat' dir='ltr'><strong>facnltates</strong></span> <span class='ocrx_word' id='word_1_571' title='bbox 3095 3433 3110 3468; x_wconf 94' lang='lat'><strong>:</strong></span> <span class='ocrx_word' id='word_1_572' title='bbox 3149 3428 3308 3467; x_wconf 87' lang='lat' dir='ltr'><strong>unam</strong></span> <span class='ocrx_word' id='word_1_573' title='bbox 3355 3429 3475 3482; x_wconf 65' lang='lat' dir='ltr'><strong>quae</strong></span> <span class='ocrx_word' id='word_1_574' title='bbox 3504 3429 3571 3466; x_wconf 87' lang='lat' dir='ltr'><strong>ex</strong></span> 
     </span>
    </p>
   </div>
   <div class='ocr_carea' id='block_1_80' title="bbox 1997 3503 3572 3570">
    <p class='ocr_par' dir='ltr' id='par_1_80' title="bbox 1997 3503 3572 3570">
     <span class='ocr_line' id='line_1_80' title="bbox 1997 3503 3572 3570; baseline -0.001 -13"><span class='ocrx_word' id='word_1_575' title='bbox 1997 3505 2166 3557; x_wconf 84' lang='lat' dir='ltr'><strong>rebus</strong></span> <span class='ocrx_word' id='word_1_576' title='bbox 2192 3518 2298 3558; x_wconf 91' lang='lat' dir='ltr'><strong>non</strong></span> <span class='ocrx_word' id='word_1_577' title='bbox 2323 3505 2708 3559; x_wconf 88' lang='lat' dir='ltr'><strong>exsistentibus</strong></span> <span class='ocrx_word' id='word_1_578' title='bbox 2733 3504 2845 3558; x_wconf 85' lang='lat' dir='ltr'><strong>sola</strong></span> <span class='ocrx_word' id='word_1_579' title='bbox 2869 3504 3165 3569; x_wconf 85' lang='lat' dir='ltr'><strong>voluntate,</strong></span> <span class='ocrx_word' id='word_1_580' title='bbox 3195 3505 3311 3558; x_wconf 85' lang='lat' dir='ltr'><strong>sine</strong></span> <span class='ocrx_word' id='word_1_581' title='bbox 3342 3503 3572 3570; x_wconf 87' lang='lat' dir='ltr'><strong>partium</strong></span> 
     </span>
    </p>
   </div>
   <div class='ocr_carea' id='block_1_81' title="bbox 1985 3595 3571 3666">
    <p class='ocr_par' dir='ltr' id='par_1_81' title="bbox 1985 3595 3571 3666">
     <span class='ocr_line' id='line_1_81' title="bbox 1985 3595 3571 3666; baseline -0.002 -17"><span class='ocrx_word' id='word_1_582' title='bbox 1985 3596 2337 3650; x_wconf 89' lang='lat' dir='ltr'><strong>distinctione</strong></span> <span class='ocrx_word' id='word_1_583' title='bbox 2368 3597 2528 3650; x_wconf 85' lang='lat' dir='ltr'><strong>simul</strong></span> <span class='ocrx_word' id='word_1_584' title='bbox 2583 3608 2744 3666; x_wconf 83' lang='lat' dir='ltr'><strong>atque</strong></span> <span class='ocrx_word' id='word_1_585' title='bbox 2779 3597 2930 3663; x_wconf 89' lang='lat' dir='ltr'><strong>vult,</strong></span> <span class='ocrx_word' id='word_1_586' title='bbox 2972 3597 3228 3665; x_wconf 85' lang='lat' dir='ltr'><strong>quidquid</strong></span> <span class='ocrx_word' id='word_1_587' title='bbox 3253 3597 3364 3649; x_wconf 87' lang='lat' dir='ltr'><strong>vult</strong></span> <span class='ocrx_word' id='word_1_588' title='bbox 3391 3595 3571 3662; x_wconf 73' lang='lat' dir='ltr'><strong>efﬁcit;</strong></span> 
     </span>
    </p>
   </div>
   <div class='ocr_carea' id='block_1_82' title="bbox 1983 3672 3616 3760">
    <p class='ocr_par' dir='ltr' id='par_1_82' title="bbox 1983 3672 3616 3760">
     <span class='ocr_line' id='line_1_82' title="bbox 1983 3672 3616 3760; baseline 0.001 -17"><span class='ocrx_word' id='word_1_589' title='bbox 1983 3698 2067 3743; x_wconf 88' lang='lat' dir='ltr'><strong>est</strong></span> <span class='ocrx_word' id='word_1_590' title='bbox 2099 3699 2277 3743; x_wconf 88' lang='lat' dir='ltr'><strong>autem</strong></span> <span class='ocrx_word' id='word_1_591' title='bbox 2315 3690 2401 3743; x_wconf 86' lang='lat' dir='ltr'><strong>hic</strong></span> <span class='ocrx_word' id='word_1_592' title='bbox 2449 3689 2646 3744; x_wconf 89' lang='lat' dir='ltr'><strong>Pater:</strong></span> <span class='ocrx_word' id='word_1_593' title='bbox 2678 3690 2926 3753; x_wconf 87' lang='lat' dir='ltr'><strong>alteram,</strong></span> <span class='ocrx_word' id='word_1_594' title='bbox 2961 3705 3081 3759; x_wconf 70' lang='lat' dir='ltr'><strong>qua:</strong></span> <span class='ocrx_word' id='word_1_595' title='bbox 3109 3672 3572 3760; x_wconf 22' lang='lat' dir='ltr'><strong>perficit,lvariat-</strong></span> <span class='ocrx_word' id='word_1_596' title='bbox 3613 3748 3616 3752; x_wconf 66' lang='grc'><strong>,</strong></span> 
     </span>
    </p>
   </div>
   <div class='ocr_carea' id='block_1_83' title="bbox 1982 3784 3569 3852">
    <p class='ocr_par' dir='ltr' id='par_1_83' title="bbox 1982 3784 3569 3852">
     <span class='ocr_line' id='line_1_83' title="bbox 1982 3784 3569 3852; baseline -0.001 -18"><span class='ocrx_word' id='word_1_597' title='bbox 1982 3797 2087 3851; x_wconf 89' lang='lat' dir='ltr'><strong>que</strong></span> <span class='ocrx_word' id='word_1_598' title='bbox 2113 3793 2168 3837; x_wconf 90' lang='lat' dir='ltr'><strong>et</strong></span> <span class='ocrx_word' id='word_1_599' title='bbox 2192 3791 2455 3847; x_wconf 84' lang='lat' dir='ltr'><strong>exornat,</strong></span> <span class='ocrx_word' id='word_1_600' title='bbox 2503 3785 2798 3838; x_wconf 83' lang='lat' dir='ltr'><strong>secundum</strong></span> <span class='ocrx_word' id='word_1_601' title='bbox 2849 3784 3046 3852; x_wconf 87' lang='lat' dir='ltr'><strong>prioris</strong></span> <span class='ocrx_word' id='word_1_602' title='bbox 3086 3784 3341 3850; x_wconf 62' lang='lat' dir='ltr'><strong>potentiae</strong></span> <span class='ocrx_word' id='word_1_603' title='bbox 3373 3784 3569 3844; x_wconf 82' lang='lat' dir='ltr'><strong>ideam,</strong></span> 
     </span>
    </p>
   </div>
   <div class='ocr_carea' id='block_1_84' title="bbox 1983 3874 3574 3944">
    <p class='ocr_par' dir='ltr' id='par_1_84' title="bbox 1983 3874 3574 3944">
     <span class='ocr_line' id='line_1_84' title="bbox 1983 3874 3574 3944; baseline -0.001 -16"><span class='ocrx_word' id='word_1_604' title='bbox 1983 3875 2124 3943; x_wconf 90' lang='lat' dir='ltr'><strong>quod</strong></span> <span class='ocrx_word' id='word_1_605' title='bbox 2150 3874 2259 3944; x_wconf 87' lang='lat' dir='ltr'><strong>jam</strong></span> <span class='ocrx_word' id='word_1_606' title='bbox 2300 3886 2426 3929; x_wconf 90' lang='lat' dir='ltr'><strong>ante</strong></span> <span class='ocrx_word' id='word_1_607' title='bbox 2455 3875 2658 3931; x_wconf 86' lang='lat' dir='ltr'><strong>factum</strong></span> <span class='ocrx_word' id='word_1_608' title='bbox 2699 3886 2823 3939; x_wconf 89' lang='lat' dir='ltr'><strong>est,</strong></span> <span class='ocrx_word' id='word_1_609' title='bbox 2855 3885 2910 3929; x_wconf 85' lang='lat' dir='ltr'><strong>et</strong></span> <span class='ocrx_word' id='word_1_610' title='bbox 2952 3876 3039 3930; x_wconf 82' lang='lat' dir='ltr'><strong>ltic</strong></span> <span class='ocrx_word' id='word_1_611' title='bbox 3062 3886 3145 3929; x_wconf 89' lang='lat' dir='ltr'><strong>est</strong></span> <span class='ocrx_word' id='word_1_612' title='bbox 3176 3875 3363 3940; x_wconf 83' lang='lat' dir='ltr'><strong>Filius,</strong></span> <span class='ocrx_word' id='word_1_613' title='bbox 3393 3875 3574 3928; x_wconf 91' lang='lat' dir='ltr'><strong>omni-</strong></span> 
     </span>
    </p>
   </div>
   <div class='ocr_carea' id='block_1_85' title="bbox 1982 3965 3572 4037">
    <p class='ocr_par' dir='ltr' id='par_1_85' title="bbox 1982 3965 3572 4037">
     <span class='ocr_line' id='line_1_85' title="bbox 1982 3965 3572 4037; baseline 0.001 -18"><span class='ocrx_word' id='word_1_614' title='bbox 1982 3979 2172 4036; x_wconf 87' lang='lat' dir='ltr'><strong>potens</strong></span> <span class='ocrx_word' id='word_1_615' title='bbox 2194 3983 2386 4036; x_wconf 89' lang='lat' dir='ltr'><strong>nempe</strong></span> <span class='ocrx_word' id='word_1_616' title='bbox 2410 3977 2464 4022; x_wconf 89' lang='lat' dir='ltr'><strong>et</strong></span> <span class='ocrx_word' id='word_1_617' title='bbox 2491 3969 2690 4023; x_wconf 89' lang='lat' dir='ltr'><strong>invicta</strong></span> <span class='ocrx_word' id='word_1_618' title='bbox 2717 3983 2910 4022; x_wconf 90' lang='lat' dir='ltr'><strong>manus</strong></span> <span class='ocrx_word' id='word_1_619' title='bbox 2942 3965 3142 4032; x_wconf 85' lang='lat' dir='ltr'><strong>Patris,</strong></span> <span class='ocrx_word' id='word_1_620' title='bbox 3163 3984 3266 4037; x_wconf 82' lang='lat' dir='ltr'><strong>qua</strong></span> <span class='ocrx_word' id='word_1_621' title='bbox 3293 3967 3572 4021; x_wconf 87' lang='lat' dir='ltr'><strong>materiam</strong></span> 
     </span>
    </p>
   </div>
   <div class='ocr_carea' id='block_1_86' title="bbox 1981 4055 3573 4127">
    <p class='ocr_par' dir='ltr' id='par_1_86' title="bbox 1981 4055 3573 4127">
     <span class='ocr_line' id='line_1_86' title="bbox 1981 4055 3573 4127; baseline -0.001 -16"><span class='ocrx_word' id='word_1_622' title='bbox 1981 4072 2044 4111; x_wconf 78' lang='lat' dir='ltr'><strong>ex</strong></span> <span class='ocrx_word' id='word_1_623' title='bbox 2077 4056 2243 4112; x_wconf 86' lang='lat' dir='ltr'><strong>nihilo</strong></span> <span class='ocrx_word' id='word_1_624' title='bbox 2270 4058 2418 4126; x_wconf 89' lang='lat' dir='ltr'><strong>prius</strong></span> <span class='ocrx_word' id='word_1_625' title='bbox 2446 4068 2703 4121; x_wconf 88' lang='lat' dir='ltr'><strong>creatam,</strong></span> <span class='ocrx_word' id='word_1_626' title='bbox 2729 4067 2913 4127; x_wconf 87' lang='lat' dir='ltr'><strong>postea</strong></span> <span class='ocrx_word' id='word_1_627' title='bbox 2949 4055 3168 4126; x_wconf 86' lang='lat' dir='ltr'><strong>perlicit</strong></span> <span class='ocrx_word' id='word_1_628' title='bbox 3207 4071 3299 4110; x_wconf 91' lang='lat' dir='ltr'><strong>seu</strong></span> <span class='ocrx_word' id='word_1_629' title='bbox 3327 4064 3573 4111; x_wconf 78' lang='lat' dir='ltr'><strong>exornat.</strong></span> 
     </span>
    </p>
   </div>
   <div class='ocr_carea' id='block_1_87' title="bbox 2051 4147 3494 4205">
    <p class='ocr_par' dir='ltr' id='par_1_87' title="bbox 2051 4147 3494 4205">
     <span class='ocr_line' id='line_1_87' title="bbox 2051 4147 3494 4205; baseline 0 -2"><span class='ocrx_word' id='word_1_630' title='bbox 2051 4149 2294 4204; x_wconf 74' lang='lat' dir='ltr'><strong>Aliirtnat</strong></span> <span class='ocrx_word' id='word_1_631' title='bbox 2319 4151 2479 4204; x_wconf 88' lang='lat' dir='ltr'><strong>etiam</strong></span> <span class='ocrx_word' id='word_1_632' title='bbox 2512 4159 2761 4205; x_wconf 80' lang='lat' dir='ltr'><strong>sanctum</strong></span> <span class='ocrx_word' id='word_1_633' title='bbox 2789 4150 2985 4204; x_wconf 87' lang='lat' dir='ltr'><strong>librum</strong></span> <span class='ocrx_word' id='word_1_634' title='bbox 3017 4147 3120 4203; x_wconf 84' lang='lat' dir='ltr'><strong>Job</strong></span> <span class='ocrx_word' id='word_1_635' title='bbox 3146 4164 3268 4203; x_wconf 88' lang='lat' dir='ltr'><strong>esse</strong></span> <span class='ocrx_word' id='word_1_636' title='bbox 3307 4147 3494 4203; x_wconf 86' lang='lat' dir='ltr'><strong>Mosis.</strong></span> 
     </span>
    </p>
   </div>
   <div class='ocr_carea' id='block_1_88' title="bbox 2053 4241 3573 4311">
    <p class='ocr_par' dir='ltr' id='par_1_88' title="bbox 2053 4241 3573 4311">
     <span class='ocr_line' id='line_1_88' title="bbox 2053 4241 3573 4311; baseline -0.002 -13"><span class='ocrx_word' id='word_1_637' title='bbox 2053 4243 2219 4298; x_wconf 87' lang='lat' dir='ltr'><strong>Docet</strong></span> <span class='ocrx_word' id='word_1_638' title='bbox 2255 4252 2514 4308; x_wconf 63' lang='lat' dir='ltr'><strong>prmterea</strong></span> <span class='ocrx_word' id='word_1_639' title='bbox 2553 4257 2714 4311; x_wconf 86' lang='lat' dir='ltr'><strong>super</strong></span> <span class='ocrx_word' id='word_1_640' title='bbox 2761 4241 2866 4295; x_wconf 92' lang='lat' dir='ltr'><strong>illis</strong></span> <span class='ocrx_word' id='word_1_641' title='bbox 2917 4243 3097 4295; x_wconf 84' lang='lat' dir='ltr'><strong>verbis</strong></span> <span class='ocrx_word' id='word_1_642' title='bbox 3141 4243 3252 4295; x_wconf 83' lang='lat' dir='ltr'><strong>:In</strong></span> <span class='ocrx_word' id='word_1_643' title='bbox 3308 4241 3573 4310; x_wconf 80' lang='lat' dir='ltr'><strong>principio</strong></span> 
     </span>
    </p>
   </div>
   <div class='ocr_carea' id='block_1_89' title="bbox 1980 4332 3621 4402">
    <p class='ocr_par' dir='ltr' id='par_1_89' title="bbox 1980 4332 3621 4402">
     <span class='ocr_line' id='line_1_89' title="bbox 1980 4332 3621 4402; baseline -0.003 -13"><span class='ocrx_word' id='word_1_644' title='bbox 1980 4336 2169 4389; x_wconf 81' lang='lat' dir='ltr'><strong>creavit</strong></span> <span class='ocrx_word' id='word_1_645' title='bbox 2204 4333 2345 4388; x_wconf 76' lang='lat' dir='ltr'><strong>Deus</strong></span> <span class='ocrx_word' id='word_1_646' title='bbox 2388 4334 2572 4388; x_wconf 69' lang='lat' dir='ltr'><strong>malum</strong></span> <span class='ocrx_word' id='word_1_647' title='bbox 2599 4345 2645 4387; x_wconf 83' lang='lat' dir='ltr'><strong>et</strong></span> <span class='ocrx_word' id='word_1_648' title='bbox 2682 4344 2876 4386; x_wconf 79' lang='lat' dir='ltr'><strong>terram</strong></span> <span class='ocrx_word' id='word_1_649' title='bbox 2899 4335 2948 4398; x_wconf 69' lang='lat'><strong>3;</strong></span> <span class='ocrx_word' id='word_1_650' title='bbox 2985 4348 3107 4386; x_wconf 90' lang='lat' dir='ltr'><strong>eum</strong></span> <span class='ocrx_word' id='word_1_651' title='bbox 3140 4334 3228 4400; x_wconf 92' lang='lat' dir='ltr'><strong>qui</strong></span> <span class='ocrx_word' id='word_1_652' title='bbox 3252 4332 3573 4402; x_wconf 86' lang='lat' dir='ltr'><strong>principium</strong></span> <span class='ocrx_word' id='word_1_653' title='bbox 3619 4338 3621 4341; x_wconf 78' lang='grc'>’</span> 
     </span>
    </p>
   </div>
   <div class='ocr_carea' id='block_1_90' title="bbox 303 4422 1882 4498">
    <p class='ocr_par' dir='ltr' id='par_1_90' title="bbox 303 4422 1875 4498">
     <span class='ocr_line' id='line_1_90' title="bbox 303 4422 1875 4498; baseline 0.001 -21"><span class='ocrx_word' id='word_1_654' title='bbox 303 4424 497 4493; x_wconf 81' lang='grc' dir='ltr'>σοφίαν</span> <span class='ocrx_word' id='word_1_655' title='bbox 528 4425 703 4492; x_wconf 81' lang='grc' dir='ltr'>λέγων</span> <span class='ocrx_word' id='word_1_656' title='bbox 723 4440 806 4486; x_wconf 90' lang='grc' dir='ltr'><strong>τις</strong></span> <span class='ocrx_word' id='word_1_657' title='bbox 822 4424 920 4475; x_wconf 85' lang='grc' dir='ltr'>οὐκ</span> <span class='ocrx_word' id='word_1_658' title='bbox 950 4422 1014 4478; x_wconf 82' lang='grc' dir='ltr'>ἂν</span> <span class='ocrx_word' id='word_1_659' title='bbox 1044 4423 1300 4493; x_wconf 83' lang='grc' dir='ltr'>ἁμάρτοι.</span> <span class='ocrx_word' id='word_1_660' title='bbox 1323 4424 1553 4492; x_wconf 82' lang='grc' dir='ltr'>Λέγεται</span> <span class='ocrx_word' id='word_1_661' title='bbox 1588 4427 1696 4496; x_wconf 70' lang='grc' dir='ltr'><strong>γὰρ</strong></span> <span class='ocrx_word' id='word_1_662' title='bbox 1725 4427 1875 4498; x_wconf 82' lang='grc' dir='ltr'>παρά</span> 
     </span>
    </p>
   </div>
   <div class='ocr_carea' id='block_1_91' title="bbox 1991 4422 3572 4498">
    <p class='ocr_par' dir='ltr' id='par_1_91' title="bbox 1991 4426 3572 4496">
     <span class='ocr_line' id='line_1_91' title="bbox 1991 4426 3572 4496; baseline -0.001 -16"><span class='ocrx_word' id='word_1_663' title='bbox 1991 4430 2151 4496; x_wconf 72' lang='lat' dir='ltr'><strong>ipsam</strong></span> <span class='ocrx_word' id='word_1_664' title='bbox 2193 4426 2394 4480; x_wconf 86' lang='lat' dir='ltr'><strong>dixerit</strong></span> <span class='ocrx_word' id='word_1_665' title='bbox 2430 4441 2550 4481; x_wconf 91' lang='lat' dir='ltr'><strong>esse</strong></span> <span class='ocrx_word' id='word_1_666' title='bbox 2593 4426 2970 4495; x_wconf 86' lang='lat' dir='ltr'><strong>sapientiam,</strong></span> <span class='ocrx_word' id='word_1_667' title='bbox 3021 4441 3127 4479; x_wconf 91' lang='lat' dir='ltr'><strong>non</strong></span> <span class='ocrx_word' id='word_1_668' title='bbox 3173 4426 3572 4480; x_wconf 89' lang='lat' dir='ltr'><strong>aberraturum.</strong></span> 
     </span>
    </p>
   </div>
   <div class='ocr_carea' id='block_1_92' title="bbox 298 4513 1874 4584">
    <p class='ocr_par' dir='ltr' id='par_1_92' title="bbox 298 4513 1874 4584">
     <span class='ocr_line' id='line_1_92' title="bbox 298 4513 1874 4584; baseline 0.001 -17"><span class='ocrx_word' id='word_1_669' title='bbox 298 4531 405 4568; x_wconf 91' lang='grc' dir='ltr'>τινι</span> <span class='ocrx_word' id='word_1_670' title='bbox 435 4515 544 4568; x_wconf 84' lang='grc' dir='ltr'><strong>τῶν</strong></span> <span class='ocrx_word' id='word_1_671' title='bbox 574 4516 639 4568; x_wconf 78' lang='grc' dir='ltr'><strong>ἐκ</strong></span> <span class='ocrx_word' id='word_1_672' title='bbox 664 4515 756 4567; x_wconf 79' lang='grc' dir='ltr'><strong>τοῦ</strong></span> <span class='ocrx_word' id='word_1_673' title='bbox 786 4514 931 4567; x_wconf 80' lang='grc' dir='ltr'>θείου</span> <span class='ocrx_word' id='word_1_674' title='bbox 963 4513 1124 4584; x_wconf 83' lang='grc' dir='ltr'>χοροῦ</span> <span class='ocrx_word' id='word_1_675' title='bbox 1147 4513 1380 4581; x_wconf 83' lang='grc' dir='ltr'>λέγουσα</span> <span class='ocrx_word' id='word_1_676' title='bbox 1412 4517 1542 4584; x_wconf 76' lang='grc' dir='ltr'>περὶ</span> <span class='ocrx_word' id='word_1_677' title='bbox 1582 4515 1749 4584; x_wconf 82' lang='grc' dir='ltr'>αὐτῆς</span> <span class='ocrx_word' id='word_1_678' title='bbox 1782 4516 1874 4570; x_wconf 81' lang='grc' dir='ltr'>τὸν</span> 
     </span>
    </p>
   </div>
   <div class='ocr_carea' id='block_1_93' title="bbox 298 4604 1876 4677">
    <p class='ocr_par' dir='ltr' id='par_1_93' title="bbox 298 4604 1876 4677">
     <span class='ocr_line' id='line_1_93' title="bbox 298 4604 1876 4677; baseline -0.001 -17"><span class='ocrx_word' id='word_1_679' title='bbox 298 4607 500 4677; x_wconf 83' lang='grc' dir='ltr'>τρόπον</span> <span class='ocrx_word' id='word_1_680' title='bbox 522 4605 730 4671; x_wconf 79' lang='grc' dir='ltr'>τοῦτον,</span> <span class='ocrx_word' id='word_1_681' title='bbox 763 4607 1036 4673; x_wconf 80' lang='grc' dir='ltr'>Κύριος⁷⁵</span> <span class='ocrx_word' id='word_1_682' title='bbox 1091 4604 1296 4659; x_wconf 83' lang='grc' dir='ltr'>ἔκτισέ</span> <span class='ocrx_word' id='word_1_683' title='bbox 1341 4621 1418 4675; x_wconf 83' lang='grc' dir='ltr'><strong>με</strong></span> <span class='ocrx_word' id='word_1_684' title='bbox 1467 4605 1668 4674; x_wconf 76' lang='grc' dir='ltr'>ἀρχὴν</span> <span class='ocrx_word' id='word_1_685' title='bbox 1717 4607 1876 4659; x_wconf 81' lang='grc' dir='ltr'>ὁδῶν</span> 
     </span>
    </p>
   </div>
   <div class='ocr_carea' id='block_1_94' title="bbox 297 4694 1873 4765">
    <p class='ocr_par' dir='ltr' id='par_1_94' title="bbox 297 4694 1873 4765">
     <span class='ocr_line' id='line_1_94' title="bbox 297 4694 1873 4765; baseline 0.002 -16"><span class='ocrx_word' id='word_1_686' title='bbox 297 4695 510 4758; x_wconf 82' lang='grc' dir='ltr'>αὐτοῦ,</span> <span class='ocrx_word' id='word_1_687' title='bbox 533 4698 619 4761; x_wconf 79' lang='grc' dir='ltr'>εὶς</span> <span class='ocrx_word' id='word_1_688' title='bbox 631 4695 775 4765; x_wconf 76' lang='grc' dir='ltr'>ἔργα</span> <span class='ocrx_word' id='word_1_689' title='bbox 797 4694 985 4749; x_wconf 84' lang='grc' dir='ltr'>αὐτοῦ</span> <span class='ocrx_word' id='word_1_690' title='bbox 1008 4696 1123 4762; x_wconf 81' lang='grc' dir='ltr'>πρὸ</span> <span class='ocrx_word' id='word_1_691' title='bbox 1152 4695 1260 4749; x_wconf 83' lang='grc' dir='ltr'><strong>τοῦ</strong></span> <span class='ocrx_word' id='word_1_692' title='bbox 1281 4694 1498 4762; x_wconf 74' lang='grc' dir='ltr'>αἰῶνος</span> <span class='ocrx_word' id='word_1_693' title='bbox 1517 4697 1873 4765; x_wconf 81' lang='grc' dir='ltr'>ἐθεμελίωσέ</span> 
     </span>
    </p>
   </div>
   <div class='ocr_carea' id='block_1_95' title="bbox 290 4780 1874 4855">
    <p class='ocr_par' dir='ltr' id='par_1_95' title="bbox 290 4780 1874 4855">
     <span class='ocr_line' id='line_1_95' title="bbox 290 4780 1874 4855; baseline 0.001 -17"><span class='ocrx_word' id='word_1_694' title='bbox 290 4801 390 4855; x_wconf 84' lang='grc' dir='ltr'>με.</span> <span class='ocrx_word' id='word_1_695' title='bbox 416 4780 525 4837; x_wconf 74' lang='grc' dir='ltr'>Ἦν</span> <span class='ocrx_word' id='word_1_696' title='bbox 546 4785 656 4854; x_wconf 79' lang='grc' dir='ltr'><strong>γάρ</strong></span> <span class='ocrx_word' id='word_1_697' title='bbox 679 4784 974 4838; x_wconf 81' lang='grc' dir='ltr'>ἀκόλουθον</span> <span class='ocrx_word' id='word_1_698' title='bbox 995 4786 1090 4838; x_wconf 73' lang='grc' dir='ltr'><strong>καὶ</strong></span> <span class='ocrx_word' id='word_1_699' title='bbox 1117 4785 1566 4854; x_wconf 83' lang='grc' dir='ltr'>πρεπωδέστερον</span> <span class='ocrx_word' id='word_1_700' title='bbox 1616 4785 1796 4839; x_wconf 85' lang='grc' dir='ltr'>πάντα</span> <span class='ocrx_word' id='word_1_701' title='bbox 1837 4787 1874 4840; x_wconf 77' lang='grc' dir='ltr'><strong>ἃ</strong></span> 
     </span>
    </p>
   </div>
   <div class='ocr_carea' id='block_1_96' title="bbox 293 4871 1872 4947">
    <p class='ocr_par' dir='ltr' id='par_1_96' title="bbox 293 4871 1872 4947">
     <span class='ocr_line' id='line_1_96' title="bbox 293 4871 1872 4947; baseline 0.001 -18"><span class='ocrx_word' id='word_1_702' title='bbox 293 4879 377 4938; x_wconf 85' lang='grc' dir='ltr'>εἰς</span> <span class='ocrx_word' id='word_1_703' title='bbox 397 4877 612 4944; x_wconf 84' lang='grc' dir='ltr'>γένεσιν</span> <span class='ocrx_word' id='word_1_704' title='bbox 637 4871 802 4947; x_wconf 78' lang='grc' dir='ltr'>ἦλθον</span> <span class='ocrx_word' id='word_1_705' title='bbox 831 4871 970 4929; x_wconf 78' lang='grc' dir='ltr'>εἶναι</span> <span class='ocrx_word' id='word_1_706' title='bbox 1000 4875 1204 4946; x_wconf 88' lang='grc' dir='ltr'>ταύτης</span> <span class='ocrx_word' id='word_1_707' title='bbox 1226 4876 1486 4945; x_wconf 89' lang='grc' dir='ltr'>νεώτερα,</span> <span class='ocrx_word' id='word_1_708' title='bbox 1518 4878 1641 4930; x_wconf 76' lang='grc' dir='ltr'>ἐπεὶ</span> <span class='ocrx_word' id='word_1_709' title='bbox 1678 4879 1772 4931; x_wconf 81' lang='grc' dir='ltr'><strong>καὶ</strong></span> <span class='ocrx_word' id='word_1_710' title='bbox 1806 4879 1872 4932; x_wconf 90' lang='grc' dir='ltr'>δι’</span> 
     </span>
    </p>
   </div>
   <div class='ocr_carea' id='block_1_97' title="bbox 293 4967 1874 5040">
    <p class='ocr_par' dir='ltr' id='par_1_97' title="bbox 293 4967 1874 5040">
     <span class='ocr_line' id='line_1_97' title="bbox 293 4967 1874 5040; baseline 0.001 -18"><span class='ocrx_word' id='word_1_711' title='bbox 293 4969 472 5035; x_wconf 78' lang='grc' dir='ltr'>αὐτῆς</span> <span class='ocrx_word' id='word_1_712' title='bbox 497 4967 807 5036; x_wconf 86' lang='grc' dir='ltr'>γεγόνασιν.</span> <span class='ocrx_word' id='word_1_713' title='bbox 841 4967 1166 5036; x_wconf 82' lang='grc' dir='ltr'>Ἐπίστησον</span> <span class='ocrx_word' id='word_1_714' title='bbox 1189 4967 1316 5038; x_wconf 84' lang='grc' dir='ltr'>γὰρ,</span> <span class='ocrx_word' id='word_1_715' title='bbox 1348 4970 1397 5020; x_wconf 79' lang='grc' dir='ltr'><strong>εί</strong></span> <span class='ocrx_word' id='word_1_716' title='bbox 1429 4968 1502 5040; x_wconf 81' lang='grc' dir='ltr'>μὴ</span> <span class='ocrx_word' id='word_1_717' title='bbox 1530 4969 1626 5022; x_wconf 75' lang='grc' dir='ltr'><strong>καὶ</strong></span> <span class='ocrx_word' id='word_1_718' title='bbox 1651 4970 1733 5031; x_wconf 78' lang='grc' dir='ltr'><strong>τὸ,</strong></span> <span class='ocrx_word' id='word_1_719' title='bbox 1770 4971 1874 5024; x_wconf 82' lang='grc' dir='ltr'><em>Ἐν</em></span> 
     </span>
    </p>
   </div>
   <div class='ocr_carea' id='block_1_98' title="bbox 293 5052 1872 5127">
    <p class='ocr_par' dir='ltr' id='par_1_98' title="bbox 293 5052 1872 5127">
     <span class='ocr_line' id='line_1_98' title="bbox 293 5052 1872 5127; baseline 0.002 -17"><span class='ocrx_word' id='word_1_720' title='bbox 293 5055 455 5125; x_wconf 78' lang='grc' dir='ltr'>ἀρχῇ</span> <span class='ocrx_word' id='word_1_721' title='bbox 495 5052 576 5126; x_wconf 80' lang='grc' dir='ltr'><strong>ἦν</strong></span> <span class='ocrx_word' id='word_1_722' title='bbox 623 5060 657 5112; x_wconf 86' lang='grc' dir='ltr'><em>ὁ</em></span> <span class='ocrx_word' id='word_1_723' title='bbox 689 5059 904 5127; x_wconf 80' lang='grc' dir='ltr'>Λόγος,</span> <span class='ocrx_word' id='word_1_724' title='bbox 960 5056 1058 5110; x_wconf 76' lang='grc' dir='ltr'>καὶ</span> <span class='ocrx_word' id='word_1_725' title='bbox 1113 5060 1146 5110; x_wconf 86' lang='grc' dir='ltr'><em>ό</em></span> <span class='ocrx_word' id='word_1_726' title='bbox 1192 5060 1384 5126; x_wconf 74' lang='grc' dir='ltr'>Λόγος</span> <span class='ocrx_word' id='word_1_727' title='bbox 1437 5054 1518 5126; x_wconf 80' lang='grc' dir='ltr'><strong>ἦν</strong></span> <span class='ocrx_word' id='word_1_728' title='bbox 1559 5059 1709 5127; x_wconf 83' lang='grc' dir='ltr'>πρὸς</span> <span class='ocrx_word' id='word_1_729' title='bbox 1764 5060 1872 5114; x_wconf 77' lang='grc' dir='ltr'><strong>τὸν</strong></span> 
     </span>
    </p>
   </div>
   <div class='ocr_carea' id='block_1_99' title="bbox 293 5147 1871 5222">
    <p class='ocr_par' dir='ltr' id='par_1_99' title="bbox 293 5147 1871 5222">
     <span class='ocr_line' id='line_1_99' title="bbox 293 5147 1871 5222; baseline 0 -18"><span class='ocrx_word' id='word_1_730' title='bbox 293 5151 469 5211; x_wconf 85' lang='grc' dir='ltr'>Θεὸν,</span> <span class='ocrx_word' id='word_1_731' title='bbox 493 5150 635 5203; x_wconf 73' lang='grc' dir='ltr'>κατὰ</span> <span class='ocrx_word' id='word_1_732' title='bbox 666 5151 758 5204; x_wconf 75' lang='grc' dir='ltr'><strong>τὸν</strong></span> <span class='ocrx_word' id='word_1_733' title='bbox 789 5149 1203 5222; x_wconf 83' lang='grc' dir='ltr'>εὐαγγελιστὴν,</span> <span class='ocrx_word' id='word_1_734' title='bbox 1235 5149 1335 5204; x_wconf 80' lang='grc' dir='ltr'>καὶ</span> <span class='ocrx_word' id='word_1_735' title='bbox 1389 5150 1534 5215; x_wconf 82' lang='grc' dir='ltr'>Θεὸς</span> <span class='ocrx_word' id='word_1_736' title='bbox 1563 5147 1642 5217; x_wconf 83' lang='grc' dir='ltr'><strong>ἦν</strong></span> <span class='ocrx_word' id='word_1_737' title='bbox 1690 5153 1723 5204; x_wconf 84' lang='grc' dir='ltr'><em>ὀ</em></span> <span class='ocrx_word' id='word_1_738' title='bbox 1761 5152 1871 5204; x_wconf 86' lang='grc' dir='ltr'><strong>Λό-</strong></span> 
     </span>
    </p>
   </div>
   <div class='ocr_carea' id='block_1_100' title="bbox 292 5236 1868 5314">
    <p class='ocr_par' dir='ltr' id='par_1_100' title="bbox 292 5236 1868 5314">
     <span class='ocr_line' id='line_1_100' title="bbox 292 5236 1868 5314; baseline 0.001 -21"><span class='ocrx_word' id='word_1_739' title='bbox 292 5236 633 5309; x_wconf 73' lang='grc' dir='ltr'>γος-οὗτος</span> <span class='ocrx_word' id='word_1_740' title='bbox 658 5237 739 5312; x_wconf 82' lang='grc' dir='ltr'><strong>ἦν</strong></span> <span class='ocrx_word' id='word_1_741' title='bbox 790 5241 863 5296; x_wconf 85' lang='grc' dir='ltr'><strong>ἐν</strong></span> <span class='ocrx_word' id='word_1_742' title='bbox 903 5239 1066 5310; x_wconf 77' lang='grc' dir='ltr'>ἀρχῇ</span> <span class='ocrx_word' id='word_1_743' title='bbox 1120 5240 1273 5309; x_wconf 77' lang='grc' dir='ltr'>πρὸς</span> <span class='ocrx_word' id='word_1_744' title='bbox 1304 5240 1412 5294; x_wconf 82' lang='grc' dir='ltr'><strong>τὸν</strong></span> <span class='ocrx_word' id='word_1_745' title='bbox 1458 5241 1627 5308; x_wconf 81' lang='grc' dir='ltr'>Θεὸν,</span> <span class='ocrx_word' id='word_1_746' title='bbox 1682 5243 1732 5295; x_wconf 81' lang='grc' dir='ltr'><strong>εί</strong></span> <span class='ocrx_word' id='word_1_747' title='bbox 1791 5243 1868 5314; x_wconf 81' lang='grc' dir='ltr'>μὴ</span> 
     </span>
    </p>
   </div>
   <div class='ocr_carea' id='block_1_101' title="bbox 369 5371 1852 5442">
    <p class='ocr_par' dir='ltr' id='par_1_101' title="bbox 369 5371 1852 5442">
     <span class='ocr_line' id='line_1_101' title="bbox 369 5371 1852 5442; baseline 0.003 -14"><span class='ocrx_word' id='word_1_748' title='bbox 369 5374 398 5414; x_wconf 72' lang='grc'>⁸</span> <span class='ocrx_word' id='word_1_749' title='bbox 423 5371 559 5430; x_wconf 87' lang='lat' dir='ltr'><strong>Gen.</strong></span> <span class='ocrx_word' id='word_1_750' title='bbox 589 5391 630 5441; x_wconf 85' lang='grc' dir='ltr'><strong>ι,</strong></span> <span class='ocrx_word' id='word_1_751' title='bbox 656 5374 712 5430; x_wconf 82' lang='lat' dir='ltr'><strong>l.</strong></span> <span class='ocrx_word' id='word_1_752' title='bbox 786 5375 816 5416; x_wconf 77' lang='grc' dir='ltr'>ιι</span> <span class='ocrx_word' id='word_1_753' title='bbox 846 5374 1005 5431; x_wconf 86' lang='lat' dir='ltr'><strong>Prov.</strong></span> <span class='ocrx_word' id='word_1_754' title='bbox 1053 5391 1182 5441; x_wconf 84' lang='lat' dir='ltr'><strong>vui,</strong></span> <span class='ocrx_word' id='word_1_755' title='bbox 1204 5375 1296 5430; x_wconf 62' lang='lat'><strong>2%.</strong></span> <span class='ocrx_word' id='word_1_756' title='bbox 1378 5377 1395 5416; x_wconf 71' lang='grc' dir='ltr'><strong>ί</strong></span> <span class='ocrx_word' id='word_1_757' title='bbox 1424 5375 1580 5432; x_wconf 82' lang='lat' dir='ltr'><strong>Joan.</strong></span> <span class='ocrx_word' id='word_1_758' title='bbox 1631 5393 1680 5440; x_wconf 90' lang='grc' dir='ltr'><strong>ι,</strong></span> <span class='ocrx_word' id='word_1_759' title='bbox 1710 5379 1762 5442; x_wconf 83' lang='grc'>1,</span> <span class='ocrx_word' id='word_1_760' title='bbox 1797 5378 1852 5433; x_wconf 74' lang='lat'><strong>‘2.</strong></span> 
     </span>
    </p>
   </div>
   <div class='ocr_carea' id='block_1_102' title="bbox 1977 4515 3576 4585">
    <p class='ocr_par' dir='ltr' id='par_1_102' title="bbox 1977 4515 3576 4585">
     <span class='ocr_line' id='line_1_102' title="bbox 1977 4515 3576 4585; baseline -0.001 -13"><span class='ocrx_word' id='word_1_761' title='bbox 1977 4519 2185 4572; x_wconf 89' lang='lat' dir='ltr'><strong>Dicitur</strong></span> <span class='ocrx_word' id='word_1_762' title='bbox 2210 4517 2352 4572; x_wconf 90' lang='lat' dir='ltr'><strong>enim</strong></span> <span class='ocrx_word' id='word_1_763' title='bbox 2397 4518 2534 4585; x_wconf 87' lang='lat' dir='ltr'><strong>apud</strong></span> <span class='ocrx_word' id='word_1_764' title='bbox 2569 4515 2860 4584; x_wconf 88' lang='lat' dir='ltr'><strong>quemdam</strong></span> <span class='ocrx_word' id='word_1_765' title='bbox 2895 4532 2926 4571; x_wconf 89' lang='lat' dir='ltr'><strong>e</strong></span> <span class='ocrx_word' id='word_1_766' title='bbox 2978 4531 3124 4571; x_wconf 79' lang='lat' dir='ltr'><strong>coezu</strong></span> <span class='ocrx_word' id='word_1_767' title='bbox 3163 4531 3320 4570; x_wconf 89' lang='lat' dir='ltr'><strong>sacro</strong></span> <span class='ocrx_word' id='word_1_768' title='bbox 3344 4516 3576 4584; x_wconf 86' lang='lat' dir='ltr'><strong>scripto-</strong></span> 
     </span>
    </p>
   </div>
   <div class='ocr_carea' id='block_1_103' title="bbox 1975 4607 3574 4679">
    <p class='ocr_par' dir='ltr' id='par_1_103' title="bbox 1975 4607 3574 4679">
     <span class='ocr_line' id='line_1_103' title="bbox 1975 4607 3574 4679; baseline -0.003 -14"><span class='ocrx_word' id='word_1_769' title='bbox 1975 4627 2094 4665; x_wconf 90' lang='lat' dir='ltr'><strong>rum</strong></span> <span class='ocrx_word' id='word_1_770' title='bbox 2126 4611 2206 4667; x_wconf 89' lang='lat' dir='ltr'><strong>sic</strong></span> <span class='ocrx_word' id='word_1_771' title='bbox 2241 4613 2306 4664; x_wconf 91' lang='lat' dir='ltr'><strong>de</strong></span> <span class='ocrx_word' id='word_1_772' title='bbox 2331 4611 2507 4679; x_wconf 82' lang='lat' dir='ltr'><strong>seipsa</strong></span> <span class='ocrx_word' id='word_1_773' title='bbox 2549 4609 2694 4677; x_wconf 90' lang='lat' dir='ltr'><strong>loqui</strong></span> <span class='ocrx_word' id='word_1_774' title='bbox 2728 4622 2747 4664; x_wconf 90' lang='lat'><strong>:</strong></span> <span class='ocrx_word' id='word_1_775' title='bbox 2798 4607 3057 4662; x_wconf 71' lang='lat' dir='ltr'><strong>Dominus</strong></span> <span class='ocrx_word' id='word_1_776' title='bbox 3084 4609 3325 4662; x_wconf 82' lang='lat' dir='ltr'><strong>condidit</strong></span> <span class='ocrx_word' id='word_1_777' title='bbox 3357 4625 3437 4661; x_wconf 85' lang='lat' dir='ltr'><strong>me</strong></span> <span class='ocrx_word' id='word_1_778' title='bbox 3471 4610 3574 4661; x_wconf 86' lang='lat' dir='ltr'><strong>ini-</strong></span> 
     </span>
    </p>
   </div>
   <div class='ocr_carea' id='block_1_104' title="bbox 1974 4701 3592 4770">
    <p class='ocr_par' dir='ltr' id='par_1_104' title="bbox 1974 4701 3592 4770">
     <span class='ocr_line' id='line_1_104' title="bbox 1974 4701 3592 4770; baseline -0.001 -14"><span class='ocrx_word' id='word_1_779' title='bbox 1974 4704 2105 4757; x_wconf 83' lang='lat' dir='ltr'><strong>tium</strong></span> <span class='ocrx_word' id='word_1_780' title='bbox 2124 4704 2332 4757; x_wconf 81' lang='lat' dir='ltr'><strong>viarum</strong></span> <span class='ocrx_word' id='word_1_781' title='bbox 2374 4717 2592 4755; x_wconf 78' lang='lat' dir='ltr'><strong>suarum</strong></span> <span class='ocrx_word' id='word_1_782' title='bbox 2647 4701 2716 4755; x_wconf 82' lang='lat' dir='ltr'><strong>ad</strong></span> <span class='ocrx_word' id='word_1_783' title='bbox 2779 4717 2937 4770; x_wconf 82' lang='lat' dir='ltr'><strong>opera</strong></span> <span class='ocrx_word' id='word_1_784' title='bbox 2984 4717 3114 4764; x_wconf 72' lang='lat' dir='ltr'><strong>sua,</strong></span> <span class='ocrx_word' id='word_1_785' title='bbox 3165 4711 3286 4754; x_wconf 84' lang='lat' dir='ltr'><strong>ante</strong></span> <span class='ocrx_word' id='word_1_786' title='bbox 3323 4702 3592 4755; x_wconf 74' lang='lat' dir='ltr'><strong>swculum&#39;</strong></span> 
     </span>
    </p>
   </div>
   <div class='ocr_carea' id='block_1_105' title="bbox 1975 4792 3573 4870">
    <p class='ocr_par' dir='ltr' id='par_1_105' title="bbox 1975 4792 3573 4870">
     <span class='ocr_line' id='line_1_105' title="bbox 1975 4792 3573 4870; baseline 0.001 -25"><span class='ocrx_word' id='word_1_787' title='bbox 1975 4793 2216 4862; x_wconf 80' lang='lat' dir='ltr'><strong>fundavit</strong></span> <span class='ocrx_word' id='word_1_788' title='bbox 2255 4811 2336 4848; x_wconf 86' lang='lat' dir='ltr'><strong>me</strong></span> <span class='ocrx_word' id='word_1_789' title='bbox 2364 4794 2416 4850; x_wconf 72' lang='grc' dir='ltr'><strong>ιι.</strong></span> <span class='ocrx_word' id='word_1_790' title='bbox 2453 4793 2587 4847; x_wconf 85' lang='lat' dir='ltr'><strong>Erat</strong></span> <span class='ocrx_word' id='word_1_791' title='bbox 2640 4792 2784 4847; x_wconf 89' lang='lat' dir='ltr'><strong>enim</strong></span> <span class='ocrx_word' id='word_1_792' title='bbox 2838 4807 3180 4862; x_wconf 87' lang='lat' dir='ltr'><strong>consequens</strong></span> <span class='ocrx_word' id='word_1_793' title='bbox 3213 4801 3270 4846; x_wconf 86' lang='lat' dir='ltr'><strong>et</strong></span> <span class='ocrx_word' id='word_1_794' title='bbox 3297 4793 3573 4870; x_wconf 84' lang='lat' dir='ltr'><strong>decentius</strong></span> 
     </span>
    </p>
   </div>
   <div class='ocr_carea' id='block_1_106' title="bbox 1977 4885 3574 4956">
    <p class='ocr_par' dir='ltr' id='par_1_106' title="bbox 1977 4885 3574 4956">
     <span class='ocr_line' id='line_1_106' title="bbox 1977 4885 3574 4956; baseline -0.001 -16"><span class='ocrx_word' id='word_1_795' title='bbox 1977 4887 2156 4940; x_wconf 88' lang='lat' dir='ltr'><strong>omnia</strong></span> <span class='ocrx_word' id='word_1_796' title='bbox 2199 4901 2320 4956; x_wconf 72' lang='lat' dir='ltr'><strong>qua:</strong></span> <span class='ocrx_word' id='word_1_797' title='bbox 2359 4895 2540 4940; x_wconf 89' lang='lat' dir='ltr'><strong>creata</strong></span> <span class='ocrx_word' id='word_1_798' title='bbox 2564 4893 2729 4948; x_wconf 91' lang='lat' dir='ltr'><strong>sunt,</strong></span> <span class='ocrx_word' id='word_1_799' title='bbox 2775 4899 2899 4939; x_wconf 89' lang='lat' dir='ltr'><strong>esse</strong></span> <span class='ocrx_word' id='word_1_800' title='bbox 2949 4885 3050 4937; x_wconf 87' lang='lat' dir='ltr'><strong>hac</strong></span> <span class='ocrx_word' id='word_1_801' title='bbox 3096 4885 3421 4953; x_wconf 87' lang='lat' dir='ltr'><strong>posteriora,</strong></span> <span class='ocrx_word' id='word_1_802' title='bbox 3450 4901 3574 4938; x_wconf 87' lang='lat' dir='ltr'><strong>cum</strong></span> 
     </span>
    </p>
   </div>
   <div class='ocr_carea' id='block_1_107' title="bbox 1975 4976 3574 5048">
    <p class='ocr_par' dir='ltr' id='par_1_107' title="bbox 1975 4976 3574 5048">
     <span class='ocr_line' id='line_1_107' title="bbox 1975 4976 3574 5048; baseline -0.003 -16"><span class='ocrx_word' id='word_1_803' title='bbox 1975 4993 2071 5048; x_wconf 89' lang='lat' dir='ltr'><strong>per</strong></span> <span class='ocrx_word' id='word_1_804' title='bbox 2102 4993 2221 5032; x_wconf 86' lang='lat' dir='ltr'><strong>eam</strong></span> <span class='ocrx_word' id='word_1_805' title='bbox 2255 4977 2394 5031; x_wconf 86' lang='lat' dir='ltr'><strong>facta</strong></span> <span class='ocrx_word' id='word_1_806' title='bbox 2424 4977 2553 5030; x_wconf 80' lang='lat' dir='ltr'><strong>sint.</strong></span> <span class='ocrx_word' id='word_1_807' title='bbox 2581 4976 2898 5041; x_wconf 82' lang='lat' dir='ltr'><strong>Considera,</strong></span> <span class='ocrx_word' id='word_1_808' title='bbox 2931 4990 3110 5030; x_wconf 91' lang='lat' dir='ltr'><strong>annon</strong></span> <span class='ocrx_word' id='word_1_809' title='bbox 3174 4984 3230 5029; x_wconf 91' lang='lat' dir='ltr'><strong>et</strong></span> <span class='ocrx_word' id='word_1_810' title='bbox 3276 4976 3379 5030; x_wconf 85' lang='lat' dir='ltr'><strong>lioc</strong></span> <span class='ocrx_word' id='word_1_811' title='bbox 3407 4991 3574 5029; x_wconf 85' lang='lat' dir='ltr'><strong>evan-</strong></span> 
     </span>
    </p>
   </div>
   <div class='ocr_carea' id='block_1_108' title="bbox 1977 5067 3572 5139">
    <p class='ocr_par' dir='ltr' id='par_1_108' title="bbox 1977 5067 3572 5139">
     <span class='ocr_line' id='line_1_108' title="bbox 1977 5067 3572 5139; baseline 0.001 -17"><span class='ocrx_word' id='word_1_812' title='bbox 1977 5070 2204 5139; x_wconf 60' lang='lat' dir='ltr'><strong>gelista,</strong></span> <span class='ocrx_word' id='word_1_813' title='bbox 2282 5068 2350 5122; x_wconf 85' lang='lat' dir='ltr'><strong>In</strong></span> <span class='ocrx_word' id='word_1_814' title='bbox 2379 5069 2641 5138; x_wconf 83' lang='lat' dir='ltr'><strong>principio</strong></span> <span class='ocrx_word' id='word_1_815' title='bbox 2668 5077 2780 5122; x_wconf 82' lang='lat' dir='ltr'><strong>erat</strong></span> <span class='ocrx_word' id='word_1_816' title='bbox 2819 5067 3067 5132; x_wconf 81' lang='lat' dir='ltr'><strong>Verbum,</strong></span> <span class='ocrx_word' id='word_1_817' title='bbox 3108 5077 3157 5124; x_wconf 81' lang='lat' dir='ltr'><strong>et</strong></span> <span class='ocrx_word' id='word_1_818' title='bbox 3195 5067 3418 5123; x_wconf 82' lang='lat' dir='ltr'><strong>Verbum</strong></span> <span class='ocrx_word' id='word_1_819' title='bbox 3456 5079 3572 5123; x_wconf 77' lang='lat' dir='ltr'><strong>erat</strong></span> 
     </span>
    </p>
   </div>
   <div class='ocr_carea' id='block_1_109' title="bbox 1975 5155 3572 5227">
    <p class='ocr_par' dir='ltr' id='par_1_109' title="bbox 1975 5155 3572 5227">
     <span class='ocr_line' id='line_1_109' title="bbox 1975 5155 3572 5227; baseline -0.003 -14"><span class='ocrx_word' id='word_1_820' title='bbox 1975 5159 2116 5225; x_wconf 85' lang='lat' dir='ltr'><strong>apud</strong></span> <span class='ocrx_word' id='word_1_821' title='bbox 2159 5158 2361 5222; x_wconf 85' lang='lat' dir='ltr'><strong>Deum,</strong></span> <span class='ocrx_word' id='word_1_822' title='bbox 2413 5159 2526 5212; x_wconf 61' lang='lat' dir='ltr'><strong>hac</strong></span> <span class='ocrx_word' id='word_1_823' title='bbox 2568 5157 2972 5227; x_wconf 78' lang='lat' dir='ltr'><strong>consequatur?</strong></span> <span class='ocrx_word' id='word_1_824' title='bbox 3013 5155 3082 5210; x_wconf 84' lang='lat' dir='ltr'><strong>Et</strong></span> <span class='ocrx_word' id='word_1_825' title='bbox 3115 5155 3254 5210; x_wconf 75' lang='lat' dir='ltr'><strong>Deus</strong></span> <span class='ocrx_word' id='word_1_826' title='bbox 3287 5168 3398 5211; x_wconf 85' lang='lat' dir='ltr'><strong>erat</strong></span> <span class='ocrx_word' id='word_1_827' title='bbox 3444 5156 3572 5211; x_wconf 81' lang='lat' dir='ltr'><strong>Ver-</strong></span> 
     </span>
    </p>
   </div>
   <div class='ocr_carea' id='block_1_110' title="bbox 1978 5249 3565 5320">
    <p class='ocr_par' dir='ltr' id='par_1_110' title="bbox 1978 5249 3565 5320">
     <span class='ocr_line' id='line_1_110' title="bbox 1978 5249 3565 5320; baseline -0.001 -16"><span class='ocrx_word' id='word_1_828' title='bbox 1978 5253 2098 5304; x_wconf 84' lang='lat' dir='ltr'><strong>bum</strong></span> <span class='ocrx_word' id='word_1_829' title='bbox 2123 5267 2142 5305; x_wconf 91' lang='lat'><strong>:</strong></span> <span class='ocrx_word' id='word_1_830' title='bbox 2163 5250 2260 5304; x_wconf 82' lang='lat' dir='ltr'><strong>hoc</strong></span> <span class='ocrx_word' id='word_1_831' title='bbox 2280 5259 2392 5304; x_wconf 86' lang='lat' dir='ltr'><strong>erat</strong></span> <span class='ocrx_word' id='word_1_832' title='bbox 2424 5251 2480 5303; x_wconf 86' lang='lat' dir='ltr'><strong>in</strong></span> <span class='ocrx_word' id='word_1_833' title='bbox 2500 5252 2758 5320; x_wconf 82' lang='lat' dir='ltr'><strong>principio</strong></span> <span class='ocrx_word' id='word_1_834' title='bbox 2785 5252 2926 5319; x_wconf 84' lang='lat' dir='ltr'><strong>apud</strong></span> <span class='ocrx_word' id='word_1_835' title='bbox 2958 5249 3127 5304; x_wconf 87' lang='lat' dir='ltr'><strong>Deum</strong></span> <span class='ocrx_word' id='word_1_836' title='bbox 3161 5249 3206 5306; x_wconf 74' lang='grc' dir='ltr'>ί.</span> <span class='ocrx_word' id='word_1_837' title='bbox 3230 5249 3565 5320; x_wconf 85' lang='lat' dir='ltr'><strong>Principium</strong></span> 
     </span>
    </p>
   </div>
   <div class='ocr_carea' id='block_1_111' title="bbox 1566 5488 2252 5546">
    <p class='ocr_par' dir='ltr' id='par_1_111' title="bbox 1566 5488 2252 5546">
     <span class='ocr_line' id='line_1_111' title="bbox 1566 5488 2252 5546; baseline 0.003 -3"><span class='ocrx_word' id='word_1_838' title='bbox 1566 5489 1809 5546; x_wconf 66' lang='lat' dir='ltr'><strong>VABIIE</strong></span> <span class='ocrx_word' id='word_1_839' title='bbox 1845 5488 2252 5546; x_wconf 73' lang='lat' dir='ltr'><strong>LECTIONES-</strong></span> 
     </span>
    </p>
   </div>
   <div class='ocr_carea' id='block_1_112' title="bbox 370 5578 3556 5710">
    <p class='ocr_par' dir='ltr' id='par_1_112' title="bbox 370 5578 3556 5710">
     <span class='ocr_line' id='line_1_112' title="bbox 370 5578 3556 5657; baseline 0 -21"><span class='ocrx_word' id='word_1_840' title='bbox 370 5583 418 5615; x_wconf 74' lang='lat'>“</span> <span class='ocrx_word' id='word_1_841' title='bbox 435 5585 533 5656; x_wconf 80' lang='grc' dir='ltr'>τῆς</span> <span class='ocrx_word' id='word_1_842' title='bbox 565 5598 677 5639; x_wconf 89' lang='lat' dir='ltr'><strong>om.</strong></span> <span class='ocrx_word' id='word_1_843' title='bbox 711 5584 779 5638; x_wconf 89' lang='lat' dir='ltr'><strong>A.</strong></span> <span class='ocrx_word' id='word_1_844' title='bbox 853 5585 898 5618; x_wconf 76' lang='grc'><strong>⁸⁸</strong></span> <span class='ocrx_word' id='word_1_845' title='bbox 924 5578 970 5638; x_wconf 80' lang='grc' dir='ltr'>ὧ</span> <span class='ocrx_word' id='word_1_846' title='bbox 995 5597 1107 5638; x_wconf 91' lang='lat' dir='ltr'><strong>om.</strong></span> <span class='ocrx_word' id='word_1_847' title='bbox 1135 5583 1243 5638; x_wconf 85' lang='lat' dir='ltr'><strong>AB.</strong></span> <span class='ocrx_word' id='word_1_848' title='bbox 1275 5585 1321 5617; x_wconf 80' lang='lat'><strong>“</strong></span> <span class='ocrx_word' id='word_1_849' title='bbox 1354 5587 1438 5657; x_wconf 79' lang='grc' dir='ltr'><strong>τό]</strong></span> <span class='ocrx_word' id='word_1_850' title='bbox 1469 5585 1562 5640; x_wconf 87' lang='grc' dir='ltr'>τόν</span> <span class='ocrx_word' id='word_1_851' title='bbox 1595 5584 1719 5651; x_wconf 82' lang='lat' dir='ltr'><strong>AB.</strong></span> <span class='ocrx_word' id='word_1_852' title='bbox 1750 5586 1795 5617; x_wconf 80' lang='grc'><strong>⁸⁷</strong></span> <span class='ocrx_word' id='word_1_853' title='bbox 1821 5582 2134 5657; x_wconf 82' lang='grc' dir='ltr'>ἀνδριάνταῖ</span> <span class='ocrx_word' id='word_1_854' title='bbox 2168 5586 2351 5641; x_wconf 89' lang='lat' dir='ltr'><strong>malim</strong></span> <span class='ocrx_word' id='word_1_855' title='bbox 2380 5584 2476 5638; x_wconf 75' lang='grc' dir='ltr'><strong>τὸν</strong></span> <span class='ocrx_word' id='word_1_856' title='bbox 2501 5583 2818 5656; x_wconf 71' lang='grc' dir='ltr'>ἀνδριάντα,</span> <span class='ocrx_word' id='word_1_857' title='bbox 2837 5594 2897 5639; x_wconf 78' lang='lat' dir='ltr'><strong>et</strong></span> <span class='ocrx_word' id='word_1_858' title='bbox 2927 5599 3051 5639; x_wconf 87' lang='lat' dir='ltr'><strong>mox</strong></span> <span class='ocrx_word' id='word_1_859' title='bbox 3085 5585 3326 5654; x_wconf 83' lang='grc' dir='ltr'>κινῆσαι.</span> <span class='ocrx_word' id='word_1_860' title='bbox 3402 5583 3447 5616; x_wconf 81' lang='grc'><strong>⁸⁸</strong></span> <span class='ocrx_word' id='word_1_861' title='bbox 3466 5583 3493 5637; x_wconf 88' lang='grc' dir='ltr'><strong>δ</strong></span> <span class='ocrx_word' id='word_1_862' title='bbox 3544 5581 3556 5656; x_wconf 86' lang='grc' dir='ltr'><strong>Ι</strong></span> 
     </span>
     <span class='ocr_line' id='line_1_113' title="bbox 383 5583 3552 5710; baseline 0.002 -4"><span class='ocrx_word' id='word_1_863' title='bbox 383 5655 492 5707; x_wconf 90' lang='lat' dir='ltr'><strong>AB.</strong></span> <span class='ocrx_word' id='word_1_864' title='bbox 569 5656 613 5687; x_wconf 89' lang='grc'><strong>⁶⁹</strong></span> <span class='ocrx_word' id='word_1_865' title='bbox 644 5654 822 5710; x_wconf 74' lang='grc' dir='ltr'>ἔσται]</span> <span class='ocrx_word' id='word_1_866' title='bbox 852 5655 917 5710; x_wconf 79' lang='grc' dir='ltr'>ἄν</span> <span class='ocrx_word' id='word_1_867' title='bbox 952 5655 1062 5710; x_wconf 85' lang='lat' dir='ltr'><strong>AB.</strong></span> <span class='ocrx_word' id='word_1_868' title='bbox 1097 5655 1166 5708; x_wconf 86' lang='grc' dir='ltr'><strong>ἂν</strong></span> <span class='ocrx_word' id='word_1_869' title='bbox 1224 5654 1376 5707; x_wconf 78' lang='grc' dir='ltr'>ἔσται</span> <span class='ocrx_word' id='word_1_870' title='bbox 1413 5674 1472 5710; x_wconf 76' lang='grc' dir='ltr'><strong>ς.</strong></span> <span class='ocrx_word' id='word_1_871' title='bbox 1569 5657 1616 5687; x_wconf 79' lang='grc' dir='ltr'><strong>⁷ο</strong></span> <span class='ocrx_word' id='word_1_872' title='bbox 1653 5656 2040 5710; x_wconf 81' lang='grc' dir='ltr'>ἑκκεκλικέναι</span> <span class='ocrx_word' id='word_1_873' title='bbox 2077 5657 2202 5709; x_wconf 82' lang='lat' dir='ltr'><strong>AB:</strong></span> <span class='ocrx_word' id='word_1_874' title='bbox 2239 5657 2631 5710; x_wconf 81' lang='grc' dir='ltr'>ὲκκεκληκέναι</span> <span class='ocrx_word' id='word_1_875' title='bbox 2669 5671 2730 5710; x_wconf 80' lang='grc' dir='ltr'><strong>ς’.</strong></span> <span class='ocrx_word' id='word_1_876' title='bbox 2783 5656 2822 5686; x_wconf 83' lang='grc'><strong>⁷⁸</strong></span> <span class='ocrx_word' id='word_1_877' title='bbox 2850 5655 2907 5709; x_wconf 81' lang='grc' dir='ltr'>δὲ</span> <span class='ocrx_word' id='word_1_878' title='bbox 2972 5667 3235 5710; x_wconf 65' lang='lat' dir='ltr'><strong>exuttugtt</strong></span> <span class='ocrx_word' id='word_1_879' title='bbox 3258 5658 3324 5710; x_wconf 90' lang='lat' dir='ltr'><strong>A.</strong></span> <span class='ocrx_word' id='word_1_880' title='bbox 3353 5672 3462 5710; x_wconf 87' lang='lat' dir='ltr'><strong>Olll.</strong></span> 
     </span>
    </p>
   </div>
   <div class='ocr_carea' id='block_1_113' title="bbox 296 5653 1472 5727">
    <p class='ocr_par' dir='ltr' id='par_1_113' title="bbox 296 5653 1472 5727">
     <span class='ocr_line' id='line_1_114' title="bbox 296 5653 1472 5727; baseline 0.003 -21"><span class='ocrx_word' id='word_1_881' title='bbox 296 5653 354 5727; x_wconf 80' lang='grc' dir='ltr'><strong>δέ</strong></span> <span class='ocrx_word' id='word_1_882' title='bbox 383 5653 500 5707; x_wconf 57' lang='lat' dir='ltr'><strong>AB.</strong></span> <span class='ocrx_word' id='word_1_883' title='bbox 569 5654 822 5727; x_wconf 45' lang='lat'><strong>“£01014</strong></span> <span class='ocrx_word' id='word_1_884' title='bbox 852 5655 1062 5727; x_wconf 67' lang='lat' dir='ltr'><strong>dvAB,</strong></span> <span class='ocrx_word' id='word_1_885' title='bbox 1097 5655 1166 5708; x_wconf 86' lang='grc' dir='ltr'><strong>ἂν</strong></span> <span class='ocrx_word' id='word_1_886' title='bbox 1224 5654 1376 5727; x_wconf 77' lang='grc' dir='ltr'>ἔσται</span> <span class='ocrx_word' id='word_1_887' title='bbox 1413 5653 1472 5720; x_wconf 63' lang='grc' dir='ltr'><strong>εξ.</strong></span> 
     </span>
    </p>
   </div>
   <div class='ocr_carea' id='block_1_114' title="bbox 1569 5655 3462 5725">
    <p class='ocr_par' dir='ltr' id='par_1_114' title="bbox 1569 5655 3462 5725">
     <span class='ocr_line' id='line_1_115' title="bbox 1569 5655 3462 5725; baseline 0.002 -17"><span class='ocrx_word' id='word_1_888' title='bbox 1569 5657 1616 5687; x_wconf 80' lang='grc' dir='ltr'><strong>⁷ο</strong></span> <span class='ocrx_word' id='word_1_889' title='bbox 1653 5655 2040 5710; x_wconf 78' lang='grc' dir='ltr'>ἑκκεκλικέναι</span> <span class='ocrx_word' id='word_1_890' title='bbox 2077 5657 2202 5709; x_wconf 82' lang='lat' dir='ltr'><strong>AB:</strong></span> <span class='ocrx_word' id='word_1_891' title='bbox 2239 5657 2631 5725; x_wconf 81' lang='grc' dir='ltr'>ὲκκεκληκέναι</span> <span class='ocrx_word' id='word_1_892' title='bbox 2669 5671 2730 5718; x_wconf 81' lang='grc' dir='ltr'><strong>ς’.</strong></span> <span class='ocrx_word' id='word_1_893' title='bbox 2771 5656 2822 5725; x_wconf 16' lang='lat'><strong>7&quot;</strong></span> <span class='ocrx_word' id='word_1_894' title='bbox 2850 5655 2907 5709; x_wconf 81' lang='grc' dir='ltr'>δὲ</span> <span class='ocrx_word' id='word_1_895' title='bbox 2972 5667 3235 5724; x_wconf 75' lang='lat' dir='ltr'><strong>expuugtt</strong></span> <span class='ocrx_word' id='word_1_896' title='bbox 3258 5658 3324 5724; x_wconf 90' lang='lat' dir='ltr'><strong>A,</strong></span> <span class='ocrx_word' id='word_1_897' title='bbox 3353 5672 3462 5713; x_wconf 88' lang='lat' dir='ltr'><strong>out.</strong></span> 
     </span>
    </p>
   </div>
   <div class='ocr_carea' id='block_1_115' title="bbox 299 5724 3191 5802">
    <p class='ocr_par' dir='ltr' id='par_1_115' title="bbox 299 5724 3191 5802">
     <span class='ocr_line' id='line_1_116' title="bbox 299 5724 3191 5802; baseline 0.001 -25"><span class='ocrx_word' id='word_1_898' title='bbox 299 5726 346 5758; x_wconf 80' lang='lat'><strong>&quot;</strong></span> <span class='ocrx_word' id='word_1_899' title='bbox 387 5726 680 5797; x_wconf 85' lang='grc' dir='ltr'>ποιητικῆς</span> <span class='ocrx_word' id='word_1_900' title='bbox 701 5724 821 5782; x_wconf 70' lang='grc' dir='ltr'><strong>ΑΒΖ</strong></span> <span class='ocrx_word' id='word_1_901' title='bbox 892 5726 941 5760; x_wconf 87' lang='grc'>⁷³</span> <span class='ocrx_word' id='word_1_902' title='bbox 961 5725 1276 5798; x_wconf 69' lang='grc' dir='ltr'>μελλησμοῦ</span> <span class='ocrx_word' id='word_1_903' title='bbox 1308 5726 1435 5781; x_wconf 82' lang='lat' dir='ltr'><strong>AB:</strong></span> <span class='ocrx_word' id='word_1_904' title='bbox 1474 5725 1738 5798; x_wconf 81' lang='grc' dir='ltr'>μελισμοῦ</span> <span class='ocrx_word' id='word_1_905' title='bbox 1766 5744 1827 5790; x_wconf 84' lang='grc' dir='ltr'>ς.</span> <span class='ocrx_word' id='word_1_906' title='bbox 1904 5727 1952 5761; x_wconf 71' lang='grc'><strong>⁷⁸</strong></span> <span class='ocrx_word' id='word_1_907' title='bbox 1984 5725 2107 5798; x_wconf 81' lang='grc' dir='ltr'>τὴν]</span> <span class='ocrx_word' id='word_1_908' title='bbox 2136 5726 2228 5781; x_wconf 83' lang='grc' dir='ltr'><strong>καί</strong></span> <span class='ocrx_word' id='word_1_909' title='bbox 2251 5725 2362 5782; x_wconf 87' lang='lat' dir='ltr'><strong>AB.</strong></span> <span class='ocrx_word' id='word_1_910' title='bbox 2393 5724 2470 5802; x_wconf 27' lang='lat' dir='ltr'><strong>ﬁ&quot;</strong></span> <span class='ocrx_word' id='word_1_911' title='bbox 2503 5724 2728 5797; x_wconf 80' lang='grc' dir='ltr'>Κύριος]</span> <span class='ocrx_word' id='word_1_912' title='bbox 2764 5724 2919 5782; x_wconf 81' lang='lat' dir='ltr'><strong>Prov.</strong></span> <span class='ocrx_word' id='word_1_913' title='bbox 2950 5741 3060 5795; x_wconf 86' lang='lat' dir='ltr'><strong>vm,</strong></span> <span class='ocrx_word' id='word_1_914' title='bbox 3103 5727 3191 5780; x_wconf 61' lang='grc' dir='ltr'><strong>Ἡ.</strong></span> 
     </span>
    </p>
   </div>
  </div>
