3964 6246
374 310 508 375 1149

1389 310 1912 372 BlBLIOTHECA.
1937 335 1985 346 -
2017 307 2181 370 COD.
2220 309 2572 370 CCXXXVI.

3482 291 3625 361 1150

367 425 436 481 λά
466 426 819 496 δημιουργεῖν
841 426 1058 497 ἤρχετο,
1090 425 1185 480 καὶ
1214 424 1321 479 ἀπὸ
1347 427 1458 479 τῶν
1488 427 1778 497 χειρίστων
1839 425 1937 478 αὐ-

2066 423 2302 480 »θιηοειοε
2335 426 2520 493 ccepit,
2565 422 2938 491 optimumque
2989 431 3017 470 a
3054 413 3308 486 pessimis
3342 425 3630 468 secernere

368 520 466 610 τῆς
493 521 564 573 τὰ
587 517 852 610 κάλλιστα
878 518 1177 588 διακρίνειν
1227 518 1410 588 ἧθελε.
1473 518 1584 572 Καὶ
1628 516 1772 572 οὑτω
1813 517 1946 585 γοῦν

371 609 808 681 ἐδημιούργησεν
841 609 942 664 ὅσα
973 610 1031 676 ἐξ
1080 612 1252 681 αὑτῆς
1294 610 1504 682 ἥρμοζε
1534 610 1654 682 Θεῷ
1683 610 1950 681 δημιουρ-

369 704 508 770 γεῖν.
545 700 627 756 Τά
671 701 728 755 δὲ
785 702 887 755 ὅσα
934 703 1130 774 αὐτῆς,
1180 703 1256 766 ὡς
1287 703 1416 766 έπος
1451 706 1649 767 εἰπεῖν,
1694 701 1948 773 τρυγώδη

370 795 658 864 ἐτύγχανε,
697 793 870 848 ταῦτα
891 795 1214 866 ἀνάρμοστα
1245 795 1374 849 ὄντα
1407 795 1546 866 πρὸς
1586 794 1951 866 δημιουργίαν

371 888 450 951 ὡς
479 882 592 956 εἶχε
614 886 936 940 κατέλιπενο
973 887 1030 952 ἐξ
1053 879 1130 940 ὧν
1157 887 1307 940 δοκεῖ
1357 904 1448 956 μοι
1477 884 1574 941 νῦν
1599 888 1852 958 ἐπιρρεῖν
1885 886 1953 939 τά

371 979 540 1032 κακά.
570 976 756 1032 Ταῦτα
778 977 879 1047 μὲν
917 972 1071 1042 οὗτος
1097 995 1112 1010 ·
1151 978 1288 1049 πρὸς
1320 979 1490 1032 αὑτὸν
1527 979 1584 1032 δέ
1639 979 1954 1049 φησιν,”οτι

378 1071 477 1138 μὲν
505 1068 600 1123 οὑν
629 1069 895 1125 ἀδύνατον
930 1071 1173 1142 ἀγένητα
1190 1072 1285 1126 δύο
1299 1071 1437 1143 ἅμα,
1461 1071 1583 1126 οὐδὲ
1635 1073 1695 1124 σὲ
1738 1072 1954 1141 ἀγνοεῖν

375 1161 604 1233 νομίζω.
643 1165 717 1218 Ἦ
735 1164 844 1235 γὰρ
864 1163 1108 1235 ἡνῶσθαι
1156 1164 1190 1235 ἢ
1228 1165 1562 1235 κεχωρίσθαι
1589 1165 1729 1220 αὑτά
1772 1164 1954 1232 λέγειν

375 1253 614 1322 ἀνάγκη.
647 1253 709 1305 Εί
743 1253 842 1323 μὲν
870 1253 962 1307 οὑν
983 1255 1225 1324 ἡνῶσθαι
1248 1255 1416 1319 λέξοι,
1444 1254 1502 1308 ἓν
1544 1254 1609 1308 τὸ
1641 1254 1906 1325 ἀγένητον
1930 1272 1945 1287 ο

376 1343 609 1396 ἕκαστον
640 1344 748 1415 γὰρ
773 1343 975 1399 τούτων
1005 1346 1168 1418 μέρος
1197 1345 1350 1398 ἔσται
1373 1346 1419 1377 ⁸⁸
1448 1345 1541 1399 τοῦ
1583 1346 1838 1418 πλησίον,
1861 1346 1958 1400 ἀλ-

376 1437 634 1508 λήλωνξδὲ
675 1438 816 1510 μέρη
850 1441 1186 1510 τυγχάνοντα
1213 1441 1500 1510 ἀγένητον,
1549 1440 1664 1494 ἀλλ’
1686 1441 1785 1494 οὑκ
1824 1442 1954 1509 ἀγέ-

377 1532 684 1602 νηταέσται
702 1549 717 1564 ο
748 1532 871 1586 οὑδὲ
895 1533 1004 1605 γάρ
1025 1534 1117 1587 τὸν
1146 1533 1432 1605 ἄνθρωπον
1468 1533 1610 1604 μέρη
1632 1534 1824 1604 ἔχοντα
1850 1552 1956 1588 κα-

376 1620 856 1692 τακερματίζομεν
908 1625 988 1686 είς
1033 1622 1203 1676 πολλὰ
1238 1623 1456 1693 γενητά.
1498 1624 1559 1676 Et
1618 1623 1677 1675 δὲ
1721 1623 1958 1694 κεχωρί-

377 1713 568 1767 σθαι⁸⁹
598 1715 760 1786 φήσει
781 1732 891 1780 τις,
916 1714 1131 1786 ἀνάγκη
1161 1710 1300 1770 εἷναί
1329 1734 1380 1769 τι
1421 1716 1483 1769 τὸ
1506 1716 1609 1769 ἀνά
1641 1716 1806 1787 μέσον
1846 1719 1957 1788 ἁμ-

378 1806 644 1876 φοτέρων,
672 1807 810 1877 ὅπερ
837 1807 931 1860 καὶ
977 1806 1066 1861 τὸν
1116 1809 1399 1879 χωρισμὸν
1447 1808 1630 1862 αὐτῶν
1684 1810 1951 1864 δείκνυσι.

377 1896 552 1948 Τοῦτο
575 1895 632 1949 δὲ
667 1896 788 1966 ἦτοι
817 1897 1014 1950 ταυτὸν
1073 1896 1134 1952 ὃν
1181 1899 1390 1971 ἥνωται
1432 1898 1646 1971 θατέρῳ
1689 1900 1800 1952 τῶν
1839 1901 1956 1964 δύο,

378 1986 476 2040 καὶ
504 1987 716 2058 ἀνάγκη
749 1988 909 2041 πάλιν
935 1989 968 2060 ἢ
995 1989 1190 2043 ἕνωσιν
1217 1989 1248 2059 ἢ
1272 1991 1550 2060 χωρισμὸν
1572 1991 1708 2062 πρὸς
1749 1990 1810 2044 τὸ
1837 1991 1954 2045 ἕτε-

380 2096 474 2150 ρον
503 2078 710 2151 ζητεῖν.
739 2081 974 2136 Ἕνωσιν
1021 2082 1121 2153 μὲν
1151 2083 1410 2137 ἀδύνατον
1447 2084 1593 2148 ἰδεῖν,
1644 2085 1804 2155 εἴπερ
1865 2085 1957 2138 θα-

381 2173 537 2268 τέριρᾉ
556 2175 752 2228 ταυτὸν
778 2171 916 2268 εξναι
943 2177 1040 2230 καὶ
1073 2176 1313 2247 ἡνῶσθαι
1341 2177 1549 2231 δέδοται
1572 2194 1587 2208 ⁸
1634 2179 1827 2250 ὴνοῦτο
1849 2179 1958 2252 γὰρ

380 2265 450 2320 ἂν
481 2266 655 2331 οὕτως
675 2269 723 2301 ⁹⁰
743 2264 840 2322 καὶ
862 2268 922 2322 τὸ
943 2269 1002 2333 ἐξ
1031 2270 1229 2340 ἀρχῆς,
1286 2264 1331 2340 ᾧ
1360 2272 1557 2325 ταυτὸν
1619 2268 1760 2326 εἶναι
1799 2273 1958 2328 τοῦτο

380 2355 563 2427 ἐδόθη.
594 2357 658 2409 El
693 2357 749 2411 δὲ
778 2359 1110 2431 κεχωρίσθαι
1141 2362 1364 2414 ἀπαιτεῖ
1413 2364 1442 2414 ὁ
1484 2362 1662 2431 λόγος,
1699 2363 1862 2418 πάλιν
1898 2365 1960 2418 τὸ

381 2447 618 2517 χωρίζον
639 2448 989 2519 ἀπαιτητέον,
1020 2450 1125 2512 ’έως
1164 2450 1230 2504 ἂν
1282 2451 1527 2524 ἀπείρων
1581 2455 1713 2523 ἡμῖν
1769 2455 1963 2524 ἀγενή-

383 2553 494 2590 των
515 2538 682 2609 ἑσμὸς
709 2539 977 2611 ἀναφανῇ.
1013 2542 1111 2592 Ἂν
1136 2541 1180 2594 δ’
1201 2541 1311 2613 ἄρα
1336 2559 1422 2606 τις
1448 2545 1542 2598 καὶ
1563 2545 1746 2613 τρίτον
1773 2545 1900 2617 λέξῃ
1917 2547 1961 2579 ⁹¹

382 2629 562 2698 λόγον,
602 2631 848 2684 τουτέστι
877 2630 937 2684 τὸ
983 2635 1119 2703 μήτε
1169 2635 1502 2705 κεχωρίσθαι
1546 2635 1637 2688 τὸν
1693 2636 1827 2690 Θεὸν
1865 2641 1964 2706 τῆς

385 2720 538 2790 ὕλης,
572 2722 695 2792 μηδ’
716 2717 783 2776 αὖ
815 2721 974 2777 πάλιν
1006 2724 1082 2788 ὡς
1125 2726 1182 2778 ὲν
1225 2726 1382 2796 μέρει
1425 2727 1689 2796 ἡνῶσθαι,
1723 2725 1864 2782 εἶναι
1904 2731 1962 2783 δὲ

382 2812 460 2874 ὡς
488 2815 546 2866 ὲν
584 2814 728 2885 τόπῳ
753 2813 1050 2889 [καθάπερ]
1079 2819 1144 2889 τῇ
1170 2817 1268 2888 ὕλῃ
1298 2819 1390 2870 τὸν
1414 2817 1540 2890 [499
1580 2818 1670 2892 Η.]
1700 2820 1832 2873 Θεὸν
1867 2822 1963 2874 καὶ

381 2904 482 2974 τὴν
522 2903 657 2976 ὓλην
705 2907 766 2958 έν
795 2905 875 2976 τῷ
902 2906 1043 2978 Θεῷ,
1095 2909 1342 2964 ἀκουέτω
1397 2911 1479 2964 ὅτι
1521 2912 1618 2965 ὲάν
1650 2912 1817 2967 τόπον
1869 2913 1964 2966 τοῦ

384 2995 522 3049 Θεοῦ
549 2997 648 3068 τὴν
696 2997 828 3067 ὕλην
875 2999 1140 3070 εἴπωμεν,
1187 3001 1248 3067 ἐξ
1285 3002 1531 3074 ἀνάγκης
1567 3005 1662 3057 καὶ
1715 3005 1965 3077 χωρητὸς

2048 517 2238 570 voluit.
2293 519 2474 587 Itaque
2517 531 2646 585 ergo
2703 513 2922 568 molitus
2973 520 3056 564 est
3120 523 3182 563 ea
3229 521 3349 576 qua:
3403 505 3512 558 Deo
3555 505 3626 570 ad

2050 609 2342 664 creandum
2391 618 2550 664 erant
2599 615 2745 676 apta.
2809 604 3162 671 Qumcunque
3219 613 3385 662 vero,
3440 605 3499 650 ut
3549 596 3630 650 sie

2050 701 2261 770 loquar,
2282 710 2438 755 erant
2455 698 2742 758 feculenta,
2768 696 2877 760 illa,
2901 704 2957 746 ut
2977 693 3043 746 ad
3070 689 3398 745 creationem
3419 691 3626 756 inepta,

2052 803 2111 845 ut
2153 802 2307 847 erant
2358 791 2592 861 reliquit.
2640 789 2792 845 Unde
2843 787 2972 840 tnihi
3020 799 3162 838 nunc
3204 783 3454 835 videntur
3501 793 3630 850 pro-

2054 886 2274 941 ﬂuxisse
2309 885 2470 938 mala.
2521 883 2644 938 llaec
2685 883 2900 952 quidem
2947 879 3066 942 ille;
3103 886 3302 933 contra
3329 889 3488 946 quem
3520 874 3632 928 dis-

2055 989 2205 1049 putat
2235 974 2612 1050 [Metttodius].
2649 975 2802 1041 Quod
2841 973 2887 1026 si
2924 971 3040 1026 ﬁeri
3079 969 3225 1024 nullo
3254 967 3411 1020 modo
3438 965 3630 1034 possit,

2055 1079 2116 1125 ut
2145 1071 2252 1124 duo
2286 1068 2446 1122 simul
2482 1069 2591 1122 sint
2620 1067 2884 1128 increata,
2926 1077 3023 1118 nec
3051 1071 3104 1117 te
3135 1060 3350 1129 quidem
3384 1059 3634 1126 ignorare

2054 1172 2185 1235 puto
2209 1178 2224 1228 ;
2255 1169 2350 1215 aut
2368 1161 2510 1215 enim
2543 1158 2631 1212 illa
2657 1160 2796 1211 inter
2825 1172 2884 1210 se
2909 1155 3083 1220 unita,
3109 1161 3202 1205 aut
3235 1157 3485 1218 separata
3515 1161 3636 1203 esse

2058 1254 2368 1310 necessario
2410 1251 2696 1306 dicendum
2748 1257 2888 1304 erat.
2934 1247 2992 1301 Si
3031 1245 3154 1316 quis
3199 1244 3350 1298 unita
3395 1242 3630 1297 dixerit:

2057 1349 2160 1405 erit
2193 1361 2357 1401 unum
2390 1345 2712 1407 increatum,
2745 1353 3084 1409 unaquaeque
3112 1337 3257 1390 enim
3291 1348 3418 1404 pars
3445 1335 3635 1387 horum

2057 1443 2163 1498 erit
2222 1438 2375 1494 alteri
2438 1435 2662 1499 similis,
2721 1443 2901 1504 partes
2955 1432 3102 1487 enim
3157 1432 3298 1482 inter
3359 1441 3418 1481 se
3477 1439 3636 1494 pares

2058 1543 2185 1589 sunt
2234 1547 2397 1586 unum
2463 1529 2798 1592 increatum,
2858 1533 2914 1578 et
2979 1537 3086 1577 non
3138 1527 3299 1576 erunt
3361 1519 3637 1581 iucreata,

2059 1641 2232 1696 neque
2272 1623 2469 1696 305a
2527 1622 2674 1677 enim
2719 1618 2992 1675 hominem
3043 1632 3108 1670 ex
3157 1613 3341 1667 multis
3393 1611 3641 1680 partibus

2062 1729 2400 1774 constantem
2440 1715 2494 1769 in
2539 1712 2706 1768 multa
2747 1719 2929 1763 creata
2967 1705 3276 1760 dividimus.
3317 1701 3375 1755 Si
3405 1715 3530 1755 vero
3559 1703 3640 1753 di-

2061 1814 2176 1867 visa
2232 1825 2327 1866 seu
2370 1816 2617 1875 separata
2665 1802 2787 1871 quis
2833 1796 3030 1853 dixerit
3072 1793 3184 1866 [illa
3221 1795 3458 1847 increata
3489 1786 3637 1859 duo],

2058 1919 2286 1961 necesse
2323 1909 2408 1958 est
2436 1910 2495 1955 ut
2520 1899 2592 1953 sit
2619 1895 2835 1966 aliquod
2866 1892 3105 1947 medium
3149 1889 3294 1942 inter
3325 1894 3640 1951 utrumque,

2060 1999 2202 2070 quod
2232 1994 2627 2066 scparationem
2667 1989 2881 2044 illorum
2915 1982 3192 2040 ostendat.
3241 1979 3356 2031 Hoc
3385 1983 3562 2027 autem
3595 1971 3642 2026 si

2059 2095 2128 2149 sit
2158 2093 2294 2147 idem
2324 2104 2444 2144 cum
2475 2086 2646 2140 altero
2668 2098 2734 2138 ex
2761 2080 2988 2144 duobus,
3015 2090 3135 2130 cum
3178 2071 3270 2126 illo
3299 2069 3505 2124 unitum
3535 2075 3641 2129 est,

2060 2195 2115 2239 et
2147 2198 2358 2238 rursum
2392 2173 2496 2235 erit
2531 2191 2756 2232 necesse
2798 2184 3046 2242 quaarere
3091 2161 3641 2233 autconjunctionem

2062 2286 2152 2330 aut
2183 2272 2581 2344 separationem
2635 2265 2859 2320 alterius
2880 2263 2947 2315 ab
2976 2260 3169 2313 altero.
3196 2255 3464 2311 Unionem
3495 2251 3642 2304 enim

2064 2369 2251 2421 videre
2287 2361 2619 2433 impossibile
2651 2367 2753 2421 est,
2772 2357 2816 2411 si
2853 2356 3081 2408 alterum
3122 2351 3193 2402 sit
3225 2349 3364 2402 idem
3402 2360 3524 2399 cum
3551 2357 3640 2406 eo,

2063 2470 2117 2513 et
2139 2459 2344 2511 unitum
2369 2469 2488 2508 esse
2518 2450 2876 2506 concedatur.
2906 2446 2999 2500 Sic
3024 2443 3168 2497 enim
3207 2440 3454 2493 uniretur
3479 2435 3642 2490 etiam

2067 2547 2116 2599 id
2148 2545 2292 2614 quod
2325 2558 2353 2595 a
2394 2540 2664 2610 principio
2705 2537 2845 2590 idem
2877 2548 2997 2588 cum
3023 2547 3088 2584 eo
3126 2529 3292 2582 fuisse
3325 2536 3644 2580 concessum

2065 2644 2166 2691 est.
2203 2633 2258 2689 Si
2285 2642 2463 2686 autem
2497 2636 2806 2697 Separatum
2846 2623 3017 2678 fuisse
3049 2621 3186 2675 ratio
3217 2619 3396 2683 docet,
3425 2629 3646 2669 rursum

2065 2726 2414 2798 quaerendum
2445 2735 2530 2778 est
2567 2737 2660 2791 per
2687 2720 2828 2790 quod
2865 2717 2969 2771 fuit
2993 2722 3325 2784 separatum,
3356 2711 3528 2762 donec
3560 2709 3644 2759 in-

2067 2795 2341 2873 tinitorutn
2369 2815 2521 2868 nobis
2545 2815 2697 2882 copia
2732 2811 3094 2862 increatorum
3123 2808 3394 2857 occurrat.
3421 2797 3575 2864 Quod
3597 2795 3648 2849 si

2069 2913 2189 2981 quis
2229 2913 2392 2966 etiam
2449 2909 2663 2960 tertiam
2707 2898 3035 2957 sententiam
3080 2894 3356 2955 habuerit,
3402 2892 3508 2945 hoc
3543 2895 3646 2950 est,

2071 3019 2245 3072 neque
2262 3008 2573 3069 separatum
2606 2995 2775 3049 fuisse
2797 2991 2964 3046 Deum
2998 3005 3027 3042 a
3056 2988 3305 3051 materia,
3333 2996 3510 3052 neque
3532 2995 3652 3035 rur-

385 3087 620 3153 ἕσταθ’,
636 3092 704 3160 τῇ
735 3088 838 3163 ὕλῃ
861 3093 1334 3162 περιγραφόμενος
1349 3071 1522 3159 ⁸³,καὶ
1555 3098 1619 3166 τῇ
1643 3071 1748 3167 ὕλη
1767 3071 1961 3166 ὁμοίως

2071 3071 2188 3148 sum
2213 3090 2356 3144 velut
2375 3089 2425 3142 in
2453 3093 2604 3156 parte
2627 3083 2745 3158 [seu
2780 3097 2903 3137 cum
2934 3080 3104 3134 altera
3127 3071 3386 3146 partium]
3419 3072 3648 3135 unitum,

385 3183 639 3248 ἀτάκτως
684 3186 981 3256 φερόμενος
1005 3202 1018 3216 ·
1051 3187 1144 3240 τοῦ
1181 3187 1289 3258 γὰρ
1322 3188 1380 3241 ὲν
1408 3180 1452 3256 ᾧ
1473 3190 1590 3242 ἐστι
1624 3189 1964 3260 πλημμελῶς

385 3272 732 3343 κινουμένου,
771 3275 986 3346 ἀνάγκη
1041 3277 1136 3330 καὶ
1181 3277 1242 3329 τὸ
1273 3279 1332 3330 ἐν
1378 3279 1528 3348 αὑτῷ
1565 3279 1961 3346 συγκινεῖσθαι.

385 3364 623 3435 Πότερον
659 3364 715 3417 δὲ
752 3366 990 3437 ἐπλήρου
1042 3366 1142 3438 τὴν
1198 3365 1332 3438 ὕλην
1364 3369 1392 3420 ὁ
1415 3369 1569 3436 Θεὸς,
1624 3369 1658 3442 ἢ
1693 3371 1752 3423 ὲν
1813 3370 1967 3441 μέρει

386 3456 578 3526 αὑτῆς,
598 3456 928 3526 ὲτύγχανεν;
965 3458 1031 3512 Εί
1072 3459 1174 3529 μὲν
1196 3459 1306 3530 γὰρ
1335 3463 1392 3512 έν
1426 3463 1602 3533 μέρει,
1644 3462 1968 3532 μικρότερος

386 3547 558 3618 αὐτῆς
581 3547 680 3602 ἆτε
703 3547 768 3620 δὴ
799 3549 857 3601 ὲν
880 3548 1034 3620 μέρει
1069 3548 1238 3619 αὐτῆς
1269 3550 1539 3620 χωρηθείς
1565 3568 1580 3582 ο
1615 3553 1663 3604 εί
1689 3551 1748 3604 δὲ
1798 3552 1962 3622 ἐπλή-

389 3655 506 3710 ρου,
542 3639 660 3703 πῶς
696 3640 901 3710 ταύτην
929 3640 1392 3712 ὲδημιοὺργησεν;
1423 3643 1640 3715 ἀνάγκη
1659 3646 1768 3716 γάρ
1806 3645 1840 3716 ἢ
1872 3663 1968 3698 συ-

390 3730 584 3800 στολήν
610 3749 732 3784 τινα
760 3731 855 3784 τοῦ
870 3734 918 3764 εδ
959 3731 1094 3785 Θεοῦ
1133 3733 1334 3802 λέγειν,
1378 3729 1448 3807 ἧς
1491 3737 1792 3806 γενομένης
1848 3739 1970 3810 έδη-

392 3824 728 3895 μιοὺργησεν
765 3826 943 3878 έκεῖνο
967 3826 1059 3895 ἀφ’
1086 3819 1147 3880 οὑ
1171 3826 1552 3899 ὑπεχώρησεν,
1583 3829 1615 3900 ἢ
1667 3831 1764 3885 καὶ
1803 3831 1968 3885 αὑτὸν

386 3915 454 3984 τῇ
492 3912 592 3984 ὕλῃ
635 3915 1108 3987 συνδημιουργεῖν,
1159 3919 1261 3971 οὑκ
1320 3919 1516 3988 ἔχοντα
1565 3909 1980 3994 ὑποχωρήσεως

389 4005 577 4060 τόπον.
601 4007 666 4061 Εί
711 4007 767 4061 δὲ
796 4009 894 4077 τὴν
949 4009 1081 4078 ὓλην
1117 4012 1176 4064 έν
1209 4009 1287 4081 τῷ
1327 4011 1446 4082 Θεῷ
1488 4007 1628 4065 εἶναι
1665 4012 1814 4081 λέγοι
1861 4031 1966 4078 τις,

393 4100 590 4171 ῥητέον
611 4101 840 4172 πότερον
870 4103 946 4166 ὡς
975 4103 1326 4174 διισταμένου
1369 4105 1534 4158 αὑτοῦ
1563 4106 1610 4138 ⁹⁵
1649 4107 1743 4176 ἀφ’
1781 4107 1971 4173 αὑτοῦ,

2072 3189 2166 3243 sed
2187 3199 2307 3240 esse
2344 3183 2508 3236 Deum
2536 3181 2586 3233 in
2612 3177 2838 3232 materia
2860 3175 3008 3229 velut
3033 3171 3088 3226 in
3122 3171 3262 3234 loco,
3285 3177 3340 3221 et
3364 3163 3652 3219 materiam

2073 3281 2123 3334 in
2145 3278 2275 3340 Deo,
2292 3277 2338 3330 is
2357 3273 2650 3342 intelligat,
2677 3270 2819 3340 quod
2837 3267 2884 3322 si
2901 3266 3075 3320 locum
3095 3261 3211 3325 Dei,
3229 3257 3510 3314 materiam
3532 3269 3655 3309 esse

2073 3367 2389 3430 dixerimus,
2413 3361 2724 3416 necessario
2745 3358 2912 3412 etiam
2938 3352 3163 3407 materia
3187 3346 3655 3414 circumscriptus,

2071 3460 2235 3514 veluti
2271 3458 2388 3511 loco
2419 3453 2746 3515 includetur,
2780 3461 2994 3518 unaque
3023 3461 3145 3500 cum
3186 3442 3414 3497 materia
3449 3451 3656 3494 temere

2075 3549 2512 3606 circumferetur.
2539 3544 2748 3598 Etenim
2776 3541 2870 3596 illo
2903 3549 3107 3595 temere
3150 3545 3299 3590 moto
3327 3535 3377 3588 in
3413 3547 3522 3602 quo
3547 3541 3654 3597 cst,

2079 3642 2386 3698 necessario
2411 3641 2576 3694 etiam
2610 3637 2660 3691 id
2703 3649 2808 3689 una
2850 3642 3099 3688 movetur
3134 3629 3276 3698 quod
3311 3635 3394 3681 est
3433 3627 3486 3680 in
3543 3624 3655 3680 illo.

2077 3737 2342 3792 Totamne
2397 3730 2682 3786 materiam
2760 3727 2903 3781 licus
2953 3723 3285 3793 occupabat,
3339 3734 3406 3772 an
3447 3725 3658 3788 partem

2078 3831 2221 3884 illius
2255 3823 2496 3880 tantum?
2525 3823 2582 3877 Si
2618 3833 2823 3890 partem
2864 3825 3096 3880 tantum,
3144 3829 3274 3883 ergo
3319 3812 3498 3865 minor
3543 3817 3662 3862 erat

2079 3924 2190 3986 illa,
2236 3929 2418 3990 utpote
2461 3931 2564 3970 una
2609 3925 2817 3967 tantum
2862 3910 3005 3966 illius
3052 3918 3206 3978 parte
3255 3915 3398 3960 totus
3429 3903 3662 3957 circum-

2081 4018 2350 4084 scriptus;
2385 4012 2428 4066 si
2461 4018 2652 4073 totam,
2681 4005 2953 4084 quomodo
2983 4003 3124 4056 hanc
3150 3997 3394 4054 creavit?
3429 3994 3663 4050 Necesse

2079 4118 2162 4164 est
2195 4107 2338 4160 enim
2371 4113 2429 4158 ut
2455 4104 2699 4157 dicamus
2735 4075 2898 4153 Deum
2924 4095 3092 4148 fuisse
3123 4092 3303 4159 aliquo
3336 4089 3495 4142 modo
3528 4086 3580 4138 in
3607 4098 3664 4138 se

390 4193 486 4245 καὶ
507 4191 696 4264 ὥσπερ
716 4195 773 4246 ὲν
793 4194 920 4266 ἀέρι
954 4195 1109 4259 ζώων
1129 4195 1367 4267 ὑπάρχει
1384 4197 1430 4234 ³⁸
1479 4199 1634 4269 γένη,
1677 4199 1961 4270 μεριζομέ-

2082 4208 2398 4260 retractum,
2447 4205 2506 4248 ut
2553 4189 2924 4248 contractione
2982 4187 3123 4239 facta
3178 4183 3322 4236 illam
3371 4189 3601 4250 partem,
3632 4191 3664 4230 a

389 4302 484 4339 νου
506 4286 672 4339 αὑτοῦ
698 4289 776 4350 είς
824 4287 1092 4357 ὑποδοχὴν
1135 4287 1244 4342 τῶν
1294 4290 1595 4358 γινομένων
1642 4291 1702 4344 ὲν
1748 4291 1961 4361 αὑτῷ,ἦ

2083 4307 2188 4362 qua
2218 4306 2277 4344 se
2303 4288 2548 4352 retraxit,
2576 4292 2827 4347 crearet;
2855 4289 2950 4333 attt
2977 4277 3127 4331 illum
3154 4289 3258 4327 una
3285 4287 3409 4325 cum
3436 4268 3664 4324 materia

391 4381 581 4454 ῶσπερ
607 4386 666 4436 ὲν
687 4387 758 4455 γῇ
785 4383 961 4455 ’ὑδωρ;
1001 4385 1061 4437 Et
1095 4384 1194 4454 μὲν
1222 4389 1331 4454 γάρ
1346 4385 1421 4448 ὡς
1453 4389 1510 4438 ἐν
1527 4386 1671 4457 ἀέρι,
1715 4358 1961 4457 μεριστὸι

2083 4397 2334 4444 creasse,
2373 4393 2496 4434 cum
2540 4393 2646 4431 non
2684 4374 2909 4429 haberet
2940 4369 3148 4432 locum,
3189 4380 3299 4436 quo
3341 4377 3400 4417 se
3443 4358 3665 4413 interim

392 4453 611 4541 ἀνάγκη
635 4453 815 4540 λέγειν
849 4453 942 4525 τὸν
981 4453 1140 4525 Θεόν’
1202 4475 1250 4525 εί
1283 4474 1338 4525 δὲ
1361 4473 1437 4537 ὡς
1486 4453 1628 4545 ὕδωρ
1670 4453 1728 4529 ὲν
1763 4453 1830 4546 τῇ
1875 4479 1961 4547 γῇ,

2089 4478 2368 4546 reciperet.
2416 4471 2471 4526 Si
2517 4484 2646 4525 vero
2691 4469 2813 4536 quis
2858 4472 3068 4519 asserat
3107 4458 3402 4530 |materiam
3455 4455 3508 4507 in
3557 4453 3668 4505 Deo

392 4558 463 4635 ἦν
499 4563 557 4617 δὲ
584 4566 818 4629 ἄτακτος
857 4566 952 4618 καὶ
981 4565 1222 4636 ἄκοσμος
1251 4569 1283 4636 ἡ
1314 4566 1437 4636 ὑλη,
1485 4543 1625 4637 πρὸς
1673 4566 1738 4637 δὴ
1762 4543 1961 4633 τούτοις

2077 4543 2267 4630 fuisse,
2297 4561 2644 4634 quaerendum
2677 4567 2764 4613 est
2791 4573 2859 4611 an
2894 4557 3034 4609 Deus
3060 4569 3089 4606 a
3125 4551 3309 4617 seipso
3346 4547 3466 4601 loco
3501 4543 3668 4598 fuerit

393 4653 596 4725 ἔχουσα
611 4657 706 4710 καὶ
737 4657 907 4719 κακὰ,
935 4656 1026 4710 τὸν
1055 4657 1187 4709 Θεὸν
1225 4658 1404 4726 λέγειν
1440 4659 1653 4730 ἀνάγκη
1690 4659 1800 4713 τῶν
1846 4661 1979 4714 ἀκο-

396 4748 623 4817 σμήτων
653 4749 747 4801 καὶ
770 4748 956 4802 κακῶν
977 4748 1180 4802 τούτων
1200 4750 1392 4804 αίτιον.
1427 4750 1536 4802 Καὶ
1558 4752 1660 4821 ὅρα
1687 4749 1844 4823 [γάρ]
1903 4753 1979 4816 ὡς

361 4837 961 4911 ’ὔληνὺποτιθέμενος,
1003 4843 1092 4896 ἵνα
1138 4841 1213 4914 μὴ
1247 4841 1357 4895 τῶν
1391 4843 1578 4896 κακῶν
1631 4845 1864 4914 ποιητὴν
1907 4844 1982 4896 εῐ-

394 4946 520 4994 ποις
541 4931 586 4963 ”
631 4931 724 4985 τὸν
756 4931 909 5019 Θεὸν,
966 4932 1174 5002 δοχεῖον
1225 4930 1388 4986 αὑτὸν
1443 4931 1555 4984 τῶν
1607 4932 1794 4986 κακῶν
1834 4928 1977 4987 εἶναι

392 5021 596 5092 λέγεις.

2077 4658 2316 4719 divisus,
2362 4664 2418 4707 et
2442 4653 2591 4706 velut
2623 4650 2676 4703 in
2721 4663 2848 4703 aere
2891 4643 3144 4701 animalia
3176 4650 3322 4704 sunt,
3357 4637 3450 4692 illo
3472 4635 3666 4690 diviso.

2079 4749 2228 4803 locus
2256 4748 2330 4802 sit
2360 4746 2534 4800 factus
2563 4744 2628 4797 iis
2658 4745 2818 4796 rebus
2842 4754 2964 4808 quae
2999 4738 3050 4790 in
3084 4751 3148 4790 eo
3180 4729 3352 4787 fiunt?
3388 4737 3481 4784 aut
3513 4726 3662 4781 velut

2081 4845 2135 4898 in
2167 4850 2312 4897 terra
2351 4838 2534 4909 aqua?
2579 4839 2644 4890 Et
2670 4834 2934 4904 siquidem
2969 4840 3026 4885 ut
3054 4831 3107 4884 in
3148 4842 3295 4892 aere,
3340 4833 3468 4878 tunc
3494 4821 3662 4876 Deum

2090 4936 2322 4992 divisum
2363 4925 2620 5002 cogemur
2664 4941 2952 4983 asserere:
3007 4923 3052 4978 si
3100 4929 3276 4975 autem
3320 4925 3380 4969 ut
3425 4928 3567 4983 aqua
3617 4910 3674 4964 in

2087 5036 2256 5092 terra,
2287 5038 2408 5079 cum
2452 5018 2678 5075 materia
2717 5025 2862 5071 esset
2899 5011 3150 5070 informis
3189 5017 3243 5063 et
3284 5007 3572 5074 indigesta,
3618 5005 3676 5054 et

398 5119 539 5174 mala
575 5130 837 5190 Pm‘erea
886 5120 938 5174 ίη
972 5135 1031 5175 se
1061 5123 1390 5188 θοηιῖηθτθιν
1422 5135 1645 5178 necesse
1698 5124 1802 5177 erit
1830 5123 2014 5182 dicere
2048 5125 2216 5180 Deum
2269 5133 2450 5175 rerum
2479 5113 2791 5170 infonnium
2817 5120 2873 5164 et
2918 5108 3182 5163 malarum
3217 5118 3340 5158 esse
3367 5110 3672 5155 auctorem.

399 5213 468 5266 Et
523 5217 765 5279 adverte,
811 5215 1264 5285 quemadmodum
1311 5217 1596 5272 materiam
1632 5223 2029 5286 supponenda,
2067 5233 2138 5275 ne
2193 5213 2458 5270 malorum
2508 5207 2846 5263 conditorem
2893 5202 3072 5258 Deum.
3113 5199 3386 5253 aﬂirmare
3437 5192 3675 5265 cogaris,

399 5304 570 5359 Deum
622 5303 794 5361 facias
835 5307 1235 5376 receptaculum
1281 5307 1564 5362 malorum.

1652 5417 1659 5426 ’
1703 5449 1942 5508 vanm
1970 5447 2384 5509 LECTIONES.

396 5649 446 5683 ss
474 5578 720 5703 Ξέξπηαὶ]
747 5580 814 5634 ἄν
837 5583 948 5649 AB,
982 5583 1049 5637 ἂν
1080 5583 1234 5637 ἔσται
1263 5602 1324 5649 ς.
1423 5586 1469 5619 ⁸³
1492 5583 1824 5656 κεχώρισται
1858 5586 1967 5640 AB.
2070 5586 2117 5618 '°
2139 5586 2208 5639 ἂν
2244 5581 2419 5642 οὕτως
2460 5577 2593 5657 AB_;
2625 5575 2796 5655 οὕτως
2834 5574 2900 5628 ἀν
2937 5589 2996 5638 ς.
3103 5571 3146 5603 ⁹¹
3175 5567 3303 5648 λέξῃ
3350 5565 3397 5622 Α
3427 5584 3440 5620 :
3469 5563 3583 5631 ἔξει
3613 5579 3675 5627 ς.

570 5668 624 5703 αι
715 5668 742 5703 ν
763 5650 871 5703 ΑΒ.
947 5655 994 5685 θ’
1025 5656 1504 5703 πεοιγοαωὸαενοε
1557 5658 1650 5703 καὶ
1675 5658 1741 5703 τῗι
1789 5657 1889 5703 mn
1922 5672 2030 5703 om.
2061 5656 2167 5703 AB-
2242 5654 2289 5686 ”
2317 5668 2441 5703 τινα
2478 5647 2599 5703 soul
2625 5643 2918 5703 αὑτουΛΒ.
3003 5644 3048 5676 ⁸⁸
3070 5641 3266 5694 ἑαυτου
3295 5654 3358 5703 ς’.
3433 5636 3482 5669 ³⁸
3505 5634 3675 5703 01:69-

504 5634 742 5738 ξτῖῆιῖέν
763 5650 871 5738 3:3-
934 5634 2030 5738 -oin.
2057 5634 2198 5715 AB.“
2242 5654 2289 5686 ⁸⁵
2317 5634 2441 5706 τινά
2478 5647 2600 5721 τοῦ]
2625 5634 2792 5703 αὑτοῦ
2811 5643 2918 5700 AB.
2947 5634 2962 5638 ⁷
3003 5644 3048 5676 ⁸⁸
3070 5634 3358 5703 ἐαυτοῦξ.
3433 5636 3482 5669 ³⁸
3505 5634 3676 5706 ὑπάρι

405 5738 490 5791 χει
501 5720 516 5796 Ι
549 5720 673 5778 tum
705 5723 994 5795 ὑπάρχειν.
1072 5720 1114 5758 π
1142 5720 1356 5798 εἴποιςῘ
1379 5727 1548 5782 εἰπών
1575 5725 1667 5782 ΑΒ
1689 5720 1915 5782 ε”εἰπεῖν
1939 5744 1994 5791 ς.
