3964 6246
417 256 546 322 1151

1593 273 1874 335 PHUTII.
1893 276 2409 338 PATRIARCIME
2445 280 2556 342 CP.

3539 284 3658 352 1152

421 413 424 420 .
493 374 632 441 Quin
651 384 706 430 et
731 375 803 432 ita
826 387 1209 447 argumentare
1229 399 1244 437 :
1267 381 1545 440 Materiam
1565 401 1696 456 ergo
1712 388 1993 444 informem

2175 391 2316 460 Λέγε
2343 391 2400 445 δὲ
2424 393 2520 446 καὶ
2547 384 2649 446 ὧδε
2669 408 2682 423 ο
2707 393 2817 464 Φῂς
2843 393 3025 447 τοίνυν
3039 393 3230 448 ἄποιον
3257 392 3391 463 ὕλην
3420 402 3666 466 συνυπάρ-

414 460 495 515 ais
539 464 815 519 exstitisse
848 466 1130 532 cumDeo,
1154 484 1216 523 ex
1244 485 1349 540 qua
1379 475 1636 528 mundum
1660 477 1902 552 creavit?
1927 477 2000 533 Ita

421 557 556 612 mihi
584 559 820 614 videtur.
851 559 1040 616 Nonne
1058 563 1242 633 igitur,
1273 568 1317 620 si
1353 568 1604 625 informis
1638 582 1754 626 erat
1775 575 2000 630 materia

417 648 560 720 [sine
593 651 991 725 qualitatibus],
1029 654 1290 714 formatus
1324 671 1407 716 est
1441 663 1672 718 mundus
1705 679 1736 718 a
1773 666 1914 721 Deo?
1947 668 2002 722 in

419 744 619 797 mundo
634 752 810 798 autem
832 755 957 799 sunt
973 748 1260 816 qualitates
1276 769 1291 818 ;
1309 753 1628 821 qualitatum
1646 758 1890 812 conditor
1905 758 2005 816 fuit

417 833 579 888 Deus.
615 835 692 888 Ita
721 843 826 891 est.
854 837 1122 904 Quoniam
1144 856 1270 896 vero
1305 844 1403 899 tibi
1429 848 1649 902 videtur
1673 849 2005 919 impossibile

415 939 538 979 esse
567 935 623 978 ut
663 926 858 998 305b
906 944 973 984 ex
1034 932 1203 987 nihilo
1243 933 1601 1006 ﬁataliquid,
1645 941 1912 1010 responde
1935 943 2002 997 ad

413 1019 768 1087 qttzestionetn
803 1039 817 1076 :
867 1020 1204 1081 Videnturne
1241 1027 1334 1082 tibi
1369 1030 1666 1100 qualitates
1712 1035 1896 1090 mundi
1933 1051 2003 1091 ex

414 1123 521 1162 non
552 1109 814 1178 subjectis
843 1111 1209 1182 qualitatibus
1238 1117 1396 1175 lactze
1427 1121 1450 1175 ?
1487 1121 1772 1178 Videntur.
1811 1125 1879 1179 Et
1907 1126 2004 1181 has

417 1215 537 1255 esse
561 1202 763 1272 aliquid
786 1205 933 1260 aliud
968 1223 995 1260 a
1029 1210 1332 1265 substantia
1355 1213 1684 1271 existimas?
1707 1217 1808 1282 Ita,
1833 1218 2000 1274 aliud.

417 1284 605 1342 Nonne
647 1306 811 1361 ergo,
855 1294 900 1348 si
949 1293 1095 1351 Deus
1142 1298 1436 1366 qualitates
1478 1317 1546 1356 ex
1595 1320 1700 1359 non
1744 1307 2004 1378 subjectis

419 1379 769 1446 qualitatibus
800 1386 1076 1450 condidit,
1116 1404 1237 1458 qua
1269 1407 1332 1445 ex
1364 1393 1691 1450 substantiis
1731 1415 1835 1452 non
1872 1409 2004 1455 sunt

419 1467 595 1534 factae,
624 1486 747 1526 cum
785 1476 1100 1534 substantiae
1127 1498 1232 1537 non
1263 1484 1376 1538 sint
1411 1486 1723 1556 qualitates,
1763 1493 1872 1547 erit
1908 1510 2003 1549 ne-

417 1572 572 1616 cesse
601 1563 780 1622 dicere
820 1567 938 1624 illas
969 1586 1036 1624 ex
1082 1572 1251 1628 nihilo
1277 1591 1306 1628 a
1340 1578 1448 1632 Deo
1484 1593 1606 1635 esse
1629 1594 1844 1640 creatas
1875 1601 2004 1643 :su-

420 1668 810 1720 pervacaneum
845 1671 1025 1717 autem
1052 1667 1161 1720 erit
1183 1668 1380 1723 docere
1401 1669 1536 1724 nihil
1562 1687 1588 1725 a
1617 1673 1724 1728 Deo
1746 1690 1812 1730 ex
1834 1678 2003 1735 nihilo

2103 501 2220 554 χειν
2243 483 2321 554 τῷ
2351 483 2493 553 Θεῷ,
2517 483 2577 547 ἐξ
2595 479 2663 554 ἧς
2680 484 2780 554 τὴν
2802 483 2896 536 τοῦ
2929 484 3137 554 κόσμου
3161 484 3374 552 γένεσιν
3395 485 3665 556 ἐδημιούρ.

2101 593 2307 645 γησεν;
2334 576 2491 630 Οὕτω
2529 594 2620 646 μοι
2653 574 2821 630 δοκεῖ.
2857 577 3068 630 Οὐκοῦν
3097 576 3146 629 εί
3177 577 3365 639 ἄποιος
3392 576 3666 646 ἐτύγχανεν

2101 670 2136 739 ή
2169 669 2292 739 ὕλη,
2347 669 2540 737 γέγονε
2569 668 2627 721 δὲ
2668 668 2874 738 κόσμος
2913 669 3049 739 πρὸς
3108 667 3204 722 τοῦ
3234 668 3391 733 θεοῦ,
3427 670 3484 721 ὲν
3515 670 3568 722 δὲ
3599 671 3666 742 τῷ

2103 761 2294 831 κόσμῳ
2316 763 2374 814 αἱ
2397 761 2703 832 ποιότητες,
2727 760 2838 813 τῶν
2867 764 3169 831 ποιοτήτων
3191 761 3379 832 γέγονε
3413 762 3626 833 ποιητὴς
3643 767 3667 816 ὀ

2101 851 2269 917 Θεός;
2308 851 2496 912 Οὕτως
2541 851 2679 922 ἔχει.
2726 851 2855 924 [944
2889 851 2980 925 8.]
3021 853 3175 906 Ἐπεὶ
3202 851 3260 906 δέ
3286 870 3369 907 σοι
3412 854 3668 908 δοκεῖκαὶ

2101 945 2179 1010 ὡς
2215 945 2480 999 ἀδύνατον
2511 943 2572 1010 ἐξ
2599 945 2702 998 οὐκ
2755 944 2927 999 όντων
2982 944 3234 1014 γίνεσθαί
3260 963 3336 1010 τι,
3395 947 3529 1019 πρὸς
3581 951 3667 1018 τὴν

2101 1037 2370 1108 ἐρώτησιν
2406 1036 2705 1108 ἀπόκριναι
2725 1037 2772 1070 ³⁸
2802 1053 2816 1067 °
2875 1039 3038 1092 Δοκεῖ
3090 1057 3175 1092 σοι
3226 1039 3326 1103 τὰς
3357 1039 3450 1093 τοῦ
3481 1041 3667 1110 κόσμου

2103 1127 2451 1198 ποιότητας⁹⁹
2477 1130 2552 1199 μὴ
2596 1127 2657 1195 ἐξ
2697 1128 3072 1200 ὑποκειμένων
3124 1131 3408 1200 γεγονέναι
3464 1134 3667 1202 ποιοτή-

2101 1235 2244 1285 των;
2294 1221 2472 1272 Δοκεῖ.
2499 1219 2730 1291 Ἕτερον
2779 1219 2925 1273 δέτι
2953 1221 3104 1292 παρὰ
3138 1221 3235 1286 τὰς
3291 1223 3482 1286 οὐσίας
3509 1223 3669 1294 ὑπεὶρ⁴

2101 1325 2220 1378 χειν
2247 1308 2456 1375 αὑτάς;
2489 1307 2676 1372 Οὕτως
2714 1308 2846 1379 ἔχει.
2909 1310 3118 1364 Οὐκοῦν
3145 1313 3195 1364 εί
3221 1315 3360 1382 μήτε
3384 1313 3441 1379 ἐξ
3463 1314 3668 1368 ὑποκει-

2105 1400 2282 1472 μένων
2337 1404 2639 1474 ποιοτήτων
2692 1403 2792 1466 τας
2857 1402 3152 1473 ποιότητας
3181 1403 3665 1476 ὲδημιούργησενό

2103 1492 2258 1555 Θεὸς,
2289 1494 2427 1562 μήτε
2458 1495 2523 1545 ἐκ
2547 1493 2657 1545 τῶν
2679 1491 2880 1546 οὐσιῶν
2897 1491 3204 1562 ὑπάρχουσι
3233 1493 3311 1563 τῷ
3342 1494 3474 1565 μηδὲ
3499 1495 3667 1560 οὐσίας

2103 1583 2272 1648 αὑτὰς
2327 1580 2488 1649 εἶναι,
2524 1587 2588 1638 ὲκ
2626 1585 2702 1655 μὴ
2731 1584 2905 1639 ὄντων
2944 1583 3115 1647 αὐτὰς
3151 1585 3258 1638 ὑπὸ
3291 1586 3428 1639 Θεοῦ
3465 1590 3668 1656 γεγονέ-

2104 1676 2226 1728 ναι¹
2280 1676 2496 1746 ἀνάγκη
2543 1677 2739 1730 εἰπεῖν.
2788 1677 3052 1746 Περιττὸν
3109 1677 3220 1747 ἄρα
3251 1678 3312 1730 τὸ
3343 1677 3580 1742 δοξάζειν
3601 1680 3668 1743 ὡς

419 1742 620 1800 factum
651 1764 794 1805 esse.
826 1751 1116 1810 Enimvero
1148 1773 1236 1812 res
1270 1758 1338 1815 de
1389 1761 1490 1816 hoc
1523 1762 1892 1841 [argumento]
1927 1770 1993 1824 ita

2103 1768 2256 1822 οὐδὲν
2289 1768 2347 1834 ἐξ
2391 1770 2490 1821 οὐκ
2517 1768 2687 1821 ὄντων
2745 1768 2954 1837 γίνεται
3008 1771 3146 1839 πρὸς
3181 1769 3277 1823 τοῦ
3308 1770 3462 1824 Θεοῦ.
3498 1771 3668 1824 Ἀλλ’ό

419 1834 720 1894 decidatur.
741 1840 874 1896 Nam
899 1845 1062 1900 etiam
1083 1850 1222 1918 apud
1246 1867 1344 1906 nos
1367 1852 1613 1909 videmus
1634 1834 1892 1926 quaedam
1908 1876 2004 1930 per

420 1927 668 1986 homines
703 1947 770 1987 ex
806 1936 974 1992 nihilo
1007 1938 1151 2005 ﬁeri,
1191 1951 1250 1998 ut
1284 1944 1330 1999 si
1367 1948 1673 2016 exemplum
1716 1952 1784 2004 ab
1812 1955 2000 2008 archi-

423 2024 705 2079 tectonieis
728 2028 1007 2097 capiamus
1039 2050 1052 2086 :
1089 2036 1307 2102 quando
1335 2039 1389 2092 hi
1427 2041 1587 2096 urbes
1621 2057 1689 2096 ex
1713 2059 1820 2100 non
1859 2048 2004 2102 urbi-

420 2109 521 2164 bus
554 2113 820 2182 eondunt,
861 2127 915 2172 et
976 2123 1173 2190 templa
1208 2140 1274 2181 ex
1320 2143 1428 2182 non
1488 2132 1726 2202 templis.
1774 2133 1999 2203 Quodsi,

419 2201 547 2270 quia
583 2204 666 2259 his
688 2206 1008 2265 substantiae
1039 2216 1298 2284 subjectae
1323 2220 1457 2286 sint,
1487 2223 1771 2281 existimas
1790 2227 1860 2282 ab
1893 2201 2000 2285 illis

420 2293 535 2348 btec
567 2309 632 2350 ex
682 2299 848 2355 rebus
899 2304 1290 2364 exsistentibus
1341 2310 1717 2378 fieri,‘falleris
1767 2320 1996 2376 ratione.

417 2379 606 2449 Neque
630 2386 774 2439 enim
799 2390 1100 2446 substantia
1127 2398 1312 2451 condit
1333 2399 1632 2468 civitatem,
1657 2414 1752 2457 aut
1776 2409 1995 2476 templa,

417 2474 510 2527 sed
540 2491 628 2531 ars
653 2493 772 2546 quae
810 2482 955 2536 circa
988 2481 1347 2543 substantiam
1395 2492 1512 2562 (seu
1547 2496 1854 2568 materiam)
1883 2513 2022 2554 νεῖ--

415 2573 589 2630 satur,
630 2584 749 2638 quae
779 2586 884 2626 non
921 2589 988 2628 ex
1015 2577 1255 2645 subjecta
1291 2580 1472 2650 aliqua
1507 2594 1623 2640 arte
1669 2603 1791 2657 quae
1831 2589 1904 2644 sit
1941 2592 1998 2646 in

416 2659 754 2725 substantia,
802 2668 1144 2738 producitur,
1173 2673 1266 2727 sed
1303 2688 1370 2728 ex
1411 2691 1474 2730 ea
1524 2693 1646 2748 qua:
1681 2696 1785 2736 non
1825 2693 1908 2738 est
1944 2685 1997 2740 in

416 2749 553 2818 illis,
607 2756 838 2814 exsistit.
881 2760 988 2816 Sed
1038 2764 1238 2822 videris
1273 2769 1407 2825 mihi
1449 2773 1553 2828 hac
1591 2776 1799 2833 ratione
1839 2780 1997 2836 dictis

414 2859 722 2913 occurrere,
748 2851 817 2906 ab
844 2855 1057 2910 artifice
1092 2871 1187 2926 per
1210 2869 1387 2916 artem
1420 2863 1626 2935 aliquid
1657 2868 1712 2923 in
1748 2874 1996 2928 substan-

415 2935 487 2988 tia
522 2937 636 2992 ﬁeri
667 2957 680 2993 :
713 2945 1010 3012 respondeo
1035 2949 1102 3002 ad
1129 2951 1251 3013 hoc,
1296 2967 1400 3008 nec
1431 2956 1482 3010 in
1521 2959 1742 3014 homine
1774 2963 1990 3032 quidem

412 3037 583 3082 artem
619 3045 685 3084 ex
726 3033 967 3101 subjecta
1007 3047 1126 3094 arte
1169 3041 1350 3112 aliqua
1392 3046 1506 3101 ﬁeri
1530 3088 1547 3114 ,
1595 3063 1661 3104 eo
1699 3053 1844 3120 quod
1883 3070 1988 3109 non

411 3121 584 3188 possit
620 3123 922 3182 substantia
961 3145 1025 3184 ex
1066 3146 1127 3186 se
1150 3111 1322 3190 artem
1367 3153 1678 3207 procreare.
1715 3143 1813 3200 Est
1843 3149 1988 3202 enim
2016 3111 2060 3172 δ

409 3226 504 3268 ars
549 3228 618 3268 ex
665 3214 773 3271 illis
811 3221 1221 3290 accidentibus,
1261 3242 1384 3296 qua:
1431 3239 1543 3284 tum
1589 3231 1790 3288 habent
1833 3251 1988 3292 suum

408 3317 553 3368 esse.
577 3313 794 3377 quando
823 3312 876 3366 in
903 3315 1204 3372 substantia
1229 3319 1408 3390 aliqua
1437 3323 1577 3379 ﬁunt
1602 3342 1616 3380 ;
1651 3327 1815 3382 homo
1841 3331 1987 3385 enim

408 3397 570 3450 etiam
611 3400 728 3456 sine
771 3407 1035 3460 tectoniw
1084 3409 1194 3464 erit
1237 3413 1422 3469 homo.
1481 3413 1770 3476 Tectonica
1809 3434 1990 3478 autem

408 3489 557 3543 nulla
579 3491 705 3556 erit,
736 3495 837 3550 nisi
875 3499 1024 3568 prius
1049 3500 1208 3556 homo
1235 3507 1528 3566 exstiterit.
1567 3509 1717 3568 Unde
1749 3524 1898 3571 artes
1939 3518 1992 3572 in

409 3579 720 3639 hominibus
761 3601 828 3641 ex
858 3604 965 3643 non
999 3602 1140 3659 ente;
1160 3600 1434 3663 procreari
1468 3607 1780 3660 necessario
1807 3590 1994 3663 dicen—

408 3671 535 3726 dum
573 3684 676 3730 est.
726 3678 869 3749 Ergo
903 3682 946 3735 si
990 3683 1094 3740 hoc
1136 3686 1208 3740 ita
1246 3703 1307 3743 se
1347 3689 1548 3748 habere
1591 3695 1644 3749 in
1684 3696 1994 3755 hominibus

405 3765 761 3832 ostendimus,
794 3773 1068 3838 quomodo
1097 3790 1203 3829 non
1237 3792 1452 3847 aequum
1485 3782 1591 3838 erit
1629 3785 1840 3853 dicere,
1887 3805 1991 3844 non

405 3854 577 3909 solum
626 3858 914 3925 qualitates
953 3878 983 3918 a
1030 3865 1138 3920 Deo
1188 3881 1256 3920 ex
1282 3884 1390 3923 non
1436 3873 1844 3939 exsistentibus,
1895 3881 1991 3934 sed

405 3948 570 4002 etiam
615 3951 950 4009 substantias
989 3972 1148 4027 posse
1191 3959 1342 4014 ﬁeri?
1375 3962 1511 4017 Dum
1541 3967 1684 4021 enim
1726 3971 1984 4037 possibile

409 4041 641 4108 videtur,
673 4054 730 4098 ut
767 4045 968 4117 aliquid
1006 4066 1073 4106 ex
1115 4053 1286 4108 nihilo
1323 4055 1436 4122 fiat,
1474 4059 1783 4116 ostenditur
1817 4064 1982 4118 etiam

405 4135 740 4191 substantias
767 4153 834 4192 ex
868 4141 1036 4196 nihilo
1071 4143 1187 4199 ﬁeri
1215 4161 1396 4214 posse.

477 4224 675 4280 lterum
723 4243 854 4285 vero
899 4232 1308 4303 disceptandum
1354 4249 1439 4295 est
1493 4241 1560 4297 de
1615 4243 1791 4300 malis.
1846 4245 1982 4302 Mala

404 4313 724 4372 videnturne
752 4319 846 4375 tibi
875 4337 994 4377 esse
1027 4327 1367 4397 substantias,
1419 4347 1487 4385 an
1524 4333 1819 4403 qualitates
1852 4338 1984 4393 sub-

404 4407 764 4463 stantiarum?
795 4411 1120 4478 Qualitates.
1147 4418 1368 4475 Materia
1389 4432 1582 4480 eratne
1614 4426 1733 4482 sine
1759 4430 1985 4496 qualita-

405 4497 570 4563 tibus,
593 4509 647 4553 et
667 4501 954 4560 informis?
975 4507 1124 4564 Erat.
1149 4510 1288 4566 Sunt
1317 4512 1459 4566 enim
1481 4514 1597 4570 haec
1618 4519 1802 4574 omnia
1830 4535 1984 4576 com-

403 4591 578 4658 posita
603 4608 723 4648 cum
751 4596 1052 4654 substantia
1082 4619 1150 4657 ex
1183 4603 1247 4658 iis
1272 4620 1396 4672 quae
1435 4608 1689 4664 accidunt
1719 4612 1980 4667 substan-

403 4683 512 4738 tias.
547 4683 729 4756 Neque
759 4691 901 4744 enim
934 4693 1297 4750 homicidium
1331 4707 1418 4752 est
1450 4701 1778 4769 substantia,
1811 4719 1987 4774 neque

400 4777 692 4847 quidquam
718 4781 947 4838 aliorum
969 4787 1256 4855 malorum,
1275 4791 1367 4845 sed
1401 4791 1467 4845 ab
1482 4793 1794 4860 operatione
1820 4796 1988 4853 deno-

402 4869 698 4931 minantur.
733 4872 916 4943 Neque
940 4880 1082 4932 enim
1107 4881 1280 4936 caules
1296 4892 1378 4936 est
1413 4883 1596 4948 homo,
1619 4887 1713 4941 sed
1739 4887 1987 4943 faciendo

402 4959 562 5022 hanc,
645 4960 916 5018 homicida
985 4965 1110 5021 inde
1175 4970 1609 5037 cognominatur,
1699 4973 1792 5042 qui
1874 4989 1980 5027 non

397 5059 481 5106 est
557 5052 672 5120 ipsa
729 5055 934 5124 caedes,
985 5073 1201 5128 neque,
1259 5071 1318 5114 ut
1390 5062 1712 5130 compendio
1786 5062 1985 5131 dicam,

396 5143 688 5214 quidquam
711 5160 778 5200 ex
809 5147 932 5204 aliis
963 5149 1120 5204 malis
1149 5160 1232 5204 est
1269 5153 1591 5218 substantia,
1641 5153 1733 5207 sed
1759 5153 1927 5225 306
1950 5172 1983 5209 a

395 5237 539 5292 mala
590 5239 696 5293 dici
751 5250 924 5309 potest
966 5241 1218 5296 faciendo
1265 5243 1469 5312 aliquid
1519 5244 1669 5298 mali.
1721 5243 1983 5301 Similiter

396 5332 722 5388 ratiocinare
749 5351 764 5387 :
795 5333 853 5388 Si
895 5335 1025 5404 quid
1064 5335 1209 5390 aliud
1249 5335 1430 5389 animo
1471 5339 1787 5405 conceperis
1834 5338 1977 5406 quod

397 5422 602 5477 homini
629 5425 702 5480 sit
734 5439 898 5482 causa
940 5429 1247 5482 malorum:
1283 5427 1428 5482 velut
1467 5437 1552 5483 est
1587 5429 1716 5483 illud
1752 5429 1974 5495 malum,

2109 1860 2208 1930 μὲν
2266 1861 2396 1928 περὶ
2455 1859 2646 1912 τούτου
2719 1860 2875 1928 λόγος
2905 1853 3008 1915 ὧδε
3049 1861 3242 1931 ἐχέτω.
3277 1862 3390 1916 Καὶ
3421 1862 3523 1932 γὰρ
3549 1865 3664 1933 παρ’

2101 1951 2236 2019 ἡμῖν
2295 1949 2515 2019 όρῶμεν
2579 1948 2905 2020 ἀνθρώπους
2932 1949 2992 2015 ἐξ
3018 1950 3119 2002 οὐκ
3170 1950 3346 2004 ὄντων
3405 1950 3667 2014 ποιοῦντάς

2102 2059 2244 2107 τινα,
2290 2037 2401 2095 οἷον
2449 2043 2541 2095 ἐπὶ
2591 2042 2699 2095 τῶν
2751 2043 3210 2114 ἀρχιτεκτονικῶν
3239 2043 3304 2097 τὸ
3333 2044 3668 2114 παράδειγμα

2100 2132 2355 2202 λὰὅωμεν
2372 2149 2384 2162 ·
2423 2128 2460 2203 ἦ
2482 2134 2500 2162 ¹
2525 2133 2634 2204 γὰρ
2661 2126 2806 2186 οὗτοι
2827 2133 3043 2188 ποιοῦσι
3061 2134 3248 2197 πόλεις
3276 2135 3375 2215 οὐκ
3393 2136 3456 2188 ἐκ
3478 2134 3668 2188 πόλεων

2101 2225 2197 2280 καὶ
2225 2226 2387 2288 ναοὺς
2415 2225 2516 2278 οὐκ
2545 2227 2610 2278 ὲκ
2631 2225 2798 2281 ναῶν.
2846 2227 2912 2281 Εἰ
2935 2225 2982 2280 δ’
3009 2227 3094 2280 ὅτι
3115 2225 3334 2290 τούτοις
3353 2225 3528 2280 οὐσίαι
3548 2226 3666 2277 ὑπό-

2101 2335 2335 2382 κεινται,
2366 2316 2468 2370 οῐει
2497 2315 2558 2382 ἐξ
2593 2315 2738 2390 [οὐκ]
2766 2317 2941 2373 όντων
2995 2319 3195 2383 αὐτοὺς
3216 2319 3237 2351 ³
3262 2319 3439 2372 ταῦτα
3489 2321 3665 2380 ποιεῖν,

2098 2409 2176 2481 τῷ
2205 2411 2350 2482 λόγῳ
2386 2409 2617 2481 σφάλλῃ.
2651 2410 2787 2464 Οὐδὲ
2823 2411 2932 2483 γὰρ
2957 2413 2991 2483 ἡ
3021 2412 3182 2467 οὐσία
3205 2413 3363 2466 ἐστὶν
3388 2415 3422 2483 ἡ
3455 2410 3665 2464 ποιοῦσα

2098 2503 2196 2574 τὴν
2219 2502 2368 2556 πόλιν
2388 2502 2420 2574 ἢ
2453 2505 2578 2568 τοὺς
2607 2503 2794 2568 ναοὺς,
2819 2503 2989 2576 ἀλλ’,ή
3016 2504 3145 2576 περὶ
3167 2505 3273 2576 τὴν
3297 2505 3482 2558 οὐσίαν
3499 2505 3663 2572 τέχνη.

2097 2592 2133 2662 ἢ
2157 2591 2258 2645 οὐκ
2283 2591 2343 2657 ἐξ
2375 2592 2745 2663 ὑποκειμένης
2794 2594 2938 2657 τινὸς
2979 2593 3177 2665 τέχνης
3207 2596 3272 2647 ἐν
3305 2597 3425 2658 ταῖς
3475 2594 3666 2655 οὐσίαις

2097 2686 2327 2755 γίνεται,
2360 2684 2476 2738 ἀλλ’
2497 2685 2558 2751 ἐξ
2585 2685 2685 2738 οὐκ
2710 2683 2880 2756 οὕσης
2917 2685 2980 2739 ὲν
3009 2687 3204 2750 αὑταῖς
3231 2685 3467 2754 γίνεται.
3485 2687 3664 2738 ’Δπαν-

2094 2779 2280 2850 τήσειν
2309 2777 2367 2831 δέ
2394 2795 2484 2849 μοι
2528 2780 2705 2844 δοκεῖς
2758 2779 2901 2833 οὕτω
2927 2778 3006 2849 τῷ
3025 2778 3191 2850 λόγῳ,
3217 2780 3308 2834 ὅτι
3351 2779 3588 2849 τεχνίτης
3606 2779 3661 2846 τῇ

2095 2870 2154 2922 ὲν
2184 2871 2251 2940 τῇ
2275 2868 2433 2940 οὐσίᾳ
2488 2869 2651 2940 τέχνῃ
2696 2871 2862 2923 ποιεῖ.
2913 2868 3062 2940 Φημὶ
3092 2868 3151 2922 δὲ
3181 2868 3330 2940 πρὸς
3389 2868 3542 2924 τοῦτο
3591 2868 3662 2920 ὅτι

2093 2960 2214 3014 οὐδὲ
2237 2961 2294 3012 ἐν
2318 2958 2397 3031 τῷ
2439 2959 2713 3032 ἀνθρώπῳ
2757 2960 2821 3014 ἔκ
2869 2977 3014 3024 τινος
3060 2960 3437 3031 ὑποκειμένης
3485 2960 3664 3031 τέχνης

2095 3051 2467 3122 προσγίνεται.
2503 3052 2641 3106 Οὐδὲ
2667 3051 2778 3122 γὰρ
2805 3051 2984 3105 ἔνεστι
3014 3051 3113 3123 τὴν
3141 3052 3229 3121 ἐφ’
3261 3051 3466 3123 ἑαυτῆς
3486 3051 3659 3105 οὐσίαν

2092 3143 2274 3198 δοῦναι
2334 3144 2437 3216 τὴν
2483 3145 2715 3216 τέχνηνο
2748 3143 2884 3220 τῶν,
2913 3144 3024 3214 γὰρ
3068 3143 3499 3216 συμὸεὸηκότων
3540 3143 3660 3206 ἐστὶ,

2094 3237 2188 3288 καὶ
2212 3234 2325 3289 τῶν
2354 3236 2476 3289 τότε
2497 3235 2559 3288 τὸ
2581 3229 2724 3289 εἶναι
2782 3236 3040 3306 ἐχόντων,
3066 3236 3271 3290 ὁπόταν
3301 3238 3359 3290 ἐν
3388 3236 3540 3306 οὐσία
3569 3235 3661 3287 τινὶ

2092 3326 2339 3396 γένηται.
2366 3325 2494 3399 [500
2517 3324 2614 3400 H.]
2649 3327 2708 3380 ὐ
2770 3327 2868 3397 μὲν
2902 3327 3013 3397 γὰρ
3057 3327 3351 3396 ἄνθρωπος
3379 3330 3473 3382 καὶ
3512 3328 3660 3396 χωρὶς

2091 3418 2191 3487 τῆς
2206 3417 2524 3486 τεκτονικῆς
2543 3417 2719 3480 ἔσται,
2739 3417 2843 3487 ἠδὲ
2866 3417 2967 3470 οὐκ
2988 3417 3140 3470 ἕσται
3158 3417 3179 3448 ⁸
3202 3417 3298 3471 ἐὰν
3333 3417 3407 3487 μὴ
3424 3416 3661 3487 πρότερον

2094 3510 2190 3564 ἄνθ
2201 3528 2379 3582 ρωπος
2475 3509 2637 3565 Ὅθεν
2653 3512 2752 3575 τὰς
2772 3510 2964 3581 τέχνας
2984 3509 3044 3575 ἐξ
3057 3510 3156 3564 οὐκ
3179 3510 3238 3564 δν
3251 3529 3349 3564 ξων
3377 3511 3454 3573 είς
3473 3507 3660 3578 ἀνθρώ-

2096 3603 2541 3671 πουςπεφυκέναι
2591 3602 2840 3672 γίνεσθαι
2868 3603 3050 3672 λέγειν
3070 3604 3390 3669 ἀναγκαῖον.
3420 3603 3482 3655 Εἰ
3503 3602 3660 3655 τοίνυν

2093 3695 2252 3749 τοῦτο
2305 3694 2481 3757 οὕτως
2534 3695 2682 3766 ἔχειν
2737 3697 2824 3750 ἐπ’
2857 3697 3166 3767 ἀνθρώπων
3213 3698 3512 3766 ἐδείξαμεν,
3561 3693 3660 3753 πῶς

2093 3788 2217 3856 οὐχὶ
2239 3788 2485 3858 προσῆκε
2535 3789 2625 3840 τὸν
2669 3787 2802 3840 Θεὸν
2836 3788 2910 3859 μὴ
2943 3789 3104 3858 μόνον
3165 3788 3460 3858 ποιότητας
3494 3785 3549 3849 ἐξ
3575 3784 3661 3835 οὐκ

2092 3878 2264 3931 όντων
2291 3878 2459 3946 φάναι
2489 3876 2751 3932 δύνασθαι
2778 3882 2973 3943 ποιεῖν,
3007 3877 3145 3933 ἀλλὰ
3175 3879 3275 3934 καὶ
3303 3877 3524 3940 οὐσίας;
3553 3871 3661 3941 Τῴ⁵

2095 3969 2204 4039 γὰρ
2232 3969 2456 4022 δυνατὸν
2507 3971 2744 4040 φανῆναι
2773 3969 2834 4022 τὸ
2864 3969 3113 4038 γίνεσθαί
3163 3987 3218 4024 τι
3262 3969 3325 4035 ἐξ
3361 3970 3459 4022 οὑκ
3487 3968 3660 4026 δντων,

2097 4063 2314 4125 καὶτὰς
2344 4062 2534 4126 οὐσίας
2563 4061 2739 4126 οὕτως
2771 4062 2918 4134 ἔχειν
2959 4063 3256 4117 δείκνυται.

2165 4238 2333 4292 Πάλιν
2369 4237 2427 4292 δὲ
2456 4238 2780 4308 διαληπτέον
2831 4239 2938 4291 τῶν
2996 4237 3186 4291 κακῶν
3232 4237 3385 4308 πέρι.
3419 4235 3497 4289 Τὰ
3530 4233 3661 4287 κακὰ

2091 4332 2320 4402 πότερον
2348 4331 2527 4384 οὐσίαι
2555 4347 2637 4383 σοι
2668 4328 2914 4383 δοκοῦσιν
2932 4325 3074 4383 εἶναι
3092 4329 3122 4399 ἢ
3139 4330 3427 4400 ποιότητες
3443 4326 3659 4387 οὑσιῶν;

2091 4425 2408 4494 Ποιότητες.
2453 4422 2519 4476 Ἠ
2541 4421 2598 4476 δὲ
2630 4421 2732 4492 ὕλη
2759 4423 2950 4484 ἄποιος
2979 4419 3048 4490 ἦν
3078 4423 3175 4474 καὶ
3220 4421 3656 4491 ἀσχημάτιστος;

2093 4514 2299 4578 Οὕτως.
2326 4515 2635 4568 Πέπλεκται
2661 4513 2770 4584 ἄρα
2799 4513 2866 4568 τὰ
2897 4514 3145 4582 ὀνόματα
3209 4512 3390 4565 ταῦτα
3418 4514 3483 4582 τῇ
3512 4507 3658 4576 οὐσίᾳ
3707 4592 3712 4596 Ι

2095 4609 2162 4660 ὲκ
2183 4607 2293 4661 τῶν
2328 4606 2760 4677 συμϐεϐηκότων
2789 4605 2947 4676 αὐτῇ.
2984 4604 3122 4658 Οὔτε
3156 4604 3263 4672 γάρ
3291 4605 3439 4657 ἐστιν
3465 4605 3493 4656 ό
3518 4601 3661 4670 φόνος

2093 4706 2128 4775 ἡ
2156 4704 2317 4758 οὐσία
2341 4701 2466 4756 οὕτε
2491 4720 2543 4756 τι
2571 4702 2679 4755 τῶν
2707 4700 2880 4756 ἄλλων
2907 4699 3114 4765 κακῶν,
3145 4699 3259 4753 ἀλλ’
3285 4700 3350 4752 ὲκ
3382 4696 3488 4750 τῶν
3521 4697 3658 4760 ἐνερ-

2091 4796 2258 4864 γειῶν
2284 4794 2749 4866 παρονομὰζεται.
2801 4793 2940 4848 Οὐτε
2968 4793 3077 4866 γὰρ
3116 4791 3334 4892 (ἣόνοςιό
3365 4788 3658 4892 ἄνθρωπῆςν

2095 4887 2232 4940 ἀλλὰ
2285 4886 2362 4956 τῷ
2411 4886 2778 4957 ἐνηργηκέναι
2828 4887 3020 4939 τοῦτον
3075 4884 3428 4957 παρωνύμως
3479 4884 3660 4948 φονεὺς

2095 4978 2555 5049 παρονομάζεται,
2583 4979 2657 5048 μὴ
2689 4977 2765 5031 ὣν
2804 4978 2968 5048 φόνος
2999 4978 3178 5040 αὐτός·
3211 4974 3336 5070 οὕτε
3375 4970 3658 5070 auiis-ﬁlian

2093 5070 2267 5122 εἰπεῖν
2297 5085 2350 5120 τι
2373 5068 2482 5121 τῶν
2511 5069 2686 5123 ἄλλων
2741 5069 2930 5122 κακῶν
2982 5070 3129 5121 ἐστιν
3150 5071 3182 5136 ἡ
3211 5068 3390 5133 οὐσία,
3436 5063 3566 5119 ἀλλὰ
3591 5063 3658 5129 τῷ

2092 5159 2297 5232 πρᾶξαί
2315 5180 2367 5214 τι
2396 5163 2503 5215 τῶν
2530 5161 2716 5216 κακῶν
2743 5163 2888 5232 κακὴ
2905 5160 3159 5230 λέγεσθαι
3181 5160 3423 5215 δύναται.
3443 5155 3658 5254 Ὀμοίιιις

2089 5253 2399 5322 ἐπινόησον,
2427 5253 2479 5304 εἴ
2503 5269 2555 5304 τι
2590 5252 2778 5321 ἓτερον
2801 5251 3166 5315 ἁναπλάττεις
3203 5252 3261 5304 ὲν
3285 5249 3364 5320 τῷ
3391 5247 3466 5318 νῷ
3488 5257 3657 5299 κακων

2086 5344 2199 5404 τοῖς
2265 5341 2576 5413 ἀνθρώποις
2626 5342 2822 5410 αἴτιον,
2850 5343 2926 5406 ὡς
2978 5343 3231 5397 κάκεῖνο⁶
3295 5338 3466 5396 κακόν
3503 5340 3557 5390 ὲν
3588 5350 3657 5401 τῳ

2087 5433 2296 5495 τούτοις
2351 5434 2594 5505 ἐνεργεῖν
2648 5438 2743 5490 καὶ
2801 5435 3126 5489 ὑποϐάλλειν
3177 5438 3352 5490 ποιεῖν
3389 5431 3459 5484 τὰ
3501 5422 3650 5482 κακά·

1683 5583 1922 5641 VARUE
1969 5586 2376 5645 LECTIONES.

467 5693 513 5724 ’⁸
539 5691 800 5761 ἀπόκρινε
837 5710 896 5757 ς.
971 5698 1015 5729 ⁹⁹
1047 5696 1340 5770 ποιότητας
1366 5697 1459 5770 τοῦ
1481 5697 1686 5770 κόσμου
1718 5698 1782 5752 Α.
1862 5699 1878 5729 ¹
1908 5699 2130 5766 γέγονεν
2162 5703 2227 5756 Λ.
2305 5704 2325 5733 ’
2357 5697 2391 5770 ἦ
2419 5702 2457 5756 Β
2485 5712 2694 5760 etcorr.
2723 5704 2798 5756 A:
2833 5704 2879 5756 εἰ
2914 5719 2974 5767 ς.
3053 5704 3074 5737 ⁸
3101 5699 3352 5764 αὑτούςΒ
3373 5718 3385 5756 :
3408 5693 3566 5756 αὐτάς
3590 5706 3641 5754 ς-

397 5763 419 5796 δ
459 5763 612 5818 ἔσται
639 5762 720 5818 bis
749 5777 857 5819 om.
893 5764 1003 5821 AB.
1078 5767 1190 5834 ⁵τῴ
1214 5762 1258 5822 Ᾱ
1281 5786 1295 5825 ς
1320 5767 1381 5822 τό
1403 5783 1463 5831 ς.
1537 5770 1555 5801 ⁸
1585 5762 1830 5832 κάκεῖνος
1864 5762 2029 5834 κακός
2056 5771 2094 5823 Β
2121 5784 2172 5827 et
2197 5787 2340 5829 corr.
2372 5762 2435 5826 Ᾱ.
