3964 6246
347 353 487 419 1153

340 488 500 541 Ἐστι
555 482 662 552 γὰρ
709 480 803 532 καὶ
827 476 988 538 αὐτὸς
1016 473 1180 534 κακὸς
1206 471 1264 536 ἐξ
1293 464 1368 521 ὧν

332 581 443 649 γὰρ
502 575 710 638 κακὸςτ
765 570 905 624 εἶναι
970 569 1210 635 λέγεται,
1265 565 1347 616 ὅτι
1405 559 1515 612 τῶν
1575 555 1762 610 κακῶν
1804 555 1918 606 ἐστι

333 645 667 739 ποιητής.’“Α
696 664 752 718 δέ
779 679 861 724 τις
899 660 1064 718 ποιεῖ,
1113 658 1212 709 οὐκ
1245 654 1390 707 ἔστιν
1415 651 1598 714 αὐτὸς,
1631 647 1745 701 ἀλλ’
1773 645 1924 714 ἐνέρ-

335 780 462 833 γεια
514 757 702 818 αὑτοῦ,
759 746 948 823 ἀφ’ὧν
979 755 1080 820 τὴν
1128 745 1503 820 προσηγορίαν
1571 739 1664 795 τοῦ
1714 736 1923 792 κακὸςθ

338 831 592 923 λέγεσθαι
636 850 925 920 λαμϐάνει.
960 831 1020 900 Ei
1038 847 1149 914 γὰρ
1208 843 1373 897 αὐτὸν
1421 841 1670 910 εἴποιμεν
1718 833 1860 890 εἶναι
1891 833 1926 887 ὃ.

342 949 512 1010 ποιεῖ,
556 943 703 998 ποιεῖ
729 943 786 994 δὲ
821 943 1014 1011 φόνους
1049 939 1142 990 καὶ
1206 939 1451 1006 μοιχείας
1497 932 1592 986 καὶ
1615 932 1714 983 ὅσα
1744 931 1927 998 ὃμοια,

343 1038 505 1100 αὐτὸς
558 1037 711 1088 ἐσται
731 1037 751 1067 9
780 1032 974 1086 ταῦτα’
1005 1030 1130 1082 εἰδὲ
1154 1028 1316 1088 αὑτός
1345 1028 1464 1079 ἐστι
1498 1023 1690 1087 ταῦτα,
1719 1023 1807 1074 ὅτε
1840 1020 1927 1087 γὲ·

346 1150 516 1197 νεται,
564 1131 662 1202 τὴν
708 1129 967 1182 σύστασιν
1014 1124 1146 1195 ἔχει.
1190 1123 1264 1174 Οὐ
1326 1120 1586 1189 γινόμενα
1621 1117 1676 1170 δὲ
1711 1117 1805 1168 καὶ
1833 1113 1928 1167 τοῦ

348 1213 486 1279 εἶναι
543 1223 804 1276 παύεται.
853 1219 1063 1271 Γίνεται
1103 1215 1158 1268 δέ
1191 1212 1364 1267 ταῦτα
1417 1210 1552 1282 πρὸς
1602 1205 1930 1278 ἀνθρώπων.

354 1317 606 1369 Ἔσονται
663 1312 772 1383 ἄρα
818 1309 1024 1363 τούτων
1044 1308 1088 1339 ¹⁰
1127 1306 1479 1374 οἰᾶνθρωποι
1542 1299 1784 1371 ποιηταὶ,
1841 1298 1936 1351 καὶ

345 1407 442 1459 τοῦ
477 1401 616 1457 εἶναι
659 1403 754 1455 καὶ
802 1400 997 1471 μηκέτι
1032 1393 1172 1451 εἶναι
1215 1396 1400 1449 αἴτιοι.
1432 1393 1559 1463 [945
1580 1390 1672 1462 R.]
1718 1389 1857 1442 Ἀλλ’
1889 1389 1936 1440 εί

349 1498 411 1562 ἐξ
441 1489 516 1550 ὧν
551 1495 767 1565 ἐνεργεῖ
803 1492 1032 1553 ἕκαστος
1078 1490 1313 1559 ὑπάρχει
1339 1485 1532 1546 κακὸς,
1564 1483 1600 1536 δι
1621 1483 1677 1535 δέ
1705 1482 1936 1552 ἐνεργεῖ,

348 1589 526 1660 ἀρχὴν
577 1587 669 1639 τοῦ
737 1580 878 1638 εἶναι
915 1580 1205 1652 λαμϐάνει,
1242 1577 1444 1649 ἤρξατο
1485 1576 1738 1636 κάκεῖνος
1789 1569 1930 1623 εἶναι

348 1684 539 1745 κακὸς,
557 1680 757 1752 ἦρξατο
773 1679 828 1731 δέ
846 1674 1124 1730 καὶταῦτα
1153 1673 1222 1726 τὰ
1251 1671 1420 1724 κακά.
1449 1667 1560 1721 Είδ’
1596 1666 1771 1728 οὕτως
1799 1664 1931 1734 ἔχει,

347 1776 448 1828 οὐκ
473 1775 618 1826 ἐστιν
646 1769 898 1841 ἀνάρχως
923 1784 1006 1829 τις
1035 1764 1223 1828 κακὸς,
1251 1763 1371 1817 οὐδὲ
1396 1761 1636 1832 ἀγένητα
1659 1758 1727 1812 τὰ
1774 1755 1936 1810 κακά.

399 1965 420 1998 ⁶’
436 1972 598 2024 Ἀλλὰ
631 1969 692 2022 τὸ
713 1969 753 1999 ¹¹
789 1967 886 2036 μὲν
931 1964 1065 2036 πρὸς
1114 1963 1206 2016 τὸν
1231 1962 1418 2031 ἕτερον
1443 1958 1599 2026 λόγον
1641 1957 1863 2020 ἱκανῶς,
1893 1955 1938 2008 ὦ

353 2067 499 2136 φίλε,
543 2063 906 2130 πεποιηκέναι
934 2075 1024 2129 μοι
1048 2057 1245 2118 δοκεῖς.
1288 2055 1378 2120 Ἐξ
1408 2046 1481 2106 ὧν
1508 2052 1618 2121 γὰρ
1645 2049 1940 2119 προλαϐὼν

353 2161 523 2214 ἔδωκε
549 2157 629 2228 τῷ
669 2157 834 2227 λόγῳ,
867 2157 932 2207 ἐκ
973 2151 1177 2207 τούτων
1209 2151 1464 2218 συνάγειν
1521 2148 1710 2214 ἔδοξας
1737 2147 1940 2208 καλῶς.

370 2251 459 2314 Ὧς
484 2247 702 2319 ἀληθῶς
721 2248 851 2316 γὰρ,
893 2246 940 2297 εἰ
969 2244 1160 2306 ἄποιος
1201 2240 1498 2310 ἐτύγχανεν
1533 2240 1565 2308 ἡ
1599 2237 1721 2306 ὕλη,
1746 2237 1855 2290 τῶν
1887 2236 1944 2289 δὲ

357 2343 662 2410 ποιοτήτων
686 2341 728 2370 ¹²
779 2336 1111 2410 δημιουργὸς
1152 2335 1181 2387 ὁ
1224 2333 1376 2399 Θεὸς,
1428 2331 1714 2400 ποιότητες
1763 2329 1821 2382 δὲ
1876 2328 1980 2402 τὰν

359 2430 528 2495 κακὰ,
566 2430 795 2499 ποιητὴς
820 2428 863 2460 ¹³
884 2428 990 2480 τῶν
1017 2423 1203 2478 κακῶν
1240 2427 1268 2478 ὁ
1300 2422 1451 2486 Θεός.
1494 2422 1649 2493 Ἐμοὶ
1670 2422 1726 2474 δὲ
1746 2419 1940 2486 ψεῦδος

360 2522 506 2576 δοκεί
557 2522 657 2592 τὴν
708 2520 840 2590 ὕλην
899 2521 1088 2573 ἄποιον
1155 2515 1336 2586 λέγειν
1370 2532 1383 2545 ·
1427 2514 1548 2568 οὑδέ
1598 2517 1708 2584 γὰρ
1741 2514 1948 2567 ἔνεστιν

361 2616 536 2667 εἰπεῖν
568 2614 698 2684 περὶ
731 2613 829 2683 τῆς
859 2627 1004 2675 τινος
1034 2609 1221 2671 οὐσίας
1248 2607 1321 2670 ὡς
1352 2605 1498 2659 ἐστιν
1526 2608 1738 2668 ἄποιος.
1781 2605 1944 2659 Ἀλλὰ

369 2705 476 2776 μὴν
519 2704 612 2759 καὶ
645 2707 704 2758 ἐν
739 2697 783 2773 ᾦ
829 2703 1022 2756 ἄποιον
1078 2697 1216 2754 εἶναι
1263 2699 1410 2767 λέγει
1433 2701 1496 2763 ⁸⁵,
1530 2697 1628 2769 τὴν
1689 2697 1949 2763 ποιότητα

369 2797 539 2869 αὐτῆς
568 2795 786 2870 μηνύει,
805 2795 964 2849 ὁποία
983 2795 1130 2847 ἐστὶν
1157 2794 1190 2863 ἡ
1221 2791 1321 2862 ὕλη
1339 2791 1794 2859 διαγραφὸμενος,
1817 2790 1951 2857 ὅπερ

369 2895 486 2946 ἐστὶ
513 2892 800 2962 ποιότητος
823 2885 1156 2951 εἷδος.”υθεν
1182 2887 1237 2940 εί
1257 2901 1340 2938 σοι
1364 2884 1517 2954 φίλον
1553 2884 1722 2947 ἐστιν,
1744 2880 1951 2935 ἄνωθεν

370 2989 543 3056 ἄρχου
562 2985 604 3016 ¹⁵
636 2982 730 3036 τοῦ
753 2982 934 3052 λόγου.
952 2981 1106 3050 Ἐμοὶ
1135 2982 1244 3050 γὰρ
1271 2981 1306 3049 ἡ
1335 2978 1438 3048 ὕλη
1464 2977 1757 3048 ποιότητας
1787 2976 1956 3045 ἀνάρ-

372 3094 484 3146 χως
525 3075 668 3144 ἔχειν
718 3075 901 3128 δοκεῖ·
957 3071 1098 3125 οὕτω
1165 3071 1273 3141 γὰρ
1332 3069 1524 3123 καὶτὰ
1562 3069 1710 3122 κακὰ
1751 3069 1817 3122 ἐκ
1856 3069 1956 3138 τῆς

371 3166 672 3238 ἀπορροίας
723 3165 893 3234 αὐτῆς
951 3159 1090 3217 εἶναι
1146 3162 1310 3232 λέγω.
1341 3157 1414 3215 Ὦ
1435 3161 1577 3231 φίλε,
1623 3163 1674 3214 εί
1729 3160 1956 3232 ἐμποιος

1377 331 1903 396 BIBLIOTHECA.
1944 352 2014 363 -
2051 325 2213 386 COD.
2253 319 2603 381 CCXXXVI.

1405 468 1594 520 ποιεῖ’
1641 463 1730 517 διὰ
1769 460 1928 514 τοῦτο

2068 433 2172 488 uod
2223 431 2386 486 sitmn
2438 429 2614 482 estin
2664 421 3128 479 snbministrando
3178 428 3233 475 et
3271 429 3609 490 suggerendo

3454 291 3610 376 ttat”

2027 523 2202 597 [hisce
2234 518 2574 590 hominibus]
2610 525 2666 570 ut
2691 515 2894 570 faciant
2923 514 3080 567 mala.
3109 513 3203 567 Est
3228 514 3371 568 enim
3407 523 3463 567 et
3495 514 3612 583 ipse

2029 617 2226 678 malus,
2250 615 2321 669 ob
2343 629 2405 668 ea
2441 626 2561 682 qua!
2592 610 2763 675 facit;
2795 616 3081 677 propterea
3113 607 3255 660 enim
3290 605 3464 658 malus
3491 621 3614 660 esse

2034 711 2252 768 dicitur,
2299 706 2442 777 quod
2476 704 2547 759 sit
2584 711 2774 756 auctor
2815 698 3101 752 malorum.
3143 697 3273 764 Qum
3314 712 3442 750 vero
3475 697 3601 767 quis

2038 798 2202 861 facit,
2244 797 2426 851 isnon
2461 801 2546 846 est
2575 790 2630 845 id
2687 791 2860 858 ipsum
2910 786 3052 854 quod
3104 783 3253 847 facit,
3303 783 3396 836 sed
3443 781 3614 848 ipsius

2027 886 2318 954 operatio,
2377 884 2519 935 unde
2576 881 2692 948 ipse
2741 889 2934 929 nomen
2978 873 3104 928 mali
3152 873 3251 927 sibi
3299 870 3611 940 acquisivit.

2031 977 2244 1032 Etenim
2277 975 2320 1029 si
2350 974 2522 1040 ipsum
2554 985 2673 1024 esse
2704 965 3005 1020 dixerimus
3038 965 3089 1016 id
3123 963 3266 1031 quod
3299 962 3452 1024 facit,
3483 959 3615 1013 facit

2034 1079 2212 1121 autem
2253 1066 2451 1128 caedes,
2495 1060 2760 1114 adulteria
2802 1068 2854 1112 et
2895 1058 2997 1110 hoc
3038 1070 3208 1124 genus
3247 1053 3467 1116 similia,
3513 1050 3620 1104 erit

2035 1161 2150 1228 ipse
2178 1159 2291 1210 lucc
2327 1154 2472 1227 [quae
2502 1150 2676 1221 facit].
2711 1150 2766 1204 Si
2808 1159 2988 1203 autem
3022 1156 3104 1198 est
3137 1147 3252 1213 ipse
3287 1145 3422 1205 haec,
3457 1145 3622 1196 habet

2038 1266 2192 1305 suum
2229 1262 2370 1312 esse,
2412 1247 2630 1315 quando
2661 1245 2818 1305 fiunt,
2855 1239 3070 1310 quando
3107 1248 3287 1292 autem
3315 1252 3420 1290 non
3455 1235 3614 1297 ﬁunt,

2037 1343 2202 1398 etiam
2239 1341 2355 1408 ipse
2377 1353 2497 1392 esse
2533 1335 2751 1390 desinit.
2787 1333 2952 1388 Fiunt
2977 1341 3158 1386 autem
3190 1331 3304 1384 haec
3338 1329 3406 1380 ab
3439 1327 3622 1382 homi-

2039 1434 2231 1498 nibus;
2271 1430 2522 1484 homines
2551 1441 2680 1496 ergo
2713 1434 2874 1479 erunt
2916 1424 3108 1477 horum
3151 1428 3432 1484 auctores,
3471 1426 3525 1495 et
3567 1427 3626 1469 ut

2039 1526 2167 1588 sint,
2195 1521 2278 1575 vel
2301 1537 2406 1574 non
2431 1520 2560 1582 sint,
2587 1529 2783 1572 causae.
2812 1514 2976 1584 Atqui
2999 1515 3040 1568 si
3068 1514 3138 1567 ob
3163 1526 3226 1565 ea
3249 1526 3368 1579 qua:
3393 1510 3626 1578 quisque

2042 1616 2193 1678 facit,
2217 1612 2388 1667 malus
2413 1622 2526 1678 est;
2559 1626 2679 1679 quae
2700 1619 2879 1662 autem
2905 1607 3034 1660 facit
3055 1603 3378 1673 principinnt
3400 1602 3626 1666 habent,

2044 1721 2173 1775 ergo
2196 1705 2359 1773 coepit
2385 1713 2440 1758 et
2467 1703 2554 1757 ille
2580 1717 2701 1756 esse
2730 1700 2924 1764 malus,
2951 1710 3005 1753 et
3025 1705 3303 1766 coeperunt
3329 1710 3465 1749 esse.
3514 1696 3627 1760 ipsa

2050 1814 2264 1867 quoque
2301 1797 2463 1850 mala.
2515 1795 2666 1861 Quod
2708 1794 2752 1848 si
2795 1806 2981 1846 verum
3028 1799 3144 1852 est,
3193 1802 3325 1856 ergo
3371 1802 3530 1840 nemo
3563 1785 3630 1838 ab

1971 1915 2016 1973 Β
2047 1900 2249 1944 αξιοι-ιιο
2271 1888 2466 1951 malus,
2485 1901 2658 1955 neque
2680 1894 2882 1939 acterna
2909 1883 3022 1937 sive
3045 1879 3282 1950 ingenita
3309 1889 3438 1931 sunt
3461 1877 3627 1930 mala.

2119 1981 2430 2044 Enimvero,
2476 1978 2670 2043 amice,
2699 1985 3022 2046 praesentem
3061 1974 3277 2042 quidem
3309 1970 3620 2038 disputatio.

2043 2087 2166 2125 nem
2197 2071 2329 2123 mihi
2361 2078 2548 2124 contra
2569 2068 2733 2120 alium
2753 2065 3111 2135 opportunius
3133 2060 3337 2116 videris
3364 2059 3638 2113 instituis-

2044 2177 2124 2218 se.
2178 2160 2328 2216 Unde
2355 2161 2500 2216 enim
2531 2159 2620 2212 ille
2656 2159 2806 2211 visus
2847 2166 2931 2211 est
2964 2154 3232 2210 orationis
3280 2151 3634 2206 fundamenta

2046 2267 2291 2318 sumere,
2333 2253 2460 2307 inde
2493 2262 2547 2304 tu
2579 2251 2716 2305 bene
2755 2249 2903 2302 visus
2936 2246 3279 2300 concludere.
3325 2241 3465 2297 Vere
3488 2242 3637 2294 enim

2047 2345 2336 2416 disputasti
2363 2362 2377 2396 :
2408 2343 2452 2398 si
2481 2342 2706 2396 materia
2733 2339 2982 2395 informis
3007 2353 3100 2392 seu
3132 2337 3251 2390 sine
3285 2334 3639 2404 qualitatibus

2047 2436 2169 2505 fuit,
2216 2436 2537 2506 qualitatum
2587 2442 2766 2486 autem
2831 2440 3021 2485 auctor
3073 2430 3252 2494 Deus;
3305 2426 3447 2480 mala
3511 2437 3668 2479 verc‘

2049 2531 2344 2600 qualitates
2399 2530 2529 2593 sint,
2567 2527 2832 2580 malorum
2869 2539 2998 2593 ergo
3039 2521 3290 2578 conditor
3335 2519 3475 2574 Deus
3511 2518 3638 2571 erit.

2051 2625 2122 2677 At
2184 2622 2315 2676 mihi
2365 2621 2560 2674 falsum
2595 2619 2827 2682 videtur,
2876 2615 3162 2670 materiam
3214 2611 3500 2666 informem
3545 2623 3640 2663 seu

2055 2717 2174 2767 sine
2223 2711 2579 2781 qualitatibus
2626 2722 2774 2762 esse.
2836 2705 2912 2759 De
2951 2704 3093 2758 nulla
3141 2704 3284 2757 enim
3337 2698 3643 2754 substantia

2053 2803 2230 2874 possis
2259 2802 2529 2855 allirmare
2553 2799 2702 2852 illam
2747 2797 3032 2850 informem
3062 2807 3207 2849 esse.
3232 2791 3373 2857 Quin
3395 2790 3496 2844 hoc
3529 2788 3647 2856 ipso
3713 2807 3720 2813 -

2053 2897 2196 2965 quod
2239 2893 2524 2948 informem
2574 2889 2828 2960 appellat,
2860 2887 3175 2956 qualitatem
3225 2883 3341 2950 ejus
3375 2881 3644 2944 declarat,

2055 2999 2111 3044 et
2157 2988 2332 3056 qualis
2383 2985 2614 3038 materia
2666 2984 2740 3036 sit
2789 2980 3078 3045 describit,
3114 2978 3258 3046 quod
3305 2984 3390 3029 est
3440 2972 3649 3040 species

2057 3079 2359 3148 qualitatis.
2397 3077 2600 3142 Quare,
2639 3075 2688 3130 si
2725 3073 2820 3128 tibi
2846 3073 3042 3141 placet,
3068 3069 3227 3121 altius
3261 3065 3443 3120 ordire
3473 3063 3652 3130 dispu—

2056 3172 2338 3226 tationem.
2390 3168 2521 3224 ΜΗιί
2574 3167 2718 3222 enim
2761 3164 2984 3218 materia
3008 3161 3296 3232 qualitates
3347 3156 3417 3210 ab
3447 3164 3652 3208 αξιοι*ηο

375 3257 444 3332 ἦν
487 3263 740 3332 ἀνάρχως
779 3261 813 3329 ὴ
880 3258 1001 3327 ὕλη,
1048 3257 1196 3320 τίνος
1245 3255 1355 3328 ἄρα
1407 3254 1624 3309 ἔσταιη
1664 3254 1896 3326 ποιητὴς
1929 3255 1955 3307 ὁ

2063 3263 2265 3318 habere
2313 3260 2547 3313 videtur.
2608 3256 2686 3310 Ita
2718 3256 2936 3324 quippe,
2989 3268 3022 3308 o
3059 3252 3255 3316 amice,
3299 3257 3355 3304 et
3395 3247 3532 3300 mala
3583 3261 3652 3300 ex

377 3353 541 3418 Θεός;
565 3353 675 3405 εἴτε
701 3350 808 3420 γὰρ
846 3350 1036 3412 οὐσίας
1069 3349 1323 3419 ἐροῦμεν,
1357 3346 1602 3419 προεῖναι
1623 3363 1826 3417 φαμενο
1847 3348 1955 3400 εἴτε

2067 3352 2258 3406 eodem
2302 3348 2454 3404 fonte
2500 3360 2823 3417 promanare
2868 3355 3090 3396 assero.
3149 3339 3206 3392 Si
3263 3335 3490 3392 materia
3541 3334 3655 3389 suis

380 3445 448 3502 αὖ
519 3444 805 3511 ποιότητος
841 3479 858 3506 ,
927 3442 1026 3495 καὶ
1080 3439 1253 3504 αὐτὰς
1291 3440 1335 3472 ¹⁷
1390 3439 1660 3509 ὑπάρχειν
1708 3437 1963 3506 λέγομεν.

383 3537 593 3590 Οὐκοῦν
622 3533 745 3606 [501
807 3533 901 3606 Η.]
944 3532 1133 3595 οὐσίας
1182 3548 1242 3584 τε
1299 3530 1469 3602 οὕσης
1511 3529 1608 3583 καὶ
1665 3529 1968 3597 ποιοτήτων

385 3627 638 3697 περιττὸν
659 3621 798 3680 εἷναί
825 3643 915 3696 μοι
944 3625 1090 3678 δοκεῖ
1109 3621 1442 3695 δημιουργὸν
1471 3622 1649 3690 λέγειν
1682 3620 1774 3674 τὸν
1810 3619 1966 3679 Θεόν,

2070 3441 2260 3496 ιιίῐοειιι
2286 3439 2642 3510 qualitatibus
2665 3439 2732 3489 ab
2751 3444 2956 3488 aeterno
2982 3433 3106 3496 fuit,
3131 3429 3285 3496 cujus
3309 3427 3415 3482 erit
3441 3437 3655 3480 creator

2065 3533 2211 3588 Deus
2254 3533 2278 3586 ‘I
2327 3531 2455 3584 Sive
2504 3530 2649 3582 enim
2702 3524 3042 3582 substantias
3089 3521 3385 3575 dixerimus
3418 3528 3652 3577 creatas,

2070 3623 2405 3678 aﬂirmamus
2435 3621 2558 3676 illas
2581 3621 2692 3690 jam
2721 3626 2852 3674 ante
2888 3615 3054 3670 fuisse
3084 3629 3101 3678 ;
3149 3613 3264 3666 sive
3298 3624 3487 3664 rursus
3523 3622 3657 3677 qua-

387 3723 578 3787 litatis,
631 3727 690 3774 et
753 3719 872 3774 illas
935 3717 1191 3772 exsitisse
1231 3715 1550 3772 asserimus.
1594 3713 1735 3786 Ergo
1812 3723 1868 3769 et
1911 3716 2228 3772 substantiae
2288 3725 2344 3771 et
2395 3713 2715 3784 qualitatum
2781 3709 3114 3765 conditorem
3171 3715 3416 3758 asserere
3483 3702 3654 3755 Deum

388 3828 848 3885 supervacaneum
917 3813 1050 3867 mihi
1098 3812 1338 3866 videtur.

472 3909 612 3963 Ἀλλ’
642 3909 936 3980 ἀπόκριναι
965 3907 1342 3979 ἐρωτώμενος,
1364 3908 1470 3959 τίνι
1497 3905 1687 3976 τρόπῳ
1716 3905 1972 3975 δημιουρ-

386 4002 488 4069 γὸν
522 3999 661 4057 εἶναι
714 4003 819 4074 φῂς
847 4002 939 4056 τὸν
993 4001 1147 4064 Θεὸν,
1211 4000 1440 4070 πότερον
1491 3999 1574 4064 ὅτι
1633 3997 1731 4061 τὰς
1783 3997 1970 4062 οὐσίας

392 4095 620 4163 ἔτρεψεν
672 4093 887 4156 ἐκείνας
939 4093 1020 4154 εἰς
1077 4090 1138 4143 τὸ
1201 4090 1398 4161 μηκέτι
1453 4088 1753 4158 ὑπάρχειν,
1811 4087 1972 4159 αἵπερ

393 4183 535 4256 ἦσάν
586 4185 794 4256 ποτε,ῆ
826 4185 908 4238 ὅτι
935 4183 1035 4246 τὰς
1082 4183 1186 4253 μὲν
1235 4181 1423 4244 οὐσίας
1490 4178 1746 4248 ἐφύλαξε,
1791 4180 1890 4242 τὰς
1918 4180 1976 4232 δὲ

400 4279 690 4350 ποιότητας
716 4276 894 4331 αὐτῶν
941 4275 1205 4347 ἐτρεψενς
1233 4273 1367 4326 Οὕτι
1427 4290 1517 4342 μοι
1563 4273 1711 4325 δοκεῖ
1733 4273 1976 4342 ἀλλαγὴν

399 4371 597 4424 οὐσιῶν
651 4370 956 4438 γεγονέναι,
1012 4367 1150 4420 ἀλλὰ
1202 4367 1362 4436 μόνον
1391 4367 1716 4434 ποιοτήτων,
1753 4363 1876 4417 καθ’
1910 4365 1978 4427 ἃς

401 4462 735 4533 δημιουργὸν
793 4457 933 4515 εἷναι
989 4461 1222 4528 λέγομεν
1250 4459 1342 4511 τὸν
1391 4457 1556 4512 Θεόν·
1591 4459 1687 4511 καὶ
1728 4457 1977 4528 ῶσπερ¹⁸

2147 3903 2254 3958 Sed
2285 3903 2650 3970 interrogatus
2703 3895 2972 3965 responde
3024 3911 3038 3947 :
3073 3891 3189 3958 Qua
3251 3891 3461 3945 ratione
3491 3888 3658 3942 Deum

2077 4005 2378 4051 creatorem
2403 4008 2524 4046 esse
2551 3990 2708 4052 dicis,
2741 4001 2808 4041 an
2835 3986 2975 4054 quod
3023 3983 3377 4047 substantias,
3407 3993 3528 4048 qua:
3557 3976 3661 4030 ali-

2078 4090 2294 4158 quando
2345 4085 2582 4146 fnerunt,
2632 4082 2685 4158 in
2751 4079 2976 4134 nihilum
3027 4075 3344 4146 redegerit?
3394 4088 3461 4126 an
3517 4069 3660 4139 quod

2081 4178 2414 4236 subatantias
2462 4174 2679 4245 quidem
2711 4168 3066 4230 conservarit,
3113 4165 3208 4222 sed
3247 4163 3536 4234 qualitates
3565 4175 3662 4213 ea-

2079 4287 2199 4326 rum
2231 4270 2453 4324 mutarit
2480 4267 2504 4321 Ἰ
2546 4264 2702 4320 Nulla
2733 4263 2862 4316 mihi
2885 4261 3101 4316 videtur
3129 4257 3528 4313 subtantiarum
3549 4247 3669 4306 mu-

2083 4363 2215 4417 tatio
2245 4360 2411 4422 facta,
2445 4357 2540 4411 sed
2569 4364 2775 4409 tantum
2826 4351 3021 4420 306!)
3062 4347 3402 4416 qualitatum,
3437 4357 3666 4413 quarum

2085 4467 2244 4508 causa
2276 4449 2605 4506 creationem
2633 4458 2754 4500 esse
2772 4442 2938 4498 Deum
2977 4433 3456 4494 asseveramus.Et
3481 4438 3670 4503 quem-

406 4527 621 4626 si-ctixoi
650 4527 850 4622 *λέγειν
874 4555 939 4606 ἐκ
970 4527 1134 4605 λίθων
1167 4551 1345 4605 οἰκίαν
1374 4549 1684 4617 γεγονέναι.
1717 4551 1802 4617 ἐφ’
1830 4527 1955 4603 ’θίῶι

2089 4543 2376 4602 admodum
2425 4540 2472 4595 si
2533 4537 2660 4607 quis
2721 4535 2889 4599 dicat,
2909 4548 2978 4588 ex
3003 4529 3274 4599 lapidibus
3327 4527 3524 4581 factam
3553 4540 3673 4580 esse

407 4650 508 4700 οὐκ
571 4647 777 4699 ἔνεστιν
825 4646 999 4698 εἰπεῖν
1032 4643 1106 4706 ὡς
1137 4643 1318 4696 οὐκέτι
1348 4641 1486 4694 λίθοι
1535 4641 1758 4710 μένουσι
1797 4642 1862 4710 τῇ
1892 4641 1984 4692 οὐ·

413 4738 504 4806 σία
548 4735 696 4789 οἰκία
727 4736 1010 4806 λεγόμενοι
1041 4734 1091 4786 οί
1113 4732 1252 4785 λίθοι
1297 4733 1384 4801 (τῇ
1421 4731 1531 4802 γὰρ
1584 4729 1833 4800 ποιότητι
1883 4729 1985 4798 τῆς

414 4827 718 4890 συνθέσεως
770 4827 870 4896 τὴν
926 4825 1106 4880 οἰκίαν
1155 4824 1437 4894 γεγονέναι
1493 4822 1683 4893 φημὶ),
1727 4822 1872 4875 οὕτω
1897 4839 1988 4890 μοι

412 4919 559 4971 δοκεῖ
587 4915 789 4969 καὶτὸν
815 4916 970 4980 Θεὸν,
995 4913 1377 4983 ὑπομενούσης
1398 4914 1500 4981 τῆς
1541 4911 1751 4977 οὐσίας,
1774 4911 1988 4982 τροπήν

414 5025 536 5060 τινα
590 5006 698 5059 τῶν
752 5006 1053 5076 ποιοτήτων
1092 5004 1262 5074 αὐτῆς
1315 5003 1698 5074 πεποιηκέναι,
1760 5001 1881 5055 καθ’
1926 5003 1992 5071 ἣν

417 5101 516 5170 τὴν
544 5100 696 5153 τοῦδε
717 5100 811 5152 τοῦ
834 5099 1039 5168 κόσμου
1063 5099 1278 5166 γένεσιν
1303 5096 1439 5167 πρὸς
1456 5094 1551 5149 τοῦ
1597 5094 1733 5149 Θεοῦ
1772 5095 1996 5162 γεγονέ-

421 5208 508 5243 ναι
560 5208 633 5260 φη
644 5189 724 5260 μί.
765 5190 997 5258 Πότερον
1041 5187 1136 5241 καὶ
1160 5187 1246 5239 σοὶ
1266 5186 1414 5239 δοκεῖ
1441 5184 1509 5238 τὰ
1535 5185 1680 5237 κακὰ
1708 5184 1995 5253 ποιότητες

421 5283 620 5336 οὐσιῶν
660 5277 840 5349 alvei;
896 5283 1076 5335 Δοκεῖ.
1113 5277 1355 5333 ’Δνωθεν
1385 5277 1441 5329 δέ
1464 5272 1605 5346 ἦσαν
1635 5277 1690 5328 αἱ
1715 5276 2014 5345 ποιότητες.

2093 4642 2334 4700 domum,
2363 4635 2431 4688 de
2460 4632 2656 4702 quibus
2694 4643 2800 4682 non
2829 4625 2964 4680 solet
2991 4623 3123 4685 dici,
3152 4619 3294 4691 quod
3336 4618 3514 4672 adhuc
3545 4615 3674 4672 sub.

2093 4730 2292 4786 stantia
2329 4731 2585 4781 maneant
2626 4719 2849 4790 lapides,
2881 4717 2976 4770 sed
3018 4714 3221 4782 lapides
3263 4711 3455 4764 domus
3488 4708 3677 4762 dicun-

2099 4832 2203 4876 tur:
2220 4833 2344 4874 nam
2371 4832 2436 4873 ex
2465 4815 2786 4886 qualitatum
2819 4806 3215 4877 compositione
3237 4804 3454 4856 domum
3478 4800 3676 4854 factam

2097 4914 2220 4969 dico
2249 4929 2264 4966 :
2311 4912 2386 4965 ita
2415 4921 2616 4963 censeo
2639 4905 2830 4966 Deum,
2865 4909 3116 4954 manente
3141 4893 3471 4959 substantia,
3503 4899 3680 4945 muta-

2099 5008 2301 5058 tionem
2339 4999 2630 5068 quamdam
2687 4993 3008 5064 qualitatum
3054 4987 3285 5052 fecisse,
3319 4983 3474 5052 cujns
3516 4993 3680 5035 causa

2103 5094 2362 5150 mundum
2388 5091 2532 5145 hunc
2553 5105 2582 5142 a
2604 5089 2713 5142 Deo
2733 5091 3074 5154 procreatum
3092 5092 3214 5135 esse
3234 5075 3460 5132 alIirmo.
3489 5072 3685 5125 Viden-

2104 5197 2261 5244 turne
2290 5184 2386 5238 tibi
2414 5196 2628 5251 quoqne
2658 5179 2820 5240 mala,
2853 5173 3277 5230 substantiarnm
3307 5179 3428 5223 esse
3451 5160 3684 5234 qualita-

2110 5276 2234 5332 tes?
2267 5275 2545 5330 Videntur.
2585 5270 2899 5326 Fueruntue
2929 5265 3011 5318 hae
3035 5261 3326 5333 qualitates
3363 5256 3430 5310 ab
3461 5261 3685 5316 aeterno,

1730 5413 1968 5468 VABIAE
1997 5410 2400 5468 LECTIONES.

502 5540 522 5572 '
552 5538 744 5611 κακός]
773 5537 918 5611 κακά
941 5540 1007 5592 A.
1064 5537 1110 5611 ,⁸
1140 5533 1330 5611 κακός]
1362 5533 1530 5611 κακρῦ
1560 5533 1670 5611 A_B.
1741 5532 1762 5562 θ
1793 5533 1945 5611 ἒ-σται
1976 5544 2084 5609 om:
2121 5527 2230 5581 AB.
2303 5526 2352 5605 1°
2377 5524 2582 5610 τούτων
2606 5537 2714 5611 Oli);
2739 5520 2848 5600 AB_.
2903 5511 2940 5549 ¹¹
2971 5514 3189 5611 “co-AB:
3221 5514 3311 5566 τόν
3345 5528 3405 5574 ς.

1221 5607 1264 5636 ¹³
1297 5581 1527 5675 ποιητῆς
1551 5604 1659 5655 τῶν
1689 5602 1872 5655 κακῶν
1895 5603 1960 5660 A,
2013 5598 2122 5650 τῶν
2175 5596 2362 5650 κακῶν
2392 5595 2618 5662 ποιητής
2664 5591 2703 5642 Β
2733 5608 2746 5642 :
2774 5589 2881 5642 τῶν
2911 5586 3096 5648 κακῶς
3148 5584 3300 5637 ἔσται
3358 5581 3587 5647 ποιητής
3622 5593 3684 5640 ς.

1221 5675 1404 5720 uia-mu
1432 5677 1491 5720 Α-
1527 5674 1755 5720 ἐνὰονου
1784 5673 1846 5720 C.
1937 5672 1979 5702 ¹⁶
1999 5670 2152 5720 ἔσται
2179 5683 2289 5720 οιιι.
2325 5663 2432 5718 AB.
2510 5664 2548 5694 "
2575 5662 2742 5720 αὐτάς
2769 5659 2857 5712 AB
2895 5677 2908 5712 :
2935 5656 3137 5718 ταύτας
3165 5671 3225 5717 ς’.
3286 5651 3328 5685 ’⁸
3356 5653 3446 5706 καὶ
3476 5643 3684 5719 ὥσπερ]

2031 5685 2152 5722 σται
2179 5683 2289 5721 Olli.
2325 5683 2432 5718 AD.

431 5612 635 5736 τῂἶὲυνιι
664 5608 900 5732 migra»:
931 5625 1012 5678 pr.
1047 5608 1112 5660 A.
1221 5608 1264 5690 ‘3'
1297 5608 1659 5688 ποιητήςτῶν
1689 5608 1846 5689 κακῶ

565 5700 680 5748 γειν
710 5685 747 5732 A
803 5720 816 5734 .
892 5681 919 5744 ,δ
948 5674 1140 5749 ἄρχορ]
1170 5678 1404 5749 ἀναρχου
1430 5677 1492 5738 A,
1527 5690 1755 5743 εναρχου
1784 5673 1846 5726 (λ.

436 5745 643 5824 καίπερ
664 5751 769 5806 AB.
848 5749 891 5781 ¹⁹
927 5745 1154 5817 ἐφ”λϐἶ
1186 5745 1287 5814 ἁφί
1317 5764 1375 5808 ς.

3469 5511 3511 5541 ¹¹
3538 5523 3690 5561 ποιοο

2510 5643 2548 5694 l"
2575 5643 2742 5724 α’ὐτάς
2769 5659 2857 5712 AB
2895 5677 2908 5712 :
2935 5643 3137 5718 ταύτας
3165 5671 3225 5717 ς’.
3286 5651 3328 5685 ³⁸
3356 5653 3446 5706 καὶ
3476 5643 3692 5719 ὥσπερ]
