3964 6246
279 299 410 365 1157

1337 283 1857 351 BIBLIOTHECA.
1887 304 1954 316 -
1980 279 2146 340 COD.
2176 273 2524 338 CCXXXVI.

3403 261 3544 331 1158

278 414 526 468 τουτέστι
571 410 700 482 πρὶν
723 409 768 442 ⁸⁸
805 409 872 462 τά
904 407 1053 462 ἀπλᾶ
1111 405 1408 459 συνελθεῖν.
1446 405 1506 456 Εἰ
1531 403 1589 456 δὲ
1617 398 1688 472 ἦν
1729 414 1860 452 ποτε

1986 394 2208 447 nateria.
2255 390 2566 461 Composita
2607 396 2786 442 autem
2820 401 2885 443 ex
2921 383 3264 456 simplicibus
3290 395 3546 439 constant

276 505 470 574 καιρὸς
499 504 589 558 ὅτε
614 505 650 574 η
685 501 788 572 ὕλη
815 501 914 554 οὐκ
957 495 1048 570 ἦν.
1076 498 1178 552 οὐκ
1219 493 1290 569 ἦν
1311 496 1369 549 δέ
1397 512 1527 548 ποτε
1559 492 1746 563 καιρὸς
1769 491 1857 544 ὅτε

279 595 546 664 ἀγένητον
587 593 689 647 οὐκ
731 589 820 664 ἦν,
857 593 960 644 οὐκ
1013 591 1123 660 ἄρα
1167 588 1321 642 ἔσται
1366 585 1686 657 ἀγένητοςὴ
1719 581 1817 650 ὕλη
1842 597 1857 612 σ

279 681 340 734 τὸ
365 682 410 734 δ’
438 679 690 735 ἐντεῦθεν
744 683 854 751 ἄρα
884 679 1035 732 ἔσται
1063 677 1236 732 πολλά
1285 678 1353 732 τά
1381 676 1641 745 ἀγένητα.
1671 673 1734 726 El
1755 672 1860 742 7&9

280 769 350 843 ἦν
380 774 645 846 ἀγένητος
694 775 723 827 ὁ
772 773 926 836 Θεὸς,
957 766 1027 842 ἦν
1055 771 1112 823 δὲ
1140 771 1382 839 ἀγένητα
1415 769 1510 822 καὶ
1539 767 1609 820 τά
1632 765 1781 821 ἁπλᾶ
1804 763 1865 828 ἐξ

280 859 353 918 ὧν
383 867 418 937 η
456 863 558 935 ὕλη
586 863 865 934 συνετέθη,
919 863 1022 915 οὐκ
1069 861 1175 932 ἄρα
1210 861 1365 914 ἔσται
1391 859 1436 891 ³⁵
1480 858 1575 911 δύο
1599 857 1693 910 καὶ
1729 855 1865 926 μόνα

281 957 350 1011 τά
378 956 648 1027 ἀγένητα,
674 957 764 1010 ἶνα
788 956 1024 1026 παρήσω
1041 955 1101 1006 τὸ
1123 951 1528 1023 ὲπιζητῆσαιτί
1559 951 1687 1002 ὄντα
1718 949 1864 1002 ἐστὶν

281 1047 458 1113 ἀπλᾶξ
493 1044 593 1116 ὕλη
620 1045 654 1116 ἢ
677 1040 820 1107 εἶδος
850 1059 864 1074 ⁸
894 1042 1066 1096 πολλά
1084 1041 1192 1112 γάρ
1216 1043 1310 1096 καὶ
1334 1039 1507 1102 οὕτως
1535 1039 1711 1094 ἄτοπα
1742 1038 1865 1090 ἀκο-

281 1137 630 1206 λουθήσειαν.

1960 493 2018 540 ει
2048 482 2372 539 subsistunt.
2409 481 2541 534 Erat
2571 478 2856 548 aliquando
2892 492 3016 531 cum
3043 473 3270 530 materia
3316 486 3422 526 non
3453 484 3547 525 es-

1961 585 2086 644 set,
2133 580 2239 632 hoc
2286 583 2389 638 est,
2421 583 2710 644 antequam
2754 569 3022 641 simplicia
3066 573 3548 638 componerentur.

1965 670 2021 726 Si
2046 685 2174 725 vero
2201 669 2303 723 fuit
2327 667 2620 738 aliquando
2648 675 2878 733 tempus,
2895 677 2999 731 qua
3025 661 3251 717 materia
3276 673 3380 713 non
3404 656 3544 712 fuit:

1965 776 2070 815 non
2103 759 2205 814 fuit
2237 768 2421 814 autem
2449 771 2686 826 unquam
2721 763 2938 824 tempus
2958 768 3069 823 quo
3099 751 3398 824 ingenitum
3441 762 3548 802 non

1963 864 2080 908 erat
2115 871 2130 908 :
2167 868 2270 908 non
2317 852 2426 908 erit
2455 865 2585 921 ergo
2633 849 2868 920 ingenita
2897 847 2990 920 [ab
3021 843 3246 915 aeterno]
3299 841 3552 897 materia.

1965 945 2082 1000 Hoc
2139 956 2320 1000 autem
2355 945 2482 999 hinc
2513 951 2774 1012 sequetur
2805 941 2968 994 multa
3018 939 3136 993 fore
3168 937 3406 1007 ingenita
3439 954 3452 988 :
3501 934 3548 988 si

1971 1041 2114 1095 enim
2175 1039 2315 1092 Deus
2363 1037 2658 1107 ingenitus,
2698 1043 2755 1088 et
2787 1041 2945 1088 erant
2986 1031 3257 1101 simplicia
3288 1026 3550 1098 ingenita,

1966 1147 2034 1188 ex
2073 1132 2266 1202 quibus
2294 1130 2519 1184 materia
2551 1127 2847 1196 composita
2872 1135 2976 1191 est,
3004 1140 3109 1179 ιιοιι
3133 1130 3291 1178 erunt
3323 1118 3555 1189 amplius

282 1238 388 1290 duo
416 1244 470 1289 et
500 1233 614 1288 sola
647 1231 907 1301 ingenita,
951 1237 1008 1284 ut
1037 1227 1448 1298 praetermittam
1472 1240 1716 1296 quaerere
1737 1225 1866 1296 quid
1906 1225 2110 1283 fuerint
2183 1227 2273 1281 illa
2337 1223 2627 1296 simplicia,
2688 1218 2914 1274 materia
2992 1231 3060 1269 an
3112 1213 3308 1268 forma.
3384 1210 3551 1266 Multa

282 1327 426 1382 enim
455 1334 512 1382 et
537 1325 664 1379 hinc
709 1324 948 1377 absurda
979 1329 1303 1390 sequentur.

353 1421 514 1472 Δοκεῖ
540 1417 599 1472 δέ
629 1434 713 1471 σοι
763 1415 934 1486 μηδὲν
960 1414 1066 1468 τῶν
1110 1413 1280 1466 ὅντων
1333 1411 1466 1465 αὐτὸ
1509 1409 1687 1481 ἑαυτῷ
1717 1411 1867 1465 ἀντι-

283 1508 535 1574 κεῖσθαι;
563 1508 742 1562 Δοκεῖ.
782 1505 1108 1558 Ἀντίκειται
1131 1503 1188 1557 δὲ
1218 1501 1296 1572 τῷ
1322 1503 1456 1572 πυρὶ
1486 1502 1548 1555 τὸ
1581 1501 1748 1572 ὕδωρ,
1778 1502 1870 1555 καὶ

282 1601 364 1672 τῷ
395 1600 540 1668 φωτὶ⁹
597 1586 659 1652 τὸ
703 1599 917 1660 σκότος,
950 1597 1046 1650 καὶ
1073 1595 1152 1667 τῷ
1196 1595 1391 1667 ψυχρῷ
1427 1597 1489 1650 τὸ
1515 1596 1738 1667 Θερμὸν,
1774 1597 1870 1651 καὶ

282 1688 365 1759 τῷ
404 1687 554 1760 ξηρῷ
577 1689 640 1742 τὺ
665 1687 862 1756 ὑγρόν;
892 1684 1080 1747 Οὕτως
1103 1685 1247 1755 ἔχειν
1276 1703 1364 1757 μοι
1385 1686 1429 1718 ³⁸
1458 1686 1628 1740 δοκεῖ.
1659 1686 1868 1740 υύκοῦν

283 1783 336 1833 εἰ
369 1781 538 1851 μηδὲν
579 1777 688 1833 τῶν
730 1778 902 1832 ὄντων
945 1777 1077 1832 αὐτὸ
1121 1775 1298 1848 ἑαυτῷ
1359 1776 1682 1840 ἀντίκειται,
1709 1778 1872 1848 ἀλλή-

285 1872 400 1934 λοις
421 1872 479 1925 δὲ
534 1871 706 1924 ταῦτα
751 1871 1056 1926 ἀντίκειται
1077 1871 1143 1936 ³⁷,
1199 1871 1300 1924 ούκ
1358 1869 1570 1923 ἔσονται
1609 1868 1710 1940 ὕλη
1749 1871 1867 1942 μία,

285 1965 409 2019 οὐδὲ
438 1962 545 2035 μὴν
570 1962 632 2028 ἐξ
659 1961 791 2034 ὕλης
821 1964 972 2031 μιᾶς.

360 2065 532 2120 Πάλιν
565 2063 623 2116 δὲ
644 2062 911 2116 πυθέσθαι
965 2061 1230 2133 βούλομαι
1255 2078 1269 2093 ο
1323 2065 1483 2117 Δοκεῖ
1508 2080 1592 2116 σοι
1622 2063 1690 2116 τὰ
1731 2066 1873 2132 μέρη

288 2156 369 2226 μὴ
386 2152 714 2224 ἀναιρετικά
760 2153 1009 2224 ἀλλήλων
1055 2149 1235 2217 εἴναι;
1293 2156 1470 2209 Δοκεῖ.
1503 2149 1657 2208 Εἶναι
1691 2155 1748 2209 δὲ
1771 2157 1872 2224 τῆς

289 2247 427 2317 ὕλης
459 2247 625 2316 μέρος
653 2244 716 2298 τό
743 2260 803 2296 τε
832 2242 944 2315 πῦρ
978 2243 1075 2297 καὶ
1103 2243 1164 2297 τὸ
1189 2243 1356 2317 ὕδωρ,
1379 2244 1641 2309 ὡσαύτως
1677 2245 1736 2300 δὲ
1777 2246 1872 2299 καὶ

287 2340 357 2392 τὰ
379 2336 576 2404 λοιπάς
607 2337 793 2400 Οὕτως
824 2335 952 2407 ἔχω.
994 2337 1061 2389 Τί
1098 2335 1193 2402 δέ;
1227 2337 1287 2390 ού
1336 2337 1484 2390 δοκεῖ
1507 2353 1587 2391 σοι
1611 2339 1878 2410 ἀναιρετι-

288 2431 387 2482 κὸν
417 2429 516 2499 μὲν
541 2425 682 2482 εἶναι
707 2427 802 2481 τοῦ
833 2429 1004 2498 πυρὸς
1025 2428 1087 2480 τὸ
1140 2426 1308 2499 ὕδωρ,
1340 2428 1435 2481 τοῦ
1472 2429 1529 2483 δὲ
1555 2429 1778 2494 σκότους
1815 2433 1876 2485 τὸ

289 2523 434 2591 φῶς,
463 2522 577 2575 “καὶ
620 2517 793 2575 τᾶλλα
840 2521 940 2575 ὅσα
997 2521 1211 2584 τούτοις
1261 2523 1658 2593 παραπλήσια;
1696 2525 1870 2577 Δοκεῖ.

289 2613 506 2668 υύκοῦν
541 2617 592 2667 εἰ
621 2614 690 2667 τὰ
720 2613 865 2686 μέρη
911 2613 1013 2667 οὐκ
1060 2613 1208 2667 ἔστιν
1261 2613 1506 2686 ἀλλήλων
1535 2615 1876 2687 ἀναιρετικὰ,

290 2705 471 2759 ταῦτα
495 2705 551 2758 δὲ
575 2705 903 2778 ἀναιρετικά
936 2707 1219 2776 τυγχάνει,
1263 2707 1364 2761 οὐκ
1400 2707 1510 2780 ἄρα
1542 2706 1696 2760 ἔσται
1721 2708 1765 2740 ³⁸
1787 2707 1881 2762 ἀλ-

292 2797 473 2869 λήλων
508 2797 682 2868 μέρη·
715 2799 765 2850 εἰ
789 2797 835 2850 δ’
884 2796 929 2830 ³9
970 2797 1070 2850 οὐκ
1097 2796 1249 2851 ἔσται
1286 2798 1530 2868 ἀλλήλων
1560 2799 1742 2869 ῐμέρη,
1781 2799 1882 2852 οὐκ

292 2891 514 2945 ἔσονται
543 2890 676 2962 ὕλης
708 2892 860 2961 μιᾶς.
895 2890 1057 2944 Ἀλλὰ
1088 2891 1197 2963 μὴν
1226 2891 1333 2944 οὐδ’
1358 2888 1423 2945 αὖ
1447 2891 1494 2922 ⁸ο
1520 2891 1733 2944 ἔσονται
1757 2889 1880 2961 ὕλη,

292 2986 374 3058 τῷ
446 2985 614 3057 μηδέν
663 3003 718 3039 τι
760 2985 870 3038 τῶν
903 2985 1074 3038 ὄντων
1130 2983 1262 3036 αὐτὸ
1309 2982 1506 3036 ἑαυτοῦ
1533 2984 1882 3054 ἀναιρετικὸν

294 3074 464 3134 εἶναι.
490 3078 676 3140 Οὕτως
701 3072 796 3131 οὖν
819 3077 930 3129 τῶν
963 3074 1355 3146 ἀντικειμένων
1412 3074 1669 3146 ἐχόντων,
1706 3073 1768 3127 τὸ
1803 3075 1879 3147 μὴ

293 3167 440 3226 εἶναι
471 3171 571 3242 τὴν
605 3169 741 3239 ὕλην
771 3168 1070 3222 δείκνυται.
1674 3227 1690 3242 _
1907 3169 1968 3228 Ci

370 3227 642 3330 Περίμὲν
669 3227 769 3329 τῆς
800 3257 934 3329 ὕλης
989 3258 1280 3328 αὐτάρκως
1332 3255 1444 3328 ἔχει
1465 3275 1479 3289 ·
1510 3257 1636 3329 [949
1792 3259 1885 3311 ἐπὶ

295 3353 356 3405 δὲ
372 3353 474 3422 τὴν
496 3351 604 3404 τῶν
633 3349 822 3405 κακῶν
853 3349 1103 3414 ἐξέτασιν
1139 3347 1399 3420 ἔρχεσθαι
1447 3350 1549 3413 δεῖ,
1590 3349 1688 3404 καὶ
1719 3351 1887 3417 ἀναγ-

298 3443 474 3506 καίως
501 3443 795 3512 ἀναζητεῖν
823 3440 894 3494 τά
935 3439 1087 3511 παρὰ
1129 3439 1462 3511 ἀνθρώποις.
1504 3442 1588 3496 Τὰ
1635 3441 1764 3512 παρ’
1793 3442 1910 3493 ἀν-’

298 3536 544 3609 θρώποις
591 3535 740 3589 κακά
779 3534 1008 3604 πότερον
1063 3532 1108 3563 ⁸⁸
1175 3533 1289 3604 εἴδη
1340 3534 1600 3603 τυγχάνει
1646 3533 1882 3603 κακοῦἦ

305 3632 486 3702 μέρη;
513 3630 575 3684 El
596 3631 704 3700 7&9
737 3629 875 3699 εἴδη,
899 3628 1001 3682 ούκ
1026 3626 1302 3700 ἀραὲσται
1324 3627 1515 3699 ἓτερον
1536 3627 1688 3698 παρὰ
1718 3625 1887 3680 ταῦτα

298 3725 365 3778 τὸ
389 3723 561 3777 κακὸν
597 3721 722 3775 καθ’
766 3721 919 3787 αὐτὸ,
964 3720 1044 3789 τῷ
1084 3720 1154 3774 τὰ
1192 3720 1324 3791 γένη
1349 3721 1407 3772 έν
1436 3721 1547 3781 τοῖς
1569 3719 1764 3772 εἴδεσιν
1796 3718 1886 3784 ἐξ·

301 3814 598 3878 ετάζεσθαι
621 3813 716 3866 καὶ
742 3811 1066 3882 ὑφεστάναι.
1097 3811 1162 3866 Ei
1205 3811 1262 3864 δὲ
1301 3809 1481 3875 τοῦτο,
1518 3810 1744 3881 γενητὸν
1777 3810 1889 3880 ἀρα

302 3908 458 3962 ἔσται
486 3907 531 3938 δ’
554 3903 615 3959 τὺ
643 3907 813 3960 κακόν
831 3919 847 3935 '
887 3904 956 3957 τὰ
1001 3905 1110 3975 γὰρ
1155 3902 1269 3973 εἴδη
1321 3901 1530 3970 γενητὰ
1555 3901 1684 3955 ὅντα
1707 3901 1754 3932 ’⁵³
1781 3901 1888 3956 δεί-

300 4021 522 4068 κνυται,
549 3999 661 4056 οἷον
694 4001 853 4072 φόνος
870 4002 966 4054 καὶ
998 4001 1215 4071 μοιχεία
1251 3999 1347 4052 καὶ
1372 3997 1439 4052 τὰ
1469 3997 1679 4062 τούτοις
1705 4017 1887 4069 παρα-

301 4096 534 4166 πλήσια.
559 4094 623 4147 Εἰ
638 4095 694 4147 δὲ
711 4093 852 4164 μέρη
868 4092 1014 4156 τινὸς
1040 4091 1213 4145 κακοῦ
1230 4091 1402 4146 ταῦτα
1430 4087 1570 4145 εἶναι
1601 4092 1804 4156 ἐθέλοις
1819 4092 1886 4156 ⁸⁸,

305 4191 427 4242 ἔστι
452 4189 510 4241 δὲ
526 4185 703 4241 ταῦτα
725 4185 952 4256 γενητά,
969 4187 1182 4256 ἀνάγκη
1205 4185 1427 4239 κάκεῖνο
1445 4186 1673 4257 γενητὸν
1711 4187 1890 4256 ὑπάρο

301 4297 444 4352 χειν.
485 4275 587 4334 Ὧν
612 4269 722 4349 γὰρ
771 4278 840 4332 τά
892 4279 1033 4349 μέρη
1083 4278 1289 4348 γενητὰ
1314 4276 1383 4341 ⁸³,
1410 4277 1584 4332 ταῦτα
1614 4279 1813 4348 ὁμοίως
1831 4277 1890 4343 ὲξ

301 4374 557 4444 ἀνάγκης
614 4371 730 4424 ἐστὶ
779 4370 983 4441 γενητά
1003 4385 1015 4398 ·
1059 4369 1121 4422 τὸ
1141 4369 1250 4442 γὰρ
1281 4370 1404 4425 ὅλον
1438 4371 1504 4424 ὲκ
1539 4372 1724 4442 μερῶν
1757 4388 1887 4424 συν-

2048 1409 2346 1465 Videturne
2393 1407 2488 1462 tibi
2526 1404 2660 1460 nihil
2688 1417 2877 1457 eorum
2909 1415 3026 1469 qua:
3055 1397 3346 1460 exsistunt,
3375 1396 3552 1465 ipsum

1976 1499 2077 1555 sibi
2134 1498 2233 1567 ipsi
2278 1495 2670 1551 contrarium?
2717 1493 2960 1548 Videtur.
3006 1493 3079 1543 At
3129 1489 3234 1558 igni
3279 1486 3554 1540 contraria

1974 1601 2058 1647 est
2085 1607 2223 1661 aqua
2255 1605 2270 1655 ;
2314 1600 2369 1644 et
2406 1590 2512 1643 luci
2546 1587 2784 1641 tenebrat
2816 1603 2831 1652 ;
2869 1594 2922 1640 et
2951 1581 3151 1650 frigido
3175 1580 3408 1634 calidum
3450 1593 3465 1641 ;
3499 1587 3556 1631 et

1975 1683 2130 1738 arido
2184 1681 2513 1737 humidum?
2562 1680 2689 1734 Mihi
2728 1681 2800 1732 ita
2851 1678 3083 1732 videtur.
3133 1675 3274 1745 Ergo
3319 1672 3365 1728 si
3421 1669 3556 1725 nihil

1974 1792 2164 1833 eorum
2191 1791 2312 1846 qua:
2332 1775 2602 1830 exsistunt
2631 1774 2802 1842 ipsum
2834 1771 2934 1826 sibi
2957 1768 3286 1824 contrarium
3311 1773 3413 1828 est,
3437 1765 3555 1819 haec

1978 1879 2155 1924 autem
2187 1869 2288 1923 sibi
2325 1875 2662 1937 repugnant;
2687 1879 2816 1934 ergo
2848 1878 2953 1916 non
2983 1869 3145 1915 erunt
3167 1875 3269 1913 una
3298 1857 3552 1919 materia,

1975 1975 2152 2028 neque
2182 1976 2245 2015 ex
2279 1976 2382 2014 una
2415 1959 2642 2013 materia
2677 1955 2997 2024 composita.

2044 2053 2282 2106 Rursum
2308 2051 2470 2106 velim
2507 2051 2714 2104 audire.
2753 2047 3083 2100 Videnturne
3117 2045 3208 2097 tibi
3244 2053 3424 2113 partes
3455 2040 3558 2095 sibi

1975 2152 2162 2198 mutuo
2193 2157 2388 2197 nocere
2417 2142 2440 2196 ?
2471 2140 2759 2196 Videntur.
2787 2138 3028 2194 Materia:
3070 2148 3276 2207 partem
3307 2135 3560 2205 agnoscis

1975 2251 2138 2289 unam
2190 2235 2392 2306 ignem,
2425 2234 2648 2288 alteram
2691 2247 2910 2301 aquam,
2941 2238 2994 2284 et
3030 2229 3101 2284 ita
3138 2227 3421 2298 reliquas;i
3482 2227 3557 2280 lta

1977 2342 2191 2382 censeo.
2241 2325 2384 2394 Quid
2430 2325 2594 2379 vero?
2666 2339 2770 2377 non
2823 2323 3034 2377 videtur
3064 2321 3159 2375 tibi
3196 2334 3333 2388 aqua
3363 2332 3561 2373 nocere

1978 2419 2127 2489 igni,
2178 2418 2266 2472 lux
2304 2417 2541 2472 tenebris
2570 2412 2934 2487 [adversari]
2963 2423 3018 2467 et
3070 2412 3178 2467 alia
3221 2421 3560 2480 quaecunque

1979 2519 2108 2564 sunt
2166 2510 2252 2564 his
2302 2508 2546 2562 similia?
2593 2507 2841 2561 Videtur.
2865 2503 3055 2558 Nonne
3101 2517 3251 2571 ergo,
3283 2502 3327 2557 si
3380 2509 3561 2569 partes

1980 2601 2120 2656 inter
2147 2615 2205 2656 se
2233 2601 2336 2655 sibi
2371 2612 2560 2654 mutuo
2587 2615 2691 2652 non
2713 2605 2928 2661 nocent,
2959 2597 3040 2650 hae
3071 2605 3252 2648 autem
3284 2606 3342 2646 se
3372 2601 3561 2645 mutuo

1980 2694 2274 2762 perimunt,
2301 2708 2405 2747 non
2429 2702 2590 2747 erunt
2611 2693 2750 2744 inter
2769 2705 2826 2744 se
2856 2698 3074 2758 partes:
3099 2688 3143 2741 si
3163 2697 3342 2740 autem
3365 2683 3560 2755 30717

1982 2801 2090 2842 non
2132 2794 2291 2840 erunt
2318 2795 2519 2838 mutuae
2559 2787 2703 2836 inter
2739 2797 2798 2836 se
2835 2789 3040 2849 partes,
3077 2794 3182 2833 non
3216 2786 3375 2832 erunt
3398 2775 3562 2829 unius

1982 2879 2226 2934 materiae
2259 2895 2274 2931 :
2318 2879 2426 2931 imo
2451 2892 2549 2932 nec
2572 2887 2732 2932 erunt
2759 2875 3008 2936 materia,
3033 2886 3098 2927 eo
3127 2871 3268 2941 quod
3294 2867 3430 2924 nihil
3456 2867 3562 2921 sibi

1983 2972 2082 3040 ipsi
2129 2972 2202 3027 sit
2241 2972 2578 3026 contrarium
2631 2985 2729 3025 seu
2775 2969 3021 3023 noxium.
3054 2965 3188 3020 Cum
3231 2975 3368 3033 ergo
3405 2973 3463 3014 se
3491 2961 3564 3014 ita

1984 3067 2218 3122 habeant
2247 3066 2517 3138 Opposita,
2549 3074 2694 3135 patet
2723 3063 2848 3118 inde
2868 3077 2930 3117 ea
2969 3076 3071 3116 non
3099 3071 3221 3114 esse
3255 3054 3560 3110 materiam.

2055 3277 2231 3347 Atque
2258 3276 2324 3331 de
2348 3275 2576 3330 materia
2604 3274 2739 3328 satis
2761 3273 2984 3328 dictmn.
3023 3269 3357 3326 Veniendum
3379 3275 3560 3321 autem

1988 3381 2072 3425 est
2103 3371 2168 3425 ad
2194 3370 2459 3424 malorum
2496 3366 2948 3436 disquisitionem,
2981 3372 3035 3418 et
3058 3362 3367 3418 necessario
3402 3373 3569 3414 exen-

1989 3461 2167 3516 tienda
2189 3461 2463 3515 hominum
2485 3459 2645 3514 mala.
2669 3457 2804 3511 Mala
2830 3456 3108 3511 hominum
3131 3462 3329 3509 suntne
3355 3451 3569 3522 species

1987 3549 2138 3614 mali,
2163 3564 2231 3602 an
2263 3547 2484 3618 partes?
2510 3547 2567 3602 Si
2601 3548 2812 3618 species
2837 3586 2852 3608 ,
2905 3561 3012 3599 non
3049 3545 3152 3598 erit
3173 3544 3318 3598 aliud
3343 3543 3566 3608 malum,

1989 3652 2183 3711 praeter
2244 3643 2341 3696 has
2393 3641 2621 3709 species.
2672 3637 2969 3694 sectmdum
3017 3637 3253 3706 seipsum
3305 3650 3370 3690 eo
3425 3636 3568 3704 quod

1987 3747 2184 3802 genera
2203 3732 2255 3785 in
2290 3731 2571 3800 speciebus
2595 3729 3023 3798 inquirantur,et
3045 3728 3375 3783 subsistant:
3410 3727 3453 3781 si
3471 3741 3570 3779 au-

1989 3832 2096 3877 tem
2117 3821 2216 3876 hoc
2232 3817 2559 3892 [genusest],
2582 3819 2780 3872 malum
2797 3819 2901 3871 erit
2922 3818 3183 3886 genitum:
3215 3831 3338 3870 nam
3362 3815 3572 3886 species

1989 3915 2184 3984 genita:
2217 3912 2519 3982 probantur
2547 3930 2560 3966 :
2588 3919 2648 3965 ut
2675 3921 2758 3966 est
2786 3911 2982 3976 caedes,
3017 3909 3367 3974 adulterium,
3389 3908 3572 3963 ethoc

1989 4021 2156 4072 genus
2183 4005 2402 4060 similia.
2435 4003 2495 4058 Si
2521 4012 2701 4058 autem
2731 4013 2912 4072 partes
2950 4002 3181 4071 alicujus
3205 4000 3329 4056 mali
3363 3999 3573 4070 species

1992 4101 2089 4154 has
2105 4113 2225 4154 esse
2243 4097 2399 4152 velis:
2429 4106 2558 4152 sunt
2575 4105 2753 4152 autem
2778 4097 2859 4151 hae
2884 4097 3078 4168 genitae
3104 4113 3118 4151 :
3149 4109 3373 4151 necesse
3391 4094 3494 4149 erit
3512 4101 3573 4147 ut

1989 4201 2042 4243 et
2063 4198 2230 4243 totum
2253 4187 2380 4242 illud
2397 4189 2634 4258 genitum
2651 4188 2742 4243 sit.
2759 4186 2996 4254 Quorum
3013 4187 3157 4242 enim
3178 4195 3359 4255 partes
3376 4184 3574 4255 genitae

1991 4289 2157 4345 sunt,
2207 4280 2514 4334 necessario
2566 4286 2623 4334 et
2675 4280 2792 4334 haec
2849 4287 2961 4334 tota
3007 4278 3256 4334 similiter
3295 4287 3421 4334 sunt
3475 4291 3572 4348 ge-

1993 4373 2125 4436 nita,
2163 4380 2331 4426 totum
2365 4371 2508 4425 enim
2551 4385 2613 4425 ex
2653 4370 3142 4441 partibnsconstat.
3177 4371 3430 4427 Actotum
3453 4369 3574 4444 (90)

303 4464 528 4533 έστηκε.
557 4459 668 4515 Καὶ
682 4459 744 4513 τὸ
775 4459 876 4530 μὲν
893 4459 1012 4513 ὅλον
1034 4459 1134 4513 οὐκ
1159 4458 1312 4514 ἔσται
1340 4459 1415 4530 μὴ
1449 4460 1618 4514 ὄντων
1637 4459 1764 4532 [505
1793 4459 1879 4533 IL]

1992 4463 2210 4531 quidem
2245 4475 2352 4515 non
2377 4461 2504 4524 erit,
2529 4461 2775 4529 partibus
2803 4474 2907 4514 non
2934 4458 3322 4515 exsistentibus
3347 4475 3363 4525 ;
3389 4464 3575 4526 partes

306 4555 516 4627 μερῶν,
546 4552 699 4607 ἔσται
754 4551 814 4606 δέ
862 4568 985 4605 τινα
1039 4551 1149 4604 τῶν
1204 4551 1405 4621 μερῶν,
1439 4551 1544 4606 κᾶν
1578 4551 1735 4623 μὴτὸ
1767 4553 1888 4608 ὅλον

300 4649 480 4718 παρῇ.
518 4645 744 4709 Οὐδενὸς
772 4644 830 4699 δὲ
865 4644 972 4698 τῶν
996 4642 1167 4697 ὅντων
1194 4643 1362 4713 μέρος
1381 4644 1478 4712 μέν
1497 4643 1614 4697 ἐστι
1637 4643 1888 4715 γενητὸν,

307 4738 478 4811 μέρος
512 4737 571 4791 δὲ
605 4736 890 4808 ἀγένητον.
922 4737 988 4791 El.
1041 4735 1099 4789 δὲ
1138 4735 1236 4790 καὶ
1273 4735 1435 4790 τοῦτο
1465 4739 1894 4806 συγχωρήσαιμι

303 4830 387 4901 τῷ
414 4831 582 4900 λόγῳ,
611 4825 680 4902 ἦν
705 4846 836 4884 ποτε
869 4826 930 4882 τὸ
951 4828 1144 4892 κακὸν,
1187 4828 1277 4881 ὅτε
1337 4827 1535 4899 ὅλόκλη
1544 4845 1636 4899 ρον
1676 4831 1777 4882 οὐκ
1799 4825 1890 4900 ἦν,

304 4921 562 4976 τουτέστι
590 4921 720 4994 πρὶν
749 4920 1154 4992 δημιουργῆσαι
1180 4919 1280 4990 τὴν
1307 4918 1439 4990 ὕλην
1459 4921 1550 4974 τὸν
1575 4920 1706 4976 Θεόν
1723 4939 1737 4952 ·
1771 4921 1893 4975 τότε

304 5014 368 5067 δὲ
404 5013 699 5086 ὁλόκληρον
714 5013 946 5083 γίνεται,
973 5012 1063 5066 ὅτε
1093 5010 1230 5082 πρὸς
1263 5010 1399 5064 Θεοῦ
1429 5010 1653 5079 γέγονεν
1678 5012 1892 5084 ἄνθρω-

306 5119 414 5166 πος
437 5120 454 5134 ο
478 5101 588 5157 τῶν
607 5105 717 5176 γάρ
758 5102 944 5175 μερῶν
973 5101 1069 5156 τοῦ
1110 5101 1283 5155 κακοῦ
1335 5099 1624 5171 ἄνθρωπος
1651 5103 1892 5174 ὑπάρχει

1995 4567 2125 4607 vero
2152 4552 2346 4620 aliquae
2366 4559 2543 4616 erunt,
2563 4550 2813 4620 quamvis
2832 4560 3001 4606 totum
3031 4565 3140 4606 non
3168 4550 3330 4606 adsit.
3359 4547 3572 4605 Nullius

1996 4657 2175 4702 autem
2226 4646 2302 4702 rei
2332 4646 2646 4701 exsistentis
2689 4661 2816 4714 pars
2846 4645 3014 4700 altera
3055 4655 3138 4700 est
3172 4645 3374 4717 genita,
3402 4645 3573 4701 altera

1997 4737 2238 4805 ingenita
2270 4753 2284 4791 :
2326 4737 2373 4791 si
2408 4747 2587 4790 autem
2627 4745 2683 4790 et
2713 4735 2814 4790 hoc
2856 4734 3087 4790 orationi
3111 4736 3428 4802 concedam,
3455 4733 3574 4789 Ma-

1995 4825 2108 4881 lum
2149 4826 2248 4881 fuit
2281 4827 2434 4893 olim,
2464 4841 2586 4881 cum
2620 4835 2790 4882 totum
2830 4826 3100 4896 integrum
3137 4841 3243 4882 non
3278 4837 3444 4895 esset,
3473 4827 3577 4882 hoc

1998 4927 2104 4982 est,
2133 4926 2423 4989 antequam
2453 4917 2597 4973 Deus
2623 4919 2902 4973 materiam
2934 4927 3167 4976 crearet.
3211 4917 3366 4976 Tunc
3393 4931 3574 4976 autem

1999 5017 2170 5064 totum
2198 5008 2463 5080 integrum
2490 5010 2720 5074 exstitit,
2759 5010 2978 5079 quando
2999 5025 3028 5065 a
3057 5010 3167 5066 Deo
3207 5010 3367 5066 homo
3387 5011 3576 5066 condi-

2003 5113 2090 5158 tus
2121 5111 2223 5159 est.
2253 5102 2495 5159 Partium
2523 5103 2668 5160 enim
2706 5103 2832 5157 mali
2875 5111 3064 5159 auctor
3092 5111 3178 5159 est
3217 5101 3398 5159 homo.
3435 5101 3576 5158 Hinc

1617 5235 1856 5292 VARIA‘S
1888 5237 2186 5296 LECTION
2195 5239 2297 5295 ES.

392 5329 440 5362 “
486 5325 617 5398 πρίν
643 5327 689 5379 Α
719 5343 734 5398 ς
755 5324 916 5398 ξιτλήνΔ
936 5331 1019 5392 lg.

1114 5325 1159 5359 ³⁵
1189 5325 1342 5404 ἔσται
1403 5342 1513 5404 om.
1717 5329 1774 5404 _“
1796 5331 1974 5404 μοι
2022 5349 2036 5385 :
2076 5334 2150 5403 μή
2188 5351 2250 5397 ς.
2283 5403 2287 5404 ν
2338 5334 2383 5366 ³’
2408 5332 2660 5404 ἀλλήλοις
2684 5331 2936 5388 δὲταῦτα
2965 5332 3264 5404 ἀντίκειται
3298 5348 3410 5390 om.
3461 5334 3572 5387 AB.

313 5400 361 5502 3
391 5395 545 5451 ἔσται
575 5411 686 5451 om.
707 5395 818 5450 AB.
861 5395 920 5432 ’³⁸
944 5399 993 5449 ει
1025 5395 1154 5450 δ’-
1177 5397 1319 5519 Έέρη
1344 5413 1456 5452 om.
1486 5401 1552 5451 Δ.
1600 5399 1645 5431 ⁴⁰
1680 5399 1746 5453 αὖ
1778 5395 1821 5453 Ᾱ
1841 5418 1866 5483 'z
1901 5403 1966 5456 ἄν
1997 5395 2089 5466 ς’.’
2139 5395 2451 5478 ὶίλιτότερον
2476 5395 2548 5445 -ί
2573 5395 2747 5459 κακοῦ
2776 5419 2885 5460 om.
2915 5403 3024 5459 AB.
3079 5405 3125 5436 δ’
3143 5403 3296 5458 ἔσται
3327 5420 3438 5460 om.
3461 5403 3574 5460 AB.

389 5469 520 5519 ὅντα
544 5482 654 5519 om.
691 5464 802 5519 AB.
868 5466 916 5498 “
938 5466 1144 5519 ἐθέλεις
1228 5507 1242 5519 .
1320 5467 1368 5499 ’⁸⁸
1391 5468 1598 5519 γενητά
1625 5481 1882 5519 extnnmt
1913 5475 1972 5519 Α-
1999 5489 2109 5519 nm-
2145 5473 2204 5519 ll-

313 5470 360 5502 ”
389 5469 520 5523 ὅντα
544 5482 654 5523 om.
691 5464 802 5522 AB.
868 5466 916 5498 “
938 5466 1144 5530 ἐθέλεις

1320 5467 1368 5499 ’⁸⁸
1391 5468 1598 5538 γενητά
1625 5473 1882 5540 expungit
1913 5475 1972 5528 Α.
1999 5489 2109 5528 om.
2144 5473 2204 5528 Β.

1793 5553 2028 5620 NOTAE.

389 5657 500 5730 (90)
550 5654 743 5711 Totum
798 5652 1066 5722 integrum
1111 5651 1379 5724 intelligit.
1421 5649 1618 5710 Positis
1665 5653 1915 5710 omnibus
1953 5656 2195 5724 partibus
2249 5658 2466 5729 ponitur
2507 5667 2722 5726 totum;
2764 5656 2970 5715 sublata
3018 5672 3124 5713 una
3176 5665 3330 5730 parte
3378 5654 3584 5714 tollitur

319 5739 513 5786 tutum.
