3964 6246
435 255 572 319 1159

1567 254 1830 315 ΡΗΟΤΙΙ
1865 251 2370 314 ΡΑΤΒΙΑΒΟΗιΕ
2419 251 2527 311 CP.

3558 244 3694 308 1160

427 378 484 420 ut
519 372 692 418 totum
717 363 987 434 integrum
1017 362 1141 416 mali
1186 363 1494 428 exsisteret,
1538 375 1726 418 auctor
1755 365 1879 425 erit,
1914 365 2004 430 qui

2117 363 2360 431 ποιητής.
2391 362 2499 414 Καὶ
2527 360 2587 414 τὸ
2617 359 2867 414 ἐντεῦθεν
2935 358 3227 428 ὀλόκληρον
3260 353 3398 414 εἶναι
3433 358 3495 410 τὸ
3524 371 3696 412 κακον

425 457 666 512 condidit
701 453 897 526 [illum]
943 455 1104 508 Deus.
1155 455 1310 520 Quod
1359 455 1583 524 impium
1636 463 1738 509 est.
1778 455 1835 508 Si
1883 469 2010 508 vero

428 559 681 609 neutrum
729 549 918 602 borum
961 547 1166 602 dixeris
1214 562 1337 602 esse
1363 549 1587 612 malum,
1634 547 1725 602 sed
1759 546 1881 610 mali
1911 545 2008 600 alio

425 642 582 710 cujus
629 656 766 706 opus
802 654 925 694 esse
954 638 1214 703 aﬂlrmas,
1251 650 1362 694 tum
1408 639 1647 708 genitum
1685 654 1805 693 esse
1834 639 2009 708 ipsum

421 731 768 801 doces.0pus
790 733 934 787 enim
964 732 1332 802 cujuscunque
1383 731 1704 802 principium
1742 731 2009 786 exsisten-

422 826 473 878 di
511 825 692 879 habet.
733 826 812 877 Ad
851 826 986 886 hate,
1015 834 1211 893 praeter
1242 825 1355 878 hare
1391 824 1596 878 nullttm
1632 824 1779 878 aliud
1809 824 2008 878 malum

421 918 701 987 assignare
762 920 1130 985 potes;quod
1200 918 1346 972 enim
1388 932 1526 986 Opus
1585 916 1730 972 aliud
1784 915 2006 980 malum,

422 1017 620 1075 praeter
670 1007 721 1060 id
749 1009 892 1077 quod
924 1010 1067 1062 inter
1108 1009 1352 1064 homines
1403 1020 1506 1073 est,
1537 1019 1695 1078 potes
1727 1007 2009 1063 exhibere?

412 1097 558 1151 Nam
585 1097 726 1166 quod
766 1099 810 1150 is
837 1099 928 1166 qui
959 1108 1234 1166 Operatur,
1265 1115 1372 1155 non
1407 1101 1477 1154 sit
1517 1102 1810 1154 secundum
1846 1101 2012 1153 ratio-

423 1203 548 1243 nem
580 1189 918 1252 substantia,
949 1190 1175 1257 tnalitia,
1207 1193 1302 1245 sed
1343 1191 1643 1246 secundum
1677 1192 1846 1261 ipsam
1881 1208 2009 1262 ope-

423 1283 689 1338 rationem
719 1283 864 1347 mali,
893 1283 1004 1352 jam
1041 1291 1320 1338 ostensum
1371 1294 1474 1339 est.

501 1375 642 1430 Dicit
671 1375 974 1431 Methodius
1004 1388 1194 1430 natura
1222 1377 1353 1431 nihil
1382 1391 1504 1432 esse
1527 1377 1750 1445 malum,
1781 1379 1874 1432 sed
1905 1393 2005 1432 usu

425 1469 587 1534 mala,
627 1469 744 1523 ﬁeri
778 1469 939 1524 mala.

497 1559 694 1614 Libero
720 1575 838 1614 cum
859 1561 1106 1626 arbitrio,
1135 1561 1307 1630 inquit
1327 1560 1648 1626 Methodius,
1666 1561 1862 1618 factum
1887 1577 2006 1618 esse

424 1649 545 1703 dico
573 1649 873 1715 hominem,
909 1665 1012 1704 non
1051 1635 1308 1719 tanquam
1359 1651 1499 1704 malo
1534 1652 1714 1718 aliquo
1736 1651 1848 1720 jam
1879 1663 2004 1706 ante

2112 456 2282 515 αἴτιος
2299 453 2453 507 ἔσται
2487 454 2534 488 ⁸³
2571 453 2984 522 δημιουργήσας
3027 454 3056 504 ὁ
3099 449 3254 516 Θεὸς,
3301 452 3439 520 ὅπερ
3472 450 3695 515 ἀσεϐές.

2111 549 2174 600 Εἰ
2207 547 2252 599 δ’
2287 547 2396 600 οὐδ’
2425 547 2680 615 ὁπότερον
2698 545 2904 598 τούτων
2930 545 3110 612 λέγεις
3156 543 3218 597 τὸ
3271 544 3464 608 κακὸν,
3492 544 3698 614 πρᾶξιν

2109 640 2166 693 δέ
2205 655 2348 702 τινος
2387 637 2558 691 κακοῦ
2589 636 2726 690 εἶναι
2754 636 2930 704 λέγεις
2973 636 3033 690 τὺ
3078 637 3267 701 κακὸν,
3293 637 3519 708 γενητὸν
3561 636 3700 689 αὐτὸ

2110 731 2376 802 ὑπάρχειν
2419 727 2685 800 μηνύεις’
2734 729 2767 796 ἡ
2811 728 2920 799 γὰρ
2947 727 3040 781 106
3066 744 3213 791 τινος
3269 727 3468 798 πρᾶξις
3518 729 3700 797 ἀρχὴν

2109 825 2202 877 τοῦ
2244 821 2383 876 εἶναι
2424 821 2712 892 λαμϐάνει.
2760 821 2907 894 Πρὸς
2952 821 3016 892 δὴ
3058 820 3270 884 τούτοις
3305 821 3456 874 οὐδὲν
3505 821 3700 890 ἕτερον

2108 917 2259 985 παρὰ
2290 916 2463 968 ταῦτα
2501 916 2564 968 τὸ
2595 916 2766 968 κακὸν
2797 916 2972 968 εἰπεῖν
3011 913 3174 983 ἔχεις.
3215 912 3380 965 Ποίαν
3411 912 3522 982 γάρ
3552 915 3700 982 πρᾶ-

2109 1008 2192 1074 ξιν
2219 1008 2394 1077 κακήν
2423 1008 2608 1074 ἕτερον
2633 1007 2784 1078 παρά
2815 1007 2876 1059 τὸ
2895 1006 2938 1036 ³⁵⁷
2976 1008 3034 1058 ἐν
3077 1005 3388 1074 ἀνθρώποις
3421 1003 3699 1056 δεικνύειν

2108 1099 2252 1168 ἔχεις
2272 1114 2287 1161 ;
2311 1095 2525 1167 ὅτιγὰρ
2553 1098 2582 1149 ὁ
2613 1095 2852 1164 ἐνεργῶν
2880 1095 2943 1147 οὐ
2971 1093 3114 1147 κατὰ
3139 1093 3232 1146 τὸν
3254 1093 3352 1162 τῆς
3384 1093 3577 1155 οὐσίας
3611 1093 3698 1145 λό-

2107 1208 2203 1259 γον
2241 1189 2475 1260 ὑπάρχει
2511 1187 2678 1242 κακία
2698 1187 2766 1252 ⁸⁸,
2799 1186 2937 1242 άλλά
2963 1186 3085 1243 κατ’
3113 1185 3245 1240 αὐτὸ
3268 1186 3331 1240 τὸ
3357 1186 3608 1257 ἐνεργεῖν
3631 1187 3696 1241 τὸ

2108 1285 2294 1348 κακδν,
2326 1285 2426 1354 ήδη
2455 1283 2742 1336 δέδεικται.

2180 1378 2302 1429 Ὅτι
2325 1379 2392 1446 τῇ
2417 1376 2575 1444 φύσει
2603 1374 2771 1427 κακὸν
2815 1373 2967 1427 οὐδέν
3017 1375 3192 1438 ἐστιν,
3226 1375 3364 1430 ἀλλὰ
3397 1380 3466 1450 τῇ
3493 1380 3693 1451 χρήσει

2107 1469 2314 1539 γίνεται
2344 1470 2489 1523 κακὰ
2512 1468 2579 1520 τά
2607 1466 2774 1520 κακά.

2182 1559 2306 1612 Ὅτι
2325 1556 2695 1622 αὐτεξούσιον,
2722 1554 2877 1625 φησὶ,
2900 1555 3178 1624 γεγονέναι
3195 1575 3268 1628 φη
3278 1559 3342 1629 μὶ
3358 1559 3450 1614 τὸν
3479 1561 3694 1632 ἄνθρω-

2109 1669 2228 1715 πον,
2259 1652 2357 1721 οὐχ
2377 1651 2452 1713 ὼς
2484 1647 2960 1720 προῦποκειμένου
2977 1647 3120 1712 τινὸς
3145 1649 3246 1721 ήδη
3278 1651 3473 1718 κακοῦ,
3503 1648 3567 1707 οὗ
3591 1653 3692 1724 τήν

422 1741 746 1806 exsistente,
777 1741 936 1811 cujus
971 1742 1229 1811 eligendi,
1255 1743 1300 1798 si
1336 1743 1513 1806 vellet,
1552 1753 1872 1812 potestatem
1905 1744 2004 1798 ha-

2117 1743 2357 1808 ἐξουσίαν
2385 1742 2478 1794 τοῦ
2499 1741 2740 1804 ἑλέσθαι,
2769 1740 2818 1791 εί
2853 1737 3094 1809 βούλοιτο
3119 1741 3184 1806 ‘9,
3204 1741 3490 1814 ἄνθρωπος
3511 1745 3691 1816 ὲλάμ-

425 1835 579 1888 beret
611 1852 624 1887 :
659 1836 755 1890 sed
789 1835 901 1890 sola
932 1850 1096 1889 causa
1136 1845 1274 1901 erat,
1317 1836 1600 1891 obediendi
1636 1837 1746 1891 Deo
1779 1837 1858 1891 vel
1902 1853 2006 1890 nou

423 1925 733 1980 obediendi.
793 1925 903 1982 lloc
953 1929 1096 1982 enim
1155 1938 1282 1983 tunc
1347 1938 1466 1984 erat
1519 1930 1570 1983 in
1645 1930 1813 2000 ipsius
1863 1929 2010 1984 arbi-

425 2017 552 2071 trio.
607 2018 805 2088 308a
841 2019 904 2072 Et
949 2020 1110 2074 homo
1138 2022 1386 2075 conditus
1427 2036 1455 2074 a
1515 2021 1622 2076 Deo
1679 2033 2004 2090 praeceptum

423 2110 641 2178 accipit,
675 2121 730 2166 et
759 2111 884 2166 hinc
904 2111 1017 2182 jam
1049 2112 1252 2167 malum
1286 2115 1501 2184 incipit.
1536 2113 1652 2168 Non
1681 2117 1826 2168 enim
1855 2123 2009 2184 paret

421 2203 605 2260 divino
635 2207 905 2261 mandato.
931 2207 999 2262 Et
1035 2209 1134 2264 hoc
1166 2218 1222 2263 et
1284 2209 1454 2263 solum
1489 2219 1608 2264 erat
1641 2209 1863 2277 malum,
1889 2211 2006 2265 ino-

421 2296 714 2362 bedientia,
745 2313 868 2368 qua:
891 2299 966 2355 ibi
1019 2300 1186 2370 coepit
1220 2301 1505 2356 exsistere.

1031 2479 1361 2538 CCXXXVII
1384 2525 1400 2538 .

498 2567 758 2638 Excerpta
784 2586 812 2625 ε
868 2570 1003 2625 libro
1038 2575 1206 2626 sancti
1250 2570 1506 2625 Hetltodii
1549 2570 1625 2626 De
1664 2572 1926 2628 castitate.

498 2664 625 2732 Legi
661 2663 910 2719 similiter
955 2662 1198 2732 ejusdem
1230 2665 1473 2734 quaedam
1511 2679 1575 2718 ex
1612 2664 1748 2718 libro
1791 2665 1864 2719 De
1917 2678 2004 2719 ca-

419 2761 619 2824 stitate,
651 2767 711 2812 ut
759 2758 814 2812 in
857 2756 1021 2812 simili
1055 2758 1374 2827 compendio
1407 2767 1530 2812 sunt
1571 2759 1734 2813 edita.
1769 2756 2000 2820 Primus,

421 2850 622 2919 inquit,
649 2849 930 2905 Abraham
953 2863 1077 2903 cum
1113 2847 1166 2902 in
1204 2855 1527 2904 testamento
1573 2847 2004 2903 circumcisionis

422 2941 593 3011 legem
637 2939 927 3009 acciperet,
957 2937 1089 2994 nihil
1136 2937 1279 2991 aliud
1312 2939 1588 2992 insinuare
1629 2938 1860 3002 videtur,
1891 2953 2002 2993 sua:

423 3033 594 3102 ipsius
629 3031 812 3088 carnis
852 3031 1154 3086 membrum
1200 3030 1658 3092 circumcitlendo,
1681 3045 1842 3098 quam
1877 3032 1998 3094 hoc,

424 3141 532 3180 non
553 3124 784 3194 amplius
806 3137 926 3179 esse
949 3123 1243 3179 liberorum
1262 3125 1712 3192 procreationem,
1737 3123 1789 3176 in
1818 3132 2000 3176 creata

419 3235 487 3275 ex
533 3217 723 3273 eodem
774 3216 1040 3286 sanguine
1073 3231 1237 3271 carne
1281 3215 1715 3270 instituendam:
1760 3215 2002 3284 singulos

420 3326 532 3367 sme
569 3309 775 3364 sororis
808 3307 1054 3378 exemplo
1100 3308 1300 3363 docens
1330 3309 1784 3378 quemadmodum
1818 3307 2003 3365 carnis

419 3401 669 3469 voluptas
697 3399 749 3453 in
775 3412 1070 3468 congressu
1098 3397 1170 3451 sit
1198 3399 1515 3454 resecanda.

491 3491 628 3559 Ego,
674 3489 850 3558 inquit
880 3498 1163 3559 praeterea,
1197 3490 1328 3542 mihi
1368 3487 1512 3544 clare
1535 3490 1719 3544 videor
1749 3505 1816 3544 ex
1849 3491 2001 3546 δυτι-

419 3584 594 3653 pluris
637 3581 811 3638 sacris
857 3581 1308 3636 animadvertisse
1339 3576 1386 3646 1,
1431 3597 1527 3652 per
1557 3583 1887 3654 virginitatis
1916 3585 2002 3638 in-

419 3677 756 3731 stitutionem
803 3689 833 3728 a
878 3677 1047 3730 verbo
1111 3690 1219 3728 non
1280 3689 1402 3730 esse
1449 3676 1671 3732 oumino
1729 3676 1996 3731 sublatam

420 3767 714 3823 liberorum
751 3766 1180 3835 generationem.
1227 3765 1414 3836 Neque
1461 3769 1627 3832 enim,
1660 3770 1786 3838 quia
1825 3769 2000 3824 stellis

418 3859 594 3928 major
651 3867 734 3912 est
792 3858 922 3911 luna
967 3855 1103 3928 (91),
1156 3868 1438 3926 propterea
1489 3858 1716 3913 aliorum
1753 3860 1992 3914 siderum

419 3948 601 4004 lumen
630 3949 927 4016 exstinguit
983 3961 999 4002 :
1049 3963 1152 4002 nec
1209 3949 1333 4018 quia
1363 3948 1482 4004 aliis
1513 3950 1648 4004 cibis
1682 3951 1892 4006 dulcius
1919 3961 2002 4006 est

420 4041 525 4095 mel
560 4050 614 4095 et
644 4040 886 4106 suavius,
913 4045 1200 4111 prOpterea
1226 4039 1330 4093 alia
1358 4052 1486 4095 sunt
1519 4041 1713 4096 acerba
1735 4051 1790 4096 et
1813 4057 1996 4097 amara

417 4131 797 4188 existimanda.

491 4223 622 4278 lllud
657 4240 672 4277 :
707 4221 842 4276 Filii
872 4221 1233 4277 adulterorum
1263 4221 1553 4292 imperfecti
1591 4230 1655 4287 ³,
1681 4223 1745 4277 de
1795 4223 2000 4278 verita-

2112 1831 2273 1883 ὄανεν
2293 1848 2306 1862 ο
2347 1829 2484 1884 ἀλλὰ
2507 1828 2604 1897 τὴν
2636 1826 2729 1880 τοῦ
2767 1825 3062 1882 ὑπακούειν
3087 1829 3165 1900 τῷ
3188 1830 3308 1897 Θεῷ
3349 1833 3444 1886 κα)⁵
3469 1833 3548 1906 μὴ
3588 1835 3692 1887 ὑπ-

2109 1920 2515 1974 ακούειναίτιον
2551 1919 2711 1990 μόνον
2732 1915 2822 1990 ἦν.
2871 1919 3042 1972 T0610
3074 1921 3183 1990 γάρ
3227 1923 3289 1976 τὸ
3336 1925 3690 1995 αὐτεξούσιον

2108 2012 2362 2064 ἐϐούλετο
2388 2014 2531 2066 τότε.
2589 2014 2697 2065 Καὶ
2737 2014 3032 2084 γενόμενος
3080 2017 3108 2068 ὁ
3149 2013 3436 2086 ἄνθρωπος
3467 2018 3690 2090 ἐντολὴν

2105 2103 2374 2174 λαμϐάνει
2410 2105 2559 2175 παρὰ
2583 2104 2676 2158 106
2701 2103 2858 2170 Θεοῦ,
2897 2107 2992 2159 καὶ
3022 2107 3272 2160 ἐντεῦθεν
3294 2108 3394 2180 ήδη
3426 2111 3488 2162 τὸ
3517 2113 3692 2164 κακὸν

2105 2195 2334 2267 ἄρχεται
2358 2211 2372 2224 '
2401 2197 2462 2250 οὐ
2494 2195 2605 2267 γάρ
2635 2196 2881 2250 πείθεται
2902 2195 2980 2267 τῷ
2997 2195 3126 2268 θείῳ
3149 2201 3557 2272 προστάγματι.
3579 2205 3690 2256 Καὶ

2104 2288 2264 2342 10610
2296 2289 2389 2342 καὶ
2419 2289 2579 2359 μόνον
2609 2284 2676 2360 ἦν
2703 2288 2764 2342 τὸ
2803 2289 2998 2356 κακὸν,
3048 2292 3083 2362 ἡ
3131 2294 3407 2365 παρακοὴ,
3443 2294 3568 2364 ἣτις
3592 2295 3686 2348 106

2104 2377 2245 2436 εἴναι
2276 2382 2479 2453 ἤρξατο
2509 2385 2578 2439 ³ο.

2802 2482 2966 2540 ΣΛΖ’.

2483 2573 2594 2627 Τοῦ
2633 2575 2820 2630 αὐτοῦ
2863 2576 3003 2644 Περὶ
3036 2575 3300 2646 ἁγνείας.

2190 2662 2531 2735 Ἀνεγνὼσθη
2568 2665 2662 2719 106
2686 2666 2853 2720 αὐτοῦ
2880 2669 2946 2721 ὲκ
2976 2666 3071 2720 τοῦ
3106 2667 3248 2736 Περὶ
3271 2665 3540 2735 ἁγνείας,
3566 2665 3624 2729 ὃς
3640 2667 3682 2698 ⁸¹

2104 2757 2199 2810 καὶ
2227 2757 2284 2810 ὲν
2311 2758 2484 2829 ὁμοίῳ
2516 2759 2789 2829 συνόψεως
2819 2761 3039 2831 ἐξεδόθη
3079 2761 3313 2830 τύπῳ⁸².
3339 2759 3464 2812 Ὀτι
3495 2760 3686 2830 φησιν,

2120 2849 2179 2902 ’0
2211 2847 2344 2918 γοῦν
2384 2849 2637 2921 Ἀϐραὰμ
2662 2852 2877 2920 πρῶτος
2903 2853 2960 2905 ὲν
2986 2851 3219 2923 διαθήκῃ
3248 2851 3347 2922 τὴν
3382 2850 3687 2922 περιτομὴν

2103 2941 2282 2996 λαϐὼν
2331 2943 2488 2998 οὐδὲν
2546 2943 2734 3014 ἕτερον
2787 2944 3126 3000 αἰνίττεσθαι
3178 2945 3345 3012 δοκεῖ,
3389 2943 3451 2997 τὸ
3483 2945 3684 2998 οἰκεῖον

2106 3033 2545 3105 ἀποτεμνόμενος
2599 3037 2701 3107 τῆς
2757 3034 2959 3105 σαρκὸς
2990 3034 3156 3088 αὐτοῦ
3196 3036 3378 3106 μέλος,
3422 3036 3456 3107 ἦ
3500 3035 3682 3102 τοῦτο,

2102 3127 2162 3180 τὸ
2201 3126 2398 3198 μηκέτι
2420 3129 2500 3190 είς
2529 3128 2630 3199 τὴν
2672 3129 2737 3182 ἐκ
2782 3127 2878 3181 106
2920 3127 3088 3182 αὐτοῦ
3118 3129 3348 3199 αἵματος
3389 3129 3571 3200 σάρκα
3595 3130 3687 3200 δη-

2105 3210 2534 3290 μιουργηθεῖσαν
2599 3220 2997 3292 παιδοσπορίαν
3057 3219 3366 3286 ἐπιτελεῖν,
3426 3221 3538 3273 άπὸ
3584 3220 3684 3287 τῆς

2107 3311 2244 3375 ἰδίας
2297 3312 2529 3365 ἕκαστον
2574 3312 2842 3366 διδάσκων
2871 3304 3107 3382 ἀδελφῆς
3127 3307 3217 3366 οἷα
3257 3311 3460 3383 σαρκὸς
3485 3313 3685 3366 ἀποτέ-

2080 3421 2263 3474 ·μνειν
2287 3403 2386 3474 τὴν
2403 3405 2547 3458 κατὰ
2581 3405 2862 3458 συνουσίαν
2897 3405 3116 3476 ήδονήν.

2176 3496 2299 3549 ’Ὀτι
2332 3497 2519 3567 φησὶν,
2573 3494 2715 3563 Ἐγὼ
2771 3494 2882 3566 γάρ
2933 3495 3352 3566 καθεωρακέναι
3394 3511 3486 3564 μοι
3541 3498 3686 3546 δοκω

2105 3581 2290 3654 σαξφῶς
2314 3587 2421 3640 άπὸ
2461 3585 2570 3639 τῶν
2610 3587 2867 3658 Γραφῶν,
2919 3587 3001 3640 ὅτι
3035 3586 3333 3658 παρθενίας
3361 3585 3627 3654 ἐλθούσης
3655 3585 3685 3637 ὁ

2102 3680 2259 3748 λόγος
2279 3681 2382 3733 οὐκ
2405 3679 2580 3733 ἀνεῖλε
2605 3680 2782 3748 πάντη
2825 3679 3191 3748 τεκνογονίαν.
3233 3677 3309 3730 Οὐ
3347 3676 3456 3748 γὰρ
3494 3678 3684 3747 ἐπειδὴ

2101 3769 2211 3822 τῶν
2245 3771 2461 3841 ἄστρων
2490 3771 2523 3840 ὴ
2555 3769 2750 3841 σελήνη
2803 3769 3004 3838 μείζων
3031 3768 3172 3834 ἐστὶ,
3216 3767 3366 3838 παρὰ
3389 3767 3548 3821 10610
3574 3767 3684 3820 τῶν

2101 3861 2280 3918 ἄλλων
2306 3861 2556 3932 ἀστέρων
2583 3862 2642 3914 τὸ
2670 3860 2783 3928 φῶς
2815 3862 3148 3931 ἀναιρεῖται,
3168 3860 3202 3930 ἢ
3229 3860 3414 3930 ἐπειδὴ
3447 3858 3559 3914 τῶν
3588 3858 3683 3914 άλ-

2101 3956 2206 4008 λων
2238 3956 2356 4008 ἐστὶ
2384 3954 2713 4024 γλυκύτερον
2732 3954 2790 4006 τὸ
2817 3953 2941 4022 μέλι
2969 3954 3063 4007 καὶ
3113 3952 3397 4025 ήδύτερον,
3421 3955 3491 4006 τὰ
3517 3951 3684 4005 λοιπὰ

2101 4048 2275 4116 πικρὰ
2303 4047 2398 4100 καὶ
2425 4045 2656 4117 άνήδονα
2689 4046 2992 4114 νομιστέον.

2173 4226 2300 4298 [952
2316 4225 2409 4297 3.]
2423 4226 2546 4280 Ὀτι
2563 4225 2642 4289 τδ,
2664 4223 2856 4279 Τέκνα
2872 4223 2940 4277 δὲ
2952 4242 3051 4293 μοι
3057 4223 3183 4293 χῶν
3200 4224 3678 4291 ἀτελεσςρόρητα,

416 4327 527 4374 tem
570 4315 995 4372 adulterantibus
1042 4315 1118 4369 ait
1157 4325 1283 4368 esse
1316 4315 1544 4380 dictum,
1581 4331 1688 4384 quo
1715 4315 1857 4370 falso
1894 4317 1996 4370 sibi

2117 4323 2229 4392 πιερὶ
2253 4320 2362 4374 τῶν
2392 4320 2491 4390 τὴν
2548 4317 2809 4389 ἀλήθειαν
2853 4318 3211 4388 μοιχωμένων
3243 4316 3291 4348 ⁸³
3319 4317 3483 4386 φησὶν
3529 4317 3683 4387 εἰρῆ-

415 4417 674 4478 arrogant
703 4405 1044 4476 sapientiam,
1080 4413 1137 4461 et
1175 4405 1492 4474 Scripturas
1527 4407 1847 4477 depravant,
1889 4410 1989 4462 int-

2117 4412 2252 4469 σθαι.
2283 4410 2482 4474 οἵτινες
2532 4409 2871 4479 κλεψίσοφοι,
2919 4407 3230 4470 νοθεύοντες
3279 4407 3376 4470 τὰς
3430 4407 3679 4478 Γραφάς,

416 4511 795 4569 maturataque
845 4499 1156 4570 producunt
1219 4498 1541 4568 sapientiam
1571 4537 1589 4564 ,
1635 4500 1836 4570 quique
1867 4517 1994 4575 ‘per

2117 4506 2526 4576 ιτελεσφόρητον
2579 4503 2813 4572 γεννῶσι
2872 4503 3087 4572 σοφίαν,
3129 4503 3197 4571 τῇ
3227 4499 3508 4567 θεοσεϐείᾳ
3545 4514 3679 4565 συγ-

414 4593 652 4662 speciem
681 4591 907 4662 pietatis
933 4590 1131 4646 docent
1150 4605 1386 4646 errores.
1411 4591 1582 4646 Aliter
1612 4590 1740 4664 [hoc
1767 4593 1992 4666 dictum]

2117 4599 2370 4670 ερίνοντες
2402 4597 2500 4668 τὴν
2535 4595 2762 4666 πλάνην.
2800 4594 3012 4657 ’Ἄλλως
3041 4593 3150 4664 γὰρ
3173 4591 3430 4662 νοηθῆναι
3459 4591 3565 4643 οὐκ
3591 4593 3681 4658 έγο

415 4700 521 4740 non
580 4692 665 4738 est
715 4683 1122 4756 intelligendum
1152 4698 1168 4747 ;
1219 4697 1392 4753 neque
1425 4684 1569 4738 enim
1598 4683 1666 4739 de
1705 4682 1890 4740 liberis
1926 4700 1995 4740 ex

2117 4693 2278 4760 '_wpt-:'t'.
2315 4687 2452 4742 Ούτε
2480 4687 2588 4759 γὰρ
2640 4687 2734 4740 ἐπὶ
2789 4685 2884 4740 τού
2921 4685 2996 4756 μὴ
3046 4681 3324 4736 τίκτεσθαι
3361 4681 3430 4735 τά
3463 4681 3529 4733 ὲκ
3557 4697 3679 4749 μοι-

413 4775 685 4830 adulterio
717 4790 822 4833 non
875 4776 1171 4846 pariendis,
1209 4774 1339 4830 etin
1369 4773 1545 4830 lucem
1580 4775 1720 4831 hanc
1755 4777 1992 4832 sensibi-

2117 4782 2251 4852 (είας
2270 4780 2434 4834 τέκνα
2479 4779 2574 4832 καὶ
2611 4779 2690 4841 είς
2716 4777 2832 4847 φῶς
2885 4774 3142 4846 αἰσθητὸν
3172 4770 3402 4840 ἄγεσθαι
3455 4769 3680 4824 δύναται

412 4867 516 4922 lem
539 4867 760 4922 edendis
779 4876 956 4937 potest
979 4866 1189 4937 accipi:
1214 4865 1346 4936 quia
1371 4881 1474 4920 non
1499 4867 1672 4920 solum
1700 4867 1849 4923 multi
1882 4869 1994 4924 nati

2117 4872 2340 4926 νοεῖσθαι
2366 4871 2436 4935 ⁸⁵,
2465 4873 2545 4924 ὅτι
2574 4869 2758 4924 πολλοὶ
2789 4870 2852 4922 οὐ
2882 4868 3040 4938 μόνον
3065 4865 3388 4935 ἐτέχθησαν,
3416 4862 3554 4916 ἀλλὰ
3589 4862 3679 4915 κα)⁵

412 4968 560 5023 sunt,
589 4958 682 5014 sed
712 4958 875 5014 etiam
895 4959 1010 5012 nati
1043 4973 1108 5014 ex
1137 4958 1405 5016 adulterio
1442 4957 1577 5014 alios
1614 4969 1964 5026 pepererunt.

2117 4965 2386 5016 ιετόκασιν
2413 4965 2478 5016 ὲκ
2508 4960 2756 5032 μοιχείας
2780 4959 3090 5030 τεχθέντες,
3114 4957 3238 5011 οὐτε
3269 4957 3363 5010 ἐπὶ
3389 4954 3484 5009 106
3521 4971 3679 5008 πνευ-

483 5117 497 5148 ¹
534 5116 724 5171 Mattb.
758 5115 926 5180 xm?)
957 5129 1108 5184 seqq.
1142 5131 1158 5181 ;
1195 5114 1214 5168 l
1242 5113 1370 5170 Cor.
1401 5129 1504 5179 vn,
1534 5111 1573 5165 ‘2
1615 5128 1769 5183 seqq.
1848 5125 1888 5154 ιω
1925 5116 2004 5187 Sa]

2117 5136 2168 5184 tt,
2195 5119 2282 5174 16.

1707 5249 1944 5309 νΑῑιιιιΕ
1978 5256 2393 5312 LECTIONES.

1709 5257 1944 5309 VARUE
1978 5257 2004 5310 Ι.

488 5339 725 5444 ἴθὲσται]
747 5341 856 5444 de:
885 5339 994 5444 AB:
1016 5412 1047 5444 ι
1076 5341 1123 5444 δέ
1146 5338 1228 5411 τὸ]
1259 5411 1271 5422 _
1288 5339 1386 5444 τοξ
1439 5341 1548 5394 AB.
1637 5341 1682 5374 ⁸⁸
1704 5344 1763 5396 τὸ
1786 5348 1956 5400 κακὸν
1973 5363 2004 5402 0

2124 5258 2184 5312 TI
2237 5257 2393 5312 NES.

2117 5257 2234 5444 1.“:
2279 5351 2325 5444 ζ’
2341 5346 3132 5444 riemes},E°0?;?3329P.
3163 5344 3530 5444 ’ξτξέοὲλοιῖι
3566 5349 3674 5444 .73?

410 5411 735 5490 ἑλέσθαι
789 5411 836 5444 ⁸ο
872 5422 991 5481 post
1008 5412 1223 5490 ⁵ήρξατο
1259 5411 1312 5464 in
1347 5413 1389 5464 A
1413 5425 1602 5490 versus
1631 5427 1863 5490 quatuor
1889 5433 2004 5471 vam

2122 5422 2165 5451 “
2193 5422 2249 5483 ὃς
2279 5422 2323 5475 Α
2351 5437 2364 5473 :
2392 5421 2465 5484 ὡς
2493 5437 2552 5484 ς.
2631 5419 2675 5453 δ’
2697 5411 2849 5490 τύπῳ
2871 5419 3155 5490 ὡσαύτως.
3194 5411 3316 5486 '_01t
3339 5432 3402 5480 ς.
3481 5415 3529 5447 ⁸³
3564 5432 3677 5486 μοι.

411 5483 676 5552 χωμένων
697 5483 758 5548 Β,
790 5482 1128 5553 μοιχομένων
1151 5483 1219 5549 Α,
1245 5482 1743 5554 μοιχευομένωνές.
1809 5487 1855 5517 ⁸⁵
1883 5490 2117 5543 νοεῖσθαι
2139 5482 2361 5545 δύναται
2390 5482 2459 5554 gi
2503 5482 2517 5484 _
2821 5482 2832 5490 ’
3021 5487 3034 5494 κ

1907 5595 2143 5654 NOTAE.

483 5688 596 5757 (91)
633 5688 938 5745 Secundum
968 5699 1268 5760 aspectum,
1305 5705 1407 5744 non
1455 5689 1746 5744 secundum
1783 5706 1913 5742 rrm.
