3964 6246
432 229 572 296 1163

1552 218 1815 280 ΡΗΟΤΙῘ
1851 215 2356 280 ΡΑΤΗῙΑΒΟΗΕ
2395 215 2504 275 CP.

3525 204 3663 268 1164

432 341 605 394 donec
635 334 928 408 genitalem
955 341 1248 389 sementem
1278 330 1491 401 penitus
1515 331 1754 385 sterilem
1786 330 1996 384 reddat.

2128 319 2193 381 ἰὲν
2222 328 2290 382 ἂν
2324 326 2486 397 ποθῇ,
2510 324 2619 377 πᾶν
2653 321 2777 376 ὅσον
2815 321 2897 384 εἰς
2926 318 3111 391 ὀχείας
3138 315 3328 383 άναζεῐ
3358 317 3406 348 ⁷³
3431 315 3531 370 καὶ
3550 318 3674 387 ἔρε-

434 427 897 499 Quemadmodum
932 433 987 479 et
1037 422 1298 478 Homerus
1338 422 1651 485 declaravit,
1686 421 1775 493 qui
1806 421 1999 477 salices

436 531 715 593 propterea
742 517 1077 589 frugiperdas
1103 513 1418 569 nominavit.

509 787 640 843 Illud
670 783 955 839 Jeremiaa:
982 779 1239 849 Sponsam
1262 776 1539 832 sollicitam
1561 792 1689 839 esse,
1714 791 1776 828 ne
1792 775 2001 829 oblivis-

447 889 599 932 catur
617 874 906 927 ornamenti
940 872 1042 935 sui,
1075 879 1120 921 et
1149 869 1397 936 virginem
1426 881 1487 918 ne
1508 863 1781 932 pectoralis
1815 865 1895 918 sui
1920 871 2001 901 ιιθν

441 966 673 1039 309a,-
700 965 857 1017 docet
902 976 1009 1016 non
1048 956 1432 1012 committenda
1475 971 1574 1011 nec
1618 955 1845 1009 laxanda
1882 967 2003 1008 esse

440 1057 718 1113 fraudibus
758 1054 911 1109 frena
945 1065 1040 1106 seu
1079 1046 1291 1102 vincula
1354 1046 1746 1115 temperantia.
1770 1042 1874 1098 Per
1902 1057 2000 1112 pe-

440 1159 591 1204 ctora
623 1146 765 1201 enim
794 1159 987 1201 sensus
1012 1146 1202 1208 animi,
1235 1156 1364 1199 sane
1392 1138 1735 1197 convenienti
1759 1137 1999 1199 ratione,

439 1249 495 1294 et
547 1253 698 1292 mens
727 1246 911 1292 nostra
943 1236 1276 1306 intelligitur.
1310 1230 1587 1287 Pectorale
1616 1238 1799 1284 autem
1824 1268 1839 1294 ,
1875 1242 2003 1296 pro-

441 1330 671 1400 positum
714 1328 877 1382 animi
905 1328 972 1382 ad
1002 1327 1307 1382 castitatem
1336 1324 1621 1394 colligans,
1652 1329 1736 1376 est
1767 1320 2007 1376 charitas

442 1422 495 1475 in
526 1420 821 1476 Christum.

512 1513 677 1569 Illud:
706 1513 867 1569 Sume
882 1512 1008 1565 mihi
1028 1510 1243 1565 vitulam
1265 1510 1540 1575 triennem,
1561 1516 1609 1561 et
1627 1506 1841 1560 arietem
1858 1504 2011 1557 trien-

444 1622 580 1670 nem,
610 1615 658 1659 et
693 1615 964 1671 turturem,
983 1612 1032 1657 et
1055 1602 1388 1656 columbamll
1416 1602 1491 1654 ait
1520 1597 1820 1669 signiﬁcare
1837 1592 2007 1667 [hoc,]

2104 419 2333 491 θισμοὺς
2371 416 2787 477 ἁποσϐέννυσιν,
2837 410 2947 464 ἐστ’
2983 412 3050 464 ἂν
3104 411 3183 473 είς
3228 408 3398 478 ἄρδην
3424 409 3675 461 ἀποστει-

2107 512 2255 585 ρώσῃ
2282 511 2379 582 τὴν
2406 510 2503 564 ἐπὶ
2554 506 2898 561 παιδοποιίαν
2945 504 3138 576 φορὰν,
3193 502 3383 572 ὥσπερ
3433 500 3499 571 δὴ
3523 500 3618 552 καὶ
3649 501 3678 552 ὁ

2106 606 2354 673 Ὅμηρος
2388 601 2435 634 ⁷⁸
2468 602 2726 672 ἐμήνυσε,
2755 597 2843 651 διὰ
2896 595 3053 649 τοῦτο
3104 594 3343 657 καλέσας
3374 591 3680 663 ὡλεσικάρο

2104 714 2238 759 πους
2259 695 2356 759 τὰς
2380 694 2543 757 ἰτέας.

2176 786 2306 859 [955
2339 785 2434 857 11.]
2461 786 2584 838 Ὀτι
2614 785 2799 855 φησιν,
2834 780 3066 853 Ἀμέλει
3087 780 3153 833 τὸ
3172 777 3257 849 μὴ
3285 775 3680 832 ἐπιλαθέσθαι

2105 876 2351 946 νύμφην
2366 876 2474 929 τὸν
2491 876 2725 944 κόσμον
2742 873 2897 944 μηδὲ
2913 870 3211 940 παρθένον
3237 869 3351 936 τὴν
3390 865 3683 935 στηθοδε-

2108 965 2298 1033 σμίδα
2323 963 2569 1036 [505H.J,
2589 963 2880 1034 λεγόμενον
2906 964 2962 1015 ἐν
2990 948 3382 1032 Ἰερεμίᾳτ⁸,τδ
3405 958 3480 1026 μὴ
3502 954 3686 1009 ἐνδοῦ-

2112 1074 2199 1109 ναι
2235 1057 2330 1110 καὶ
2360 1056 2587 1126 χαλάσαι
2613 1055 2705 1109 τὸν
2724 1054 2919 1124 δεσμὸν
2930 1054 3028 1123 τῆς
3056 1048 3407 1121 σωφροσύνης
3444 1048 3684 1109 ἀπάταις

2111 1144 2281 1213 δηλοῖ.
2355 1145 2534 1217 Στήθη
2564 1145 2675 1215 γὰρ
2700 1145 2757 1199 αἱ
2780 1144 2997 1214 φρένεις
3028 1144 3198 1197 εἰκότι
3221 1141 3363 1210 λόγῳ
3379 1138 3474 1193 καὶ
3500 1140 3530 1191 ὁ
3560 1139 3685 1201 νοῦς

2110 1238 2268 1308 ἡμῶν
2304 1233 2444 1291 εἶναι
2472 1237 2751 1308 νομίζεται
2776 1252 2790 1267 ’
2813 1239 2847 1306 ἡ
2876 1236 2933 1289 δὲ
2961 1234 3335 1307 στηθοδεσμὶς,
3362 1234 3396 1303 ἡ
3422 1230 3686 1285 συνιδοῦσα

2112 1328 2224 1399 ζωὴ
2258 1329 2302 1361 ⁷⁸
2331 1328 2431 1400 τὴν
2447 1328 2703 1399 πρόθεσιν
2736 1328 2840 1399 τῆς
2868 1326 3048 1400 ψυχῆς
3083 1328 3166 1391 είς
3202 1323 3448 1396 ἁγνείαν,
3477 1323 3628 1376 ἐστὶν
3650 1324 3685 1392 ἡ

2113 1420 2247 1491 πρὸς
2280 1419 2513 1491 Χριστὸν
2548 1419 2763 1491 ἀγάπη.

2184 1512 2308 1566 Ὀτι
2335 1514 2416 1577 τὸ,
2452 1512 2607 1567 Λάϐε
2645 1513 2693 1546 ⁷⁸
2714 1530 2818 1584 μοι
2865 1510 3125 1581 δάμαλιν
3151 1505 3556 1580 τριετίζουσαν
3585 1505 3685 1561 καὶ

2114 1600 2255 1674 αἶγα
2310 1604 2715 1675 τριετίζουσαν
2782 1606 2883 1661 καὶ
2952 1604 3122 1674 κριὸν
3178 1600 3537 1672 τριετίζοντα
3586 1600 3688 1654 καὶ

452 1695 587 1750 aﬂ’er
615 1696 744 1750 mihi
770 1694 884 1767 jugi
918 1702 1191 1763 expertem
1236 1692 1491 1757 animam,
1528 1690 1697 1744 instar
1732 1687 1928 1751 vitulis,
1955 1696 2009 1741 et

2128 1697 2364 1769 τρυγόνα
2410 1698 2509 1752 καὶ
2573 1699 2929 1768 περιστερὰν
2975 1694 3325 1758 αἰνίττεσθαί,
3369 1709 3556 1763 φησιν.
3606 1691 3690 1744 ὅτι
3784 1684 3789 1695 ’

445 1786 593 1841 omni
615 1786 813 1839 malitia
829 1796 1137 1851 carentem;
1168 1783 1500 1853 corpusitem
1522 1780 1880 1836 etrationem:
1901 1793 2013 1833 cor-

449 1876 770 1945 pusquidem
792 1875 955 1929 veluti
978 1889 1213 1944 capram,
1229 1875 1354 1943 quia
1375 1888 1470 1942 per
1496 1872 1631 1927 altas
1646 1886 1803 1941 rupes
1814 1879 1867 1925 et
1884 1884 2014 1940 pra?-

448 1967 627 2035 cipitia
648 1964 879 2030 incedit;
902 1966 1161 2020 rationem
1181 1980 1306 2019 vero
1321 1974 1377 2018 ut
1390 1964 1633 2027 arietem,
1650 1977 1717 2016 ne
1731 1960 2014 2016 exsultans

449 2058 665 2114 excidat
691 2072 721 2112 a
743 2058 991 2113 veritate.
1021 2058 1112 2113 Sic
1129 2058 1269 2113 enim
1292 2055 1632 2125 inculpabilis
1666 2055 1800 2119 eris,
1822 2068 2012 2124 quem-

459 2149 749 2205 admodum
798 2150 1093 2213 Abraham,
1151 2149 1199 2203 si
1242 2148 1373 2202 mihi
1430 2146 1668 2201 animam
1711 2152 1765 2200 et
1818 2158 2014 2200 sensus

450 2251 795 2311 mentemque
825 2240 1185 2307 consecraris,
1221 2255 1340 2309 quae
1361 2240 1585 2309 ﬁgurate
1620 2239 1753 2294 dicit
1783 2236 2011 2291 vitulam

453 2344 509 2387 et
545 2347 785 2401 capram,
842 2342 896 2387 et
955 2332 1179 2386 arietem
1237 2332 1531 2397 triennem,
1573 2330 1723 2400 quasi
1758 2330 2015 2397 optimam

454 2424 742 2480 Trinitatis
786 2423 1153 2496 cognitionem
1208 2423 1452 2478 tollentia
1486 2422 1620 2494 (92).
1658 2422 1824 2478 Forte
1852 2422 2016 2476 etiam

440 2527 508 2572 'et
536 2517 767 2587 primam
804 2526 859 2571 et
914 2517 1171 2582 mediam,
1215 2527 1270 2573 et
1328 2518 1572 2572 ultimam
1625 2517 1751 2571 vita
1800 2523 2015 2570 atatem

438 2608 475 2682 ‘[
498 2610 605 2665 Deo
663 2608 1119 2683 consecrandam]
1166 2609 1466 2675 insinuant,
1525 2618 1584 2664 ut
1627 2608 1720 2678 qui
1782 2606 2019 2662 maxime

452 2702 587 2758 velit
628 2717 727 2757 nos
779 2711 834 2756 et
889 2717 1062 2757 annos
1112 2702 1377 2771 pueritiae,
1405 2711 1461 2755 et
1498 2700 1693 2756 'virilis
1737 2700 1936 2764 aetatis,
1964 2707 2021 2754 et

443 2793 751 2850 Senectutis
795 2793 913 2862 pari
964 2794 1165 2863 pietate
1205 2794 1479 2848 traductos
1522 2793 1628 2847 sibi
1665 2791 1880 2848 offerre.
1933 2791 2014 2846 Ad

458 2900 620 2956 quem
670 2885 889 2940 modum
914 2886 1079 2939 etiam
1124 2886 1179 2939 in
1218 2884 1529 2956 Evangeliis
1560 2886 1818 2941 Dominus
1863 2884 2021 2940 nobis

455 2979 726 3047 praecipit:
757 2976 1087 3046 Quapropter
1111 2985 1158 3029 et
1193 2993 1280 3031 vos
1322 2977 1518 3031 similes
1570 2979 1692 3031 estis
1726 2976 2022 3031 hominibus

457 3072 547 3140 qui
576 3080 878 3139 exspectant
915 3069 1195 3123 Dominum
1236 3084 1389 3123 suum
1428 3070 1641 3139 quando
1677 3077 2023 3125 revertatura

454 3163 679 3229 nuptiis.
705 3171 765 3216 ut
800 3178 916 3215 cum
940 3161 1154 3224 venerit,
1181 3168 1231 3214 et
1258 3162 1562 3232 pulsaverit,
1587 3160 1858 3229 confestim
1897 3178 2026 3231 ape-

456 3254 605 3307 riant
635 3254 715 3307 ei:
750 3252 886 3307 beati
922 3255 1070 3319 estis,
1114 3253 1241 3323 quia
1282 3252 1439 3323 faciet
1476 3268 1561 3306 vos
1606 3250 1955 3315 discumbere,
1978 3261 2025 3305 et

462 3344 721 3397 transiens
738 3345 1056 3398 ministrabit
1081 3345 1239 3399 vobis.
1264 3340 1336 3397 Et
1361 3344 1407 3399 si
1434 3344 1487 3397 in
1507 3344 1756 3408 secunda,
1780 3351 1827 3397 et
1849 3344 2027 3411 tertia,

464 3432 600 3490 beati
622 3438 811 3492 estis‘l.

458 3529 603 3585 ὖστε
623 3573 639 3597 ,
699 3531 790 3585 ὅτι
872 3530 1184 3588 ἀνακλινεῖ
1229 3534 1277 3571 ⁸⁸
1333 3530 1489 3602 ὑμᾶς
1555 3532 1654 3587 καὶ
1718 3535 2032 3603 παρελθὼν
2066 3536 2433 3603 διακονήσει.
2480 3537 2607 3597 Κάν
2694 3534 2770 3606 τῇ
2825 3533 3071 3603 δευτέρᾳ

459 3623 739 3693 μακάριοί
765 3623 926 3679 ἐστε.

535 3715 887 3772 Considerate
944 3717 1089 3771 enim
1146 3718 1287 3786 quod
1337 3724 1448 3772 tres
1498 3716 1705 3785 vigilias
1754 3719 2024 3789 ponendo,

464 3809 855 3878 vespertinam,
883 3807 1133 3872 alteram,
1161 3818 1218 3863 et
1245 3809 1483 3875 tertiam,
1518 3818 1627 3864 tres
1647 3826 1865 3881 quoque
1896 3822 2029 3866 acta-

463 3897 539 3951 tis
569 3898 900 3951 mutationes
963 3898 1318 3967 signiﬁcarit:
1354 3899 1793 3966 adolescentiam,
1819 3902 2029 3957 virilem

463 3996 710 4053 aetatem,
740 3999 795 4043 et
834 3998 1192 4053 senectutem,
1225 3991 1367 4059 quod
1411 3991 1538 4046 velit
1565 4007 1683 4058 nos,
1712 4007 1834 4048 cum
1865 4008 2029 4049 vene-

464 4078 541 4132 rit
564 4078 818 4132 mundum
843 4076 863 4149 [
886 4079 937 4133 in
959 4077 1203 4151 judicio]
1234 4093 1630 4151 assumpturus,
1661 4093 1879 4153 paratos
1903 4099 2026 4140 esse

466 4182 535 4221 ac
564 4182 729 4236 puros
756 4169 1002 4238 quamvis
1045 4171 1222 4224 adhuc
1264 4170 1318 4225 in
1350 4173 1575 4239 pueritia
1604 4183 1925 4240 versantes;
1955 4175 2033 4227 si-

467 4258 674 4315 militer
726 4260 1018 4314 secundam
1112 4270 1163 4315 et
1225 4266 1442 4317 tertiam
1510 4264 1753 4333 vigiliam
1809 4264 2030 4321 indicat.

470 4346 791 4417 Vespertina
816 4350 959 4404 enim
986 4351 1165 4422 vigilia
1195 4360 1279 4407 est
1305 4352 1552 4408 ﬂorentis
1577 4355 1754 4409 aetatis
1785 4355 2032 4411 humana:

468 4448 668 4506 Status,
717 4455 826 4510 quo
867 4441 1055 4509 incipit
1089 4443 1316 4499 rationis
1368 4442 1653 4512 imperium
1693 4444 2033 4515 passionibus

471 4533 733 4602 agitatum
805 4533 1046 4600 turbari;
1098 4534 1264 4588 altera
1319 4549 1472 4602 vero,
1516 4536 1730 4605 quando
1784 4536 2036 4603 deinceps

472 4624 529 4679 in
564 4624 861 4693 perfectum
893 4626 1066 4680 virum
1092 4628 1326 4682 evadens
1353 4627 1548 4698 incipit
1586 4643 1739 4683 mens
1764 4629 2037 4699 perpetuis

472 4717 811 4784 negotiorum
886 4717 1204 4772 tumultibus
1277 4720 1555 4787 occupari.
1622 4718 1809 4773 Tertia
1884 4734 2035 4787 vero,

472 4807 688 4876 quando
718 4807 943 4862 inﬁnita:
976 4807 1332 4877 cupiditatum
1362 4810 1628 4880 imagines
1666 4824 1895 4881 corpore
1921 4810 2033 4879 jam

474 4903 847 4950 marcescente
863 4903 917 4949 et
938 4896 992 4949 in
1016 4897 1223 4950 senium
1250 4908 1507 4965 vergente
1537 4899 1737 4952 sensim
1764 4898 2036 4952 deﬁciunt.

473 4984 818 5056 Quapropter
874 4998 1075 5043 aeterna
1116 4988 1236 5044 lidei
1291 4988 1485 5060 309b
1544 4990 1749 5059 lampas
1803 4990 1855 5043 in
1880 4983 2041 5044 coi'de

549 5106 629 5138 ι’*
656 5099 854 5155 Jerem.
878 5115 940 5169 ιι,
967 5100 1057 5154 '52.
1131 5110 1160 5139 ι
1189 5100 1323 5157 Gen.
1359 5118 1446 5170 xv,
1474 5101 1526 5157 9.
1600 5110 1630 5151 1
1664 5100 1794 5157 Luc.
1824 5116 1920 5167 xu,
1945 5101 2105 5156 5-27.

2116 1789 2454 1861 Προσένεγκέ
2485 1807 2575 1860 μοι
2597 1789 2772 1857 ἄζυγα
2789 1788 2885 1843 καὶ
2902 1787 3184 1842 άκάκωτόν
3206 1787 3250 1817 ⁷⁷
3281 1801 3375 1838 σου
3399 1782 3689 1853 τὴνψυχὴν

2111 1881 2393 1952 δαμάλεως
2440 1882 2619 1954 δίκην,
2657 1881 2749 1934 καὶ
2782 1880 2885 1952 τὴν
2929 1881 3108 1950 σάρκα
3142 1877 3239 1931 καὶ
3283 1876 3378 1930 τὸν
3406 1873 3687 1943 λογισμὸν,

2111 1974 2210 2045 τὴν
2238 1973 2335 2044 μὲν
2357 1974 2432 2037 ὡς
2461 1969 2596 2042 αἶγα
2626 1973 2696 2036 ⁷⁸,
2727 1972 2914 2044 ἐπειδὴ
2938 1971 3007 2025 τά
3036 1971 3286 2042 μετέωρα
3310 1968 3406 2022 καὶ
3429 1962 3692 2038 κρημνώ-

2112 2064 2175 2136 δη
2197 2065 2497 2135 περιπολεῖ,
2509 2064 2598 2118 τὸν
2622 2063 2679 2119 δὲ
2708 2063 2784 2128 ὡς
2810 2064 2984 2135 κριὸν,
3010 2062 3096 2115 ἴνα
3126 2060 3390 2132 μηδαμῶς
3420 2059 3694 2128 ἀποσκιρ-

2113 2160 2284 2228 τήσας
2325 2156 2641 2227 ὲξολισθήσῃ
2664 2196 2669 2201 -
2696 2157 2795 2224 τῆς
2828 2155 3105 2226 ἀληθείας.
3150 2152 3305 2207 Οὕτω
3356 2152 3465 2222 γὰρ
3502 2148 3694 2205 ἀνεπί-

2114 2250 2315 2320 ληπτος
2346 2248 2445 2320 ἔσῃ
2474 2249 2550 2312 ὡς
2597 2248 2848 2320 Ἀϐραὰμ
2882 2250 2951 2313 ⁷⁵,
2975 2246 3043 2301 ἂν
3086 2244 3289 2316 ἀναθῇς
3317 2244 3441 2315 ἐμοὶ
3468 2242 3565 2296 καὶ
3594 2240 3696 2313 τὴν

2115 2340 2295 2411 ψυχὴν
2320 2341 2415 2394 καὶ
2438 2338 2537 2412 τὴν
2558 2339 2812 2410 αἴσθησιν
2835 2341 2932 2393 καὶ
2958 2338 3053 2393 τὸν
3078 2336 3203 2392 νοῦν
3228 2354 3243 2369 ο
3285 2336 3321 2388 ἃ
3349 2332 3697 2405 συμϐολικῶς

2115 2432 2345 2501 δάμαλιν
2372 2430 2475 2503 ἔφη
2509 2432 2604 2485 καὶ
2656 2426 2789 2499 αἶγα
2832 2430 2929 2484 καὶ
2966 2429 3117 2502 κριὸν
3141 2426 3504 2498 τριετίζοντα,
3530 2421 3699 2477 οἱονεὶ

2117 2525 2216 2595 τὴν
2246 2524 2448 2593 γνῶσιν
2475 2524 2864 2596 άκακέμφατον
2887 2525 2988 2595 τῆς
3018 2520 3235 2593 τριάδος
3274 2516 3693 2589 ἑπανηρημένα.

2118 2614 2271 2685 Τάχα
2297 2615 2355 2668 δὲ
2390 2614 2486 2669 καὶ
2533 2615 2633 2685 τὴν
2678 2612 2902 2686 πρώτην
2957 2613 3052 2666 καὶ
3100 2612 3199 2682 τὴν
3247 2610 3421 2680 μέσην
3458 2606 3555 2661 καὶ
3597 2604 3699 2676 τὴν

2117 2707 2435 2761 τελευταίαν
2485 2704 2597 2760 ’τοῦ
2644 2706 2759 2777 βίου
2816 2705 2919 2776 τῆς
2969 2703 3183 2775 ἡλικίας
3203 2701 3363 2774 ἡμῶν
3391 2699 3699 2755 αἰνίσσεται

2118 2798 2327 2871 τρίϐον,
2365 2799 2692 2870 βουλόμενος
2729 2798 2806 2862 ὡς
2853 2799 2935 2852 ὅτι
2981 2798 3027 2829 ⁸ο
3068 2796 3301 2867 μάλιστα
3333 2794 3425 2847 καὶ
3460 2793 3555 2845 τὸν
3592 2790 3702 2844 τῶν

2120 2893 2327 2947 παίδων
2352 2893 2446 2946 καὶ
2471 2892 2563 2946 τὸν
2587 2891 2694 2944 τῶν
2722 2891 2934 2961 ἀνδρῶν
2980 2890 3075 2944 καὶ
3102 2887 3193 2942 τὸν
3204 2888 3329 2940 θεῶν
3359 2882 3705 2956 γεραιτέρων

2123 2986 2312 3057 χρόνον
2335 3002 2396 3037 συ
2405 2984 2656 3054 μφρόνως
2678 2982 2978 3054 βιώσαντας
3009 2980 3162 3051 αὑτῷ
3183 2975 3656 3050 προσενέγκασθαι
3683 2988 3701 3007 ⁶

2130 3074 2250 3129 καθ’
2283 3074 2342 3127 ὃν
2388 3074 2593 3145 τρόπον
2629 3075 2724 3128 καὶ
2772 3074 2832 3127 ὲν
2866 3072 3213 3140 Εὐαγγελίοις
3247 3072 3276 3123 ὁ
3311 3069 3513 3140 Κύριος
3551 3083 3708 3138 νομορ

2130 3166 2295 3219 θετεῖ’
2333 3167 2442 3221 Διὰ
2480 3166 2658 3220 τοῦτο
2699 3164 2744 3198 ⁸⁸
2772 3164 2873 3219 καὶ
2900 3164 3066 3235 ὑμεῖς
3093 3164 3283 3233 ὅμοιοι
3327 3162 3572 3233 γίνεσθε
3597 3160 3706 3213 ἀν-

2131 3256 2383 3325 θρώποις
2442 3256 2955 3326 προσδεχομένοις
3019 3256 3127 3309 τὸν
3179 3254 3390 3321 κύριον
3470 3249 3705 3311 αὐτῶν,

2133 3350 2276 3402 πότε
2305 3350 2597 3404 ἀναλύσει
2647 3349 2718 3402 ἐκ
2752 3344 2870 3402 τῶν
2923 3348 3146 3417 γάμων,
3180 3348 3282 3401 ἵνα
3307 3345 3549 3399 ἐλθόντι
3608 3343 3709 3397 καί

2134 3442 2459 3509 κρούσαντι
2558 3439 2719 3507 αὐτῷ
2785 3438 3004 3506 εὐθέως
3060 3439 3364 3504 ἀνοίξωσι.
3418 3434 3711 3505 Μακάριοι

3152 3532 3253 3589 καὶ
3311 3530 3389 3601 τῇ
3438 3530 3484 3563 ⁸³
3539 3530 3711 3599 τρίτῃ

2222 3714 2623 3784 Ἐπισκέψασθε
2642 3712 2750 3784 γὰρ
2779 3712 2860 3766 ὅτι
2878 3712 3025 3782 τρεῖς
3048 3708 3379 3779 ὑποθέμενος
3397 3706 3445 3739 ⁸⁸
3461 3706 3714 3779 φυλακὰς

2136 3809 2348 3872 νυκτὸς,
2388 3805 2702 3877 ἑσπερινὴν,
2759 3804 2853 3857 καὶ
2894 3802 3154 3874 δευτέραν
3202 3802 3297 3854 καὶ
3352 3799 3564 3871 τρίτην,
3617 3799 3715 3852 καὶ

2135 3905 2285 3974 τρεῖς
2311 3899 2468 3972 ἡμῶν
2523 3898 2623 3962 τὰς
2660 3898 2761 3967 τῆς
2789 3896 2835 3929 ⁸⁵
2865 3896 3080 3965 ἡλικίας
3117 3892 3335 3965 ᾐνίξατο
3382 3889 3714 3962 μεταϐολὰς,

2134 3996 2233 4066 τὴν
2275 3989 2610 4066 μειρακιώδη
2627 3991 2722 4045 καὶ
2749 3989 2847 4060 τὴν
2872 3986 3146 4059 πρόσηϐον
3178 3987 3271 4038 καὶ
3296 3984 3395 4054 τὴν
3415 3981 3714 4054 πρεσϐυτι-

2137 4089 2262 4157 κὴν,
2324 4083 2643 4157 βουλόμενος
2697 4081 2786 4135 ἵνα
2842 4082 2938 4133 καὶ
2988 4080 3178 4139 παῖδας
3210 4076 3389 4139 ὄντας,
3440 4073 3538 4127 ἐὰν
3581 4072 3714 4144 ἔλθῃ

2137 4174 2592 4247 παραληψόμενος
2627 4172 2717 4227 τὸν
2750 4170 2973 4239 κόσμον,
3008 4168 3256 4236 ἑτοίμους
3292 4164 3589 4219 καταλάϐοι
3617 4164 3715 4216 καὶ

2136 4265 2435 4334 καθαροὺς,
2468 4262 2565 4315 καὶ
2604 4260 2701 4332 τὴν
2726 4260 2986 4330 δευτέραν
3017 4258 3219 4328 ὁμοίως
3249 4256 3341 4309 καὶ
3365 4254 3463 4325 τὴν
3496 4253 3713 4324 τρίτην.

2148 4354 2440 4425 Ἑσπερινὴ
2461 4354 2569 4423 γὰρ
2601 4352 2814 4423 φυλακὴ
2842 4353 2869 4404 ὁ
2897 4349 3087 4419 καιρός
3120 4350 3237 4401 ἐστι
3265 4349 3363 4419 τῆς
3393 4346 3583 4416 ἀκμῆς
3614 4343 3714 4397 τοῦ

2137 4445 2449 4515 ἀνθρώπου,
2478 4444 2600 4499 καθ’
2624 4444 2691 4515 ἢν
2714 4444 2940 4515 ἄρχεται
2968 4439 3337 4513 ταράσσεσθαι
3361 4439 3421 4491 τὸ
3450 4440 3715 4508 ἡγεμονι-

2143 4537 2237 4592 κδν
2262 4535 2677 4604 ἐπιθολούμενον
2700 4537 2811 4597 τοῖς
2834 4533 3030 4587 πάθεσι
3052 4549 3068 4562 ’
3100 4530 3329 4601 δευτέρα
3360 4530 3440 4594 δὲ,
3473 4530 3718 4599 ὁπηνίκα

2140 4628 2325 4682 λοιπὸν
2354 4628 2434 4692 είς
2461 4626 2628 4697 ἄνδρα
2650 4626 2850 4680 τέλειον
2889 4623 3085 4685 ἐλάσας
3128 4621 3355 4692 ἄρχεται
3386 4620 3719 4689 βεϐαιότητα

2141 4718 2249 4773 τῶν
2297 4717 2540 4789 θορύϐων
2570 4718 2598 4769 ό
2625 4714 2746 4778 νοῦς
2782 4712 3253 4786 προσλαμϐάνειν·
3292 4710 3453 4781 τρίτη
3500 4709 3583 4773 δὲ,
3626 4710 3717 4762 ὅτε

2140 4811 2198 4864 αἱ
2253 4810 2501 4863 πλεῖσται
2549 4805 2840 4875 φαντασίαι
2888 4805 2996 4858 τῶν
3059 4801 3363 4873 ἐπιθυμιῶν
3410 4801 3715 4870 φθίνουσιν,

2143 4897 2663 4969 ἀπομαραινομένης
2728 4896 2829 4967 ήδη
2883 4895 2982 4965 τῆς
3027 4892 3227 4963 σαρκὸς
3276 4891 3371 4945 καὶ
3414 4893 3494 4955 είς
3536 4891 3720 4959 γῆρας

2146 4991 2580 5063 προκοπτούσης.
2621 4987 2712 5042 Διὸ
2736 4987 3013 5060 προσῆκεν
3039 4984 3301 5042 ἄσϐεστον
3333 4985 3391 5037 ὲν
3419 4985 3489 5054 τῇ
3517 4981 3722 5054 καρδίᾳ.

1776 5240 2015 5299 VARIIE
2041 5241 2424 5299 LECTIONES

555 5338 602 5370 ”
630 5335 801 5406 ἁναζῇ
842 5353 902 5407 ς.
979 5334 1318 5407 ⁷³)Ὀμηρος]
1349 5335 1449 5407 Od.
1477 5351 1534 5401 ι,
1558 5333 1719 5407 510.7
1740 5334 1785 5407 "f
1815 5334 2053 5407 159.1},
2084 5336 2173 5391 55.
2231 5338 2281 5371 ⁷⁸
2307 5352 2373 5391 an
2422 5335 2621 5407 ζώνηῖί
2702 5331 2934 5407 Ὶξλάϐε]
2964 5331 3107 5407 _Gett.
3139 5331 3325 5407 ξνχξ)ἰ
3367 5331 3414 5363 ”
3464 5331 3557 5384 καὶ
3592 5324 3726 5407 oga.

479 5423 651 5473 τριετ.
676 5404 801 5462 add;
832 5406 940 5461 ΑΒ.
994 5406 1039 5437 ⁷⁸
1068 5404 1589 5461 Ιίϋτῐάκακώτατόν.
1682 5406 1728 5439 ⁷⁸
1752 5404 1827 5468 ὡς
1852 5404 2111 5473 δ”Ᾱϐραὰ

2116 5424 2155 5475 μ
2184 5424 2243 5472 ς.
2276 5475 2290 5477 _
2345 5407 2394 5439 ⁸⁸
2423 5399 2530 5477 δτι]
2557 5399 2669 5477 ἄρα
2692 5405 2801 5477 ΑΒ.
2847 5399 2933 5477 ᾲ⁸ῖ
2958 5404 3046 5457 διὰ
3082 5401 3260 5474 τοῦτο]
3305 5400 3438 5457 Luc.
3500 5415 3601 5464 xtl,
3629 5399 3722 5454 ε-δ.

483 5474 530 5509 ⁸⁸
549 5476 810 5548 ἀνακλίνῃ
838 5494 898 5540 ς.
972 5476 1017 5508 ⁸⁸
1042 5478 1110 5547 τῇ
1136 5491 1248 5532 om.
1269 5476 1336 5531 Α.
1420 5476 1466 5506 ⁸⁵
1493 5475 1813 5540 ἐπιθέμενος
1841 5492 1901 5540 ς.
1976 5476 2022 5507 ⁸⁸
2051 5474 2149 5538 τὰς
2171 5475 2293 5551 τῆς]
2310 5477 2409 5543 τὰς
2437 5476 2478 5531 Β
2501 5474 2557 5532 ει
2591 5474 2675 5547 pr.
2715 5476 2780 5531 A.
2810 5474 2908 5546 τῆς
2941 5490 3003 5538 ς.

1936 5569 2166 5627 NOTAE.

558 5658 669 5731 (92)
710 5662 823 5719 Prae
848 5678 907 5719 se
939 5661 1189 5733 ferentia,
1221 5661 1599 5733 signiﬁcantia.
