3964 6246
268 217 408 282 1165

1294 227 1815 294 BIBLIOTHECA.
1845 258 1915 270 -
1945 235 2109 298 COD.
2145 238 2529 306 CCXXXVII.

3395 240 3525 320 tif-5

263 329 364 396 τῆς
403 326 643 391 πίστεως
680 325 985 400 ἐξάψαντας
1033 331 1126 387 τὸν
1155 332 1367 406 λύχνον,
1399 338 1497 390 καὶ
1530 337 1628 408 τὴν
1677 340 1848 408 ὀσφὺν

1955 341 2181 435 fovenda
2204 358 2309 414 est,
2328 350 2614 435 lumbique
2640 357 2992 426 temperantia
3021 359 3360 431 accingendi,
3384 368 3522 435 vigi-

265 415 726 487 ἀναζωσαμένους
772 424 841 492 τῇ
897 424 1257 499 σωφροσύνῃ,
1325 427 1687 498 ἐγρηγορέναι
1759 430 1854 483 καὶ

266 508 580 615 προσδοκξν
606 510 696 563 ἀεὶ
725 510 819 564 τὸν
852 513 1081 584 Κύριον.

337 596 463 651 Ὅτι
492 596 703 670 σῖκερα,
747 603 907 671 φησὶ,
940 605 1051 658 πᾶν
1071 602 1133 657 τὸ
1163 604 1335 677 μέθην
1375 606 1540 677 φέρον
1581 608 1722 677 μετά
1758 608 1853 662 τὸν

265 685 407 742 οἶνον
435 689 526 741 τὸν
558 690 619 754 ἐξ
650 691 931 761 ἀμπέλων.

339 781 464 833 Ὅτι
489 780 581 835 δύο
601 782 714 854 εἴδη
738 785 998 854 ἀμπέλων
1018 788 1171 859 παρὰ
1195 792 1262 861 τῇ
1291 789 1503 863 Γραφῇ,
1533 790 1655 846 λίαν
1675 791 1852 861 ἀγαθὴ

267 872 365 924 καὶ
392 872 514 927 λίαν
556 876 724 947 κακή.
781 877 891 931 Καὶ
943 878 1053 947 γάρ
1100 897 1266 951 φησιν
1305 884 1334 934 ὁ
1381 883 1607 954 Κύριος.
1642 883 1788 954 Ἐγώ
1806 885 1853 917 ⁸⁸

266 966 388 1034 ειμι
424 967 465 1034 ή
504 966 776 1036 ἄμπελος
821 972 861 1038 ἡ
906 971 1186 1042 ἀληθινὴ,
1221 975 1391 1045 ὑμεῖς
1434 978 1508 1031 τὰ
1556 976 1850 1049 κλήματα.

280 1055 349 1108 Ἢ
381 1056 441 1109 δὲ
481 1060 629 1129 κακὴ
691 1060 787 1114 καὶ
835 1062 1006 1132 ἀγρία
1066 1066 1215 1119 ἐστὶν
1267 1068 1297 1119 ὀ
1337 1066 1603 1134 διάὸολος,
1649 1069 1853 1124 λύσσαν

269 1145 622 1217 ἀποστάζων,
654 1149 729 1213 ὡς
759 1153 856 1204 καὶ
887 1154 1130 1224 Μωῦσῆς
1167 1155 1486 1232 διαγράφων
1530 1161 1660 1229 περὶ
1683 1160 1851 1214 αὑτοῦ

269 1253 441 1307 φησιν
466 1253 483 1270 ·
528 1240 624 1293 Ἐκ
676 1240 786 1310 γὰρ
813 1243 858 1274 ⁸⁷
891 1243 1165 1314 ἀμπέλου
1188 1247 1469 1316 Σοδόμων
1497 1252 1537 1318 ἡ
1588 1250 1854 1321 ἄμπελος

270 1326 405 1402 [506
456 1329 554 1403 11.]
591 1332 809 1400 αὐτῶν,
848 1336 947 1389 καὶ
994 1336 1034 1405 ἡ
1075 1338 1369 1408 κληματίς
1400 1341 1599 1395 αὐτῶν
1628 1342 1698 1395 ἐκ
1740 1344 1853 1396 I‘o-

268 1420 519 1489 μόῤῥαςν
550 1426 646 1477 καὶ
674 1424 827 1495 ἑξῆς.
912 1495 925 1508 ,

344 1514 470 1571 Ὀτι
499 1517 528 1568 ὀ
547 1514 747 1586 χρυσὸς
780 1515 857 1569 ἰὸν
886 1515 948 1569 ού
975 1518 1368 1589 παραδέχεται.

343 1610 468 1664 Ὀτι
503 1610 661 1680 φησὶ,
714 1609 789 1662 Τὸ
821 1608 931 1681 γὰρ
979 1611 1269 1680 λεγόμενον
1323 1613 1716 1683 ὡμοιῶσθαι⁸⁸
1735 1619 1852 1686 τὴν

1955 426 2195 495 landum,
2227 441 2285 487 et
2327 432 2591 491 Dominus
2630 448 2816 495 noster
2844 455 3061 514 semper
3097 426 3520 517 exspectandus.-

2024 608 2236 674 Sicera,
2276 612 2485 682 inquit,
2516 625 2601 670 est
2643 616 2925 687 quidquid,
2956 633 3112 677 extra
3142 624 3326 681 vinum
3356 640 3390 682 e
3420 631 3529 684 vite

1951 710 2288 766 expressum,
2324 700 2574 757 inebriat.

2028 783 2143 839 Duo
2174 785 2298 841 vitis
2337 803 2534 857 genera
2587 791 2666 847 ait
2704 792 2759 847 in
2795 792 3073 865 Scriptura
3099 801 3224 868 poni
3253 817 3268 853 :
3294 802 3523 860 alterum

1952 875 2235 944 optimum,
2265 876 2494 935 alterum
2540 884 2857 952 pessimum.
2903 887 3149 945 Etenim:
3179 891 3313 961 Ego,
3347 893 3527 962 inquit

1952 965 2235 1034 Dominus,
2257 985 2375 1023 sum
2397 970 2515 1026 ritis
2545 990 2689 1038 vera,
2719 992 2806 1030 vos
2834 979 3078 1045 palmites
3097 990 3142 1036 ³.
3173 980 3312 1037 Mala
3343 996 3525 1039 autem

1952 1067 2007 1113 et
2045 1061 2277 1130 agrestis
2305 1071 2390 1118 est
2422 1063 2671 1122 diabolus
2734 1068 2970 1125 furorem
3018 1072 3310 1141 distillans,
3331 1092 3525 1146 quem-

1954 1151 2241 1207 admodum
2293 1153 2473 1211 Moses
2516 1157 2585 1213 de
2626 1172 2693 1215 eo
2745 1162 2990 1218 scribens
3040 1164 3119 1219 ait
3169 1184 3183 1220 :
3250 1166 3326 1221 De
3377 1169 3527 1223 vinea

1953 1240 2305 1299 Sodomorum
2339 1249 2489 1303 vinea
2512 1264 2713 1316 eorum,
2736 1262 2786 1306 et
2814 1254 2932 1307 vitis
2959 1271 3138 1310 eorum
3167 1272 3266 1311 uva
3306 1260 3444 1326 fellis
3471 1268 3520 1325 ·;

1950 1346 2005 1391 et
2027 1352 2150 1405 quae
2175 1350 2500 1409 sequuntur.

2022 1516 2227 1570 Aurum
2258 1520 2484 1589 aerugini
2520 1537 2628 1577 non
2658 1538 2778 1580 esse
2803 1526 3095 1582 obnoxium
3133 1530 3311 1585 docet.

2018 1605 2143 1660 Illa:
2168 1605 2533 1666 Asu‘milatum
2557 1629 2670 1669 esse
2693 1631 2904 1686 regnum
2927 1618 3178 1673 calorum
3198 1623 3373 1676 decem
3418 1624 3527 1677 vir-

260 1700 592 1766 ,βασιλείαν
615 1695 733 1752 τῶν
752 1698 1025 1767 οὐρανῶν
1035 1700 1184 1756 δέκα
1200 1705 1537 1773 παρθένοις,
1572 1709 1849 1779 σημαίνειν

1956 1700 2163 1769 ginibus
2186 1700 2247 1768 δ,
2292 1703 2408 1759 vult
2457 1706 2783 1776 signiﬁcare,
2812 1725 3004 1767 omnes
3032 1712 3173 1771 idem
3202 1715 3322 1770 vita:
3354 1731 3526 1785 genus

268 1792 520 1863 βούλεται
547 1790 647 1862 τὴν
696 1791 867 1863 αὐτὴν
898 1792 1019 1846 ὀδὺν
1051 1793 1147 1847 τοῦ
1199 1796 1630 1869 ἐπιτηδεύματος
1675 1802 1853 1868 πάσας

268 1884 717 1956 ἐπανῃρημένας,
752 1884 842 1938 διὰ
873 1886 972 1955 τὴν
1002 1885 1243 1957 ἔμφασιν
1281 1890 1376 1943 τοῦ
1405 1890 1539 1946 ῑῶτα
1568 1895 1849 1965 στοιχείου.

270 1975 399 2048 [956
425 1975 518 2047 8.]
562 1975 903 2031 Ἑστείλαντο
936 1979 1035 2048 μὲν
1073 1979 1183 2051 γὰρ
1228 1983 1621 2055 παραπλησίως
1653 1988 1855 2051 ἑαυτάς

267 2072 349 2133 εἰς
371 2067 534 2121 τοῦτο
549 2066 1058 2139 καθομολογήσασαι
1075 2070 1144 2136 ⁸⁸,
1167 2073 1263 2126 καὶ
1281 2072 1456 2147 ταύτῃ
1472 2075 1853 2148 κικλήσκονται

264 2159 425 2223 δέκα,
466 2157 654 2213 οὐκέτι
676 2161 724 2192 ⁸⁸
747 2160 804 2214 δὲ
842 2160 1041 2231 ὁμοίως
1077 2161 1299 2230 ἐξῆλθον
1330 2166 1739 2237 ύπαντήσουσαι
1774 2170 1852 2243 τῷ

261 2251 509 2322 Νυμφίῳ
553 2267 568 2283 ·
594 2253 653 2305 αἱ
687 2251 787 2321 μὲν
842 2252 951 2323 γάρ
1002 2255 1212 2327 τροφὴν
1258 2255 1487 2326 ἄφθονον
1528 2260 1852 2331 ἐπορίσαντο

266 2350 392 2411 ταῖς
414 2348 822 2419 ἐλαιοθρέπτοις
841 2347 1141 2420 λαμπάσιν,
1172 2353 1230 2407 αἱ
1253 2353 1311 2407 δὲ
1335 2356 1723 2429 κατερρᾳθύμη
1732 2376 1849 2417 σαν.

268 2440 365 2493 Διὸ
408 2440 475 2508 δὴ
515 2440 613 2493 καὶ
669 2441 947 2513 ίσάριθμοι
990 2443 1128 2513 πρὸς
1158 2435 1227 2497 ἐ’
1259 2444 1614 2518 διαιροῦνται,
1664 2451 1848 2523 ἐπειδή

267 2553 379 2609 περ
402 2536 502 2601 τὰς
530 2542 572 2590 ε’
603 2538 891 2610 αἰσθήσεις
918 2540 975 2594 αἱ
1021 2541 1120 2613 μὲν
1158 2542 1338 2595 αὐτῶν
1386 2544 1722 2613 ἐφυλάξαντο
1747 2563 1850 2600 κα-

269 2625 468 2696 θαρὰς,
498 2624 563 2690 ἃς
596 2629 645 2681 οἱ
678 2628 924 2683 πλεῖστοι
952 2632 1146 2700 σοφίας
1172 2633 1347 2697 πύλας
1377 2635 1848 2708 προσηγόρευσαν,

266 2719 329 2772 αἱ
353 2718 413 2772 δὲ
445 2719 756 2774 τούναντίον
786 2723 1237 2795 ητελωὸήσαντο
1292 2726 1481 2798 κακία.
1524 2727 1851 2798 Ἑγκρατευ-

268 2810 512 2881 σάμεναι
555 2811 668 2883 γὰρ
717 2814 819 2867 καὶ
865 2813 1201 2884 ἀγνεύσασαι
1249 2816 1599 2891 δικαιοσύνης
1649 2822 1851 2891 μᾶλλον

266 2904 577 2976 εὒφόρεσαν
604 2906 649 2939 ⁹¹
678 2905 1128 2977 παραπτώμασιν
1150 2925 1165 2938 ο
1182 2907 1248 2973 ἐξ
1265 2905 1327 2964 οὗ
1354 2911 1451 2964 καὶ
1476 2911 1671 2986 συνέϐη
1688 2915 1850 2980 αὐτὸς

266 2995 736 3099 ἀπαγορευθῆναι.
781 2998 906 3050 Εῐτε
944 2998 1055 3068 γὰρ
1097 3000 1471 3072 κατορθοῦμεν
1513 3003 1625 3057 εἴτε
1671 3004 1851 3077 πλημ-
1874 3038 1918 3099 c

271 3086 569 3157 μλοῦμεν,
623 3087 713 3141 διὰ
757 3090 962 3143 τούτων
993 3090 1231 3162 ἑκάτερα
1270 3093 1364 3147 καὶ
1403 3093 1473 3149 τά
1509 3095 1847 3169 ἀνδραγαθή-

265 3198 417 3250 ματα
433 3181 755 3252 κρατύνεται
775 3184 872 3238 καὶ
896 3185 965 3238 τά
986 3186 1133 3241 κακά
1161 3187 1483 3259 πράγματα.
1512 3190 1625 3243 Καὶ
1655 3190 1848 3264 ὥσπερ

261 3274 301 3339 ἡ
343 3273 611 3328 θάλλουσα
654 3275 751 3329 καί⁵
801 3276 1098 3347 ὀφθαλμῶν
1150 3278 1374 3347 ἁγνείαν
1426 3281 1527 3352 ἔφη
1557 3282 1653 3336 καὶ
1696 3282 1849 3337 ὢτων

263 3354 411 3419 εἶναι
444 3363 539 3416 καὶ
575 3363 829 3437 γλώσσης
864 3366 1094 3420 καὶτῶν
1134 3365 1336 3421 λοιπῶν
1383 3368 1618 3439 καθεξῆς
1652 3370 1846 3440 αίσθη-

263 3457 497 3528 τηρίων,
530 3456 674 3511 οὕτω
707 3457 774 3528 δὴ
815 3459 911 3512 καὶ
950 3458 1021 3512 τὰ
1052 3458 1288 3513 ἐνταῦθα
1320 3459 1419 3530 τὴν
1444 3460 1627 3515 πίστιν
1653 3462 1849 3517 ἄσυλον

263 3550 305 3619 ἡ
332 3549 681 3622 φυλαξαμένη
697 3551 805 3604 τῶν
829 3552 989 3604 πέντε
1010 3551 1197 3605 διόδων
1217 3552 1317 3622 τῆς
1331 3553 1553 3624 ἀρετῆς,
1574 3555 1843 3624 ὁράσεως,

261 3638 531 3708 γεύσεως,
561 3641 879 3713 ὀσφρήσεως
900 3643 969 3707 ⁵³,
1013 3642 1157 3713 ἁφῆς
1183 3660 1242 3696 τε
1298 3644 1392 3698 καὶ
1442 3644 1632 3714 ἀκοῆς,
1685 3644 1847 3697 πέντε

265 3733 775 3805 προσαγορεύονται
807 3734 853 3766 ⁸³
882 3734 1164 3806 παρθένοι,
1195 3733 1285 3789 διὰ
1322 3735 1384 3788 τὸ
1423 3734 1523 3798 τὰς
1555 3734 1715 3789 πέντε
1750 3737 1849 3805 τῆς

267 3825 579 3895 αἰσθήσεως
628 3825 799 3893 ἁγνὰς
852 3826 1305 3895 ἀποκαταστῆσαι
1343 3825 1424 3897 τῷ
1468 3825 1689 3897 Χριστῷ
1723 3844 1849 3897 φαν-

263 3918 489 3983 τασίας,
524 3917 618 3985 ἀφ’
649 3917 886 3988 ἑκάστης
937 3917 1111 3988 αὐτῆς
1148 3910 1238 3971 οἶα
1279 3918 1539 3988 λαμπάδα
1573 3918 1672 3988 τὴν
1700 3919 1844 3972 ὀσιό-

259 4025 406 4074 τητα
460 4007 780 4075 λάμπουσαν
823 4009 872 4042 ’⁵
927 4009 1141 4080 τρανῶς
1163 4026 1181 4042 ο
1240 4011 1274 4081 ή
1332 4010 1442 4081 γὰρ
1497 4010 1846 4081 πεντάφωτος

260 4099 427 4172 ἡμῶν
489 4100 705 4170 ἀληθῶς
758 4101 980 4173 λαμπὰς
1015 4104 1051 4173 ἡ
1109 4102 1247 4175 σάρξ
1305 4102 1473 4167 ἐστιν,
1508 4101 1576 4173 ἢν
1622 4104 1656 4171 ἡ
1700 4103 1845 4174 ψυχὴ

262 4192 613 4263 βαστάζουσα
666 4194 820 4267 δᾳδὸς
870 4195 1026 4264 δίκην
1092 4195 1169 4265 τῷ
1224 4196 1461 4266 Νυμφίῳ
1515 4195 1846 4265 παρίσταται

266 4282 517 4355 Χριστῷ,
547 4286 617 4355 τῇ
658 4285 843 4356 ἡμέρᾳ
882 4285 984 4354 τῆς
1022 4286 1373 4346 ἀναστάσεως
1400 4286 1840 4356 παραφαίνουσα,

1955 1808 2051 1848 seu
2097 1795 2338 1849 studium
2368 1798 2716 1867 .arripuisse,
2784 1811 3005 1870 propter
3072 1803 3524 1873 significationem

1951 1895 2009 1942 et
2036 1887 2143 1941 vim
2175 1888 2521 1944 elementaris
2573 1890 2767 1947 litterae
2818 1891 2939 1947 Iota
2983 1893 3097 1962 (95)
3130 1893 3150 1967 [
3178 1911 3300 1966 qua.
3337 1898 3522 1953 decem

1954 1977 2146 2052 valet.]
2168 1978 2444 2037 Ornarunt
2479 1981 2625 2037 enim
2659 1985 2867 2053 seipsas
2896 1984 3059 2041 simili
3094 1987 3263 2052 cultu,
3290 1995 3349 2042 ut
3382 1988 3523 2043 idem

1954 2070 2080 2126 vita
2130 2087 2302 2142 genus
2348 2087 2539 2129 omnes
2582 2074 2995 2144 proﬁterentur,
3051 2077 3146 2133 sed
3186 2094 3292 2134 non
3329 2080 3523 2135 eodem

1949 2176 2139 2219 omnes
2166 2164 2328 2222 modo
2369 2164 2623 2221 exierunt
2671 2176 2729 2221 ut
2756 2179 3106 2226 occurrerent
3150 2186 3370 2240 sponso.
3427 2174 3525 2228 Hae

1949 2256 2094 2311 enim
2125 2256 2376 2312 alimenta
2401 2259 2624 2330 copiosa
2657 2261 3003 2329 praebuerunt
3023 2262 3362 2332 lampadibus
3399 2265 3523 2320 oleo

1953 2346 2230 2404 fovendis:
2262 2351 2367 2405 illa;
2391 2366 2522 2407 vero
2556 2363 2843 2407 cessarunt
2868 2368 2965 2423 per
2988 2354 3278 2422 ignaviam.
3309 2355 3519 2412 Hincin

1950 2440 2190 2511 quinque
2239 2444 2356 2513 pari
2402 2458 2631 2500 numero
2669 2445 2858 2500 divisae
2900 2457 3047 2502 sunt.
3096 2447 3235 2513 Quia
3283 2449 3523 2518 quinque

1950 2549 2142 2590 sensus
2160 2546 2292 2593 sunt
2320 2578 2336 2603 ,
2363 2552 2501 2605 quos
2529 2536 2636 2593 illa:
2677 2538 2896 2609 quidem
2928 2554 3093 2608 puros
3120 2541 3521 2605 custodierunt,

1950 2643 2091 2696 quos
2111 2630 2329 2699 plurimi
2379 2638 2644 2686 vocarunt
2674 2640 2861 2701 portas
2902 2633 3220 2702 sapientiae;
3262 2635 3348 2691 ha:
3388 2648 3521 2688 vero

1949 2737 2046 2792 per
2078 2722 2338 2778 malitiam
2368 2721 2763 2778 deformarunt.
2816 2720 2952 2779 Nam
2982 2724 3109 2779 dum
3151 2727 3337 2781 colunt
3384 2737 3522 2781 tem-

1948 2813 2251 2883 perantiam
2280 2821 2337 2870 et
2370 2812 2798 2879 sanctiﬁcantur,
2828 2814 3001 2882 magis
3034 2813 3145 2887 (94)
3177 2815 3522 2871 abundarunt

1950 2902 2099 2958 vitiis
2140 2918 2303 2973 quam
2352 2902 2568 2973 iustitia
2626 2917 2722 2960 seu
2779 2906 3096 2975 virtutibus,
3145 2909 3290 2964 unde
3351 2910 3515 2965 etiam

1949 2996 2132 3051 evenit
2172 3004 2231 3050 ut
2267 2996 2689 3062 damnarentur;
2747 2998 2863 3055 sive
2907 2999 3052 3053 enim
3099 3010 3248 3057 recte
3294 3015 3519 3071 agamus

1953 3088 2067 3144 sive
2089 3102 2391 3158 peccemus,
2440 3104 2538 3160 per
2566 3090 2669 3144 hos
2700 3087 2947 3162 [sensus]
3008 3100 3240 3161 utraque
3286 3104 3340 3148 et
3372 3109 3517 3164 pra:-

1950 3181 2099 3237 clare
2128 3180 2269 3236 facta
2294 3189 2352 3237 et
2383 3181 2626 3251 improbe
2654 3182 2827 3236 ﬁunt:
2859 3193 2916 3237 et
2943 3182 3115 3238 virtus
3145 3199 3429 3255 generosa;
3463 3197 3519 3242 et

1950 3272 2089 3327 male
2137 3272 2278 3329 facta
2328 3273 2573 3327 vincunt.
2606 3271 2674 3327 Et
2718 3276 3172 3343 quemadmodum
3223 3277 3377 3348 virgo
3416 3279 3516 3347 ait,

1945 3361 2337 3416 continentiam
2357 3376 2479 3417 esse
2507 3361 2811 3426 oculorum,
2843 3373 2900 3417 et
2932 3363 3168 3431 aurium,
3200 3374 3255 3419 et
3295 3365 3516 3434 linguae,

1946 3461 2002 3507 et
2032 3451 2368 3522 reliquorum
2392 3453 2646 3523 deinceps
2674 3466 2952 3518 sensuum,
2994 3453 3067 3508 ita
3103 3469 3225 3523 quae
3242 3455 3330 3511 hic
3353 3456 3515 3513 ﬁdem

1947 3541 2368 3611 impraedabilem
2393 3522 2634 3611 quinque
2666 3542 2875 3597 viarum
2911 3522 3147 3605 virtutis,
3177 3547 3326 3601 visus
3383 3548 3519 3621 [in-

1945 3626 2142 3699 quam]
2166 3628 2419 3691 olfactus,
2442 3637 2687 3698 gustatus
2709 3640 2764 3684 et
2785 3631 3003 3687 auditus
3047 3633 3382 3703 custodiunt,
3406 3638 3514 3694 illa:

1945 3720 2184 3790 quinque
2233 3720 2472 3791 virgines
2515 3721 2892 3792 appellantur,
2954 3738 3022 3779 eo
3077 3726 3222 3795 quod
3273 3729 3517 3800 quinque

1945 3827 2200 3867 sensuum
2223 3812 2442 3883 specula
2466 3813 2583 3869 sive
2628 3814 2891 3884 imagines
2918 3814 3139 3872 Christo
3181 3833 3368 3888 puras,
3421 3823 3515 3890 (ah

1946 3919 2268 3975 unaquaque
2305 3902 2600 3977 [sensuum
2632 3905 2906 3980 imagine]
2947 3911 3293 3966 sanctitatem
3348 3915 3516 3969 veluti

1945 3995 2248 4066 lampadem
2302 3996 2451 4053 clare
2490 3996 2809 4070 fulgentem)
2852 4001 3068 4056 sistant.
3105 4000 3241 4058 Nam
3276 4005 3517 4075 quinque
3580 4004 3583 4005 ⁷

1944 4093 2155 4163 lychnis
2204 4093 2413 4162 lampas
2466 4109 2597 4149 vere
2653 4107 2898 4150 nostrum
2955 4111 3157 4169 corpus
3212 4110 3336 4162 est,
3369 4103 3515 4169 quod

1944 4187 2125 4241 anima
2172 4186 2345 4242 instar
2380 4185 2517 4242 facis
2565 4186 2900 4253 circumfert,
2930 4186 3257 4258 Christoque
3298 4189 3515 4261 Sponsa
3604 4244 3613 4253 ,

1947 4288 2333 4349 repraesentat,
2386 4281 2457 4335 ad
2517 4280 2660 4335 diem
2731 4280 3152 4337 resurrectionis
3204 4298 3503 4353 apparens,

261 4373 356 4428 διὰ
400 4376 593 4429 πασῶν
623 4375 733 4429 τῶν
778 4376 1082 4448 αἰσθήσεων
1126 4377 1601 4449 διεκθρώσκουσαν
1625 4378 1673 4410 ⁸⁸
1703 4380 1841 4446 λαμο

1955 4387 2150 4442 perque
2200 4386 2390 4428 omnes
2460 4385 2655 4428 sensus
2727 4372 3064 4429 clarissimos
3134 4373 3259 4428 ﬁdei
3329 4374 3512 4428 radios

263 4466 414 4536 πράν
434 4466 536 4535 τὴν
562 4468 764 4531 πίστιν,
798 4470 981 4531 καθὼς
996 4470 1156 4533 αὐτὸς
1180 4469 1415 4533 ἐδίδαξεν
1431 4468 1622 4535 εἰπὼν,
1645 4470 1772 4539 Πῦρ
1784 4470 1833 4503 ⁵⁸

1955 4462 2265 4524 liﬁ‘undens,
2292 4464 2741 4532 quemadmodum
2765 4464 2882 4533 ipse
2905 4464 3154 4519 Christus
3172 4465 3354 4518 docuit
3381 4480 3509 4519 cum

261 4555 459 4627 ἦλθον
479 4560 701 4624 ,βαλεῖν
730 4562 830 4615 ἐπὶ
858 4562 973 4630 τὴν
999 4561 1136 4633 γῆν,
1162 4562 1260 4616 καὶ
1309 4561 1535 4631 ἤθελον
1558 4563 1611 4615 εί
1647 4561 1761 4630 ἤδη
1788 4562 1834 4595 ’⁷

1955 4558 2076 4610 dixit
2109 4575 2124 4612 :
2159 4555 2358 4626 310a
2382 4553 2560 4625 Ignem
2593 4554 2708 4611 veni
2736 4557 2941 4610 mittere
2969 4558 3026 4611 in
3049 4565 3265 4620 terram,
3307 4566 3356 4610 et
3380 4555 3510 4622 quid
3622 4546 3629 4551 ’

261 4648 532 4718 ἀνήφθη,
588 4652 699 4721 γῆν
744 4652 902 4723 ἡμῶν
943 4654 1012 4707 τὰ
1047 4650 1383 4724 σκηνώματα
1423 4653 1657 4724 φράσας,
1687 4654 1770 4716 είς
1797 4651 1834 4707 ἃ

1955 4646 2052 4699 volo
2071 4644 2170 4698 nisi
2198 4655 2251 4696 ut
2260 4643 2382 4713 jam
2398 4646 2583 4699 ardeat
2609 4643 2984 4718 [Accendatur]
3002 4656 3052 4702 ο.
3076 4645 3298 4701 Terram
3326 4657 3510 4703 nostra

335 4797 361 4825 ι
388 4785 551 4843 Joan.
576 4803 667 4853 xv,
696 4788 750 4843 5.
827 4799 854 4828 ι
883 4788 1039 4843 Deut.
1097 4804 1274 4853 xxxii,
1299 4788 1391 4844 δί.
1471 4788 1496 4827 b
1524 4787 1714 4843 Matth.
1754 4801 1820 4839 xx

1963 4782 2017 4835 1.
2094 4790 2119 4819 ο
2151 4780 2284 4837 Luc.
2336 4798 2436 4848 ιιι,
2486 4783 2578 4839 49.

1611 4942 1849 5000 νΑῐῖΙΕ
1896 4939 2294 4999 LECTIONES.

332 5100 384 5131 ⁸⁸
414 5098 550 5172 ἐγώ]
595 5098 755 5156 Joan.
802 5117 893 5168 xv,
939 5102 992 5158 1.
1069 5101 1114 5134 ⁸⁷
1131 5102 1195 5154 ἐκ
1222 5101 1356 5173 γὰρ]
1408 5101 1561 5157 Deut.
1607 5118 1779 5167 χχχιι,
1826 5103 1917 5159 52.
1992 5100 2039 5132 ⁸⁸
2067 5094 2409 5185 ὡμοιιῑηθαι]
2487 5093 2680 5150 Matth.
2732 5110 2862 5183 xxv‘,
2902 5097 2956 5151 1.
3068 5097 3118 5131 ⁸⁹
3143 5097 3507 5184 καθομολογή-

338 5186 430 5222 σαι
459 5174 553 5222 καὶ
582 5170 753 5222 ταύτῃ
781 5172 823 5222 Α
861 5189 875 5222 :
904 5172 1450 5222 καθομολογήσαςθαι
1474 5174 1567 5222 καὶ
1590 5173 1767 5222 πάντη
1800 5190 1860 5222 c.
1948 5172 1995 5203 ὀ
2019 5171 2201 5222 οὐκέτι
2236 5168 2280 5222 Α
2305 5186 2318 5222 :
2348 5183 2448 5220 ουκ
2468 5166 2584 5220 ἐστι
2615 5183 2675 5222 ς.
2726 5168 2771 5199 ⁹¹
2802 5168 3101 5222 ευφόοεσαν
3140 5170 3229 5222 AB
3258 5186 3271 5222 :
3309 5170 3504 5222 εφόοε-

262 5186 430 5224 σασαι
459 5168 553 5223 καὶ
582 5170 756 5241 ταύτῃ
781 5172 823 5224 Α
861 5189 875 5226 :
904 5168 1450 5242 καθομολογήσασθαι
1474 5174 1567 5225 καὶ
1590 5173 1769 5244 πάντῃ
1800 5190 1860 5237 ς.
1948 5172 1995 5203 ⁹⁰
2019 5168 2201 5223 οὐκέτι
2236 5168 2280 5222 Α
2305 5186 2318 5222 z
2348 5168 2448 5220 οὐκ
2468 5168 2584 5220 ἐστι
2615 5183 2675 5230 ς.
2726 5168 2771 5199 ⁹¹
2802 5168 3101 5251 εύφόρεσαν
3140 5170 3229 5222 AB
3258 5186 3271 5222 :
3309 5168 3504 5239 ἐφόρεζ-

264 5258 367 5312 σαν
398 5242 559 5312 ςκοιέ.
583 5258 635 5312 p.
661 5238 800 5312 961,
818 5241 907 5296 40.
970 5243 1015 5273 ”
1051 5244 1369 5312 ὀσφρήσεως
1397 5243 1637 5309 γεύσεως
1670 5260 1730 5306 ς.
1808 5246 1853 5276 ⁸³
1869 5238 2363 5312 προσαγορεύονται
2387 5235 2477 5288 ΑΒ
2504 5254 2518 5290 :
2542 5253 3008 5308 προσαγορευεται
3031 5255 3093 5302 ς.
3140 5239 3187 5270 ⁸⁵
3212 5239 3503 5308 λάμπουσα

264 5258 367 5293 σαν
398 5258 460 5304 ς’.
488 5256 559 5294 Cl.
583 5258 635 5310 p.
661 5256 781 5302 θυι,
818 5256 907 5296 συ.
970 5256 1015 5273 "
1051 5256 1369 5313 ὀσφρήσεως
1397 5256 1637 5309 γεύσεως
1670 5260 1730 5306 ς.
1808 5256 1853 5276 ’³
1869 5256 2363 5322 προσαγορεύονται
2387 5256 2477 5288 ιω

264 5309 377 5366 ΛΒ.
441 5310 487 5342 ⁸⁸
510 5311 635 5366 libri
663 5311 1131 5383 διεκθρώσκουσα.
1216 5314 1262 5344 ⁸⁸
1286 5311 1417 5385 πῦρ]
1438 5317 1461 5357 θ
1491 5312 1624 5367 Luc.
1652 5328 1750 5377 xu,
1802 5313 1895 5367 49.
1957 5314 2002 5344 ⁹⁷
2028 5311 2131 5381 ἠδη
2154 5310 2201 5363 Α
2233 5326 2251 5364 :
2278 5310 2396 5377 εἴση
2430 5324 2493 5371 ς.

1761 5429 1993 5487 NOTAE.

335 5520 450 5587 (95)
478 5519 759 5591 Signiﬁcat
787 5519 941 5602 ἰῶτα,
966 5519 1373 5602 οριιᾲβι-ιοοηβ,
1393 5522 1598 5585 decem,
1632 5531 1686 5575 et
1714 5538 1829 5575 ma-
1946 5521 2144 5602 darunt
2165 5517 2312 5602 vitiis
2334 5531 2493 5586 quam
2522 5517 2816 5602 virtutibus
2842 5533 2936 5602 seu
2958 5519 3186 5602 iustitia.
3218 5519 3500 5602 Loca-{hie

258 5588 564 5673 joriﬂtigura—
588 5608 625 5656 I,
652 5606 817 5644 unum
852 5608 865 5643 :
888 5593 1019 5673 hinc
1049 5592 1241 5673 idiota1
1252 5595 1516 5673 privatus,
1539 5609 1705 5673 uruu._
1946 5590 2104 5673 plane
2132 5591 2338 5673 videtur
2358 5588 2935 5673 ncoguptpgﬂaliquitl
2978 5593 3121 5645 enim
3155 5592 3324 5649 deest.
3351 5591 3498 5649 Idem

335 5655 456 5730 (943
495 5663 551 5716 III
582 5676 811 5733 corpore
855 5660 1178 5734 ῑὺφύρεσαν,
1221 5655 1377 5719 MSS.
1414 5680 1432 5714 ι
1463 5664 1630 5734 Magis
1660 5663 1836 5718 ahuu-
1944 5655 2321 5715 animadvertit
2355 5658 2417 5713 ι).
2450 5655 2805 5715 Ηωδειιθιίιιε.
2829 5655 2862 5710 ι
2974 5710 2980 5716 _
