3964 6246
465 207 600 275 1167

1612 211 1874 275 ΡΗΟΤῙῙ
1912 213 2421 276 ΡΑἹἬΙΑΒΟΗΕ
2455 215 2563 276 CP.
2608 268 2612 272 .

3583 216 3724 283 1168

465 322 818 379 tabernacula
843 337 1071 393 corpora
1099 321 1250 386 dicit,
1287 320 1342 378 in
1372 321 1572 394 quibus
1605 325 1778 380 volnit
1809 326 1916 378 vim
1940 339 2036 379 seu

2147 326 2393 382 ἐϐούλετο
2431 327 2642 397 ταχέως
2677 326 2985 397 ἀναφθῆναι
3027 326 3127 398 τὴν
3153 325 3470 394 ὀξυκίνητον
3513 330 3615 400 τῆς
3642 331 3725 384 δι-

459 419 831 487 operationem
883 416 1140 470 doctrina:
1191 429 1303 469 sua:
1342 413 1638 471 ferventem
1687 425 1744 470 et
1791 415 2042 472 celeriter

464 509 713 563 mobilem
747 505 1046 578 [subtilem]
1086 507 1305 562 accendi
1337 523 1352 573 ;
1379 506 1558 562 oleum
1609 517 1788 562 autem
1811 506 2036 575 iustitia:

463 609 521 653 et
553 598 830 668 sapientia:
857 598 1279 665 comparandum
1318 614 1334 652 :
1378 611 1476 668 per
1506 611 1711 651 moram
1741 597 1871 651 illud
1906 607 2042 653 tem-

469 691 618 758 poris
677 688 1017 743 intervallum
1082 687 1240 754 dixit,
1298 687 1442 758 quod
1487 701 1656 756 usque
1721 689 1792 744 ad
1839 689 2040 744 Christi

462 776 752 830 adventum
798 773 1106 846 [judicium]
1152 776 1480 846 porrigitur;
1510 777 1887 832 dormitionem
1913 792 2043 832 vero

462 875 519 920 et
570 881 818 935 soporem
858 866 1103 933 virginis,
1133 868 1336 921 exitum
1382 883 1450 923 ex
1499 868 1604 924 hac
1648 869 1780 923 vita.
1808 868 2037 924 Mediam

463 969 679 1013 noctem
705 973 833 1013 vero
862 959 1185 1014 Antichristi
1215 974 1460 1030 regnum,
1485 975 1594 1030 qua
1629 969 1790 1016 nocte
1820 960 2042 1031 angelus

464 1051 709 1120 perditor
767 1052 961 1107 domos
1017 1053 1294 1121 pervadet.
1346 1053 1654 1110 Clamorem
1715 1062 1898 1109 autem
1949 1055 2043 1125 qui

463 1145 598 1200 dicit
625 1164 640 1201 :
677 1146 814 1201 Ecce
842 1163 1063 1207 sponsus
1109 1148 1266 1210 venit,
1298 1149 1433 1201 ea‘ite
1461 1145 1665 1200 obviam
1693 1149 1740 1202 ei
1767 1146 1822 1213 δ,
1854 1163 2042 1204 vocem

463 1252 497 1292 e
526 1239 667 1294 coelo
703 1249 759 1294 et
788 1240 968 1294 tubam
1020 1241 1239 1307 quando
1269 1253 1457 1293 omnes
1489 1240 1895 1310 resurgentibus
1916 1255 2044 1309 pro-

465 1331 601 1400 priis
654 1331 990 1400 corporibus,
1040 1328 1271 1384 nubibus
1319 1329 1457 1384 vecti
1504 1330 1721 1384 obviam
1764 1332 2045 1401 rapientur

467 1421 696 1476 Domino
723 1433 771 1480 °.

539 1514 673 1568 Cum
703 1515 771 1569 de
802 1513 1103 1584 virginibus
1131 1522 1187 1568 et
1208 1512 1372 1569 castis
1399 1511 1599 1567 animis
1619 1511 1850 1582 plurima
1876 1511 2046 1566 dixis-

467 1615 572 1671 set,
603 1615 658 1660 et
686 1605 791 1660 hoc
827 1604 1012 1659 infert.
1040 1604 1150 1659 Has
1186 1604 1350 1674 igitur
1379 1603 1524 1658 solas
1554 1602 1783 1668 animas,
1815 1601 2041 1656 electam

2139 418 2436 483 δασκαλίας
2459 417 2626 472 αὐτοῦ
2667 420 2761 473 καὶ
2792 419 3056 490 διάπυρον
3079 419 3280 488 πρᾶξιν
3303 420 3386 490 (τὸ
3408 420 3519 491 γὰρ
3546 421 3728 475 ἔλαιον

2140 513 2208 580 τῇ
2230 508 2546 580 δικαιοσύνῃ
2578 509 2674 563 καὶ
2689 511 2755 581 τῇ
2785 509 2948 579 σοφίᾳ
2971 509 3396 579 παρασλητέον),
3429 513 3728 581 χρονισμὸν

2141 602 2200 656 δὲ
2233 602 2296 655 τδ
2343 603 2450 673 πρὸ
2494 602 2596 671 τῆς
2623 602 2932 674 παρουσίας
2973 602 3247 672 διάστημα
3299 601 3394 655 τοῦ
3461 603 3725 667 Χριστοῦ,

2142 692 2452 762 νυσταγμὸν
2482 691 2538 744 δὲ
2575 692 2669 746 καὶ
2703 691 2960 762 κοίμησιν
2985 692 3084 762 τῆς
3113 691 3382 762 παρθένου
3416 693 3518 762 τὴν
3545 693 3728 759 ἔξοδον

2141 781 2240 852 τὴν
2273 781 2382 834 ἀπὸ
2421 781 2515 834 τοῦ
2547 781 2686 851 βίου,
2728 783 3076 850 μεσονύκτιον
3106 779 3162 832 δὲ
3192 780 3290 850 τὴν
3324 779 3603 850 βασιλείαν
3629 780 3730 834 τοῦ

2141 873 2509 945 ἀντιχρίστου,
2538 872 2662 927 καθ’
2706 875 2771 943 ἠν
2792 871 2824 925 ό
2869 871 3196 940 όλοθρευτὴς
3216 911 3231 936 ,
3271 870 3500 940 άγγελος
3530 873 3730 925 ἐπιπο-

2147 965 2364 1036 ρεύεται
2415 965 2514 1027 τὰς
2560 963 2760 1026 οίκίας,
2820 963 3069 1034 κραυγὴν
3088 964 3145 1016 δὲ
3181 964 3478 1032 λέγουσαν·
3517 962 3669 1017 Ἰδοὺ
3695 963 3730 1018 ὁ

2141 1056 2432 1125 Νυμφίος·
2465 1055 2716 1124 ἔρχεσθε
2735 1057 2782 1088 ’⁸
2806 1057 2895 1119 είς
2921 1054 3290 1123 ἀπάντησιν,
3318 1055 3419 1122 τὴν
3459 1054 3570 1107 ἀπὸ
3615 1054 3730 1108 τῶν

2142 1148 2387 1219 οὐρανῶν
2448 1146 2632 1216 φωνὴν
2664 1147 2760 1202 καὶ
2803 1147 3082 1214 σάλπιγγα
3102 1184 3118 1210 ,
3167 1146 3330 1199 ὁπότε
3391 1145 3594 1208 πάντες
3641 1143 3731 1211 ἐξ·

2143 1237 2491 1294 αναστάντων
2558 1238 2742 1301 αὐτοῖς
2784 1237 2896 1290 τῶν
2967 1237 3236 1306 σωμάτων
3321 1236 3415 1288 ἐπὶ
3483 1235 3734 1305 νεφελῶν

2143 1332 2453 1400 ὀχήσονται,
2493 1329 2576 1394 είς
2609 1328 2708 1400 τὴν
2745 1329 3050 1400 ἀπάντησιν
3078 1327 3451 1400 ἁρπασθέντες
3478 1327 3573 1381 τοῦ
3616 1328 3730 1380 Ku-

2147 1423 2288 1494 ρίου.
3055 1476 3068 1488 ,

2215 1514 2340 1568 Ὅτι
2359 1530 2427 1568 πε
2438 1512 2493 1584 pi.
2515 1511 2627 1567 τῶν
2644 1510 2932 1581 παρθένων
2961 1510 3059 1564 καὶ
3082 1510 3263 1580 ἁγνῶν
3279 1510 3470 1582 ψυχῶν
3499 1510 3737 1566 πλεῖστα

2145 1605 2316 1660 είπὼν
2366 1606 2618 1678 ἐπιφέρει
2664 1603 2762 1660 καὶ
2813 1603 2993 1658 τοῦτο.
3041 1603 3263 1672 ’Δμέλει
3313 1603 3519 1669 ταύτας
3567 1606 3733 1675 μόνον

467 1713 720 1768 sponsam
781 1713 953 1761 suam,
987 1696 1223 1752 Verbum
1254 1705 1432 1762 vocat,
1477 1695 1715 1765 reliquas
1743 1708 1875 1749 vero
1903 1709 2040 1750 con-

2147 1696 2403 1769 ὲκλεκτὴν
2440 1697 2677 1767 Νύμφην
2701 1695 2800 1758 τάς
2821 1695 3002 1766 ψυχὰς
3054 1696 3082 1748 ό
3103 1694 3274 1762 Λόγος
3306 1695 3500 1748 ἑαυτοῦ
3551 1697 3732 1763 καλεῖ,

465 1789 713 1855 cubinas,
769 1789 1198 1844 adulescentulas
1241 1799 1298 1843 et
1339 1788 1477 1842 ﬁlias
1507 1787 1784 1858 appellans
1811 1787 1953 1840 hunc
1988 1786 2040 1840 in

2147 1790 2241 1851 τάς
2269 1788 2465 1852 λοιπὰς
2495 1788 2554 1842 δὲ
2579 1788 2862 1851 παλλακὰς
2890 1788 2985 1841 καὶ
2998 1785 3244 1849 νεάνιδας
3272 1785 3722 1857 καὶιθυγατέρας,

467 1880 687 1935 modum
720 1898 736 1935 :
770 1880 1060 1950 Sexaginta
1087 1890 1207 1934 sunt
1229 1880 1446 1950 reginae,
1471 1889 1522 1934 et
1552 1881 1814 1950 octoginta
1845 1895 2041 1933 concu—

2147 1879 2322 1948 λέγων
2380 1875 2506 1934 ὧδεο
2555 1878 2890 1945 Ἐξήκογτά
2929 1877 2976 1910 ³⁸
3030 1878 3150 1930 εἱσι
3207 1876 3580 1940 βασίλισσαι
3633 1877 3733 1930 καί

467 1971 624 2037 bima,
667 1983 715 2025 et
761 1973 1271 2026 adolescentularum
1313 1985 1416 2023 non
1459 1980 1532 2024 est
1582 1987 1867 2025 numerus.
1927 1966 2043 2022 Una

2147 1970 2526 2040 ὀγδοήκοντα
2590 1969 2919 2034 παλλακαὶ,
2983 1968 3084 2022 καὶ
3137 1966 3410 2034 νεάνιδες
3472 1960 3563 2021 ὧν
3617 1971 3730 2023 οὐκ

463 2071 544 2115 ut
576 2060 817 2114 columba
858 2078 998 2128 mea,
1032 2062 1263 2130 perfecta
1303 2078 1418 2115 mea
1447 2076 1466 2125 ;
1495 2076 1602 2113 una
1635 2073 1709 2114 εει
1749 2061 2044 2114 matrima:

2147 2064 2315 2118 ἔστιν
2338 2063 2602 2132 ἀριθμός.
2643 2063 2763 2116 Μία
2787 2061 2921 2116 ἐστι
2951 2059 3276 2129 περιστερά
3338 2077 3478 2130 μου.
3527 2063 3732 2116 τελεία

467 2153 633 2208 electa
687 2154 930 2223 genitrici
973 2171 1106 2208 sure.
1161 2153 1413 2208 Viderunt
1439 2170 1553 2208 eam
1586 2153 1733 2222 ﬁlim,
1757 2161 1806 2206 et
1838 2153 2044 2207 beatam

2147 2172 2280 2225 μου,
2304 2156 2415 2224 μία
2436 2155 2570 2209 ἐστι
2599 2151 2676 2222 τῇ
2695 2153 2877 2224 μητρί
2917 2151 3130 2221 αὐτῆς,
3159 2151 3412 2218 Mauri
3439 2151 3577 2205 ἐστι
3613 2154 3630 2184 ³
3658 2151 3733 2220 τῇ

466 2247 890 2312 praedicaverunt
917 2261 1034 2299 eam
1079 2246 1296 2312 reginis,
1325 2255 1374 2298 et
1403 2245 1709 2298 concubina:
1751 2243 2043 2296 laudabunt

2147 2249 2410 2317 τεκούσῃ
2434 2247 2649 2316 αὑτήν.
2686 2246 2812 2320 [507
2845 2245 2942 2318 H.]
2959 2245 3226 2300 Εἶδοσαν
3249 2245 3450 2312 αὐτὴν
3483 2242 3734 2313 θυγατέ-

465 2352 587 2391 εαηι
624 2335 670 2392 τ.
703 2336 837 2392 Cum
864 2337 1007 2392 enim
1042 2339 1224 2391 multa:
1255 2338 1364 2391 sint
1393 2339 1536 2405 tiliae,
1567 2346 1625 2391 ut
1655 2347 1820 2407 patet,
1857 2335 2044 2390 Eccle-

2147 2358 2267 2410 ρες,
2295 2340 2397 2395 καὶ
2417 2339 2822 2409 μακαριοῦσίν
2859 2337 3076 2407 αὐτὴν,
3105 2337 3477 2402 βασίλισσαι
3518 2337 3625 2390 καί
3668 2351 3736 2405 τε

467 2431 583 2496 sic,
615 2445 722 2485 una
751 2441 930 2484 tamen
960 2439 1045 2484 est
1073 2430 1240 2484 electa
1283 2439 1340 2484 et
1372 2430 1605 2499 pretiosa
1636 2429 1688 2483 in
1721 2427 1893 2482 oculis
1929 2426 2044 2496 eius

2148 2433 2459 2488 παλλακαὶ
2501 2431 2864 2486 αίνέσουσιν
2907 2428 3124 2496 αὐτήν.
3165 2427 3384 2482 Πολλῶν
3415 2428 3529 2497 γὰρ
3557 2427 3738 2480 οὐσῶν

469 2539 582 2594 pra:
623 2523 895 2586 omnibus,
949 2533 1126 2576 status
1170 2535 1362 2590 nempe
1403 2521 1696 2589 virginum.
1721 2517 1790 2573 Et
1829 2518 2044 2590 reginas

2147 2525 2390 2594 δηλονότι
2439 2525 2539 2594 τῆς
2579 2521 2907 2594 Ἐκκλησίας
2943 2521 3056 2574 τῶν
3100 2520 3440 2591 θυγατέρων,
3481 2519 3584 2590 μία
3615 2521 3735 2572 ἐστὶ

468 2614 682 2668 videtur
734 2613 1017 2683 prophetia
1066 2612 1204 2666 velle
1257 2611 1562 2674 insinuare,
1613 2609 1764 2683 [quia
1814 2625 1920 2664 non
1975 2608 2044 2664 ad

2149 2619 2286 2690 μόνη
2331 2619 2367 2688 ἡ
2401 2617 2632 2688 ὲκλεκτὴ
2677 2617 2772 2670 καὶ
2809 2615 3117 2686 τιμιωτάτη
3146 2615 3206 2668 ὲν
3234 2612 3535 2683 ὀφθαλμοῖς
3561 2613 3734 2682 αὐτῆς

467 2720 634 2759 unum
663 2720 839 2775 rcgetn
865 2705 1067 2774 regine
1098 2705 1180 2757 lue
1211 2703 1638 2768 adducebantur,
1667 2703 1762 2756 sed
1790 2714 2044 2771 unaqua-

2148 2710 2291 2781 ὑπὲρ
2318 2708 2520 2772 πάσας,
2549 2707 2611 2761 τὺ
2641 2707 2830 2776 τάγμα
2865 2705 2978 2759 τῶν
3014 2705 3324 2774 παρθένων.
3359 2702 3692 2764 Βασιλίσσας
3711 2702 3736 2733 ³

467 2813 576 2870 que
607 2797 754 2852 velut
800 2798 1014 2851 domina
1046 2810 1144 2864 per
1172 2809 1233 2850 se
1257 2803 1312 2849 et
1344 2795 1524 2866 regina
1546 2806 1684 2860 erat,
1713 2795 2044 2863 aliarumque

2147 2799 2204 2853 δὲ
2241 2799 2574 2853 αἰνίττεσθαι
2623 2799 2656 2868 ὴ
2711 2794 3018 2866 προφητεία
3057 2793 3328 2864 βούλεται,
3365 2794 3449 2846 ὅτι
3492 2793 3594 2863 οὐχ
3639 2791 3732 2860 ὑφ’

469 2897 594 2958 post
628 2888 730 2942 hac
763 2889 1032 2941 auctrices
1079 2895 1136 2939 et
1166 2883 1492 2957 principem]
1518 2885 1639 2940 lllas
1677 2885 1871 2955 regias,
1927 2899 2044 2954 qua:

2148 2891 2246 2943 ἕνα
2307 2889 2505 2959 ἦγοντο
2563 2887 2787 2958 βασιλέα
2813 2885 3282 2957 ιβασιλευόμεναι,
3337 2883 3452 2938 ἀλλ’
3521 2884 3732 2952 ἑκάστη

469 2989 596 3034 ante
624 2978 884 3032 diluvium
915 2976 1186 3039 vixerunt,
1210 2977 1426 3030 animas
1475 2977 1581 3030 Deo
1617 2975 1911 3044 placentes,
1945 2976 2044 3029 hoc

2149 2979 2340 3051 ὥσπερ
2367 2980 2760 3040 αύτοδέσποτος
2802 2979 2896 3032 καὶ
2924 2978 3211 3049 βασίλισσα
3242 2971 3333 3047 ἦν,
3365 2975 3462 3028 καὶ
3498 2975 3584 3028 ὅτι
3620 2974 3730 3028 τῶν

469 3081 580 3136 est,
604 3071 810 3134 Abelis,
847 3069 1021 3135 Sethi,
1061 3068 1291 3123 Enochi.
1327 3068 1668 3124 (ioncubinas
1694 3075 1897 3132 autem,
1927 3081 2044 3136 qua:

2151 3073 2291 3144 μετὰ
2326 3073 2530 3136 ταύτας
2561 3073 2584 3104 ⁸
2625 3071 2794 3142 ἀρχαὶ
2837 3071 2934 3125 καὶ
2979 3071 3198 3142 πρῶται
3233 3064 3394 3140 ἦσαν,
3437 3068 3540 3130 τάς
3573 3066 3732 3136 βασι-

472 3173 595 3234 post
649 3163 908 3217 diluvium
963 3160 1209 3226 fuerunt,
1264 3161 1473 3214 animas
1498 3159 1907 3230 prophetarum,
1927 3172 2049 3228 quae

471 3255 786 3325 priusquam
833 3251 1078 3307 Ecclesia
1120 3251 1230 3307 Deo
1277 3251 1719 3319 desponsaretur,
1763 3249 1856 3318 qui
1895 3249 2043 3304 velut

471 3363 597 3404 cum
645 3345 963 3401 concubinis
996 3354 1240 3399 versatus
1283 3344 1336 3397 in
1369 3342 1590 3412 copiosa
1623 3351 1682 3396 et
1715 3339 1925 3396 sincera
1959 3355 2049 3394 sa-

470 3439 688 3509 pientiae
716 3435 964 3492 doctrina
988 3451 1118 3490 vero
1147 3434 1402 3490 submisit
1423 3432 1672 3524 oracula,
1693 3441 1755 3486 ut
1795 3439 2050 3502 caperent

475 3530 550 3585 illi
587 3529 748 3584 ﬁdem
773 3526 982 3582 salutis.
1016 3525 1359 3581 Concubinas
1385 3521 1566 3580 autem
1593 3522 1891 3579 nominavit
1920 3521 2050 3578 Ver-

475 3625 603 3679 bum
628 3623 1018 3692 prophetarum
1039 3622 1270 3688 animas,
1293 3619 1418 3690 quia
1444 3633 1550 3674 non
1578 3628 1764 3687 aperte
1777 3625 1838 3672 ut
1863 3615 2048 3671 Eccle-

471 3718 609 3771 siam
643 3715 746 3768 sibi
795 3728 889 3769 eas
938 3712 1226 3782 copulavit.
1261 3709 1574 3766 sacriﬁcans
1603 3709 1748 3763 illam
1791 3709 1844 3763 in
1877 3707 2047 3778 ﬁgura

470 3806 628 3860 vituli
681 3804 936 3874 saginati.
986 3803 1279 3872 Sexaginta
1332 3810 1510 3856 autem
1556 3801 1770 3870 reginas
1813 3799 1954 3862 inde,
1990 3807 2050 3853 ut

475 3908 618 3957 reor,
645 3894 711 3946 ab
728 3891 1294 3962 Adamo,protoplasto
1315 3903 1484 3958 usque
1503 3887 1569 3940 ad
1587 3884 1700 3942 Noe
1714 3901 1810 3956 per
1831 3900 2049 3942 succes-

474 3989 684 4040 sionem
718 3985 866 4040 viros
916 3982 1026 4038 Deo
1058 3981 1334 4054 placentes
1371 3977 1608 4044 vocavit,
1631 3979 1759 4049 quia
1800 3977 1889 4033 isti
1929 3976 2050 4032 aliis

479 4073 757 4147 [aliorum]
803 4071 1083 4144 praeceptis
1125 4070 1192 4124 ad
1239 4070 1468 4124 salutem
1511 4066 1900 4139 acquirendam
1942 4081 2048 4120 non

473 4167 638 4238 διο
666 4167 694 4219 b
714 4161 1320 4234 indiguerunt,eoquod
1349 4160 1525 4216 adhuc
1555 4173 1744 4215 recens
1767 4166 1914 4213 esset
1942 4156 2052 4212 illis

473 4256 663 4313 mundi
689 4269 782 4310 sex
813 4251 1002 4307 diebus
1039 4251 1241 4306 conditi
1271 4249 1499 4305 molitio.
1522 4247 1883 4304 Meminerant
1905 4247 2048 4301 enim

2147 3165 2302 3230 λικάς
2349 3165 2588 3230 ἐκείνας,
2643 3164 2744 3225 τὰς
2797 3163 2905 3232 πρὸ
2949 3163 3045 3217 τοῦ
3099 3159 3492 3231 κατακλυσμοῦ
3549 3159 3734 3230 ψυχάς

2146 3258 2473 3329 εὐαρέστους
2497 3257 2578 3330 τῷ
2599 3256 2723 3328 Θεῷ
2748 3255 3145 3327 γεγενημένας,
3180 3254 3430 3308 τουτέστι
3456 3255 3558 3318 τάς
3583 3254 3730 3324 ἀμφὶ

2145 3351 2238 3404 τὸν
2264 3349 2432 3403 ’Δὸελ
2460 3351 2554 3404 καὶ
2580 3348 2673 3404 τὸν
2702 3347 2810 3418 Σὴθ
2840 3347 2936 3401 καὶ
2962 3347 3054 3402 τὸν
3088 3345 3280 3417 Ἑνώχ·
3307 3345 3433 3419 [957
3462 3344 3557 3416 8.]
3588 3344 3730 3398 παλ-

2145 3439 2320 3503 λακὰς
2339 3437 2398 3492 δὲ
2434 3437 2533 3502 τὰς
2565 3437 2705 3509 μετὰ
2733 3437 2825 3492 τὸν
2862 3435 3240 3507 κατακλυσμὸν
3259 3434 3366 3488 τῶν
3404 3433 3730 3505 προφητῶν,

2147 3525 2238 3594 αἷς
2263 3529 2372 3601 πρὸ
2407 3529 2502 3584 τοῦ
2541 3530 2644 3600 τὴν
2691 3528 3020 3598 Ἐκκλησίαν
3061 3527 3401 3599 ἁρμοσθῆναι
3430 3525 3510 3596 τῷ
3537 3527 3732 3598 Κυρίῳ

2148 3619 2495 3676 παλλακίδων
2522 3618 2679 3690 δίκην
2715 3618 3102 3688 συγγινόμενος
3156 3615 3376 3687 ἀληθείς
3423 3615 3729 3687 ὑπέσπειρε

2147 3713 2341 3783 λόγους
2375 3711 2436 3764 ὲν
2461 3711 2678 3781 ἀφθόνῳ
2703 3709 2727 3741 δ
2755 3710 2849 3764 καὶ
2891 3709 3107 3780 καθαρᾷ
3135 3707 3442 3779 φιλοσοφίᾳ,
3475 3708 3567 3761 ἵνα
3603 3723 3732 3775 τεν-

2148 3806 2388 3874 νήσωσιν
2407 3799 2559 3872 αὐτῷ
2584 3799 2948 3856 συλλαϐοῦσαι
2980 3798 3162 3853 πίστιν
3184 3798 3480 3869 σωτηρίας.
3513 3797 3732 3851 Παλλα-

2149 3895 2252 3960 κάς
2277 3895 2336 3949 δὲ
2351 3893 2760 3965 προσηγόρευσε
2778 3892 2878 3956 τάς
2907 3891 3252 3961 προφητικάς
3275 3889 3458 3960 ψυχὰς
3473 3891 3500 3941 ό
3530 3889 3730 3957 Λόγος,

2155 3988 2238 4042 ὅτι
2279 3987 2354 4059 μὴ
2383 3985 2633 4056 φανερῶς
2662 3983 2856 4049 αὑτάς,
2884 3982 3074 4053 ὥσπερ
3110 3981 3177 4051 δὴ
3224 3983 3319 4035 καὶ
3359 3983 3460 4052 τὴν
3498 3981 3734 4050 Ἐκκλη-

2154 4079 2303 4145 σίαν,
2326 4078 2659 4148 ἐπηγάγετο,
2711 4076 2880 4141 θύσας
2921 4076 2988 4131 δι’
3021 4077 3043 4109 ⁵
3085 4074 3254 4145 αὐτὴν
3295 4073 3494 4144 μόσχον
3522 4073 3620 4126 τὸν
3646 4089 3731 4126 σι·

2147 4170 2360 4225 τευτόν.
2402 4169 2698 4241 Ἐξήκοντα
2722 4169 2780 4222 δὲ
2807 4168 3127 4240 βασιλίσσας
3165 4165 3435 4228 ἐντεῦθεν,
3461 4163 3540 4228 ὡς
3577 4159 3732 4234 οἶμαι

2148 4261 2248 4333 δὴ,
2301 4259 2426 4324 τοὺς
2453 4261 2563 4314 ἀπὸ
2593 4258 2689 4313 τοῦ
2734 4258 3164 4330 πρωτοπλάστου
3215 4258 3378 4327 μέχρι
3419 4255 3547 4310 Νῶε
3592 4256 3733 4308 κατά

471 4348 733 4403 mundum
767 4358 797 4398 a
831 4345 944 4399 Deo
972 4356 1068 4397 sex
1097 4340 1288 4396 diebus
1325 4338 1623 4410 perfectum
1649 4352 1793 4403 esse,
1822 4351 2044 4408 quaeque

2149 4349 2400 4420 διαδοχὴν
2441 4349 2917 4421 εὐαρεστήσαντας
2953 4349 3184 4402 ἰκάλεσε
3224 4347 3303 4418 τῷ
3337 4346 3456 4416 Θεῷ
3479 4388 3494 4410 ,
3538 4347 3730 4416 ἐπειδή

471 4439 530 4495 in
573 4437 826 4509 paradiso
877 4435 1208 4490 acciderunt.
1259 4429 1397 4487 Hinc
1433 4445 1563 4500 ergo
1596 4430 1805 4485 animas
1856 4429 2041 4494 hasce,

471 4547 593 4602 quin
620 4529 729 4585 Deo
747 4527 1013 4584 acondito
1039 4526 1242 4580 mundo
1271 4538 1370 4594 per
1408 4523 1806 4578 successionem
1832 4521 2046 4592 placere

468 4622 868 4683 desiderarunt,
898 4627 953 4672 et
977 4615 1154 4686 quasi,
1183 4615 1231 4670 si
1258 4613 1342 4669 las
1365 4614 1438 4667 ita
1465 4613 1638 4684 loqui,
1665 4612 1826 4684 primi
1860 4613 2046 4668 saeculi

469 4719 746 4781 neptes,et
770 4710 972 4764 vicinas
996 4707 1068 4760 illi
1096 4706 1294 4776 ingenti
1326 4719 1420 4758 sex
1454 4705 1660 4760 dierum
1689 4705 1861 4774 operi,
1885 4719 2045 4760 sexa-

467 4805 617 4874 ginta
665 4802 878 4871 reginas
926 4801 1154 4869 ligurate
1190 4796 1492 4867 appellavit,
1523 4811 1588 4850 eo
1629 4799 1796 4866 quod,
1820 4807 1878 4850 ut
1905 4798 2040 4866 dixi,

467 4890 554 4951 ita:
582 4903 704 4965 post
749 4908 843 4948 sex
885 4892 1097 4947 dierum
1130 4904 1317 4959 opera,
1361 4889 1616 4944 vixerint.
1667 4887 1858 4959 Magno
1894 4890 2039 4945 enim

469 4989 549 5044 illi
583 4985 811 5062 [sancti]
852 4985 1059 5041 honore
1090 4991 1216 5037 sunt
1243 4982 1442 5046 allecti,
1482 4996 1609 5036 cum
1640 4980 1843 5051 dignati
1873 4980 2040 5037 collo-

465 5085 595 5152 quio
622 5080 933 5152 angelorum
983 5077 1150 5131 Deum
1193 5091 1300 5130 non
1332 5089 1428 5145 per
1456 5074 1728 5129 somnium
1756 5076 1851 5130 sed
1879 5090 2038 5143 aper-

467 5182 578 5228 tam
609 5173 874 5227 visionem
908 5175 1239 5238 spectarunt.
1264 5163 1587 5234 Perpendite
1607 5165 1751 5219 enim
1775 5174 2031 5235 quantam

2151 4459 2257 4512 περ
2282 4441 2486 4513 ἑτέρων
2508 4434 2653 4495 οὗτοι
2675 4441 3154 4514 παραγγελμάτων
3175 4441 3254 4503 είς
3284 4439 3345 4492 τὸ
3384 4438 3731 4507 σωθήσεσθαι

2148 4529 2338 4599 χρείαν
2383 4530 2485 4582 οὐκ
2510 4529 2934 4600 ἑσχήκασιν,ἐτι
2965 4527 3068 4601 [δὲ]
3093 4529 3406 4599 προσφάτου
3437 4525 3538 4597 τῆς
3593 4529 3732 4582 κατὰ

2147 4619 2248 4690 τὴν
2271 4619 2574 4692 έξαήμερον
2588 4619 2757 4691 οὔσης
2778 4620 2962 4683 αὐτοῖς
2991 4621 3012 4652 ⁸
3035 4618 3128 4672 τοῦ
3156 4620 3360 4688 κόσμου
3389 4619 3727 4681 συστάσεως·

2146 4709 2456 4782 ἐμέμνηντο
2481 4711 2588 4782 γὰρ
2619 4711 2702 4765 ὅτι
2722 4712 2782 4765 ὲν
2823 4710 2884 4776 ἓξ
2910 4709 3145 4782 ἡμέραις
3171 4712 3200 4764 ὁ
3240 4709 3373 4772 Θεὸς
3398 4711 3730 4779 ἐτεκτήνατο

2147 4798 2248 4869 τὴν
2292 4799 2474 4854 κτίσιν
2499 4801 2570 4852 τά
2605 4815 2668 4852 τε
2711 4801 2771 4853 ἐν
2810 4799 2892 4870 τῷ
2929 4799 3247 4870 παραδείσῳ
3283 4800 3568 4868 γεγονότα.
3603 4798 3728 4850 ‘Ev-

2145 4889 2336 4944 τεῦθεν
2381 4887 2476 4945 οὖν
2506 4891 2571 4962 δὴ
2600 4891 2701 4955 τὰς
2747 4892 2856 4947 ἀπὸ
2902 4892 3002 4962 τῆς
3037 4892 3350 4954 συστάσεως
3395 4890 3600 4954 εὐθέως
3631 4888 3727 4942 τοῦ

2146 4981 2354 5052 κόσμου
2390 4981 2534 5035 κατὰ
2577 4983 2828 5054 διαδοχὴν
2874 4982 2966 5036 τὸν
2999 4983 3134 5037 Θεὸν
3184 4981 3372 5036 ποθεῖν
3413 4982 3684 5053 ἑλομένας
3707 4981 3729 5012 τ

2142 5074 2346 5146 ψυχὰς,
2383 5075 2480 5129 καὶ
2524 5075 2734 5145 σχεδὸν,
2777 5076 2829 5128 εί
2863 5075 2970 5146 χρὴ
2998 5076 3186 5145 φάναι,
3235 5075 3336 5138 τὰς
3368 5071 3465 5126 τοῦ
3502 5072 3727 5144 πρώτου

2144 5165 2344 5231 αἰῶνος
2407 5165 2577 5231 οὔσας
2627 5167 2827 5236 ἔγγονα
2877 5167 2975 5222 καὶ
3027 5167 3275 5237 γείτονας
3325 5165 3425 5236 τῆς
3479 5162 3728 5235 μεγάλης

541 5309 570 5351 ε
598 5307 787 5364 Matth.
817 5320 946 5372 xxv,
975 5303 1030 5370 6,
1105 5313 1130 5343 ο
1154 5301 1178 5358 l
1210 5301 1401 5356 Thess.
1442 5316 1517 5368 tv,
1543 5300 1630 5357 l6.
1710 5300 1732 5342 ί
1769 5300 1930 5360 Cant.
1955 5319 2030 5370 vr,
2057 5305 2116 5374 7,
2141 5305 2195 5360 8.

1730 5418 1969 5474 VARUE
2009 5419 2414 5478 LECTIONES.

537 5565 582 5598 ⁸⁸
603 5564 826 5642 ἔρχεσθε
921 5577 936 5616 :
975 5561 1278 5642 {placat}.

467 5653 566 5701 σας
592 5630 701 5700 ςζ”
743 5635 764 5667 ³
783 5630 1014 5698 ταύταις
1042 5630 1114 5687 Β.
1197 5632 1220 5664 ⁸
1241 5630 1463 5702 ἀφθόρῳ

1365 5559 1412 5592 ’⁸
1438 5557 1724 5630 ἑξήκοντα]
1742 5559 1898 5614 Cant.
1942 5574 2019 5622 VI,
2045 5561 2096 5615 7.

1539 5631 1873 5686 lmschelius.
1964 5631 1986 5663 ⁸
2010 5630 2076 5686 δι’
2105 5631 2152 5685 Δ
2197 5648 2212 5686 :
2242 5633 2300 5685 δὲ
2329 5648 2388 5696 ς’.
2411 5629 2423 5632 ⁷
2464 5631 2485 5664 ⁸
2513 5629 2722 5702 αὐτοῖς]
2769 5629 2936 5701 αὐτῆς
2958 5633 3024 5686 Δ.
3099 5633 3118 5664 ⁷
3152 5629 3416 5701 ελομένας
3445 5631 3632 5686 ποθεῖν
3660 5647 3721 5696 ς.

2203 5561 2218 5592 ⁸
2242 5560 2364 5614 ἐστὶ
2409 5569 2530 5632 post
2565 5559 2797 5632 ἐκλεκτή
2845 5575 2956 5632 om.
2983 5560 3048 5618 Α.
3111 5561 3134 5591 ¹
3161 5558 3328 5632 παρθ.
3359 5559 3455 5614 καὶ
3479 5559 3726 5632 βασιλίσ-
