3964 6246
261 363 400 430 1169

1299 366 1819 435 BIBLIOTHECA.
1848 371 1928 410 ’-
1965 377 2131 437 COD.
2179 375 2563 448 CCXXXVU.

3395 387 3528 452 1170

259 483 592 556 ἑξαημέρου,
655 485 920 557 ἑξήκοντα
963 488 1280 560 βασιλίσσας
1311 490 1415 562 ἔφη
1471 491 1834 562 συμϐολικῶς,

1943 492 2195 548 ﬁduciam
2246 496 2497 554 habuerit
2554 499 2684 555 Setlt
2713 501 2780 554 ad
2833 500 3021 568 Deum,
3051 513 3311 574 quantam
3365 507 3522 572 Abel,

254 574 347 630 διὰ
375 577 436 630 τὸ
477 577 614 646 μετά
646 580 746 648 τὴν
784 581 1093 652 ὲξαήμερον
1115 582 1345 654 ταύταςξ
1373 583 1450 647 ὡς
1481 583 1640 654 ἔφην,
1671 600 1836 652 γεγο-

256 669 438 722 νέναιο
478 671 721 740 μεγάλην
767 672 880 744 γὰρ
926 667 1072 728 οὗτοι
1108 675 1273 744 τιμὴν
1325 677 1625 746 ἐσχήκασιν
1667 675 1838 743 ἀγγέ-

255 761 370 825 λοις
435 762 800 833 ὁμιλήσαντες
843 767 937 820 καὶ
996 766 1088 820 τὸν
1137 766 1270 821 Θεὸν
1327 768 1476 838 ὕπαρ
1538 768 1641 822 οὐκ
1703 769 1836 838 ὅναρ

1946 596 2202 654 quantam
2233 587 2441 650 Enoch.
2464 602 2720 662 quantam
2761 593 3089 660 Mathusala,
3119 608 3376 666 quantam
3415 597 3530 654 Noe

1945 679 2104 746 primi
2125 679 2353 750 iustitia:
2382 684 2617 740 cultores
2647 686 2670 740 ?
2700 687 2805 742 Sed
2831 688 2896 742 de
2924 688 3008 743 his
3044 690 3196 745 satis.
3223 692 3298 746 De
3323 706 3530 747 concu-

1945 769 2089 826 binis
2128 773 2322 829 iterum
2349 776 2658 832 dicendum.

253 852 602 924 θεασάμενοι.
641 858 1050 930 Ἐπισκέψασθε
1097 861 1207 931 γὰρ
1244 861 1379 932 ὅσην
1437 861 1566 932 ἔσχε
1595 861 1935 932 ’παρρησίαν
1982 862 2012 915 6
2051 865 2161 934 Σὴθ
2213 866 2350 938 πρὸς
2425 868 2515 921 τὸν
2568 869 2722 932 Θεὸν,
2757 869 2889 940 ὅσην
2933 871 2964 924 6
3044 871 3229 937 Ἅϐελ,
3315 875 3447 945 ὅσην
3491 875 3522 928 6

269 947 461 1019 Ἐνὼχ,
479 951 648 1020 ὅστινὸ
677 955 1031 1021 Μαθουσάλα,
1063 956 1194 1027 ὅσην
1216 957 1246 1009 6
1278 955 1425 1022 Νῶε,
1459 957 1677 1040 πρῶτοι,
1695 956 2042 1028 δικαιοσύνης
2097 960 2251 1025 ὅντες
2276 963 2522 1033 ἐρασταί.
2547 965 2658 1018 Καὶ
2679 966 2806 1036 περὶ
2833 963 3040 1022 τούτων
3072 967 3172 1039 μὲν
3195 968 3489 1040 αὐτάρκως
3508 985 3526 1002 ⁶

252 1047 384 1116 περί
422 1048 481 1100 δὲ
550 1048 659 1102 τῶν
688 1049 984 1104 παλλακῶν
1018 1052 1182 1106 πάλιν
1212 1053 1454 1107 λεκτέον.

325 1157 452 1220 Τοῖς
495 1159 637 1226 μετά
674 1159 768 1212 τὸν
817 1161 1204 1232 κατακλυσμὸν
1258 1161 1533 1231 ἀπωτέρω
1572 1159 1764 1216 λοιπὸν
1809 1161 1844 1232 ἡ

251 1249 456 1318 γνῶσις
491 1245 561 1321 ἦν
627 1250 722 1304 τοῦ
769 1250 927 1315 Θεοῦ,
984 1253 1078 1307 καὶ
1116 1252 1346 1324 ἔχρῃζον
1389 1254 1580 1324 ἐτέρας
1624 1252 1847 1323 διδαχῆς

254 1344 534 1414 ἑρπούσης
575 1344 680 1416 ήδη
709 1347 809 1414 τῆς
853 1343 1316 1416 είδωλολατρείας.
1353 1346 1412 1398 '0
1450 1341 1544 1398 οὖν
1573 1344 1726 1408 Θεὸς,
1756 1343 1845 1397 ἵνα

257 1437 336 1504 μὴ
369 1437 546 1508 πάντη
599 1437 662 1490 τὺ
703 1437 859 1506 γένος
903 1437 1012 1491 τῶν
1041 1437 1346 1508 ἀνθρώπων
1384 1439 1623 1508 ἀϊστωθῇ
1654 1436 1676 1469 ⁸
1700 1436 1841 1509 λήθῃ

253 1525 365 1577 τῶν
403 1525 604 1592 καλῶν,
628 1525 719 1579 τὸν
751 1526 880 1581 ίδιον
912 1527 1085 1580 Παῖδα
1127 1529 1240 1590 τοῖς
1284 1529 1591 1599 προφήταις
1617 1527 1838 1582 ἐκέλευ-

256 1632 352 1668 σεν
382 1617 661 1688 ὑφηγῆσαι
683 1618 705 1650 ⁹
730 1618 828 1690 τὴν
849 1619 1116 1689 ἐσομένην
1145 1618 1340 1672 ἑαυτοῦ
1363 1620 1406 1651 ¹⁰
1425 1619 1724 1690 παρουσίαν
1749 1619 1838 1673 διὰ

2024 1161 2106 1216 Ab
2135 1161 2201 1216 iis
2229 1163 2319 1232 qui
2350 1172 2469 1233 post
2521 1163 2778 1220 diluvium
2825 1165 3105 1233 vixerunt,
3157 1167 3248 1223 Dei
3289 1170 3532 1240 cognitio

1951 1252 2111 1319 paulo
2143 1253 2352 1322 longius
2387 1255 2648 1316 recessit,
2693 1257 2907 1325 aliaque
2946 1259 3159 1314 ratione
3202 1260 3345 1316 docti
3375 1270 3528 1328 sunt,

1949 1355 2200 1413 serpente
2220 1345 2332 1413 jam
2361 1346 2564 1416 passim
2591 1347 2912 1406 idololatria.
2944 1348 3088 1405 Deus
3109 1367 3239 1421 ergo
3262 1366 3327 1406 ne
3357 1367 3531 1422 genus

1948 1437 2244 1492 humanum
2276 1436 2547 1494 oblivione
2580 1439 2880 1495 honestatis
2928 1441 3143 1510 penitus
3193 1443 3525 1509 aboleretur,

1945 1545 2102 1585 suum
2132 1528 2330 1584 Filium
2358 1544 2454 1599 per
2483 1533 2776 1601 prophetas
2795 1532 2959 1603 jussit
2981 1535 3208 1597 dictare,
3237 1537 3528 1594 adventum

1941 1622 2058 1690 ejus
2089 1623 2142 1676 in
2179 1623 2436 1676 mundum
2464 1638 2629 1677 carne
2653 1633 2936 1693 assumpta
2971 1624 3238 1692 futurum,
3275 1641 3382 1694 quo
3408 1626 3526 1698 spi-

256 1709 464 1779 σαρκὸς
491 1712 572 1772 είς
598 1710 692 1763 τὸν
717 1711 944 1780 κόσμον,
977 1710 1098 1764 καθ’
1132 1711 1199 1783 ἢν
1239 1713 1272 1781 ή
1311 1711 1413 1781 τῆς
1455 1712 1834 1783 πνευματικῆς

1942 1714 2149 1769 ritualis
2176 1715 2447 1768 octonarii
2477 1714 2730 1784 gaudium
2774 1725 2832 1770 et
2871 1717 3110 1787 cognitio
3143 1719 3529 1786 praedicaretur

251 1800 511 1867 ὀγδοάδος
534 1801 680 1874 χαρὰ
722 1805 817 1856 καὶ
864 1803 1066 1872 γνῶσις
1106 1782 1533 1874 κηρυχθήσεται,
1586 1782 1835 1873 ἀφέσεως

1942 1805 2005 1860 ad
2036 1805 2398 1861 exhibendam
2428 1805 2808 1862 remissionem
2843 1816 3215 1877 peccatorum,
3245 1818 3300 1862 et
3339 1824 3528 1865 resur-

252 1893 674 1964 ἁμαρτημάτων
721 1890 858 1949 οὖσα
905 1896 1000 1948 καὶ
1059 1896 1407 1958 ἀναστάσεως
1482 1897 1790 1967 παρεκτική
1815 1911 1829 1926 ·

253 1985 765 2056 περιτμηθήσεσθαι
817 1986 926 2057 γάρ
963 1986 1030 2039 δι’
1060 1987 1234 2056 αὐτῆς
1283 1987 1374 2040 τὸν
1424 1986 1710 2059 ἄνθρωπον
1764 1987 1834 2040 τὰ

255 2075 404 2147 πάθη
435 2076 530 2129 καὶ
559 2077 658 2148 τήν
687 2077 912 2148 φθοράν.
945 2079 1056 2132 Καὶ
1081 2077 1172 2131 διὰ
1214 2079 1372 2133 τοῦτο
1411 2079 1503 2132 τὸν
1531 2079 1832 2148 κατάλογον

250 2169 364 2221 τῶν
399 2170 510 2223 ἀπὸ
527 2163 620 2222 τώ
658 2171 910 2241 Ἀϐραὰμ
939 2171 1256 2242 προφητῶν,
1287 2171 1374 2226 διά
1417 2174 1516 2244 τὴν
1548 2173 1646 2242 τῆς
1673 2189 1833 2244 περι-

249 2263 429 2333 τομῆς
480 2262 776 2332 πρεσϐείαν
825 2264 916 2316 τὸν
955 2262 1099 2318 ὀκτὼ
1154 2263 1518 2335 περιεχούσης
1578 2264 1833 2335 ἀριθμὸν,

251 2346 323 2423 ἧς
373 2353 672 2423 ἐξήρτηται
701 2353 796 2407 καὶ
827 2355 856 2408 6
891 2355 1076 2426 νόμος,
1110 2355 1392 2419 παλλακὰς
1431 2355 1707 2420 ἐκάλεσεν,
1750 2357 1835 2410 ὅτι

252 2445 365 2514 πρὸ
404 2444 499 2498 τοῦ
531 2445 630 2514 τὴν
663 2445 884 2517 νύμφην
917 2446 1017 2516 τὴν
1073 2448 1403 2520 Ἐκκλησίαν
1455 2449 1835 2521 κατεγγυηθῆ-

253 2536 446 2607 ναιτῷ
479 2537 660 2609 Λόγῳ,
691 2538 758 2591 τὰ
785 2538 902 2591 θεῖα
934 2538 1288 2603 συλλαϐόντες
1323 2540 1364 2571 “
1388 2540 1704 2611 σπέρματα,
1735 2542 1837 2612 τῆς

249 2631 454 2699 νοητῆς
516 2630 951 2700 προεξήγγειλαν
1021 2630 1272 2699 ὀγδοάδος
1333 2633 1438 2701 τὴν
1505 2635 1833 2705 περιτομήν.

249 2719 521 2784 Νεάνιδας
575 2721 631 2774 δὲ
673 2721 834 2775 πάλιν
897 2723 980 2785 εἰς
1035 2721 1408 2793 ἀναρίθμητον
1471 2722 1832 2786 συντελούσας

247 2813 444 2884 ὅμιλον
480 2813 550 2867 τά
579 2814 683 2867 ὑπὸ
712 2816 826 2878 τοῖς
863 2814 1137 2886 κρείττοσι
1170 2813 1300 2886 [508
1317 2813 1408 2886 Η.]
1436 2816 1835 2888 δικαιοπραγή-

250 2922 429 2960 σαντα
484 2906 684 2976 πλήθη,
717 2907 814 2959 καὶ
869 2905 1132 2968 νεανικῶς
1182 2905 1277 2960 καὶ
1309 2906 1575 2973 γενναίως
1614 2907 1837 2978 διαθλή-

251 3015 426 3053 σαντα
457 3000 594 3067 πρὸς
618 3000 715 3072 τήν
742 3001 1040 3072 ἁμαρτίαν,
1070 2999 1244 3054 καλεῖ.
1283 2999 1443 3054 Ἀλλά
1471 3001 1678 3053 τούτων
1717 3000 1836 3054 οὔθ’

248 3097 312 3148 αἱ
336 3095 646 3164 βασίλισσαι
667 3094 780 3149 οὗθ’
811 3097 868 3149 αἱ
887 3095 1161 3149 παλλακαὶ
1193 3095 1575 3168 συγκρίνονται
1603 3098 1670 3167 τῇ
1709 3096 1834 3150 Ἐκ·
1859 3143 1871 3168 τ

1862 3145 1909 3208 C

252 3186 500 3259 κλησίᾳ·
549 3189 583 3258 ή
625 3187 735 3259 γὰρ
785 3189 968 3242 τελεία
1017 3190 1112 3242 καὶ
1169 3189 1400 3259 ὲκλεκτὴ
1454 3190 1606 3262 παρὰ
1656 3189 1837 3254 πάσας

247 3283 653 3354 ὀνομαζομένη,
688 3287 721 3355 ἠ
753 3286 819 3338 ἐκ
856 3286 1076 3339 πάντων
1114 3285 1427 3340 συνεστῶσά
1454 3302 1515 3339 τε
1569 3285 1666 3339 καὶ
1707 3303 1836 3338 συν-

248 3377 500 3447 ημμένη,
561 3377 672 3430 τῶν
734 3379 1050 3432 ἀποστόλων
1100 3378 1270 3445 ἐστὶν,
1318 3380 1350 3449 ή
1415 3379 1838 3450 ὑπερϐάλλουσα

245 3467 442 3538 νύμφη
496 3469 574 3540 τῷ
632 3469 817 3524 κάλλει
858 3470 960 3540 τῆς
1009 3473 1193 3541 ἀκμῆς
1239 3471 1333 3524 καὶ
1382 3472 1484 3541 τῆς
1538 3473 1838 3543 παρθενίας

253 3561 460 3625 πάσας.
507 3561 596 3614 Διὸ
651 3563 747 3616 καὶ
797 3563 1158 3634 μακαρίζεται
1189 3563 1326 3632 πρὸς
1356 3563 1466 3617 τῶν
1505 3565 1703 3627 ἄλλων,
1753 3567 1837 3618 ὅτι

249 3651 396 3724 αὕτη
426 3649 533 3706 εἶδε
565 3656 656 3707 καὶ
684 3654 918 3724 ἤκουσεν
951 3655 1198 3722 ἀφθόνως
1243 3654 1279 3707 ἃ
1324 3655 1528 3708 ἐκεῖναι
1562 3654 1838 3725 ἐπεπόθη-

253 3761 356 3797 σαν
412 3743 540 3797 ίδεῖν
595 3745 688 3798 καὶ
722 3744 952 3799 ἀκοῦσαι
1008 3747 1102 3798 καὶ
1129 3745 1230 3797 οὐκ
1258 3739 1398 3798 εἶδον
1441 3746 1551 3798 οὐδ’
1575 3746 1834 3816 ἥκουσαν.

247 3837 600 3906 Μακάριοιίί
635 3838 745 3908 γὰρ
761 3841 814 3892 οἱ
829 3837 1143 3908 ὀφθαλμοί,
1165 3838 1353 3906 φησὶν,
1376 3837 1563 3907 ὑμῶν,
1587 3840 1615 3890 ὁ
1631 3838 1838 3908 Κύριος

249 3934 370 3993 τοῖς
397 3931 683 4002 μαθηταῖς,
704 3935 758 3986 oi
783 3933 1124 3998 βλέποντες
1163 3932 1201 3986 ἂ
1227 3933 1509 3996 βλέπετε.
1535 3931 1710 4006 Λέγω
1727 3930 1838 4000 γὰρ

250 4022 401 4090 ὑμῖν
445 4021 537 4075 ὅτι
578 4023 796 4076 πολλοὶ
843 4021 1143 4091 προφῆται
1181 4024 1576 4090 ἐπεθύμησαν
1612 4021 1764 4078 ίδεῖν
1799 4021 1841 4076 ἁ

244 4113 537 4178 βλέπετε,
575 4113 671 4166 καὶ
699 4115 809 4168 οὐκ
848 4109 1034 4176 εἶδον,
1067 4112 1165 4167 καί
1187 4113 1448 4168 ἀκοῦσαι
1482 4113 1522 4168 d
1567 4113 1836 4180 ἀκούετε,

250 4205 356 4260 καί
385 4209 497 4258 οὐκ
540 4204 840 4274 ἤκουσαν.
871 4203 1001 4277 [560
1034 4204 1124 4276 IL]
1153 4205 1364 4259 Οὐκοῦν
1389 4206 1477 4260 διὰ
1508 4207 1681 4262 ταῦτα
1727 4224 1836 4278 μα-

251 4295 576 4366 καρίζουσιν
633 4297 800 4368 αὐτὴν
860 4299 910 4351 οἱ
962 4299 1260 4369 προφῆται,
1311 4299 1394 4352 ὅτι
1442 4294 1518 4352 ὧν
1567 4299 1721 4353 αὐτοὶ
1765 4300 1840 4371 μὴ

251 4390 570 4458 ἑπέτυχονή
587 4388 879 4459 Ἐκκλησία
912 4390 1203 4460 μετείληφε
1229 4391 1324 4444 καὶ
1351 4389 1582 4462 ἠξιώθη.
1606 4391 1838 4444 Δύναται

1936 1897 2255 1964 rectionem,
2296 1913 2395 1968 per
2441 1897 2588 1952 illum
2620 1899 2763 1953 enim
2813 1899 3197 1954 circumcisum
3245 1899 3310 1954 iri
3348 1901 3526 1956 homi-

1936 2005 2082 2055 nem,
2117 1989 2269 2055 vitia,
2310 1990 2550 2060 inquam,
2594 2003 2649 2047 et
2677 1992 3105 2062 corruptionem.
3154 1991 3293 2048 Hinc
3331 1993 3527 2048 catalo-

1935 2095 2062 2151 gnm
2097 2081 2484 2151 prophetarum
2545 2083 2615 2138 ab
2648 2083 2956 2138 Abrahamo
2995 2093 3259 2153 coeptum,
3305 2093 3524 2156 propter

1935 2171 2392 2238 circumcisionis,
2424 2188 2544 2243 quae
2567 2175 2908 2230 octonarium
2937 2177 3180 2232 continet
3210 2192 3521 2241 numerum,

1937 2263 2337 2333 antiquitatem,
2361 2280 2390 2320 a
2425 2281 2531 2336 qua
2559 2265 2643 2322 lex
2668 2268 2900 2336 pendet,
2926 2269 3262 2324 concubinas
3292 2269 3525 2338 appella-

1936 2359 2032 2413 vit.
2056 2356 2189 2413 Nam
2222 2369 2509 2427 antequam
2537 2375 2732 2431 sponsa
2783 2359 3024 2415 Ecclesia
3070 2358 3247 2415 Verbo
3283 2360 3522 2428 deSponc

1936 2449 2177 2514 deretur,
2208 2451 2580 2520 concipientes
2605 2451 2844 2506 divinam
2879 2453 3183 2505 sementem
3222 2447 3521 2517 spiritualis

1939 2542 2230 2607 octonarii,
2262 2542 2731 2598 circumcisidnem
2774 2541 3231 2612 pratnbntiarunt.
3269 2539 3348 2594 Ad
3387 2541 3524 2593 mul-

1936 2637 2221 2692 titudinem
2250 2652 2380 2690 vero
2410 2651 2630 2691 rursum
2678 2634 3129 2690 innumerabilem
3166 2628 3519 2704 (hominum),

1937 2747 2058 2801 quae
2086 2746 2186 2800 pro
2207 2731 2472 2798 majorum
2505 2731 2732 2798 imperio
2761 2733 2912 2798 iuste
2943 2729 3094 2791 vivit,
3122 2738 3176 2783 et
3211 2728 3442 2782 viriliter
3467 2735 3526 2785 et

1939 2841 2202 2898 generose
2225 2833 2417 2880 contra
2442 2826 2570 2880 vitia
2595 2825 2856 2890 decertat,
2879 2822 3315 2878 adulescentulas
3342 2821 3526 2891 appel-

1939 2921 2034 2974 lat.
2074 2919 2184 2976 Sed
2214 2934 2282 2974 ex
2335 2919 2402 2974 iis
2449 2932 2625 2988 neque
2671 2919 2910 2988 reginae,
2959 2931 3133 2998 neque
3183 2915 3522 2979 concubium,

1939 3029 2060 3068 cum
2105 3011 2347 3067 Ecclesia
2379 3020 2789 3081 comparantur.
2825 3009 2950 3064 llaec
2997 3011 3140 3063 enim
3187 3006 3428 3078 perieCta
3467 3017 3523 3061 et

1940 3107 2112 3161 electa
2178 3121 2288 3174 pra:
2314 3083 2593 3160 ‘omnibus
2635 3103 2935 3166 nominata,
2993 3119 3113 3171 quae
3156 3119 3223 3157 ex
3271 3100 3525 3158 on'mibus

1941 3207 2152 3256 constat
2189 3206 2245 3253 et
2290 3200 2614 3254 concinnata
2656 3205 2776 3262 est,
2829 3207 2913 3251 est
2947 3195 3352 3266 apostolorum,
3404 3209 3525 3264 qua

1941 3307 2137 3362 sponsa
2188 3291 2352 3354 flore;
2385 3289 2803 3361 pulchritudinis
2851 3296 2908 3343 et
2967 3287 3235 3342 castitatis
3301 3298 3524 3356 superat

1937 3398 2149 3439 omnes.
2178 3383 2516 3451 Quapmpter
2545 3380 2702 3435 beata
2747 3380 2814 3434 ab
2851 3377 2975 3434 aliis
3019 3377 3364 3448 praedicatur,
3395 3377 3521 3446 quia

1939 3474 2054 3528 haec
2076 3481 2264 3544 aperte
2294 3473 2430 3527 vidit
2454 3481 2506 3528 et
2539 3471 2767 3536 audivit,
2807 3485 2927 3540 qua:
2965 3469 3069 3524 illae
3117 3468 3300 3523 videre
3337 3476 3393 3523 et
3427 3484 3524 3522 au-

1938 3570 2055 3623 dire
2093 3568 2557 3622 desideraverunt.
2595 3564 2745 3619 Beati
2771 3564 2930 3630 oculi,
2963 3563 3124 3634 311
3151 3580 3181 3616 a
3215 3562 3389 3630 inquit
3417 3561 3522 3615 Do-

1940 3660 2116 3713 minus
2145 3657 2443 3728 discipulis,
2476 3658 2566 3726 qtti
2611 3655 2812 3720 vident,
2846 3671 2965 3726 qua:
3014 3673 3101 3708 vos
3145 3655 3351 3709 videtis.
3392 3653 3520 3707 Dico

1937 3758 2076 3810 enim
2104 3757 2267 3818 vobis,
2316 3753 2455 3825 quod
2486 3751 2638 3806 multi
2680 3751 2944 3820 propheta:
2979 3749 3406 3804 desideraverunt
3448 3749 3524 3801 vi—

1939 3852 2059 3903 dere
2080 3863 2198 3918 qua:
2224 3849 2432 3912 videtis,
2465 3855 2514 3900 et
2544 3861 2647 3899 non
2687 3845 2959 3907 viderunt;
2986 3852 3031 3896 et
3065 3842 3252 3894 audire
3276 3856 3394 3910 qua»:
3423 3856 3526 3892 au-

1939 3942 2086 4004 ditis,
2121 3949 2170 3994 et
2216 3956 2319 3994 non
2349 3939 2630 3993 audierunt
2674 3938 2720 3990 ε.
2752 3934 2944 3990 Nonne
2989 3943 3272 4003 propterea
3306 3932 3523 3985 beatam

1940 4035 2235 4102 praedicant
2287 4032 2460 4101 ipsam
2499 4029 2800 4100 prophetae,
2853 4027 2998 4096 quod
3029 4027 3229 4095 quibus
3275 4025 3378 4094 ipsi
3415 4037 3525 4078 non

1941 4133 2248 4196 potuerunt,
2279 4123 2365 4180 bis
2388 4122 2628 4178 Ecclesia
2657 4120 2827 4191 pctita
2854 4121 2962 4184 sit,
2995 4129 3049 4174 et
3070 4118 3309 4190 dignata.
3345 4114 3527 4171 Possit

1940 4219 2063 4289 quis
2092 4233 2346 4289 sponsam
2375 4216 2540 4272 etiam
2568 4215 2726 4269 aliter
2753 4212 3054 4281 explicare,
3095 4223 3150 4265 et
3191 4211 3372 4263 dicere
3403 4223 3527 4262 car-

1941 4331 2064 4371 nem
2093 4329 2215 4370 esse
2240 4313 2613 4366 intemeratam
2650 4304 2889 4370 Domini,
2930 4305 3089 4370 cujus
3113 4319 3274 4357 causa
3313 4309 3524 4369 patrem

1941 4405 2177 4461 deseruit
2204 4415 2258 4458 et
2289 4402 2343 4457 in
2375 4412 2578 4456 terram
2611 4399 2717 4452 huc
2749 4393 3050 4460 descendit,
3084 4393 3272 4462 illique
3311 4405 3410 4460 per
3441 4390 3528 4441 in-

247 4479 311 4532 δὲ
342 4497 423 4542 τις
456 4482 552 4533 καὶ
578 4481 778 4551 ἑτέρως
802 4480 906 4552 τὴν
935 4481 1154 4552 νύμφην
1183 4483 1349 4552 φάναι
1389 4482 1489 4553 τὴν
1524 4482 1704 4553 σάρκα
1737 4483 1834 4554 τὴν

1942 4491 2311 4548 carnationem
2371 4487 2657 4556 copulatus
2716 4494 2822 4538 est.
2878 4481 3014 4536 Hinc
3081 4480 3312 4549 ﬁgurate
3374 4476 3523 4533 illam

248 4573 555 4640 ἀμόλυντον
600 4567 740 4624 εἶναι
777 4571 872 4624 τοῦ
918 4573 1146 4643 Κυρίου,
1194 4567 1263 4644 ἦς
1301 4573 1461 4643 χάριν
1505 4573 1838 4642 καταλείψας

249 4666 343 4718 τὸν
362 4664 584 4733 Πατέρα
612 4664 875 4735 κατῆλθεν
905 4666 1142 4720 ἐνταῦθα
1155 4667 1250 4719 καὶ
1264 4665 1673 4738 προσεκολλήθη
1700 4668 1838 4738 αὐτῇ

250 4754 703 4825 ἑνανθρωπήσας.
735 4754 827 4807 Διὸ
869 4753 932 4821 δὴ
992 4755 1086 4807 καὶ
1137 4754 1466 4825 περιστεράν
1514 4755 1684 4824 αὐτὴν
1733 4753 1837 4824 ἔφη

248 4847 613 4918 τροπικῶςιδ,
645 4846 1129 4918 ὲπειδὴτιθασὺνιδ
1156 4847 1216 4900 τὸ
1239 4846 1378 4912 ζῶον
1407 4847 1501 4900 καὶ
1525 4847 1838 4917 ὑπωρόφιον

252 4941 350 4994 καί
372 4939 552 5012 διαίτῃ
576 4942 642 5010 τῇ
673 4938 975 5010 ἀνθρώπων
1006 4939 1050 4971 ⁸⁸
1090 4940 1402 5011 ἀσμενίζον.
1445 4939 1554 4993 Καὶ
1587 4941 1644 4992 ἐν
1678 4939 1755 5008 τῷ
1789 4955 1844 5008 μ’

253 5033 404 5088 καὶδ¹
428 5033 650 5102 ψαλμῷ,
685 5033 789 5087 Ἐκ
811 5033 1024 5098 δεξιῶν
1039 5035 1082 5067 ⁸⁸
1102 5032 1514 5102 παρισταμένη
1537 5031 1629 5085 τοῦ
1651 5033 1694 5064 ³⁷
1708 5032 1844 5085 Θεοῦ

246 5123 452 5195 μερῶν
466 5125 836 5190 βασίλισσα,
853 5128 887 5196 ή
905 5125 984 5196 τῷ
1009 5125 1282 5196 διαχρύσῳ
1297 5125 1396 5194 τῆς
1427 5125 1631 5194 ἀρετῆς
1654 5125 1844 5196 κόσμῳ

253 5217 752 5288 κατεστολισμένη,
785 5214 854 5290 ἧς
909 5218 1226 5291 ἐπεθύμησε
1258 5217 1354 5272 τοῦ
1382 5218 1611 5282 κάλλους
1641 5221 1669 5270 6
1693 5217 1847 5287 βασι-

327 5409 353 5447 κ
396 5399 528 5454 Luc.
573 5417 628 5468 x,
658 5400 750 5467 24,
785 5398 876 5455 25.
949 5399 982 5440 ³³
1010 5401 1157 5458 Psal.
1210 5415 1360 5464 κων,
1405 5400 1490 5456 ίθ.

1946 4584 2249 4638 columbam
2283 4579 2594 4650 appellavit,
2639 4577 2780 4647 quod
2814 4572 3013 4630 animal
3046 4573 3117 4626 sit
3155 4571 3306 4623 cicur
3334 4577 3390 4624 et
3425 4569 3527 4624 sub

1947 4678 2106 4731 tectis
2129 4676 2352 4745 degens,
2391 4672 2746 4740 convictuque
2787 4666 3068 4723 hominum
3112 4663 3428 4718 delectetur.
3460 4661 3530 4717 Et

1946 4769 2000 4823 in
2044 4767 2458 4838 quadragesimo
2506 4770 2700 4832 quarto
2745 4760 2951 4829 psalmo
3003 4773 3017 4811 :
3075 4757 3236 4812 Stans
3286 4756 3465 4826 regina
3493 4773 3528 4809 ιι

1945 4860 2146 4914 dextris
2177 4858 2226 4912 ιι.
2254 4857 2387 4923 (Deo
2415 4854 2517 4910 sibi
2548 4853 2802 4908 sinistras
2829 4852 3096 4922 sumente)
3120 4862 3285 4902 aureo
3310 4845 3527 4900 virtutis

1945 4951 2089 5004 cultu
2141 4955 2443 5014 exornata;
2493 4945 2648 5012 cujus
2701 4940 3160 5013 pulchritudinem
3209 4939 3526 5009 concupivit

1946 5045 2083 5108 Rex,
2113 5057 2240 5096 caro
2264 5051 2372 5107 est,
2408 5049 2467 5094 ut
2501 5038 2638 5102 dixi,
2671 5038 2763 5094 illa
2791 5039 2997 5092 illibata
3040 5047 3098 5092 et
3137 5036 3318 5101 beata,
3361 5049 3526 5104 quam

1943 5152 2127 5191 secum
2157 5136 2209 5189 in
2242 5135 2438 5190 caelum
2479 5133 2783 5201 deportavit
2815 5130 3075 5196 Verbum,
3109 5137 3271 5198 atque
3302 5129 3356 5182 in
3389 5129 3520 5180 dex-

1944 5235 2026 5280 tra
2077 5224 2256 5280 Patris
2295 5223 2604 5288 collocavit,
2644 5224 2839 5278 vestitu
2880 5224 3140 5278 deaurato
3180 5225 3524 5281 exornatam,

1529 5559 1771 5618 VARIE
1815 5547 2111 5614 LECTION
2119 5558 2218 5615 ES.

326 5677 350 5710 ³
383 5679 623 5753 ἀίστωθῇ
645 5696 756 5753 om.
787 5680 896 5736 ΑΒ.
1005 5683 1025 5711 ⁸
1065 5680 1447 5753 ὑφηγήσασθαι
1482 5681 1742 5753 Scaliger.

256 5747 348 5804 24.
431 5749 480 5828 ¹ί
508 5747 666 5818 τρόπ.
700 5751 804 5823 ἔφη
833 5770 893 5817 ς.
975 5754 1016 5785 ⁸³
1042 5747 1293 5807 τιθασσδν
1337 5761 1392 5810 et
1425 5747 1757 5824 ὐπορρόφιον
1788 5768 1847 5816 ς.

267 5822 357 5874 καὶ
391 5836 485 5873 του
551 5837 634 5889 pr.
666 5824 732 5875 Α.

1853 5679 1896 5712 ³⁸
1928 5678 2093 5732 αὖτοῦ
2123 5697 2183 5743 ς’.
2275 5679 2314 5712 ¹¹
2345 5678 2741 5749 προσλαῦόντες
2767 5679 2872 5732 ΑΒ.
2941 5680 2984 5709 ¹¹

1929 5754 1971 5782 ⁸⁵
2011 5754 2078 5822 τῇ
2125 5751 2231 5805 τῶν
2261 5751 2420 5821 ἀνθρ.
2457 5767 2518 5815 ς.

3060 5671 3302 5820 ακάριοιῦ
3332 5673 3458 5730 Luc.
3497 5688 3529 5729 Χ

3121 5749 3158 5781 ¹⁷
3186 5747 3278 5802 τοῦ
3331 5749 3333 5752 ⁴
3362 5746 3528 5800 λαιῶν

2601 5753 2641 5781 ¹⁶
2665 5753 2728 5801 ἐκ
2760 5752 2867 5803 τῶν
2895 5749 2941 5803 δ.
2980 5746 3037 5815 li,
3121 5749 3158 5781 ¹⁷
3186 5746 3302 5815 τοῦ]
3331 5749 3333 5752 ⁴
3362 5746 3528 5800 λαιῶν
