  <div class='ocr_page' id='page_1' title='image "/cluster/home/n/w/nwhite01/storage/ocr_20150623/103 pt.3/mdp.39015061933738/603.png"; bbox 0 0 3964 6246; ppageno 0'>
   <div class='ocr_carea' id='block_1_1' title="bbox 445 336 586 404">
    <p class='ocr_par' dir='ltr' id='par_1_1' title="bbox 445 336 586 404">
     <span class='ocr_line' id='line_1_1' title="bbox 445 336 586 404; baseline -0.007 0"><span class='ocrx_word' id='word_1_1' title='bbox 445 336 586 404; x_wconf 77' lang='grc'><strong>1171</strong></span> 
     </span>
    </p>
   </div>
   <div class='ocr_carea' id='block_1_2' title="bbox 1594 347 2544 424">
    <p class='ocr_par' dir='ltr' id='par_1_2' title="bbox 1594 347 2544 424">
     <span class='ocr_line' id='line_1_2' title="bbox 1594 347 2544 424; baseline 0.006 -17"><span class='ocrx_word' id='word_1_2' title='bbox 1594 347 1855 408; x_wconf 89' lang='lat' dir='ltr'><strong>PHOTII</strong></span> <span class='ocrx_word' id='word_1_3' title='bbox 1894 347 2402 424; x_wconf 65' lang='lat' dir='ltr'><strong>PATRIARCHAE</strong></span> <span class='ocrx_word' id='word_1_4' title='bbox 2434 353 2544 413; x_wconf 76' lang='grc' dir='ltr'><strong>ΟΡ.</strong></span> 
     </span>
    </p>
   </div>
   <div class='ocr_carea' id='block_1_3' title="bbox 3571 337 3715 404">
    <p class='ocr_par' dir='ltr' id='par_1_3' title="bbox 3571 337 3715 404">
     <span class='ocr_line' id='line_1_3' title="bbox 3571 337 3715 404; baseline 0.028 -4"><span class='ocrx_word' id='word_1_5' title='bbox 3571 337 3594 400; x_wconf 80' lang='grc'><strong>1</strong></span> <span class='ocrx_word' id='word_1_6' title='bbox 3612 338 3715 404; x_wconf 74' lang='lat'><strong>172</strong></span> 
     </span>
    </p>
   </div>
   <div class='ocr_carea' id='block_1_4' title="bbox 447 450 2024 534">
    <p class='ocr_par' dir='ltr' id='par_1_4' title="bbox 447 455 2024 531">
     <span class='ocr_line' id='line_1_4' title="bbox 447 455 2024 531; baseline 0.008 -28"><span class='ocrx_word' id='word_1_7' title='bbox 447 455 586 508; x_wconf 78' lang='lat' dir='ltr'><strong>ruod</strong></span> <span class='ocrx_word' id='word_1_8' title='bbox 643 455 866 527; x_wconf 75' lang='lat' dir='ltr'><strong>mystice</strong></span> <span class='ocrx_word' id='word_1_9' title='bbox 896 464 984 512; x_wconf 87' lang='lat' dir='ltr'><strong>est</strong></span> <span class='ocrx_word' id='word_1_10' title='bbox 1011 457 1204 514; x_wconf 84' lang='lat' dir='ltr'><strong>studiis</strong></span> <span class='ocrx_word' id='word_1_11' title='bbox 1250 457 1576 514; x_wconf 61' lang='lat' dir='ltr'><strong>innocentia:</strong></span> <span class='ocrx_word' id='word_1_12' title='bbox 1608 475 1703 516; x_wconf 84' lang='lat' dir='ltr'><strong>seu</strong></span> <span class='ocrx_word' id='word_1_13' title='bbox 1744 461 2024 531; x_wconf 87' lang='lat' dir='ltr'><strong>incorrup-</strong></span> 
     </span>
    </p>
   </div>
   <div class='ocr_carea' id='block_1_5' title="bbox 2138 450 3721 534">
    <p class='ocr_par' dir='ltr' id='par_1_5' title="bbox 2138 450 3721 534">
     <span class='ocr_line' id='line_1_5' title="bbox 2138 450 3721 534; baseline 0.008 -22"><span class='ocrx_word' id='word_1_14' title='bbox 2138 459 2275 526; x_wconf 73' lang='lat' dir='ltr'><strong>lsbc,</strong></span> <span class='ocrx_word' id='word_1_15' title='bbox 2305 464 2340 532; x_wconf 78' lang='grc' dir='ltr'><strong>ἡ</strong></span> <span class='ocrx_word' id='word_1_16' title='bbox 2367 463 2504 534; x_wconf 79' lang='grc' dir='ltr'>σάρξ</span> <span class='ocrx_word' id='word_1_17' title='bbox 2531 464 2700 528; x_wconf 76' lang='grc' dir='ltr'>ἐστιν,</span> <span class='ocrx_word' id='word_1_18' title='bbox 2728 461 2805 526; x_wconf 83' lang='grc' dir='ltr'><strong>ὡς</strong></span> <span class='ocrx_word' id='word_1_19' title='bbox 2846 461 3004 532; x_wconf 75' lang='grc' dir='ltr'>ἔφην,</span> <span class='ocrx_word' id='word_1_20' title='bbox 3036 463 3070 532; x_wconf 81' lang='grc' dir='ltr'><strong>ὴ</strong></span> <span class='ocrx_word' id='word_1_21' title='bbox 3107 459 3376 531; x_wconf 77' lang='grc' dir='ltr'>ἄχραντος</span> <span class='ocrx_word' id='word_1_22' title='bbox 3403 450 3592 523; x_wconf 67' lang='grc' dir='ltr'>ἐκείνη</span> <span class='ocrx_word' id='word_1_23' title='bbox 3623 450 3721 506; x_wconf 47' lang='grc' dir='ltr'><strong>καὶ</strong></span> 
     </span>
    </p>
   </div>
   <div class='ocr_carea' id='block_1_6' title="bbox 444 545 625 602">
    <p class='ocr_par' dir='ltr' id='par_1_6' title="bbox 444 545 625 602">
     <span class='ocr_line' id='line_1_6' title="bbox 444 545 625 602; baseline 0.017 -3"><span class='ocrx_word' id='word_1_24' title='bbox 444 545 625 602; x_wconf 87' lang='lat' dir='ltr'><strong>tionis.</strong></span> 
     </span>
    </p>
   </div>
   <div class='ocr_carea' id='block_1_7' title="bbox 2131 544 3722 631">
    <p class='ocr_par' dir='ltr' id='par_1_7' title="bbox 2131 544 3722 631">
     <span class='ocr_line' id='line_1_7' title="bbox 2131 544 3722 631; baseline -0.009 -20"><span class='ocrx_word' id='word_1_25' title='bbox 2131 557 2404 631; x_wconf 87' lang='grc' dir='ltr'>μακαρία,</span> <span class='ocrx_word' id='word_1_26' title='bbox 2438 559 2506 629; x_wconf 77' lang='grc' dir='ltr'>ἥν</span> <span class='ocrx_word' id='word_1_27' title='bbox 2537 556 2702 621; x_wconf 77' lang='grc' dir='ltr'>αὐτὸς</span> <span class='ocrx_word' id='word_1_28' title='bbox 2728 555 3067 626; x_wconf 79' lang='grc' dir='ltr'><strong>ἀνακομίσας</strong></span> <span class='ocrx_word' id='word_1_29' title='bbox 3098 553 3128 606; x_wconf 85' lang='grc' dir='ltr'><strong>ὁ</strong></span> <span class='ocrx_word' id='word_1_30' title='bbox 3155 552 3313 620; x_wconf 82' lang='grc' dir='ltr'><strong>λόγος</strong></span> <span class='ocrx_word' id='word_1_31' title='bbox 3334 549 3416 613; x_wconf 79' lang='grc' dir='ltr'><strong>είς</strong></span> <span class='ocrx_word' id='word_1_32' title='bbox 3452 544 3722 616; x_wconf 79' lang='grc' dir='ltr'>οὐρανοὺς</span> 
     </span>
    </p>
   </div>
   <div class='ocr_carea' id='block_1_8' title="bbox 442 638 3724 726">
    <p class='ocr_par' dir='ltr' id='par_1_8' title="bbox 442 638 3724 726">
     <span class='ocr_line' id='line_1_8' title="bbox 442 638 3724 726; baseline 0.002 -32"><span class='ocrx_word' id='word_1_33' title='bbox 442 640 505 694; x_wconf 87' lang='grc' dir='ltr'><strong>ἐκ</strong></span> <span class='ocrx_word' id='word_1_34' title='bbox 567 641 758 708; x_wconf 81' lang='grc' dir='ltr'>δεξιῶν</span> <span class='ocrx_word' id='word_1_35' title='bbox 813 645 1127 716; x_wconf 78' lang='grc' dir='ltr'><strong>παρέστησε</strong></span> <span class='ocrx_word' id='word_1_36' title='bbox 1169 645 1266 700; x_wconf 81' lang='grc' dir='ltr'><strong>τοῦ</strong></span> <span class='ocrx_word' id='word_1_37' title='bbox 1332 646 1566 718; x_wconf 84' lang='grc' dir='ltr'>Πατρδς,</span> <span class='ocrx_word' id='word_1_38' title='bbox 1625 649 1684 702; x_wconf 86' lang='grc' dir='ltr'><strong>ἐν</strong></span> <span class='ocrx_word' id='word_1_39' title='bbox 1751 651 2033 723; x_wconf 83' lang='grc' dir='ltr'>ἱματισμῳ</span> <span class='ocrx_word' id='word_1_40' title='bbox 2067 651 2346 726; x_wconf 79' lang='grc' dir='ltr'><strong>διαχρύσῳ</strong></span> <span class='ocrx_word' id='word_1_41' title='bbox 2378 651 2820 725; x_wconf 78' lang='grc' dir='ltr'><strong>κεκοσμημένην,</strong></span> <span class='ocrx_word' id='word_1_42' title='bbox 2850 650 2879 704; x_wconf 82' lang='grc' dir='ltr'><strong>δ</strong></span> <span class='ocrx_word' id='word_1_43' title='bbox 2911 650 2974 717; x_wconf 89' lang='grc' dir='ltr'>δή</span> <span class='ocrx_word' id='word_1_44' title='bbox 3006 651 3124 703; x_wconf 85' lang='grc' dir='ltr'>ἐστι</span> <span class='ocrx_word' id='word_1_45' title='bbox 3192 642 3540 718; x_wconf 71' lang='grc' dir='ltr'>συμϐολικῶς</span> <span class='ocrx_word' id='word_1_46' title='bbox 3602 638 3724 700; x_wconf 78' lang='grc' dir='ltr'>τοῖς</span> 
     </span>
    </p>
   </div>
   <div class='ocr_carea' id='block_1_9' title="bbox 441 735 1321 812">
    <p class='ocr_par' dir='ltr' id='par_1_9' title="bbox 441 735 1321 812">
     <span class='ocr_line' id='line_1_9' title="bbox 441 735 1321 812; baseline 0.009 -25"><span class='ocrx_word' id='word_1_47' title='bbox 441 735 841 808; x_wconf 83' lang='grc' dir='ltr'>ἐπιτηδεύμασι</span> <span class='ocrx_word' id='word_1_48' title='bbox 868 737 972 810; x_wconf 81' lang='grc' dir='ltr'>τῆς</span> <span class='ocrx_word' id='word_1_49' title='bbox 993 739 1321 812; x_wconf 74' lang='grc' dir='ltr'><strong>ἀφθαρσίας.</strong></span> 
     </span>
    </p>
   </div>
   <div class='ocr_carea' id='block_1_10' title="bbox 511 827 2020 907">
    <p class='ocr_par' dir='ltr' id='par_1_10' title="bbox 511 827 2020 907">
     <span class='ocr_line' id='line_1_10' title="bbox 511 827 2020 907; baseline 0.005 -25"><span class='ocrx_word' id='word_1_50' title='bbox 511 827 696 901; x_wconf 84' lang='lat' dir='ltr'><strong>(Dicit)</strong></span> <span class='ocrx_word' id='word_1_51' title='bbox 733 831 876 900; x_wconf 91' lang='lat' dir='ltr'><strong>quod</strong></span> <span class='ocrx_word' id='word_1_52' title='bbox 915 830 1185 902; x_wconf 87' lang='grc' dir='ltr'>παρθενία</span> <span class='ocrx_word' id='word_1_53' title='bbox 1232 831 1346 904; x_wconf 83' lang='grc'><strong>(95)</strong></span> <span class='ocrx_word' id='word_1_54' title='bbox 1366 833 1579 889; x_wconf 90' lang='lat' dir='ltr'><strong>dicatur</strong></span> <span class='ocrx_word' id='word_1_55' title='bbox 1627 850 1654 888; x_wconf 87' lang='lat' dir='ltr'><strong>a</strong></span> <span class='ocrx_word' id='word_1_56' title='bbox 1703 836 1855 907; x_wconf 83' lang='grc' dir='ltr'><strong>παρά</strong></span> <span class='ocrx_word' id='word_1_57' title='bbox 1899 835 2020 890; x_wconf 88' lang='grc' dir='ltr'>θεία</span> 
     </span>
    </p>
   </div>
   <div class='ocr_carea' id='block_1_11' title="bbox 439 917 2019 994">
    <p class='ocr_par' dir='ltr' id='par_1_11' title="bbox 439 917 2019 994">
     <span class='ocr_line' id='line_1_11' title="bbox 439 917 2019 994; baseline 0.007 -25"><span class='ocrx_word' id='word_1_58' title='bbox 439 917 738 972; x_wconf 87' lang='lat' dir='ltr'><strong>mutatione</strong></span> <span class='ocrx_word' id='word_1_59' title='bbox 776 921 936 975; x_wconf 82' lang='lat' dir='ltr'><strong>unius</strong></span> <span class='ocrx_word' id='word_1_60' title='bbox 967 920 1189 989; x_wconf 65' lang='lat' dir='ltr'><strong>litterae,</strong></span> <span class='ocrx_word' id='word_1_61' title='bbox 1231 922 1388 993; x_wconf 90' lang='lat' dir='ltr'><strong>quasi</strong></span> <span class='ocrx_word' id='word_1_62' title='bbox 1430 937 1551 993; x_wconf 69' lang='lat' dir='ltr'><strong>qua:</strong></span> <span class='ocrx_word' id='word_1_63' title='bbox 1580 922 1696 978; x_wconf 86' lang='lat' dir='ltr'><strong>sola</strong></span> <span class='ocrx_word' id='word_1_64' title='bbox 1728 924 1900 992; x_wconf 85' lang='lat' dir='ltr'><strong>illum,</strong></span> <span class='ocrx_word' id='word_1_65' title='bbox 1927 924 2019 994; x_wconf 87' lang='lat' dir='ltr'><strong>qui</strong></span> 
     </span>
    </p>
   </div>
   <div class='ocr_carea' id='block_1_12' title="bbox 440 1008 2020 1086">
    <p class='ocr_par' dir='ltr' id='par_1_12' title="bbox 440 1008 2020 1086">
     <span class='ocr_line' id='line_1_12' title="bbox 440 1008 2020 1086; baseline 0.008 -26"><span class='ocrx_word' id='word_1_66' title='bbox 440 1008 766 1079; x_wconf 74' lang='lat' dir='ltr'><strong>virginitatis</strong></span> <span class='ocrx_word' id='word_1_67' title='bbox 793 1011 1119 1068; x_wconf 88' lang='lat' dir='ltr'><strong>intemerata</strong></span> <span class='ocrx_word' id='word_1_68' title='bbox 1145 1013 1419 1068; x_wconf 82' lang='lat' dir='ltr'><strong>contineat</strong></span> <span class='ocrx_word' id='word_1_69' title='bbox 1441 1015 1694 1086; x_wconf 87' lang='lat' dir='ltr'><strong>mysteria</strong></span> <span class='ocrx_word' id='word_1_70' title='bbox 1726 1013 1837 1072; x_wconf 89' lang='lat' dir='ltr'><strong>Deo</strong></span> <span class='ocrx_word' id='word_1_71' title='bbox 1867 1031 2020 1071; x_wconf 89' lang='lat' dir='ltr'><strong>com-</strong></span> 
     </span>
    </p>
   </div>
   <div class='ocr_carea' id='block_1_13' title="bbox 440 1103 1944 1177">
    <p class='ocr_par' dir='ltr' id='par_1_13' title="bbox 440 1103 1944 1177">
     <span class='ocr_line' id='line_1_13' title="bbox 440 1103 1944 1177; baseline 0.007 -25"><span class='ocrx_word' id='word_1_72' title='bbox 440 1109 615 1170; x_wconf 83' lang='lat' dir='ltr'><strong>paret,</strong></span> <span class='ocrx_word' id='word_1_73' title='bbox 645 1116 753 1170; x_wconf 92' lang='lat' dir='ltr'><strong>quo</strong></span> <span class='ocrx_word' id='word_1_74' title='bbox 782 1103 983 1159; x_wconf 87' lang='lat' dir='ltr'><strong>bonum</strong></span> <span class='ocrx_word' id='word_1_75' title='bbox 1021 1104 1225 1160; x_wconf 89' lang='lat' dir='ltr'><strong>nullum</strong></span> <span class='ocrx_word' id='word_1_76' title='bbox 1272 1104 1502 1160; x_wconf 79' lang='lat' dir='ltr'><strong>inveniri</strong></span> <span class='ocrx_word' id='word_1_77' title='bbox 1537 1105 1713 1176; x_wconf 85' lang='lat' dir='ltr'><strong>majus</strong></span> <span class='ocrx_word' id='word_1_78' title='bbox 1743 1117 1944 1177; x_wconf 88' lang='lat' dir='ltr'><strong>potest.</strong></span> 
     </span>
    </p>
   </div>
   <div class='ocr_carea' id='block_1_14' title="bbox 513 1188 2020 1270">
    <p class='ocr_par' dir='ltr' id='par_1_14' title="bbox 513 1188 2020 1270">
     <span class='ocr_line' id='line_1_14' title="bbox 513 1188 2020 1270; baseline 0.008 -25"><span class='ocrx_word' id='word_1_79' title='bbox 513 1188 801 1260; x_wconf 79' lang='lat' dir='ltr'><strong>Virtutem,</strong></span> <span class='ocrx_word' id='word_1_80' title='bbox 855 1195 950 1261; x_wconf 86' lang='lat' dir='ltr'><strong>ait,</strong></span> <span class='ocrx_word' id='word_1_81' title='bbox 1003 1195 1119 1252; x_wconf 86' lang='lat' dir='ltr'><strong>sive</strong></span> <span class='ocrx_word' id='word_1_82' title='bbox 1163 1206 1387 1268; x_wconf 85' lang='lat' dir='ltr'><strong>propter</strong></span> <span class='ocrx_word' id='word_1_83' title='bbox 1431 1198 1689 1268; x_wconf 89' lang='lat' dir='ltr'><strong>seipsam,</strong></span> <span class='ocrx_word' id='word_1_84' title='bbox 1733 1201 1847 1255; x_wconf 86' lang='lat' dir='ltr'><strong>sive</strong></span> <span class='ocrx_word' id='word_1_85' title='bbox 1875 1202 2020 1270; x_wconf 90' lang='lat' dir='ltr'><strong>quod</strong></span> 
     </span>
    </p>
   </div>
   <div class='ocr_carea' id='block_1_15' title="bbox 442 1283 2019 1348">
    <p class='ocr_par' dir='ltr' id='par_1_15' title="bbox 442 1283 2019 1348">
     <span class='ocr_line' id='line_1_15' title="bbox 442 1283 2019 1348; baseline 0.01 -16"><span class='ocrx_word' id='word_1_86' title='bbox 442 1283 654 1338; x_wconf 83' lang='lat' dir='ltr'><strong>animas</strong></span> <span class='ocrx_word' id='word_1_87' title='bbox 692 1283 946 1340; x_wconf 88' lang='lat' dir='ltr'><strong>sublimet</strong></span> <span class='ocrx_word' id='word_1_88' title='bbox 983 1295 1038 1341; x_wconf 90' lang='lat' dir='ltr'><strong>et</strong></span> <span class='ocrx_word' id='word_1_89' title='bbox 1076 1287 1132 1341; x_wconf 91' lang='lat' dir='ltr'><strong>in</strong></span> <span class='ocrx_word' id='word_1_90' title='bbox 1167 1286 1363 1342; x_wconf 67' lang='lat' dir='ltr'><strong>cadum</strong></span> <span class='ocrx_word' id='word_1_91' title='bbox 1403 1288 1555 1343; x_wconf 88' lang='lat' dir='ltr'><strong>tollat</strong></span> <span class='ocrx_word' id='word_1_92' title='bbox 1597 1289 1741 1345; x_wconf 89' lang='lat' dir='ltr'><strong>hanc</strong></span> <span class='ocrx_word' id='word_1_93' title='bbox 1783 1291 2019 1348; x_wconf 88' lang='lat' dir='ltr'><strong>nominis</strong></span> 
     </span>
    </p>
   </div>
   <div class='ocr_carea' id='block_1_16' title="bbox 442 1374 1185 1448">
    <p class='ocr_par' dir='ltr' id='par_1_16' title="bbox 442 1374 1185 1448">
     <span class='ocr_line' id='line_1_16' title="bbox 442 1374 1185 1448; baseline 0.009 -21"><span class='ocrx_word' id='word_1_94' title='bbox 442 1374 858 1444; x_wconf 88' lang='lat' dir='ltr'><strong>appellationem</strong></span> <span class='ocrx_word' id='word_1_95' title='bbox 885 1379 1185 1448; x_wconf 88' lang='lat' dir='ltr'><strong>accepisse.</strong></span> 
     </span>
    </p>
   </div>
   <div class='ocr_carea' id='block_1_17' title="bbox 514 1463 2013 1534">
    <p class='ocr_par' dir='ltr' id='par_1_17' title="bbox 514 1463 2013 1534">
     <span class='ocr_line' id='line_1_17' title="bbox 514 1463 2013 1534; baseline 0.01 -15"><span class='ocrx_word' id='word_1_96' title='bbox 514 1463 650 1520; x_wconf 87' lang='lat' dir='ltr'><strong>Cum</strong></span> <span class='ocrx_word' id='word_1_97' title='bbox 685 1468 843 1523; x_wconf 88' lang='lat' dir='ltr'><strong>dictis</strong></span> <span class='ocrx_word' id='word_1_98' title='bbox 875 1469 1137 1526; x_wconf 83' lang='lat' dir='ltr'><strong>hactenus</strong></span> <span class='ocrx_word' id='word_1_99' title='bbox 1163 1471 1330 1527; x_wconf 90' lang='lat' dir='ltr'><strong>etiam</strong></span> <span class='ocrx_word' id='word_1_100' title='bbox 1362 1473 1466 1528; x_wconf 92' lang='lat' dir='ltr'><strong>hoc</strong></span> <span class='ocrx_word' id='word_1_101' title='bbox 1500 1473 1572 1528; x_wconf 89' lang='lat' dir='ltr'><strong>ait</strong></span> <span class='ocrx_word' id='word_1_102' title='bbox 1603 1475 1773 1530; x_wconf 83' lang='lat' dir='ltr'><strong>videri</strong></span> <span class='ocrx_word' id='word_1_103' title='bbox 1811 1475 2013 1534; x_wconf 78' lang='lat' dir='ltr'><strong>facere.</strong></span> 
     </span>
    </p>
   </div>
   <div class='ocr_carea' id='block_1_18' title="bbox 442 1552 2018 1620">
    <p class='ocr_par' dir='ltr' id='par_1_18' title="bbox 442 1552 2018 1620">
     <span class='ocr_line' id='line_1_18' title="bbox 442 1552 2018 1620; baseline 0.006 -10"><span class='ocrx_word' id='word_1_104' title='bbox 442 1552 735 1612; x_wconf 88' lang='lat' dir='ltr'><strong>Oraculum</strong></span> <span class='ocrx_word' id='word_1_105' title='bbox 759 1559 970 1615; x_wconf 69' lang='lat' dir='ltr'><strong>caelitus</strong></span> <span class='ocrx_word' id='word_1_106' title='bbox 989 1578 1020 1614; x_wconf 86' lang='lat' dir='ltr'><strong>a</strong></span> <span class='ocrx_word' id='word_1_107' title='bbox 1049 1560 1205 1616; x_wconf 87' lang='lat' dir='ltr'><strong>Patre</strong></span> <span class='ocrx_word' id='word_1_108' title='bbox 1229 1562 1446 1618; x_wconf 89' lang='lat' dir='ltr'><strong>Christo</strong></span> <span class='ocrx_word' id='word_1_109' title='bbox 1472 1563 1522 1616; x_wconf 90' lang='lat' dir='ltr'><strong>in</strong></span> <span class='ocrx_word' id='word_1_110' title='bbox 1545 1561 1776 1619; x_wconf 82' lang='lat' dir='ltr'><strong>Jordane</strong></span> <span class='ocrx_word' id='word_1_111' title='bbox 1800 1566 1979 1620; x_wconf 87' lang='lat' dir='ltr'><strong>datum</strong></span> <span class='ocrx_word' id='word_1_112' title='bbox 2003 1583 2018 1620; x_wconf 87' lang='lat'><strong>:</strong></span> 
     </span>
    </p>
   </div>
   <div class='ocr_carea' id='block_1_19' title="bbox 444 1642 2021 1721">
    <p class='ocr_par' dir='ltr' id='par_1_19' title="bbox 444 1642 2021 1721">
     <span class='ocr_line' id='line_1_19' title="bbox 444 1642 2021 1721; baseline 0.006 -21"><span class='ocrx_word' id='word_1_113' title='bbox 444 1642 623 1700; x_wconf 74' lang='lat' dir='ltr'><strong>Filius</strong></span> <span class='ocrx_word' id='word_1_114' title='bbox 661 1665 804 1702; x_wconf 72' lang='lat' dir='ltr'><strong>meus</strong></span> <span class='ocrx_word' id='word_1_115' title='bbox 829 1665 883 1703; x_wconf 74' lang='lat' dir='ltr'><strong>es</strong></span> <span class='ocrx_word' id='word_1_116' title='bbox 915 1661 993 1717; x_wconf 83' lang='lat' dir='ltr'><strong>tu,</strong></span> <span class='ocrx_word' id='word_1_117' title='bbox 1037 1667 1130 1721; x_wconf 87' lang='lat' dir='ltr'><strong>ego</strong></span> <span class='ocrx_word' id='word_1_118' title='bbox 1174 1651 1330 1706; x_wconf 84' lang='lat' dir='ltr'><strong>hodie</strong></span> <span class='ocrx_word' id='word_1_119' title='bbox 1368 1652 1522 1721; x_wconf 79' lang='lat' dir='ltr'><strong>genui</strong></span> <span class='ocrx_word' id='word_1_120' title='bbox 1549 1662 1596 1706; x_wconf 87' lang='lat' dir='ltr'><strong>te</strong></span> <span class='ocrx_word' id='word_1_121' title='bbox 1637 1653 1680 1708; x_wconf 81' lang='grc' dir='ltr'><strong>ί.</strong></span> <span class='ocrx_word' id='word_1_122' title='bbox 1713 1651 2021 1709; x_wconf 86' lang='lat' dir='ltr'><strong>Observan-</strong></span> 
     </span>
    </p>
   </div>
   <div class='ocr_carea' id='block_1_20' title="bbox 2126 822 3724 901">
    <p class='ocr_par' dir='ltr' id='par_1_20' title="bbox 2126 822 3724 901">
     <span class='ocr_line' id='line_1_20' title="bbox 2126 822 3724 901; baseline -0.008 -14"><span class='ocrx_word' id='word_1_123' title='bbox 2126 830 2323 888; x_wconf 64' lang='lat' dir='ltr'><strong>m.&quot;01:t</strong></span> <span class='ocrx_word' id='word_1_124' title='bbox 2348 829 2583 900; x_wconf 86' lang='grc' dir='ltr'>παρθεία</span> <span class='ocrx_word' id='word_1_125' title='bbox 2602 829 2696 900; x_wconf 70' lang='grc' dir='ltr'><strong>³⁸η</strong></span> <span class='ocrx_word' id='word_1_126' title='bbox 2721 826 2989 901; x_wconf 88' lang='grc' dir='ltr'>παρθενία</span> <span class='ocrx_word' id='word_1_127' title='bbox 3011 825 3151 879; x_wconf 87' lang='grc' dir='ltr'><strong>κατά</strong></span> <span class='ocrx_word' id='word_1_128' title='bbox 3177 825 3304 894; x_wconf 88' lang='grc' dir='ltr'>μίαν</span> <span class='ocrx_word' id='word_1_129' title='bbox 3327 822 3657 893; x_wconf 80' lang='grc' dir='ltr'>ἀπαλλαγὴν</span> <span class='ocrx_word' id='word_1_130' title='bbox 3677 823 3724 855; x_wconf 72' lang='grc'><strong>⁸⁸</strong></span> 
     </span>
    </p>
   </div>
   <div class='ocr_carea' id='block_1_21' title="bbox 2125 912 3724 992">
    <p class='ocr_par' dir='ltr' id='par_1_21' title="bbox 2125 912 3724 992">
     <span class='ocr_line' id='line_1_21' title="bbox 2125 912 3724 992; baseline -0.008 -16"><span class='ocrx_word' id='word_1_131' title='bbox 2125 921 2374 976; x_wconf 78' lang='grc' dir='ltr'>καλεῖται</span> <span class='ocrx_word' id='word_1_132' title='bbox 2404 921 2697 992; x_wconf 70' lang='grc' dir='ltr'><strong>στοιχείου,</strong></span> <span class='ocrx_word' id='word_1_133' title='bbox 2723 918 2800 983; x_wconf 87' lang='grc' dir='ltr'>ὼς</span> <span class='ocrx_word' id='word_1_134' title='bbox 2828 918 2894 990; x_wconf 84' lang='grc' dir='ltr'>δὴ</span> <span class='ocrx_word' id='word_1_135' title='bbox 2929 917 3066 988; x_wconf 86' lang='grc' dir='ltr'>μόνη</span> <span class='ocrx_word' id='word_1_136' title='bbox 3092 916 3184 969; x_wconf 85' lang='grc' dir='ltr'>τὸν</span> <span class='ocrx_word' id='word_1_137' title='bbox 3205 914 3401 986; x_wconf 72' lang='grc' dir='ltr'>ἔχοντα</span> <span class='ocrx_word' id='word_1_138' title='bbox 3425 914 3598 984; x_wconf 79' lang='grc' dir='ltr'>αὐτῆς</span> <span class='ocrx_word' id='word_1_139' title='bbox 3621 912 3724 976; x_wconf 67' lang='grc' dir='ltr'><strong>τὰς</strong></span> 
     </span>
    </p>
   </div>
   <div class='ocr_carea' id='block_1_22' title="bbox 2124 1000 3725 1086">
    <p class='ocr_par' dir='ltr' id='par_1_22' title="bbox 2124 1000 3725 1086">
     <span class='ocr_line' id='line_1_22' title="bbox 2124 1000 3725 1086; baseline -0.007 -16"><span class='ocrx_word' id='word_1_140' title='bbox 2124 1014 2400 1086; x_wconf 79' lang='grc' dir='ltr'><strong>ἀφθόρους</strong></span> <span class='ocrx_word' id='word_1_141' title='bbox 2421 1014 2647 1078; x_wconf 80' lang='grc' dir='ltr'>τελετὰς</span> <span class='ocrx_word' id='word_1_142' title='bbox 2678 1011 2798 1083; x_wconf 84' lang='grc' dir='ltr'>Θεῷ</span> <span class='ocrx_word' id='word_1_143' title='bbox 2827 1010 3206 1075; x_wconf 80' lang='grc' dir='ltr'>ἀπεικάζουσα</span> <span class='ocrx_word' id='word_1_144' title='bbox 3229 1050 3245 1075; x_wconf 94' lang='grc'><strong>,</strong></span> <span class='ocrx_word' id='word_1_145' title='bbox 3275 1000 3338 1062; x_wconf 70' lang='grc' dir='ltr'>οὗ</span> <span class='ocrx_word' id='word_1_146' title='bbox 3365 1007 3552 1078; x_wconf 72' lang='grc' dir='ltr'>μεῖζον</span> <span class='ocrx_word' id='word_1_147' title='bbox 3582 1006 3725 1074; x_wconf 82' lang='grc' dir='ltr'>ἀγαο</span> 
     </span>
    </p>
   </div>
   <div class='ocr_carea' id='block_1_23' title="bbox 2129 1105 2744 1175">
    <p class='ocr_par' dir='ltr' id='par_1_23' title="bbox 2129 1105 2744 1175">
     <span class='ocr_line' id='line_1_23' title="bbox 2129 1105 2744 1175; baseline 0 -15"><span class='ocrx_word' id='word_1_148' title='bbox 2129 1105 2223 1160; x_wconf 87' lang='grc' dir='ltr'>θὸν</span> <span class='ocrx_word' id='word_1_149' title='bbox 2251 1106 2512 1161; x_wconf 82' lang='grc' dir='ltr'>ἀδύνατον</span> <span class='ocrx_word' id='word_1_150' title='bbox 2541 1107 2744 1175; x_wconf 83' lang='grc' dir='ltr'>εὑρεῖν.</span> 
     </span>
    </p>
   </div>
   <div class='ocr_carea' id='block_1_24' title="bbox 2190 1189 3724 1270">
    <p class='ocr_par' dir='ltr' id='par_1_24' title="bbox 2190 1189 3724 1270">
     <span class='ocr_line' id='line_1_24' title="bbox 2190 1189 3724 1270; baseline -0.006 -17"><span class='ocrx_word' id='word_1_151' title='bbox 2190 1199 2314 1254; x_wconf 81' lang='grc' dir='ltr'><strong>Ὀτι</strong></span> <span class='ocrx_word' id='word_1_152' title='bbox 2369 1200 2556 1270; x_wconf 71' lang='grc' dir='ltr'>φησιν,</span> <span class='ocrx_word' id='word_1_153' title='bbox 2575 1197 2640 1250; x_wconf 86' lang='grc' dir='ltr'><strong>Ἦ</strong></span> <span class='ocrx_word' id='word_1_154' title='bbox 2657 1195 2827 1268; x_wconf 84' lang='grc' dir='ltr'>ἁρετὴ</span> <span class='ocrx_word' id='word_1_155' title='bbox 2851 1195 2971 1267; x_wconf 77' lang='grc' dir='ltr'>ἦτοι</span> <span class='ocrx_word' id='word_1_156' title='bbox 2999 1194 3066 1248; x_wconf 81' lang='grc' dir='ltr'><strong>δι’</strong></span> <span class='ocrx_word' id='word_1_157' title='bbox 3089 1193 3369 1256; x_wconf 57' lang='lat' dir='ltr'><strong>summ&quot;,</strong></span> <span class='ocrx_word' id='word_1_158' title='bbox 3401 1189 3516 1244; x_wconf 87' lang='grc' dir='ltr'>εῐτε</span> <span class='ocrx_word' id='word_1_159' title='bbox 3547 1189 3638 1244; x_wconf 82' lang='grc' dir='ltr'><strong>διά</strong></span> <span class='ocrx_word' id='word_1_160' title='bbox 3661 1190 3724 1244; x_wconf 83' lang='grc' dir='ltr'><strong>τὺ</strong></span> 
     </span>
    </p>
   </div>
   <div class='ocr_carea' id='block_1_25' title="bbox 2117 1280 3724 1366">
    <p class='ocr_par' dir='ltr' id='par_1_25' title="bbox 2117 1280 3724 1366">
     <span class='ocr_line' id='line_1_25' title="bbox 2117 1280 3724 1366; baseline -0.009 -18"><span class='ocrx_word' id='word_1_161' title='bbox 2117 1293 2418 1366; x_wconf 75' lang='grc' dir='ltr'>αἴρειν-καὶ</span> <span class='ocrx_word' id='word_1_162' title='bbox 2449 1290 2803 1363; x_wconf 77' lang='grc' dir='ltr'>μετεωρίζειν</span> <span class='ocrx_word' id='word_1_163' title='bbox 2832 1287 2972 1359; x_wconf 83' lang='grc' dir='ltr'>πρὸς</span> <span class='ocrx_word' id='word_1_164' title='bbox 2993 1285 3220 1358; x_wconf 79' lang='grc' dir='ltr'>οὐρανὸν</span> <span class='ocrx_word' id='word_1_165' title='bbox 3239 1285 3340 1348; x_wconf 84' lang='grc' dir='ltr'><strong>τὰς</strong></span> <span class='ocrx_word' id='word_1_166' title='bbox 3367 1283 3551 1354; x_wconf 78' lang='grc' dir='ltr'>ψυχὰς</span> <span class='ocrx_word' id='word_1_167' title='bbox 3582 1280 3724 1336; x_wconf 75' lang='grc' dir='ltr'>ταύ-</span> 
     </span>
    </p>
   </div>
   <div class='ocr_carea' id='block_1_26' title="bbox 2126 1380 2986 1455">
    <p class='ocr_par' dir='ltr' id='par_1_26' title="bbox 2126 1380 2986 1455">
     <span class='ocr_line' id='line_1_26' title="bbox 2126 1380 2986 1455; baseline -0.006 -16"><span class='ocrx_word' id='word_1_168' title='bbox 2126 1401 2229 1455; x_wconf 88' lang='grc' dir='ltr'><strong>την</strong></span> <span class='ocrx_word' id='word_1_169' title='bbox 2270 1385 2472 1455; x_wconf 79' lang='grc' dir='ltr'>ἔσχηκε</span> <span class='ocrx_word' id='word_1_170' title='bbox 2508 1383 2606 1455; x_wconf 76' lang='grc' dir='ltr'>τὴν</span> <span class='ocrx_word' id='word_1_171' title='bbox 2645 1380 2986 1450; x_wconf 89' lang='grc' dir='ltr'>ἐπωνυμίαν.</span> 
     </span>
    </p>
   </div>
   <div class='ocr_carea' id='block_1_27' title="bbox 2189 1461 3724 1546">
    <p class='ocr_par' dir='ltr' id='par_1_27' title="bbox 2189 1461 3724 1546">
     <span class='ocr_line' id='line_1_27' title="bbox 2189 1461 3724 1546; baseline -0.009 -16"><span class='ocrx_word' id='word_1_172' title='bbox 2189 1476 2312 1529; x_wconf 86' lang='grc' dir='ltr'>Ὅτι</span> <span class='ocrx_word' id='word_1_173' title='bbox 2361 1476 2543 1546; x_wconf 72' lang='grc' dir='ltr'>φησιν,</span> <span class='ocrx_word' id='word_1_174' title='bbox 2587 1473 2771 1526; x_wconf 86' lang='grc' dir='ltr'>Ἔοικε</span> <span class='ocrx_word' id='word_1_175' title='bbox 2802 1469 2860 1524; x_wconf 84' lang='grc' dir='ltr'><strong>δέ</strong></span> <span class='ocrx_word' id='word_1_176' title='bbox 2899 1470 3016 1532; x_wconf 85' lang='grc' dir='ltr'>τοῖς</span> <span class='ocrx_word' id='word_1_177' title='bbox 3060 1464 3372 1537; x_wconf 70' lang='grc' dir='ltr'>εἰρημένοις</span> <span class='ocrx_word' id='word_1_178' title='bbox 3415 1463 3513 1517; x_wconf 79' lang='grc' dir='ltr'>καὶ</span> <span class='ocrx_word' id='word_1_179' title='bbox 3558 1461 3724 1516; x_wconf 84' lang='grc' dir='ltr'>τοῦτο</span> 
     </span>
    </p>
   </div>
   <div class='ocr_carea' id='block_1_28' title="bbox 2134 1553 3724 1638">
    <p class='ocr_par' dir='ltr' id='par_1_28' title="bbox 2134 1553 3724 1638">
     <span class='ocr_line' id='line_1_28' title="bbox 2134 1553 3724 1638; baseline -0.01 -17"><span class='ocrx_word' id='word_1_180' title='bbox 2134 1567 2370 1638; x_wconf 83' lang='grc' dir='ltr'>μάλιστα</span> <span class='ocrx_word' id='word_1_181' title='bbox 2422 1566 2736 1635; x_wconf 78' lang='grc' dir='ltr'>συμφωνεῖν</span> <span class='ocrx_word' id='word_1_182' title='bbox 2782 1561 2845 1615; x_wconf 85' lang='grc' dir='ltr'>τὸ</span> <span class='ocrx_word' id='word_1_183' title='bbox 2891 1556 3389 1632; x_wconf 82' lang='grc' dir='ltr'>χρησμῳδούμενον</span> <span class='ocrx_word' id='word_1_184' title='bbox 3417 1553 3628 1610; x_wconf 85' lang='grc' dir='ltr'>ἀνωθεν</span> <span class='ocrx_word' id='word_1_185' title='bbox 3661 1553 3724 1618; x_wconf 83' lang='grc' dir='ltr'>ἐξ</span> 
     </span>
    </p>
   </div>
   <div class='ocr_carea' id='block_1_29' title="bbox 2126 1647 3723 1728">
    <p class='ocr_par' dir='ltr' id='par_1_29' title="bbox 2126 1647 3723 1728">
     <span class='ocr_line' id='line_1_29' title="bbox 2126 1647 3723 1728; baseline -0.009 -15"><span class='ocrx_word' id='word_1_186' title='bbox 2126 1656 2292 1713; x_wconf 80' lang='grc' dir='ltr'>αὐτοῦ</span> <span class='ocrx_word' id='word_1_187' title='bbox 2337 1656 2434 1711; x_wconf 81' lang='grc' dir='ltr'><strong>τοῦ</strong></span> <span class='ocrx_word' id='word_1_188' title='bbox 2480 1657 2687 1728; x_wconf 74' lang='grc' dir='ltr'>Πατρὸς</span> <span class='ocrx_word' id='word_1_189' title='bbox 2719 1653 2799 1726; x_wconf 81' lang='grc' dir='ltr'><strong>τῷ</strong></span> <span class='ocrx_word' id='word_1_190' title='bbox 2826 1651 3048 1725; x_wconf 78' lang='grc' dir='ltr'>Χριστῷ</span> <span class='ocrx_word' id='word_1_191' title='bbox 3074 1653 3133 1705; x_wconf 81' lang='grc' dir='ltr'><strong>ἐν</strong></span> <span class='ocrx_word' id='word_1_192' title='bbox 3165 1649 3244 1722; x_wconf 82' lang='grc' dir='ltr'>τῷ</span> <span class='ocrx_word' id='word_1_193' title='bbox 3277 1647 3549 1722; x_wconf 70' lang='grc' dir='ltr'>Ἰορδάνῃ*</span> <span class='ocrx_word' id='word_1_194' title='bbox 3584 1647 3723 1712; x_wconf 77' lang='grc' dir='ltr'>Υἱός</span> 
     </span>
    </p>
   </div>
   <div class='ocr_carea' id='block_1_30' title="bbox 445 1739 2024 1821">
    <p class='ocr_par' dir='ltr' id='par_1_30' title="bbox 445 1739 2022 1806">
     <span class='ocr_line' id='line_1_30' title="bbox 445 1739 2022 1806; baseline 0.005 -13"><span class='ocrx_word' id='word_1_195' title='bbox 445 1739 571 1793; x_wconf 85' lang='lat' dir='ltr'><strong>dum</strong></span> <span class='ocrx_word' id='word_1_196' title='bbox 600 1739 713 1802; x_wconf 88' lang='lat' dir='ltr'><strong>hic,</strong></span> <span class='ocrx_word' id='word_1_197' title='bbox 755 1739 886 1794; x_wconf 90' lang='lat' dir='ltr'><strong>illud</strong></span> <span class='ocrx_word' id='word_1_198' title='bbox 923 1740 1094 1796; x_wconf 92' lang='lat' dir='ltr'><strong>ﬁlium</strong></span> <span class='ocrx_word' id='word_1_199' title='bbox 1122 1758 1280 1796; x_wconf 87' lang='lat' dir='ltr'><strong>suum</strong></span> <span class='ocrx_word' id='word_1_200' title='bbox 1321 1755 1464 1806; x_wconf 88' lang='lat' dir='ltr'><strong>esse,</strong></span> <span class='ocrx_word' id='word_1_201' title='bbox 1514 1743 1794 1798; x_wconf 90' lang='lat' dir='ltr'><strong>indeﬁnite</strong></span> <span class='ocrx_word' id='word_1_202' title='bbox 1820 1753 1873 1800; x_wconf 88' lang='lat' dir='ltr'><strong>et</strong></span> <span class='ocrx_word' id='word_1_203' title='bbox 1902 1747 2022 1802; x_wconf 88' lang='lat' dir='ltr'><strong>sine</strong></span> 
     </span>
    </p>
   </div>
   <div class='ocr_carea' id='block_1_31' title="bbox 2138 1739 3722 1821">
    <p class='ocr_par' dir='ltr' id='par_1_31' title="bbox 2138 1739 3722 1818">
     <span class='ocr_line' id='line_1_31' title="bbox 2138 1739 3722 1818; baseline -0.011 -12"><span class='ocrx_word' id='word_1_204' title='bbox 2138 1769 2236 1805; x_wconf 65' lang='grc' dir='ltr'>που</span> <span class='ocrx_word' id='word_1_205' title='bbox 2266 1746 2323 1805; x_wconf 81' lang='grc' dir='ltr'>εἷ</span> <span class='ocrx_word' id='word_1_206' title='bbox 2336 1749 2440 1813; x_wconf 87' lang='grc' dir='ltr'>σὺ,</span> <span class='ocrx_word' id='word_1_207' title='bbox 2466 1748 2581 1818; x_wconf 78' lang='grc' dir='ltr'><strong>ἐγὼ</strong></span> <span class='ocrx_word' id='word_1_208' title='bbox 2611 1747 2882 1816; x_wconf 83' lang='grc' dir='ltr'>σήμερον</span> <span class='ocrx_word' id='word_1_209' title='bbox 2906 1739 3238 1814; x_wconf 74' lang='grc' dir='ltr'>γεγέννηκά</span> <span class='ocrx_word' id='word_1_210' title='bbox 3259 1756 3352 1794; x_wconf 82' lang='grc' dir='ltr'><strong>σε.</strong></span> <span class='ocrx_word' id='word_1_211' title='bbox 3381 1739 3722 1809; x_wconf 83' lang='grc' dir='ltr'>Παρατηρη-</span> 
     </span>
    </p>
   </div>
   <div class='ocr_carea' id='block_1_32' title="bbox 447 1829 2023 1904">
    <p class='ocr_par' dir='ltr' id='par_1_32' title="bbox 447 1829 2023 1904">
     <span class='ocr_line' id='line_1_32' title="bbox 447 1829 2023 1904; baseline 0.006 -21"><span class='ocrx_word' id='word_1_212' title='bbox 447 1838 692 1899; x_wconf 89' lang='lat' dir='ltr'><strong>tempore</strong></span> <span class='ocrx_word' id='word_1_213' title='bbox 718 1829 942 1884; x_wconf 87' lang='lat' dir='ltr'><strong>dictum.</strong></span> <span class='ocrx_word' id='word_1_214' title='bbox 969 1833 1045 1884; x_wconf 83' lang='lat' dir='ltr'><strong>Es</strong></span> <span class='ocrx_word' id='word_1_215' title='bbox 1080 1833 1221 1886; x_wconf 88' lang='lat' dir='ltr'><strong>enim</strong></span> <span class='ocrx_word' id='word_1_216' title='bbox 1251 1831 1398 1900; x_wconf 73' lang='lat' dir='ltr'><strong>ﬁlius</strong></span> <span class='ocrx_word' id='word_1_217' title='bbox 1425 1848 1525 1888; x_wconf 89' lang='lat' dir='ltr'><strong>suo</strong></span> <span class='ocrx_word' id='word_1_218' title='bbox 1552 1835 1824 1904; x_wconf 88' lang='lat' dir='ltr'><strong>ipsidixit,</strong></span> <span class='ocrx_word' id='word_1_219' title='bbox 1843 1846 1893 1890; x_wconf 91' lang='lat' dir='ltr'><strong>et</strong></span> <span class='ocrx_word' id='word_1_220' title='bbox 1915 1851 2023 1892; x_wconf 91' lang='lat' dir='ltr'><strong>non</strong></span> 
     </span>
    </p>
   </div>
   <div class='ocr_carea' id='block_1_33' title="bbox 449 1919 2028 1994">
    <p class='ocr_par' dir='ltr' id='par_1_33' title="bbox 449 1919 2028 1994">
     <span class='ocr_line' id='line_1_33' title="bbox 449 1919 2028 1994; baseline 0.008 -22"><span class='ocrx_word' id='word_1_221' title='bbox 449 1919 635 1989; x_wconf 83' lang='lat' dir='ltr'><strong>(dixit)</strong></span> <span class='ocrx_word' id='word_1_222' title='bbox 682 1920 852 1990; x_wconf 77' lang='lat' dir='ltr'><strong>{actus</strong></span> <span class='ocrx_word' id='word_1_223' title='bbox 893 1937 985 1987; x_wconf 74' lang='lat' dir='ltr'><strong>es;</strong></span> <span class='ocrx_word' id='word_1_224' title='bbox 1016 1921 1300 1979; x_wconf 88' lang='lat' dir='ltr'><strong>declarans</strong></span> <span class='ocrx_word' id='word_1_225' title='bbox 1347 1939 1524 1994; x_wconf 90' lang='lat' dir='ltr'><strong>neque</strong></span> <span class='ocrx_word' id='word_1_226' title='bbox 1568 1940 1765 1981; x_wconf 89' lang='lat' dir='ltr'><strong>novum</strong></span> <span class='ocrx_word' id='word_1_227' title='bbox 1796 1943 1889 1983; x_wconf 90' lang='lat' dir='ltr'><strong>seu</strong></span> <span class='ocrx_word' id='word_1_228' title='bbox 1939 1944 2028 1983; x_wconf 85' lang='lat' dir='ltr'><strong>re-</strong></span> 
     </span>
    </p>
   </div>
   <div class='ocr_carea' id='block_1_34' title="bbox 447 2011 2025 2090">
    <p class='ocr_par' dir='ltr' id='par_1_34' title="bbox 447 2011 2025 2090">
     <span class='ocr_line' id='line_1_34' title="bbox 447 2011 2025 2090; baseline 0.007 -24"><span class='ocrx_word' id='word_1_229' title='bbox 447 2020 665 2066; x_wconf 80' lang='lat' dir='ltr'><strong>centem</strong></span> <span class='ocrx_word' id='word_1_230' title='bbox 720 2011 897 2082; x_wconf 91' lang='lat' dir='ltr'><strong>ipsum</strong></span> <span class='ocrx_word' id='word_1_231' title='bbox 954 2014 1207 2084; x_wconf 88' lang='lat' dir='ltr'><strong>adeptum</strong></span> <span class='ocrx_word' id='word_1_232' title='bbox 1260 2029 1381 2072; x_wconf 91' lang='lat' dir='ltr'><strong>esse</strong></span> <span class='ocrx_word' id='word_1_233' title='bbox 1444 2016 1788 2085; x_wconf 89' lang='lat' dir='ltr'><strong>ﬁliationem,</strong></span> <span class='ocrx_word' id='word_1_234' title='bbox 1849 2034 2025 2090; x_wconf 75' lang='lat' dir='ltr'><strong>neque</strong></span> 
     </span>
    </p>
   </div>
   <div class='ocr_carea' id='block_1_35' title="bbox 449 2100 2024 2191">
    <p class='ocr_par' dir='ltr' id='par_1_35' title="bbox 449 2100 2024 2191">
     <span class='ocr_line' id='line_1_35' title="bbox 449 2100 2024 2191; baseline 0.008 -37"><span class='ocrx_word' id='word_1_235' title='bbox 449 2100 611 2155; x_wconf 91' lang='lat' dir='ltr'><strong>ﬁnem</strong></span> <span class='ocrx_word' id='word_1_236' title='bbox 631 2101 887 2158; x_wconf 86' lang='lat' dir='ltr'><strong>habuisse</strong></span> <span class='ocrx_word' id='word_1_237' title='bbox 912 2117 1034 2158; x_wconf 89' lang='lat' dir='ltr'><strong>eum</strong></span> <span class='ocrx_word' id='word_1_238' title='bbox 1049 2105 1140 2176; x_wconf 90' lang='lat' dir='ltr'><strong>qui</strong></span> <span class='ocrx_word' id='word_1_239' title='bbox 1165 2106 1313 2177; x_wconf 89' lang='lat' dir='ltr'><strong>prius</strong></span> <span class='ocrx_word' id='word_1_240' title='bbox 1335 2107 1628 2174; x_wconf 83' lang='lat' dir='ltr'><strong>exstiterit,</strong></span> <span class='ocrx_word' id='word_1_241' title='bbox 1653 2112 1747 2166; x_wconf 90' lang='lat' dir='ltr'><strong>sed</strong></span> <span class='ocrx_word' id='word_1_242' title='bbox 1773 2111 2024 2191; x_wconf 81' lang='lat' dir='ltr'><strong>eumdem</strong></span> 
     </span>
    </p>
   </div>
   <div class='ocr_carea' id='block_1_36' title="bbox 447 2189 2024 2268">
    <p class='ocr_par' dir='ltr' id='par_1_36' title="bbox 447 2189 2024 2268">
     <span class='ocr_line' id='line_1_36' title="bbox 447 2189 2024 2268; baseline 0.004 -25"><span class='ocrx_word' id='word_1_243' title='bbox 447 2202 667 2258; x_wconf 79' lang='lat' dir='ltr'><strong>semper</strong></span> <span class='ocrx_word' id='word_1_244' title='bbox 689 2204 834 2244; x_wconf 88' lang='lat' dir='ltr'><strong>esse.</strong></span> <span class='ocrx_word' id='word_1_245' title='bbox 875 2189 1009 2246; x_wconf 91' lang='lat' dir='ltr'><strong>Illud</strong></span> <span class='ocrx_word' id='word_1_246' title='bbox 1038 2206 1168 2247; x_wconf 87' lang='lat' dir='ltr'><strong>vero</strong></span> <span class='ocrx_word' id='word_1_247' title='bbox 1192 2211 1208 2248; x_wconf 91' lang='lat'><strong>:</strong></span> <span class='ocrx_word' id='word_1_248' title='bbox 1241 2193 1346 2262; x_wconf 82' lang='lat' dir='ltr'><strong>Ego</strong></span> <span class='ocrx_word' id='word_1_249' title='bbox 1368 2196 1521 2250; x_wconf 81' lang='lat' dir='ltr'><strong>hodie</strong></span> <span class='ocrx_word' id='word_1_250' title='bbox 1542 2198 1697 2268; x_wconf 87' lang='lat' dir='ltr'><strong>genui</strong></span> <span class='ocrx_word' id='word_1_251' title='bbox 1740 2212 1828 2264; x_wconf 83' lang='lat' dir='ltr'><strong>te;</strong></span> <span class='ocrx_word' id='word_1_252' title='bbox 1857 2189 2024 2266; x_wconf 86' lang='lat' dir='ltr'><strong>volui,</strong></span> 
     </span>
    </p>
   </div>
   <div class='ocr_carea' id='block_1_37' title="bbox 448 2279 2026 2352">
    <p class='ocr_par' dir='ltr' id='par_1_37' title="bbox 448 2279 2026 2352">
     <span class='ocr_line' id='line_1_37' title="bbox 448 2279 2026 2352; baseline 0.01 -21"><span class='ocrx_word' id='word_1_253' title='bbox 448 2279 648 2348; x_wconf 86' lang='lat' dir='ltr'><strong>inquit,</strong></span> <span class='ocrx_word' id='word_1_254' title='bbox 674 2293 800 2334; x_wconf 90' lang='lat' dir='ltr'><strong>eum</strong></span> <span class='ocrx_word' id='word_1_255' title='bbox 825 2281 915 2350; x_wconf 88' lang='lat' dir='ltr'><strong>qui</strong></span> <span class='ocrx_word' id='word_1_256' title='bbox 944 2282 1093 2350; x_wconf 90' lang='lat' dir='ltr'><strong>prius</strong></span> <span class='ocrx_word' id='word_1_257' title='bbox 1117 2281 1230 2352; x_wconf 84' lang='lat' dir='ltr'><strong>jam</strong></span> <span class='ocrx_word' id='word_1_258' title='bbox 1255 2287 1381 2341; x_wconf 91' lang='lat' dir='ltr'><strong>inde</strong></span> <span class='ocrx_word' id='word_1_259' title='bbox 1409 2299 1534 2342; x_wconf 86' lang='lat' dir='ltr'><strong>ante</strong></span> <span class='ocrx_word' id='word_1_260' title='bbox 1564 2288 1760 2344; x_wconf 66' lang='lat' dir='ltr'><strong>saecula</strong></span> <span class='ocrx_word' id='word_1_261' title='bbox 1794 2291 1847 2345; x_wconf 94' lang='lat' dir='ltr'><strong>in</strong></span> <span class='ocrx_word' id='word_1_262' title='bbox 1872 2291 2026 2347; x_wconf 72' lang='lat' dir='ltr'><strong>coslis</strong></span> 
     </span>
    </p>
   </div>
   <div class='ocr_carea' id='block_1_38' title="bbox 445 2369 2027 2454">
    <p class='ocr_par' dir='ltr' id='par_1_38' title="bbox 445 2369 2027 2454">
     <span class='ocr_line' id='line_1_38' title="bbox 445 2369 2027 2454; baseline 0.009 -28"><span class='ocrx_word' id='word_1_263' title='bbox 445 2369 626 2426; x_wconf 83' lang='lat' dir='ltr'><strong>fuerat</strong></span> <span class='ocrx_word' id='word_1_264' title='bbox 660 2373 824 2427; x_wconf 83' lang='lat' dir='ltr'><strong>etiam</strong></span> <span class='ocrx_word' id='word_1_265' title='bbox 856 2376 1054 2431; x_wconf 89' lang='lat' dir='ltr'><strong>mundo</strong></span> <span class='ocrx_word' id='word_1_266' title='bbox 1092 2391 1377 2447; x_wconf 87' lang='lat' dir='ltr'><strong>generare,</strong></span> <span class='ocrx_word' id='word_1_267' title='bbox 1418 2380 1522 2434; x_wconf 88' lang='lat' dir='ltr'><strong>hoc</strong></span> <span class='ocrx_word' id='word_1_268' title='bbox 1554 2393 1659 2444; x_wconf 84' lang='lat' dir='ltr'><strong>est,</strong></span> <span class='ocrx_word' id='word_1_269' title='bbox 1693 2384 1845 2449; x_wconf 86' lang='lat' dir='ltr'><strong>prius</strong></span> <span class='ocrx_word' id='word_1_270' title='bbox 1874 2384 2027 2454; x_wconf 87' lang='lat' dir='ltr'><strong>igno-</strong></span> 
     </span>
    </p>
   </div>
   <div class='ocr_carea' id='block_1_39' title="bbox 449 2467 2025 2542">
    <p class='ocr_par' dir='ltr' id='par_1_39' title="bbox 449 2467 2025 2542">
     <span class='ocr_line' id='line_1_39' title="bbox 449 2467 2025 2542; baseline 0.01 -26"><span class='ocrx_word' id='word_1_271' title='bbox 449 2473 587 2532; x_wconf 88' lang='lat' dir='ltr'><strong>tum,</strong></span> <span class='ocrx_word' id='word_1_272' title='bbox 616 2474 801 2519; x_wconf 91' lang='lat' dir='ltr'><strong>notum</strong></span> <span class='ocrx_word' id='word_1_273' title='bbox 848 2467 1094 2526; x_wconf 85' lang='lat' dir='ltr'><strong>reddere.</strong></span> <span class='ocrx_word' id='word_1_274' title='bbox 1127 2468 1418 2538; x_wconf 88' lang='lat' dir='ltr'><strong>Nimirum,</strong></span> <span class='ocrx_word' id='word_1_275' title='bbox 1442 2471 1508 2527; x_wconf 88' lang='lat' dir='ltr'><strong>iis</strong></span> <span class='ocrx_word' id='word_1_276' title='bbox 1535 2473 1626 2542; x_wconf 90' lang='lat' dir='ltr'><strong>qui</strong></span> <span class='ocrx_word' id='word_1_277' title='bbox 1652 2475 2025 2531; x_wconf 89' lang='lat' dir='ltr'><strong>multimodam</strong></span> 
     </span>
    </p>
   </div>
   <div class='ocr_carea' id='block_1_40' title="bbox 449 2554 2026 2635">
    <p class='ocr_par' dir='ltr' id='par_1_40' title="bbox 449 2554 2026 2635">
     <span class='ocr_line' id='line_1_40' title="bbox 449 2554 2026 2635; baseline 0.008 -25"><span class='ocrx_word' id='word_1_278' title='bbox 449 2554 546 2611; x_wconf 87' lang='lat' dir='ltr'><strong>Dei</strong></span> <span class='ocrx_word' id='word_1_279' title='bbox 573 2557 897 2627; x_wconf 85' lang='lat' dir='ltr'><strong>sapientiam</strong></span> <span class='ocrx_word' id='word_1_280' title='bbox 939 2562 1178 2616; x_wconf 88' lang='lat' dir='ltr'><strong>nondum</strong></span> <span class='ocrx_word' id='word_1_281' title='bbox 1207 2561 1818 2635; x_wconf 80' lang='lat' dir='ltr'><strong>intelliguntnunquatn</strong></span> <span class='ocrx_word' id='word_1_282' title='bbox 1850 2567 2026 2622; x_wconf 83' lang='lat' dir='ltr'><strong>adhuc</strong></span> 
     </span>
    </p>
   </div>
   <div class='ocr_carea' id='block_1_41' title="bbox 448 2649 2030 2728">
    <p class='ocr_par' dir='ltr' id='par_1_41' title="bbox 448 2649 2030 2728">
     <span class='ocr_line' id='line_1_41' title="bbox 448 2649 2030 2728; baseline 0.007 -27"><span class='ocrx_word' id='word_1_283' title='bbox 448 2657 613 2704; x_wconf 85' lang='lat' dir='ltr'><strong>natus</strong></span> <span class='ocrx_word' id='word_1_284' title='bbox 646 2657 730 2704; x_wconf 89' lang='lat' dir='ltr'><strong>est</strong></span> <span class='ocrx_word' id='word_1_285' title='bbox 774 2649 1048 2720; x_wconf 88' lang='lat' dir='ltr'><strong>Christus,</strong></span> <span class='ocrx_word' id='word_1_286' title='bbox 1080 2654 1183 2710; x_wconf 91' lang='lat' dir='ltr'><strong>hoc</strong></span> <span class='ocrx_word' id='word_1_287' title='bbox 1221 2664 1326 2719; x_wconf 90' lang='lat' dir='ltr'><strong>est,</strong></span> <span class='ocrx_word' id='word_1_288' title='bbox 1359 2671 1634 2726; x_wconf 88' lang='lat' dir='ltr'><strong>nunquam</strong></span> <span class='ocrx_word' id='word_1_289' title='bbox 1683 2658 1935 2728; x_wconf 84' lang='lat' dir='ltr'><strong>cognitus</strong></span> <span class='ocrx_word' id='word_1_290' title='bbox 1973 2669 2030 2712; x_wconf 89' lang='lat' dir='ltr'><strong>et</strong></span> 
     </span>
    </p>
   </div>
   <div class='ocr_carea' id='block_1_42' title="bbox 448 2745 742 2803">
    <p class='ocr_par' dir='ltr' id='par_1_42' title="bbox 448 2745 742 2803">
     <span class='ocr_line' id='line_1_42' title="bbox 448 2745 742 2803; baseline 0.017 -5"><span class='ocrx_word' id='word_1_291' title='bbox 448 2745 742 2803; x_wconf 80' lang='lat' dir='ltr'><strong>revelatus.</strong></span> 
     </span>
    </p>
   </div>
   <div class='ocr_carea' id='block_1_43' title="bbox 519 2923 2027 3002">
    <p class='ocr_par' dir='ltr' id='par_1_43' title="bbox 519 2923 2027 3002">
     <span class='ocr_line' id='line_1_43' title="bbox 519 2923 2027 3002; baseline 0.004 -24"><span class='ocrx_word' id='word_1_292' title='bbox 519 2923 755 2979; x_wconf 86' lang='lat' dir='ltr'><strong>Plurima</strong></span> <span class='ocrx_word' id='word_1_293' title='bbox 778 2940 847 2979; x_wconf 82' lang='lat' dir='ltr'><strong>ex</strong></span> <span class='ocrx_word' id='word_1_294' title='bbox 874 2925 1194 2996; x_wconf 83' lang='lat' dir='ltr'><strong>Apocalypsi</strong></span> <span class='ocrx_word' id='word_1_295' title='bbox 1236 2927 1407 2982; x_wconf 88' lang='lat' dir='ltr'><strong>sancti</strong></span> <span class='ocrx_word' id='word_1_296' title='bbox 1452 2926 1680 2985; x_wconf 80' lang='lat' dir='ltr'><strong>Joannis</strong></span> <span class='ocrx_word' id='word_1_297' title='bbox 1726 2929 1919 3002; x_wconf 64' lang='lat'><strong>3111:</strong></span> <span class='ocrx_word' id='word_1_298' title='bbox 1945 2934 2027 2984; x_wconf 89' lang='lat' dir='ltr'><strong>di-</strong></span> 
     </span>
    </p>
   </div>
   <div class='ocr_carea' id='block_1_44' title="bbox 2126 1829 3721 1914">
    <p class='ocr_par' dir='ltr' id='par_1_44' title="bbox 2126 1829 3721 1914">
     <span class='ocr_line' id='line_1_44' title="bbox 2126 1829 3721 1914; baseline -0.011 -16"><span class='ocrx_word' id='word_1_299' title='bbox 2126 1843 2249 1899; x_wconf 82' lang='grc' dir='ltr'>τέον</span> <span class='ocrx_word' id='word_1_300' title='bbox 2271 1843 2378 1914; x_wconf 79' lang='grc' dir='ltr'>γὰρ</span> <span class='ocrx_word' id='word_1_301' title='bbox 2402 1843 2484 1896; x_wconf 84' lang='grc' dir='ltr'>ὅτι</span> <span class='ocrx_word' id='word_1_302' title='bbox 2514 1842 2576 1895; x_wconf 78' lang='grc' dir='ltr'>τὸ</span> <span class='ocrx_word' id='word_1_303' title='bbox 2607 1841 2705 1912; x_wconf 83' lang='grc' dir='ltr'>μὲν</span> <span class='ocrx_word' id='word_1_304' title='bbox 2737 1839 2864 1894; x_wconf 86' lang='grc' dir='ltr'>Υἱδν</span> <span class='ocrx_word' id='word_1_305' title='bbox 2886 1834 3052 1890; x_wconf 75' lang='grc' dir='ltr'>αὑτοῦ</span> <span class='ocrx_word' id='word_1_306' title='bbox 3070 1835 3116 1867; x_wconf 67' lang='grc' dir='ltr'><strong>ἰ</strong></span> <span class='ocrx_word' id='word_1_307' title='bbox 3141 1829 3280 1887; x_wconf 81' lang='grc' dir='ltr'>εἶναι</span> <span class='ocrx_word' id='word_1_308' title='bbox 3311 1829 3581 1899; x_wconf 80' lang='grc' dir='ltr'>ἀορίστως</span> <span class='ocrx_word' id='word_1_309' title='bbox 3607 1829 3721 1881; x_wconf 85' lang='grc' dir='ltr'>ἀπ-</span> 
     </span>
    </p>
   </div>
   <div class='ocr_carea' id='block_1_45' title="bbox 2128 1920 3720 2011">
    <p class='ocr_par' dir='ltr' id='par_1_45' title="bbox 2128 1920 3720 2011">
     <span class='ocr_line' id='line_1_45' title="bbox 2128 1920 3720 2011; baseline -0.013 -16"><span class='ocrx_word' id='word_1_310' title='bbox 2128 1941 2367 2010; x_wconf 83' lang='grc' dir='ltr'>εφήνατο</span> <span class='ocrx_word' id='word_1_311' title='bbox 2387 1939 2483 1993; x_wconf 83' lang='grc' dir='ltr'>καὶ</span> <span class='ocrx_word' id='word_1_312' title='bbox 2502 1936 2770 2011; x_wconf 59' lang='grc' dir='ltr'><strong>ἀχρόνως⁵</strong></span> <span class='ocrx_word' id='word_1_313' title='bbox 2803 1937 2875 1990; x_wconf 81' lang='lat' dir='ltr'><strong>Et</strong></span> <span class='ocrx_word' id='word_1_314' title='bbox 2903 1933 3013 2003; x_wconf 76' lang='grc' dir='ltr'>γὰρ</span> <span class='ocrx_word' id='word_1_315' title='bbox 3046 1931 3180 1997; x_wconf 70' lang='grc' dir='ltr'><strong>Υἱὸς</strong></span> <span class='ocrx_word' id='word_1_316' title='bbox 3200 1927 3347 1996; x_wconf 84' lang='grc' dir='ltr'>αὐτῴ</span> <span class='ocrx_word' id='word_1_317' title='bbox 3379 1926 3483 1998; x_wconf 74' lang='grc' dir='ltr'>ἔφη</span> <span class='ocrx_word' id='word_1_318' title='bbox 3516 1922 3638 1997; x_wconf 73' lang='grc' dir='ltr'>[καὶ</span> <span class='ocrx_word' id='word_1_319' title='bbox 3658 1920 3720 1974; x_wconf 77' lang='grc' dir='ltr'>οὐ</span> 
     </span>
    </p>
   </div>
   <div class='ocr_carea' id='block_1_46' title="bbox 2125 2021 3720 2104">
    <p class='ocr_par' dir='ltr' id='par_1_46' title="bbox 2125 2021 3720 2104">
     <span class='ocr_line' id='line_1_46' title="bbox 2125 2021 3720 2104; baseline -0.013 -16"><span class='ocrx_word' id='word_1_320' title='bbox 2125 2035 2355 2103; x_wconf 82' lang='grc' dir='ltr'>γέγονας</span> <span class='ocrx_word' id='word_1_321' title='bbox 2374 2030 2443 2104; x_wconf 74' lang='grc'><strong>⁸³]</strong></span> <span class='ocrx_word' id='word_1_322' title='bbox 2474 2030 2757 2101; x_wconf 76' lang='grc' dir='ltr'>ἐμφαίνων</span> <span class='ocrx_word' id='word_1_323' title='bbox 2783 2028 2921 2100; x_wconf 87' lang='grc' dir='ltr'>μήτε</span> <span class='ocrx_word' id='word_1_324' title='bbox 2950 2025 3262 2097; x_wconf 83' lang='grc' dir='ltr'>πρόσφατον</span> <span class='ocrx_word' id='word_1_325' title='bbox 3292 2021 3455 2074; x_wconf 74' lang='grc' dir='ltr'>αὐτὸν</span> <span class='ocrx_word' id='word_1_326' title='bbox 3484 2031 3720 2086; x_wconf 84' lang='grc' dir='ltr'>τετυχη-</span> 
     </span>
    </p>
   </div>
   <div class='ocr_carea' id='block_1_47' title="bbox 2125 2111 3722 2195">
    <p class='ocr_par' dir='ltr' id='par_1_47' title="bbox 2125 2111 3722 2195">
     <span class='ocr_line' id='line_1_47' title="bbox 2125 2111 3722 2195; baseline -0.012 -15"><span class='ocrx_word' id='word_1_327' title='bbox 2125 2126 2280 2180; x_wconf 80' lang='grc' dir='ltr'>κέναι</span> <span class='ocrx_word' id='word_1_328' title='bbox 2328 2124 2428 2195; x_wconf 85' lang='grc' dir='ltr'>τῆς</span> <span class='ocrx_word' id='word_1_329' title='bbox 2476 2121 2748 2185; x_wconf 82' lang='grc' dir='ltr'>υἱοθεσίας</span> <span class='ocrx_word' id='word_1_330' title='bbox 2774 2161 2792 2186; x_wconf 91' lang='grc'><strong>,</strong></span> <span class='ocrx_word' id='word_1_331' title='bbox 2829 2120 2967 2190; x_wconf 89' lang='grc' dir='ltr'>μήτε</span> <span class='ocrx_word' id='word_1_332' title='bbox 3000 2113 3067 2172; x_wconf 78' lang='grc' dir='ltr'>αὖ</span> <span class='ocrx_word' id='word_1_333' title='bbox 3098 2113 3532 2188; x_wconf 77' lang='grc' dir='ltr'>προῦπάρξαντα</span> <span class='ocrx_word' id='word_1_334' title='bbox 3562 2111 3722 2170; x_wconf 82' lang='grc' dir='ltr'>τέλος</span> 
     </span>
    </p>
   </div>
   <div class='ocr_carea' id='block_1_48' title="bbox 2126 2201 3723 2289">
    <p class='ocr_par' dir='ltr' id='par_1_48' title="bbox 2126 2201 3723 2289">
     <span class='ocr_line' id='line_1_48' title="bbox 2126 2201 3723 2289; baseline -0.011 -15"><span class='ocrx_word' id='word_1_335' title='bbox 2126 2217 2438 2289; x_wconf 81' lang='grc' dir='ltr'>ἐσχηκέναι,</span> <span class='ocrx_word' id='word_1_336' title='bbox 2487 2215 2624 2270; x_wconf 85' lang='grc' dir='ltr'>ἀλλὰ</span> <span class='ocrx_word' id='word_1_337' title='bbox 2663 2209 2804 2268; x_wconf 77' lang='grc' dir='ltr'>εἶναι</span> <span class='ocrx_word' id='word_1_338' title='bbox 2847 2211 2935 2266; x_wconf 74' lang='grc' dir='ltr'>ἀεὶ</span> <span class='ocrx_word' id='word_1_339' title='bbox 2978 2211 3069 2264; x_wconf 84' lang='grc' dir='ltr'>τὸν</span> <span class='ocrx_word' id='word_1_340' title='bbox 3102 2209 3285 2264; x_wconf 76' lang='grc' dir='ltr'>αὐτόν.</span> <span class='ocrx_word' id='word_1_341' title='bbox 3314 2207 3390 2260; x_wconf 83' lang='grc' dir='ltr'>Τὸ</span> <span class='ocrx_word' id='word_1_342' title='bbox 3424 2205 3521 2258; x_wconf 83' lang='grc' dir='ltr'>δέ’</span> <span class='ocrx_word' id='word_1_343' title='bbox 3569 2201 3723 2272; x_wconf 78' lang='grc' dir='ltr'><strong>Ἐγὼ</strong></span> 
     </span>
    </p>
   </div>
   <div class='ocr_carea' id='block_1_49' title="bbox 2126 2295 3721 2381">
    <p class='ocr_par' dir='ltr' id='par_1_49' title="bbox 2126 2295 3721 2381">
     <span class='ocr_line' id='line_1_49' title="bbox 2126 2295 3721 2381; baseline -0.012 -15"><span class='ocrx_word' id='word_1_344' title='bbox 2126 2311 2393 2381; x_wconf 80' lang='grc' dir='ltr'>σήμερον</span> <span class='ocrx_word' id='word_1_345' title='bbox 2424 2304 2755 2380; x_wconf 73' lang='grc' dir='ltr'>γεγέννηκά</span> <span class='ocrx_word' id='word_1_346' title='bbox 2787 2322 2883 2372; x_wconf 86' lang='grc' dir='ltr'><strong>σε,</strong></span> <span class='ocrx_word' id='word_1_347' title='bbox 2913 2304 2996 2358; x_wconf 85' lang='grc' dir='ltr'>ὅτι</span> <span class='ocrx_word' id='word_1_348' title='bbox 3030 2301 3274 2373; x_wconf 88' lang='grc' dir='ltr'>Προόντα</span> <span class='ocrx_word' id='word_1_349' title='bbox 3305 2299 3406 2371; x_wconf 69' lang='grc' dir='ltr'>ἤδη</span> <span class='ocrx_word' id='word_1_350' title='bbox 3457 2295 3567 2368; x_wconf 75' lang='grc' dir='ltr'><strong>πρὸ</strong></span> <span class='ocrx_word' id='word_1_351' title='bbox 3608 2295 3721 2348; x_wconf 87' lang='grc' dir='ltr'><strong>τῶν</strong></span> 
     </span>
    </p>
   </div>
   <div class='ocr_carea' id='block_1_50' title="bbox 2125 2386 3720 2470">
    <p class='ocr_par' dir='ltr' id='par_1_50' title="bbox 2125 2386 3720 2470">
     <span class='ocr_line' id='line_1_50' title="bbox 2125 2386 3720 2470; baseline -0.01 -15"><span class='ocrx_word' id='word_1_352' title='bbox 2125 2401 2358 2466; x_wconf 73' lang='grc' dir='ltr'>αἰώνων,</span> <span class='ocrx_word' id='word_1_353' title='bbox 2385 2399 2533 2470; x_wconf 86' lang='grc' dir='ltr'>λέγει</span> <span class='ocrx_word' id='word_1_354' title='bbox 2554 2401 2622 2462; x_wconf 74' lang='grc'><strong>’⁸,</strong></span> <span class='ocrx_word' id='word_1_355' title='bbox 2651 2400 2710 2452; x_wconf 89' lang='grc' dir='ltr'><strong>ἐν</strong></span> <span class='ocrx_word' id='word_1_356' title='bbox 2742 2399 2856 2459; x_wconf 88' lang='grc' dir='ltr'>τοῖς</span> <span class='ocrx_word' id='word_1_357' title='bbox 2885 2397 3132 2464; x_wconf 78' lang='grc' dir='ltr'>οὐρανοῖς</span> <span class='ocrx_word' id='word_1_358' title='bbox 3155 2390 3456 2462; x_wconf 77' lang='grc' dir='ltr'>ἐϐουλήθην</span> <span class='ocrx_word' id='word_1_359' title='bbox 3500 2389 3598 2442; x_wconf 77' lang='grc' dir='ltr'>καὶ</span> <span class='ocrx_word' id='word_1_360' title='bbox 3640 2386 3720 2457; x_wconf 82' lang='grc' dir='ltr'>τῷ</span> 
     </span>
    </p>
   </div>
   <div class='ocr_carea' id='block_1_51' title="bbox 2127 2480 3720 2563">
    <p class='ocr_par' dir='ltr' id='par_1_51' title="bbox 2127 2480 3720 2563">
     <span class='ocr_line' id='line_1_51' title="bbox 2127 2480 3720 2563; baseline -0.011 -15"><span class='ocrx_word' id='word_1_361' title='bbox 2127 2494 2318 2563; x_wconf 85' lang='grc' dir='ltr'>κόσμῳ</span> <span class='ocrx_word' id='word_1_362' title='bbox 2372 2491 2652 2560; x_wconf 88' lang='grc' dir='ltr'>γεννῆσαι,</span> <span class='ocrx_word' id='word_1_363' title='bbox 2703 2489 2733 2541; x_wconf 79' lang='grc' dir='ltr'><strong>ὃ</strong></span> <span class='ocrx_word' id='word_1_364' title='bbox 2777 2487 2842 2559; x_wconf 83' lang='grc' dir='ltr'>δή</span> <span class='ocrx_word' id='word_1_365' title='bbox 2890 2488 3008 2540; x_wconf 77' lang='grc' dir='ltr'>ἐστι</span> <span class='ocrx_word' id='word_1_366' title='bbox 3059 2483 3299 2555; x_wconf 86' lang='grc' dir='ltr'>πρόσθεν</span> <span class='ocrx_word' id='word_1_367' title='bbox 3346 2480 3720 2550; x_wconf 75' lang='grc' dir='ltr'>ἀγνοούμενον</span> 
     </span>
    </p>
   </div>
   <div class='ocr_carea' id='block_1_52' title="bbox 2127 2572 3719 2654">
    <p class='ocr_par' dir='ltr' id='par_1_52' title="bbox 2127 2572 3719 2654">
     <span class='ocr_line' id='line_1_52' title="bbox 2127 2572 3719 2654; baseline -0.01 -17"><span class='ocrx_word' id='word_1_368' title='bbox 2127 2584 2414 2654; x_wconf 84' lang='grc' dir='ltr'>γνωρίσαι.</span> <span class='ocrx_word' id='word_1_369' title='bbox 2431 2580 2648 2652; x_wconf 81' lang='grc' dir='ltr'>’Δμέλει</span> <span class='ocrx_word' id='word_1_370' title='bbox 2667 2580 2715 2612; x_wconf 69' lang='grc'>³⁸</span> <span class='ocrx_word' id='word_1_371' title='bbox 2742 2581 2855 2642; x_wconf 88' lang='grc' dir='ltr'>τοῖς</span> <span class='ocrx_word' id='word_1_372' title='bbox 2879 2577 3106 2649; x_wconf 82' lang='grc' dir='ltr'>μηδέπω</span> <span class='ocrx_word' id='word_1_373' title='bbox 3124 2575 3234 2629; x_wconf 91' lang='grc' dir='ltr'><strong>τῶν</strong></span> <span class='ocrx_word' id='word_1_374' title='bbox 3258 2572 3563 2643; x_wconf 83' lang='grc' dir='ltr'>ἀνθρώπων</span> <span class='ocrx_word' id='word_1_375' title='bbox 3587 2587 3719 2623; x_wconf 84' lang='grc' dir='ltr'>συν-</span> 
     </span>
    </p>
   </div>
   <div class='ocr_carea' id='block_1_53' title="bbox 2128 2663 3722 2748">
    <p class='ocr_par' dir='ltr' id='par_1_53' title="bbox 2128 2663 3722 2748">
     <span class='ocr_line' id='line_1_53' title="bbox 2128 2663 3722 2748; baseline -0.011 -17"><span class='ocrx_word' id='word_1_376' title='bbox 2128 2677 2460 2748; x_wconf 81' lang='grc' dir='ltr'>ῃσθημὲνοις</span> <span class='ocrx_word' id='word_1_377' title='bbox 2484 2675 2584 2745; x_wconf 83' lang='grc' dir='ltr'>τὴν</span> <span class='ocrx_word' id='word_1_378' title='bbox 2610 2671 2996 2727; x_wconf 81' lang='grc' dir='ltr'>πολυποίκιλον</span> <span class='ocrx_word' id='word_1_379' title='bbox 3023 2668 3118 2724; x_wconf 80' lang='grc' dir='ltr'>τοῦ</span> <span class='ocrx_word' id='word_1_380' title='bbox 3144 2665 3281 2721; x_wconf 83' lang='grc' dir='ltr'>Θεοῦ</span> <span class='ocrx_word' id='word_1_381' title='bbox 3317 2664 3512 2733; x_wconf 78' lang='grc' dir='ltr'>σοφίαν</span> <span class='ocrx_word' id='word_1_382' title='bbox 3535 2665 3565 2716; x_wconf 86' lang='grc' dir='ltr'>ὁ</span> <span class='ocrx_word' id='word_1_383' title='bbox 3587 2663 3722 2733; x_wconf 79' lang='grc' dir='ltr'>Χρι-</span> 
     </span>
    </p>
   </div>
   <div class='ocr_carea' id='block_1_54' title="bbox 2131 2753 3725 2834">
    <p class='ocr_par' dir='ltr' id='par_1_54' title="bbox 2131 2753 3725 2834">
     <span class='ocr_line' id='line_1_54' title="bbox 2131 2753 3725 2834; baseline -0.01 -11"><span class='ocrx_word' id='word_1_384' title='bbox 2131 2771 2256 2833; x_wconf 85' lang='grc' dir='ltr'>στὸς</span> <span class='ocrx_word' id='word_1_385' title='bbox 2300 2767 2512 2822; x_wconf 76' lang='grc' dir='ltr'>οὐδέπω</span> <span class='ocrx_word' id='word_1_386' title='bbox 2555 2766 2876 2834; x_wconf 87' lang='grc' dir='ltr'>γεγέννηται</span> <span class='ocrx_word' id='word_1_387' title='bbox 2900 2781 2914 2794; x_wconf 90' lang='grc'><strong>·</strong></span> <span class='ocrx_word' id='word_1_388' title='bbox 2949 2763 3087 2832; x_wconf 86' lang='grc' dir='ltr'>ὅπερ</span> <span class='ocrx_word' id='word_1_389' title='bbox 3128 2761 3281 2814; x_wconf 80' lang='grc' dir='ltr'>ἐστὶν</span> <span class='ocrx_word' id='word_1_390' title='bbox 3310 2759 3524 2814; x_wconf 83' lang='grc' dir='ltr'>οὐδέπω</span> <span class='ocrx_word' id='word_1_391' title='bbox 3549 2753 3725 2825; x_wconf 83' lang='grc' dir='ltr'>ἐγνώ-</span> 
     </span>
    </p>
   </div>
   <div class='ocr_carea' id='block_1_55' title="bbox 2134 2856 2964 2930">
    <p class='ocr_par' dir='ltr' id='par_1_55' title="bbox 2134 2856 2964 2930">
     <span class='ocr_line' id='line_1_55' title="bbox 2134 2856 2964 2930; baseline -0.008 -16"><span class='ocrx_word' id='word_1_392' title='bbox 2134 2861 2260 2930; x_wconf 86' lang='grc' dir='ltr'>σθη,</span> <span class='ocrx_word' id='word_1_393' title='bbox 2301 2859 2519 2914; x_wconf 78' lang='grc' dir='ltr'>οὐδέπω</span> <span class='ocrx_word' id='word_1_394' title='bbox 2557 2856 2964 2928; x_wconf 82' lang='grc' dir='ltr'>πεφανέρωται.</span> 
     </span>
    </p>
   </div>
   <div class='ocr_carea' id='block_1_56' title="bbox 2205 2939 3723 3016">
    <p class='ocr_par' dir='ltr' id='par_1_56' title="bbox 2205 2939 3723 3016">
     <span class='ocr_line' id='line_1_56' title="bbox 2205 2939 3723 3016; baseline -0.009 -9"><span class='ocrx_word' id='word_1_395' title='bbox 2205 2953 2328 3006; x_wconf 74' lang='grc' dir='ltr'><strong>Ὀτι</strong></span> <span class='ocrx_word' id='word_1_396' title='bbox 2351 2952 2420 3005; x_wconf 88' lang='grc' dir='ltr'><strong>τά</strong></span> <span class='ocrx_word' id='word_1_397' title='bbox 2449 2950 2676 3003; x_wconf 88' lang='grc' dir='ltr'>πλεῖστα</span> <span class='ocrx_word' id='word_1_398' title='bbox 2706 2947 2808 3016; x_wconf 81' lang='grc' dir='ltr'>τῆς</span> <span class='ocrx_word' id='word_1_399' title='bbox 2835 2946 2930 3000; x_wconf 79' lang='grc' dir='ltr'>τοῦ</span> <span class='ocrx_word' id='word_1_400' title='bbox 2954 2946 3111 3015; x_wconf 90' lang='grc' dir='ltr'>ἀγίου</span> <span class='ocrx_word' id='word_1_401' title='bbox 3141 2945 3384 2999; x_wconf 77' lang='grc' dir='ltr'>Ἰωάννου</span> <span class='ocrx_word' id='word_1_402' title='bbox 3413 2939 3723 2996; x_wconf 81' lang='grc' dir='ltr'>Ἀποκαλύ-</span> 
     </span>
    </p>
   </div>
   <div class='ocr_carea' id='block_1_57' title="bbox 448 3016 2024 3114">
    <p class='ocr_par' dir='ltr' id='par_1_57' title="bbox 448 3016 2024 3091">
     <span class='ocr_line' id='line_1_57' title="bbox 448 3016 2024 3091; baseline 0.004 -19"><span class='ocrx_word' id='word_1_403' title='bbox 448 3027 535 3072; x_wconf 88' lang='lat' dir='ltr'><strong>cta</strong></span> <span class='ocrx_word' id='word_1_404' title='bbox 561 3018 626 3072; x_wconf 90' lang='lat' dir='ltr'><strong>ad</strong></span> <span class='ocrx_word' id='word_1_405' title='bbox 649 3016 945 3073; x_wconf 86' lang='lat' dir='ltr'><strong>Ecclesiam</strong></span> <span class='ocrx_word' id='word_1_406' title='bbox 971 3026 1025 3072; x_wconf 91' lang='lat' dir='ltr'><strong>et</strong></span> <span class='ocrx_word' id='word_1_407' title='bbox 1042 3019 1330 3090; x_wconf 89' lang='lat' dir='ltr'><strong>virginales</strong></span> <span class='ocrx_word' id='word_1_408' title='bbox 1346 3020 1554 3076; x_wconf 86' lang='lat' dir='ltr'><strong>animas</strong></span> <span class='ocrx_word' id='word_1_409' title='bbox 1577 3021 1757 3078; x_wconf 81' lang='lat' dir='ltr'><strong>refert.</strong></span> <span class='ocrx_word' id='word_1_410' title='bbox 1776 3023 2024 3091; x_wconf 86' lang='lat' dir='ltr'><strong>Quinimo</strong></span> 
     </span>
    </p>
   </div>
   <div class='ocr_carea' id='block_1_58' title="bbox 2138 3016 3726 3114">
    <p class='ocr_par' dir='ltr' id='par_1_58' title="bbox 2138 3031 3726 3114">
     <span class='ocr_line' id='line_1_58' title="bbox 2138 3031 3726 3114; baseline -0.018 -8"><span class='ocrx_word' id='word_1_411' title='bbox 2138 3043 2278 3114; x_wconf 64' lang='grc' dir='ltr'>Ψεως</span> <span class='ocrx_word' id='word_1_412' title='bbox 2307 3040 2448 3114; x_wconf 75' lang='grc' dir='ltr'>ῥητὰ</span> <span class='ocrx_word' id='word_1_413' title='bbox 2485 3042 2566 3104; x_wconf 85' lang='grc' dir='ltr'><strong>εἰς</strong></span> <span class='ocrx_word' id='word_1_414' title='bbox 2601 3039 2701 3111; x_wconf 78' lang='grc' dir='ltr'>τὴν</span> <span class='ocrx_word' id='word_1_415' title='bbox 2736 3038 3066 3108; x_wconf 83' lang='grc' dir='ltr'>Ἐκκλησίαν</span> <span class='ocrx_word' id='word_1_416' title='bbox 3099 3036 3197 3091; x_wconf 70' lang='grc' dir='ltr'>καὶ</span> <span class='ocrx_word' id='word_1_417' title='bbox 3226 3036 3325 3099; x_wconf 82' lang='grc' dir='ltr'><strong>τὰς</strong></span> <span class='ocrx_word' id='word_1_418' title='bbox 3353 3031 3726 3105; x_wconf 62' lang='grc' dir='ltr'>παρθενευοῶ</span> 
     </span>
    </p>
   </div>
   <div class='ocr_carea' id='block_1_59' title="bbox 447 3107 2024 3204">
    <p class='ocr_par' dir='ltr' id='par_1_59' title="bbox 447 3107 2024 3183">
     <span class='ocr_line' id='line_1_59' title="bbox 447 3107 2024 3183; baseline 0.004 -20"><span class='ocrx_word' id='word_1_419' title='bbox 447 3109 631 3163; x_wconf 91' lang='lat' dir='ltr'><strong>omnia</strong></span> <span class='ocrx_word' id='word_1_420' title='bbox 699 3107 816 3164; x_wconf 78' lang='lat' dir='ltr'><strong>fere</strong></span> <span class='ocrx_word' id='word_1_421' title='bbox 871 3109 1015 3165; x_wconf 85' lang='lat' dir='ltr'><strong>dicta</strong></span> <span class='ocrx_word' id='word_1_422' title='bbox 1074 3110 1296 3166; x_wconf 86' lang='lat' dir='ltr'><strong>aliunde</strong></span> <span class='ocrx_word' id='word_1_423' title='bbox 1343 3111 1753 3183; x_wconf 85' lang='lat' dir='ltr'><strong>interpretatur,</strong></span> <span class='ocrx_word' id='word_1_424' title='bbox 1788 3130 1887 3172; x_wconf 88' lang='lat' dir='ltr'><strong>nec</strong></span> <span class='ocrx_word' id='word_1_425' title='bbox 1932 3117 2024 3171; x_wconf 86' lang='lat' dir='ltr'><strong>ad-</strong></span> 
     </span>
    </p>
   </div>
   <div class='ocr_carea' id='block_1_60' title="bbox 2138 3107 3724 3204">
    <p class='ocr_par' dir='ltr' id='par_1_60' title="bbox 2138 3107 3724 3204">
     <span class='ocr_line' id='line_1_60' title="bbox 2138 3107 3724 3204; baseline -0.009 -16"><span class='ocrx_word' id='word_1_426' title='bbox 2138 3107 2232 3197; x_wconf 76' lang='grc' dir='ltr'><strong>σας</strong></span> <span class='ocrx_word' id='word_1_427' title='bbox 2267 3107 2445 3204; x_wconf 46' lang='lat' dir='ltr'><strong>dbia;</strong></span> <span class='ocrx_word' id='word_1_428' title='bbox 2473 3107 2684 3199; x_wconf 79' lang='grc' dir='ltr'>ἀνάγει.</span> <span class='ocrx_word' id='word_1_429' title='bbox 2702 3129 2863 3183; x_wconf 79' lang='grc' dir='ltr'>Ἀλλὰ</span> <span class='ocrx_word' id='word_1_430' title='bbox 2901 3107 3084 3200; x_wconf 78' lang='grc' dir='ltr'>σχεδὸν</span> <span class='ocrx_word' id='word_1_431' title='bbox 3111 3129 3204 3182; x_wconf 71' lang='grc' dir='ltr'>και</span> <span class='ocrx_word' id='word_1_432' title='bbox 3239 3126 3365 3199; x_wconf 66' lang='lat'><strong>1509</strong></span> <span class='ocrx_word' id='word_1_433' title='bbox 3393 3122 3488 3195; x_wconf 82' lang='lat' dir='ltr'><strong>H.]</strong></span> <span class='ocrx_word' id='word_1_434' title='bbox 3517 3125 3622 3177; x_wconf 81' lang='grc' dir='ltr'><strong>δσα</strong></span> <span class='ocrx_word' id='word_1_435' title='bbox 3657 3124 3724 3181; x_wconf 82' lang='grc' dir='ltr'>ἂν</span> 
     </span>
    </p>
   </div>
   <div class='ocr_carea' id='block_1_61' title="bbox 448 3204 1866 3281">
    <p class='ocr_par' dir='ltr' id='par_1_61' title="bbox 448 3204 1866 3281">
     <span class='ocr_line' id='line_1_61' title="bbox 448 3204 1866 3281; baseline 0.006 -23"><span class='ocrx_word' id='word_1_436' title='bbox 448 3204 713 3269; x_wconf 87' lang='lat' dir='ltr'><strong>litteram,</strong></span> <span class='ocrx_word' id='word_1_437' title='bbox 743 3204 840 3261; x_wconf 89' lang='lat' dir='ltr'><strong>sed</strong></span> <span class='ocrx_word' id='word_1_438' title='bbox 860 3204 1148 3276; x_wconf 83' lang='lat' dir='ltr'><strong>allegorice</strong></span> <span class='ocrx_word' id='word_1_439' title='bbox 1180 3206 1234 3262; x_wconf 92' lang='lat' dir='ltr'><strong>in</strong></span> <span class='ocrx_word' id='word_1_440' title='bbox 1258 3207 1361 3264; x_wconf 91' lang='lat' dir='ltr'><strong>hoc</strong></span> <span class='ocrx_word' id='word_1_441' title='bbox 1383 3208 1598 3280; x_wconf 80' lang='lat' dir='ltr'><strong>dialogo</strong></span> <span class='ocrx_word' id='word_1_442' title='bbox 1624 3211 1866 3281; x_wconf 77' lang='lat' dir='ltr'><strong>exponit.</strong></span> 
     </span>
    </p>
   </div>
   <div class='ocr_carea' id='block_1_62' title="bbox 520 3403 2030 3484">
    <p class='ocr_par' dir='ltr' id='par_1_62' title="bbox 520 3403 2030 3484">
     <span class='ocr_line' id='line_1_62' title="bbox 520 3403 2030 3484; baseline 0.004 -25"><span class='ocrx_word' id='word_1_443' title='bbox 520 3403 739 3484; x_wconf 76' lang='lat' dir='ltr'><strong>Refelllt</strong></span> <span class='ocrx_word' id='word_1_444' title='bbox 776 3421 870 3462; x_wconf 90' lang='lat' dir='ltr'><strong>eos</strong></span> <span class='ocrx_word' id='word_1_445' title='bbox 918 3407 1011 3477; x_wconf 83' lang='lat' dir='ltr'><strong>qui</strong></span> <span class='ocrx_word' id='word_1_446' title='bbox 1063 3407 1230 3463; x_wconf 80' lang='lat' dir='ltr'><strong>fatum</strong></span> <span class='ocrx_word' id='word_1_447' title='bbox 1278 3418 1505 3480; x_wconf 88' lang='lat' dir='ltr'><strong>ponunt,</strong></span> <span class='ocrx_word' id='word_1_448' title='bbox 1553 3409 1639 3464; x_wconf 88' lang='lat' dir='ltr'><strong>his</strong></span> <span class='ocrx_word' id='word_1_449' title='bbox 1689 3409 1872 3466; x_wconf 88' lang='lat' dir='ltr'><strong>verbis</strong></span> <span class='ocrx_word' id='word_1_450' title='bbox 1911 3426 1925 3461; x_wconf 91' lang='lat'><strong>:</strong></span> <span class='ocrx_word' id='word_1_451' title='bbox 1973 3408 2030 3467; x_wconf 90' lang='lat' dir='ltr'><strong>Si</strong></span> 
     </span>
    </p>
   </div>
   <div class='ocr_carea' id='block_1_63' title="bbox 451 3499 2028 3557">
    <p class='ocr_par' dir='ltr' id='par_1_63' title="bbox 451 3499 2028 3557">
     <span class='ocr_line' id='line_1_63' title="bbox 451 3499 2028 3557; baseline 0.001 -4"><span class='ocrx_word' id='word_1_452' title='bbox 451 3511 601 3554; x_wconf 85' lang='lat' dir='ltr'><strong>astra</strong></span> <span class='ocrx_word' id='word_1_453' title='bbox 651 3499 971 3557; x_wconf 88' lang='lat' dir='ltr'><strong>mortalibus</strong></span> <span class='ocrx_word' id='word_1_454' title='bbox 1019 3500 1361 3556; x_wconf 87' lang='lat' dir='ltr'><strong>calamitates</strong></span> <span class='ocrx_word' id='word_1_455' title='bbox 1412 3509 1469 3556; x_wconf 91' lang='lat' dir='ltr'><strong>et</strong></span> <span class='ocrx_word' id='word_1_456' title='bbox 1523 3501 1726 3555; x_wconf 86' lang='lat' dir='ltr'><strong>malam</strong></span> <span class='ocrx_word' id='word_1_457' title='bbox 1791 3510 2028 3555; x_wconf 87' lang='lat' dir='ltr'><strong>mentem</strong></span> 
     </span>
    </p>
   </div>
   <div class='ocr_carea' id='block_1_64' title="bbox 449 3591 2031 3656">
    <p class='ocr_par' dir='ltr' id='par_1_64' title="bbox 449 3591 2031 3656">
     <span class='ocr_line' id='line_1_64' title="bbox 449 3591 2031 3656; baseline 0.003 -12"><span class='ocrx_word' id='word_1_458' title='bbox 449 3591 767 3656; x_wconf 87' lang='lat' dir='ltr'><strong>conciliant,</strong></span> <span class='ocrx_word' id='word_1_459' title='bbox 811 3593 960 3648; x_wconf 90' lang='lat' dir='ltr'><strong>circa</strong></span> <span class='ocrx_word' id='word_1_460' title='bbox 1009 3592 1279 3648; x_wconf 79' lang='lat' dir='ltr'><strong>luxuriam</strong></span> <span class='ocrx_word' id='word_1_461' title='bbox 1331 3603 1388 3649; x_wconf 89' lang='lat' dir='ltr'><strong>et</strong></span> <span class='ocrx_word' id='word_1_462' title='bbox 1438 3594 1563 3648; x_wconf 61' lang='lat' dir='ltr'><strong>vita</strong></span> <span class='ocrx_word' id='word_1_463' title='bbox 1610 3593 2031 3648; x_wconf 81' lang='lat' dir='ltr'><strong>inconstantiam</strong></span> 
     </span>
    </p>
   </div>
   <div class='ocr_carea' id='block_1_65' title="bbox 449 3682 2030 3753">
    <p class='ocr_par' dir='ltr' id='par_1_65' title="bbox 449 3682 2030 3753">
     <span class='ocr_line' id='line_1_65' title="bbox 449 3682 2030 3753; baseline -0.001 -17"><span class='ocrx_word' id='word_1_464' title='bbox 449 3692 737 3753; x_wconf 85' lang='lat' dir='ltr'><strong>occupata,</strong></span> <span class='ocrx_word' id='word_1_465' title='bbox 763 3683 894 3752; x_wconf 90' lang='lat' dir='ltr'><strong>ipsis</strong></span> <span class='ocrx_word' id='word_1_466' title='bbox 922 3683 1233 3738; x_wconf 87' lang='lat' dir='ltr'><strong>hominibus</strong></span> <span class='ocrx_word' id='word_1_467' title='bbox 1257 3682 1558 3738; x_wconf 87' lang='lat' dir='ltr'><strong>infeliciora</strong></span> <span class='ocrx_word' id='word_1_468' title='bbox 1577 3693 1724 3747; x_wconf 90' lang='lat' dir='ltr'><strong>sunt,</strong></span> <span class='ocrx_word' id='word_1_469' title='bbox 1751 3682 1896 3752; x_wconf 91' lang='lat' dir='ltr'><strong>quod</strong></span> <span class='ocrx_word' id='word_1_470' title='bbox 1923 3696 2030 3737; x_wconf 92' lang='lat' dir='ltr'><strong>non</strong></span> 
     </span>
    </p>
   </div>
   <div class='ocr_carea' id='block_1_66' title="bbox 450 3766 2032 3842">
    <p class='ocr_par' dir='ltr' id='par_1_66' title="bbox 450 3766 2032 3842">
     <span class='ocr_line' id='line_1_66' title="bbox 450 3766 2032 3842; baseline 0 -16"><span class='ocrx_word' id='word_1_471' title='bbox 450 3771 566 3842; x_wconf 91' lang='lat' dir='ltr'><strong>ipsa</strong></span> <span class='ocrx_word' id='word_1_472' title='bbox 602 3771 795 3842; x_wconf 89' lang='lat' dir='ltr'><strong>(astra)</strong></span> <span class='ocrx_word' id='word_1_473' title='bbox 822 3783 1009 3827; x_wconf 90' lang='lat' dir='ltr'><strong>ament</strong></span> <span class='ocrx_word' id='word_1_474' title='bbox 1041 3770 1220 3839; x_wconf 87' lang='lat' dir='ltr'><strong>mala;</strong></span> <span class='ocrx_word' id='word_1_475' title='bbox 1267 3773 1360 3827; x_wconf 90' lang='lat' dir='ltr'><strong>sed</strong></span> <span class='ocrx_word' id='word_1_476' title='bbox 1393 3772 1637 3827; x_wconf 86' lang='lat' dir='ltr'><strong>homines</strong></span> <span class='ocrx_word' id='word_1_477' title='bbox 1673 3766 1839 3827; x_wconf 79' lang='lat' dir='ltr'><strong>etiam</strong></span> <span class='ocrx_word' id='word_1_478' title='bbox 1878 3781 1937 3825; x_wconf 91' lang='lat' dir='ltr'><strong>ut</strong></span> <span class='ocrx_word' id='word_1_479' title='bbox 1967 3786 2032 3826; x_wconf 87' lang='lat' dir='ltr'><strong>ea</strong></span> 
     </span>
    </p>
   </div>
   <div class='ocr_carea' id='block_1_67' title="bbox 453 3863 2034 3935">
    <p class='ocr_par' dir='ltr' id='par_1_67' title="bbox 453 3863 2034 3935">
     <span class='ocr_line' id='line_1_67' title="bbox 453 3863 2034 3935; baseline 0.001 -17"><span class='ocrx_word' id='word_1_480' title='bbox 453 3865 737 3934; x_wconf 87' lang='lat' dir='ltr'><strong>designent</strong></span> <span class='ocrx_word' id='word_1_481' title='bbox 756 3905 773 3931; x_wconf 95' lang='lat'><strong>,</strong></span> <span class='ocrx_word' id='word_1_482' title='bbox 802 3874 1022 3935; x_wconf 79' lang='lat' dir='ltr'><strong>cogant.</strong></span> <span class='ocrx_word' id='word_1_483' title='bbox 1067 3863 1338 3920; x_wconf 67' lang='lat' dir='ltr'><strong>Praeterea</strong></span> <span class='ocrx_word' id='word_1_484' title='bbox 1367 3864 1414 3921; x_wconf 87' lang='lat' dir='ltr'><strong>si</strong></span> <span class='ocrx_word' id='word_1_485' title='bbox 1443 3865 1586 3920; x_wconf 86' lang='lat' dir='ltr'><strong>nulla</strong></span> <span class='ocrx_word' id='word_1_486' title='bbox 1617 3867 1760 3921; x_wconf 90' lang='lat' dir='ltr'><strong>actio</strong></span> <span class='ocrx_word' id='word_1_487' title='bbox 1794 3866 1913 3920; x_wconf 88' lang='lat' dir='ltr'><strong>sine</strong></span> <span class='ocrx_word' id='word_1_488' title='bbox 1938 3865 2034 3920; x_wconf 87' lang='lat' dir='ltr'><strong>de-</strong></span> 
     </span>
    </p>
   </div>
   <div class='ocr_carea' id='block_1_68' title="bbox 451 3953 2031 4020">
    <p class='ocr_par' dir='ltr' id='par_1_68' title="bbox 451 3953 2031 4020">
     <span class='ocr_line' id='line_1_68' title="bbox 451 3953 2031 4020; baseline -0.002 -10"><span class='ocrx_word' id='word_1_489' title='bbox 451 3953 655 4010; x_wconf 76' lang='lat' dir='ltr'><strong>siderio</strong></span> <span class='ocrx_word' id='word_1_490' title='bbox 706 3953 799 4019; x_wconf 90' lang='lat' dir='ltr'><strong>tit,</strong></span> <span class='ocrx_word' id='word_1_491' title='bbox 837 3963 892 4008; x_wconf 89' lang='lat' dir='ltr'><strong>et</strong></span> <span class='ocrx_word' id='word_1_492' title='bbox 925 3968 1089 4008; x_wconf 91' lang='lat' dir='ltr'><strong>omne</strong></span> <span class='ocrx_word' id='word_1_493' title='bbox 1122 3953 1446 4009; x_wconf 89' lang='lat' dir='ltr'><strong>desiderium</strong></span> <span class='ocrx_word' id='word_1_494' title='bbox 1485 3965 1668 4010; x_wconf 89' lang='lat' dir='ltr'><strong>careat</strong></span> <span class='ocrx_word' id='word_1_495' title='bbox 1700 3954 2031 4020; x_wconf 87' lang='lat' dir='ltr'><strong>desiderato,</strong></span> 
     </span>
    </p>
   </div>
   <div class='ocr_carea' id='block_1_69' title="bbox 453 4045 2031 4117">
    <p class='ocr_par' dir='ltr' id='par_1_69' title="bbox 453 4045 2031 4117">
     <span class='ocr_line' id='line_1_69' title="bbox 453 4045 2031 4117; baseline -0.001 -16"><span class='ocrx_word' id='word_1_496' title='bbox 453 4046 600 4102; x_wconf 90' lang='lat' dir='ltr'><strong>Deus</strong></span> <span class='ocrx_word' id='word_1_497' title='bbox 631 4055 810 4100; x_wconf 88' lang='lat' dir='ltr'><strong>autem</strong></span> <span class='ocrx_word' id='word_1_498' title='bbox 848 4045 1050 4101; x_wconf 88' lang='lat' dir='ltr'><strong>nullius</strong></span> <span class='ocrx_word' id='word_1_499' title='bbox 1074 4045 1146 4100; x_wconf 89' lang='lat' dir='ltr'><strong>sit</strong></span> <span class='ocrx_word' id='word_1_500' title='bbox 1172 4045 1442 4117; x_wconf 85' lang='lat' dir='ltr'><strong>indigens,</strong></span> <span class='ocrx_word' id='word_1_501' title='bbox 1469 4062 1600 4117; x_wconf 90' lang='lat' dir='ltr'><strong>ergo</strong></span> <span class='ocrx_word' id='word_1_502' title='bbox 1642 4062 1742 4103; x_wconf 92' lang='lat' dir='ltr'><strong>nec</strong></span> <span class='ocrx_word' id='word_1_503' title='bbox 1771 4046 2031 4100; x_wconf 89' lang='lat' dir='ltr'><strong>malitiam</strong></span> 
     </span>
    </p>
   </div>
   <div class='ocr_carea' id='block_1_70' title="bbox 366 4137 2033 4210">
    <p class='ocr_par' dir='ltr' id='par_1_70' title="bbox 366 4137 2033 4210">
     <span class='ocr_line' id='line_1_70' title="bbox 366 4137 2033 4210; baseline 0 -17"><span class='ocrx_word' id='word_1_504' title='bbox 366 4161 391 4179; x_wconf 72' lang='grc' dir='ltr'><strong>ι</strong></span> <span class='ocrx_word' id='word_1_505' title='bbox 453 4137 769 4193; x_wconf 87' lang='lat' dir='ltr'><strong>meditatur.</strong></span> <span class='ocrx_word' id='word_1_506' title='bbox 801 4139 1085 4191; x_wconf 85' lang='lat' dir='ltr'><strong>Astrornm</strong></span> <span class='ocrx_word' id='word_1_507' title='bbox 1117 4139 1557 4210; x_wconf 66' lang='lat' dir='ltr'><strong>naturajpropior</strong></span> <span class='ocrx_word' id='word_1_508' title='bbox 1580 4147 1666 4193; x_wconf 91' lang='lat' dir='ltr'><strong>est</strong></span> <span class='ocrx_word' id='word_1_509' title='bbox 1705 4137 1836 4204; x_wconf 89' lang='lat' dir='ltr'><strong>Deo,</strong></span> <span class='ocrx_word' id='word_1_510' title='bbox 1864 4139 2033 4193; x_wconf 86' lang='lat' dir='ltr'><strong>adeo-</strong></span> 
     </span>
    </p>
   </div>
   <div class='ocr_carea' id='block_1_71' title="bbox 452 4217 2034 4300">
    <p class='ocr_par' dir='ltr' id='par_1_71' title="bbox 452 4217 2034 4300">
     <span class='ocr_line' id='line_1_71' title="bbox 452 4217 2034 4300; baseline 0.002 -19"><span class='ocrx_word' id='word_1_511' title='bbox 452 4243 560 4297; x_wconf 90' lang='lat' dir='ltr'><strong>que</strong></span> <span class='ocrx_word' id='word_1_512' title='bbox 590 4227 779 4282; x_wconf 89' lang='lat' dir='ltr'><strong>melior</strong></span> <span class='ocrx_word' id='word_1_513' title='bbox 822 4228 1084 4283; x_wconf 88' lang='lat' dir='ltr'><strong>bonorum</strong></span> <span class='ocrx_word' id='word_1_514' title='bbox 1123 4229 1405 4283; x_wconf 88' lang='lat' dir='ltr'><strong>hominum</strong></span> <span class='ocrx_word' id='word_1_515' title='bbox 1447 4229 1684 4295; x_wconf 87' lang='lat' dir='ltr'><strong>virtute;</strong></span> <span class='ocrx_word' id='word_1_516' title='bbox 1721 4217 1850 4300; x_wconf 70' lang='lat' dir='ltr'><strong>ergo</strong></span> <span class='ocrx_word' id='word_1_517' title='bbox 1880 4237 2034 4284; x_wconf 80' lang='lat' dir='ltr'><strong>astra</strong></span> 
     </span>
    </p>
   </div>
   <div class='ocr_carea' id='block_1_72' title="bbox 449 4321 2032 4392">
    <p class='ocr_par' dir='ltr' id='par_1_72' title="bbox 449 4321 2032 4392">
     <span class='ocr_line' id='line_1_72' title="bbox 449 4321 2032 4392; baseline 0.002 -18"><span class='ocrx_word' id='word_1_518' title='bbox 449 4321 579 4375; x_wconf 87' lang='lat' dir='ltr'><strong>mali</strong></span> <span class='ocrx_word' id='word_1_519' title='bbox 612 4329 740 4375; x_wconf 90' lang='lat' dir='ltr'><strong>sunt</strong></span> <span class='ocrx_word' id='word_1_520' title='bbox 762 4321 1026 4390; x_wconf 77' lang='lat' dir='ltr'><strong>expertia,</strong></span> <span class='ocrx_word' id='word_1_521' title='bbox 1063 4337 1162 4376; x_wconf 85' lang='lat' dir='ltr'><strong>nec</strong></span> <span class='ocrx_word' id='word_1_522' title='bbox 1195 4322 1359 4377; x_wconf 91' lang='lat' dir='ltr'><strong>ullius</strong></span> <span class='ocrx_word' id='word_1_523' title='bbox 1395 4321 1656 4392; x_wconf 85' lang='lat' dir='ltr'><strong>indigent.</strong></span> <span class='ocrx_word' id='word_1_524' title='bbox 1692 4322 1773 4377; x_wconf 82' lang='lat' dir='ltr'><strong>Ad</strong></span> <span class='ocrx_word' id='word_1_525' title='bbox 1797 4323 1932 4388; x_wconf 72' lang='lat' dir='ltr'><strong>haec,</strong></span> <span class='ocrx_word' id='word_1_526' title='bbox 1964 4323 2032 4378; x_wconf 89' lang='lat' dir='ltr'><strong>ad</strong></span> 
     </span>
    </p>
   </div>
   <div class='ocr_carea' id='block_1_73' title="bbox 451 4411 2108 4504">
    <p class='ocr_par' dir='ltr' id='par_1_73' title="bbox 451 4411 2108 4504">
     <span class='ocr_line' id='line_1_73' title="bbox 451 4411 2108 4504; baseline 0.004 -38"><span class='ocrx_word' id='word_1_527' title='bbox 451 4411 825 4504; x_wconf 74' lang='lat' dir='ltr'><strong>refellendum,</strong></span> <span class='ocrx_word' id='word_1_528' title='bbox 850 4412 993 4504; x_wconf 88' lang='lat' dir='ltr'><strong>quod</strong></span> <span class='ocrx_word' id='word_1_529' title='bbox 1013 4412 1227 4483; x_wconf 87' lang='lat' dir='ltr'><strong>genesis</strong></span> <span class='ocrx_word' id='word_1_530' title='bbox 1249 4413 1494 4483; x_wconf 69' lang='lat' dir='ltr'><strong>quaedam</strong></span> <span class='ocrx_word' id='word_1_531' title='bbox 1525 4420 1801 4483; x_wconf 90' lang='lat' dir='ltr'><strong>operetur,</strong></span> <span class='ocrx_word' id='word_1_532' title='bbox 1832 4415 2026 4483; x_wconf 80' lang='lat' dir='ltr'><strong>(dicit:</strong></span> <span class='ocrx_word' id='word_1_533' title='bbox 2065 4449 2108 4504; x_wconf 69' lang='grc' dir='ltr'>ο</span> 
     </span>
    </p>
   </div>
   <div class='ocr_carea' id='block_1_74' title="bbox 451 4502 2031 4576">
    <p class='ocr_par' dir='ltr' id='par_1_74' title="bbox 451 4502 2031 4576">
     <span class='ocr_line' id='line_1_74' title="bbox 451 4502 2031 4576; baseline 0.003 -18"><span class='ocrx_word' id='word_1_534' title='bbox 451 4502 568 4558; x_wconf 83' lang='lat' dir='ltr'><strong>Hoc</strong></span> <span class='ocrx_word' id='word_1_535' title='bbox 595 4503 701 4571; x_wconf 90' lang='lat' dir='ltr'><strong>lex)</strong></span> <span class='ocrx_word' id='word_1_536' title='bbox 738 4503 1007 4573; x_wconf 89' lang='lat' dir='ltr'><strong>prohibet,</strong></span> <span class='ocrx_word' id='word_1_537' title='bbox 1041 4506 1364 4576; x_wconf 89' lang='lat' dir='ltr'><strong>impostores</strong></span> <span class='ocrx_word' id='word_1_538' title='bbox 1394 4505 1582 4576; x_wconf 90' lang='lat' dir='ltr'><strong>punit,</strong></span> <span class='ocrx_word' id='word_1_539' title='bbox 1620 4506 1890 4576; x_wconf 88' lang='lat' dir='ltr'><strong>minisque</strong></span> <span class='ocrx_word' id='word_1_540' title='bbox 1921 4506 2031 4563; x_wconf 87' lang='lat' dir='ltr'><strong>Ge-</strong></span> 
     </span>
    </p>
   </div>
   <div class='ocr_carea' id='block_1_75' title="bbox 451 4595 2034 4670">
    <p class='ocr_par' dir='ltr' id='par_1_75' title="bbox 451 4595 2034 4670">
     <span class='ocr_line' id='line_1_75' title="bbox 451 4595 2034 4670; baseline 0.004 -21"><span class='ocrx_word' id='word_1_541' title='bbox 451 4595 847 4650; x_wconf 87' lang='lat' dir='ltr'><strong>nethliacorum</strong></span> <span class='ocrx_word' id='word_1_542' title='bbox 884 4596 1187 4651; x_wconf 89' lang='lat' dir='ltr'><strong>doctrinam</strong></span> <span class='ocrx_word' id='word_1_543' title='bbox 1238 4597 1528 4667; x_wconf 88' lang='lat' dir='ltr'><strong>proscribit</strong></span> <span class='ocrx_word' id='word_1_544' title='bbox 1569 4613 1585 4654; x_wconf 89' lang='lat'><strong>:</strong></span> <span class='ocrx_word' id='word_1_545' title='bbox 1617 4613 1748 4668; x_wconf 91' lang='lat' dir='ltr'><strong>ergo</strong></span> <span class='ocrx_word' id='word_1_546' title='bbox 1789 4599 1875 4654; x_wconf 85' lang='lat' dir='ltr'><strong>lex</strong></span> <span class='ocrx_word' id='word_1_547' title='bbox 1905 4614 2034 4670; x_wconf 84' lang='lat' dir='ltr'><strong>con-</strong></span> 
     </span>
    </p>
   </div>
   <div class='ocr_carea' id='block_1_76' title="bbox 451 4689 2033 4761">
    <p class='ocr_par' dir='ltr' id='par_1_76' title="bbox 451 4689 2033 4761">
     <span class='ocr_line' id='line_1_76' title="bbox 451 4689 2033 4761; baseline 0.004 -19"><span class='ocrx_word' id='word_1_548' title='bbox 451 4689 619 4742; x_wconf 86' lang='lat' dir='ltr'><strong>traria</strong></span> <span class='ocrx_word' id='word_1_549' title='bbox 665 4699 749 4744; x_wconf 86' lang='lat' dir='ltr'><strong>est</strong></span> <span class='ocrx_word' id='word_1_550' title='bbox 795 4690 1001 4760; x_wconf 89' lang='lat' dir='ltr'><strong>genesi.</strong></span> <span class='ocrx_word' id='word_1_551' title='bbox 1042 4690 1389 4761; x_wconf 70' lang='lat' dir='ltr'><strong>Quazcunque</strong></span> <span class='ocrx_word' id='word_1_552' title='bbox 1435 4692 1580 4746; x_wconf 92' lang='lat' dir='ltr'><strong>enim</strong></span> <span class='ocrx_word' id='word_1_553' title='bbox 1628 4692 1714 4748; x_wconf 90' lang='lat' dir='ltr'><strong>lex</strong></span> <span class='ocrx_word' id='word_1_554' title='bbox 1760 4693 2033 4758; x_wconf 89' lang='lat' dir='ltr'><strong>prohibet,</strong></span> 
     </span>
    </p>
   </div>
   <div class='ocr_carea' id='block_1_77' title="bbox 453 4782 2035 4855">
    <p class='ocr_par' dir='ltr' id='par_1_77' title="bbox 453 4782 2035 4855">
     <span class='ocr_line' id='line_1_77' title="bbox 453 4782 2035 4855; baseline 0.002 -19"><span class='ocrx_word' id='word_1_555' title='bbox 453 4782 668 4852; x_wconf 87' lang='lat' dir='ltr'><strong>genesis</strong></span> <span class='ocrx_word' id='word_1_556' title='bbox 703 4783 920 4849; x_wconf 88' lang='lat' dir='ltr'><strong>deﬁnit;</strong></span> <span class='ocrx_word' id='word_1_557' title='bbox 952 4797 1293 4854; x_wconf 70' lang='lat' dir='ltr'><strong>quaecunque</strong></span> <span class='ocrx_word' id='word_1_558' title='bbox 1319 4792 1495 4838; x_wconf 85' lang='lat' dir='ltr'><strong>autem</strong></span> <span class='ocrx_word' id='word_1_559' title='bbox 1524 4785 1667 4854; x_wconf 87' lang='lat' dir='ltr'><strong>cogit</strong></span> <span class='ocrx_word' id='word_1_560' title='bbox 1697 4787 1912 4855; x_wconf 87' lang='lat' dir='ltr'><strong>genesis</strong></span> <span class='ocrx_word' id='word_1_561' title='bbox 1953 4784 2035 4839; x_wconf 80' lang='lat' dir='ltr'><strong>fa-</strong></span> 
     </span>
    </p>
   </div>
   <div class='ocr_carea' id='block_1_78' title="bbox 455 4869 2034 4943">
    <p class='ocr_par' dir='ltr' id='par_1_78' title="bbox 455 4869 2034 4943">
     <span class='ocr_line' id='line_1_78' title="bbox 455 4869 2034 4943; baseline 0.008 -24"><span class='ocrx_word' id='word_1_562' title='bbox 455 4883 602 4934; x_wconf 81' lang='lat' dir='ltr'><strong>cere,</strong></span> <span class='ocrx_word' id='word_1_563' title='bbox 630 4883 692 4922; x_wconf 90' lang='lat' dir='ltr'><strong>ea</strong></span> <span class='ocrx_word' id='word_1_564' title='bbox 724 4869 811 4924; x_wconf 88' lang='lat' dir='ltr'><strong>lex</strong></span> <span class='ocrx_word' id='word_1_565' title='bbox 851 4870 1158 4936; x_wconf 87' lang='lat' dir='ltr'><strong>interdicit;</strong></span> <span class='ocrx_word' id='word_1_566' title='bbox 1198 4886 1330 4941; x_wconf 90' lang='lat' dir='ltr'><strong>ergo</strong></span> <span class='ocrx_word' id='word_1_567' title='bbox 1357 4871 1444 4925; x_wconf 86' lang='lat' dir='ltr'><strong>lex</strong></span> <span class='ocrx_word' id='word_1_568' title='bbox 1470 4871 1689 4928; x_wconf 87' lang='lat' dir='ltr'><strong>inimica</strong></span> <span class='ocrx_word' id='word_1_569' title='bbox 1718 4875 1901 4943; x_wconf 88' lang='lat' dir='ltr'><strong>genesi</strong></span> <span class='ocrx_word' id='word_1_570' title='bbox 1928 4884 2034 4932; x_wconf 82' lang='lat' dir='ltr'><strong>est.</strong></span> 
     </span>
    </p>
   </div>
   <div class='ocr_carea' id='block_1_79' title="bbox 457 4961 2030 5038">
    <p class='ocr_par' dir='ltr' id='par_1_79' title="bbox 457 4961 2030 5038">
     <span class='ocr_line' id='line_1_79' title="bbox 457 4961 2030 5038; baseline 0.006 -25"><span class='ocrx_word' id='word_1_571' title='bbox 457 4961 514 5013; x_wconf 79' lang='lat' dir='ltr'><strong>Si</strong></span> <span class='ocrx_word' id='word_1_572' title='bbox 543 4971 722 5015; x_wconf 89' lang='lat' dir='ltr'><strong>autem</strong></span> <span class='ocrx_word' id='word_1_573' title='bbox 765 4962 1019 5032; x_wconf 88' lang='lat' dir='ltr'><strong>inimica,</strong></span> <span class='ocrx_word' id='word_1_574' title='bbox 1048 4980 1177 5034; x_wconf 90' lang='lat' dir='ltr'><strong>ergo</strong></span> <span class='ocrx_word' id='word_1_575' title='bbox 1213 4964 1547 5036; x_wconf 79' lang='lat' dir='ltr'><strong>legislatorea</strong></span> <span class='ocrx_word' id='word_1_576' title='bbox 1581 4981 1688 5020; x_wconf 88' lang='lat' dir='ltr'><strong>non</strong></span> <span class='ocrx_word' id='word_1_577' title='bbox 1723 4978 1846 5021; x_wconf 90' lang='lat' dir='ltr'><strong>sunt</strong></span> <span class='ocrx_word' id='word_1_578' title='bbox 1871 4967 2030 5038; x_wconf 86' lang='lat' dir='ltr'><strong>legis-</strong></span> 
     </span>
    </p>
   </div>
   <div class='ocr_carea' id='block_1_80' title="bbox 457 5048 2034 5130">
    <p class='ocr_par' dir='ltr' id='par_1_80' title="bbox 457 5048 2034 5130">
     <span class='ocr_line' id='line_1_80' title="bbox 457 5048 2034 5130; baseline 0.008 -27"><span class='ocrx_word' id='word_1_579' title='bbox 457 5048 657 5106; x_wconf 82' lang='lat' dir='ltr'><strong>latores</strong></span> <span class='ocrx_word' id='word_1_580' title='bbox 689 5057 986 5107; x_wconf 86' lang='lat' dir='ltr'><strong>secundum</strong></span> <span class='ocrx_word' id='word_1_581' title='bbox 1029 5058 1272 5125; x_wconf 86' lang='lat' dir='ltr'><strong>genesin.</strong></span> <span class='ocrx_word' id='word_1_582' title='bbox 1317 5054 1431 5112; x_wconf 79' lang='lat' dir='ltr'><strong>Hoc</strong></span> <span class='ocrx_word' id='word_1_583' title='bbox 1463 5069 1581 5122; x_wconf 86' lang='lat' dir='ltr'><strong>est,</strong></span> <span class='ocrx_word' id='word_1_584' title='bbox 1631 5072 1736 5112; x_wconf 90' lang='lat' dir='ltr'><strong>non</strong></span> <span class='ocrx_word' id='word_1_585' title='bbox 1773 5069 1901 5114; x_wconf 89' lang='lat' dir='ltr'><strong>sunt</strong></span> <span class='ocrx_word' id='word_1_586' title='bbox 1937 5075 2034 5130; x_wconf 84' lang='lat' dir='ltr'><strong>ge-</strong></span> 
     </span>
    </p>
   </div>
   <div class='ocr_carea' id='block_1_81' title="bbox 538 5161 959 5228">
    <p class='ocr_par' dir='ltr' id='par_1_81' title="bbox 538 5161 959 5228">
     <span class='ocr_line' id='line_1_81' title="bbox 538 5161 959 5228; baseline 0.007 -14"><span class='ocrx_word' id='word_1_587' title='bbox 538 5164 554 5202; x_wconf 75' lang='lat' dir='ltr'><strong>i</strong></span> <span class='ocrx_word' id='word_1_588' title='bbox 600 5162 751 5218; x_wconf 89' lang='lat' dir='ltr'><strong>Psal.</strong></span> <span class='ocrx_word' id='word_1_589' title='bbox 789 5161 849 5228; x_wconf 77' lang='lat'><strong>2,</strong></span> <span class='ocrx_word' id='word_1_590' title='bbox 881 5163 959 5228; x_wconf 90' lang='lat'><strong>7._</strong></span> 
     </span>
    </p>
   </div>
   <div class='ocr_carea' id='block_1_82' title="bbox 2135 3215 3720 3299">
    <p class='ocr_par' dir='ltr' id='par_1_82' title="bbox 2135 3215 3720 3299">
     <span class='ocr_line' id='line_1_82' title="bbox 2135 3215 3720 3299; baseline -0.008 -18"><span class='ocrx_word' id='word_1_591' title='bbox 2135 3226 2275 3299; x_wconf 76' lang='grc' dir='ltr'><strong>ρητά</strong></span> <span class='ocrx_word' id='word_1_592' title='bbox 2319 3226 2414 3280; x_wconf 77' lang='grc' dir='ltr'>καὶ</span> <span class='ocrx_word' id='word_1_593' title='bbox 2461 3223 2680 3280; x_wconf 83' lang='grc' dir='ltr'>ἄλλοθεν</span> <span class='ocrx_word' id='word_1_594' title='bbox 2711 3222 2925 3289; x_wconf 81' lang='grc' dir='ltr'>ἔλαϐεν,</span> <span class='ocrx_word' id='word_1_595' title='bbox 2955 3219 3333 3292; x_wconf 87' lang='grc' dir='ltr'>ἀλληγορικῶς</span> <span class='ocrx_word' id='word_1_596' title='bbox 3363 3217 3503 3271; x_wconf 73' lang='grc' dir='ltr'>αὐτά</span> <span class='ocrx_word' id='word_1_597' title='bbox 3531 3217 3630 3269; x_wconf 80' lang='grc' dir='ltr'>καὶ</span> <span class='ocrx_word' id='word_1_598' title='bbox 3658 3215 3720 3268; x_wconf 77' lang='grc' dir='ltr'>οὑ</span> 
     </span>
    </p>
   </div>
   <div class='ocr_carea' id='block_1_83' title="bbox 2133 3310 3576 3389">
    <p class='ocr_par' dir='ltr' id='par_1_83' title="bbox 2133 3310 3576 3389">
     <span class='ocr_line' id='line_1_83' title="bbox 2133 3310 3576 3389; baseline -0.008 -15"><span class='ocrx_word' id='word_1_599' title='bbox 2133 3319 2277 3374; x_wconf 82' lang='grc' dir='ltr'><strong>κατά</strong></span> <span class='ocrx_word' id='word_1_600' title='bbox 2304 3319 2365 3372; x_wconf 85' lang='grc' dir='ltr'>τὸ</span> <span class='ocrx_word' id='word_1_601' title='bbox 2399 3317 2634 3389; x_wconf 85' lang='grc' dir='ltr'>γράμμα</span> <span class='ocrx_word' id='word_1_602' title='bbox 2665 3316 2935 3386; x_wconf 88' lang='grc' dir='ltr'>διηγεῖται</span> <span class='ocrx_word' id='word_1_603' title='bbox 2962 3315 3018 3370; x_wconf 83' lang='grc' dir='ltr'>ὲν</span> <span class='ocrx_word' id='word_1_604' title='bbox 3046 3313 3182 3383; x_wconf 84' lang='grc' dir='ltr'>τῷδε</span> <span class='ocrx_word' id='word_1_605' title='bbox 3213 3311 3290 3382; x_wconf 80' lang='grc' dir='ltr'><strong>τῷ</strong></span> <span class='ocrx_word' id='word_1_606' title='bbox 3319 3310 3576 3378; x_wconf 81' lang='grc' dir='ltr'>διαλόγῳ.</span> 
     </span>
    </p>
   </div>
   <div class='ocr_carea' id='block_1_84' title="bbox 2207 3399 3719 3480">
    <p class='ocr_par' dir='ltr' id='par_1_84' title="bbox 2207 3399 3719 3480">
     <span class='ocr_line' id='line_1_84' title="bbox 2207 3399 3719 3480; baseline -0.008 -16"><span class='ocrx_word' id='word_1_607' title='bbox 2207 3412 2329 3464; x_wconf 85' lang='grc' dir='ltr'>Ὀτι</span> <span class='ocrx_word' id='word_1_608' title='bbox 2359 3409 2597 3480; x_wconf 82' lang='grc' dir='ltr'>ἀναιρῶν</span> <span class='ocrx_word' id='word_1_609' title='bbox 2618 3408 2745 3472; x_wconf 81' lang='grc' dir='ltr'>τοὺς</span> <span class='ocrx_word' id='word_1_610' title='bbox 2773 3405 3116 3479; x_wconf 80' lang='grc' dir='ltr'>εἱμαρμένην</span> <span class='ocrx_word' id='word_1_611' title='bbox 3150 3404 3472 3470; x_wconf 75' lang='grc' dir='ltr'>δοξάζοντας</span> <span class='ocrx_word' id='word_1_612' title='bbox 3511 3399 3719 3472; x_wconf 75' lang='grc' dir='ltr'>φησίνο</span> 
     </span>
    </p>
   </div>
   <div class='ocr_carea' id='block_1_85' title="bbox 2133 3489 3726 3574">
    <p class='ocr_par' dir='ltr' id='par_1_85' title="bbox 2133 3489 3726 3574">
     <span class='ocr_line' id='line_1_85' title="bbox 2133 3489 3726 3574; baseline -0.007 -15"><span class='ocrx_word' id='word_1_613' title='bbox 2133 3505 2198 3559; x_wconf 86' lang='grc' dir='ltr'><strong>Εἰ</strong></span> <span class='ocrx_word' id='word_1_614' title='bbox 2227 3503 2327 3566; x_wconf 85' lang='grc' dir='ltr'><strong>τὰς</strong></span> <span class='ocrx_word' id='word_1_615' title='bbox 2357 3503 2468 3556; x_wconf 88' lang='grc' dir='ltr'><strong>τῶν</strong></span> <span class='ocrx_word' id='word_1_616' title='bbox 2497 3500 2708 3574; x_wconf 83' lang='grc' dir='ltr'>θνητῶν</span> <span class='ocrx_word' id='word_1_617' title='bbox 2753 3501 3042 3572; x_wconf 80' lang='grc' dir='ltr'>συμφορὰς</span> <span class='ocrx_word' id='word_1_618' title='bbox 3077 3502 3170 3554; x_wconf 70' lang='grc' dir='ltr'>καὶ</span> <span class='ocrx_word' id='word_1_619' title='bbox 3201 3489 3624 3568; x_wconf 75' lang='grc' dir='ltr'>κακοφροσύνας</span> <span class='ocrx_word' id='word_1_620' title='bbox 3655 3494 3726 3549; x_wconf 84' lang='grc' dir='ltr'><strong>τά</strong></span> 
     </span>
    </p>
   </div>
   <div class='ocr_carea' id='block_1_86' title="bbox 2133 3588 3726 3667">
    <p class='ocr_par' dir='ltr' id='par_1_86' title="bbox 2133 3588 3726 3667">
     <span class='ocr_line' id='line_1_86' title="bbox 2133 3588 3726 3667; baseline -0.006 -17"><span class='ocrx_word' id='word_1_621' title='bbox 2133 3595 2308 3667; x_wconf 81' lang='grc' dir='ltr'>ἄστρα</span> <span class='ocrx_word' id='word_1_622' title='bbox 2337 3593 2705 3659; x_wconf 84' lang='grc' dir='ltr'>τεκταίνεται,</span> <span class='ocrx_word' id='word_1_623' title='bbox 2737 3593 2869 3662; x_wconf 72' lang='grc' dir='ltr'>περὶ</span> <span class='ocrx_word' id='word_1_624' title='bbox 2903 3592 3004 3656; x_wconf 85' lang='grc' dir='ltr'>τὰς</span> <span class='ocrx_word' id='word_1_625' title='bbox 3033 3591 3320 3660; x_wconf 84' lang='grc' dir='ltr'>ἀσελγείας</span> <span class='ocrx_word' id='word_1_626' title='bbox 3368 3589 3466 3642; x_wconf 76' lang='grc' dir='ltr'>καὶ</span> <span class='ocrx_word' id='word_1_627' title='bbox 3509 3588 3726 3658; x_wconf 78' lang='grc' dir='ltr'>τροπὰς</span> 
     </span>
    </p>
   </div>
   <div class='ocr_carea' id='block_1_87' title="bbox 2132 3677 3725 3758">
    <p class='ocr_par' dir='ltr' id='par_1_87' title="bbox 2132 3677 3725 3758">
     <span class='ocr_line' id='line_1_87' title="bbox 2132 3677 3725 3758; baseline -0.007 -18"><span class='ocrx_word' id='word_1_628' title='bbox 2132 3685 2227 3742; x_wconf 82' lang='grc' dir='ltr'><strong>τοῦ</strong></span> <span class='ocrx_word' id='word_1_629' title='bbox 2264 3685 2380 3758; x_wconf 86' lang='grc' dir='ltr'>βίου</span> <span class='ocrx_word' id='word_1_630' title='bbox 2409 3685 2785 3756; x_wconf 78' lang='grc' dir='ltr'>ἀσχολούμενα</span> <span class='ocrx_word' id='word_1_631' title='bbox 2814 3685 2922 3755; x_wconf 83' lang='grc' dir='ltr'>ἄρα</span> <span class='ocrx_word' id='word_1_632' title='bbox 2953 3680 3257 3753; x_wconf 82' lang='grc' dir='ltr'>ἀθλιώτερα</span> <span class='ocrx_word' id='word_1_633' title='bbox 3275 3679 3383 3734; x_wconf 91' lang='grc' dir='ltr'><strong>τῶν</strong></span> <span class='ocrx_word' id='word_1_634' title='bbox 3412 3677 3725 3750; x_wconf 85' lang='grc' dir='ltr'>ἀνθρώπων</span> 
     </span>
    </p>
   </div>
   <div class='ocr_carea' id='block_1_88' title="bbox 2133 3770 3725 3848">
    <p class='ocr_par' dir='ltr' id='par_1_88' title="bbox 2133 3770 3725 3848">
     <span class='ocr_line' id='line_1_88' title="bbox 2133 3770 3725 3848; baseline -0.006 -16"><span class='ocrx_word' id='word_1_635' title='bbox 2133 3780 2302 3844; x_wconf 81' lang='grc' dir='ltr'>ἐστὶν,</span> <span class='ocrx_word' id='word_1_636' title='bbox 2329 3780 2410 3832; x_wconf 84' lang='grc' dir='ltr'>ὅτι</span> <span class='ocrx_word' id='word_1_637' title='bbox 2461 3778 2521 3831; x_wconf 84' lang='grc' dir='ltr'>οὐ</span> <span class='ocrx_word' id='word_1_638' title='bbox 2574 3777 2733 3848; x_wconf 92' lang='grc' dir='ltr'>μόνον</span> <span class='ocrx_word' id='word_1_639' title='bbox 2779 3776 2922 3831; x_wconf 81' lang='grc' dir='ltr'>αὐτὰ</span> <span class='ocrx_word' id='word_1_640' title='bbox 2961 3773 3069 3829; x_wconf 88' lang='grc' dir='ltr'><strong>τῶν</strong></span> <span class='ocrx_word' id='word_1_641' title='bbox 3104 3774 3292 3829; x_wconf 86' lang='grc' dir='ltr'>κακῶν</span> <span class='ocrx_word' id='word_1_642' title='bbox 3333 3772 3556 3844; x_wconf 87' lang='grc' dir='ltr'>ἐρῶσιν,</span> <span class='ocrx_word' id='word_1_643' title='bbox 3584 3770 3725 3824; x_wconf 77' lang='grc' dir='ltr'><strong>ἀλλά</strong></span> 
     </span>
    </p>
   </div>
   <div class='ocr_carea' id='block_1_89' title="bbox 2133 3863 3722 3942">
    <p class='ocr_par' dir='ltr' id='par_1_89' title="bbox 2133 3863 3722 3942">
     <span class='ocr_line' id='line_1_89' title="bbox 2133 3863 3722 3942; baseline -0.004 -16"><span class='ocrx_word' id='word_1_644' title='bbox 2133 3874 2229 3926; x_wconf 74' lang='grc' dir='ltr'>καὶ</span> <span class='ocrx_word' id='word_1_645' title='bbox 2269 3871 2398 3935; x_wconf 79' lang='grc' dir='ltr'>τοὺς</span> <span class='ocrx_word' id='word_1_646' title='bbox 2442 3869 2763 3942; x_wconf 82' lang='grc' dir='ltr'>ἀνθρώπους</span> <span class='ocrx_word' id='word_1_647' title='bbox 2812 3868 3183 3938; x_wconf 76' lang='grc' dir='ltr'>ἀναγκάζουσι</span> <span class='ocrx_word' id='word_1_648' title='bbox 3226 3865 3399 3920; x_wconf 84' lang='grc' dir='ltr'>ταῦτα</span> <span class='ocrx_word' id='word_1_649' title='bbox 3432 3863 3722 3935; x_wconf 81' lang='grc' dir='ltr'>πράττειν.</span> 
     </span>
    </p>
   </div>
   <div class='ocr_carea' id='block_1_90' title="bbox 2137 3956 3727 4034">
    <p class='ocr_par' dir='ltr' id='par_1_90' title="bbox 2137 3956 3727 4034">
     <span class='ocr_line' id='line_1_90' title="bbox 2137 3956 3727 4034; baseline -0.008 -14"><span class='ocrx_word' id='word_1_650' title='bbox 2137 3966 2258 4020; x_wconf 83' lang='grc' dir='ltr'>Ἔτι</span> <span class='ocrx_word' id='word_1_651' title='bbox 2279 3964 2503 4018; x_wconf 53' lang='lat' dir='ltr'><strong>afﬂicta</strong></span> <span class='ocrx_word' id='word_1_652' title='bbox 2528 3963 2726 4033; x_wconf 76' lang='grc' dir='ltr'>πρᾶξις</span> <span class='ocrx_word' id='word_1_653' title='bbox 2742 3961 2910 4034; x_wconf 72' lang='grc' dir='ltr'>χωρὶς</span> <span class='ocrx_word' id='word_1_654' title='bbox 2933 3959 3230 4030; x_wconf 79' lang='grc' dir='ltr'>ἐπιθυμίας</span> <span class='ocrx_word' id='word_1_655' title='bbox 3254 3959 3314 4012; x_wconf 75' lang='grc' dir='ltr'>οὐ</span> <span class='ocrx_word' id='word_1_656' title='bbox 3339 3957 3574 4026; x_wconf 83' lang='grc' dir='ltr'>γίνεται,</span> <span class='ocrx_word' id='word_1_657' title='bbox 3597 3956 3727 4009; x_wconf 75' lang='grc' dir='ltr'>οὐδὲ</span> 
     </span>
    </p>
   </div>
   <div class='ocr_carea' id='block_1_91' title="bbox 2137 4038 3723 4130">
    <p class='ocr_par' dir='ltr' id='par_1_91' title="bbox 2137 4038 3723 4130">
     <span class='ocr_line' id='line_1_91' title="bbox 2137 4038 3723 4130; baseline -0.01 -17"><span class='ocrx_word' id='word_1_658' title='bbox 2137 4038 2246 4130; x_wconf 67' lang='grc' dir='ltr'>μὴν</span> <span class='ocrx_word' id='word_1_659' title='bbox 2291 4055 2560 4128; x_wconf 84' lang='grc' dir='ltr'>ἐπιθυμία</span> <span class='ocrx_word' id='word_1_660' title='bbox 2601 4056 2769 4126; x_wconf 82' lang='grc' dir='ltr'>χωρίς</span> <span class='ocrx_word' id='word_1_661' title='bbox 2814 4055 3040 4118; x_wconf 80' lang='grc' dir='ltr'>ἐνδείας,</span> <span class='ocrx_word' id='word_1_662' title='bbox 3071 4052 3315 4114; x_wconf 79' lang='grc' dir='ltr'>ἀνενδεές</span> <span class='ocrx_word' id='word_1_663' title='bbox 3359 4051 3416 4104; x_wconf 84' lang='grc' dir='ltr'><strong>δέ</strong></span> <span class='ocrx_word' id='word_1_664' title='bbox 3448 4049 3511 4103; x_wconf 80' lang='grc' dir='ltr'>τὸ</span> <span class='ocrx_word' id='word_1_665' title='bbox 3543 4049 3723 4113; x_wconf 84' lang='grc' dir='ltr'>Θεῖον,</span> 
     </span>
    </p>
   </div>
   <div class='ocr_carea' id='block_1_92' title="bbox 2133 4141 3726 4219">
    <p class='ocr_par' dir='ltr' id='par_1_92' title="bbox 2133 4141 3726 4219">
     <span class='ocr_line' id='line_1_92' title="bbox 2133 4141 3726 4219; baseline -0.008 -14"><span class='ocrx_word' id='word_1_666' title='bbox 2133 4149 2452 4219; x_wconf 84' lang='grc' dir='ltr'>ἀνεννόητον</span> <span class='ocrx_word' id='word_1_667' title='bbox 2501 4148 2611 4218; x_wconf 82' lang='grc' dir='ltr'>ἄρα</span> <span class='ocrx_word' id='word_1_668' title='bbox 2665 4145 3032 4218; x_wconf 84' lang='grc' dir='ltr'>πονηρίας.Ἡ</span> <span class='ocrx_word' id='word_1_669' title='bbox 3055 4145 3111 4198; x_wconf 83' lang='grc' dir='ltr'>δὲ</span> <span class='ocrx_word' id='word_1_670' title='bbox 3139 4144 3248 4197; x_wconf 91' lang='grc' dir='ltr'><strong>τῶν</strong></span> <span class='ocrx_word' id='word_1_671' title='bbox 3295 4143 3515 4214; x_wconf 80' lang='grc' dir='ltr'>ἄστρων</span> <span class='ocrx_word' id='word_1_672' title='bbox 3562 4141 3726 4211; x_wconf 78' lang='grc' dir='ltr'>φύσις</span> 
     </span>
    </p>
   </div>
   <div class='ocr_carea' id='block_1_93' title="bbox 2134 4228 3728 4309">
    <p class='ocr_par' dir='ltr' id='par_1_93' title="bbox 2134 4228 3728 4309">
     <span class='ocr_line' id='line_1_93' title="bbox 2134 4228 3728 4309; baseline -0.009 -14"><span class='ocrx_word' id='word_1_673' title='bbox 2134 4239 2418 4309; x_wconf 78' lang='grc' dir='ltr'>ἐγγυτέρω</span> <span class='ocrx_word' id='word_1_674' title='bbox 2467 4236 2725 4290; x_wconf 84' lang='grc' dir='ltr'>τέτακται</span> <span class='ocrx_word' id='word_1_675' title='bbox 2774 4236 2933 4297; x_wconf 83' lang='grc' dir='ltr'>Θεοῦ,</span> <span class='ocrx_word' id='word_1_676' title='bbox 2965 4234 3236 4305; x_wconf 78' lang='grc' dir='ltr'>κρείσσων</span> <span class='ocrx_word' id='word_1_677' title='bbox 3281 4228 3417 4286; x_wconf 76' lang='grc' dir='ltr'>οὖσα</span> <span class='ocrx_word' id='word_1_678' title='bbox 3466 4230 3568 4300; x_wconf 80' lang='grc' dir='ltr'>τῆς</span> <span class='ocrx_word' id='word_1_679' title='bbox 3615 4229 3728 4282; x_wconf 87' lang='grc' dir='ltr'><strong>τῶν</strong></span> 
     </span>
    </p>
   </div>
   <div class='ocr_carea' id='block_1_94' title="bbox 2135 4322 3727 4403">
    <p class='ocr_par' dir='ltr' id='par_1_94' title="bbox 2135 4322 3727 4403">
     <span class='ocr_line' id='line_1_94' title="bbox 2135 4322 3727 4403; baseline -0.008 -18"><span class='ocrx_word' id='word_1_680' title='bbox 2135 4329 2466 4403; x_wconf 89' lang='grc' dir='ltr'>κρεισσόνων</span> <span class='ocrx_word' id='word_1_681' title='bbox 2511 4325 2816 4398; x_wconf 83' lang='grc' dir='ltr'>ἀνθρώπων</span> <span class='ocrx_word' id='word_1_682' title='bbox 2857 4326 3088 4398; x_wconf 74' lang='grc' dir='ltr'>ἀρετῆςο</span> <span class='ocrx_word' id='word_1_683' title='bbox 3142 4323 3472 4392; x_wconf 87' lang='grc' dir='ltr'>ἀννεννόητα</span> <span class='ocrx_word' id='word_1_684' title='bbox 3521 4322 3727 4386; x_wconf 81' lang='grc' dir='ltr'>κακίας</span> 
     </span>
    </p>
   </div>
   <div class='ocr_carea' id='block_1_95' title="bbox 2135 4411 3726 4494">
    <p class='ocr_par' dir='ltr' id='par_1_95' title="bbox 2135 4411 3726 4494">
     <span class='ocr_line' id='line_1_95' title="bbox 2135 4411 3726 4494; baseline -0.008 -17"><span class='ocrx_word' id='word_1_685' title='bbox 2135 4423 2244 4494; x_wconf 83' lang='grc' dir='ltr'>ἄρα</span> <span class='ocrx_word' id='word_1_686' title='bbox 2267 4422 2360 4475; x_wconf 77' lang='grc' dir='ltr'>καὶ</span> <span class='ocrx_word' id='word_1_687' title='bbox 2384 4419 2605 4490; x_wconf 85' lang='grc' dir='ltr'>ἀνενδεῆ</span> <span class='ocrx_word' id='word_1_688' title='bbox 2635 4423 2750 4472; x_wconf 83' lang='grc' dir='ltr'>ἐστι</span> <span class='ocrx_word' id='word_1_689' title='bbox 2773 4418 2844 4473; x_wconf 81' lang='grc' dir='ltr'><strong>τὰ</strong></span> <span class='ocrx_word' id='word_1_690' title='bbox 2871 4411 3196 4488; x_wconf 81' lang='grc' dir='ltr'>ἀστρα.⁹Ετι</span> <span class='ocrx_word' id='word_1_691' title='bbox 3228 4418 3307 4479; x_wconf 86' lang='grc' dir='ltr'><strong>είς</strong></span> <span class='ocrx_word' id='word_1_692' title='bbox 3325 4416 3371 4448; x_wconf 84' lang='grc'><strong>²⁸</strong></span> <span class='ocrx_word' id='word_1_693' title='bbox 3398 4415 3460 4467; x_wconf 67' lang='grc' dir='ltr'><strong>τὸ</strong></span> <span class='ocrx_word' id='word_1_694' title='bbox 3484 4414 3726 4480; x_wconf 80' lang='grc' dir='ltr'>ἀνελεῖν,</span> 
     </span>
    </p>
   </div>
   <div class='ocr_carea' id='block_1_96' title="bbox 2140 4507 3731 4584">
    <p class='ocr_par' dir='ltr' id='par_1_96' title="bbox 2140 4507 3731 4584">
     <span class='ocr_line' id='line_1_96' title="bbox 2140 4507 3731 4584; baseline -0.006 -15"><span class='ocrx_word' id='word_1_695' title='bbox 2140 4516 2275 4569; x_wconf 82' lang='grc' dir='ltr'>Τινά</span> <span class='ocrx_word' id='word_1_696' title='bbox 2301 4514 2512 4583; x_wconf 83' lang='grc' dir='ltr'>γένεσις</span> <span class='ocrx_word' id='word_1_697' title='bbox 2543 4513 2835 4584; x_wconf 75' lang='grc' dir='ltr'>ἐργάζεται</span> <span class='ocrx_word' id='word_1_698' title='bbox 2859 4553 2874 4578; x_wconf 95' lang='grc'><strong>,</strong></span> <span class='ocrx_word' id='word_1_699' title='bbox 2900 4510 3061 4565; x_wconf 79' lang='grc' dir='ltr'>τοῦτο</span> <span class='ocrx_word' id='word_1_700' title='bbox 3101 4510 3158 4564; x_wconf 86' lang='grc' dir='ltr'>δὲ</span> <span class='ocrx_word' id='word_1_701' title='bbox 3187 4509 3348 4578; x_wconf 87' lang='grc' dir='ltr'>νόμος</span> <span class='ocrx_word' id='word_1_702' title='bbox 3377 4507 3606 4573; x_wconf 85' lang='grc' dir='ltr'>κωλύει,</span> <span class='ocrx_word' id='word_1_703' title='bbox 3640 4525 3731 4560; x_wconf 81' lang='grc' dir='ltr'>κο-</span> 
     </span>
    </p>
   </div>
   <div class='ocr_carea' id='block_1_97' title="bbox 2139 4599 3728 4675">
    <p class='ocr_par' dir='ltr' id='par_1_97' title="bbox 2139 4599 3728 4675">
     <span class='ocr_line' id='line_1_97' title="bbox 2139 4599 3728 4675; baseline -0.008 -13"><span class='ocrx_word' id='word_1_704' title='bbox 2139 4607 2319 4672; x_wconf 83' lang='grc' dir='ltr'>λάζων</span> <span class='ocrx_word' id='word_1_705' title='bbox 2358 4607 2485 4670; x_wconf 79' lang='grc' dir='ltr'>τοὺς</span> <span class='ocrx_word' id='word_1_706' title='bbox 2517 4606 2821 4675; x_wconf 84' lang='grc' dir='ltr'>ἀλάστορας</span> <span class='ocrx_word' id='word_1_707' title='bbox 2853 4603 2947 4657; x_wconf 73' lang='grc' dir='ltr'><strong>καὶ</strong></span> <span class='ocrx_word' id='word_1_708' title='bbox 2992 4603 3058 4656; x_wconf 88' lang='grc' dir='ltr'><strong>δι’</strong></span> <span class='ocrx_word' id='word_1_709' title='bbox 3083 4601 3312 4672; x_wconf 77' lang='grc' dir='ltr'>ἀπειλῆς</span> <span class='ocrx_word' id='word_1_710' title='bbox 3337 4599 3628 4670; x_wconf 85' lang='grc' dir='ltr'>ἀπείργων</span> <span class='ocrx_word' id='word_1_711' title='bbox 3663 4601 3728 4650; x_wconf 73' lang='grc' dir='ltr'>τὰ</span> 
     </span>
    </p>
   </div>
   <div class='ocr_carea' id='block_1_98' title="bbox 2139 4691 3726 4770">
    <p class='ocr_par' dir='ltr' id='par_1_98' title="bbox 2139 4691 3726 4770">
     <span class='ocr_line' id='line_1_98' title="bbox 2139 4691 3726 4770; baseline -0.009 -16"><span class='ocrx_word' id='word_1_712' title='bbox 2139 4701 2240 4770; x_wconf 83' lang='grc' dir='ltr'><strong>τῆς</strong></span> <span class='ocrx_word' id='word_1_713' title='bbox 2266 4699 2538 4768; x_wconf 87' lang='grc' dir='ltr'>γενέσεως</span> <span class='ocrx_word' id='word_1_714' title='bbox 2570 4698 2845 4769; x_wconf 84' lang='grc' dir='ltr'>δόγματα,</span> <span class='ocrx_word' id='word_1_715' title='bbox 2876 4695 3116 4753; x_wconf 83' lang='grc' dir='ltr'>ἐναντίον</span> <span class='ocrx_word' id='word_1_716' title='bbox 3137 4695 3245 4764; x_wconf 83' lang='grc' dir='ltr'>ἄρα</span> <span class='ocrx_word' id='word_1_717' title='bbox 3271 4693 3435 4764; x_wconf 84' lang='grc' dir='ltr'>νόμος</span> <span class='ocrx_word' id='word_1_718' title='bbox 3467 4691 3687 4760; x_wconf 73' lang='grc' dir='ltr'>γενέσει</span> <span class='ocrx_word' id='word_1_719' title='bbox 3713 4707 3726 4720; x_wconf 89' lang='grc'><strong>·</strong></span> 
     </span>
    </p>
   </div>
   <div class='ocr_carea' id='block_1_99' title="bbox 2139 4781 3727 4860">
    <p class='ocr_par' dir='ltr' id='par_1_99' title="bbox 2139 4781 3727 4860">
     <span class='ocr_line' id='line_1_99' title="bbox 2139 4781 3727 4860; baseline -0.009 -15"><span class='ocrx_word' id='word_1_720' title='bbox 2139 4791 2242 4845; x_wconf 82' lang='grc' dir='ltr'>ὅσα</span> <span class='ocrx_word' id='word_1_721' title='bbox 2294 4790 2391 4860; x_wconf 88' lang='grc' dir='ltr'><strong>μέν</strong></span> <span class='ocrx_word' id='word_1_722' title='bbox 2437 4791 2548 4859; x_wconf 86' lang='grc' dir='ltr'>γὰρ</span> <span class='ocrx_word' id='word_1_723' title='bbox 2595 4789 2757 4858; x_wconf 87' lang='grc' dir='ltr'>νόμος</span> <span class='ocrx_word' id='word_1_724' title='bbox 2807 4784 3234 4860; x_wconf 79' lang='grc' dir='ltr'>κωλύει,ταῦτα</span> <span class='ocrx_word' id='word_1_725' title='bbox 3257 4784 3472 4852; x_wconf 85' lang='grc' dir='ltr'>γένεσις</span> <span class='ocrx_word' id='word_1_726' title='bbox 3502 4781 3727 4852; x_wconf 82' lang='grc' dir='ltr'>ὥρισεν,</span> 
     </span>
    </p>
   </div>
   <div class='ocr_carea' id='block_1_100' title="bbox 2139 4857 3726 4948">
    <p class='ocr_par' dir='ltr' id='par_1_100' title="bbox 2139 4871 3726 4948">
     <span class='ocr_line' id='line_1_100' title="bbox 2139 4871 3726 4948; baseline -0.005 -15"><span class='ocrx_word' id='word_1_727' title='bbox 2139 4881 2240 4934; x_wconf 80' lang='grc' dir='ltr'>ὅσα</span> <span class='ocrx_word' id='word_1_728' title='bbox 2264 4879 2323 4933; x_wconf 78' lang='grc' dir='ltr'>δὲ</span> <span class='ocrx_word' id='word_1_729' title='bbox 2343 4879 2556 4948; x_wconf 83' lang='grc' dir='ltr'>γένεσις</span> <span class='ocrx_word' id='word_1_730' title='bbox 2591 4881 2764 4932; x_wconf 85' lang='grc' dir='ltr'>ποιεῖν</span> <span class='ocrx_word' id='word_1_731' title='bbox 2797 4877 3066 4948; x_wconf 78' lang='grc' dir='ltr'>βιάζεται,</span> <span class='ocrx_word' id='word_1_732' title='bbox 3099 4876 3275 4930; x_wconf 80' lang='grc' dir='ltr'>ταῦτα</span> <span class='ocrx_word' id='word_1_733' title='bbox 3303 4875 3467 4946; x_wconf 85' lang='grc' dir='ltr'>νόμος</span> <span class='ocrx_word' id='word_1_734' title='bbox 3499 4871 3726 4926; x_wconf 82' lang='grc' dir='ltr'>κωλύει.</span> 
     </span>
    </p>
   </div>
   <div class='ocr_carea' id='block_1_101' title="bbox 2140 4963 3729 5042">
    <p class='ocr_par' dir='ltr' id='par_1_101' title="bbox 2140 4963 3729 5042">
     <span class='ocr_line' id='line_1_101' title="bbox 2140 4963 3729 5042; baseline -0.006 -18"><span class='ocrx_word' id='word_1_735' title='bbox 2140 4971 2408 5042; x_wconf 83' lang='grc' dir='ltr'>Πολέμιον</span> <span class='ocrx_word' id='word_1_736' title='bbox 2431 4971 2538 5041; x_wconf 83' lang='grc' dir='ltr'>ἄρα</span> <span class='ocrx_word' id='word_1_737' title='bbox 2556 4970 2766 5037; x_wconf 83' lang='grc' dir='ltr'>γενέσει</span> <span class='ocrx_word' id='word_1_738' title='bbox 2789 4972 2973 5041; x_wconf 84' lang='grc' dir='ltr'>νόμος.</span> <span class='ocrx_word' id='word_1_739' title='bbox 3005 4971 3067 5024; x_wconf 86' lang='grc' dir='ltr'><strong>Εἰ</strong></span> <span class='ocrx_word' id='word_1_740' title='bbox 3095 4970 3151 5023; x_wconf 77' lang='grc' dir='ltr'>δὲ</span> <span class='ocrx_word' id='word_1_741' title='bbox 3175 4967 3458 5036; x_wconf 79' lang='grc' dir='ltr'>πολέμιον,</span> <span class='ocrx_word' id='word_1_742' title='bbox 3491 4965 3594 5017; x_wconf 82' lang='grc' dir='ltr'>οὐκ</span> <span class='ocrx_word' id='word_1_743' title='bbox 3617 4963 3729 5032; x_wconf 83' lang='grc' dir='ltr'>ἄρα</span> 
     </span>
    </p>
   </div>
   <div class='ocr_carea' id='block_1_102' title="bbox 2144 5054 3730 5134">
    <p class='ocr_par' dir='ltr' id='par_1_102' title="bbox 2144 5054 3730 5134">
     <span class='ocr_line' id='line_1_102' title="bbox 2144 5054 3730 5134; baseline -0.007 -16"><span class='ocrx_word' id='word_1_744' title='bbox 2144 5064 2288 5118; x_wconf 83' lang='grc' dir='ltr'><strong>κατά</strong></span> <span class='ocrx_word' id='word_1_745' title='bbox 2331 5065 2546 5132; x_wconf 81' lang='grc' dir='ltr'>γένεσιν</span> <span class='ocrx_word' id='word_1_746' title='bbox 2573 5065 2622 5116; x_wconf 82' lang='grc' dir='ltr'>οἱ</span> <span class='ocrx_word' id='word_1_747' title='bbox 2651 5062 2938 5134; x_wconf 82' lang='grc' dir='ltr'>νομοθέται</span> <span class='ocrx_word' id='word_1_748' title='bbox 2970 5063 3278 5134; x_wconf 85' lang='grc' dir='ltr'>νομοθέται.</span> <span class='ocrx_word' id='word_1_749' title='bbox 3328 5058 3450 5132; x_wconf 86' lang='grc'><strong>[961</strong></span> <span class='ocrx_word' id='word_1_750' title='bbox 3491 5055 3592 5130; x_wconf 82' lang='lat' dir='ltr'><strong>R.]</strong></span> <span class='ocrx_word' id='word_1_751' title='bbox 3647 5054 3730 5108; x_wconf 73' lang='grc' dir='ltr'><strong>Τά</strong></span> 
     </span>
    </p>
   </div>
   <div class='ocr_carea' id='block_1_103' title="bbox 1728 5262 2415 5326">
    <p class='ocr_par' dir='ltr' id='par_1_103' title="bbox 1728 5262 2415 5326">
     <span class='ocr_line' id='line_1_103' title="bbox 1728 5262 2415 5326; baseline 0.015 -10"><span class='ocrx_word' id='word_1_752' title='bbox 1728 5262 1964 5320; x_wconf 74' lang='lat' dir='ltr'><strong>VARUE</strong></span> <span class='ocrx_word' id='word_1_753' title='bbox 2002 5265 2415 5326; x_wconf 84' lang='lat' dir='ltr'><strong>LECTIONES.</strong></span> 
     </span>
    </p>
   </div>
   <div class='ocr_carea' id='block_1_104' title="bbox 535 5369 3726 5460">
    <p class='ocr_par' dir='ltr' id='par_1_104' title="bbox 535 5369 3726 5460">
     <span class='ocr_line' id='line_1_104' title="bbox 535 5369 3726 5460; baseline -0.002 -18"><span class='ocrx_word' id='word_1_754' title='bbox 535 5369 779 5460; x_wconf 38' lang='lat' dir='ltr'><strong>fiffiﬁé&#39;</strong></span> <span class='ocrx_word' id='word_1_755' title='bbox 815 5371 935 5460; x_wconf 65' lang='grc' dir='ltr'>θεζα</span> <span class='ocrx_word' id='word_1_756' title='bbox 961 5387 1078 5460; x_wconf 53' lang='grc' dir='ltr'>μίξει</span> <span class='ocrx_word' id='word_1_757' title='bbox 1106 5375 1386 5460; x_wconf 45' lang='lat' dir='ltr'><strong>Sri-ho‘ttu&#39;m</strong></span> <span class='ocrx_word' id='word_1_758' title='bbox 1421 5377 1634 5460; x_wconf 72' lang='lat' dir='ltr'><strong>Suicer.</strong></span> <span class='ocrx_word' id='word_1_759' title='bbox 1658 5377 1980 5460; x_wconf 59' lang='lat' dir='ltr'><strong>Thes._tt,p.</strong></span> <span class='ocrx_word' id='word_1_760' title='bbox 2003 5384 2147 5440; x_wconf 78' lang='lat'><strong>595:</strong></span> <span class='ocrx_word' id='word_1_761' title='bbox 2178 5387 2429 5460; x_wconf 61' lang='lat' dir='ltr'><strong>frustra.</strong></span> <span class='ocrx_word' id='word_1_762' title='bbox 2512 5392 2556 5424; x_wconf 79' lang='lat'>&quot;</span> <span class='ocrx_word' id='word_1_763' title='bbox 2580 5388 2896 5460; x_wconf 82' lang='grc' dir='ltr'>ὑπαλλαγὴν</span> <span class='ocrx_word' id='word_1_764' title='bbox 2927 5387 3036 5442; x_wconf 75' lang='lat' dir='ltr'><strong>AB.</strong></span> <span class='ocrx_word' id='word_1_765' title='bbox 3122 5387 3180 5460; x_wconf 14' lang='lat'><strong>7”</strong></span> <span class='ocrx_word' id='word_1_766' title='bbox 3231 5397 3356 5460; x_wconf 71' lang='lat' dir='ltr'><strong>post</strong></span> <span class='ocrx_word' id='word_1_767' title='bbox 3374 5383 3581 5460; x_wconf 74' lang='grc' dir='ltr'>ἐαυτὴν</span> <span class='ocrx_word' id='word_1_768' title='bbox 3605 5385 3726 5460; x_wconf 31' lang='lat' dir='ltr'><strong>‘ad&quot;</strong></span> 
     </span>
    </p>
   </div>
   <div class='ocr_carea' id='block_1_105' title="bbox 459 5437 3724 5530">
    <p class='ocr_par' dir='ltr' id='par_1_105' title="bbox 459 5437 3724 5530">
     <span class='ocr_line' id='line_1_105' title="bbox 459 5437 3724 5530; baseline -0.002 0"><span class='ocrx_word' id='word_1_769' title='bbox 459 5437 698 5530; x_wconf 41' lang='lat'><strong>991%???“</strong></span> <span class='ocrx_word' id='word_1_770' title='bbox 725 5437 1056 5530; x_wconf 39' lang='lat' dir='ltr'><strong>Wst-&#39;11:?</strong></span> <span class='ocrx_word' id='word_1_771' title='bbox 1089 5443 1258 5530; x_wconf 51' lang='grc' dir='ltr'>ἐξίει]</span> <span class='ocrx_word' id='word_1_772' title='bbox 1299 5444 1446 5530; x_wconf 57' lang='lat' dir='ltr'><strong>Si”).</strong></span> <span class='ocrx_word' id='word_1_773' title='bbox 1487 5448 1650 5530; x_wconf 59' lang='grc' dir='ltr'>εὒτὲν</span> <span class='ocrx_word' id='word_1_774' title='bbox 1699 5437 2444 5530; x_wconf 32' lang='grc' dir='ltr'><strong>θθικιίρῖυέ*έὶιζειὶίἐὲἑῖ.</strong></span> <span class='ocrx_word' id='word_1_775' title='bbox 2478 5476 2531 5530; x_wconf 80' lang='lat' dir='ltr'><strong>p-</strong></span> <span class='ocrx_word' id='word_1_776' title='bbox 2575 5437 3045 5515; x_wconf 50' lang='grc' dir='ltr'><strong>εἶλιῖὶῗῖίέέαῖἱό</strong></span> <span class='ocrx_word' id='word_1_777' title='bbox 3070 5437 3352 5528; x_wconf 69' lang='grc' dir='ltr'>γέγονὲις]’</span> <span class='ocrx_word' id='word_1_778' title='bbox 3386 5437 3582 5511; x_wconf 31' lang='grc' dir='ltr'>ιιοίτιιῖιι</span> <span class='ocrx_word' id='word_1_779' title='bbox 3603 5453 3724 5510; x_wconf 69' lang='lat' dir='ltr'><strong>loco</strong></span> 
     </span>
    </p>
   </div>
   <div class='ocr_carea' id='block_1_106' title="bbox 464 5505 2478 5595">
    <p class='ocr_par' dir='ltr' id='par_1_106' title="bbox 464 5505 2478 5595">
     <span class='ocr_line' id='line_1_106' title="bbox 464 5505 2478 5595; baseline 0.013 -38"><span class='ocrx_word' id='word_1_780' title='bbox 464 5505 655 5564; x_wconf 77' lang='lat' dir='ltr'><strong>lacuna</strong></span> <span class='ocrx_word' id='word_1_781' title='bbox 700 5505 799 5566; x_wconf 66' lang='grc' dir='ltr'>«ξεί</span> <span class='ocrx_word' id='word_1_782' title='bbox 819 5514 874 5568; x_wconf 89' lang='lat' dir='ltr'><strong>in</strong></span> <span class='ocrx_word' id='word_1_783' title='bbox 903 5505 1013 5571; x_wconf 73' lang='grc' dir='ltr'><strong>ΆΒ.</strong></span> <span class='ocrx_word' id='word_1_784' title='bbox 1089 5517 1134 5548; x_wconf 80' lang='grc'><strong>³³</strong></span> <span class='ocrx_word' id='word_1_785' title='bbox 1162 5505 1330 5586; x_wconf 69' lang='grc' dir='ltr'>λέγει.</span> <span class='ocrx_word' id='word_1_786' title='bbox 1405 5518 1452 5550; x_wconf 70' lang='grc'><strong>’⁵</strong></span> <span class='ocrx_word' id='word_1_787' title='bbox 1490 5517 1685 5586; x_wconf 77' lang='grc' dir='ltr'>ἀμέλει</span> <span class='ocrx_word' id='word_1_788' title='bbox 1707 5505 1996 5590; x_wconf 42' lang='grc' dir='ltr'><strong>θειλιᾸΒΪ</strong></span> <span class='ocrx_word' id='word_1_789' title='bbox 2039 5505 2478 5595; x_wconf 55' lang='grc' dir='ltr'><strong>ἱίὲιῖῐῗὲὶςὲ.</strong></span> 
     </span>
    </p>
   </div>
   <div class='ocr_carea' id='block_1_107' title="bbox 2007 5639 2238 5701">
    <p class='ocr_par' dir='ltr' id='par_1_107' title="bbox 2007 5639 2238 5701">
     <span class='ocr_line' id='line_1_107' title="bbox 2007 5639 2238 5701; baseline 0.035 -8"><span class='ocrx_word' id='word_1_790' title='bbox 2007 5639 2238 5701; x_wconf 61' lang='grc' dir='ltr'><strong>ΝΟΤΑΕ.</strong></span> 
     </span>
    </p>
   </div>
   <div class='ocr_carea' id='block_1_108' title="bbox 544 5735 2043 5818">
    <p class='ocr_par' dir='ltr' id='par_1_108' title="bbox 544 5735 2043 5818">
     <span class='ocr_line' id='line_1_108' title="bbox 544 5735 2043 5818; baseline 0.012 -29"><span class='ocrx_word' id='word_1_791' title='bbox 544 5735 1244 5818; x_wconf 21' lang='grc' dir='ltr'>(95)..παρθενία-ἱηιετεει</span> <span class='ocrx_word' id='word_1_792' title='bbox 1277 5761 1293 5795; x_wconf 89' lang='grc' dir='ltr'><strong>ι</strong></span> <span class='ocrx_word' id='word_1_793' title='bbox 1324 5760 1462 5818; x_wconf 82' lang='lat' dir='ltr'><strong>pone</strong></span> <span class='ocrx_word' id='word_1_794' title='bbox 1485 5764 1525 5818; x_wconf 86' lang='grc' dir='ltr'><strong>ν</strong></span> <span class='ocrx_word' id='word_1_795' title='bbox 1550 5759 1600 5801; x_wconf 87' lang='lat' dir='ltr'><strong>et</strong></span> <span class='ocrx_word' id='word_1_796' title='bbox 1639 5766 1673 5800; x_wconf 83' lang='lat' dir='ltr'><strong>ct</strong></span> <span class='ocrx_word' id='word_1_797' title='bbox 1706 5753 2043 5818; x_wconf 65' lang='lat' dir='ltr'><strong>prmpositio-</strong></span> 
     </span>
    </p>
   </div>
   <div class='ocr_carea' id='block_1_109' title="bbox 473 5804 2036 5890">
    <p class='ocr_par' dir='ltr' id='par_1_109' title="bbox 473 5804 2036 5890">
     <span class='ocr_line' id='line_1_109' title="bbox 473 5804 2036 5890; baseline 0.015 -33"><span class='ocrx_word' id='word_1_798' title='bbox 473 5804 560 5858; x_wconf 82' lang='lat' dir='ltr'><strong>nis</strong></span> <span class='ocrx_word' id='word_1_799' title='bbox 596 5804 844 5865; x_wconf 82' lang='lat' dir='ltr'><strong>ultimum</strong></span> <span class='ocrx_word' id='word_1_800' title='bbox 875 5810 1160 5882; x_wconf 81' lang='lat' dir='ltr'><strong>abjice.lta</strong></span> <span class='ocrx_word' id='word_1_801' title='bbox 1195 5824 1277 5869; x_wconf 81' lang='lat' dir='ltr'><strong>est</strong></span> <span class='ocrx_word' id='word_1_802' title='bbox 1298 5804 1454 5873; x_wconf 54' lang='lat' dir='ltr'><strong>u&#39;nius</strong></span> <span class='ocrx_word' id='word_1_803' title='bbox 1495 5817 1689 5875; x_wconf 69' lang='lat' dir='ltr'><strong>litterae</strong></span> <span class='ocrx_word' id='word_1_804' title='bbox 1706 5804 2036 5890; x_wconf 62' lang='lat' dir='ltr'><strong>permutatio</strong></span> 
     </span>
    </p>
   </div>
   <div class='ocr_carea' id='block_1_110' title="bbox 2147 5757 3715 5839">
    <p class='ocr_par' dir='ltr' id='par_1_110' title="bbox 2147 5757 3715 5839">
     <span class='ocr_line' id='line_1_110' title="bbox 2147 5757 3715 5839; baseline -0.009 -15"><span class='ocrx_word' id='word_1_805' title='bbox 2147 5773 2180 5839; x_wconf 63' lang='lat' dir='ltr'><strong>ff</strong></span> <span class='ocrx_word' id='word_1_806' title='bbox 2201 5773 2347 5823; x_wconf 75' lang='lat' dir='ltr'><strong>Proa</strong></span> <span class='ocrx_word' id='word_1_807' title='bbox 2385 5759 2732 5839; x_wconf 35' lang='lat' dir='ltr'><strong>.El‘ymglogus</strong></span> <span class='ocrx_word' id='word_1_808' title='bbox 2769 5762 2871 5818; x_wconf 86' lang='lat' dir='ltr'><strong>huc</strong></span> <span class='ocrx_word' id='word_1_809' title='bbox 2899 5775 3003 5818; x_wconf 88' lang='lat' dir='ltr'><strong>non</strong></span> <span class='ocrx_word' id='word_1_810' title='bbox 3028 5758 3160 5816; x_wconf 82' lang='lat' dir='ltr'><strong>iacit</strong></span> <span class='ocrx_word' id='word_1_811' title='bbox 3194 5757 3285 5830; x_wconf 89' lang='lat' dir='ltr'><strong>qui</strong></span> <span class='ocrx_word' id='word_1_812' title='bbox 3317 5757 3454 5814; x_wconf 88' lang='lat' dir='ltr'><strong>dicit</strong></span> <span class='ocrx_word' id='word_1_813' title='bbox 3482 5757 3715 5822; x_wconf 84' lang='lat' dir='ltr'><strong>dictum,</strong></span> 
     </span>
    </p>
   </div>
   <div class='ocr_carea' id='block_1_111' title="bbox 2146 5831 2782 5905">
    <p class='ocr_par' dir='ltr' id='par_1_111' title="bbox 2146 5831 2782 5905">
     <span class='ocr_line' id='line_1_111' title="bbox 2146 5831 2782 5905; baseline 0.009 -25"><span class='ocrx_word' id='word_1_814' title='bbox 2146 5831 2228 5881; x_wconf 76' lang='grc' dir='ltr'>ὃτι</span> <span class='ocrx_word' id='word_1_815' title='bbox 2262 5831 2410 5900; x_wconf 74' lang='grc' dir='ltr'>παρὰ</span> <span class='ocrx_word' id='word_1_816' title='bbox 2438 5831 2572 5886; x_wconf 71' lang='grc' dir='ltr'>Θεοῦ</span> <span class='ocrx_word' id='word_1_817' title='bbox 2606 5831 2782 5905; x_wconf 81' lang='grc' dir='ltr'>ἐδόθη.</span> 
     </span>
    </p>
   </div>
  </div>
