1982 3123
154 175 224 209 1173

639 177 903 208 BIBLIOTHECA.
923 190 958 196 —
977 178 1059 210 COD.
1079 180 1271 213 CCXXXVII.

1712 178 1781 214 1174

151 237 206 272 γὰρ
221 235 332 262 ἐναντία
351 235 559 271 δογματίζοντες
575 235 680 270 γενέσει
696 236 802 271 γένεσιν
821 235 940 263 λύουσιν.
957 261 958 266 η

1013 238 1051 265 esi
1072 239 1225 267 necessario
1240 247 1289 275 per
1308 238 1393 267 fatum
1415 238 1540 272 subjecti.
1554 237 1622 266 Nam
1640 239 1702 266 dum
1717 246 1783 266 con-

153 283 233 309 Ἰίτοι
245 280 292 309 οὗν
304 282 410 316 γένεσίς
425 283 493 313 ὲστι,
509 282 556 309 καὶ
578 282 608 309 οὐ
630 282 684 318 χρὴ
707 281 777 310 εἶναι
799 283 911 318 νόμους,
927 283 944 318 ἦ

152 327 206 352 εἶσὶ
226 326 316 361 νόμοι,
329 327 377 354 καὶ
391 327 441 354 οὒκ
457 327 511 353 εἰσὶ
524 327 596 354 κατὰ
609 328 726 362 γένεσιν,
736 327 816 354 Ἀλλά
832 328 946 363 ἀμήχα-

153 381 198 399 νον
209 373 294 408 χωρὶς
306 373 438 407 γενέσεως
448 373 531 408 φῦναί
543 373 596 400 τινί
610 383 670 401 τινα
685 375 732 401 καὶ
742 374 947 409 διαπράξασθαί

153 426 179 443 τι
189 425 196 432 ·
208 418 270 444 οὐδὲ
279 418 335 453 γὰρ
348 419 394 445 τὸν
404 418 536 445 δάκτυλον
549 417 648 451 ἐξεῖναί
660 427 741 453 φασιν
753 420 839 455 χωρὶς
850 420 948 454 εἱμαρ-

156 463 241 498 μένης
267 465 387 499 κινῆσαι.
403 465 482 492 Κατὰ
505 465 613 499 γένεσιν
639 465 692 500 ἄρα
714 465 762 492 καὶ
785 465 879 496 Μίνως
900 466 949 492 καὶ

162 509 352 544 Ῥαδάμανθυς
372 511 420 537 καὶ
436 511 550 546 Δράκων
566 512 614 538 καὶ
627 510 784 547 Λυκοῦργος
799 512 846 538 καὶ
861 511 950 538 Σόλων

155 553 204 579 καὶ
219 554 355 585 Ζάλευκος
369 555 513 589 νομοθέται
537 555 636 591 φύντες
657 555 814 587 διετάξαντο
827 556 893 588 τοὺς
906 556 951 582 νόν

157 607 237 633 μους,
249 600 471 635 ἀπαγορεύοντας
487 601 592 632 κλοπὰς
607 602 705 636 φόνους
722 603 770 629 καὶ
783 602 817 629 τὰ
830 603 921 638 ὃμοια,
932 603 950 630 ἃ

156 645 229 671 κατὰ
251 645 361 679 γένεσιν
397 647 605 681 ἐπισυμὸαίνειν
625 648 845 683 δογματίζουσιν.
859 649 951 684 Ὅπερ

156 688 288 716 ἀδύνατον
300 698 308 705 ·
326 690 395 726 αὑτὴ
407 691 461 726 γὰρ
475 691 508 718 ἂν
526 692 572 726 ὑφ’
583 692 684 727 ἑαυτῆς
698 694 826 728 ἀνῃρεῖτο
840 694 857 729 ή
871 694 894 710 ¹⁶
907 694 953 728 γέ-

157 743 243 767 νεσις,
260 736 330 772 αὑτὴ
345 737 445 773 ἑαυτὴν
461 738 612 772 ἀκυροῦσα,
628 739 675 766 καὶ
691 739 809 766 ἐνταῦθα
833 741 883 775 μὲν
900 741 951 767 ἀπ-

157 783 355 817 αγορευτικοὺς
379 784 504 818 μοιχείας
525 785 572 812 καὶ
591 785 646 811 τῶν
662 785 750 813 ἄλλων
764 786 862 821 νόμους
878 786 952 813 τιθε-

160 827 241 862 μένη,
257 827 377 854 ἐνταῦθα
398 828 427 854 δὲ
447 829 512 859 τοὺς
534 829 634 864 νόμους
643 831 665 846 ³⁷
687 831 735 857 καὶ
757 831 807 863 τὰς
832 831 954 866 μοιχείας

158 871 331 908 ἐργαζομένη
343 880 351 888 ’
365 872 440 899 οὐδὲν
455 874 510 909 γὰρ
524 874 668 902 ἀλλόκοτον
690 875 748 913 [αὖ]
775 877 842 904 αὐτὸ
864 877 954 913 ἑαυτῷ

161 918 317 952 μαχόμενον
339 920 387 947 καὶ
411 919 477 947 αὐτὸ
496 921 577 948 ἑαυτὸ
591 908 878 951 καταλύειν-σπεῦδον.
897 908 954 951 Οὐκ
968 908 991 937 Β

160 962 217 997 ἄρα
235 963 351 997 γένεσις.

196 1057 258 1084 Ὅτι
272 1058 363 1094 φησὶν,
386 1058 419 1085 Ἦ
433 1059 504 1087 κατὰ
525 1061 702 1098 σωφροσύνην
716 1063 800 1099 ἀρετὴ
819 1064 956 1100 κρείσσων

160 1103 220 1130 ἐστὶ
235 1104 285 1138 τῆς
298 1104 370 1131 κατὰ
381 1105 518 1141 ἀκρασίαν
534 1107 642 1141 κακίας,
660 1109 756 1144 μαθεῖν
770 1110 828 1137 ἐστι
843 1111 890 1138 καὶ
903 1111 957 1138 ἀπὸ

162 1148 305 1182 βασιλέων,
324 1149 377 1176 ἀπὸ
401 1150 552 1185 ἀρχόντων,
567 1152 621 1179 ἀπὸ
644 1155 816 1190 στρατηγῶν,
831 1156 886 1182 ὰπδ
910 1157 957 1183 τέ-

162 1202 246 1225 κνων,
260 1193 314 1219 ἀπὸ
335 1194 463 1227 πολιτῶν,
479 1196 535 1222 ἀπὺ
555 1197 679 1231 οἰκετῶν,
693 1199 748 1225 ἀπὸ
764 1201 955 1235 παιδαγωγῶν.

163 1239 301 1271 Ἕκαστος
320 1240 375 1274 γὰρ
391 1241 493 1268 τούτων
505 1243 595 1278 ἑαυτῷ
606 1245 653 1270 καὶ
670 1244 709 1279 τῷ
724 1245 805 1281 κοινῷ
819 1246 957 1283 ὠφέλιμος

161 1284 268 1318 γίνεται
296 1287 458 1322 σωφρονῶν,
472 1288 675 1317 ἀκολασταίνων
698 1291 823 1328 δ’ὲαυτῷ
849 1293 895 1320 καὶ¹
918 1294 957 1329 τῷ

162 1331 247 1365 κοινῷ
267 1331 407 1368 βλαϐερός.

199 1376 260 1403 Ὀτι
287 1377 420 1419 φησὶν,ὀ
438 1378 497 1413 μὲν
518 1380 611 1415 νόμος
623 1382 718 1416 τύπος
732 1383 798 1410 ἐστὶ
813 1384 863 1411 καί
885 1385 958 1412 σκιὰ

162 1421 219 1455 τῆς
242 1423 368 1456 εἰκόνος,
383 1424 505 1452 τουτέστι
518 1425 566 1455 τοῦ
581 1427 748 1462 Εὐαγγελίου
759 1438 767 1445 ·
785 1430 802 1465 ἡ
822 1430 852 1457 δὲ
875 1431 959 1458 εἰκὼν

162 1468 194 1493 τὸ
210 1468 378 1502 Εὐαγγέλιον
392 1470 479 1504 αὐτῆς
492 1471 542 1507 τῆς
558 1472 687 1508 ἀληθείας
701 1474 753 1510 τῆς
775 1476 909 1512 ἐσομένης
928 1478 959 1504 ἐν

163 1514 197 1548 τῇ
217 1513 332 1550 δευτέρᾳ
350 1514 398 1541 τοῦ
418 1516 522 1552 Κυρίου
543 1519 692 1555 παρουσίᾳ,

998 285 1072 311 raria
1088 285 1183 320 genesi
1197 285 1361 318 decernunt,
1391 285 1512 320 genesim
1535 285 1693 312 destruunt.
1711 285 1783 319 Ergo

997 334 1043 357 aut
1055 330 1163 365 genesis
1177 335 1230 364 est,
1253 335 1281 357 et
1303 330 1433 358 tolluntur
1445 331 1520 367 leges
1533 339 1540 356 :
1557 335 1604 358 aut
1619 331 1693 365 leges
1707 335 1783 363 sunt,

997 382 1026 404 et
1041 385 1093 403 non
1108 380 1173 404 sunt
1188 384 1248 411 qua:
1262 377 1353 412 genesi
1384 377 1558 411 respondent.
1587 377 1640 404 Sed
1674 384 1727 403 non
1740 381 1783 402 est

998 422 1136 456 possibile,
1151 422 1284 457 inquiunt,
1297 422 1438 456 quisquam
1454 427 1482 449 ut
1497 427 1635 455 nascatur,
1654 426 1684 448 ut
1707 421 1786 456 quid-

1000 474 1080 500 quam
1100 474 1116 493 a
1132 475 1267 502 quoquam
1288 468 1334 495 ﬁat
1359 468 1417 495 sine
1436 468 1541 503 genesi,
1565 475 1652 502 neque
1671 468 1786 502 digitum

1000 513 1060 540 sine
1087 511 1143 540 fato
1168 520 1246 547 posse
1270 513 1371 540 m0veri
1390 513 1475 540 aiunt.
1500 513 1541 540 An
1557 520 1622 547 ergo
1637 512 1787 539 secundum

1000 559 1110 594 δεηθείη
1125 560 1181 586 nati
1204 559 1301 592 Minos,
1314 559 1532 590 Rhadamantus,
1549 558 1666 590 Dracon,
1684 557 1788 594 Lycur-

1001 613 1070 641 gus,
1100 604 1201 637 Solon,
1228 605 1356 633 Seleucus
1380 606 1566 640 legislatores,
1598 604 1670 639 leges
1696 604 1790 631 condi—

1001 651 1100 678 derunt
1123 658 1183 686 quae
1209 651 1372 678 damnarunt
1387 651 1469 684 furta,
1489 652 1586 682 caedes,
1613 655 1641 678 et
1664 650 1716 678 hoc
1745 657 1792 685 ge-

1003 705 1053 725 ttus
1079 697 1141 730 alia,
1167 704 1228 732 quae
1258 697 1314 725 fato
1336 697 1394 725 ﬁeri
1416 705 1464 725 seu
1494 698 1586 732 genesi
1614 696 1791 729 contendunt,

1003 743 1074 777 quod
1090 743 1149 770 ﬁeri
1163 752 1216 771 non
1244 748 1341 778 potest,
1363 752 1427 771 nam
1445 744 1552 779 genesis
1568 751 1583 770 a
1600 744 1689 777 seipsa
1712 751 1787 770 ever-

1005 794 1125 823 teretur,
1147 791 1210 818 dum
1223 790 1281 825 ipsa
1308 790 1426 825 seipsam
1442 793 1610 817 exauctorat.
1626 788 1696 816 Hinc
1718 788 1791 815 enim

1004 841 1087 871 ponat
1101 836 1209 870 genesis
1223 835 1297 870 leges
1317 843 1377 870 qua:
1397 835 1529 862 adulteria
1545 839 1573 862 et
1595 835 1648 861 alia
1675 834 1791 861 crimina

1005 882 1144 915 damnant,
1159 881 1234 910 illinc
1248 889 1313 908 vero
1324 881 1429 918 [eadem
1442 880 1560 917 genesis]
1574 879 1661 908 credes
1677 883 1704 908 et
1718 880 1792 907 adul-

1007 929 1073 956 teria
1090 933 1218 964 operetur
1232 937 1240 956 :
1259 928 1326 955 nihil
1342 927 1415 955 enim
1430 927 1501 954 idem
1513 935 1527 953 a
1537 926 1627 960 seipso
1642 926 1793 957 diversum,

1006 983 1098 1002 secum
1114 979 1226 1010 pugnat,
1250 975 1375 1008 idemque
1390 974 1423 1000 ad
1440 973 1480 1000 sui
1498 972 1585 1006 ipsius
1600 971 1713 998 exitium
1730 978 1794 997 ver—

1006 1021 1056 1056 git.
1072 1020 1143 1055 Ergo
1155 1019 1262 1055 genesis
1274 1019 1346 1045 nulla
1364 1023 1417 1045 est.

1042 1065 1240 1100 Temperantia;
1266 1065 1394 1092 virtutem
1410 1064 1448 1090 ait
1469 1063 1607 1090 utiliorem
1636 1069 1699 1089 esse
1724 1060 1794 1088 vitio

1007 1111 1234 1146 intemperantiae,
1246 1111 1327 1144 idque
1343 1115 1437 1144 patere
1459 1117 1492 1136 ex
1512 1109 1633 1144 regibus,
1647 1108 1796 1143 magistra-

1009 1159 1092 1190 tibus,
1108 1157 1171 1185 belli
1196 1157 1321 1189 ducibus,
1340 1156 1414 1187 (iliis.
1442 1155 1557 1188 civibus,
1582 1154 1682 1187 servis,
1703 1154 1795 1188 paeda-

1007 1203 1215 1239 gogis:singu|i
1236 1201 1310 1230 enim
1334 1203 1444 1234 horum,
1467 1209 1529 1228 cum
1556 1201 1637 1235 312
1651 1209 1667 1227 a
1689 1204 1795 1234 tempe-

1008 1255 1099 1277 ranter
1111 1249 1215 1281 vivunt,
1238 1253 1352 1284 prosunt
1370 1249 1420 1275 sibi
1441 1253 1468 1275 et
1489 1249 1659 1282 reipublicae;
1677 1255 1738 1274 cum
1753 1246 1795 1273 in-

1008 1301 1194 1331 temperanter
1211 1296 1262 1323 sibi
1277 1302 1304 1323 et
1317 1295 1472 1330 reipublicae
1485 1300 1594 1323 nocent.

1044 1386 1109 1419 Lex,
1123 1386 1221 1422 inquit,
1238 1387 1324 1421 figura
1337 1391 1361 1413 et
1393 1385 1488 1412 umbra
1505 1389 1543 1412 est
1572 1384 1698 1419 imaginis
1725 1383 1795 1419 (84).

1009 1433 1061 1460 hoc
1080 1437 1122 1460 est
1138 1431 1276 1467 Evangelii
1294 1441 1302 1467 ;
1318 1431 1495 1468 Evangelium
1508 1439 1574 1460 vero
1589 1431 1679 1464 imago
1699 1429 1800 1457 futurae

1009 1477 1037 1505 itt
1048 1478 1168 1505 secundo
1184 1477 1290 1505 Domini
1302 1478 1431 1511 adventu,
1446 1477 1582 1506 veritatis.

201 1559 264 1616 ⁸⁷9τι
287 1561 349 1616 1:6":
364 1562 393 1588 ὲν
407 1561 447 1597 τῷ
461 1563 598 1599 Λευῖτικῴ
614 1566 679 1600 περὶ
701 1566 750 1602 τῆς
772 1569 958 1604 σκηνοπηγίας

1045 1569 1153 1597 Dictum
1171 1569 1198 1596 in
1218 1568 1344 1597 Levitico
1371 1568 1404 1595 de
1421 1567 1592 1602 scenopegiis
1610 1574 1657 1594 seu
1672 1566 1800 1594 taberna-

160 1601 311 1638 λεγόμενον
326 1605 366 1636 εἰς
382 1606 432 1641 τὴν
448 1607 477 1632 ὲν
490 1608 522 1642 τῇ
537 1607 559 1641 β’
573 1608 620 1634 τοῦ
634 1610 738 1645 Κυρίου
751 1601 961 1649 λιπαρουοιίςινέετοὲ

167 1649 251 1684 μένην
273 1650 329 1677 τῶν
350 1651 503 1686 ἀνθρώπων
528 1653 678 1682 ἀνάστασιν
692 1657 843 1692 ἐκδέχεται,
860 1660 961 1695 σκηνὴν

166 1696 283 1723 ἑκάστου
300 1697 331 1723 τὸ
343 1698 444 1724 οἰκεῖον
458 1698 544 1731 τιθεὶς
557 1700 579 1716 ¹⁹
596 1700 687 1736 σῶμα,
703 1703 752 1734 τὰς
763 1703 791 1730 δὲ
809 1705 879 1732 ἑπτὰ
894 1706 963 1741 ἠμέ-

169 1750 220 1777 ρας
235 1743 276 1774 είς
291 1741 377 1770 τύπον
399 1743 454 1771 τῶν
476 1745 548 1772 ἑπτὰ
571 1746 688 1780 αἰώνων,
701 1749 749 1776 καὶ
762 1749 846 1776 τᾶλλα
860 1751 961 1778 ἀναλό-

167 1796 236 1822 γως.

205 1834 267 1860 Ὂτι
280 1834 460 1868 ἁναγωγικῶς
468 1836 490 1851 ³⁸
501 1836 642 1872 ἐκδέχεται
656 1839 688 1864 τὺ
699 1840 740 1870 εἰς
750 1840 814 1871 τοὺς
826 1842 931 1876 Κριτὰς
941 1843 963 1860 ³⁸

168 1879 313 1914 εἰρημένον
323 1887 333 1896 υ
344 1881 531 1915 "optivo/leva
541 1883 720 1917 ἐπορεύοντο
730 1884 792 1921 [510
799 1886 845 1923 H.]
854 1887 890 1914 τὰ
909 1887 963 1920 ξύ-

167 1927 209 1952 .la
219 1924 273 1951 τοῦ
282 1924 384 1966 χρῖσαι
396 1925 442 1960 ἐφ’
452 1926 567 1954 ἑαυτῶν
576 1930 598 1945 ⁸²
604 1929 748 1962 βασιλέα,
761 1932 812 1958 καὶ
822 1931 912 1960 εἶπαν
925 1934 965 1951 ³⁸*

168 1969 206 2004 τῇ
222 1970 321 2005 ἐλαίᾳ,
338 1972 529 2000 Βασίλευσον
541 1974 587 2008 ἐφ’
596 1975 694 2009 ἡμῶν·
706 1976 756 2003 καὶ
767 1976 852 2004 εἶπεν
864 1979 965 2012 αὐτοῖς

168 2016 188 2049 ἡ
203 2016 428 2051 ἐλαία,Ἀφεῖσα
442 2018 499 2051 τὴν
510 2019 638 2053 πιότητά
652 2029 723 2055 μου,
737 2021 778 2056 ῆν
786 2022 935 2055 ἐδόξασεν
949 2025 966 2052 δ

170 2062 245 2094 Θεὸς
258 2061 307 2089 καὶ
321 2064 348 2089 οι
366 2063 516 2098 ἅνθρωποι
530 2084 538 2096 ,
558 2066 694 2100 πορευθῶ
710 2067 814 2102 ἄρχειν
832 2069 892 2096 τῶν
914 2069 966 2102 εύ-

168 2107 285 2140 λων³³;
299 2109 353 2135 Καὶ
375 2108 464 2136 εἶπαν
489 2111 525 2137 τὰ
548 2110 627 2143 ξύλα
639 2112 678 2147 τῇ
691 2113 786 2148 συκῇ,
801 2116 894 2150 Δεῦρο
913 2116 965 2150 σὺ,

166 2153 362 2199 ,βασίλωσον
373 2154 421 2194 ἐφ’
435 2155 533 2190 ἡμῶν·
548 2157 599 2184 καὶ
617 2156 704 2185 εἶπεν
718 2160 821 2194 αὐτοῖς
836 2162 855 2195 ἠ
872 2164 963 2199 συκῆ,

177 2198 297 2232 Ἇφεῒσα
304 2198 362 2232 τὴν
369 2201 544 2234 γλυκύτητά
548 2211 608 2236 μου
617 2204 666 2230 καὶ
683 2204 716 2230 τὸ
725 2204 857 2240 γέννημά
863 2216 923 2242 μου
932 2209 966 2236 τὸ

1011 1615 1080 1644 culis
1090 1615 1174 1643 refert
1193 1615 1226 1642 ad
1247 1615 1480 1642 resurrectionem
1508 1613 1651 1641 hotninum
1681 1611 1803 1640 secundo

1013 1663 1119 1690 Domini
1148 1662 1266 1690 adventu
1299 1662 1419 1689 futuram
1447 1670 1456 1689 :
1485 1661 1691 1689 tabernaculum
1727 1660 1800 1687 enini

1013 1707 1226 1743 uniuscujusque
1238 1715 1338 1742 corpus
1353 1709 1567 1742 interpretatur;
1583 1711 1686 1742 septem
1709 1711 1801 1733 autem

1013 1755 1073 1782 dies
1098 1754 1212 1789 ﬁguram
1240 1755 1279 1781 ait
1301 1758 1406 1788 septem
1435 1753 1606 1787 saeculorum,
1634 1752 1743 1787 aliaque
1775 1751 1804 1780 id

1014 1808 1098 1836 genus
1111 1799 1253 1835 analogice
1266 1799 1389 1834 exponit.

1049 1846 1203 1881 Anagogice
1215 1836 1279 1872 iliud
1294 1845 1333 1881 [in
1356 1844 1481 1872 Judicum
1497 1843 1586 1880 libris]
1599 1844 1626 1871 in
1642 1842 1752 1871 Judices
1762 1843 1807 1870 di-

1015 1893 1088 1916 ctutn
1109 1888 1229 1923 accipit:
1258 1886 1359 1915 Euntia
1385 1887 1489 1914 iverunt
1526 1887 1600 1921 ligna
1621 1890 1650 1912 ut
1677 1888 1806 1921 ungerent

1015 1941 1093 1968 super
1118 1941 1146 1961 se
1174 1941 1271 1968 regem.
1299 1938 1325 1960 et
1342 1933 1465 1959 dixerunt
1494 1931 1594 1958 olivw:
1613 1930 1701 1965 Regna
1726 1938 1807 1965 super

1016 1989 1074 2008 nos;
1088 1980 1121 2007 Et
1137 1980 1252 2007 dixitei:
1270 1979 1340 2006 oliva
1352 1986 1362 2006 :
1376 1978 1502 2005 Desereris
1514 1977 1697 2012 pinguedinem
1709 1985 1807 2007 meum,

1015 2034 1095 2061 quam
1114 2026 1142 2053 in
1161 2034 1203 2052 me
1215 2024 1377 2060 gloriﬁcavit
1391 2024 1461 2051 Deus
1487 2029 1511 2051 et
1528 2023 1657 2054 homines,
1674 2022 1751 2050 abibo
1778 2026 1809 2049 ut

1016 2073 1135 2099 dominer
1154 2073 1222 2099 inter
1233 2071 1303 2106 ligna
1317 2072 1330 2098 τ)
1343 2071 1376 2098 Et
1391 2072 1515 2099 dixerunt
1536 2071 1609 2105 ligna
1630 2070 1714 2105 ﬁcui:
1731 2068 1809 2103 Veni,

1016 2126 1096 2154 regna
1109 2126 1187 2152 super
1198 2125 1257 2145 nos.
1286 2117 1320 2145 Et
1338 2117 1377 2144 ait
1394 2118 1432 2144 eis
1447 2116 1513 2151 ﬁcus
1526 2123 1536 2143 :
1561 2115 1687 2142 Deserens
1715 2113 1810 2141 dulce-

1017 2165 1103 2191 dinem
1129 2169 1262 2196 meam,et
1285 2163 1401 2197 fructum
1418 2171 1505 2189 meum
1537 2162 1644 2194 bonum,
1674 2160 1753 2186 abibo
1779 2163 1809 2185 ut

1016 2211 1141 2245 imperem
1156 2210 1235 2245 lignis
1247 2210 1260 2236 1'
1277 2209 1314 2236 Et
1335 2209 1459 2235 dixerunt
1482 2208 1554 2242 ligna
1578 2207 1625 2234 niti
1639 2213 1649 2233 :
1668 2212 1757 2240 usque
1774 2204 1809 2233 ad

170 2243 286 2290 ᾀχαθὸν
293 2245 429 2290 πορευθώ
439 2245 542 2281 ἄρχειν
550 2247 610 2274 τῶν
631 2248 750 2283 Eiidem,-
762 2251 817 2278 Kal
825 2252 915 2280 εἶπαν
929 2255 958 2281 τε

1022 2243 1087 2283 illud
1103 2264 1110 2283 :
1129 2243 1300 2282 Eldizerunt
1320 2255 1431 2280 rhamno
1445 2252 1469 2286 ἱ,
1498 2257 1525 2279 et
1555 2259 1617 2287 quas
1643 2255 1807 2286 sequuntur.

172 2288 265 2321 ξύλα,
294 2289 331 2324 τῇ
366 2291 489 2326 ἀμπέλῳ
507 2293 531 2308 ³⁵
555 2293 606 2320 καὶ
627 2293 717 2322 εἶπαν
745 2295 783 2330 τῇ
809 2297 915 2332 ῥάμνῳ
935 2300 968 2333 ³³,

171 2335 220 2361 καὶ
244 2335 320 2369 ἑξῆς.
335 2336 406 2371 Φησὶ
430 2338 495 2373 γὰρ,
511 2338 604 2366 Ταῦτα
629 2340 657 2366 δὲ
679 2341 720 2368 ὅτι
742 2343 779 2378 μὴ
796 2344 861 2378 περὶ
878 2344 965 2376 ξύλων

171 2380 282 2415 ἐλέχθη.
297 2382 382 2416 σαφές
404 2383 478 2409 ἐστιν
491 2392 498 2399 ·
526 2385 595 2412 ἀλλὰ
619 2387 684 2422 περ)¹
708 2387 803 2423 ψυχῶν
820 2389 967 2425 ἱστορεῖται

171 2426 272 2459 ταῦτα,
285 2427 313 2454 αἶ
331 2429 383 2464 πρὸ
398 2430 448 2464 τῆς
461 2431 696 2468 ὲνανθρωπήσεως
706 2434 753 2461 τοῦ
768 2435 886 2470 Χριστοῦ
898 2437 967 2463 καθ-

171 2471 380 2509 υλομανήσασαι
396 2476 453 2507 τοῖς
474 2477 681 2512 παρα-πτώμασι
706 2481 860 2515 προσίασιν,
876 2480 967 2509 οἶκτον

173 2518 265 2545 αὐτῶν
280 2519 406 2552 ἀξιοῦσαι
420 2521 513 2549 λαϐεῖν
528 2523 573 2550 τὸν
584 2524 662 2555 Θεὸν,
679 2525 727 2551 καὶ
747 2525 907 2560 βασιλεῦσαι
920 2528 965 2555 τὸν

172 2563 248 2591 ἔλεον
263 2565 307 2591 ἐπ’
316 2566 402 2598 αὑτὰς
418 2567 467 2603 ἠδη
482 2569 529 2595 καὶ
540 2570 590 2605 τὴν
603 2570 815 2606 εὐσπλαγχνίαν,
829 2572 862 2608 ῆν
871 2573 964 2607 ἐλαίας

211 2675 220 2700 i
239 2675 327 2704 Jmlie.
341 2685 379 2711 tn,
396 2678 476 2707 8-“.

1021 2301 1093 2333 llazc,
1107 2301 1205 2335 ittquit,
1215 2304 1322 2328 constat
1338 2307 1390 2326 non
1404 2306 1468 2326 esse
1488 2299 1522 2326 de
1543 2297 1624 2333 lignis
1650 2297 1732 2330 dicta,
1758 2297 1807 2324 sed

1019 2348 1053 2375 de
1063 2347 1208 2374 animabus
1231 2346 1289 2373 haec
1306 2349 1462 2376 narrantur,
1478 2352 1540 2378 quae
1562 2347 1625 2369 ante
1641 2342 1743 2370 Christi
1766 2342 1809 2368 in-

1018 2393 1211 2427 carnationem
1239 2392 1353 2419 luxuriae
1371 2390 1446 2417 vitiis
1480 2389 1638 2423 inquinatas,
1672 2388 1808 2414 accedunt

1018 2442 1143 2472 rogantes
1158 2441 1187 2464 ut
1203 2436 1420 2464 misericordiam
1441 2442 1456 2461 a
1474 2434 1529 2461 Deo
1556 2434 1715 2467 impetrent,
1728 2436 1757 2459 et
1778 2436 1809 2458 ut

1014 2483 1070 2517 jam
1087 2481 1229 2509 miseratio
1244 2487 1326 2515 super
1339 2487 1387 2507 eas
1410 2483 1504 2514 regnet
1520 2483 1549 2505 et
1574 2479 1681 2505 viscera
1697 2477 1808 2504 miseri-

1019 2528 1128 2560 cordite,
1142 2536 1223 2563 quam
1240 2527 1307 2555 oleae
1321 2526 1405 2561 tigura
1424 2524 1562 2560 expressit
1584 2523 1738 2558 Scriptura.
1770 2522 1804 2549 Et

1019 2575 1151 2602 advertite
1165 2578 1257 2602 utrum
1272 2580 1325 2601 non
1342 2579 1356 2599 a
1372 2572 1540 2607 protoplasto
1563 2577 1649 2605 usque
1676 2570 1710 2597 ad
1727 2568 1807 2596 Cltri~

825 2741 943 2770 VARIE
972 2741 1174 2770 LECTIONES.

212 2834 236 2873 ξ’
253 2833 346 2873 ἠμύει.
361 2834 422 2873 B_et_
444 2835 528 2873 rc.rA.
553 2871 560 2873 _
574 2823 600 2873 ²ξ¹¹
612 2835 724 2873 νόμους]
738 2837 835 2872 φόνους
863 2847 916 2873 mg.
956 2838 979 2854 "
993 2837 1022 2873 τὸ
1038 2837 1100 2863 add.
1121 2838 1153 2862 A.
1229 2835 1337 2873 τεθεῖσα
1352 2835 1380 2873 Βτ
1421 2832 1651 2873 ³ζάναγωγικῶς]
1668 2832 1807 2873 ἀναλόγως

242 2869 423 2914 Ηξξᾼίίριτὸιξ]
441 2872 514 2910 tx,§.
551 2869 698 2914 ξζέαυτῷν]
716 2869 775 2900 libri
786 2869 906 2908 suum.“
918 2874 963 2914 ""‘
982 2872 1100 2914 eimv‘c.
1140 2872 1161 2888 ³³
1174 2870 1251 2907 ξύλα]
1265 2872 1331 2904 ξύλα
1346 2872 1434 2899 πάντα
1443 2870 1473 2897 Β.
1511 2870 1533 2886 ³³⁵
1545 2875 1604 2905 past
1617 2869 1732 2905 ἀμπέλῳ
1748 2876 1810 2896 cum

179 2905 225 2931 AB
238 2905 317 2932 omisi
332 2905 378 2932 καὶ
391 2905 442 2937 ἕως
460 2906 518 2933 τοῦ.
557 2906 579 2924 ³⁵
592 2907 639 2943 τὴν
652 2905 753 2943 ῥάμνον

836 2907 866 2936 ut
891 2909 943 2937 add
959 2914 1004 2937 tur
1024 2907 1103 2944 πρὸς,
