  <div class='ocr_page' id='page_1' title='image "/cluster/home/n/w/nwhite01/storage/ocr_20150623/103 pt.3/mdp.39015061933738/605.png"; bbox 0 0 3964 6246; ppageno 0'>
   <div class='ocr_carea' id='block_1_1' title="bbox 396 311 3657 386">
    <p class='ocr_par' dir='ltr' id='par_1_1' title="bbox 396 311 3657 386">
     <span class='ocr_line' id='line_1_1' title="bbox 396 311 3657 386; baseline -0.006 0"><span class='ocrx_word' id='word_1_1' title='bbox 396 322 531 386; x_wconf 76' lang='lat' dir='ltr'><strong>i175</strong></span> <span class='ocrx_word' id='word_1_2' title='bbox 1541 318 1806 383; x_wconf 84' lang='lat' dir='ltr'><strong>PHOTII</strong></span> <span class='ocrx_word' id='word_1_3' title='bbox 1845 312 2352 378; x_wconf 68' lang='lat' dir='ltr'><strong>PATRIABCHE</strong></span> <span class='ocrx_word' id='word_1_4' title='bbox 2390 313 2501 373; x_wconf 86' lang='lat' dir='ltr'><strong>CP.</strong></span> <span class='ocrx_word' id='word_1_5' title='bbox 3514 311 3657 368; x_wconf 75' lang='lat'><strong>1176</strong></span> 
     </span>
    </p>
   </div>
   <div class='ocr_carea' id='block_1_2' title="bbox 383 418 1948 506">
    <p class='ocr_par' dir='ltr' id='par_1_2' title="bbox 383 431 1948 506">
     <span class='ocr_line' id='line_1_2' title="bbox 383 431 1948 506; baseline -0.004 -14"><span class='ocrx_word' id='word_1_6' title='bbox 383 450 528 492; x_wconf 88' lang='lat' dir='ltr'><strong>stum</strong></span> <span class='ocrx_word' id='word_1_7' title='bbox 549 435 806 506; x_wconf 78' lang='lat' dir='ltr'><strong>deinceps</strong></span> <span class='ocrx_word' id='word_1_8' title='bbox 823 434 1104 505; x_wconf 74' lang='lat' dir='ltr'><strong>Scriptum</strong></span> <span class='ocrx_word' id='word_1_9' title='bbox 1134 440 1403 505; x_wconf 73' lang='lat' dir='ltr'><strong>praecepta</strong></span> <span class='ocrx_word' id='word_1_10' title='bbox 1438 431 1731 504; x_wconf 82' lang='lat' dir='ltr'><strong>signiticet,</strong></span> <span class='ocrx_word' id='word_1_11' title='bbox 1761 431 1948 500; x_wconf 77' lang='lat' dir='ltr'><strong>quibus</strong></span> 
     </span>
    </p>
   </div>
   <div class='ocr_carea' id='block_1_3' title="bbox 2052 418 3656 506">
    <p class='ocr_par' dir='ltr' id='par_1_3' title="bbox 2061 418 3656 499">
     <span class='ocr_line' id='line_1_3' title="bbox 2061 418 3656 499; baseline -0.006 -18"><span class='ocrx_word' id='word_1_12' title='bbox 2061 426 2218 499; x_wconf 84' lang='grc' dir='ltr'>τύπῳ</span> <span class='ocrx_word' id='word_1_13' title='bbox 2245 425 2555 496; x_wconf 86' lang='grc' dir='ltr'>παρέλαϐεν</span> <span class='ocrx_word' id='word_1_14' title='bbox 2582 423 2616 494; x_wconf 79' lang='grc' dir='ltr'>ἡ</span> <span class='ocrx_word' id='word_1_15' title='bbox 2640 421 2856 494; x_wconf 82' lang='grc' dir='ltr'>Γραφή.</span> <span class='ocrx_word' id='word_1_16' title='bbox 2885 420 2998 476; x_wconf 74' lang='grc' dir='ltr'><strong>Καὶ</strong></span> <span class='ocrx_word' id='word_1_17' title='bbox 3025 418 3399 491; x_wconf 72' lang='grc' dir='ltr'>ἐπισκέψασθε</span> <span class='ocrx_word' id='word_1_18' title='bbox 3434 420 3656 491; x_wconf 76' lang='grc' dir='ltr'>μήποτε</span> 
     </span>
    </p>
   </div>
   <div class='ocr_carea' id='block_1_4' title="bbox 383 511 1948 598">
    <p class='ocr_par' dir='ltr' id='par_1_4' title="bbox 383 524 1948 598">
     <span class='ocr_line' id='line_1_4' title="bbox 383 524 1948 598; baseline -0.003 -17"><span class='ocrx_word' id='word_1_19' title='bbox 383 545 500 588; x_wconf 72' lang='lat' dir='ltr'><strong>sua</strong></span> <span class='ocrx_word' id='word_1_20' title='bbox 518 526 770 583; x_wconf 87' lang='lat' dir='ltr'><strong>diabolus</strong></span> <span class='ocrx_word' id='word_1_21' title='bbox 789 526 1112 598; x_wconf 90' lang='lat' dir='ltr'><strong>opponendo</strong></span> <span class='ocrx_word' id='word_1_22' title='bbox 1135 525 1460 580; x_wconf 90' lang='lat' dir='ltr'><strong>adumbrata</strong></span> <span class='ocrx_word' id='word_1_23' title='bbox 1492 524 1776 596; x_wconf 79' lang='lat' dir='ltr'><strong>ﬁgmenta,</strong></span> <span class='ocrx_word' id='word_1_24' title='bbox 1793 536 1948 592; x_wconf 69' lang='lat' dir='ltr'><strong>genus</strong></span> 
     </span>
    </p>
   </div>
   <div class='ocr_carea' id='block_1_5' title="bbox 2052 511 3656 598">
    <p class='ocr_par' dir='ltr' id='par_1_5' title="bbox 2066 511 3656 598">
     <span class='ocr_line' id='line_1_5' title="bbox 2066 511 3656 598; baseline -0.007 -24"><span class='ocrx_word' id='word_1_25' title='bbox 2066 519 2166 583; x_wconf 85' lang='grc' dir='ltr'>τὰς</span> <span class='ocrx_word' id='word_1_26' title='bbox 2187 519 2280 573; x_wconf 79' lang='grc' dir='ltr'>ἐπὶ</span> <span class='ocrx_word' id='word_1_27' title='bbox 2310 515 2405 572; x_wconf 90' lang='grc' dir='ltr'><strong>τοῦ</strong></span> <span class='ocrx_word' id='word_1_28' title='bbox 2436 514 2862 588; x_wconf 87' lang='grc' dir='ltr'>πρωτοπλάστου</span> <span class='ocrx_word' id='word_1_29' title='bbox 2912 511 3203 598; x_wconf 24' lang='grc' dir='ltr'>μέχριῂτοῦ</span> <span class='ocrx_word' id='word_1_30' title='bbox 3236 511 3476 582; x_wconf 84' lang='grc' dir='ltr'>Χριστοῦ</span> <span class='ocrx_word' id='word_1_31' title='bbox 3508 512 3656 565; x_wconf 78' lang='grc' dir='ltr'>καθ-</span> 
     </span>
    </p>
   </div>
   <div class='ocr_carea' id='block_1_6' title="bbox 381 596 1948 688">
    <p class='ocr_par' dir='ltr' id='par_1_6' title="bbox 381 596 1948 688">
     <span class='ocr_line' id='line_1_6' title="bbox 381 596 1948 688; baseline -0.002 -14"><span class='ocrx_word' id='word_1_32' title='bbox 381 621 678 674; x_wconf 87' lang='lat' dir='ltr'><strong>hmnanum</strong></span> <span class='ocrx_word' id='word_1_33' title='bbox 737 596 973 687; x_wconf 86' lang='lat' dir='ltr'><strong>decepit.</strong></span> <span class='ocrx_word' id='word_1_34' title='bbox 1026 615 1217 672; x_wconf 89' lang='lat' dir='ltr'><strong>Ficum</strong></span> <span class='ocrx_word' id='word_1_35' title='bbox 1267 617 1470 688; x_wconf 88' lang='lat' dir='ltr'><strong>quippe</strong></span> <span class='ocrx_word' id='word_1_36' title='bbox 1506 631 1632 673; x_wconf 90' lang='lat' dir='ltr'><strong>cum</strong></span> <span class='ocrx_word' id='word_1_37' title='bbox 1683 625 1948 686; x_wconf 67' lang='lat' dir='ltr'><strong>praecepto</strong></span> 
     </span>
    </p>
   </div>
   <div class='ocr_carea' id='block_1_7' title="bbox 2052 596 3659 688">
    <p class='ocr_par' dir='ltr' id='par_1_7' title="bbox 2064 596 3659 683">
     <span class='ocr_line' id='line_1_7' title="bbox 2064 596 3659 683; baseline -0.008 -16"><span class='ocrx_word' id='word_1_38' title='bbox 2064 612 2193 682; x_wconf 78' lang='grc' dir='ltr'>εξῆς</span> <span class='ocrx_word' id='word_1_39' title='bbox 2234 612 2268 683; x_wconf 82' lang='grc' dir='ltr'>ἠ</span> <span class='ocrx_word' id='word_1_40' title='bbox 2300 608 2492 680; x_wconf 80' lang='grc' dir='ltr'>Γραφὴ</span> <span class='ocrx_word' id='word_1_41' title='bbox 2517 605 2838 679; x_wconf 78' lang='grc' dir='ltr'><strong>νομοθεσίας</strong></span> <span class='ocrx_word' id='word_1_42' title='bbox 2866 604 3034 675; x_wconf 82' lang='grc' dir='ltr'>δηλοῖ,</span> <span class='ocrx_word' id='word_1_43' title='bbox 3070 596 3146 657; x_wconf 84' lang='grc' dir='ltr'>ὧν</span> <span class='ocrx_word' id='word_1_44' title='bbox 3176 604 3205 656; x_wconf 98' lang='lat'><strong>6</strong></span> <span class='ocrx_word' id='word_1_45' title='bbox 3226 603 3474 666; x_wconf 84' lang='grc' dir='ltr'>διάϐολος</span> <span class='ocrx_word' id='word_1_46' title='bbox 3502 603 3659 656; x_wconf 83' lang='grc' dir='ltr'>ἀντι-</span> 
     </span>
    </p>
   </div>
   <div class='ocr_carea' id='block_1_8' title="bbox 383 696 1948 779">
    <p class='ocr_par' dir='ltr' id='par_1_8' title="bbox 383 708 1948 779">
     <span class='ocr_line' id='line_1_8' title="bbox 383 708 1948 779; baseline 0.001 -17"><span class='ocrx_word' id='word_1_47' title='bbox 383 712 584 764; x_wconf 86' lang='lat' dir='ltr'><strong>homini</strong></span> <span class='ocrx_word' id='word_1_48' title='bbox 615 711 669 764; x_wconf 92' lang='lat' dir='ltr'><strong>in</strong></span> <span class='ocrx_word' id='word_1_49' title='bbox 701 710 952 778; x_wconf 85' lang='lat' dir='ltr'><strong>paradiso</strong></span> <span class='ocrx_word' id='word_1_50' title='bbox 982 710 1108 765; x_wconf 90' lang='lat' dir='ltr'><strong>dato</strong></span> <span class='ocrx_word' id='word_1_51' title='bbox 1151 709 1511 779; x_wconf 75' lang='lat' dir='ltr'><strong>comparavit,</strong></span> <span class='ocrx_word' id='word_1_52' title='bbox 1539 708 1667 778; x_wconf 87' lang='lat' dir='ltr'><strong>quia</strong></span> <span class='ocrx_word' id='word_1_53' title='bbox 1697 709 1948 778; x_wconf 72' lang='lat' dir='ltr'><strong>deceptus</strong></span> 
     </span>
    </p>
   </div>
   <div class='ocr_carea' id='block_1_9' title="bbox 2052 696 3660 779">
    <p class='ocr_par' dir='ltr' id='par_1_9' title="bbox 2068 696 3660 778">
     <span class='ocr_line' id='line_1_9' title="bbox 2068 696 3660 778; baseline -0.006 -21"><span class='ocrx_word' id='word_1_54' title='bbox 2068 707 2256 778; x_wconf 81' lang='grc' dir='ltr'>μίμοις</span> <span class='ocrx_word' id='word_1_55' title='bbox 2287 704 2598 775; x_wconf 77' lang='grc' dir='ltr'><strong>ἐξηπάτησε</strong></span> <span class='ocrx_word' id='word_1_56' title='bbox 2633 699 2915 770; x_wconf 82' lang='grc' dir='ltr'><strong>πλάσμασι</strong></span> <span class='ocrx_word' id='word_1_57' title='bbox 2942 698 3004 751; x_wconf 83' lang='grc' dir='ltr'><strong>τὸ</strong></span> <span class='ocrx_word' id='word_1_58' title='bbox 3023 696 3326 770; x_wconf 82' lang='grc' dir='ltr'>ἀνθρώπων</span> <span class='ocrx_word' id='word_1_59' title='bbox 3351 696 3530 764; x_wconf 84' lang='grc' dir='ltr'>γένος,</span> <span class='ocrx_word' id='word_1_60' title='bbox 3552 697 3660 764; x_wconf 80' lang='grc' dir='ltr'>τὴν</span> 
     </span>
    </p>
   </div>
   <div class='ocr_carea' id='block_1_10' title="bbox 378 788 1948 868">
    <p class='ocr_par' dir='ltr' id='par_1_10' title="bbox 378 801 1948 868">
     <span class='ocr_line' id='line_1_10' title="bbox 378 801 1948 868; baseline -0.002 -10"><span class='ocrx_word' id='word_1_61' title='bbox 378 805 540 858; x_wconf 89' lang='lat' dir='ltr'><strong>homo</strong></span> <span class='ocrx_word' id='word_1_62' title='bbox 575 802 716 860; x_wconf 77' lang='lat' dir='ltr'><strong>foliis</strong></span> <span class='ocrx_word' id='word_1_63' title='bbox 740 803 825 858; x_wconf 81' lang='lat' dir='ltr'><strong>lici</strong></span> <span class='ocrx_word' id='word_1_64' title='bbox 857 802 1158 857; x_wconf 72' lang='lat' dir='ltr'><strong>nuditatem</strong></span> <span class='ocrx_word' id='word_1_65' title='bbox 1182 817 1335 857; x_wconf 90' lang='lat' dir='ltr'><strong>suam</strong></span> <span class='ocrx_word' id='word_1_66' title='bbox 1365 801 1606 868; x_wconf 76' lang='lat' dir='ltr'><strong>velavit;</strong></span> <span class='ocrx_word' id='word_1_67' title='bbox 1635 802 1799 857; x_wconf 88' lang='lat' dir='ltr'><strong>vitem</strong></span> <span class='ocrx_word' id='word_1_68' title='bbox 1831 814 1948 856; x_wconf 75' lang='grc' dir='ltr'>νει-ί</span> 
     </span>
    </p>
   </div>
   <div class='ocr_carea' id='block_1_11' title="bbox 2052 788 3655 868">
    <p class='ocr_par' dir='ltr' id='par_1_11' title="bbox 2067 788 3655 868">
     <span class='ocr_line' id='line_1_11' title="bbox 2067 788 3655 868; baseline -0.009 -15"><span class='ocrx_word' id='word_1_69' title='bbox 2067 800 2166 868; x_wconf 80' lang='grc' dir='ltr'><strong>μὲν</strong></span> <span class='ocrx_word' id='word_1_70' title='bbox 2192 792 2286 852; x_wconf 82' lang='grc' dir='ltr'><strong>οὖν</strong></span> <span class='ocrx_word' id='word_1_71' title='bbox 2315 797 2487 866; x_wconf 82' lang='grc' dir='ltr'><strong>συκῆν</strong></span> <span class='ocrx_word' id='word_1_72' title='bbox 2515 793 2890 858; x_wconf 77' lang='grc' dir='ltr'>ἀπεικάζουσα</span> <span class='ocrx_word' id='word_1_73' title='bbox 2915 793 2983 862; x_wconf 78' lang='grc' dir='ltr'>τῇ</span> <span class='ocrx_word' id='word_1_74' title='bbox 3027 791 3164 844; x_wconf 80' lang='grc' dir='ltr'>κατὰ</span> <span class='ocrx_word' id='word_1_75' title='bbox 3194 790 3285 842; x_wconf 80' lang='grc' dir='ltr'><strong>τὸν</strong></span> <span class='ocrx_word' id='word_1_76' title='bbox 3314 788 3655 858; x_wconf 74' lang='grc' dir='ltr'><strong>παράδεισον</strong></span> 
     </span>
    </p>
   </div>
   <div class='ocr_carea' id='block_1_12' title="bbox 377 891 1962 963">
    <p class='ocr_par' dir='ltr' id='par_1_12' title="bbox 377 891 1962 963">
     <span class='ocr_line' id='line_1_12' title="bbox 377 891 1962 963; baseline 0.001 -18"><span class='ocrx_word' id='word_1_77' title='bbox 377 892 480 958; x_wconf 78' lang='lat' dir='ltr'><strong>legi</strong></span> <span class='ocrx_word' id='word_1_78' title='bbox 514 903 635 960; x_wconf 86' lang='lat' dir='ltr'><strong>post</strong></span> <span class='ocrx_word' id='word_1_79' title='bbox 665 892 929 948; x_wconf 88' lang='lat' dir='ltr'><strong>diluvium</strong></span> <span class='ocrx_word' id='word_1_80' title='bbox 970 891 1085 948; x_wconf 89' lang='lat' dir='ltr'><strong>Noe</strong></span> <span class='ocrx_word' id='word_1_81' title='bbox 1117 892 1277 958; x_wconf 59' lang='lat' dir='ltr'><strong>datae,</strong></span> <span class='ocrx_word' id='word_1_82' title='bbox 1310 907 1377 948; x_wconf 89' lang='lat' dir='ltr'><strong>eo</strong></span> <span class='ocrx_word' id='word_1_83' title='bbox 1408 892 1554 962; x_wconf 91' lang='lat' dir='ltr'><strong>quod</strong></span> <span class='ocrx_word' id='word_1_84' title='bbox 1601 893 1729 948; x_wconf 90' lang='lat' dir='ltr'><strong>vino</strong></span> <span class='ocrx_word' id='word_1_85' title='bbox 1753 892 1962 963; x_wconf 90' lang='lat' dir='ltr'><strong>sopitus</strong></span> 
     </span>
    </p>
   </div>
   <div class='ocr_carea' id='block_1_13' title="bbox 377 982 1958 1054">
    <p class='ocr_par' dir='ltr' id='par_1_13' title="bbox 377 982 1958 1054">
     <span class='ocr_line' id='line_1_13' title="bbox 377 982 1958 1054; baseline 0.001 -18"><span class='ocrx_word' id='word_1_86' title='bbox 377 982 540 1038; x_wconf 80' lang='lat' dir='ltr'><strong>fuerit</strong></span> <span class='ocrx_word' id='word_1_87' title='bbox 574 984 814 1050; x_wconf 89' lang='lat' dir='ltr'><strong>irrisus;</strong></span> <span class='ocrx_word' id='word_1_88' title='bbox 860 983 1037 1040; x_wconf 78' lang='lat' dir='ltr'><strong>oleam</strong></span> <span class='ocrx_word' id='word_1_89' title='bbox 1086 996 1216 1037; x_wconf 90' lang='lat' dir='ltr'><strong>vero</strong></span> <span class='ocrx_word' id='word_1_90' title='bbox 1261 983 1364 1054; x_wconf 88' lang='lat' dir='ltr'><strong>legi</strong></span> <span class='ocrx_word' id='word_1_91' title='bbox 1412 983 1578 1040; x_wconf 85' lang='lat' dir='ltr'><strong>Mosis</strong></span> <span class='ocrx_word' id='word_1_92' title='bbox 1625 985 1680 1038; x_wconf 90' lang='lat' dir='ltr'><strong>in</strong></span> <span class='ocrx_word' id='word_1_93' title='bbox 1719 984 1958 1050; x_wconf 88' lang='lat' dir='ltr'><strong>deserto,</strong></span> 
     </span>
    </p>
   </div>
   <div class='ocr_carea' id='block_1_14' title="bbox 376 1077 1955 1151">
    <p class='ocr_par' dir='ltr' id='par_1_14' title="bbox 376 1077 1955 1151">
     <span class='ocr_line' id='line_1_14' title="bbox 376 1077 1955 1151; baseline 0.001 -21"><span class='ocrx_word' id='word_1_94' title='bbox 376 1077 506 1146; x_wconf 90' lang='lat' dir='ltr'><strong>quia</strong></span> <span class='ocrx_word' id='word_1_95' title='bbox 531 1078 709 1132; x_wconf 90' lang='lat' dir='ltr'><strong>oleum</strong></span> <span class='ocrx_word' id='word_1_96' title='bbox 749 1089 1000 1133; x_wconf 89' lang='lat' dir='ltr'><strong>sanctum</strong></span> <span class='ocrx_word' id='word_1_97' title='bbox 1057 1081 1171 1134; x_wconf 90' lang='lat' dir='ltr'><strong>sive</strong></span> <span class='ocrx_word' id='word_1_98' title='bbox 1196 1080 1372 1151; x_wconf 86' lang='lat' dir='ltr'><strong>gratia</strong></span> <span class='ocrx_word' id='word_1_99' title='bbox 1419 1079 1763 1150; x_wconf 88' lang='lat' dir='ltr'><strong>prophetica,</strong></span> <span class='ocrx_word' id='word_1_100' title='bbox 1815 1093 1955 1146; x_wconf 75' lang='lat' dir='ltr'><strong>pne-</strong></span> 
     </span>
    </p>
   </div>
   <div class='ocr_carea' id='block_1_15' title="bbox 376 1171 1956 1229">
    <p class='ocr_par' dir='ltr' id='par_1_15' title="bbox 376 1171 1956 1229">
     <span class='ocr_line' id='line_1_15' title="bbox 376 1171 1956 1229; baseline 0.003 -9"><span class='ocrx_word' id='word_1_101' title='bbox 376 1171 749 1225; x_wconf 78' lang='lat' dir='ltr'><strong>varicantibus</strong></span> <span class='ocrx_word' id='word_1_102' title='bbox 781 1171 889 1226; x_wconf 90' lang='lat' dir='ltr'><strong>illis</strong></span> <span class='ocrx_word' id='word_1_103' title='bbox 927 1171 1204 1227; x_wconf 82' lang='lat' dir='ltr'><strong>defecerat</strong></span> <span class='ocrx_word' id='word_1_104' title='bbox 1241 1174 1310 1229; x_wconf 90' lang='lat' dir='ltr'><strong>ab</strong></span> <span class='ocrx_word' id='word_1_105' title='bbox 1354 1173 1694 1228; x_wconf 66' lang='lat' dir='ltr'><strong>haereditate.</strong></span> <span class='ocrx_word' id='word_1_106' title='bbox 1748 1171 1956 1225; x_wconf 75' lang='lat' dir='ltr'><strong>Rham-</strong></span> 
     </span>
    </p>
   </div>
   <div class='ocr_carea' id='block_1_16' title="bbox 376 1261 1958 1333">
    <p class='ocr_par' dir='ltr' id='par_1_16' title="bbox 376 1261 1958 1333">
     <span class='ocr_line' id='line_1_16' title="bbox 376 1261 1958 1333; baseline 0.001 -19"><span class='ocrx_word' id='word_1_107' title='bbox 376 1275 506 1315; x_wconf 84' lang='lat' dir='ltr'><strong>num</strong></span> <span class='ocrx_word' id='word_1_108' title='bbox 539 1272 818 1329; x_wconf 89' lang='lat' dir='ltr'><strong>comparat</strong></span> <span class='ocrx_word' id='word_1_109' title='bbox 861 1261 1004 1316; x_wconf 60' lang='lat' dir='ltr'><strong>datae</strong></span> <span class='ocrx_word' id='word_1_110' title='bbox 1046 1262 1148 1333; x_wconf 86' lang='lat' dir='ltr'><strong>legi</strong></span> <span class='ocrx_word' id='word_1_111' title='bbox 1196 1264 1262 1318; x_wconf 90' lang='lat' dir='ltr'><strong>ad</strong></span> <span class='ocrx_word' id='word_1_112' title='bbox 1319 1263 1552 1318; x_wconf 85' lang='lat' dir='ltr'><strong>salutem</strong></span> <span class='ocrx_word' id='word_1_113' title='bbox 1603 1263 1790 1318; x_wconf 92' lang='lat' dir='ltr'><strong>mundi</strong></span> <span class='ocrx_word' id='word_1_114' title='bbox 1823 1277 1958 1330; x_wconf 88' lang='lat' dir='ltr'><strong>apo-</strong></span> 
     </span>
    </p>
   </div>
   <div class='ocr_carea' id='block_1_17' title="bbox 375 1349 1955 1419">
    <p class='ocr_par' dir='ltr' id='par_1_17' title="bbox 375 1349 1955 1419">
     <span class='ocr_line' id='line_1_17' title="bbox 375 1349 1955 1419; baseline 0.001 -17"><span class='ocrx_word' id='word_1_115' title='bbox 375 1349 555 1414; x_wconf 86' lang='lat' dir='ltr'><strong>stolis,</strong></span> <span class='ocrx_word' id='word_1_116' title='bbox 587 1351 712 1419; x_wconf 86' lang='lat' dir='ltr'><strong>quia</strong></span> <span class='ocrx_word' id='word_1_117' title='bbox 740 1365 837 1419; x_wconf 89' lang='lat' dir='ltr'><strong>per</strong></span> <span class='ocrx_word' id='word_1_118' title='bbox 870 1351 1084 1405; x_wconf 88' lang='lat' dir='ltr'><strong>illorum</strong></span> <span class='ocrx_word' id='word_1_119' title='bbox 1117 1351 1427 1406; x_wconf 87' lang='lat' dir='ltr'><strong>doctrinam</strong></span> <span class='ocrx_word' id='word_1_120' title='bbox 1465 1351 1775 1407; x_wconf 80' lang='lat' dir='ltr'><strong>caStitatem</strong></span> <span class='ocrx_word' id='word_1_121' title='bbox 1812 1350 1955 1405; x_wconf 87' lang='lat' dir='ltr'><strong>didi-</strong></span> 
     </span>
    </p>
   </div>
   <div class='ocr_carea' id='block_1_18' title="bbox 373 1441 1954 1514">
    <p class='ocr_par' dir='ltr' id='par_1_18' title="bbox 373 1441 1954 1514">
     <span class='ocr_line' id='line_1_18' title="bbox 373 1441 1954 1514; baseline 0 -18"><span class='ocrx_word' id='word_1_122' title='bbox 373 1441 569 1507; x_wconf 84' lang='lat' dir='ltr'><strong>cimus,</strong></span> <span class='ocrx_word' id='word_1_123' title='bbox 618 1443 706 1498; x_wconf 90' lang='lat' dir='ltr'><strong>cui</strong></span> <span class='ocrx_word' id='word_1_124' title='bbox 755 1442 857 1497; x_wconf 88' lang='lat' dir='ltr'><strong>soli</strong></span> <span class='ocrx_word' id='word_1_125' title='bbox 913 1443 1146 1498; x_wconf 86' lang='lat' dir='ltr'><strong>similem</strong></span> <span class='ocrx_word' id='word_1_126' title='bbox 1222 1444 1422 1499; x_wconf 89' lang='lat' dir='ltr'><strong>nullam</strong></span> <span class='ocrx_word' id='word_1_127' title='bbox 1487 1444 1664 1514; x_wconf 92' lang='lat' dir='ltr'><strong>potuit</strong></span> <span class='ocrx_word' id='word_1_128' title='bbox 1715 1444 1954 1512; x_wconf 86' lang='lat' dir='ltr'><strong>speciem</strong></span> 
     </span>
    </p>
   </div>
   <div class='ocr_carea' id='block_1_19' title="bbox 372 1533 1949 1606">
    <p class='ocr_par' dir='ltr' id='par_1_19' title="bbox 372 1533 1949 1606">
     <span class='ocr_line' id='line_1_19' title="bbox 372 1533 1949 1606; baseline -0.001 -18"><span class='ocrx_word' id='word_1_129' title='bbox 372 1534 624 1590; x_wconf 85' lang='lat' dir='ltr'><strong>diabolus</strong></span> <span class='ocrx_word' id='word_1_130' title='bbox 671 1535 935 1589; x_wconf 87' lang='lat' dir='ltr'><strong>invenire.</strong></span> <span class='ocrx_word' id='word_1_131' title='bbox 967 1534 1129 1606; x_wconf 77' lang='lat'><strong>312</strong></span> <span class='ocrx_word' id='word_1_132' title='bbox 1151 1537 1178 1589; x_wconf 86' lang='lat' dir='ltr'><strong>b</strong></span> <span class='ocrx_word' id='word_1_133' title='bbox 1210 1533 1351 1590; x_wconf 83' lang='lat' dir='ltr'><strong>Hinc</strong></span> <span class='ocrx_word' id='word_1_134' title='bbox 1380 1544 1613 1601; x_wconf 87' lang='lat' dir='ltr'><strong>quatuor</strong></span> <span class='ocrx_word' id='word_1_135' title='bbox 1646 1534 1949 1602; x_wconf 78' lang='lat' dir='ltr'><strong>Evangelia</strong></span> 
     </span>
    </p>
   </div>
   <div class='ocr_carea' id='block_1_20' title="bbox 372 1623 1950 1697">
    <p class='ocr_par' dir='ltr' id='par_1_20' title="bbox 372 1623 1950 1697">
     <span class='ocr_line' id='line_1_20' title="bbox 372 1623 1950 1697; baseline 0 -19"><span class='ocrx_word' id='word_1_136' title='bbox 372 1623 519 1678; x_wconf 87' lang='lat' dir='ltr'><strong>edita</strong></span> <span class='ocrx_word' id='word_1_137' title='bbox 543 1633 692 1688; x_wconf 89' lang='lat' dir='ltr'><strong>sunt,</strong></span> <span class='ocrx_word' id='word_1_138' title='bbox 714 1623 824 1680; x_wconf 90' lang='lat' dir='ltr'><strong>Deo</strong></span> <span class='ocrx_word' id='word_1_139' title='bbox 841 1635 1038 1695; x_wconf 88' lang='lat' dir='ltr'><strong>quater</strong></span> <span class='ocrx_word' id='word_1_140' title='bbox 1053 1625 1446 1680; x_wconf 85' lang='lat' dir='ltr'><strong>humanitatem</strong></span> <span class='ocrx_word' id='word_1_141' title='bbox 1470 1623 1950 1697; x_wconf 83' lang='lat' dir='ltr'><strong>[incarnationem]</strong></span> 
     </span>
    </p>
   </div>
   <div class='ocr_carea' id='block_1_21' title="bbox 373 1715 1946 1785">
    <p class='ocr_par' dir='ltr' id='par_1_21' title="bbox 373 1715 1946 1785">
     <span class='ocr_line' id='line_1_21' title="bbox 373 1715 1946 1785; baseline -0.001 -15"><span class='ocrx_word' id='word_1_142' title='bbox 373 1716 752 1780; x_wconf 88' lang='lat' dir='ltr'><strong>annuntiante,</strong></span> <span class='ocrx_word' id='word_1_143' title='bbox 781 1725 838 1770; x_wconf 91' lang='lat' dir='ltr'><strong>et</strong></span> <span class='ocrx_word' id='word_1_144' title='bbox 865 1716 1149 1784; x_wconf 88' lang='lat' dir='ltr'><strong>quaternis</strong></span> <span class='ocrx_word' id='word_1_145' title='bbox 1185 1715 1396 1785; x_wconf 77' lang='lat' dir='ltr'><strong>legibus</strong></span> <span class='ocrx_word' id='word_1_146' title='bbox 1427 1717 1679 1782; x_wconf 90' lang='lat' dir='ltr'><strong>docente,</strong></span> <span class='ocrx_word' id='word_1_147' title='bbox 1711 1731 1946 1785; x_wconf 90' lang='lat' dir='ltr'><strong>quarum</strong></span> 
     </span>
    </p>
   </div>
   <div class='ocr_carea' id='block_1_22' title="bbox 373 1807 1948 1879">
    <p class='ocr_par' dir='ltr' id='par_1_22' title="bbox 373 1807 1948 1879">
     <span class='ocr_line' id='line_1_22' title="bbox 373 1807 1948 1879; baseline 0.001 -18"><span class='ocrx_word' id='word_1_148' title='bbox 373 1817 616 1876; x_wconf 90' lang='lat' dir='ltr'><strong>tempora</strong></span> <span class='ocrx_word' id='word_1_149' title='bbox 636 1819 844 1878; x_wconf 88' lang='lat' dir='ltr'><strong>aperte.</strong></span> <span class='ocrx_word' id='word_1_150' title='bbox 869 1822 965 1878; x_wconf 90' lang='lat' dir='ltr'><strong>per</strong></span> <span class='ocrx_word' id='word_1_151' title='bbox 987 1808 1262 1863; x_wconf 77' lang='lat' dir='ltr'><strong>fructuum</strong></span> <span class='ocrx_word' id='word_1_152' title='bbox 1282 1809 1598 1864; x_wconf 86' lang='lat' dir='ltr'><strong>discrimina</strong></span> <span class='ocrx_word' id='word_1_153' title='bbox 1637 1807 1948 1879; x_wconf 86' lang='lat' dir='ltr'><strong>intelligun-</strong></span> 
     </span>
    </p>
   </div>
   <div class='ocr_carea' id='block_1_23' title="bbox 372 1898 1952 1970">
    <p class='ocr_par' dir='ltr' id='par_1_23' title="bbox 372 1898 1952 1970">
     <span class='ocr_line' id='line_1_23' title="bbox 372 1898 1952 1970; baseline 0.001 -18"><span class='ocrx_word' id='word_1_154' title='bbox 372 1909 483 1954; x_wconf 86' lang='lat' dir='ltr'><strong>tur.</strong></span> <span class='ocrx_word' id='word_1_155' title='bbox 515 1898 677 1956; x_wconf 89' lang='lat' dir='ltr'><strong>Ficus</strong></span> <span class='ocrx_word' id='word_1_156' title='bbox 698 1901 842 1955; x_wconf 89' lang='lat' dir='ltr'><strong>enim</strong></span> <span class='ocrx_word' id='word_1_157' title='bbox 873 1911 1096 1970; x_wconf 86' lang='lat' dir='ltr'><strong>propter</strong></span> <span class='ocrx_word' id='word_1_158' title='bbox 1123 1900 1464 1957; x_wconf 88' lang='lat' dir='ltr'><strong>dulcedinem</strong></span> <span class='ocrx_word' id='word_1_159' title='bbox 1494 1910 1551 1956; x_wconf 92' lang='lat' dir='ltr'><strong>et</strong></span> <span class='ocrx_word' id='word_1_160' title='bbox 1571 1902 1952 1966; x_wconf 90' lang='lat' dir='ltr'><strong>nutritionem,</strong></span> 
     </span>
    </p>
   </div>
   <div class='ocr_carea' id='block_1_24' title="bbox 370 1987 1954 2062">
    <p class='ocr_par' dir='ltr' id='par_1_24' title="bbox 370 1987 1954 2062">
     <span class='ocr_line' id='line_1_24' title="bbox 370 1987 1954 2062; baseline 0.004 -20"><span class='ocrx_word' id='word_1_161' title='bbox 370 1987 541 2059; x_wconf 90' lang='lat' dir='ltr'><strong>legem</strong></span> <span class='ocrx_word' id='word_1_162' title='bbox 575 2001 702 2046; x_wconf 91' lang='lat' dir='ltr'><strong>ante</strong></span> <span class='ocrx_word' id='word_1_163' title='bbox 741 1992 1246 2062; x_wconf 82' lang='lat' dir='ltr'><strong>praevaricationem</strong></span> <span class='ocrx_word' id='word_1_164' title='bbox 1287 1992 1452 2049; x_wconf 88' lang='lat' dir='ltr'><strong>latam</strong></span> <span class='ocrx_word' id='word_1_165' title='bbox 1493 1993 1758 2050; x_wconf 83' lang='lat' dir='ltr'><strong>declarat.</strong></span> <span class='ocrx_word' id='word_1_166' title='bbox 1808 1993 1954 2049; x_wconf 90' lang='lat' dir='ltr'><strong>Non-</strong></span> 
     </span>
    </p>
   </div>
   <div class='ocr_carea' id='block_1_25' title="bbox 370 2084 1956 2158">
    <p class='ocr_par' dir='ltr' id='par_1_25' title="bbox 370 2084 1956 2158">
     <span class='ocr_line' id='line_1_25' title="bbox 370 2084 1956 2158; baseline 0.003 -22"><span class='ocrx_word' id='word_1_167' title='bbox 370 2099 648 2154; x_wconf 85' lang='lat' dir='ltr'><strong>nunquam</strong></span> <span class='ocrx_word' id='word_1_168' title='bbox 672 2085 818 2140; x_wconf 89' lang='lat' dir='ltr'><strong>enim</strong></span> <span class='ocrx_word' id='word_1_169' title='bbox 845 2084 983 2140; x_wconf 85' lang='lat' dir='ltr'><strong>licus</strong></span> <span class='ocrx_word' id='word_1_170' title='bbox 1003 2084 1059 2138; x_wconf 90' lang='lat' dir='ltr'><strong>in</strong></span> <span class='ocrx_word' id='word_1_171' title='bbox 1096 2085 1380 2156; x_wconf 83' lang='lat' dir='ltr'><strong>Scriptura</strong></span> <span class='ocrx_word' id='word_1_172' title='bbox 1414 2087 1471 2140; x_wconf 90' lang='lat' dir='ltr'><strong>in</strong></span> <span class='ocrx_word' id='word_1_173' title='bbox 1505 2088 1788 2142; x_wconf 87' lang='lat' dir='ltr'><strong>meliorem</strong></span> <span class='ocrx_word' id='word_1_174' title='bbox 1835 2102 1956 2158; x_wconf 81' lang='lat' dir='ltr'><strong>par-</strong></span> 
     </span>
    </p>
   </div>
   <div class='ocr_carea' id='block_1_26' title="bbox 371 2173 1954 2245">
    <p class='ocr_par' dir='ltr' id='par_1_26' title="bbox 371 2173 1954 2245">
     <span class='ocr_line' id='line_1_26' title="bbox 371 2173 1954 2245; baseline 0.004 -20"><span class='ocrx_word' id='word_1_175' title='bbox 371 2183 479 2228; x_wconf 54' lang='grc' dir='ltr'>ιλιι</span> <span class='ocrx_word' id='word_1_176' title='bbox 502 2174 788 2244; x_wconf 83' lang='lat' dir='ltr'><strong>accipitur.</strong></span> <span class='ocrx_word' id='word_1_177' title='bbox 839 2173 979 2230; x_wconf 76' lang='lat' dir='ltr'><strong>Vitis</strong></span> <span class='ocrx_word' id='word_1_178' title='bbox 1012 2191 1144 2230; x_wconf 91' lang='lat' dir='ltr'><strong>vero</strong></span> <span class='ocrx_word' id='word_1_179' title='bbox 1172 2176 1242 2230; x_wconf 87' lang='lat' dir='ltr'><strong>ob</strong></span> <span class='ocrx_word' id='word_1_180' title='bbox 1283 2175 1393 2230; x_wconf 89' lang='lat' dir='ltr'><strong>vini</strong></span> <span class='ocrx_word' id='word_1_181' title='bbox 1450 2175 1853 2245; x_wconf 74' lang='lat' dir='ltr'><strong>iucunditatem</strong></span> <span class='ocrx_word' id='word_1_182' title='bbox 1897 2185 1954 2231; x_wconf 90' lang='lat' dir='ltr'><strong>et</strong></span> 
     </span>
    </p>
   </div>
   <div class='ocr_carea' id='block_1_27' title="bbox 367 2262 1950 2337">
    <p class='ocr_par' dir='ltr' id='par_1_27' title="bbox 367 2262 1950 2337">
     <span class='ocr_line' id='line_1_27' title="bbox 367 2262 1950 2337; baseline 0.006 -22"><span class='ocrx_word' id='word_1_183' title='bbox 367 2262 634 2330; x_wconf 60' lang='lat' dir='ltr'><strong>laetitiam,</strong></span> <span class='ocrx_word' id='word_1_184' title='bbox 666 2280 856 2322; x_wconf 85' lang='lat' dir='ltr'><strong>eorum</strong></span> <span class='ocrx_word' id='word_1_185' title='bbox 893 2268 986 2337; x_wconf 91' lang='lat' dir='ltr'><strong>qui</strong></span> <span class='ocrx_word' id='word_1_186' title='bbox 1017 2283 1082 2323; x_wconf 83' lang='lat' dir='ltr'><strong>ex</strong></span> <span class='ocrx_word' id='word_1_187' title='bbox 1132 2268 1211 2323; x_wconf 90' lang='lat' dir='ltr'><strong>ira</strong></span> <span class='ocrx_word' id='word_1_188' title='bbox 1249 2267 1347 2325; x_wconf 85' lang='lat' dir='ltr'><strong>Dei</strong></span> <span class='ocrx_word' id='word_1_189' title='bbox 1403 2280 1462 2325; x_wconf 89' lang='lat' dir='ltr'><strong>et</strong></span> <span class='ocrx_word' id='word_1_190' title='bbox 1504 2269 1709 2326; x_wconf 87' lang='lat' dir='ltr'><strong>diluvio</strong></span> <span class='ocrx_word' id='word_1_191' title='bbox 1748 2271 1950 2325; x_wconf 81' lang='lat' dir='ltr'><strong>servati</strong></span> 
     </span>
    </p>
   </div>
   <div class='ocr_carea' id='block_1_28' title="bbox 365 2357 1936 2434">
    <p class='ocr_par' dir='ltr' id='par_1_28' title="bbox 365 2357 1936 2434">
     <span class='ocr_line' id='line_1_28' title="bbox 365 2357 1936 2434; baseline 0.005 -26"><span class='ocrx_word' id='word_1_192' title='bbox 365 2365 512 2422; x_wconf 81' lang='lat' dir='ltr'><strong>sunt,</strong></span> <span class='ocrx_word' id='word_1_193' title='bbox 556 2357 808 2412; x_wconf 87' lang='lat' dir='ltr'><strong>timorem</strong></span> <span class='ocrx_word' id='word_1_194' title='bbox 835 2359 1332 2418; x_wconf 87' lang='lat' dir='ltr'><strong>etsollieitudinem</strong></span> <span class='ocrx_word' id='word_1_195' title='bbox 1380 2361 1438 2417; x_wconf 90' lang='lat' dir='ltr'><strong>in</strong></span> <span class='ocrx_word' id='word_1_196' title='bbox 1488 2363 1746 2434; x_wconf 84' lang='lat' dir='ltr'><strong>gaudium</strong></span> <span class='ocrx_word' id='word_1_197' title='bbox 1777 2377 1936 2417; x_wconf 85' lang='lat' dir='ltr'><strong>versa</strong></span> 
     </span>
    </p>
   </div>
   <div class='ocr_carea' id='block_1_29' title="bbox 366 2447 1947 2522">
    <p class='ocr_par' dir='ltr' id='par_1_29' title="bbox 366 2447 1947 2522">
     <span class='ocr_line' id='line_1_29' title="bbox 366 2447 1947 2522; baseline 0.002 -21"><span class='ocrx_word' id='word_1_198' title='bbox 366 2447 628 2502; x_wconf 85' lang='lat' dir='ltr'><strong>insinuat.</strong></span> <span class='ocrx_word' id='word_1_199' title='bbox 659 2447 785 2504; x_wconf 84' lang='lat' dir='ltr'><strong>Olea</strong></span> <span class='ocrx_word' id='word_1_200' title='bbox 812 2465 964 2515; x_wconf 88' lang='lat' dir='ltr'><strong>vero,</strong></span> <span class='ocrx_word' id='word_1_201' title='bbox 997 2461 1222 2522; x_wconf 90' lang='lat' dir='ltr'><strong>propter</strong></span> <span class='ocrx_word' id='word_1_202' title='bbox 1269 2453 1375 2508; x_wconf 86' lang='lat' dir='ltr'><strong>olei</strong></span> <span class='ocrx_word' id='word_1_203' title='bbox 1406 2453 1666 2520; x_wconf 79' lang='lat' dir='ltr'><strong>fructum,</strong></span> <span class='ocrx_word' id='word_1_204' title='bbox 1696 2451 1947 2506; x_wconf 87' lang='lat' dir='ltr'><strong>intimam</strong></span> 
     </span>
    </p>
   </div>
   <div class='ocr_carea' id='block_1_30' title="bbox 366 2537 1951 2612">
    <p class='ocr_par' dir='ltr' id='par_1_30' title="bbox 366 2537 1951 2612">
     <span class='ocr_line' id='line_1_30' title="bbox 366 2537 1951 2612; baseline 0.003 -18"><span class='ocrx_word' id='word_1_205' title='bbox 366 2537 462 2594; x_wconf 92' lang='lat' dir='ltr'><strong>Dei</strong></span> <span class='ocrx_word' id='word_1_206' title='bbox 495 2540 927 2596; x_wconf 89' lang='lat' dir='ltr'><strong>misericordiam</strong></span> <span class='ocrx_word' id='word_1_207' title='bbox 953 2543 1265 2612; x_wconf 80' lang='lat' dir='ltr'><strong>signiﬁcat;</strong></span> <span class='ocrx_word' id='word_1_208' title='bbox 1298 2545 1409 2600; x_wconf 89' lang='lat' dir='ltr'><strong>Deo</strong></span> <span class='ocrx_word' id='word_1_209' title='bbox 1449 2559 1668 2600; x_wconf 89' lang='lat' dir='ltr'><strong>rursum</strong></span> <span class='ocrx_word' id='word_1_210' title='bbox 1704 2544 1951 2599; x_wconf 84' lang='lat' dir='ltr'><strong>homines</strong></span> 
     </span>
    </p>
   </div>
   <div class='ocr_carea' id='block_1_31' title="bbox 365 2623 1948 2704">
    <p class='ocr_par' dir='ltr' id='par_1_31' title="bbox 365 2623 1948 2704">
     <span class='ocr_line' id='line_1_31' title="bbox 365 2623 1948 2704; baseline 0.002 -21"><span class='ocrx_word' id='word_1_211' title='bbox 365 2631 432 2684; x_wconf 85' lang='lat' dir='ltr'><strong>ad</strong></span> <span class='ocrx_word' id='word_1_212' title='bbox 457 2630 791 2700; x_wconf 91' lang='lat' dir='ltr'><strong>impietatem</strong></span> <span class='ocrx_word' id='word_1_213' title='bbox 828 2643 951 2702; x_wconf 87' lang='lat' dir='ltr'><strong>post</strong></span> <span class='ocrx_word' id='word_1_214' title='bbox 1001 2634 1262 2689; x_wconf 86' lang='lat' dir='ltr'><strong>diluvium</strong></span> <span class='ocrx_word' id='word_1_215' title='bbox 1317 2623 1600 2704; x_wconf 76' lang='lat' dir='ltr'><strong>prolapsos</strong></span> <span class='ocrx_word' id='word_1_216' title='bbox 1657 2634 1948 2694; x_wconf 86' lang='lat' dir='ltr'><strong>tolerante,</strong></span> 
     </span>
    </p>
   </div>
   <div class='ocr_carea' id='block_1_32' title="bbox 365 2725 1945 2798">
    <p class='ocr_par' dir='ltr' id='par_1_32' title="bbox 365 2725 1945 2798">
     <span class='ocr_line' id='line_1_32' title="bbox 365 2725 1945 2798; baseline 0.006 -20"><span class='ocrx_word' id='word_1_217' title='bbox 365 2733 422 2779; x_wconf 91' lang='lat' dir='ltr'><strong>et</strong></span> <span class='ocrx_word' id='word_1_218' title='bbox 451 2725 705 2796; x_wconf 87' lang='lat' dir='ltr'><strong>dignante</strong></span> <span class='ocrx_word' id='word_1_219' title='bbox 753 2727 1080 2797; x_wconf 85' lang='lat' dir='ltr'><strong>quibusdam</strong></span> <span class='ocrx_word' id='word_1_220' title='bbox 1125 2728 1298 2798; x_wconf 82' lang='lat' dir='ltr'><strong>legem</strong></span> <span class='ocrx_word' id='word_1_221' title='bbox 1360 2729 1493 2783; x_wconf 87' lang='lat' dir='ltr'><strong>dare</strong></span> <span class='ocrx_word' id='word_1_222' title='bbox 1545 2736 1600 2782; x_wconf 92' lang='lat' dir='ltr'><strong>et</strong></span> <span class='ocrx_word' id='word_1_223' title='bbox 1658 2743 1945 2798; x_wconf 90' lang='lat' dir='ltr'><strong>apparere.</strong></span> 
     </span>
    </p>
   </div>
   <div class='ocr_carea' id='block_1_33' title="bbox 365 2815 1949 2889">
    <p class='ocr_par' dir='ltr' id='par_1_33' title="bbox 365 2815 1949 2889">
     <span class='ocr_line' id='line_1_33' title="bbox 365 2815 1949 2889; baseline 0.004 -20"><span class='ocrx_word' id='word_1_224' title='bbox 365 2815 650 2871; x_wconf 79' lang='lat' dir='ltr'><strong>Rhamnus</strong></span> <span class='ocrx_word' id='word_1_225' title='bbox 709 2826 892 2872; x_wconf 87' lang='lat' dir='ltr'><strong>autem</strong></span> <span class='ocrx_word' id='word_1_226' title='bbox 944 2817 1310 2889; x_wconf 86' lang='lat' dir='ltr'><strong>virginitatem</strong></span> <span class='ocrx_word' id='word_1_227' title='bbox 1367 2817 1614 2873; x_wconf 91' lang='lat' dir='ltr'><strong>denotat.</strong></span> <span class='ocrx_word' id='word_1_228' title='bbox 1664 2816 1949 2876; x_wconf 84' lang='lat' dir='ltr'><strong>Rhamnus</strong></span> 
     </span>
    </p>
   </div>
   <div class='ocr_carea' id='block_1_34' title="bbox 364 2909 1946 2982">
    <p class='ocr_par' dir='ltr' id='par_1_34' title="bbox 364 2909 1946 2982">
     <span class='ocr_line' id='line_1_34' title="bbox 364 2909 1946 2982; baseline 0.003 -21"><span class='ocrx_word' id='word_1_229' title='bbox 364 2909 512 2962; x_wconf 90' lang='lat' dir='ltr'><strong>enim</strong></span> <span class='ocrx_word' id='word_1_230' title='bbox 540 2909 705 2964; x_wconf 90' lang='lat' dir='ltr'><strong>arbor</strong></span> <span class='ocrx_word' id='word_1_231' title='bbox 730 2919 882 2966; x_wconf 88' lang='lat' dir='ltr'><strong>casta</strong></span> <span class='ocrx_word' id='word_1_232' title='bbox 913 2919 1020 2975; x_wconf 91' lang='lat' dir='ltr'><strong>est,</strong></span> <span class='ocrx_word' id='word_1_233' title='bbox 1059 2920 1113 2964; x_wconf 90' lang='lat' dir='ltr'><strong>et</strong></span> <span class='ocrx_word' id='word_1_234' title='bbox 1141 2909 1377 2966; x_wconf 83' lang='lat' dir='ltr'><strong>fortasse</strong></span> <span class='ocrx_word' id='word_1_235' title='bbox 1405 2925 1474 2964; x_wconf 82' lang='lat' dir='ltr'><strong>ex</strong></span> <span class='ocrx_word' id='word_1_236' title='bbox 1509 2912 1676 2966; x_wconf 88' lang='lat' dir='ltr'><strong>simili</strong></span> <span class='ocrx_word' id='word_1_237' title='bbox 1710 2914 1946 2982; x_wconf 84' lang='lat' dir='ltr'><strong>quadam</strong></span> 
     </span>
    </p>
   </div>
   <div class='ocr_carea' id='block_1_35' title="bbox 365 3001 1949 3075">
    <p class='ocr_par' dir='ltr' id='par_1_35' title="bbox 365 3001 1949 3075">
     <span class='ocr_line' id='line_1_35' title="bbox 365 3001 1949 3075; baseline 0.005 -23"><span class='ocrx_word' id='word_1_238' title='bbox 365 3015 489 3054; x_wconf 75' lang='lat' dir='ltr'><strong>cum</strong></span> <span class='ocrx_word' id='word_1_239' title='bbox 525 3001 738 3071; x_wconf 88' lang='lat' dir='ltr'><strong>virgine</strong></span> <span class='ocrx_word' id='word_1_240' title='bbox 793 3010 986 3057; x_wconf 91' lang='lat' dir='ltr'><strong>natura</strong></span> <span class='ocrx_word' id='word_1_241' title='bbox 1023 3005 1190 3073; x_wconf 88' lang='lat' dir='ltr'><strong>stirps</strong></span> <span class='ocrx_word' id='word_1_242' title='bbox 1217 3004 1354 3070; x_wconf 58' lang='lat' dir='ltr'><strong>,haac</strong></span> <span class='ocrx_word' id='word_1_243' title='bbox 1387 3004 1615 3074; x_wconf 80' lang='grc' dir='ltr'><strong>ῥάμνος,</strong></span> <span class='ocrx_word' id='word_1_244' title='bbox 1647 3005 1744 3058; x_wconf 78' lang='grc' dir='ltr'><strong>καὶ</strong></span> <span class='ocrx_word' id='word_1_245' title='bbox 1782 3006 1949 3075; x_wconf 84' lang='grc' dir='ltr'>ἄγνος</span> 
     </span>
    </p>
   </div>
   <div class='ocr_carea' id='block_1_36' title="bbox 365 3095 2020 3188">
    <p class='ocr_par' dir='ltr' id='par_1_36' title="bbox 365 3095 2020 3188">
     <span class='ocr_line' id='line_1_36' title="bbox 365 3095 2020 3188; baseline 0.005 -41"><span class='ocrx_word' id='word_1_246' title='bbox 365 3095 711 3188; x_wconf 85' lang='lat' dir='ltr'><strong>appellatur;</strong></span> <span class='ocrx_word' id='word_1_247' title='bbox 738 3096 1004 3152; x_wconf 87' lang='lat' dir='ltr'><strong>rhamnus</strong></span> <span class='ocrx_word' id='word_1_248' title='bbox 1033 3096 1254 3166; x_wconf 89' lang='lat' dir='ltr'><strong>quidem</strong></span> <span class='ocrx_word' id='word_1_249' title='bbox 1291 3107 1514 3166; x_wconf 89' lang='lat' dir='ltr'><strong>propter</strong></span> <span class='ocrx_word' id='word_1_250' title='bbox 1557 3099 1726 3152; x_wconf 88' lang='lat' dir='ltr'><strong>robur</strong></span> <span class='ocrx_word' id='word_1_251' title='bbox 1747 3110 1804 3154; x_wconf 94' lang='lat' dir='ltr'><strong>et</strong></span> <span class='ocrx_word' id='word_1_252' title='bbox 1833 3100 1946 3155; x_wconf 75' lang='grc' dir='ltr'>[οι-ο</span> <span class='ocrx_word' id='word_1_253' title='bbox 1973 3125 2020 3188; x_wconf 76' lang='lat' dir='ltr'><strong>C</strong></span> 
     </span>
    </p>
   </div>
   <div class='ocr_carea' id='block_1_37' title="bbox 371 3187 1946 3261">
    <p class='ocr_par' dir='ltr' id='par_1_37' title="bbox 371 3187 1946 3261">
     <span class='ocr_line' id='line_1_37' title="bbox 371 3187 1946 3261; baseline 0.004 -20"><span class='ocrx_word' id='word_1_254' title='bbox 371 3187 654 3242; x_wconf 89' lang='lat' dir='ltr'><strong>titudinem</strong></span> <span class='ocrx_word' id='word_1_255' title='bbox 707 3197 900 3244; x_wconf 90' lang='lat' dir='ltr'><strong>contra</strong></span> <span class='ocrx_word' id='word_1_256' title='bbox 942 3188 1286 3258; x_wconf 87' lang='lat' dir='ltr'><strong>voluptates,</strong></span> <span class='ocrx_word' id='word_1_257' title='bbox 1331 3189 1495 3259; x_wconf 81' lang='grc' dir='ltr'>ἄγνος</span> <span class='ocrx_word' id='word_1_258' title='bbox 1539 3190 1752 3261; x_wconf 85' lang='grc'><strong>(96-85)</strong></span> <span class='ocrx_word' id='word_1_259' title='bbox 1781 3208 1946 3258; x_wconf 91' lang='lat' dir='ltr'><strong>vero,</strong></span> 
     </span>
    </p>
   </div>
   <div class='ocr_carea' id='block_1_38' title="bbox 366 3282 1946 3354">
    <p class='ocr_par' dir='ltr' id='par_1_38' title="bbox 366 3282 1946 3354">
     <span class='ocr_line' id='line_1_38' title="bbox 366 3282 1946 3354; baseline 0.005 -20"><span class='ocrx_word' id='word_1_260' title='bbox 366 3282 510 3350; x_wconf 92' lang='lat' dir='ltr'><strong>quod</strong></span> <span class='ocrx_word' id='word_1_261' title='bbox 531 3282 676 3336; x_wconf 89' lang='lat' dir='ltr'><strong>omni</strong></span> <span class='ocrx_word' id='word_1_262' title='bbox 702 3297 772 3336; x_wconf 75' lang='lat' dir='ltr'><strong>ex</strong></span> <span class='ocrx_word' id='word_1_263' title='bbox 803 3293 956 3352; x_wconf 88' lang='lat' dir='ltr'><strong>parte</strong></span> <span class='ocrx_word' id='word_1_264' title='bbox 977 3292 1132 3339; x_wconf 89' lang='lat' dir='ltr'><strong>casta</strong></span> <span class='ocrx_word' id='word_1_265' title='bbox 1155 3295 1210 3340; x_wconf 88' lang='lat' dir='ltr'><strong>et</strong></span> <span class='ocrx_word' id='word_1_266' title='bbox 1239 3298 1373 3354; x_wconf 89' lang='lat' dir='ltr'><strong>pura</strong></span> <span class='ocrx_word' id='word_1_267' title='bbox 1401 3286 1490 3339; x_wconf 86' lang='lat' dir='ltr'><strong>sit.</strong></span> <span class='ocrx_word' id='word_1_268' title='bbox 1525 3283 1674 3341; x_wconf 90' lang='lat' dir='ltr'><strong>Unde</strong></span> <span class='ocrx_word' id='word_1_269' title='bbox 1696 3297 1750 3340; x_wconf 92' lang='lat' dir='ltr'><strong>et</strong></span> <span class='ocrx_word' id='word_1_270' title='bbox 1778 3286 1946 3342; x_wconf 90' lang='lat' dir='ltr'><strong>Eliam</strong></span> 
     </span>
    </p>
   </div>
   <div class='ocr_carea' id='block_1_39' title="bbox 369 3372 1946 3447">
    <p class='ocr_par' dir='ltr' id='par_1_39' title="bbox 369 3372 1946 3447">
     <span class='ocr_line' id='line_1_39' title="bbox 369 3372 1946 3447; baseline 0.006 -21"><span class='ocrx_word' id='word_1_271' title='bbox 369 3372 552 3428; x_wconf 80' lang='lat' dir='ltr'><strong>ferunt</strong></span> <span class='ocrx_word' id='word_1_272' title='bbox 603 3389 632 3428; x_wconf 91' lang='lat' dir='ltr'><strong>a</strong></span> <span class='ocrx_word' id='word_1_273' title='bbox 685 3373 828 3430; x_wconf 80' lang='lat' dir='ltr'><strong>facie</strong></span> <span class='ocrx_word' id='word_1_274' title='bbox 873 3372 1148 3432; x_wconf 83' lang='lat' dir='ltr'><strong>Jezabelis</strong></span> <span class='ocrx_word' id='word_1_275' title='bbox 1200 3377 1445 3432; x_wconf 88' lang='lat' dir='ltr'><strong>mulieris</strong></span> <span class='ocrx_word' id='word_1_276' title='bbox 1505 3376 1800 3447; x_wconf 82' lang='lat' dir='ltr'><strong>fugientem</strong></span> <span class='ocrx_word' id='word_1_277' title='bbox 1875 3379 1946 3435; x_wconf 89' lang='lat' dir='ltr'><strong>ad</strong></span> 
     </span>
    </p>
   </div>
   <div class='ocr_carea' id='block_1_40' title="bbox 369 3469 1948 3540">
    <p class='ocr_par' dir='ltr' id='par_1_40' title="bbox 369 3469 1948 3540">
     <span class='ocr_line' id='line_1_40' title="bbox 369 3469 1948 3540; baseline 0.003 -18"><span class='ocrx_word' id='word_1_278' title='bbox 369 3470 657 3523; x_wconf 87' lang='lat' dir='ltr'><strong>rhamnum</strong></span> <span class='ocrx_word' id='word_1_279' title='bbox 685 3469 918 3538; x_wconf 90' lang='lat' dir='ltr'><strong>primum</strong></span> <span class='ocrx_word' id='word_1_280' title='bbox 939 3470 1176 3535; x_wconf 83' lang='lat' dir='ltr'><strong>venisse,</strong></span> <span class='ocrx_word' id='word_1_281' title='bbox 1208 3478 1376 3540; x_wconf 89' lang='lat' dir='ltr'><strong>atque</strong></span> <span class='ocrx_word' id='word_1_282' title='bbox 1403 3470 1720 3525; x_wconf 81' lang='lat' dir='ltr'><strong>exauditum</strong></span> <span class='ocrx_word' id='word_1_283' title='bbox 1755 3470 1948 3540; x_wconf 83' lang='lat' dir='ltr'><strong>fuisse,</strong></span> 
     </span>
    </p>
   </div>
   <div class='ocr_carea' id='block_1_41' title="bbox 366 3557 1948 3632">
    <p class='ocr_par' dir='ltr' id='par_1_41' title="bbox 366 3557 1948 3632">
     <span class='ocr_line' id='line_1_41' title="bbox 366 3557 1948 3632; baseline 0.004 -19"><span class='ocrx_word' id='word_1_284' title='bbox 366 3557 660 3629; x_wconf 80' lang='lat' dir='ltr'><strong>cibumque</strong></span> <span class='ocrx_word' id='word_1_285' title='bbox 716 3561 1018 3630; x_wconf 90' lang='lat' dir='ltr'><strong>accepisse,</strong></span> <span class='ocrx_word' id='word_1_286' title='bbox 1075 3563 1203 3631; x_wconf 91' lang='lat' dir='ltr'><strong>quia</strong></span> <span class='ocrx_word' id='word_1_287' title='bbox 1262 3562 1598 3632; x_wconf 77' lang='lat' dir='ltr'><strong>fugientibus</strong></span> <span class='ocrx_word' id='word_1_288' title='bbox 1663 3564 1948 3620; x_wconf 88' lang='lat' dir='ltr'><strong>stimulum</strong></span> 
     </span>
    </p>
   </div>
   <div class='ocr_carea' id='block_1_42' title="bbox 365 3653 1949 3730">
    <p class='ocr_par' dir='ltr' id='par_1_42' title="bbox 365 3653 1949 3730">
     <span class='ocr_line' id='line_1_42' title="bbox 365 3653 1949 3730; baseline 0.006 -23"><span class='ocrx_word' id='word_1_289' title='bbox 365 3653 574 3716; x_wconf 86' lang='lat' dir='ltr'><strong>carnis,</strong></span> <span class='ocrx_word' id='word_1_290' title='bbox 621 3663 678 3708; x_wconf 90' lang='lat' dir='ltr'><strong>et</strong></span> <span class='ocrx_word' id='word_1_291' title='bbox 715 3653 1000 3719; x_wconf 81' lang='lat' dir='ltr'><strong>feminam,</strong></span> <span class='ocrx_word' id='word_1_292' title='bbox 1059 3665 1116 3710; x_wconf 89' lang='lat' dir='ltr'><strong>et</strong></span> <span class='ocrx_word' id='word_1_293' title='bbox 1149 3655 1510 3727; x_wconf 85' lang='lat' dir='ltr'><strong>voluptatem,</strong></span> <span class='ocrx_word' id='word_1_294' title='bbox 1544 3661 1852 3730; x_wconf 79' lang='lat' dir='ltr'><strong>perfugium</strong></span> <span class='ocrx_word' id='word_1_295' title='bbox 1889 3671 1949 3716; x_wconf 91' lang='lat' dir='ltr'><strong>et</strong></span> 
     </span>
    </p>
   </div>
   <div class='ocr_carea' id='block_1_43' title="bbox 366 3747 1950 3821">
    <p class='ocr_par' dir='ltr' id='par_1_43' title="bbox 366 3747 1950 3821">
     <span class='ocr_line' id='line_1_43' title="bbox 366 3747 1950 3821; baseline 0.005 -23"><span class='ocrx_word' id='word_1_296' title='bbox 366 3753 762 3814; x_wconf 86' lang='lat' dir='ltr'><strong>tegumentum,</strong></span> <span class='ocrx_word' id='word_1_297' title='bbox 797 3747 1072 3802; x_wconf 86' lang='lat' dir='ltr'><strong>castitatis</strong></span> <span class='ocrx_word' id='word_1_298' title='bbox 1095 3747 1307 3816; x_wconf 85' lang='lat' dir='ltr'><strong>lignum</strong></span> <span class='ocrx_word' id='word_1_299' title='bbox 1333 3749 1681 3817; x_wconf 86' lang='lat' dir='ltr'><strong>germinavit,</strong></span> <span class='ocrx_word' id='word_1_300' title='bbox 1712 3753 1858 3821; x_wconf 88' lang='lat' dir='ltr'><strong>quod</strong></span> <span class='ocrx_word' id='word_1_301' title='bbox 1878 3751 1950 3806; x_wconf 86' lang='lat' dir='ltr'><strong>ab</strong></span> 
     </span>
    </p>
   </div>
   <div class='ocr_carea' id='block_1_44' title="bbox 366 3838 1948 3914">
    <p class='ocr_par' dir='ltr' id='par_1_44' title="bbox 366 3838 1948 3914">
     <span class='ocr_line' id='line_1_44' title="bbox 366 3838 1948 3914; baseline 0.004 -23"><span class='ocrx_word' id='word_1_302' title='bbox 366 3841 602 3892; x_wconf 84' lang='lat' dir='ltr'><strong>adventu</strong></span> <span class='ocrx_word' id='word_1_303' title='bbox 664 3838 923 3908; x_wconf 82' lang='lat' dir='ltr'><strong>principis</strong></span> <span class='ocrx_word' id='word_1_304' title='bbox 975 3840 1247 3910; x_wconf 87' lang='lat' dir='ltr'><strong>virginum</strong></span> <span class='ocrx_word' id='word_1_305' title='bbox 1297 3838 1526 3907; x_wconf 86' lang='lat' dir='ltr'><strong>Christi,</strong></span> <span class='ocrx_word' id='word_1_306' title='bbox 1587 3859 1813 3914; x_wconf 88' lang='lat' dir='ltr'><strong>regnum</strong></span> <span class='ocrx_word' id='word_1_307' title='bbox 1893 3845 1948 3899; x_wconf 91' lang='lat' dir='ltr'><strong>in</strong></span> 
     </span>
    </p>
   </div>
   <div class='ocr_carea' id='block_1_45' title="bbox 366 3925 1948 4000">
    <p class='ocr_par' dir='ltr' id='par_1_45' title="bbox 366 3925 1948 4000">
     <span class='ocr_line' id='line_1_45' title="bbox 366 3925 1948 4000; baseline 0.002 -15"><span class='ocrx_word' id='word_1_308' title='bbox 366 3925 620 3985; x_wconf 84' lang='lat' dir='ltr'><strong>homines</strong></span> <span class='ocrx_word' id='word_1_309' title='bbox 643 3928 891 3983; x_wconf 84' lang='lat' dir='ltr'><strong>obtinuit</strong></span> <span class='ocrx_word' id='word_1_310' title='bbox 911 3928 1050 4000; x_wconf 79' lang='lat'><strong>(86).</strong></span> <span class='ocrx_word' id='word_1_311' title='bbox 1082 3928 1198 3985; x_wconf 90' lang='lat' dir='ltr'><strong>Hoc</strong></span> <span class='ocrx_word' id='word_1_312' title='bbox 1230 3931 1378 3985; x_wconf 91' lang='lat' dir='ltr'><strong>enim</strong></span> <span class='ocrx_word' id='word_1_313' title='bbox 1420 3934 1641 3987; x_wconf 92' lang='lat' dir='ltr'><strong>unicum</strong></span> <span class='ocrx_word' id='word_1_314' title='bbox 1677 3933 1948 3988; x_wconf 85' lang='lat' dir='ltr'><strong>castitatis</strong></span> 
     </span>
    </p>
   </div>
   <div class='ocr_carea' id='block_1_46' title="bbox 371 4021 1948 4096">
    <p class='ocr_par' dir='ltr' id='par_1_46' title="bbox 371 4021 1948 4096">
     <span class='ocr_line' id='line_1_46' title="bbox 371 4021 1948 4096; baseline 0.004 -22"><span class='ocrx_word' id='word_1_315' title='bbox 371 4034 625 4090; x_wconf 86' lang='lat' dir='ltr'><strong>regnum,</strong></span> <span class='ocrx_word' id='word_1_316' title='bbox 686 4021 844 4090; x_wconf 79' lang='lat' dir='ltr'><strong>cujus</strong></span> <span class='ocrx_word' id='word_1_317' title='bbox 892 4022 1044 4093; x_wconf 84' lang='lat' dir='ltr'><strong>ipsos</strong></span> <span class='ocrx_word' id='word_1_318' title='bbox 1099 4037 1378 4093; x_wconf 88' lang='lat' dir='ltr'><strong>nunquam</strong></span> <span class='ocrx_word' id='word_1_319' title='bbox 1452 4026 1765 4093; x_wconf 78' lang='lat' dir='ltr'><strong>paeniteret,</strong></span> <span class='ocrx_word' id='word_1_320' title='bbox 1824 4035 1948 4096; x_wconf 89' lang='lat' dir='ltr'><strong>post</strong></span> 
     </span>
    </p>
   </div>
   <div class='ocr_carea' id='block_1_47' title="bbox 361 4104 1946 4187">
    <p class='ocr_par' dir='ltr' id='par_1_47' title="bbox 361 4104 1946 4187">
     <span class='ocr_line' id='line_1_47' title="bbox 361 4104 1946 4187; baseline 0.006 -25"><span class='ocrx_word' id='word_1_321' title='bbox 361 4104 567 4163; x_wconf 87' lang='lat' dir='ltr'><strong>Christi</strong></span> <span class='ocrx_word' id='word_1_322' title='bbox 593 4108 882 4164; x_wconf 87' lang='lat' dir='ltr'><strong>adventum</strong></span> <span class='ocrx_word' id='word_1_323' title='bbox 911 4109 1264 4181; x_wconf 86' lang='lat' dir='ltr'><strong>arripuerunt</strong></span> <span class='ocrx_word' id='word_1_324' title='bbox 1293 4112 1562 4182; x_wconf 86' lang='lat' dir='ltr'><strong>homines,</strong></span> <span class='ocrx_word' id='word_1_325' title='bbox 1593 4130 1715 4171; x_wconf 91' lang='lat' dir='ltr'><strong>cum</strong></span> <span class='ocrx_word' id='word_1_326' title='bbox 1753 4117 1946 4187; x_wconf 87' lang='lat' dir='ltr'><strong>singu-</strong></span> 
     </span>
    </p>
   </div>
   <div class='ocr_carea' id='block_1_48' title="bbox 365 4196 1945 4278">
    <p class='ocr_par' dir='ltr' id='par_1_48' title="bbox 365 4196 1945 4278">
     <span class='ocr_line' id='line_1_48' title="bbox 365 4196 1945 4278; baseline 0.009 -28"><span class='ocrx_word' id='word_1_327' title='bbox 365 4196 540 4251; x_wconf 90' lang='lat' dir='ltr'><strong>lorum</strong></span> <span class='ocrx_word' id='word_1_328' title='bbox 595 4199 850 4266; x_wconf 83' lang='lat' dir='ltr'><strong>aliorum,</strong></span> <span class='ocrx_word' id='word_1_329' title='bbox 899 4204 1100 4272; x_wconf 87' lang='lat' dir='ltr'><strong>quibus</strong></span> <span class='ocrx_word' id='word_1_330' title='bbox 1157 4204 1301 4261; x_wconf 71' lang='lat' dir='ltr'><strong>data:</strong></span> <span class='ocrx_word' id='word_1_331' title='bbox 1344 4206 1564 4263; x_wconf 79' lang='lat' dir='ltr'><strong>fuerant</strong></span> <span class='ocrx_word' id='word_1_332' title='bbox 1626 4209 1773 4278; x_wconf 86' lang='lat' dir='ltr'><strong>leges</strong></span> <span class='ocrx_word' id='word_1_333' title='bbox 1816 4219 1945 4265; x_wconf 83' lang='lat' dir='ltr'><strong>ante</strong></span> 
     </span>
    </p>
   </div>
   <div class='ocr_carea' id='block_1_49' title="bbox 2060 877 3657 960">
    <p class='ocr_par' dir='ltr' id='par_1_49' title="bbox 2060 877 3657 960">
     <span class='ocr_line' id='line_1_49' title="bbox 2060 877 3657 960; baseline -0.009 -17"><span class='ocrx_word' id='word_1_334' title='bbox 2060 888 2275 960; x_wconf 80' lang='grc' dir='ltr'><strong>δοθείσῃ</strong></span> <span class='ocrx_word' id='word_1_335' title='bbox 2322 886 2402 959; x_wconf 82' lang='grc' dir='ltr'>τῷ</span> <span class='ocrx_word' id='word_1_336' title='bbox 2448 884 2721 956; x_wconf 83' lang='grc' dir='ltr'>ἀνθρώπῳ</span> <span class='ocrx_word' id='word_1_337' title='bbox 2763 881 2951 953; x_wconf 80' lang='grc' dir='ltr'><strong>ἐντολῇ</strong></span> <span class='ocrx_word' id='word_1_338' title='bbox 2972 921 2987 942; x_wconf 86' lang='grc'><strong>,</strong></span> <span class='ocrx_word' id='word_1_339' title='bbox 3019 879 3208 949; x_wconf 74' lang='grc' dir='ltr'>ἐπειδὴ</span> <span class='ocrx_word' id='word_1_340' title='bbox 3237 878 3336 950; x_wconf 79' lang='grc' dir='ltr'>τὴν</span> <span class='ocrx_word' id='word_1_341' title='bbox 3367 877 3657 948; x_wconf 83' lang='grc' dir='ltr'><strong>γύμνωσιν</strong></span> 
     </span>
    </p>
   </div>
   <div class='ocr_carea' id='block_1_50' title="bbox 2060 968 3657 1051">
    <p class='ocr_par' dir='ltr' id='par_1_50' title="bbox 2060 968 3657 1051">
     <span class='ocr_line' id='line_1_50' title="bbox 2060 968 3657 1051; baseline -0.008 -16"><span class='ocrx_word' id='word_1_342' title='bbox 2060 978 2366 1051; x_wconf 83' lang='grc' dir='ltr'>ἀπατηθεὶς</span> <span class='ocrx_word' id='word_1_343' title='bbox 2391 970 2548 1040; x_wconf 78' lang='grc' dir='ltr'>οὗτος</span> <span class='ocrx_word' id='word_1_344' title='bbox 2579 974 2830 1036; x_wconf 82' lang='grc' dir='ltr'><strong>πετάλοις</strong></span> <span class='ocrx_word' id='word_1_345' title='bbox 2863 970 3175 1041; x_wconf 75' lang='grc' dir='ltr'>ὲπεκάλυψε</span> <span class='ocrx_word' id='word_1_346' title='bbox 3205 969 3377 1040; x_wconf 82' lang='grc' dir='ltr'><strong>συκῆς</strong></span> <span class='ocrx_word' id='word_1_347' title='bbox 3401 986 3417 1001; x_wconf 87' lang='grc'><strong>·</strong></span> <span class='ocrx_word' id='word_1_348' title='bbox 3446 969 3549 1039; x_wconf 78' lang='grc' dir='ltr'>τὴν</span> <span class='ocrx_word' id='word_1_349' title='bbox 3594 968 3657 1022; x_wconf 85' lang='grc' dir='ltr'>δὲ</span> 
     </span>
    </p>
   </div>
   <div class='ocr_carea' id='block_1_51' title="bbox 2060 1060 3660 1142">
    <p class='ocr_par' dir='ltr' id='par_1_51' title="bbox 2060 1060 3660 1142">
     <span class='ocr_line' id='line_1_51' title="bbox 2060 1060 3660 1142; baseline -0.009 -14"><span class='ocrx_word' id='word_1_350' title='bbox 2060 1071 2306 1142; x_wconf 81' lang='grc' dir='ltr'>ἄμπελον</span> <span class='ocrx_word' id='word_1_351' title='bbox 2337 1071 2404 1140; x_wconf 80' lang='grc' dir='ltr'>τῇ</span> <span class='ocrx_word' id='word_1_352' title='bbox 2440 1069 2532 1121; x_wconf 69' lang='grc' dir='ltr'><strong>ἐπὶ</strong></span> <span class='ocrx_word' id='word_1_353' title='bbox 2559 1065 2655 1121; x_wconf 90' lang='grc' dir='ltr'><strong>τοῦ</strong></span> <span class='ocrx_word' id='word_1_354' title='bbox 2689 1062 3084 1134; x_wconf 77' lang='grc' dir='ltr'><strong>κατακλυσμοῦ</strong></span> <span class='ocrx_word' id='word_1_355' title='bbox 3124 1062 3201 1133; x_wconf 84' lang='grc' dir='ltr'>τῷ</span> <span class='ocrx_word' id='word_1_356' title='bbox 3223 1062 3270 1094; x_wconf 83' lang='grc'>³⁸</span> <span class='ocrx_word' id='word_1_357' title='bbox 3298 1061 3446 1124; x_wconf 86' lang='grc' dir='ltr'>Νῶε,</span> <span class='ocrx_word' id='word_1_358' title='bbox 3477 1060 3569 1114; x_wconf 80' lang='grc' dir='ltr'><strong>διὰ</strong></span> <span class='ocrx_word' id='word_1_359' title='bbox 3593 1061 3660 1114; x_wconf 82' lang='grc' dir='ltr'><strong>τὸ</strong></span> 
     </span>
    </p>
   </div>
   <div class='ocr_carea' id='block_1_52' title="bbox 2057 1154 3657 1236">
    <p class='ocr_par' dir='ltr' id='par_1_52' title="bbox 2057 1154 3657 1236">
     <span class='ocr_line' id='line_1_52' title="bbox 2057 1154 3657 1236; baseline -0.009 -16"><span class='ocrx_word' id='word_1_360' title='bbox 2057 1166 2188 1236; x_wconf 79' lang='grc' dir='ltr'>οἴνῳ</span> <span class='ocrx_word' id='word_1_361' title='bbox 2209 1162 2575 1236; x_wconf 80' lang='grc' dir='ltr'>χλευασθέντα</span> <span class='ocrx_word' id='word_1_362' title='bbox 2605 1158 2971 1230; x_wconf 84' lang='grc' dir='ltr'>κοιμηθῆναι·</span> <span class='ocrx_word' id='word_1_363' title='bbox 3001 1157 3102 1228; x_wconf 84' lang='grc' dir='ltr'>τὴν</span> <span class='ocrx_word' id='word_1_364' title='bbox 3125 1155 3182 1209; x_wconf 81' lang='grc' dir='ltr'>δὲ</span> <span class='ocrx_word' id='word_1_365' title='bbox 3214 1155 3401 1208; x_wconf 78' lang='grc' dir='ltr'>ἐλαίαν</span> <span class='ocrx_word' id='word_1_366' title='bbox 3419 1157 3485 1226; x_wconf 79' lang='grc' dir='ltr'>τῇ</span> <span class='ocrx_word' id='word_1_367' title='bbox 3509 1154 3657 1208; x_wconf 68' lang='grc' dir='ltr'>κατὰ</span> 
     </span>
    </p>
   </div>
   <div class='ocr_carea' id='block_1_53' title="bbox 2056 1247 3654 1331">
    <p class='ocr_par' dir='ltr' id='par_1_53' title="bbox 2056 1247 3654 1331">
     <span class='ocr_line' id='line_1_53' title="bbox 2056 1247 3654 1331; baseline -0.008 -19"><span class='ocrx_word' id='word_1_368' title='bbox 2056 1259 2157 1331; x_wconf 82' lang='grc' dir='ltr'>τὴν</span> <span class='ocrx_word' id='word_1_369' title='bbox 2183 1257 2386 1331; x_wconf 81' lang='grc' dir='ltr'>ἔρημον</span> <span class='ocrx_word' id='word_1_370' title='bbox 2406 1255 2485 1326; x_wconf 84' lang='grc' dir='ltr'>τῷ</span> <span class='ocrx_word' id='word_1_371' title='bbox 2512 1255 2721 1324; x_wconf 78' lang='grc' dir='ltr'>Μωῡσῇ</span> <span class='ocrx_word' id='word_1_372' title='bbox 2739 1253 2807 1314; x_wconf 86' lang='grc'><strong>³⁷,</strong></span> <span class='ocrx_word' id='word_1_373' title='bbox 2836 1249 3026 1321; x_wconf 77' lang='grc' dir='ltr'>ἐπειδὴ</span> <span class='ocrx_word' id='word_1_374' title='bbox 3055 1248 3117 1302; x_wconf 87' lang='grc' dir='ltr'><strong>τὸ</strong></span> <span class='ocrx_word' id='word_1_375' title='bbox 3143 1247 3393 1320; x_wconf 82' lang='grc' dir='ltr'>χάρισμα</span> <span class='ocrx_word' id='word_1_376' title='bbox 3419 1247 3480 1299; x_wconf 83' lang='grc' dir='ltr'><strong>τὸ</strong></span> <span class='ocrx_word' id='word_1_377' title='bbox 3507 1263 3654 1317; x_wconf 89' lang='grc' dir='ltr'>προ-</span> 
     </span>
    </p>
   </div>
   <div class='ocr_carea' id='block_1_54' title="bbox 2057 1338 3662 1423">
    <p class='ocr_par' dir='ltr' id='par_1_54' title="bbox 2057 1338 3662 1423">
     <span class='ocr_line' id='line_1_54' title="bbox 2057 1338 3662 1423; baseline -0.01 -18"><span class='ocrx_word' id='word_1_378' title='bbox 2057 1352 2310 1423; x_wconf 82' lang='grc' dir='ltr'>φητικὸν,</span> <span class='ocrx_word' id='word_1_379' title='bbox 2352 1349 2414 1403; x_wconf 83' lang='grc' dir='ltr'><strong>τὸ</strong></span> <span class='ocrx_word' id='word_1_380' title='bbox 2467 1347 2646 1401; x_wconf 76' lang='grc' dir='ltr'>ἔλαιον</span> <span class='ocrx_word' id='word_1_381' title='bbox 2690 1345 2752 1398; x_wconf 75' lang='grc' dir='ltr'>τὸ</span> <span class='ocrx_word' id='word_1_382' title='bbox 2799 1346 2958 1413; x_wconf 79' lang='grc' dir='ltr'>άγιον</span> <span class='ocrx_word' id='word_1_383' title='bbox 2981 1385 2996 1407; x_wconf 95' lang='grc'><strong>,</strong></span> <span class='ocrx_word' id='word_1_384' title='bbox 3030 1341 3426 1410; x_wconf 84' lang='grc' dir='ltr'>ἁνομησάντων</span> <span class='ocrx_word' id='word_1_385' title='bbox 3469 1338 3662 1392; x_wconf 78' lang='grc' dir='ltr'>αὐτῶν</span> 
     </span>
    </p>
   </div>
   <div class='ocr_carea' id='block_1_55' title="bbox 2056 1429 3662 1510">
    <p class='ocr_par' dir='ltr' id='par_1_55' title="bbox 2056 1429 3662 1510">
     <span class='ocr_line' id='line_1_55' title="bbox 2056 1429 3662 1510; baseline -0.009 -14"><span class='ocrx_word' id='word_1_386' title='bbox 2056 1442 2365 1498; x_wconf 78' lang='grc' dir='ltr'>ἐκλελοίπει</span> <span class='ocrx_word' id='word_1_387' title='bbox 2394 1438 2496 1510; x_wconf 85' lang='grc' dir='ltr'>τῆς</span> <span class='ocrx_word' id='word_1_388' title='bbox 2536 1437 2931 1509; x_wconf 82' lang='grc' dir='ltr'>κληρονομίαςο</span> <span class='ocrx_word' id='word_1_389' title='bbox 2963 1435 3065 1506; x_wconf 80' lang='grc' dir='ltr'>τὴν</span> <span class='ocrx_word' id='word_1_390' title='bbox 3107 1433 3165 1486; x_wconf 79' lang='grc' dir='ltr'><strong>δὲ</strong></span> <span class='ocrx_word' id='word_1_391' title='bbox 3197 1433 3400 1505; x_wconf 79' lang='grc' dir='ltr'>ῥάμνον</span> <span class='ocrx_word' id='word_1_392' title='bbox 3441 1434 3507 1504; x_wconf 77' lang='grc' dir='ltr'>τῇ</span> <span class='ocrx_word' id='word_1_393' title='bbox 3559 1429 3662 1482; x_wconf 75' lang='grc' dir='ltr'><strong>ἐπὶ</strong></span> 
     </span>
    </p>
   </div>
   <div class='ocr_carea' id='block_1_56' title="bbox 2061 1521 3664 1605">
    <p class='ocr_par' dir='ltr' id='par_1_56' title="bbox 2061 1521 3664 1605">
     <span class='ocr_line' id='line_1_56' title="bbox 2061 1521 3664 1605; baseline -0.011 -16"><span class='ocrx_word' id='word_1_394' title='bbox 2061 1535 2162 1605; x_wconf 83' lang='grc' dir='ltr'>τῆς</span> <span class='ocrx_word' id='word_1_395' title='bbox 2195 1533 2469 1604; x_wconf 85' lang='grc' dir='ltr'>σωτηρίας</span> <span class='ocrx_word' id='word_1_396' title='bbox 2487 1530 2532 1564; x_wconf 82' lang='grc'><strong>³⁸</strong></span> <span class='ocrx_word' id='word_1_397' title='bbox 2555 1529 2653 1583; x_wconf 92' lang='grc' dir='ltr'><strong>τοῦ</strong></span> <span class='ocrx_word' id='word_1_398' title='bbox 2688 1528 2896 1599; x_wconf 83' lang='grc' dir='ltr'>κόσμου</span> <span class='ocrx_word' id='word_1_399' title='bbox 2923 1529 3037 1589; x_wconf 84' lang='grc' dir='ltr'>τοῖς</span> <span class='ocrx_word' id='word_1_400' title='bbox 3062 1524 3406 1586; x_wconf 82' lang='grc' dir='ltr'>ἀποστόλοις,</span> <span class='ocrx_word' id='word_1_401' title='bbox 3433 1521 3664 1592; x_wconf 77' lang='grc' dir='ltr'>ἐπειδή-</span> 
     </span>
    </p>
   </div>
   <div class='ocr_carea' id='block_1_57' title="bbox 2052 1613 3663 1701">
    <p class='ocr_par' dir='ltr' id='par_1_57' title="bbox 2052 1613 3663 1701">
     <span class='ocr_line' id='line_1_57' title="bbox 2052 1613 3663 1701; baseline -0.012 -15"><span class='ocrx_word' id='word_1_402' title='bbox 2052 1647 2160 1701; x_wconf 88' lang='grc' dir='ltr'><strong>περ</strong></span> <span class='ocrx_word' id='word_1_403' title='bbox 2181 1629 2248 1682; x_wconf 83' lang='grc' dir='ltr'>δι’</span> <span class='ocrx_word' id='word_1_404' title='bbox 2279 1627 2463 1684; x_wconf 78' lang='grc' dir='ltr'>αὐτῶν</span> <span class='ocrx_word' id='word_1_405' title='bbox 2485 1624 2840 1696; x_wconf 72' lang='grc' dir='ltr'>ἐδιδάχθημεν</span> <span class='ocrx_word' id='word_1_406' title='bbox 2883 1620 3125 1691; x_wconf 83' lang='grc' dir='ltr'>ἁγνείαν,</span> <span class='ocrx_word' id='word_1_407' title='bbox 3143 1613 3211 1692; x_wconf 78' lang='grc' dir='ltr'>ἧς</span> <span class='ocrx_word' id='word_1_408' title='bbox 3233 1615 3513 1688; x_wconf 80' lang='grc' dir='ltr'>ἀπατηλὸν</span> <span class='ocrx_word' id='word_1_409' title='bbox 3557 1613 3663 1701; x_wconf 70' lang='grc' dir='ltr'>μ.όῖ</span> 
     </span>
    </p>
   </div>
   <div class='ocr_carea' id='block_1_58' title="bbox 2051 1695 3663 1798">
    <p class='ocr_par' dir='ltr' id='par_1_58' title="bbox 2051 1695 3663 1798">
     <span class='ocr_line' id='line_1_58' title="bbox 2051 1695 3663 1798; baseline -0.012 -17"><span class='ocrx_word' id='word_1_410' title='bbox 2051 1695 2149 1798; x_wconf 79' lang='grc' dir='ltr'><strong>νης</strong></span> <span class='ocrx_word' id='word_1_411' title='bbox 2177 1724 2393 1779; x_wconf 74' lang='grc' dir='ltr'>εἴδωλον</span> <span class='ocrx_word' id='word_1_412' title='bbox 2418 1723 2448 1775; x_wconf 87' lang='grc' dir='ltr'>ὁ</span> <span class='ocrx_word' id='word_1_413' title='bbox 2472 1721 2715 1782; x_wconf 84' lang='grc' dir='ltr'>διάϐολος</span> <span class='ocrx_word' id='word_1_414' title='bbox 2726 1695 2834 1771; x_wconf 81' lang='grc' dir='ltr'><strong>οὐκ</strong></span> <span class='ocrx_word' id='word_1_415' title='bbox 2864 1714 3050 1786; x_wconf 76' lang='grc' dir='ltr'>ἴσχυσε</span> <span class='ocrx_word' id='word_1_416' title='bbox 3081 1711 3364 1766; x_wconf 83' lang='grc' dir='ltr'>σκευάσαι.</span> <span class='ocrx_word' id='word_1_417' title='bbox 3401 1707 3531 1780; x_wconf 72' lang='grc'>[964</span> <span class='ocrx_word' id='word_1_418' title='bbox 3557 1695 3663 1772; x_wconf 64' lang='grc'><strong>8.]</strong></span> 
     </span>
    </p>
   </div>
   <div class='ocr_carea' id='block_1_59' title="bbox 2055 1799 3656 1888">
    <p class='ocr_par' dir='ltr' id='par_1_59' title="bbox 2055 1799 3656 1888">
     <span class='ocr_line' id='line_1_59' title="bbox 2055 1799 3656 1888; baseline -0.015 -14"><span class='ocrx_word' id='word_1_419' title='bbox 2055 1818 2162 1874; x_wconf 77' lang='grc' dir='ltr'>Καὶ</span> <span class='ocrx_word' id='word_1_420' title='bbox 2194 1817 2284 1872; x_wconf 85' lang='grc' dir='ltr'><strong>διὰ</strong></span> <span class='ocrx_word' id='word_1_421' title='bbox 2321 1815 2479 1869; x_wconf 89' lang='grc' dir='ltr'>τοῦτο</span> <span class='ocrx_word' id='word_1_422' title='bbox 2524 1813 2619 1866; x_wconf 69' lang='grc' dir='ltr'><strong>καὶ</strong></span> <span class='ocrx_word' id='word_1_423' title='bbox 2648 1807 2958 1878; x_wconf 78' lang='grc' dir='ltr'>Εὑαγγέλια</span> <span class='ocrx_word' id='word_1_424' title='bbox 3001 1805 3243 1876; x_wconf 82' lang='grc' dir='ltr'>τέσσαρα</span> <span class='ocrx_word' id='word_1_425' title='bbox 3262 1799 3656 1888; x_wconf 79' lang='grc' dir='ltr'>παραδέδοται,</span> 
     </span>
    </p>
   </div>
   <div class='ocr_carea' id='block_1_60' title="bbox 2052 1893 3654 1981">
    <p class='ocr_par' dir='ltr' id='par_1_60' title="bbox 2052 1893 3654 1981">
     <span class='ocr_line' id='line_1_60' title="bbox 2052 1893 3654 1981; baseline -0.012 -17"><span class='ocrx_word' id='word_1_426' title='bbox 2052 1909 2308 1981; x_wconf 84' lang='grc' dir='ltr'>τετράκις</span> <span class='ocrx_word' id='word_1_427' title='bbox 2329 1899 2824 1974; x_wconf 80' lang='grc' dir='ltr'>εὐαγγελισαμένου</span> <span class='ocrx_word' id='word_1_428' title='bbox 2846 1898 2940 1954; x_wconf 88' lang='grc' dir='ltr'><strong>τοῦ</strong></span> <span class='ocrx_word' id='word_1_429' title='bbox 2962 1897 3096 1951; x_wconf 85' lang='grc' dir='ltr'>Θεοῦ</span> <span class='ocrx_word' id='word_1_430' title='bbox 3123 1897 3224 1967; x_wconf 81' lang='grc' dir='ltr'>τὴν</span> <span class='ocrx_word' id='word_1_431' title='bbox 3247 1893 3654 1981; x_wconf 76' lang='grc' dir='ltr'>ἀνθρωπότητα</span> 
     </span>
    </p>
   </div>
   <div class='ocr_carea' id='block_1_61' title="bbox 2054 1979 3655 2068">
    <p class='ocr_par' dir='ltr' id='par_1_61' title="bbox 2054 1979 3655 2068">
     <span class='ocr_line' id='line_1_61' title="bbox 2054 1979 3655 2068; baseline -0.016 -10"><span class='ocrx_word' id='word_1_432' title='bbox 2054 1979 2160 2058; x_wconf 60' lang='grc' dir='ltr'><strong>καί</strong></span> <span class='ocrx_word' id='word_1_433' title='bbox 2184 1997 2707 2068; x_wconf 83' lang='grc' dir='ltr'>παιδαγωγήσαντος</span> <span class='ocrx_word' id='word_1_434' title='bbox 2737 1992 2963 2064; x_wconf 88' lang='grc' dir='ltr'>τέτρασι</span> <span class='ocrx_word' id='word_1_435' title='bbox 2978 1991 3020 2023; x_wconf 82' lang='grc'>³³</span> <span class='ocrx_word' id='word_1_436' title='bbox 3047 1988 3255 2058; x_wconf 87' lang='grc' dir='ltr'>νόμοις,</span> <span class='ocrx_word' id='word_1_437' title='bbox 3280 1979 3356 2040; x_wconf 82' lang='grc' dir='ltr'>ὧν</span> <span class='ocrx_word' id='word_1_438' title='bbox 3380 1985 3430 2037; x_wconf 88' lang='grc' dir='ltr'><strong>οί</strong></span> <span class='ocrx_word' id='word_1_439' title='bbox 3460 1983 3655 2053; x_wconf 74' lang='grc' dir='ltr'>καιροὶ</span> 
     </span>
    </p>
   </div>
   <div class='ocr_carea' id='block_1_62' title="bbox 2055 2075 3656 2162">
    <p class='ocr_par' dir='ltr' id='par_1_62' title="bbox 2055 2075 3656 2162">
     <span class='ocr_line' id='line_1_62' title="bbox 2055 2075 3656 2162; baseline -0.012 -14"><span class='ocrx_word' id='word_1_440' title='bbox 2055 2093 2243 2162; x_wconf 84' lang='grc' dir='ltr'>σαφῶς</span> <span class='ocrx_word' id='word_1_441' title='bbox 2265 2091 2373 2146; x_wconf 85' lang='grc' dir='ltr'>ἀπὸ</span> <span class='ocrx_word' id='word_1_442' title='bbox 2396 2090 2492 2159; x_wconf 83' lang='grc' dir='ltr'><strong>τῆς</strong></span> <span class='ocrx_word' id='word_1_443' title='bbox 2517 2087 2909 2158; x_wconf 85' lang='grc' dir='ltr'>διαφορότητος</span> <span class='ocrx_word' id='word_1_444' title='bbox 2939 2081 3225 2153; x_wconf 82' lang='grc' dir='ltr'>δηλοῦνται</span> <span class='ocrx_word' id='word_1_445' title='bbox 3255 2079 3364 2134; x_wconf 90' lang='grc' dir='ltr'><strong>τῶν</strong></span> <span class='ocrx_word' id='word_1_446' title='bbox 3393 2075 3656 2149; x_wconf 82' lang='grc' dir='ltr'>καρπῶν.</span> 
     </span>
    </p>
   </div>
   <div class='ocr_carea' id='block_1_63' title="bbox 2062 2169 3660 2258">
    <p class='ocr_par' dir='ltr' id='par_1_63' title="bbox 2062 2169 3660 2258">
     <span class='ocr_line' id='line_1_63' title="bbox 2062 2169 3660 2258; baseline -0.013 -17"><span class='ocrx_word' id='word_1_447' title='bbox 2062 2187 2130 2240; x_wconf 90' lang='grc' dir='ltr'><strong>Ἦ</strong></span> <span class='ocrx_word' id='word_1_448' title='bbox 2153 2186 2251 2258; x_wconf 81' lang='grc' dir='ltr'><strong>μὲν</strong></span> <span class='ocrx_word' id='word_1_449' title='bbox 2272 2182 2382 2254; x_wconf 88' lang='grc' dir='ltr'><strong>γὰρ</strong></span> <span class='ocrx_word' id='word_1_450' title='bbox 2412 2181 2551 2251; x_wconf 84' lang='grc' dir='ltr'>συκῆ</span> <span class='ocrx_word' id='word_1_451' title='bbox 2570 2180 2659 2234; x_wconf 79' lang='grc' dir='ltr'><strong>διά</strong></span> <span class='ocrx_word' id='word_1_452' title='bbox 2677 2179 2775 2246; x_wconf 79' lang='grc' dir='ltr'>τὴν</span> <span class='ocrx_word' id='word_1_453' title='bbox 2799 2176 3104 2247; x_wconf 88' lang='grc' dir='ltr'>γλυκασίαν</span> <span class='ocrx_word' id='word_1_454' title='bbox 3134 2175 3230 2228; x_wconf 83' lang='grc' dir='ltr'><strong>καὶ</strong></span> <span class='ocrx_word' id='word_1_455' title='bbox 3252 2173 3353 2246; x_wconf 79' lang='grc' dir='ltr'><strong>τὴν</strong></span> <span class='ocrx_word' id='word_1_456' title='bbox 3375 2170 3588 2243; x_wconf 77' lang='grc' dir='ltr'>τρυφὴν</span> <span class='ocrx_word' id='word_1_457' title='bbox 3604 2169 3660 2202; x_wconf 62' lang='grc' dir='ltr'><strong>ι’</strong></span> 
     </span>
    </p>
   </div>
   <div class='ocr_carea' id='block_1_64' title="bbox 2050 2265 3656 2351">
    <p class='ocr_par' dir='ltr' id='par_1_64' title="bbox 2050 2265 3656 2351">
     <span class='ocr_line' id='line_1_64' title="bbox 2050 2265 3656 2351; baseline -0.01 -18"><span class='ocrx_word' id='word_1_458' title='bbox 2050 2278 2150 2351; x_wconf 78' lang='grc' dir='ltr'>τὴν</span> <span class='ocrx_word' id='word_1_459' title='bbox 2193 2277 2301 2349; x_wconf 87' lang='grc' dir='ltr'><strong>πρὸ</strong></span> <span class='ocrx_word' id='word_1_460' title='bbox 2343 2276 2442 2346; x_wconf 86' lang='grc' dir='ltr'><strong>τῆς</strong></span> <span class='ocrx_word' id='word_1_461' title='bbox 2492 2271 2861 2345; x_wconf 86' lang='grc' dir='ltr'>παραϐάσεως</span> <span class='ocrx_word' id='word_1_462' title='bbox 2887 2269 2980 2324; x_wconf 91' lang='grc' dir='ltr'><strong>τοῦ</strong></span> <span class='ocrx_word' id='word_1_463' title='bbox 3010 2266 3301 2338; x_wconf 85' lang='grc' dir='ltr'>ἀνθρώπου</span> <span class='ocrx_word' id='word_1_464' title='bbox 3345 2265 3656 2338; x_wconf 74' lang='grc' dir='ltr'>παρίστησι</span> 
     </span>
    </p>
   </div>
   <div class='ocr_carea' id='block_1_65' title="bbox 2052 2358 3655 2440">
    <p class='ocr_par' dir='ltr' id='par_1_65' title="bbox 2052 2358 3655 2440">
     <span class='ocr_line' id='line_1_65' title="bbox 2052 2358 3655 2440; baseline -0.008 -16"><span class='ocrx_word' id='word_1_465' title='bbox 2052 2369 2427 2440; x_wconf 83' lang='grc' dir='ltr'>γεγενημένην</span> <span class='ocrx_word' id='word_1_466' title='bbox 2449 2383 2465 2399; x_wconf 88' lang='grc'><strong>·</strong></span> <span class='ocrx_word' id='word_1_467' title='bbox 2491 2365 2610 2419; x_wconf 73' lang='grc' dir='ltr'>ἔστι</span> <span class='ocrx_word' id='word_1_468' title='bbox 2639 2364 2752 2434; x_wconf 77' lang='grc' dir='ltr'><strong>γάρ</strong></span> <span class='ocrx_word' id='word_1_469' title='bbox 2797 2363 2886 2417; x_wconf 86' lang='grc' dir='ltr'>ὅτε</span> <span class='ocrx_word' id='word_1_470' title='bbox 2934 2363 3036 2432; x_wconf 83' lang='grc' dir='ltr'><strong>τῆς</strong></span> <span class='ocrx_word' id='word_1_471' title='bbox 3069 2361 3243 2431; x_wconf 80' lang='grc' dir='ltr'>συκῆς</span> <span class='ocrx_word' id='word_1_472' title='bbox 3277 2362 3306 2413; x_wconf 94' lang='lat'><strong>6</strong></span> <span class='ocrx_word' id='word_1_473' title='bbox 3340 2358 3555 2430; x_wconf 69' lang='grc' dir='ltr'>καρπὸς</span> <span class='ocrx_word' id='word_1_474' title='bbox 3582 2361 3655 2428; x_wconf 71' lang='grc' dir='ltr'>τῇ</span> 
     </span>
    </p>
   </div>
   <div class='ocr_carea' id='block_1_66' title="bbox 2051 2449 3656 2532">
    <p class='ocr_par' dir='ltr' id='par_1_66' title="bbox 2051 2449 3656 2532">
     <span class='ocr_line' id='line_1_66' title="bbox 2051 2449 3656 2532; baseline -0.009 -18"><span class='ocrx_word' id='word_1_475' title='bbox 2051 2461 2242 2532; x_wconf 80' lang='grc' dir='ltr'>Γραφῇ</span> <span class='ocrx_word' id='word_1_476' title='bbox 2273 2458 2366 2511; x_wconf 78' lang='grc' dir='ltr'><strong>ἐπὶ</strong></span> <span class='ocrx_word' id='word_1_477' title='bbox 2391 2457 2453 2511; x_wconf 78' lang='grc' dir='ltr'>τὸ</span> <span class='ocrx_word' id='word_1_478' title='bbox 2479 2458 2726 2528; x_wconf 85' lang='grc' dir='ltr'>κρεῖττον</span> <span class='ocrx_word' id='word_1_479' title='bbox 2753 2452 3179 2524; x_wconf 81' lang='grc' dir='ltr'>ὲκλαμϐάνεται.</span> <span class='ocrx_word' id='word_1_480' title='bbox 3197 2450 3262 2503; x_wconf 82' lang='grc' dir='ltr'><strong>Ἦ</strong></span> <span class='ocrx_word' id='word_1_481' title='bbox 3297 2450 3354 2502; x_wconf 80' lang='grc' dir='ltr'>δὲ</span> <span class='ocrx_word' id='word_1_482' title='bbox 3382 2449 3656 2519; x_wconf 81' lang='grc' dir='ltr'>ἄμπελος,</span> 
     </span>
    </p>
   </div>
   <div class='ocr_carea' id='block_1_67' title="bbox 2050 2539 3660 2620">
    <p class='ocr_par' dir='ltr' id='par_1_67' title="bbox 2050 2539 3660 2620">
     <span class='ocr_line' id='line_1_67' title="bbox 2050 2539 3660 2620; baseline -0.009 -15"><span class='ocrx_word' id='word_1_483' title='bbox 2050 2549 2141 2605; x_wconf 82' lang='grc' dir='ltr'><strong>διὰ</strong></span> <span class='ocrx_word' id='word_1_484' title='bbox 2167 2549 2265 2620; x_wconf 80' lang='grc' dir='ltr'>τὴν</span> <span class='ocrx_word' id='word_1_485' title='bbox 2298 2546 2589 2618; x_wconf 85' lang='grc' dir='ltr'>ἱλαρότητα</span> <span class='ocrx_word' id='word_1_486' title='bbox 2614 2545 2714 2614; x_wconf 80' lang='grc' dir='ltr'><strong>τὴν</strong></span> <span class='ocrx_word' id='word_1_487' title='bbox 2745 2545 2811 2596; x_wconf 87' lang='grc' dir='ltr'>ὲκ</span> <span class='ocrx_word' id='word_1_488' title='bbox 2837 2542 2933 2596; x_wconf 88' lang='grc' dir='ltr'><strong>τοῦ</strong></span> <span class='ocrx_word' id='word_1_489' title='bbox 2959 2540 3105 2596; x_wconf 78' lang='grc' dir='ltr'>οἴνου</span> <span class='ocrx_word' id='word_1_490' title='bbox 3131 2541 3228 2594; x_wconf 80' lang='grc' dir='ltr'><strong>καὶ</strong></span> <span class='ocrx_word' id='word_1_491' title='bbox 3251 2539 3350 2611; x_wconf 84' lang='grc' dir='ltr'>τὴν</span> <span class='ocrx_word' id='word_1_492' title='bbox 3375 2539 3660 2609; x_wconf 79' lang='grc' dir='ltr'>εὐφροσύ-</span> 
     </span>
    </p>
   </div>
   <div class='ocr_carea' id='block_1_68' title="bbox 2050 2630 3653 2708">
    <p class='ocr_par' dir='ltr' id='par_1_68' title="bbox 2050 2630 3653 2708">
     <span class='ocr_line' id='line_1_68' title="bbox 2050 2630 3653 2708; baseline -0.009 -13"><span class='ocrx_word' id='word_1_493' title='bbox 2050 2658 2149 2706; x_wconf 83' lang='grc' dir='ltr'><strong>νην</strong></span> <span class='ocrx_word' id='word_1_494' title='bbox 2172 2639 2282 2693; x_wconf 90' lang='grc' dir='ltr'><strong>τῶν</strong></span> <span class='ocrx_word' id='word_1_495' title='bbox 2306 2635 2722 2708; x_wconf 83' lang='grc' dir='ltr'>περισωθέντων</span> <span class='ocrx_word' id='word_1_496' title='bbox 2766 2634 2867 2705; x_wconf 82' lang='grc' dir='ltr'>τῆς</span> <span class='ocrx_word' id='word_1_497' title='bbox 2911 2633 3080 2703; x_wconf 81' lang='grc' dir='ltr'>ὀργῆς</span> <span class='ocrx_word' id='word_1_498' title='bbox 3124 2634 3219 2686; x_wconf 81' lang='grc' dir='ltr'><strong>καὶ</strong></span> <span class='ocrx_word' id='word_1_499' title='bbox 3244 2630 3340 2684; x_wconf 85' lang='grc' dir='ltr'><strong>τοῦ</strong></span> <span class='ocrx_word' id='word_1_500' title='bbox 3368 2630 3653 2684; x_wconf 81' lang='grc' dir='ltr'>κατακλυ-</span> 
     </span>
    </p>
   </div>
   <div class='ocr_carea' id='block_1_69' title="bbox 2050 2723 3658 2804">
    <p class='ocr_par' dir='ltr' id='par_1_69' title="bbox 2050 2723 3658 2804">
     <span class='ocr_line' id='line_1_69' title="bbox 2050 2723 3658 2804; baseline -0.007 -17"><span class='ocrx_word' id='word_1_501' title='bbox 2050 2731 2212 2804; x_wconf 90' lang='grc' dir='ltr'>σμοῦ,</span> <span class='ocrx_word' id='word_1_502' title='bbox 2246 2730 2343 2802; x_wconf 82' lang='grc' dir='ltr'><strong>τὴν</strong></span> <span class='ocrx_word' id='word_1_503' title='bbox 2371 2730 2481 2784; x_wconf 80' lang='grc' dir='ltr'>ἀπὸ</span> <span class='ocrx_word' id='word_1_504' title='bbox 2513 2728 2609 2782; x_wconf 90' lang='grc' dir='ltr'><strong>τοῦ</strong></span> <span class='ocrx_word' id='word_1_505' title='bbox 2634 2728 2801 2797; x_wconf 88' lang='grc' dir='ltr'>φόϐου</span> <span class='ocrx_word' id='word_1_506' title='bbox 2828 2727 2925 2780; x_wconf 80' lang='grc' dir='ltr'>καὶ</span> <span class='ocrx_word' id='word_1_507' title='bbox 2946 2729 3046 2796; x_wconf 81' lang='grc' dir='ltr'>τῆς</span> <span class='ocrx_word' id='word_1_508' title='bbox 3067 2724 3362 2797; x_wconf 50' lang='grc' dir='ltr'>’φροντίδος</span> <span class='ocrx_word' id='word_1_509' title='bbox 3390 2724 3526 2788; x_wconf 64' lang='lat' dir='ltr'><strong>sic“</strong></span> <span class='ocrx_word' id='word_1_510' title='bbox 3553 2723 3658 2794; x_wconf 82' lang='grc' dir='ltr'>τὴν</span> 
     </span>
    </p>
   </div>
   <div class='ocr_carea' id='block_1_70' title="bbox 2049 2813 3656 2895">
    <p class='ocr_par' dir='ltr' id='par_1_70' title="bbox 2049 2813 3656 2895">
     <span class='ocr_line' id='line_1_70' title="bbox 2049 2813 3656 2895; baseline -0.007 -16"><span class='ocrx_word' id='word_1_511' title='bbox 2049 2823 2225 2895; x_wconf 74' lang='grc' dir='ltr'>χαράν</span> <span class='ocrx_word' id='word_1_512' title='bbox 2251 2821 2430 2876; x_wconf 85' lang='grc' dir='ltr'>αὐτῶν</span> <span class='ocrx_word' id='word_1_513' title='bbox 2461 2819 2766 2890; x_wconf 83' lang='grc' dir='ltr'>μεταϐολὴν</span> <span class='ocrx_word' id='word_1_514' title='bbox 2798 2817 3121 2871; x_wconf 71' lang='grc' dir='ltr'>αἰνίσσεται.</span> <span class='ocrx_word' id='word_1_515' title='bbox 3141 2814 3206 2868; x_wconf 83' lang='grc' dir='ltr'><strong><em>Ἡ</em></strong></span> <span class='ocrx_word' id='word_1_516' title='bbox 3252 2814 3310 2867; x_wconf 80' lang='grc' dir='ltr'>δὲ</span> <span class='ocrx_word' id='word_1_517' title='bbox 3359 2813 3517 2868; x_wconf 80' lang='grc' dir='ltr'>ἐλαία</span> <span class='ocrx_word' id='word_1_518' title='bbox 3559 2814 3656 2867; x_wconf 66' lang='grc' dir='ltr'>διὰ</span> 
     </span>
    </p>
   </div>
   <div class='ocr_carea' id='block_1_71' title="bbox 2049 2903 3656 2982">
    <p class='ocr_par' dir='ltr' id='par_1_71' title="bbox 2049 2903 3656 2982">
     <span class='ocr_line' id='line_1_71' title="bbox 2049 2903 3656 2982; baseline -0.004 -16"><span class='ocrx_word' id='word_1_519' title='bbox 2049 2913 2141 2966; x_wconf 86' lang='grc' dir='ltr'><strong>τὸν</strong></span> <span class='ocrx_word' id='word_1_520' title='bbox 2174 2911 2387 2982; x_wconf 76' lang='grc' dir='ltr'>καρπὸν</span> <span class='ocrx_word' id='word_1_521' title='bbox 2415 2908 2510 2961; x_wconf 86' lang='grc' dir='ltr'><strong>τοῦ</strong></span> <span class='ocrx_word' id='word_1_522' title='bbox 2545 2908 2725 2960; x_wconf 84' lang='grc' dir='ltr'>ὲλαίου</span> <span class='ocrx_word' id='word_1_523' title='bbox 2741 2908 2787 2939; x_wconf 69' lang='grc'>⁸³</span> <span class='ocrx_word' id='word_1_524' title='bbox 2814 2906 2913 2978; x_wconf 82' lang='grc' dir='ltr'>τὴν</span> <span class='ocrx_word' id='word_1_525' title='bbox 2945 2904 3350 2975; x_wconf 85' lang='grc' dir='ltr'>εὐσπλαγχνίαν</span> <span class='ocrx_word' id='word_1_526' title='bbox 3379 2903 3476 2958; x_wconf 91' lang='grc' dir='ltr'><strong>τοῦ</strong></span> <span class='ocrx_word' id='word_1_527' title='bbox 3513 2904 3656 2960; x_wconf 82' lang='grc' dir='ltr'>Θεοῦ</span> 
     </span>
    </p>
   </div>
   <div class='ocr_carea' id='block_1_72' title="bbox 2053 2996 3655 3074">
    <p class='ocr_par' dir='ltr' id='par_1_72' title="bbox 2053 2996 3655 3074">
     <span class='ocr_line' id='line_1_72' title="bbox 2053 2996 3655 3074; baseline -0.004 -19"><span class='ocrx_word' id='word_1_528' title='bbox 2053 3001 2272 3074; x_wconf 84' lang='grc' dir='ltr'>μηνύει,</span> <span class='ocrx_word' id='word_1_529' title='bbox 2303 3000 2467 3055; x_wconf 85' lang='grc' dir='ltr'>πάλιν</span> <span class='ocrx_word' id='word_1_530' title='bbox 2515 2999 3024 3069; x_wconf 83' lang='grc' dir='ltr'>ἀνεξικακήσαντος</span> <span class='ocrx_word' id='word_1_531' title='bbox 3072 2997 3168 3051; x_wconf 91' lang='grc' dir='ltr'><strong>τοῦ</strong></span> <span class='ocrx_word' id='word_1_532' title='bbox 3202 2998 3340 3051; x_wconf 85' lang='grc' dir='ltr'>Θεοῦ</span> <span class='ocrx_word' id='word_1_533' title='bbox 3382 2996 3524 3068; x_wconf 74' lang='grc' dir='ltr'>μετά</span> <span class='ocrx_word' id='word_1_534' title='bbox 3555 2998 3655 3049; x_wconf 79' lang='grc' dir='ltr'><strong>τὸν</strong></span> 
     </span>
    </p>
   </div>
   <div class='ocr_carea' id='block_1_73' title="bbox 2052 3089 3654 3163">
    <p class='ocr_par' dir='ltr' id='par_1_73' title="bbox 2052 3089 3654 3163">
     <span class='ocr_line' id='line_1_73' title="bbox 2052 3089 3654 3163; baseline -0.004 -14"><span class='ocrx_word' id='word_1_535' title='bbox 2052 3092 2460 3163; x_wconf 77' lang='grc' dir='ltr'>κατακλυσμὸν,</span> <span class='ocrx_word' id='word_1_536' title='bbox 2492 3091 2604 3145; x_wconf 87' lang='grc' dir='ltr'><strong>τῶν</strong></span> <span class='ocrx_word' id='word_1_537' title='bbox 2633 3089 2938 3163; x_wconf 82' lang='grc' dir='ltr'>ἀνθρώπων</span> <span class='ocrx_word' id='word_1_538' title='bbox 2967 3091 3356 3161; x_wconf 71' lang='grc' dir='ltr'>ἐκτραπέντων</span> <span class='ocrx_word' id='word_1_539' title='bbox 3379 3091 3461 3154; x_wconf 86' lang='grc' dir='ltr'>εἰς</span> <span class='ocrx_word' id='word_1_540' title='bbox 3491 3089 3654 3144; x_wconf 78' lang='grc' dir='ltr'>ἀθεό·</span> 
     </span>
    </p>
   </div>
   <div class='ocr_carea' id='block_1_74' title="bbox 2051 3186 3653 3261">
    <p class='ocr_par' dir='ltr' id='par_1_74' title="bbox 2051 3186 3653 3261">
     <span class='ocr_line' id='line_1_74' title="bbox 2051 3186 3653 3261; baseline -0.003 -17"><span class='ocrx_word' id='word_1_541' title='bbox 2051 3207 2212 3261; x_wconf 90' lang='grc' dir='ltr'>τητα,</span> <span class='ocrx_word' id='word_1_542' title='bbox 2261 3189 2444 3242; x_wconf 86' lang='grc' dir='ltr'>δοῦναι</span> <span class='ocrx_word' id='word_1_543' title='bbox 2493 3187 2659 3258; x_wconf 91' lang='grc' dir='ltr'>νόμον</span> <span class='ocrx_word' id='word_1_544' title='bbox 2704 3188 2801 3240; x_wconf 76' lang='grc' dir='ltr'><strong>καὶ</strong></span> <span class='ocrx_word' id='word_1_545' title='bbox 2845 3186 3244 3258; x_wconf 77' lang='grc' dir='ltr'>ἐμφανισθῆναι</span> <span class='ocrx_word' id='word_1_546' title='bbox 3294 3187 3547 3242; x_wconf 81' lang='grc' dir='ltr'>τισιν.Ἠ</span> <span class='ocrx_word' id='word_1_547' title='bbox 3589 3186 3653 3239; x_wconf 78' lang='grc' dir='ltr'>δὲ</span> 
     </span>
    </p>
   </div>
   <div class='ocr_carea' id='block_1_75' title="bbox 2053 3279 3652 3354">
    <p class='ocr_par' dir='ltr' id='par_1_75' title="bbox 2053 3279 3652 3354">
     <span class='ocr_line' id='line_1_75' title="bbox 2053 3279 3652 3354; baseline -0.003 -18"><span class='ocrx_word' id='word_1_548' title='bbox 2053 3282 2258 3354; x_wconf 81' lang='grc' dir='ltr'>ῥάμνος</span> <span class='ocrx_word' id='word_1_549' title='bbox 2296 3283 2394 3353; x_wconf 79' lang='grc' dir='ltr'>τὴν</span> <span class='ocrx_word' id='word_1_550' title='bbox 2422 3281 2645 3349; x_wconf 82' lang='grc' dir='ltr'>ἁγνείαν</span> <span class='ocrx_word' id='word_1_551' title='bbox 2685 3279 3001 3352; x_wconf 80' lang='grc' dir='ltr'>συνίστησιο</span> <span class='ocrx_word' id='word_1_552' title='bbox 3037 3279 3096 3334; x_wconf 73' lang='grc' dir='ltr'><strong>τὸ</strong></span> <span class='ocrx_word' id='word_1_553' title='bbox 3123 3281 3233 3352; x_wconf 79' lang='grc' dir='ltr'><strong>γάρ</strong></span> <span class='ocrx_word' id='word_1_554' title='bbox 3257 3279 3390 3334; x_wconf 85' lang='grc' dir='ltr'>αύτὺ</span> <span class='ocrx_word' id='word_1_555' title='bbox 3429 3280 3652 3350; x_wconf 75' lang='grc' dir='ltr'>δένδρον</span> 
     </span>
    </p>
   </div>
   <div class='ocr_carea' id='block_1_76' title="bbox 2054 3374 3651 3448">
    <p class='ocr_par' dir='ltr' id='par_1_76' title="bbox 2054 3374 3651 3448">
     <span class='ocr_line' id='line_1_76' title="bbox 2054 3374 3651 3448; baseline -0.001 -19"><span class='ocrx_word' id='word_1_556' title='bbox 2054 3377 2258 3448; x_wconf 79' lang='grc' dir='ltr'>ῥάμνος</span> <span class='ocrx_word' id='word_1_557' title='bbox 2288 3377 2384 3430; x_wconf 74' lang='grc' dir='ltr'>καὶ</span> <span class='ocrx_word' id='word_1_558' title='bbox 2426 3377 2590 3444; x_wconf 84' lang='grc' dir='ltr'>ἄγνος</span> <span class='ocrx_word' id='word_1_559' title='bbox 2621 3375 2760 3438; x_wconf 76' lang='grc' dir='ltr'>ἐστὶ,</span> <span class='ocrx_word' id='word_1_560' title='bbox 2791 3376 2887 3428; x_wconf 74' lang='grc' dir='ltr'><strong>καὶ</strong></span> <span class='ocrx_word' id='word_1_561' title='bbox 2911 3375 3053 3446; x_wconf 88' lang='grc' dir='ltr'>τάχα</span> <span class='ocrx_word' id='word_1_562' title='bbox 3079 3375 3167 3428; x_wconf 78' lang='grc' dir='ltr'><strong>διὰ</strong></span> <span class='ocrx_word' id='word_1_563' title='bbox 3193 3376 3256 3428; x_wconf 84' lang='lat'>1:6</span> <span class='ocrx_word' id='word_1_564' title='bbox 3291 3375 3555 3442; x_wconf 88' lang='grc' dir='ltr'>συγγενὲς</span> <span class='ocrx_word' id='word_1_565' title='bbox 3585 3374 3651 3428; x_wconf 83' lang='lat'>1:6</span> 
     </span>
    </p>
   </div>
   <div class='ocr_carea' id='block_1_77' title="bbox 2053 3467 3650 3540">
    <p class='ocr_par' dir='ltr' id='par_1_77' title="bbox 2053 3467 3650 3540">
     <span class='ocr_line' id='line_1_77' title="bbox 2053 3467 3650 3540; baseline -0.001 -18"><span class='ocrx_word' id='word_1_566' title='bbox 2053 3469 2222 3538; x_wconf 80' lang='grc' dir='ltr'>φυτὸν</span> <span class='ocrx_word' id='word_1_567' title='bbox 2245 3469 2405 3522; x_wconf 83' lang='grc' dir='ltr'>τοῦτο</span> <span class='ocrx_word' id='word_1_568' title='bbox 2432 3471 2499 3540; x_wconf 83' lang='grc' dir='ltr'>τῇ</span> <span class='ocrx_word' id='word_1_569' title='bbox 2535 3467 2806 3540; x_wconf 81' lang='grc' dir='ltr'>παρθενίᾳ</span> <span class='ocrx_word' id='word_1_570' title='bbox 2819 3468 2865 3500; x_wconf 71' lang='grc'><strong><em>⁵³</em></strong></span> <span class='ocrx_word' id='word_1_571' title='bbox 2905 3468 3076 3538; x_wconf 80' lang='grc' dir='ltr'>ταύτῃ</span> <span class='ocrx_word' id='word_1_572' title='bbox 3109 3468 3312 3539; x_wconf 87' lang='grc' dir='ltr'>ῥάμνος</span> <span class='ocrx_word' id='word_1_573' title='bbox 3356 3469 3449 3521; x_wconf 75' lang='grc' dir='ltr'><strong>καὶ</strong></span> <span class='ocrx_word' id='word_1_574' title='bbox 3482 3467 3650 3536; x_wconf 80' lang='grc' dir='ltr'>ἄγνος</span> 
     </span>
    </p>
   </div>
   <div class='ocr_carea' id='block_1_78' title="bbox 2051 3553 3649 3630">
    <p class='ocr_par' dir='ltr' id='par_1_78' title="bbox 2051 3553 3649 3630">
     <span class='ocr_line' id='line_1_78' title="bbox 2051 3553 3649 3630; baseline -0.006 -18"><span class='ocrx_word' id='word_1_575' title='bbox 2051 3557 2488 3630; x_wconf 75' lang='grc' dir='ltr'>προσηγορεύθη,</span> <span class='ocrx_word' id='word_1_576' title='bbox 2522 3558 2728 3628; x_wconf 84' lang='grc' dir='ltr'>ῥάμνος</span> <span class='ocrx_word' id='word_1_577' title='bbox 2762 3555 2864 3627; x_wconf 79' lang='grc' dir='ltr'>μὲν</span> <span class='ocrx_word' id='word_1_578' title='bbox 2895 3557 3048 3629; x_wconf 78' lang='grc' dir='ltr'>παρὰ</span> <span class='ocrx_word' id='word_1_579' title='bbox 3076 3557 3138 3608; x_wconf 76' lang='grc' dir='ltr'>τὸ</span> <span class='ocrx_word' id='word_1_580' title='bbox 3182 3555 3504 3626; x_wconf 81' lang='grc' dir='ltr'>στερέμνιον</span> <span class='ocrx_word' id='word_1_581' title='bbox 3552 3553 3649 3606; x_wconf 79' lang='grc' dir='ltr'>καὶ</span> 
     </span>
    </p>
   </div>
   <div class='ocr_carea' id='block_1_79' title="bbox 2050 3645 3640 3721">
    <p class='ocr_par' dir='ltr' id='par_1_79' title="bbox 2050 3645 3640 3721">
     <span class='ocr_line' id='line_1_79' title="bbox 2050 3645 3640 3721; baseline -0.007 -17"><span class='ocrx_word' id='word_1_582' title='bbox 2050 3650 2319 3721; x_wconf 81' lang='grc' dir='ltr'>καρτερὸν</span> <span class='ocrx_word' id='word_1_583' title='bbox 2341 3650 2479 3721; x_wconf 75' lang='grc' dir='ltr'>πρὸς</span> <span class='ocrx_word' id='word_1_584' title='bbox 2504 3651 2602 3711; x_wconf 86' lang='grc' dir='ltr'><strong>τὰς</strong></span> <span class='ocrx_word' id='word_1_585' title='bbox 2627 3649 2839 3720; x_wconf 81' lang='grc' dir='ltr'>ἡδονάς,</span> <span class='ocrx_word' id='word_1_586' title='bbox 2861 3647 3025 3714; x_wconf 85' lang='grc' dir='ltr'>ἄγνος</span> <span class='ocrx_word' id='word_1_587' title='bbox 3049 3647 3107 3701; x_wconf 78' lang='grc' dir='ltr'><strong>δὲ</strong></span> <span class='ocrx_word' id='word_1_588' title='bbox 3132 3647 3286 3716; x_wconf 78' lang='grc' dir='ltr'>παρὰ</span> <span class='ocrx_word' id='word_1_589' title='bbox 3309 3646 3372 3698; x_wconf 80' lang='grc' dir='ltr'><strong>τὸ</strong></span> <span class='ocrx_word' id='word_1_590' title='bbox 3395 3645 3486 3699; x_wconf 77' lang='grc' dir='ltr'><strong>διά</strong></span> <span class='ocrx_word' id='word_1_591' title='bbox 3510 3663 3640 3698; x_wconf 81' lang='grc' dir='ltr'>παν-</span> 
     </span>
    </p>
   </div>
   <div class='ocr_carea' id='block_1_80' title="bbox 2047 3736 3648 3810">
    <p class='ocr_par' dir='ltr' id='par_1_80' title="bbox 2047 3736 3648 3810">
     <span class='ocr_line' id='line_1_80' title="bbox 2047 3736 3648 3810; baseline -0.004 -14"><span class='ocrx_word' id='word_1_592' title='bbox 2047 3743 2139 3806; x_wconf 84' lang='grc' dir='ltr'><strong>τὸς</strong></span> <span class='ocrx_word' id='word_1_593' title='bbox 2163 3741 2604 3810; x_wconf 85' lang='grc' dir='ltr'>ἁγνεύειν.”Οθεν</span> <span class='ocrx_word' id='word_1_594' title='bbox 2634 3741 2728 3794; x_wconf 75' lang='grc' dir='ltr'><strong>καὶ</strong></span> <span class='ocrx_word' id='word_1_595' title='bbox 2756 3740 2850 3793; x_wconf 81' lang='grc' dir='ltr'><strong>τὸν</strong></span> <span class='ocrx_word' id='word_1_596' title='bbox 2885 3739 3096 3804; x_wconf 86' lang='grc' dir='ltr'>Ἠλίαν,</span> <span class='ocrx_word' id='word_1_597' title='bbox 3131 3740 3196 3792; x_wconf 81' lang='grc' dir='ltr'>ὲκ</span> <span class='ocrx_word' id='word_1_598' title='bbox 3225 3738 3520 3809; x_wconf 78' lang='grc' dir='ltr'>προσώπου</span> <span class='ocrx_word' id='word_1_599' title='bbox 3544 3736 3648 3806; x_wconf 71' lang='grc' dir='ltr'><strong>τῆς</strong></span> 
     </span>
    </p>
   </div>
   <div class='ocr_carea' id='block_1_81' title="bbox 2063 3829 3647 3902">
    <p class='ocr_par' dir='ltr' id='par_1_81' title="bbox 2063 3829 3647 3902">
     <span class='ocr_line' id='line_1_81' title="bbox 2063 3829 3647 3902; baseline -0.003 -15"><span class='ocrx_word' id='word_1_600' title='bbox 2063 3833 2300 3898; x_wconf 75' lang='grc' dir='ltr'>Ἰεζάϐελ</span> <span class='ocrx_word' id='word_1_601' title='bbox 2324 3833 2584 3902; x_wconf 85' lang='grc' dir='ltr'>γυναικὸς</span> <span class='ocrx_word' id='word_1_602' title='bbox 2597 3831 2643 3863; x_wconf 66' lang='grc'>⁸⁵</span> <span class='ocrx_word' id='word_1_603' title='bbox 2677 3832 2974 3901; x_wconf 83' lang='grc' dir='ltr'>φεύγοντα,</span> <span class='ocrx_word' id='word_1_604' title='bbox 3000 3829 3157 3899; x_wconf 85' lang='grc' dir='ltr'>λόγος</span> <span class='ocrx_word' id='word_1_605' title='bbox 3186 3831 3291 3883; x_wconf 85' lang='grc' dir='ltr'>ὑπὸ</span> <span class='ocrx_word' id='word_1_606' title='bbox 3317 3829 3525 3902; x_wconf 87' lang='grc' dir='ltr'>ῥάμνον</span> <span class='ocrx_word' id='word_1_607' title='bbox 3555 3829 3647 3883; x_wconf 70' lang='lat' dir='ltr'><strong>iit-</strong></span> 
     </span>
    </p>
   </div>
   <div class='ocr_carea' id='block_1_82' title="bbox 2051 3923 3647 3998">
    <p class='ocr_par' dir='ltr' id='par_1_82' title="bbox 2051 3923 3647 3998">
     <span class='ocr_line' id='line_1_82' title="bbox 2051 3923 3647 3998; baseline -0.004 -17"><span class='ocrx_word' id='word_1_608' title='bbox 2051 3925 2165 3982; x_wconf 87' lang='grc' dir='ltr'>θεῖν</span> <span class='ocrx_word' id='word_1_609' title='bbox 2201 3926 2418 3998; x_wconf 90' lang='grc' dir='ltr'>πρῶτον</span> <span class='ocrx_word' id='word_1_610' title='bbox 2452 3928 2547 3980; x_wconf 82' lang='grc' dir='ltr'><strong>καὶ</strong></span> <span class='ocrx_word' id='word_1_611' title='bbox 2573 3924 3001 3994; x_wconf 83' lang='grc' dir='ltr'>είσακουσθῆναι</span> <span class='ocrx_word' id='word_1_612' title='bbox 3048 3925 3144 3980; x_wconf 84' lang='grc' dir='ltr'><strong>καὶ</strong></span> <span class='ocrx_word' id='word_1_613' title='bbox 3191 3923 3378 3979; x_wconf 87' lang='grc' dir='ltr'>λαϐεῖν</span> <span class='ocrx_word' id='word_1_614' title='bbox 3405 3923 3647 3995; x_wconf 74' lang='grc' dir='ltr'>τροφὴν,</span> 
     </span>
    </p>
   </div>
   <div class='ocr_carea' id='block_1_83' title="bbox 2048 4012 3644 4087">
    <p class='ocr_par' dir='ltr' id='par_1_83' title="bbox 2048 4012 3644 4087">
     <span class='ocr_line' id='line_1_83' title="bbox 2048 4012 3644 4087; baseline -0.001 -15"><span class='ocrx_word' id='word_1_615' title='bbox 2048 4018 2131 4072; x_wconf 81' lang='grc' dir='ltr'>ὅτι</span> <span class='ocrx_word' id='word_1_616' title='bbox 2154 4017 2264 4072; x_wconf 87' lang='grc' dir='ltr'><strong>τῶν</strong></span> <span class='ocrx_word' id='word_1_617' title='bbox 2289 4017 2602 4087; x_wconf 89' lang='grc' dir='ltr'>φευγόντων</span> <span class='ocrx_word' id='word_1_618' title='bbox 2629 4017 2721 4070; x_wconf 82' lang='grc' dir='ltr'><strong>τὸν</strong></span> <span class='ocrx_word' id='word_1_619' title='bbox 2755 4012 2970 4086; x_wconf 78' lang='grc' dir='ltr'>οἶστρον</span> <span class='ocrx_word' id='word_1_620' title='bbox 3000 4015 3097 4069; x_wconf 81' lang='grc' dir='ltr'>καὶ</span> <span class='ocrx_word' id='word_1_621' title='bbox 3129 4015 3231 4086; x_wconf 78' lang='grc' dir='ltr'><strong>τὴν</strong></span> <span class='ocrx_word' id='word_1_622' title='bbox 3257 4017 3494 4085; x_wconf 88' lang='grc' dir='ltr'>γυναῖκα</span> <span class='ocrx_word' id='word_1_623' title='bbox 3513 4013 3644 4086; x_wconf 77' lang='grc'><strong>[511</strong></span> 
     </span>
    </p>
   </div>
   <div class='ocr_carea' id='block_1_84' title="bbox 2049 4105 3646 4181">
    <p class='ocr_par' dir='ltr' id='par_1_84' title="bbox 2049 4105 3646 4181">
     <span class='ocr_line' id='line_1_84' title="bbox 2049 4105 3646 4181; baseline -0.003 -17"><span class='ocrx_word' id='word_1_624' title='bbox 2049 4107 2143 4181; x_wconf 69' lang='lat' dir='ltr'><strong>IL]</strong></span> <span class='ocrx_word' id='word_1_625' title='bbox 2171 4109 2264 4164; x_wconf 73' lang='grc' dir='ltr'><strong>καὶ</strong></span> <span class='ocrx_word' id='word_1_626' title='bbox 2307 4109 2408 4181; x_wconf 83' lang='grc' dir='ltr'><strong>τὴν</strong></span> <span class='ocrx_word' id='word_1_627' title='bbox 2443 4109 2636 4180; x_wconf 76' lang='grc' dir='ltr'>ἡδονὴν</span> <span class='ocrx_word' id='word_1_628' title='bbox 2663 4107 2725 4160; x_wconf 81' lang='grc' dir='ltr'><strong>τὸ</strong></span> <span class='ocrx_word' id='word_1_629' title='bbox 2753 4105 3102 4177; x_wconf 87' lang='grc' dir='ltr'>καταγώγιον</span> <span class='ocrx_word' id='word_1_630' title='bbox 3133 4109 3228 4161; x_wconf 75' lang='grc' dir='ltr'><strong>καὶ</strong></span> <span class='ocrx_word' id='word_1_631' title='bbox 3271 4109 3306 4178; x_wconf 83' lang='grc' dir='ltr'>ή</span> <span class='ocrx_word' id='word_1_632' title='bbox 3365 4106 3547 4177; x_wconf 80' lang='grc' dir='ltr'>σκέπη</span> <span class='ocrx_word' id='word_1_633' title='bbox 3579 4105 3646 4160; x_wconf 78' lang='grc' dir='ltr'><strong>τὸ</strong></span> 
     </span>
    </p>
   </div>
   <div class='ocr_carea' id='block_1_85' title="bbox 2045 4197 3645 4271">
    <p class='ocr_par' dir='ltr' id='par_1_85' title="bbox 2045 4197 3645 4271">
     <span class='ocr_line' id='line_1_85' title="bbox 2045 4197 3645 4271; baseline -0.003 -17"><span class='ocrx_word' id='word_1_634' title='bbox 2045 4201 2146 4271; x_wconf 84' lang='grc' dir='ltr'><strong>τῆς</strong></span> <span class='ocrx_word' id='word_1_635' title='bbox 2173 4201 2397 4270; x_wconf 84' lang='grc' dir='ltr'>ἁγνείας</span> <span class='ocrx_word' id='word_1_636' title='bbox 2419 4201 2718 4270; x_wconf 77' lang='grc' dir='ltr'>ἐϐλάστησε</span> <span class='ocrx_word' id='word_1_637' title='bbox 2747 4199 2925 4265; x_wconf 81' lang='grc' dir='ltr'>ξύλον,</span> <span class='ocrx_word' id='word_1_638' title='bbox 2957 4199 3066 4252; x_wconf 78' lang='grc' dir='ltr'><strong>ἀπὸ</strong></span> <span class='ocrx_word' id='word_1_639' title='bbox 3086 4202 3184 4271; x_wconf 77' lang='grc' dir='ltr'>τῆς</span> <span class='ocrx_word' id='word_1_640' title='bbox 3212 4199 3523 4268; x_wconf 84' lang='grc' dir='ltr'>παρουσίας</span> <span class='ocrx_word' id='word_1_641' title='bbox 3543 4197 3645 4251; x_wconf 86' lang='grc' dir='ltr'><strong>τοῦ</strong></span> 
     </span>
    </p>
   </div>
   <div class='ocr_carea' id='block_1_86' title="bbox 363 4287 1948 4370">
    <p class='ocr_par' dir='ltr' id='par_1_86' title="bbox 363 4287 1944 4370">
     <span class='ocr_line' id='line_1_86' title="bbox 363 4287 1944 4370; baseline 0.008 -27"><span class='ocrx_word' id='word_1_642' title='bbox 363 4287 566 4345; x_wconf 88' lang='lat' dir='ltr'><strong>Christi</strong></span> <span class='ocrx_word' id='word_1_643' title='bbox 623 4291 942 4359; x_wconf 84' lang='lat' dir='ltr'><strong>adventum,</strong></span> <span class='ocrx_word' id='word_1_644' title='bbox 999 4310 1292 4365; x_wconf 77' lang='lat' dir='ltr'><strong>regnorum</strong></span> <span class='ocrx_word' id='word_1_645' title='bbox 1359 4299 1604 4355; x_wconf 87' lang='lat' dir='ltr'><strong>habenas</strong></span> <span class='ocrx_word' id='word_1_646' title='bbox 1653 4315 1686 4354; x_wconf 86' lang='lat' dir='ltr'><strong>a</strong></span> <span class='ocrx_word' id='word_1_647' title='bbox 1743 4300 1944 4370; x_wconf 86' lang='lat' dir='ltr'><strong>seipsis</strong></span> 
     </span>
    </p>
   </div>
   <div class='ocr_carea' id='block_1_87' title="bbox 2052 4287 3645 4370">
    <p class='ocr_par' dir='ltr' id='par_1_87' title="bbox 2052 4287 3645 4361">
     <span class='ocr_line' id='line_1_87' title="bbox 2052 4287 3645 4361; baseline -0.001 -18"><span class='ocrx_word' id='word_1_648' title='bbox 2052 4290 2457 4361; x_wconf 81' lang='grc' dir='ltr'>άρχιπαρθένου</span> <span class='ocrx_word' id='word_1_649' title='bbox 2489 4287 2730 4360; x_wconf 81' lang='grc' dir='ltr'>Χριστοῦ</span> <span class='ocrx_word' id='word_1_650' title='bbox 2781 4287 3110 4359; x_wconf 83' lang='grc' dir='ltr'>βασιλεῦσαν</span> <span class='ocrx_word' id='word_1_651' title='bbox 3156 4287 3266 4340; x_wconf 89' lang='grc' dir='ltr'><strong>τῶν</strong></span> <span class='ocrx_word' id='word_1_652' title='bbox 3309 4287 3645 4358; x_wconf 83' lang='grc' dir='ltr'>ἀνθρώπων.</span> 
     </span>
    </p>
   </div>
   <div class='ocr_carea' id='block_1_88' title="bbox 359 4378 1948 4464">
    <p class='ocr_par' dir='ltr' id='par_1_88' title="bbox 359 4383 1944 4464">
     <span class='ocr_line' id='line_1_88' title="bbox 359 4383 1944 4464; baseline 0.008 -27"><span class='ocrx_word' id='word_1_653' title='bbox 359 4383 613 4439; x_wconf 84' lang='lat' dir='ltr'><strong>celeriter</strong></span> <span class='ocrx_word' id='word_1_654' title='bbox 635 4387 1033 4455; x_wconf 78' lang='lat' dir='ltr'><strong>excussissem,</strong></span> <span class='ocrx_word' id='word_1_655' title='bbox 1071 4399 1130 4445; x_wconf 93' lang='lat' dir='ltr'><strong>et</strong></span> <span class='ocrx_word' id='word_1_656' title='bbox 1156 4392 1436 4448; x_wconf 91' lang='lat' dir='ltr'><strong>contrario</strong></span> <span class='ocrx_word' id='word_1_657' title='bbox 1469 4392 1944 4464; x_wconf 69' lang='lat' dir='ltr'><strong>falsoquelparere</strong></span> 
     </span>
    </p>
   </div>
   <div class='ocr_carea' id='block_1_89' title="bbox 2052 4378 3644 4464">
    <p class='ocr_par' dir='ltr' id='par_1_89' title="bbox 2052 4378 3644 4453">
     <span class='ocr_line' id='line_1_89' title="bbox 2052 4378 3644 4453; baseline -0.001 -18"><span class='ocrx_word' id='word_1_658' title='bbox 2052 4381 2262 4452; x_wconf 83' lang='grc' dir='ltr'>Ταύτην</span> <span class='ocrx_word' id='word_1_659' title='bbox 2285 4382 2396 4453; x_wconf 88' lang='grc' dir='ltr'><strong>γάρ</strong></span> <span class='ocrx_word' id='word_1_660' title='bbox 2421 4381 2587 4453; x_wconf 86' lang='grc' dir='ltr'>μόνην</span> <span class='ocrx_word' id='word_1_661' title='bbox 2614 4381 2712 4452; x_wconf 79' lang='grc' dir='ltr'>τὴν</span> <span class='ocrx_word' id='word_1_662' title='bbox 2732 4381 2832 4452; x_wconf 81' lang='grc' dir='ltr'>τῆς</span> <span class='ocrx_word' id='word_1_663' title='bbox 2855 4380 3080 4449; x_wconf 87' lang='grc' dir='ltr'>ἁγνείας</span> <span class='ocrx_word' id='word_1_664' title='bbox 3108 4379 3389 4451; x_wconf 85' lang='grc' dir='ltr'>βασιλείαν</span> <span class='ocrx_word' id='word_1_665' title='bbox 3409 4378 3522 4432; x_wconf 83' lang='grc' dir='ltr'><strong>ἀπὸ</strong></span> <span class='ocrx_word' id='word_1_666' title='bbox 3540 4379 3644 4449; x_wconf 83' lang='grc' dir='ltr'>τῆς</span> 
     </span>
    </p>
   </div>
   <div class='ocr_carea' id='block_1_90' title="bbox 358 4469 1948 4556">
    <p class='ocr_par' dir='ltr' id='par_1_90' title="bbox 358 4477 1940 4556">
     <span class='ocr_line' id='line_1_90' title="bbox 358 4477 1940 4556; baseline 0.006 -24"><span class='ocrx_word' id='word_1_667' title='bbox 358 4484 495 4532; x_wconf 81' lang='lat' dir='ltr'><strong>etse</strong></span> <span class='ocrx_word' id='word_1_668' title='bbox 524 4477 797 4546; x_wconf 86' lang='lat' dir='ltr'><strong>subjicere</strong></span> <span class='ocrx_word' id='word_1_669' title='bbox 825 4482 1168 4540; x_wconf 88' lang='lat' dir='ltr'><strong>maluissent.</strong></span> <span class='ocrx_word' id='word_1_670' title='bbox 1214 4485 1542 4555; x_wconf 78' lang='lat' dir='ltr'><strong>Quanquam</strong></span> <span class='ocrx_word' id='word_1_671' title='bbox 1581 4501 1725 4556; x_wconf 68' lang='lat' dir='ltr'><strong>saepe</strong></span> <span class='ocrx_word' id='word_1_672' title='bbox 1763 4487 1940 4556; x_wconf 67' lang='lat' dir='ltr'><strong>paeni-</strong></span> 
     </span>
    </p>
   </div>
   <div class='ocr_carea' id='block_1_91' title="bbox 2052 4469 3644 4556">
    <p class='ocr_par' dir='ltr' id='par_1_91' title="bbox 2052 4477 3644 4550">
     <span class='ocr_line' id='line_1_91' title="bbox 2052 4477 3644 4550; baseline -0.003 -18"><span class='ocrx_word' id='word_1_673' title='bbox 2052 4477 2144 4532; x_wconf 87' lang='grc' dir='ltr'><strong>τοῦ</strong></span> <span class='ocrx_word' id='word_1_674' title='bbox 2176 4478 2416 4548; x_wconf 83' lang='grc' dir='ltr'>Χριστοῦ</span> <span class='ocrx_word' id='word_1_675' title='bbox 2451 4479 2755 4550; x_wconf 84' lang='grc' dir='ltr'>παρουσίας</span> <span class='ocrx_word' id='word_1_676' title='bbox 2780 4477 3158 4548; x_wconf 72' lang='grc' dir='ltr'>ἀμεταμελητὶ</span> <span class='ocrx_word' id='word_1_677' title='bbox 3197 4477 3550 4548; x_wconf 82' lang='grc' dir='ltr'>προσήκαντο</span> <span class='ocrx_word' id='word_1_678' title='bbox 3591 4477 3644 4528; x_wconf 64' lang='grc' dir='ltr'>οἳ</span> 
     </span>
    </p>
   </div>
   <div class='ocr_carea' id='block_1_92' title="bbox 368 4572 1943 4653">
    <p class='ocr_par' dir='ltr' id='par_1_92' title="bbox 368 4572 1943 4653">
     <span class='ocr_line' id='line_1_92' title="bbox 368 4572 1943 4653; baseline 0.009 -32"><span class='ocrx_word' id='word_1_679' title='bbox 368 4578 541 4626; x_wconf 90' lang='lat' dir='ltr'><strong>tentes</strong></span> <span class='ocrx_word' id='word_1_680' title='bbox 561 4572 928 4640; x_wconf 63' lang='lat' dir='ltr'><strong>quaesiverunt</strong></span> <span class='ocrx_word' id='word_1_681' title='bbox 957 4575 1151 4631; x_wconf 89' lang='lat' dir='ltr'><strong>iterum</strong></span> <span class='ocrx_word' id='word_1_682' title='bbox 1181 4579 1360 4648; x_wconf 83' lang='lat' dir='ltr'><strong>regale</strong></span> <span class='ocrx_word' id='word_1_683' title='bbox 1379 4578 1471 4634; x_wconf 91' lang='lat' dir='ltr'><strong>Dei</strong></span> <span class='ocrx_word' id='word_1_684' title='bbox 1498 4579 1634 4648; x_wconf 81' lang='lat' dir='ltr'><strong>legis</strong></span> <span class='ocrx_word' id='word_1_685' title='bbox 1654 4581 1943 4653; x_wconf 88' lang='lat' dir='ltr'><strong>imperium</strong></span> 
     </span>
    </p>
   </div>
   <div class='ocr_carea' id='block_1_93' title="bbox 368 4659 1948 4738">
    <p class='ocr_par' dir='ltr' id='par_1_93' title="bbox 368 4659 1948 4738">
     <span class='ocr_line' id='line_1_93' title="bbox 368 4659 1948 4738; baseline 0.008 -26"><span class='ocrx_word' id='word_1_686' title='bbox 368 4667 626 4727; x_wconf 74' lang='lat' dir='ltr'><strong>recteque</strong></span> <span class='ocrx_word' id='word_1_687' title='bbox 656 4659 926 4716; x_wconf 77' lang='lat' dir='ltr'><strong>factorum</strong></span> <span class='ocrx_word' id='word_1_688' title='bbox 968 4665 1133 4719; x_wconf 88' lang='lat' dir='ltr'><strong>animi</strong></span> <span class='ocrx_word' id='word_1_689' title='bbox 1170 4667 1320 4722; x_wconf 87' lang='lat' dir='ltr'><strong>vitiis</strong></span> <span class='ocrx_word' id='word_1_690' title='bbox 1351 4679 1730 4738; x_wconf 86' lang='lat' dir='ltr'><strong>corruptorum</strong></span> <span class='ocrx_word' id='word_1_691' title='bbox 1786 4685 1948 4726; x_wconf 75' lang='lat' dir='ltr'><strong>reno-</strong></span> 
     </span>
    </p>
   </div>
   <div class='ocr_carea' id='block_1_94' title="bbox 361 4750 1946 4833">
    <p class='ocr_par' dir='ltr' id='par_1_94' title="bbox 361 4750 1946 4833">
     <span class='ocr_line' id='line_1_94' title="bbox 361 4750 1946 4833; baseline 0.011 -33"><span class='ocrx_word' id='word_1_692' title='bbox 361 4750 658 4806; x_wconf 85' lang='lat' dir='ltr'><strong>vationem.</strong></span> <span class='ocrx_word' id='word_1_693' title='bbox 695 4751 834 4808; x_wconf 88' lang='lat' dir='ltr'><strong>Nam</strong></span> <span class='ocrx_word' id='word_1_694' title='bbox 893 4757 1134 4811; x_wconf 91' lang='lat' dir='ltr'><strong>hostium</strong></span> <span class='ocrx_word' id='word_1_695' title='bbox 1185 4760 1455 4827; x_wconf 88' lang='lat' dir='ltr'><strong>manibus,</strong></span> <span class='ocrx_word' id='word_1_696' title='bbox 1507 4771 1562 4816; x_wconf 91' lang='lat' dir='ltr'><strong>et</strong></span> <span class='ocrx_word' id='word_1_697' title='bbox 1634 4763 1946 4833; x_wconf 67' lang='lat' dir='ltr'><strong>ignominia:</strong></span> 
     </span>
    </p>
   </div>
   <div class='ocr_carea' id='block_1_95' title="bbox 359 4844 1940 4926">
    <p class='ocr_par' dir='ltr' id='par_1_95' title="bbox 359 4844 1940 4926">
     <span class='ocr_line' id='line_1_95' title="bbox 359 4844 1940 4926; baseline 0.011 -31"><span class='ocrx_word' id='word_1_698' title='bbox 359 4844 711 4909; x_wconf 86' lang='lat' dir='ltr'><strong>passionibus</strong></span> <span class='ocrx_word' id='word_1_699' title='bbox 753 4847 962 4915; x_wconf 88' lang='lat' dir='ltr'><strong>traditi,</strong></span> <span class='ocrx_word' id='word_1_700' title='bbox 1020 4865 1238 4905; x_wconf 88' lang='lat' dir='ltr'><strong>rursum</strong></span> <span class='ocrx_word' id='word_1_701' title='bbox 1269 4851 1502 4922; x_wconf 89' lang='lat' dir='ltr'><strong>imperio</strong></span> <span class='ocrx_word' id='word_1_702' title='bbox 1542 4857 1940 4926; x_wconf 57' lang='lat' dir='ltr'><strong>praeceptisque</strong></span> 
     </span>
    </p>
   </div>
   <div class='ocr_carea' id='block_1_96' title="bbox 359 4933 1941 5016">
    <p class='ocr_par' dir='ltr' id='par_1_96' title="bbox 359 4933 1941 5016">
     <span class='ocr_line' id='line_1_96' title="bbox 359 4933 1941 5016; baseline 0.009 -28"><span class='ocrx_word' id='word_1_703' title='bbox 359 4933 456 4990; x_wconf 89' lang='lat' dir='ltr'><strong>Dei</strong></span> <span class='ocrx_word' id='word_1_704' title='bbox 479 4936 594 5006; x_wconf 89' lang='lat' dir='ltr'><strong>regi</strong></span> <span class='ocrx_word' id='word_1_705' title='bbox 626 4937 938 5005; x_wconf 87' lang='lat' dir='ltr'><strong>voluenmt,</strong></span> <span class='ocrx_word' id='word_1_706' title='bbox 968 4949 1107 4996; x_wconf 79' lang='lat' dir='ltr'><strong>utex</strong></span> <span class='ocrx_word' id='word_1_707' title='bbox 1134 4941 1362 4999; x_wconf 79' lang='lat' dir='ltr'><strong>inﬁnitis</strong></span> <span class='ocrx_word' id='word_1_708' title='bbox 1387 4947 1647 5002; x_wconf 74' lang='lat' dir='ltr'><strong>aerumnis</strong></span> <span class='ocrx_word' id='word_1_709' title='bbox 1670 4947 1941 5016; x_wconf 87' lang='lat' dir='ltr'><strong>malisque</strong></span> 
     </span>
    </p>
   </div>
   <div class='ocr_carea' id='block_1_97' title="bbox 359 5027 1938 5107">
    <p class='ocr_par' dir='ltr' id='par_1_97' title="bbox 359 5027 1938 5107">
     <span class='ocr_line' id='line_1_97' title="bbox 359 5027 1938 5107; baseline 0.009 -28"><span class='ocrx_word' id='word_1_710' title='bbox 359 5027 725 5097; x_wconf 81' lang='lat' dir='ltr'><strong>eriperentur.</strong></span> <span class='ocrx_word' id='word_1_711' title='bbox 765 5031 871 5084; x_wconf 87' lang='lat' dir='ltr'><strong>Sed</strong></span> <span class='ocrx_word' id='word_1_712' title='bbox 899 5033 1018 5086; x_wconf 70' lang='lat' dir='ltr'><strong>haec</strong></span> <span class='ocrx_word' id='word_1_713' title='bbox 1041 5032 1216 5102; x_wconf 85' lang='lat' dir='ltr'><strong>legum</strong></span> <span class='ocrx_word' id='word_1_714' title='bbox 1245 5050 1410 5106; x_wconf 89' lang='lat' dir='ltr'><strong>regna</strong></span> <span class='ocrx_word' id='word_1_715' title='bbox 1437 5047 1664 5107; x_wconf 87' lang='lat' dir='ltr'><strong>propter</strong></span> <span class='ocrx_word' id='word_1_716' title='bbox 1709 5038 1938 5094; x_wconf 87' lang='lat' dir='ltr'><strong>letentia</strong></span> 
     </span>
    </p>
   </div>
   <div class='ocr_carea' id='block_1_98' title="bbox 359 5119 1940 5196">
    <p class='ocr_par' dir='ltr' id='par_1_98' title="bbox 359 5119 1940 5196">
     <span class='ocr_line' id='line_1_98' title="bbox 359 5119 1940 5196; baseline 0.009 -24"><span class='ocrx_word' id='word_1_717' title='bbox 359 5129 416 5172; x_wconf 92' lang='lat' dir='ltr'><strong>et</strong></span> <span class='ocrx_word' id='word_1_718' title='bbox 455 5119 877 5180; x_wconf 87' lang='lat' dir='ltr'><strong>immedicabilia</strong></span> <span class='ocrx_word' id='word_1_719' title='bbox 932 5123 1096 5195; x_wconf 78' lang='lat'><strong>313</strong></span> <span class='ocrx_word' id='word_1_720' title='bbox 1121 5141 1154 5179; x_wconf 90' lang='lat' dir='ltr'><strong>a</strong></span> <span class='ocrx_word' id='word_1_721' title='bbox 1198 5127 1422 5182; x_wconf 87' lang='lat' dir='ltr'><strong>vulnera</strong></span> <span class='ocrx_word' id='word_1_722' title='bbox 1467 5129 1795 5196; x_wconf 88' lang='lat' dir='ltr'><strong>animarum,</strong></span> <span class='ocrx_word' id='word_1_723' title='bbox 1837 5146 1940 5186; x_wconf 84' lang='lat' dir='ltr'><strong>no-</strong></span> 
     </span>
    </p>
   </div>
   <div class='ocr_carea' id='block_1_99' title="bbox 2051 4565 3644 4640">
    <p class='ocr_par' dir='ltr' id='par_1_99' title="bbox 2051 4565 3644 4640">
     <span class='ocr_line' id='line_1_99' title="bbox 2051 4565 3644 4640; baseline -0.003 -18"><span class='ocrx_word' id='word_1_724' title='bbox 2051 4567 2150 4622; x_wconf 81' lang='grc' dir='ltr'>ἄνθ</span> <span class='ocrx_word' id='word_1_725' title='bbox 2160 4585 2356 4640; x_wconf 87' lang='grc' dir='ltr'>ρωποι,</span> <span class='ocrx_word' id='word_1_726' title='bbox 2372 4569 2608 4638; x_wconf 77' lang='grc' dir='ltr'>ἑκάστης</span> <span class='ocrx_word' id='word_1_727' title='bbox 2631 4567 2738 4620; x_wconf 90' lang='grc' dir='ltr'><strong>τῶν</strong></span> <span class='ocrx_word' id='word_1_728' title='bbox 2763 4566 3173 4639; x_wconf 87' lang='grc' dir='ltr'>προδεδομένων</span> <span class='ocrx_word' id='word_1_729' title='bbox 3200 4568 3387 4630; x_wconf 84' lang='grc' dir='ltr'>αὐτοῖς</span> <span class='ocrx_word' id='word_1_730' title='bbox 3407 4565 3644 4619; x_wconf 78' lang='grc' dir='ltr'>ἐντολῶν</span> 
     </span>
    </p>
   </div>
   <div class='ocr_carea' id='block_1_100' title="bbox 2052 4657 3642 4729">
    <p class='ocr_par' dir='ltr' id='par_1_100' title="bbox 2052 4657 3642 4729">
     <span class='ocr_line' id='line_1_100' title="bbox 2052 4657 3642 4729; baseline -0.001 -17"><span class='ocrx_word' id='word_1_731' title='bbox 2052 4658 2161 4728; x_wconf 85' lang='grc' dir='ltr'><strong>πρὸ</strong></span> <span class='ocrx_word' id='word_1_732' title='bbox 2207 4658 2306 4728; x_wconf 81' lang='grc' dir='ltr'><strong>τῆς</strong></span> <span class='ocrx_word' id='word_1_733' title='bbox 2339 4657 2577 4729; x_wconf 77' lang='grc' dir='ltr'>Χριστοῦ</span> <span class='ocrx_word' id='word_1_734' title='bbox 2619 4657 2927 4728; x_wconf 86' lang='grc' dir='ltr'>παρουσίας</span> <span class='ocrx_word' id='word_1_735' title='bbox 2969 4659 3112 4712; x_wconf 83' lang='grc' dir='ltr'>κατὰ</span> <span class='ocrx_word' id='word_1_736' title='bbox 3145 4657 3310 4728; x_wconf 87' lang='grc' dir='ltr'>τάχος</span> <span class='ocrx_word' id='word_1_737' title='bbox 3359 4657 3642 4727; x_wconf 83' lang='grc' dir='ltr'>βασιλείας</span> 
     </span>
    </p>
   </div>
   <div class='ocr_carea' id='block_1_101' title="bbox 2051 4750 3641 4824">
    <p class='ocr_par' dir='ltr' id='par_1_101' title="bbox 2051 4750 3641 4824">
     <span class='ocr_line' id='line_1_101' title="bbox 2051 4750 3641 4824; baseline -0.002 -17"><span class='ocrx_word' id='word_1_738' title='bbox 2051 4754 2276 4816; x_wconf 76' lang='grc' dir='ltr'>ἑαυτοὺς</span> <span class='ocrx_word' id='word_1_739' title='bbox 2298 4751 2715 4823; x_wconf 79' lang='grc' dir='ltr'>ἀφηνιάζοντες,</span> <span class='ocrx_word' id='word_1_740' title='bbox 2742 4752 2836 4806; x_wconf 84' lang='grc' dir='ltr'><strong>καὶ</strong></span> <span class='ocrx_word' id='word_1_741' title='bbox 2866 4755 2931 4824; x_wconf 84' lang='grc' dir='ltr'><strong>τῇ</strong></span> <span class='ocrx_word' id='word_1_742' title='bbox 2956 4753 3235 4823; x_wconf 83' lang='grc' dir='ltr'>ἁντιμίμῳ</span> <span class='ocrx_word' id='word_1_743' title='bbox 3261 4751 3464 4822; x_wconf 74' lang='grc' dir='ltr'>μᾶλλον</span> <span class='ocrx_word' id='word_1_744' title='bbox 3488 4750 3641 4805; x_wconf 78' lang='grc' dir='ltr'>πειθο</span> 
     </span>
    </p>
   </div>
   <div class='ocr_carea' id='block_1_102' title="bbox 2048 4844 3642 4917">
    <p class='ocr_par' dir='ltr' id='par_1_102' title="bbox 2048 4844 3642 4917">
     <span class='ocr_line' id='line_1_102' title="bbox 2048 4844 3642 4917; baseline -0.001 -18"><span class='ocrx_word' id='word_1_745' title='bbox 2048 4849 2237 4917; x_wconf 87' lang='grc' dir='ltr'>αρχεῖν</span> <span class='ocrx_word' id='word_1_746' title='bbox 2268 4846 2363 4901; x_wconf 78' lang='grc' dir='ltr'><strong>καὶ</strong></span> <span class='ocrx_word' id='word_1_747' title='bbox 2389 4847 2480 4899; x_wconf 84' lang='grc' dir='ltr'>ὑπ’</span> <span class='ocrx_word' id='word_1_748' title='bbox 2499 4846 2672 4915; x_wconf 78' lang='grc' dir='ltr'>αὐτῆς</span> <span class='ocrx_word' id='word_1_749' title='bbox 2705 4845 3085 4916; x_wconf 84' lang='grc' dir='ltr'>βασιλεύεσθαι</span> <span class='ocrx_word' id='word_1_750' title='bbox 3116 4844 3568 4917; x_wconf 81' lang='grc' dir='ltr'>προαιρούμενοι,</span> <span class='ocrx_word' id='word_1_751' title='bbox 3591 4847 3642 4898; x_wconf 82' lang='grc' dir='ltr'><strong>εί</strong></span> 
     </span>
    </p>
   </div>
   <div class='ocr_carea' id='block_1_103' title="bbox 2048 4934 3642 5009">
    <p class='ocr_par' dir='ltr' id='par_1_103' title="bbox 2048 4934 3642 5009">
     <span class='ocr_line' id='line_1_103' title="bbox 2048 4934 3642 5009; baseline -0.003 -17"><span class='ocrx_word' id='word_1_752' title='bbox 2048 4940 2146 4992; x_wconf 80' lang='grc' dir='ltr'>καὶ</span> <span class='ocrx_word' id='word_1_753' title='bbox 2176 4939 2606 5009; x_wconf 84' lang='grc' dir='ltr'>μεταμελόμενοι</span> <span class='ocrx_word' id='word_1_754' title='bbox 2624 4939 2670 4970; x_wconf 73' lang='grc'><strong>⁸⁵</strong></span> <span class='ocrx_word' id='word_1_755' title='bbox 2701 4937 2965 5000; x_wconf 85' lang='grc' dir='ltr'>πολλάκις</span> <span class='ocrx_word' id='word_1_756' title='bbox 3011 4937 3312 5007; x_wconf 77' lang='grc' dir='ltr'>ἐπεζήτουν</span> <span class='ocrx_word' id='word_1_757' title='bbox 3342 4936 3508 4990; x_wconf 85' lang='grc' dir='ltr'>πάλιν</span> <span class='ocrx_word' id='word_1_758' title='bbox 3540 4934 3642 5006; x_wconf 75' lang='grc' dir='ltr'>τὴν</span> 
     </span>
    </p>
   </div>
   <div class='ocr_carea' id='block_1_104' title="bbox 2050 5026 3640 5103">
    <p class='ocr_par' dir='ltr' id='par_1_104' title="bbox 2050 5026 3640 5103">
     <span class='ocr_line' id='line_1_104' title="bbox 2050 5026 3640 5103; baseline -0.003 -18"><span class='ocrx_word' id='word_1_759' title='bbox 2050 5031 2188 5103; x_wconf 74' lang='grc' dir='ltr'>πρὸς</span> <span class='ocrx_word' id='word_1_760' title='bbox 2227 5031 2364 5085; x_wconf 84' lang='grc' dir='ltr'>Θεοῦ</span> <span class='ocrx_word' id='word_1_761' title='bbox 2391 5031 2684 5102; x_wconf 84' lang='grc' dir='ltr'>δεδομένην</span> <span class='ocrx_word' id='word_1_762' title='bbox 2717 5031 2902 5095; x_wconf 80' lang='grc' dir='ltr'>αὐτοῖς</span> <span class='ocrx_word' id='word_1_763' title='bbox 2944 5029 3382 5101; x_wconf 86' lang='grc' dir='ltr'>βασιλικωτάτην</span> <span class='ocrx_word' id='word_1_764' title='bbox 3415 5026 3640 5096; x_wconf 74' lang='grc' dir='ltr'>ἐντολὴν</span> 
     </span>
    </p>
   </div>
   <div class='ocr_carea' id='block_1_105' title="bbox 2049 5119 3639 5195">
    <p class='ocr_par' dir='ltr' id='par_1_105' title="bbox 2049 5119 3639 5195">
     <span class='ocr_line' id='line_1_105' title="bbox 2049 5119 3639 5195; baseline -0.003 -17"><span class='ocrx_word' id='word_1_765' title='bbox 2049 5125 2147 5180; x_wconf 85' lang='grc' dir='ltr'><strong>καὶ</strong></span> <span class='ocrx_word' id='word_1_766' title='bbox 2178 5126 2572 5195; x_wconf 82' lang='grc' dir='ltr'>άνακαινισμδν</span> <span class='ocrx_word' id='word_1_767' title='bbox 2591 5124 2703 5177; x_wconf 91' lang='grc' dir='ltr'><strong>τῶν</strong></span> <span class='ocrx_word' id='word_1_768' title='bbox 2728 5123 3136 5195; x_wconf 85' lang='grc' dir='ltr'>διαφθαρέντων</span> <span class='ocrx_word' id='word_1_769' title='bbox 3154 5121 3332 5176; x_wconf 86' lang='grc' dir='ltr'>αὐτῶν</span> <span class='ocrx_word' id='word_1_770' title='bbox 3351 5123 3416 5175; x_wconf 79' lang='grc' dir='ltr'>ὲκ</span> <span class='ocrx_word' id='word_1_771' title='bbox 3434 5119 3639 5183; x_wconf 78' lang='grc' dir='ltr'>κακίας</span> 
     </span>
    </p>
   </div>
   <div class='ocr_carea' id='block_1_106' title="bbox 1645 5301 2328 5361">
    <p class='ocr_par' dir='ltr' id='par_1_106' title="bbox 1645 5301 2328 5361">
     <span class='ocr_line' id='line_1_106' title="bbox 1645 5301 2328 5361; baseline 0.004 -6"><span class='ocrx_word' id='word_1_772' title='bbox 1645 5301 1878 5359; x_wconf 76' lang='lat' dir='ltr'><strong>VARUE</strong></span> <span class='ocrx_word' id='word_1_773' title='bbox 1919 5303 2328 5361; x_wconf 81' lang='lat' dir='ltr'><strong>LECTIONES.</strong></span> 
     </span>
    </p>
   </div>
   <div class='ocr_carea' id='block_1_107' title="bbox 429 5416 1406 5489">
    <p class='ocr_par' dir='ltr' id='par_1_107' title="bbox 429 5416 1406 5489">
     <span class='ocr_line' id='line_1_107' title="bbox 429 5416 1406 5489; baseline 0.007 -20"><span class='ocrx_word' id='word_1_774' title='bbox 429 5416 481 5489; x_wconf 74' lang='lat'><strong>&quot;_</strong></span> <span class='ocrx_word' id='word_1_775' title='bbox 510 5417 589 5486; x_wconf 84' lang='grc' dir='ltr'>τῷ</span> <span class='ocrx_word' id='word_1_776' title='bbox 611 5420 653 5471; x_wconf 83' lang='grc' dir='ltr'><strong>Α</strong></span> <span class='ocrx_word' id='word_1_777' title='bbox 679 5437 691 5471; x_wconf 88' lang='lat'><strong>:</strong></span> <span class='ocrx_word' id='word_1_778' title='bbox 722 5419 816 5472; x_wconf 89' lang='grc' dir='ltr'><strong>τοῦ</strong></span> <span class='ocrx_word' id='word_1_779' title='bbox 849 5438 908 5484; x_wconf 75' lang='grc' dir='ltr'><strong>ς,</strong></span> <span class='ocrx_word' id='word_1_780' title='bbox 1015 5422 1058 5451; x_wconf 69' lang='grc'><strong>³⁷</strong></span> <span class='ocrx_word' id='word_1_781' title='bbox 1102 5427 1273 5489; x_wconf 87' lang='grc' dir='ltr'>μωσεί</span> <span class='ocrx_word' id='word_1_782' title='bbox 1299 5423 1406 5476; x_wconf 80' lang='grc' dir='ltr'><strong>ΑΒ.</strong></span> 
     </span>
    </p>
   </div>
   <div class='ocr_carea' id='block_1_108' title="bbox 1515 5425 1962 5496">
    <p class='ocr_par' dir='ltr' id='par_1_108' title="bbox 1515 5425 1962 5496">
     <span class='ocr_line' id='line_1_108' title="bbox 1515 5425 1962 5496; baseline 0 0"><span class='ocrx_word' id='word_1_783' title='bbox 1515 5425 1558 5456; x_wconf 82' lang='grc'><strong>³⁸</strong></span> <span class='ocrx_word' id='word_1_784' title='bbox 1583 5429 1661 5496; x_wconf 73' lang='grc' dir='ltr'>τῇ</span> <span class='ocrx_word' id='word_1_785' title='bbox 1696 5429 1962 5496; x_wconf 62' lang='grc' dir='ltr'><strong>σωτηρίᾳ.</strong></span> 
     </span>
    </p>
   </div>
   <div class='ocr_carea' id='block_1_109' title="bbox 2067 5424 3632 5508">
    <p class='ocr_par' dir='ltr' id='par_1_109' title="bbox 2067 5424 3632 5508">
     <span class='ocr_line' id='line_1_109' title="bbox 2067 5424 3632 5508; baseline 0.006 -27"><span class='ocrx_word' id='word_1_786' title='bbox 2067 5428 2288 5508; x_wconf 43' lang='grc' dir='ltr'>ξθμπαιδ.</span> <span class='ocrx_word' id='word_1_787' title='bbox 2310 5431 2418 5492; x_wconf 75' lang='grc' dir='ltr'>τοῖς</span> <span class='ocrx_word' id='word_1_788' title='bbox 2443 5429 2663 5508; x_wconf 82' lang='grc' dir='ltr'>τέτρασι</span> <span class='ocrx_word' id='word_1_789' title='bbox 2694 5445 2801 5508; x_wconf 39' lang='grc' dir='ltr'><strong>ς..-</strong></span> <span class='ocrx_word' id='word_1_790' title='bbox 2833 5427 2877 5459; x_wconf 74' lang='grc' dir='ltr'><strong>’⁵ο</strong></span> <span class='ocrx_word' id='word_1_791' title='bbox 2905 5424 3236 5508; x_wconf 53' lang='grc' dir='ltr'>τρυφῂνᾉΒ</span> <span class='ocrx_word' id='word_1_792' title='bbox 3261 5443 3274 5478; x_wconf 73' lang='grc' dir='ltr'>ε</span> <span class='ocrx_word' id='word_1_793' title='bbox 3300 5425 3510 5494; x_wconf 62' lang='grc' dir='ltr'><strong>τροφὴν</strong></span> <span class='ocrx_word' id='word_1_794' title='bbox 3569 5442 3632 5490; x_wconf 75' lang='grc' dir='ltr'><strong>ς.</strong></span> 
     </span>
    </p>
   </div>
   <div class='ocr_carea' id='block_1_110' title="bbox 358 5482 3390 5570">
    <p class='ocr_par' dir='ltr' id='par_1_110' title="bbox 358 5482 3390 5570">
     <span class='ocr_line' id='line_1_110' title="bbox 358 5482 3390 5570; baseline 0.003 -32"><span class='ocrx_word' id='word_1_795' title='bbox 358 5482 404 5514; x_wconf 75' lang='grc'><strong><em>⁸⁸</em></strong></span> <span class='ocrx_word' id='word_1_796' title='bbox 438 5487 514 5549; x_wconf 82' lang='grc' dir='ltr'>εἰς</span> <span class='ocrx_word' id='word_1_797' title='bbox 540 5482 586 5542; x_wconf 78' lang='grc' dir='ltr'><strong>Ᾱ</strong></span> <span class='ocrx_word' id='word_1_798' title='bbox 624 5508 637 5543; x_wconf 90' lang='lat'>:</span> <span class='ocrx_word' id='word_1_799' title='bbox 680 5489 777 5560; x_wconf 80' lang='grc' dir='ltr'>τὴν</span> <span class='ocrx_word' id='word_1_800' title='bbox 807 5482 976 5556; x_wconf 14' lang='lat' dir='ltr'><strong>sagit.</strong></span> <span class='ocrx_word' id='word_1_801' title='bbox 1056 5482 1273 5546; x_wconf 66' lang='grc' dir='ltr'><strong>’δ”ὲλέου</strong></span> <span class='ocrx_word' id='word_1_802' title='bbox 1299 5496 1363 5546; x_wconf 72' lang='grc' dir='ltr'><strong>Α.</strong></span> <span class='ocrx_word' id='word_1_803' title='bbox 1445 5496 1490 5525; x_wconf 77' lang='grc'><strong>⁵⁵³</strong></span> <span class='ocrx_word' id='word_1_804' title='bbox 1529 5482 1867 5567; x_wconf 61' lang='grc' dir='ltr'>παρ’θένιεί</span> <span class='ocrx_word' id='word_1_805' title='bbox 1917 5482 2000 5530; x_wconf 52' lang='grc' dir='ltr'><strong>’λδ</strong></span> <span class='ocrx_word' id='word_1_806' title='bbox 2048 5497 2169 5564; x_wconf 75' lang='grc' dir='ltr'><strong>Ἰεζ.</strong></span> <span class='ocrx_word' id='word_1_807' title='bbox 2202 5503 2294 5552; x_wconf 74' lang='grc' dir='ltr'><strong>καὶ</strong></span> <span class='ocrx_word' id='word_1_808' title='bbox 2331 5482 2586 5568; x_wconf 64' lang='grc' dir='ltr'>γυναικός</span> <span class='ocrx_word' id='word_1_809' title='bbox 2612 5517 2672 5564; x_wconf 80' lang='grc' dir='ltr'>ς.</span> <span class='ocrx_word' id='word_1_810' title='bbox 2703 5482 2722 5492; x_wconf 44' lang='grc' dir='ltr'><strong><em>ν</em></strong></span> <span class='ocrx_word' id='word_1_811' title='bbox 2758 5499 2802 5531; x_wconf 72' lang='grc'><strong>⁸⁵⁵</strong></span> <span class='ocrx_word' id='word_1_812' title='bbox 2839 5482 3303 5570; x_wconf 70' lang='grc' dir='ltr'>μεταμελούμενοι</span> 
     </span>
    </p>
   </div>
   <div class='ocr_carea' id='block_1_111' title="bbox 1864 5615 2097 5674">
    <p class='ocr_par' dir='ltr' id='par_1_111' title="bbox 1864 5615 2097 5674">
     <span class='ocr_line' id='line_1_111' title="bbox 1864 5615 2097 5674; baseline 0.021 -5"><span class='ocrx_word' id='word_1_813' title='bbox 1864 5615 2097 5674; x_wconf 63' lang='grc' dir='ltr'><strong>ΝΟΤᾸΞ.</strong></span> 
     </span>
    </p>
   </div>
   <div class='ocr_carea' id='block_1_112' title="bbox 361 5704 1290 5776">
    <p class='ocr_par' dir='ltr' id='par_1_112' title="bbox 361 5704 1290 5776">
     <span class='ocr_line' id='line_1_112' title="bbox 361 5704 1290 5776; baseline 0.001 -14"><span class='ocrx_word' id='word_1_814' title='bbox 361 5751 370 5762; x_wconf 67' lang='grc' dir='ltr'><strong>ι</strong></span> <span class='ocrx_word' id='word_1_815' title='bbox 431 5704 641 5774; x_wconf 68' lang='grc' dir='ltr'><strong>(ΟΕ-85)</strong></span> <span class='ocrx_word' id='word_1_816' title='bbox 683 5707 868 5773; x_wconf 82' lang='grc' dir='ltr'>ἁγνός,</span> <span class='ocrx_word' id='word_1_817' title='bbox 900 5719 1082 5761; x_wconf 76' lang='lat' dir='ltr'><strong>castus</strong></span> <span class='ocrx_word' id='word_1_818' title='bbox 1107 5725 1290 5776; x_wconf 85' lang='lat' dir='ltr'><strong>purus.</strong></span> 
     </span>
    </p>
   </div>
   <div class='ocr_carea' id='block_1_113' title="bbox 433 5778 1928 5852">
    <p class='ocr_par' dir='ltr' id='par_1_113' title="bbox 433 5778 1928 5852">
     <span class='ocr_line' id='line_1_113' title="bbox 433 5778 1928 5852; baseline 0.005 -24"><span class='ocrx_word' id='word_1_819' title='bbox 433 5778 544 5844; x_wconf 64' lang='lat'><strong>(86)</strong></span> <span class='ocrx_word' id='word_1_820' title='bbox 575 5780 727 5842; x_wconf 70' lang='lat' dir='ltr'><strong>Quod</strong></span> <span class='ocrx_word' id='word_1_821' title='bbox 774 5782 841 5830; x_wconf 82' lang='lat' dir='ltr'><strong>ab</strong></span> <span class='ocrx_word' id='word_1_822' title='bbox 873 5789 1094 5834; x_wconf 80' lang='lat' dir='ltr'><strong>auctore</strong></span> <span class='ocrx_word' id='word_1_823' title='bbox 1145 5778 1474 5847; x_wconf 74' lang='lat' dir='ltr'><strong>virginitatis</strong></span> <span class='ocrx_word' id='word_1_824' title='bbox 1523 5779 1744 5836; x_wconf 83' lang='lat' dir='ltr'><strong>Christo</strong></span> <span class='ocrx_word' id='word_1_825' title='bbox 1775 5781 1928 5852; x_wconf 86' lang='lat' dir='ltr'><strong>plan-</strong></span> 
     </span>
    </p>
   </div>
   <div class='ocr_carea' id='block_1_114' title="bbox 2053 5709 3627 5785">
    <p class='ocr_par' dir='ltr' id='par_1_114' title="bbox 2053 5709 3627 5785">
     <span class='ocr_line' id='line_1_114' title="bbox 2053 5709 3627 5785; baseline 0.002 -22"><span class='ocrx_word' id='word_1_826' title='bbox 2053 5724 2219 5766; x_wconf 85' lang='lat' dir='ltr'><strong>tatum</strong></span> <span class='ocrx_word' id='word_1_827' title='bbox 2247 5724 2334 5785; x_wconf 80' lang='lat' dir='ltr'><strong>est</strong></span> <span class='ocrx_word' id='word_1_828' title='bbox 2369 5713 2438 5766; x_wconf 86' lang='lat' dir='ltr'><strong>iis</strong></span> <span class='ocrx_word' id='word_1_829' title='bbox 2462 5713 2556 5779; x_wconf 86' lang='lat' dir='ltr'><strong>qni</strong></span> <span class='ocrx_word' id='word_1_830' title='bbox 2579 5712 2941 5785; x_wconf 82' lang='lat' dir='ltr'><strong>vlrginitatcm</strong></span> <span class='ocrx_word' id='word_1_831' title='bbox 2996 5711 3454 5784; x_wconf 78' lang='lat' dir='ltr'><strong>cortlplectuntur.</strong></span> <span class='ocrx_word' id='word_1_832' title='bbox 3488 5709 3627 5766; x_wconf 75' lang='lat' dir='ltr'><strong>Vide</strong></span> 
     </span>
    </p>
   </div>
   <div class='ocr_carea' id='block_1_115' title="bbox 2043 5783 2559 5841">
    <p class='ocr_par' dir='ltr' id='par_1_115' title="bbox 2043 5783 2559 5841">
     <span class='ocr_line' id='line_1_115' title="bbox 2043 5783 2559 5841; baseline 0 -3"><span class='ocrx_word' id='word_1_833' title='bbox 2043 5795 2200 5841; x_wconf 86' lang='lat' dir='ltr'><strong>notas</strong></span> <span class='ocrx_word' id='word_1_834' title='bbox 2245 5783 2559 5839; x_wconf 69' lang='lat' dir='ltr'><strong>limsebelii.</strong></span> 
     </span>
    </p>
   </div>
  </div>
