3964 6246
321 342 459 409 1177
1339 345 1865 408 BIBLIOTHECA.
1893 369 1963 383 -
1990 343 2154 405 COD.
2184 343 2566 404 CCXXXVII.
3170 347 3176 354 '
3443 320 3595 392 1178

312 464 563 536 ψυχικῶν
593 462 1057 535 κατορθωμάτων.
1092 464 1516 537 Παραδιδόμενοι
1548 465 1660 536 γὰρ
1690 467 1771 529 εἰς
1792 467 1897 535 χεῖ·

2010 462 2218 516 luerunt
2247 460 2354 514 illis
2386 459 2401 513 i
2429 470 2698 528 mperare,
2732 456 2903 509 donec
2953 451 3112 516 Deus,
3145 453 3407 518 quartum
3429 443 3598 498 mise-

316 577 420 631 ρας
446 557 660 630 ἐχθρῶν
691 559 788 612 καὶ
817 557 966 628 πάθη
996 557 1239 629 ἀτιμίας.
1274 535 1576 628 ἐπεζήτουν
1608 535 1894 628 βασιλεύε-

2010 563 2154 610 ratus
2179 553 2473 614 hominem,
2504 549 2654 604 misit
2687 549 3017 611 castitatem,
3039 557 3068 596 a
3090 540 3376 610 Scriptura
3405 535 3594 590 rham-

313 653 440 705 σθαι
465 654 533 722 τῇ
564 652 754 722 ἐντολῇ
788 652 885 706 καὶ
923 654 1037 714 τοῖς
1070 650 1463 721 προστάγμασι
1491 650 1588 722 τοῦ
1619 649 1779 714 Θεοῦ,
1811 651 1900 703 ἵνα

2010 661 2132 701 num
2162 653 2530 715 congruenter
2571 639 2924 710 appellatam,
2966 649 3088 704 qua:
3137 632 3212 685 illi
3265 631 3592 699 imperaret,

309 744 539 812 γένηται
568 744 754 806 αὐτοῖς
785 744 938 808 λύσις
961 744 1072 798 τῶν
1103 744 1459 800 πολυπλόκων
1486 742 1782 814 συμφορῶν
1803 741 1902 795 καὶ

2010 752 2127 806 quae
2191 733 2565 804 voluptatibus
2627 730 2924 799 superatis,
2981 727 3148 780 etiam
3212 722 3268 776 in
3323 720 3596 788 reliquum

313 834 607 904 ἀπαλλαγὴ
636 834 746 888 τῶν
773 834 981 889 κακῶν.
1004 837 1069 888 Δί
1103 835 1160 889 δὲ
1192 834 1280 887 διὰ
1308 833 1370 886 τὸ
1404 813 1694 906 προσάξειν
1721 831 1903 886 αὐτῶν

2010 838 2220 897 tempus
2248 826 2356 882 illis
2374 824 2726 880 interminata
2749 830 2854 884 est,
2878 817 3047 886 quod,
3076 815 3178 870 nisi
3215 813 3317 868 sibi
3341 815 3599 879 parerent

312 924 410 977 κα)⁸
467 925 704 988 ἀνιάτως
758 923 905 994 ἔχειν
951 925 1080 988 τοὺς
1123 925 1227 994 τῆς
1273 923 1453 995 ψυχῆς
1499 921 1776 991 μώλωπας
1804 921 1904 975 οὐκ

2010 935 2216 986 omnes,
2258 929 2312 974 et
2343 918 2557 973 sincere
2609 915 2677 970 ad
2722 929 2784 967 se
2831 911 3178 974 accederent,
3237 906 3480 958 futurum
3539 907 3598 954 ut

313 1014 601 1068 ἐϐούλοντο
628 1015 936 1086 βασιλεύειν
963 1015 1166 1083 αὐτῶν,
1202 1015 1398 1087 μέχρις
1423 1017 1452 1068 ό
1481 1014 1616 1077 Θεὸς
1640 1013 1904 1083 τέταρτον

2010 1027 2197 1066 omnes
2226 1009 2460 1064 ﬂammis
2488 1008 2948 1066 absumerentur;
3000 999 3201 1054 nullam
3270 995 3421 1050 enim
3475 999 3598 1060 post

314 1081 658 1178 κατελεήσας
687 1107 779 1165 τὸν
808 1107 1099 1176 ἄνθρωπον
1251 1081 1476 1174 diem
1493 1081 1787 1158 ἀπέστειλε
1808 1102 1904 1174 βα-

2010 1104 2150 1159 hanc
2175 1102 2338 1156 aliam
2393 1101 2565 1172 legem
2597 1106 2692 1154 aut
2737 1096 3044 1152 doctrinam
3101 1097 3436 1148 secuturam,
3493 1081 3590 1138 sed

317 1173 567 1252 σιλεῦσαι
587 1241 604 1265 ,
629 1201 698 1270 ἢν
725 1173 934 1271 ῥάμνον
977 1173 1579 1264 ἀκολούθωςίὲκάλεσεν
1607 1200 1642 1270 ἡ
1673 1197 1862 1269 Γραφή
1887 1211 1904 1230 ο

2010 1195 2263 1263 iudicium
2290 1202 2346 1248 et
2379 1192 2578 1260 ignem.
2614 1190 2753 1245 Hinc
2779 1186 3035 1253 deinceps
3078 1183 3241 1236 homo
3291 1173 3464 1244 coepit
3503 1173 3594 1244 ju-

312 1290 436 1361 ἥτις
472 1269 904 1346 καταναλῶσασα
927 1292 1029 1356 τὰς
1059 1293 1274 1362 ήδονὰς,
1302 1294 1396 1346 καὶ
1427 1269 1772 1362 ἀπειλήσασα
1790 1289 1904 1342 λοι-

2010 1288 2214 1344 stitiam
2261 1285 2462 1352 colere,
2501 1285 2724 1352 Deoque
2773 1287 3094 1335 constanter
3149 1289 3248 1343 per
3299 1273 3462 1328 fidem
3494 1269 3592 1322 ad-

314 1385 437 1448 πδν,
469 1386 520 1439 εί
553 1385 630 1456 μὴ
663 1387 801 1459 αὐτῇ
850 1386 1136 1441 πείθονται
1180 1387 1386 1451 πάντες
1431 1387 1526 1440 καὶ
1571 1387 1631 1438 ἐν
1676 1381 1904 1453 ἀληθείᾳ

2014 1381 2250 1444 haarere,
2280 1389 2337 1434 et
2357 1393 2416 1432 se
2449 1393 2478 1430 a
2502 1375 2717 1432 diabolo
2752 1376 3063 1442 seiungere.

314 1481 730 1553 προσέρχοιντο,
767 1484 904 1554 πυρὶ
949 1484 1405 1552 καταδαπανῆσαι
1437 1485 1676 1545 πάντας·
1715 1479 1901 1534 οὐκέτι
1936 1481 2047 1549 γὰρ
2079 1479 2218 1549 μετά
2243 1478 2449 1547 ταύτην
2493 1474 2714 1528 ἔσεσθαι
2759 1474 2925 1542 νόμον
2953 1469 2988 1538 ἣ
3053 1465 3400 1521 διδασκαλίαν
3478 1459 3597 1513 ἐτέ-

316 1589 439 1643 ραν,
471 1573 609 1628 ἀλλά
637 1575 732 1630 καὶ
757 1576 938 1647 κρίσιν
965 1577 1074 1645 καὶ⁹
1093 1576 1244 1648 πῦρ·
1275 1577 1372 1632 καὶ
1399 1577 1488 1632 διὰ
1520 1576 1680 1630 τοῦτο
1713 1570 1902 1626 λοιπὸν
1966 1569 2062 1623 ἀπ’
2125 1569 2377 1624 ἐντεῦθεν
2420 1570 2837 1639 δικαιοπραγεῖν
2867 1565 2895 1618 ό
2924 1562 3215 1634 ἄνθρωπος
3248 1555 3453 1629 ἣρξατο
3499 1554 3598 1607 καὶ

315 1667 597 1727 πιστεύειν
628 1668 862 1740 βεϐαίως
885 1669 964 1740 τῷ
987 1670 1108 1740 Θεῷ
1137 1673 1232 1724 καὶ⁵
1255 1669 1648 1742 ἀποσχίζεσθαι
1659 1667 1758 1721 τοῦ
1780 1662 2054 1722 διαϐόλου,

389 1762 513 1814 Ὀτι
546 1765 883 1831 σημειωτέον
917 1763 993 1827 ὡς
1013 1759 1168 1829 οὗτος
1195 1767 1224 1818 ὁ
1248 1741 1517 1834 διάλογος,
1544 1756 1588 1832 ᾧ
1611 1761 1894 1832 ἐπιγραφὴ

2067 1761 2491 1821 Observandum,
2540 1757 2811 1827 dialogum
2887 1755 3032 1809 hunc
3091 1749 3184 1819 qui
3258 1741 3593 1815 Symposium

313 1852 669 1920 Συμπόσιον
697 1854 730 1926 ἢ
761 1856 889 1926 περὶ
915 1857 1136 1926 ἁγνείας
1157 1856 1223 1921 ⁸⁸,
1255 1856 1406 1927 ποιρά
1437 1855 1573 1910 πολύ
1601 1857 1718 1908 ἐστι
1755 1870 1905 1907 νενο-

314 1939 580 2012 θευμένος
604 1943 650 1975 ⁸⁷
672 1959 687 1972 ⁸
719 1945 973 2016 εὑρήσεις
997 1948 1108 2018 γὰρ
1137 1948 1197 2001 ὲν
1229 1947 1379 2018 αὑτῷ
1408 1945 1906 2019 παραϐεϐλημένας

314 2035 413 2088 καὶ
443 2037 794 2106 Ἀρειανικὰς
820 2039 1148 2104 δοξοκοπίας
1175 2041 1272 2094 καὶ
1305 2040 1512 2110 ἐτέρων
1540 2038 1706 2092 τινῶν
1736 2053 1904 2090 κακο-

312 2123 613 2190 δοξούντων
642 2127 1096 2200 μυθολογήματα.

382 2214 508 2269 Ὀτι
548 2216 882 2286 σημειωτέον
919 2217 972 2270 τί
1015 2216 1147 2271 ποτέ
1196 2217 1313 2272 ἐστι
1357 2217 1419 2272 τὺ
1461 2219 1591 2273 κατ’
1617 2219 1843 2284 εἰκόνα,
1876 2215 1906 2270 ὃ

316 2311 480 2380 μόνος
526 2313 824 2383 ἐσχηκέναι
873 2312 1093 2390 λέγεται
1141 2311 1429 2384 ἄνθρωπος
1454 2310 1564 2364 τῶν
1615 2312 1720 2365 ὑπὸ
1765 2309 1904 2364 Θεοῦ

309 2405 720 2473 γεγενημένων.
753 2405 890 2459 Οὐδὲ
911 2405 1021 2475 γὰρ
1049 2404 1179 2477 [965
1196 2403 1292 2477 R.]
1319 2403 1385 2458 ἂν
1414 2402 1565 2474 εὖροι
1586 2420 1670 2467 τις
1697 2404 1784 2455 ἐπ’
1807 2405 1904 2456 ἀν-

314 2495 538 2568 θρώπου
562 2515 614 2550 τι
649 2496 758 2550 τῶν
790 2497 1012 2567 τιμίων,
1036 2489 1097 2551 οὗ
1135 2497 1212 2569 μὴ
1252 2497 1347 2550 καὶ
1394 2494 1642 2564 ἀγγέλων
1675 2494 1906 2564 μετέσχε

318 2589 506 2658 φύσις.
547 2588 684 2642 υύτε
714 2588 824 2660 γὰρ
849 2589 910 2642 τὸ
940 2588 1233 2652 ἀθάνατον,
1264 2587 1493 2656 καὶγὰρ
1517 2585 1614 2640 καὶ
1652 2585 1904 2655 ἄγγελος,

319 2681 445 2735 οὔτε
473 2683 533 2734 τὸ
563 2683 911 2748 αὐτεξούσιον
933 2700 946 2714 ·
985 2684 1034 2735 εἰ
1066 2682 1175 2752 γάρ
1203 2681 1285 2734 δτι
1330 2681 1582 2748 ἀγγέλοις
1637 2679 1778 2732 κατὰ
1814 2678 1908 2731 τὸν

313 2771 577 2838 Θεολόγον
607 2772 699 2825 ἐπὶ
727 2771 789 2825 τὸ
823 2770 1026 2840 ἀγαθὸν
1061 2768 1263 2840 μᾶλλον
1288 2769 1322 2838 ἡ
1368 2765 1530 2838 ῥοπὴ,
1577 2764 1720 2818 κατά
1746 2762 1908 2816 τοῦτο

315 2861 418 2930 ὅρα
451 2863 533 2914 δτι
571 2861 700 2932 μηδ’
729 2861 864 2925 ὅλως
892 2859 1122 2914 δυνατὸν
1149 2858 1211 2910 τὸ
1243 2860 1366 2912 κατ’
1398 2855 1585 2909 εἰκόνα
1616 2854 1777 2908 τοῦτο
1816 2855 1905 2905 ἐν-

315 2957 476 3007 νοεῖν.
510 2955 574 3007 Εἰ
626 2953 683 3007 δὲ
737 2953 798 3006 τὸ
852 2953 1080 3024 ἀρχικὸν
1133 2951 1314 3019 λέγεις
1367 2949 1596 3021 (ἄρχειν
1627 2946 1738 3018 γὰρ
1797 2945 1906 3000 τῶν

318 3045 519 3118 ἰχθύων
543 3047 638 3098 καὶ
672 3045 781 3098 τῶν
808 3045 983 3100 ἄλλων
1017 3047 1044 3099 ὁ
1075 3044 1364 3115 ἄνθρωπος
1393 3043 1530 3115 πρὸς
1562 3040 1699 3096 Θεοῦ
1738 3040 1904 3112 ἠξίω-

312 3155 408 3191 ται
438 3138 498 3191 ὲν
526 3139 592 3210 τῇ
621 3137 724 3207 τῆς
755 3137 1145 3207 κοσμογενείας
1191 3135 1541 3208 ξυγγραφῇ),
1576 3135 1688 3190 οὐδ’
1732 3133 1908 3197 οὕτως

311 3227 704 3297 ἀλλοτριώσεις
743 3227 835 3281 τὸν
868 3227 1100 3296 ἄγγελον
1124 3243 1138 3258 ο
1168 3227 1357 3298 ἄρχειν
1377 3227 1486 3298 γὰρ
1513 3227 1624 3281 τῶν
1657 3225 1908 3294 ἀγγέλων

311 3321 444 3382 τοὺς
481 3320 699 3383 πλείους
747 3319 934 3382 ἔθνους
961 3320 1057 3373 καὶ
1103 3319 1278 3389 φυλῆς
1322 3319 1477 3392 παρὰ
1524 3319 1624 3389 τῆς
1679 3317 1906 3387 Γραφῆς

316 3410 468 3474 ἰδίως
516 3409 896 3480 δεδιδάγμεθα.
933 3410 996 3462 Εἰ
1047 3408 1092 3464 δ’
1125 3411 1209 3462 ὅτι
1257 3409 1331 3484 μὴ
1376 3408 1685 3481 χειροήθεις
1724 3409 1906 3472 αὐτοῖς

307 3502 444 3565 τοὺς
500 3500 842 3573 ἀρχομένους
890 3499 1109 3555 τελοῦσι
1170 3501 1271 3572 τὴν
1317 3501 1583 3570 διαφορὰν
1636 3500 1901 3567 εἰσάγεις,

311 3594 576 3666 καθάπερ
599 3597 798 3648 ἐκεῖνοι
829 3593 899 3647 τὰ
931 3593 1105 3647 πολλά
1133 3592 1243 3646 τῶν
1268 3590 1444 3657 ζώων.
1485 3591 1640 3646 οὐδὲν
1666 3591 1802 3663 πρὸς
1827 3591 1905 3663 τῷ

309 3686 515 3756 γέλωτι
556 3686 866 3758 κομπάζεις
885 3704 900 3718 ο
933 3685 1056 3740 οὐδὲ
1087 3685 1194 3758 γὰρ
1227 3678 1288 3739 οὗ
1329 3685 1516 3739 εἰκόνα
1545 3685 1732 3756 φέρειν
1757 3688 1784 3739 ὁ
1813 3684 1908 3738 άν-

312 3781 534 3851 θρωπος
563 3781 807 3849 λέγεται,
834 3779 1143 3857 χειροήθεις
1169 3778 1296 3840 τοὺς
1318 3778 1652 3849 ἀρχομένους
1677 3777 1902 3850 (ἄπαγε)

307 3871 566 3927 δεικνύει.
597 3873 663 3927 Τί
711 3866 802 3926 οὖν
849 3873 968 3925 ἐστι
1005 3871 1087 3937 τὸ,
1131 3871 1258 3925 κατ’
1318 3872 1568 3934 εἰκόνας
1620 3871 1736 3924 ὅσοι
1794 3871 1903 3941 γὰρ

308 3965 414 4036 τὴν
473 3965 568 4019 τοῦ
636 3963 957 4036 σωματικοῦ
1019 3963 1150 4036 {512
1201 3962 1294 4036 H.]
1344 3963 1624 4034 σχήματος
1693 3961 1900 4033 εύπρέο

307 4073 477 4110 πειαν
536 4056 958 4128 ἐρῤαῴῴδησαν,
1005 4056 1142 4127 πρὸς
1186 4057 1300 4119 τοίς
1348 4055 1564 4127 μυρίοις
1627 4054 1900 4124 ἐλέγχοις,

312 4150 440 4203 οὐδὲ
482 4149 586 4220 τῆς
617 4151 758 4220 πρὸς
787 4150 880 4204 τὸν
933 4149 1164 4219 ἄγγελον
1199 4147 1487 4212 κοινωνίας
1531 4147 1672 4202 κατά
1720 4146 1900 4214 τοῦτο,

307 4244 455 4314 ὅπερ
495 4243 613 4296 ἐστὶ
641 4242 706 4296 τὸ
745 4243 1102 4313 ζητούμενον,
1141 4241 1233 4295 τὸν
1261 4240 1551 4312 ἄνθρωπον
1592 4240 1903 4312 ἠλευθέρω-

311 4349 451 4389 σαν⁶
501 4334 976 4405 ἀνθρωπόμορφον
1018 4333 1130 4405 γὰρ
1193 4335 1250 4388 αἰ
1310 4332 1452 4386 θεῖαι
1505 4332 1724 4403 Γραφαὶ
1771 4333 1901 4396 τοὺς

2010 1851 2347 1915 inscribitur,
2369 1851 2486 1905 sive
2519 1848 2587 1901 de
2617 1847 2889 1910 castitate,
2919 1855 3170 1910 magnam
3201 1848 3411 1908 partem
3445 1830 3597 1886 adul-

2008 1954 2243 1998 teratum
2300 1957 2462 1997 esse:
2519 1939 2764 1994 offendes
2811 1935 2958 1991 enim
3017 1934 3068 1986 in
3129 1930 3223 1984 illo
3255 1920 3498 1993 adiectas
3535 1931 3594 1975 et

2005 2038 2236 2092 Arianas
2269 2049 2548 2102 vanasqne
2575 2030 2943 2102 opinationes,
2996 2025 3242 2094 aliasque
3291 2018 3433 2075 male
3467 2030 3595 2070 seu-

2010 2131 2260 2185 tientium
2299 2127 2540 2183 fabulas.

2077 2219 2402 2277 Notandum.
2441 2216 2579 2285 Quid
2614 2215 2685 2270 sit
2721 2227 2822 2270 cur
2864 2209 3012 2266 solus
3048 2207 3213 2262 homo
3249 2217 3317 2258 ex
3343 2198 3598 2257 omnibus

2010 2334 2039 2373 a
2065 2318 2174 2372 Deo
2207 2314 2408 2370 creatis
2443 2313 2608 2366 rebus
2641 2310 2880 2370 dicatur,
2917 2304 3092 2359 factus
3123 2296 3423 2357 secundum
3452 2297 3591 2348 ima-

2008 2413 2186 2484 ginem
2217 2407 2354 2464 Dei?
2389 2405 2532 2460 Nihil
2591 2401 2736 2459 cnim
2796 2401 2850 2454 in
2915 2397 3134 2453 homine
3172 2390 3414 2463 reperiat
3468 2386 3593 2458 quis

2009 2482 2210 2566 nobile,
2252 2513 2361 2567 quo
2413 2503 2597 2552 careat
2642 2491 2886 2560 angelica
2929 2497 3164 2542 natura:
3223 2498 3330 2538 non
3366 2482 3592 2536 immor-

2009 2591 2216 2654 talitas,
2276 2604 2398 2643 nam
2446 2596 2500 2640 et
2538 2584 2763 2656 angelus
2792 2578 3161 2642 immortalis;
3195 2591 3300 2630 non
3357 2573 3589 2627 liberum

2007 2682 2315 2746 arbitrium,
2347 2695 2472 2734 nam
2505 2678 2548 2733 si
2573 2674 2772 2743 angeli,
2804 2682 2866 2726 ut
2899 2669 3068 2726 sentit
3102 2667 3430 2734 Theologus,
3457 2660 3592 2735 [Na-

2007 2770 2323 2843 zianzenus]
2371 2770 2544 2837 magis
2597 2767 2783 2839 [quam
2836 2760 3110 2832 homines]
3160 2758 3498 2828 propendent
3538 2756 3591 2808 in

2006 2866 2231 2928 bonum,
2259 2861 2563 2917 secundum
2627 2859 2730 2912 hoc
2759 2853 3002 2920 intellige
3055 2849 3204 2905 nullo
3237 2848 3398 2902 modo
3427 2859 3590 2914 posse

2007 2957 2180 3028 accipi
2213 2953 2342 3010 illud
2377 2952 2674 3008 secundum
2717 2945 3150 3003 similitudinem.
3195 2939 3254 2994 Si
3299 2937 3591 3007 imperium

2010 3051 2160 3108 dicas
2191 3048 2466 3120 (dignatus
2495 3053 2578 3098 est
2603 3042 2747 3096 enim
2789 3041 2953 3094 homo
3000 3052 3029 3090 a
3061 3034 3172 3088 Deo
3204 3032 3436 3101 imperio
3483 3030 3590 3101 pis-

2014 3143 2159 3198 cium
2209 3150 2266 3196 et
2297 3137 2526 3192 aliorum
2567 3133 2620 3188 in
2672 3133 2786 3202 ipsa
2843 3128 3028 3184 mundi
3080 3123 3334 3181 fabricati
3384 3122 3594 3178 descri-

2014 3231 2240 3305 ptione),
2275 3245 2342 3286 ne
2375 3230 2453 3284 sic
2477 3228 2695 3298 quidem
2727 3224 2949 3294 angelos
2977 3220 3235 3278 ostendes
3259 3231 3382 3272 esse
3408 3215 3596 3270 diver-

2012 3343 2125 3384 sos.
2157 3321 2435 3380 Dominari
2482 3321 2625 3374 enim
2661 3318 2842 3388 plures
2875 3313 3193 3385 angelorum
3222 3307 3500 3379 gentibus,
3531 3315 3590 3360 et

2014 3418 2326 3475 nationibus
2356 3412 2727 3483 singulatime
2782 3407 3065 3474 Scriptura
3118 3401 3412 3458 didicimus
3436 3399 3488 3454 ιι.
3532 3397 3593 3452 Si

2012 3521 2220 3572 autem,
2245 3507 2390 3578 quod
2418 3504 2695 3574 subjectos
2730 3515 2838 3554 non
2864 3494 3176 3552 tractabiles
3207 3493 3309 3549 sibi
3339 3493 3591 3553 reddant,

2012 3600 2472 3675 quemadmodum
2533 3595 2607 3652 illi
2663 3593 2834 3648 multa
2893 3589 3173 3652 animalia,
3236 3582 3596 3641 diﬂ'erentiam

2010 3693 2334 3756 constituas,
2363 3688 2497 3745 nihil
2530 3688 2631 3743 nisi
2652 3688 2820 3742 risum
2841 3685 3038 3754 jactas,
3071 3677 3407 3750 nequeenim
3433 3675 3597 3730 homo

2011 3783 2164 3853 cujus
2189 3783 2478 3853 imaginem
2528 3777 2674 3834 ferre
2700 3777 2898 3832 dicitur
2934 3773 3127 3846 (apage
3156 3767 3410 3838 dictum),
3470 3764 3600 3820 sub-

2005 3880 2178 3950 jectos
2199 3877 2375 3931 reddit
2395 3875 2509 3930 sive
2533 3871 2772 3928 ostendit
2803 3875 3143 3923 mansuetos.
3162 3863 3302 3929 Quid
3324 3861 3489 3930 igitur
3513 3869 3598 3913 est

2011 3970 2161 4035 illud,
2207 3968 2494 4024 secundum
2553 3960 2888 4033 imaginem?
2935 3955 3068 4012 Nam
3117 3955 3428 4024 quicunque
3483 3964 3600 4000 cor-

2009 4076 2188 4134 porea:
2217 4062 2400 4129 ﬁgurae
2439 4055 2774 4126 elegantiam
2828 4046 3127 4106 commenti
3161 4054 3309 4106 sunt,
3346 4043 3598 4097 omnibus

2011 4133 2126 4212 suis
2154 4151 2491 4224 argumentis
2525 4147 2798 4207 hominem
2835 4158 3010 4210 neque
3035 4143 3101 4196 ah
3136 4137 3457 4208 angelorum
3484 4133 3600 4205 qni-

2009 4251 2132 4303 dem
2181 4245 2371 4300 forma:
2417 4239 2802 4297 communione
2857 4250 2956 4305 pro
3004 4233 3220 4288 ratione
3268 4225 3596 4299 quaestionis

2009 4340 2308 4396 liberarunt
2336 4337 2471 4408 (87).
2501 4333 2583 4388 Ab
2624 4329 2830 4401 angelis
2857 4327 3002 4382 enim
3027 4325 3318 4379 humanam
3353 4319 3598 4373 indutam

309 4427 584 4498 ἀγγέλους
607 4430 741 4500 ἡμῖν
768 4427 1080 4482 ἐνδεδύσθαι
1119 4426 1308 4498 σχῆμα
1338 4425 1705 4479 ὑπετύπωσαν
1733 4424 1799 4481 ⁸⁸.
1834 4425 1899 4478 Εἰ

2010 4444 2131 4486 esse
2154 4406 2405 4488 formam,
2433 4423 2588 4478 nobis
2613 4419 2811 4474 divinae
2858 4416 3084 4470 Litterae
3117 4410 3497 4482 prodiderunt.
3539 4406 3598 4460 Si

2641 4508 2686 4521 ,,,
2748 4519 2756 4521 ξ
2833 4507 2843 4516 ,
2949 4520 2954 4521 ί
3012 4501 3259 4521 ,ηηημ
3343 4499 3594 4521 L_______

310 4522 373 4576 δὲ
405 4522 468 4574 τὸ
499 4520 895 4594 δημιουργικὸν
924 4521 1019 4574 καὶ
1051 4519 1354 4591 πρακτικὸν
1382 4519 1427 4551 δ’
1468 4519 1548 4581 εἰς
1579 4516 1813 4588 ὓπαρξιν
1839 4517 1900 4571 τό

2010 4530 2184 4575 autem
2230 4514 2443 4585 opilicis
2503 4521 2558 4566 et
2602 4507 2878 4565 elfectoris
2943 4501 3262 4576 substantia:
3342 4499 3598 4553 humanae

311 4616 440 4670 κατ’
472 4616 658 4668 εἰκόνα
680 4614 978 4682 φυλάσσειν
1010 4614 1155 4684 ἔχεις
1181 4613 1267 4665 ἐπ’
1295 4609 1586 4682 ἀνθρώπου
1615 4610 1903 4681 (δημιουρ-

313 4709 408 4776 γεῖ
436 4707 548 4777 γὰρ
573 4706 706 4770 Θεὸς
731 4707 778 4738 ⁸⁸
811 4707 871 4758 τὸ
905 4707 1036 4770 πᾶν,
1065 4705 1361 4776 ἀφράστως
1395 4704 1490 4756 καὶ
1534 4703 1903 4775 ἀνεπινοήτως

313 4799 580 4869 προάγων
605 4799 676 4852 τὰ
705 4799 779 4870 μὴ
808 4797 957 4862 ὄντα,
981 4796 1120 4850 ἀλλὰ
1152 4797 1246 4848 καὶ
1277 4793 1566 4865 ἄνθρωπος
1598 4795 1768 4847 ἐνίοτε
1803 4794 1903 4865 μὲν

314 4891 382 4943 ἐκ
407 4890 510 4960 τῆς
547 4889 686 4953 ἰδίας
735 4889 926 4953 ούσίας
975 4889 1070 4942 καὶ
1108 4887 1325 4957 φύσεως
1369 4887 1578 4957 σπορᾶς
1627 4886 1904 4958 καταϐολῇ

313 4982 504 5049 ὅμοιον
553 4980 843 5052 ἄνθρωπον
895 4979 1181 5052 γεωργῶν,
1224 4980 1396 5033 ἐνίοτε
1429 4979 1487 5032 δὲ
1534 4979 1700 5051 τέχνῃ
1732 4979 1904 5034 πολλὰ

313 5074 425 5127 τῶν
473 5073 751 5151 τεχνητῶν
776 5076 822 5106 ⁸¹
859 5073 1245 5145 δημιουργῶν,
1295 5073 1344 5126 εἰ
1388 5073 1483 5126 καὶ
1513 5071 1588 5143 μὴ
1634 5073 1679 5105 ⁸³
1710 5074 1776 5126 ἐκ
1807 5072 1905 5126 τοῦ

318 5165 548 5236 μηδαμῆ
581 5167 848 5238 μηδαμῶς
881 5167 928 5199 ⁸³
955 5166 1151 5232 ὄντος),
1181 5164 1318 5218 ἀλλὰ
1343 5165 1437 5218 καὶ⁴
1463 5164 1622 5218 τοῦτό
1650 5183 1702 5219 τι
1733 5165 1779 5196 ⁸⁸
1812 5183 1906 5218 πι-

314 5257 477 5312 θανὸν
535 5258 656 5330 ἔχον
689 5259 890 5331 ῥᾳδίως
939 5260 1246 5331 ἐλέγχεται.
1289 5258 1359 5312 Οἵ
1411 5256 1516 5331 [τε]
1567 5259 1678 5330 γὰρ
1733 5259 1904 5329 μονά-

2003 4610 2231 4680 eﬂigiem
2257 4608 2309 4661 in
2365 4605 2584 4658 homine
2615 4600 2751 4654 dicis
2785 4611 3007 4651 manere
3054 4593 3168 4664 (88)
3219 4591 3394 4660 (creat
3449 4588 3598 4643 enim

2005 4703 2170 4768 Deus,
2199 4700 2452 4754 universa
2484 4690 2850 4764 inexplicabili
2882 4700 2938 4744 et
2963 4687 3416 4756 incomprehenso
3440 4681 3599 4735 modo

2005 4791 2352 4866 producendo
2379 4803 2442 4843 ea
2479 4801 2601 4854 quae
2637 4799 2741 4837 non
2793 4781 2968 4852 sunt),
3004 4779 3169 4833 etiam
3231 4778 3395 4831 homo
3428 4788 3599 4841 quan-

2007 4887 2183 4956 doque
2217 4881 2412 4956 313b
2456 4895 2524 4936 ex
2581 4893 2678 4933 sua
2735 4874 3042 4931 substantia
3077 4881 3130 4926 et
3180 4879 3373 4924 natura
3400 4905 3418 4930 ,
3471 4875 3591 4921 satu

2012 4977 2240 5036 seminis
2271 4974 2501 5030 similem
2554 4971 2654 5025 sibi
2709 4967 2984 5023 hominem
3036 4973 3211 5030 creat,
3265 4959 3600 5031 quandoque

1957 5103 1963 5108 -
2011 5086 2141 5126 vero
2174 5065 2402 5122 artificio
2445 5062 2610 5117 multa
2639 5060 2891 5129 opilicum
2943 5054 3195 5118 artiﬁcia,
3251 5048 3500 5122 quamvis
3529 5061 3598 5102 ex

2015 5163 2159 5218 nulla
2189 5177 2246 5215 re
2269 5160 2418 5229 prius
2451 5155 2770 5219 exsistente,
2810 5150 3005 5221 fingit;
3040 5148 3320 5203 enimvero
3369 5151 3426 5199 et
3475 5142 3600 5209 hoc,

2020 5257 2064 5309 si
2098 5253 2226 5324 quid
2281 5247 2559 5322 probabile
2593 5245 2775 5310 habet,
2825 5243 2986 5297 facile
3040 5239 3332 5296 refellitur.
3373 5235 3508 5290 Nam
3538 5245 3596 5289 et

1619 5391 1855 5451 nam
1886 5369 2292 5450 LECTIONES.

386 5486 434 5518 “
600 5489 819 5562 ἁγνείας
848 5506 956 5546 om.
980 5489 1090 5546 AC.
1165 5490 1209 5521 "
1237 5491 1354 5544 ἐστι
1370 5490 1750 5562 νενοθευμένος
1787 5495 1852 5548 Α.
1876 5492 1984 5562 γὰρ
2005 5486 2388 5562 νενοθευμένος
2402 5485 2561 5562 Δἐστίν
2592 5502 2652 5550 ς.

1190 5562 1238 5634 5.0
1266 5562 1372 5632 γὰρ
1403 5563 1432 5613 ὁ
1463 5561 1596 5626 Θεὸς
1626 5579 1665 5627 ς
1673 5601 1687 5616 ο
1764 5564 1808 5595 “
1835 5561 2092 5634 τεχνιτῶν
2127 5562 2192 5614 Α.

319 5561 675 5630 ῖεροακτικὺν,
730 5572 783 5614 et
828 5576 950 5616 mox
983 5561 1116 5630 ἔχει.

316 5627 462 5698 δαμῆ
485 5629 552 5692 Δ,
583 5631 846 5701 μηδαμῶς
880 5647 940 5696 ς.
1012 5627 1060 5666 ³⁷³
1091 5630 1167 5703 τι]
1181 5632 1239 5685 τὸ
1264 5627 1405 5686 corr.
1435 5634 1505 5686 A.

2731 5482 2774 5514 “
2801 5479 3162 5536 ὲπετύπωσαν
3200 5495 3260 5542 ς.
3336 5475 3382 5508 ⁸⁸
3413 5472 3598 5526 malim

2267 5558 2312 5589 ⁸³
2354 5546 2430 5628 μὴ
2457 5573 2563 5610 υιιι.
2593 5546 2657 5610 Ᾰ.
2732 5553 2778 5584 ⁵³
2803 5552 3026 5623 μηδαμῇ
3059 5547 3322 5621 μηδαμῶς
3353 5546 3389 5598 Β
3409 5584 3423 5610 ,
3489 5558 3602 5615 μη-

1836 5698 2046 5766 NQTAS
2057 5739 2070 5753 .

337 5791 342 5795 ’
369 5785 504 5866 ’(87)
539 5793 670 5863 Quae
699 5803 837 5851 crat.
862 5808 968 5865 qua
993 5794 1206 5851 ratione
1226 5794 1417 5852 similis
1445 5803 1588 5851 esset
1616 5791 1742 5849 Deo.

2095 5785 2204 5860 (83)
2247 5783 2483 5854 Efﬁgiem
2512 5780 2781 5838 custodire
2806 5791 2969 5849 penes
3001 5774 3273 5835 hominem
3310 5781 3494 5844 putas.
3581 5815 3594 5859 .-
