3964 6246
369 291 510 359 1179

1494 303 1761 370 PHQTII
1800 304 2307 370 ΡΑΤΒΙΑΒΟΗΑΞ
2343 312 2456 376 CP.

3487 329 3638 398 1180

365 413 460 480 qui
503 411 804 469 solitariam
851 413 1017 470 vitam
1072 415 1295 486 degunt,
1347 426 1404 475 et
1450 431 1737 492 propterea
1786 422 1935 492 quod

2052 421 2244 490 ξοντες,
2279 425 2374 479 καὶ
2401 427 2488 482 διά
2529 428 2591 482 τδ
2633 431 2812 489 δοκεῖν
2842 436 3138 506 φυλάσσειν
3173 441 3233 496 τὸ
3265 445 3394 497 κατ’
3423 447 3633 503 sum

366 507 825 568 videanturillud,
856 509 927 562 ad
950 510 1258 580 imaginem,
1323 527 1566 581 servare,
1595 525 1945 584 posteaquam

366 600 575 667 seipsos
608 615 770 669 supra
815 615 977 656 omne
1011 602 1307 658 artiﬁcium
1354 605 1650 662 humanum
1694 616 1751 662 et
1772 619 1946 662 artem

367 692 734 760 perfecerunt,
768 693 953 749 miseri
979 693 1314 762 viderentur,
1341 698 1482 767 quod
1511 698 1616 755 hoc
1641 699 1760 768 ipso
1792 699 1945 767 illud,

365 785 651 839 secundum
699 785 1126 853 similitudinem,
1185 789 1581 857 perdidissent.
1634 789 1778 858 Quid
1812 807 1944 864 ergo

364 888 451 931 cst
480 877 605 941 hoc,
663 881 950 932 secundum
973 879 1379 935 similitudinem
1409 883 1434 936 Ρ
1471 880 1740 938 Virtutum
1791 883 1950 938 indu-

367 968 503 1022 stria
530 979 808 1038 partarum
842 969 1128 1026 thesaurus
1159 979 1265 1028 est.
1290 973 1483 1043 Angeli
1514 975 1660 1028 enim
1697 976 1948 1044 quamvis

363 1063 626 1117 virtutem
649 1062 905 1129 habeant,
940 1079 1047 1118 non
1082 1064 1334 1121 dicuntur
1374 1075 1553 1121 tamen
1587 1081 1682 1134 per
1703 1066 1946 1122 laborem

365 1164 423 1210 et
447 1155 772 1210 industriam
802 1167 1011 1226 partam
1044 1156 1246 1213 habere
1287 1157 1412 1226 quia
1445 1173 1549 1212 nou
1573 1158 1940 1214 sollicitantur

367 1267 398 1304 a
435 1259 681 1320 peccato.
717 1251 823 1307 Sed
862 1253 1114 1321 quamvis
1146 1253 1247 1308 hoc
1282 1252 1692 1319 concederetur,
1747 1255 1816 1309 ab
1851 1269 1949 1308 an-

365 1343 502 1420 gelis
534 1344 788 1398 virtutem
811 1345 930 1399 sine
959 1344 1146 1400 labore
1171 1360 1506 1414 possessam,
1543 1356 1638 1399 aut
1663 1346 1715 1400 hi
1735 1361 1951 1414 quoque

368 1437 522 1503 illud,
554 1439 624 1493 ad
648 1439 956 1510 imaginem,
977 1438 1094 1494 sine
1124 1438 1311 1494 labore
1347 1439 1598 1494 habendo
1629 1441 1800 1509 magis
1837 1441 1946 1495 Deo

367 1532 575 1589 similes
602 1533 878 1587 habebunt
900 1533 1041 1586 hanc
1070 1541 1219 1596 :aut,
1251 1531 1295 1587 si
1328 1531 1382 1585 hi
1413 1546 1537 1592 non,
1578 1530 1745 1585 multo
1770 1532 1949 1586 minus

369 1623 554 1687 homo,
585 1622 711 1691 quia
765 1637 890 1677 cum
935 1621 1101 1684 illius,
1144 1629 1239 1674 aut
1275 1631 1401 1676 ante
1472 1620 1620 1676 illius
1698 1621 1950 1691 imaginis

366 1715 794 1782 possessionem,
838 1712 1021 1768 nniltis
1049 1713 1308 1770 aerumnis
1355 1720 1412 1768 et
1440 1711 1722 1769 laboribus
1763 1721 1945 1770 exant-

368 1806 494 1862 latis
523 1806 664 1862 banc
695 1804 1026 1875 assequitur.

968 1918 1346 1975 CCXXXVIH.

453 2036 629 2093 Flavii
661 2036 878 2104 Iosephi
908 2039 1300 2108 Antiquitatum
1333 2037 1688 2093 Iudaicarum
1723 2038 1869 2093 libri.

441 2153 572 2224 Legi
640 2151 863 2221 Josephi
915 2151 1294 2221 Antiquitates,
1349 2166 1580 2222 quarum
1641 2150 1940 2220 Excerpta,

366 2259 489 2314 qua:
519 2245 586 2299 de
614 2241 828 2298 Herode
867 2243 1464 2310 uarrantndescribunt
1498 2242 1944 2297 instaurationem

369 2335 576 2405 templi,
609 2344 669 2388 ut
702 2333 1015 2388 Judacorum
1039 2334 1392 2402 occupaverit
1428 2334 1750 2401 dominium,
1779 2344 1948 2404 utque

366 2426 487 2496 ejus
513 2427 679 2495 stirps
709 2427 998 2494 imperium
1034 2425 1225 2496 adepta
1253 2426 1344 2490 sit,
1374 2435 1433 2480 ut
1461 2428 1690 2497 denique
1717 2427 1767 2480 in
1801 2427 1947 2496 opti-

365 2531 572 2575 matum
609 2534 836 2589 regnum
892 2520 1140 2586 verterit,
1172 2506 1530 2589 principatum
1563 2519 1790 2573 summis
1813 2534 1947 2588 pon-

368 2611 602 2666 tilicibus
624 2609 1030 2674 invadentibus,
1052 2617 1108 2663 et
1136 2609 1243 2663 alia
1272 2623 1394 2678 quae
1433 2609 1516 2666 his
1551 2609 1942 2680 adiunguntur.

432 2870 813 2942 Josephus,ad
844 2872 1006 2926 linem
1056 2871 1176 2926 libri
1222 2871 1401 2941 quinti
1442 2872 1636 2928 decimi
1701 2873 1947 2943 Antiqui-

363 2975 558 3029 tatum,
608 2964 790 3019 tradit.
822 2963 1031 3018 Octavo
1065 2963 1276 3020 decimo
1327 2966 1478 3035 regni
1531 2963 1759 3019 Herodis
1803 2980 1947 3019 anno

361 3055 666 3127 perfectum
699 3055 958 3123 templum
1013 3054 1444 3125 Hierosolymis:
1475 3055 1620 3124 quod
1671 3053 1934 3110 Salomon

361 3162 459 3201 rex
511 3145 889 3211 exaediﬁcavit,
936 3147 1080 3215 quod
1115 3161 1363 3200 eversum
1410 3147 1604 3200 iterum
1653 3147 1851 3216 captivi
1913 3161 1945 3202 θ

359 3238 637 3311 Babylone
695 3239 899 3293 reducti
965 3239 1255 3294 Persarum
1307 3253 1430 3307 rege
1481 3239 1646 3294 Dario
1713 3239 1942 3309 coadju-

363 3343 524 3385 vante
549 3341 844 3386 erexerunt
891 3345 986 3385 sex
1021 3339 1075 3384 et
1131 3330 1493 3399 quadraginta
1555 3331 1734 3388 annis.
1789 3331 1944 3388 Hunc

364 3421 631 3478 Herodem
670 3423 866 3488 refert,
920 3423 1256 3478 auferentem
1293 3420 1647 3479 fundamenta
1680 3425 1938 3496 antiqua,

363 3517 467 3568 alia
503 3529 631 3569 vero
663 3525 854 3571 contra
889 3514 976 3568 illa
1003 3515 1322 3583 jacientem,
1369 3516 1529 3586 duplo
1562 3517 1742 3586 priore
1770 3519 1942 3588 majus

361 3607 579 3662 fecisse.
621 3606 915 3676 Superavit
961 3607 1106 3662 enim
1143 3607 1433 3662 altitudine
1504 3609 1762 3679 templum
1795 3609 1939 3678 quod

361 3698 560 3768 captivi
618 3708 912 3753 erexerunt
976 3698 1232 3767 templum
1302 3698 1613 3755 Salomonis
1666 3702 1940 3757 mensuris

359 3789 706 3860 quibusdam.
762 3790 1090 3846 Contiuebat
1124 3790 1384 3860 templum
1426 3790 1661 3846 Herodis
1716 3803 1935 3848 centum

361 3883 573 3936 cubitos
595 3882 966 3951 longitudine:
1003 3883 1235 3939 altitudo
1275 3884 1506 3953 amplius
1536 3885 1753 3957 viginti,
1800 3901 1940 3955 quos

360 3975 524 4026 etiam
560 3974 919 4036 transcendit,
954 3985 1198 4044 tempore
1230 3975 1596 4032 fundamentis
1647 3979 1937 4033 subsiden-

365 4067 527 4129 tibus,
553 4080 714 4135 quam
743 4066 904 4118 etiam
934 4065 1165 4121 Neronis
1209 4067 1437 4137 imperio
1475 4065 1645 4122 Judaei
1685 4068 1940 4124 attollere

361 4159 686 4228 cogitarunt.
721 4155 1070 4214 {Edilicatum
1119 4176 1247 4216 vero
1298 4162 1552 4232 templum
1606 4163 1675 4219 ab
1725 4162 1939 4221 Herode

361 4266 469 4305 uno
520 4267 663 4306 anno
721 4264 776 4307 et
828 4267 924 4306 sex
973 4254 1248 4307 mensibus
1305 4252 1576 4324 Joscphus
1639 4256 1829 4324 refert,
1885 4268 1939 4312 et

360 4346 552 4399 domus
583 4386 599 4411 ,
656 4356 710 4401 et
751 4358 1098 4401 monumenta
1128 4347 1327 4421 314a
1369 4365 1488 4419 quae
1533 4351 1741 4406 circum
1783 4362 1939 4407 erant

2050 516 2254 609 παντός
2299 519 2642 592 ἀνθρωπίνου
2705 524 3082 601 [τεχνήματος
3123 533 3198 608 ἢ]
3254 538 3633 609 τεχνάσματος

2049 607 2308 680 ἀνωτέρω
2331 613 2558 680 ἑαυτοὺς
2587 618 2977 690 ἐργασάμενοι,
2999 607 3268 682 ἀθλιοιγᾶν
3298 607 3536 698 φανεῖεν,
3567 633 3635 686 τὺ

2048 703 2177 754 κατ’
2205 704 2411 758 εἰκόνα
2453 706 2527 761 δι’
2571 709 2704 764 αὐτὸ
2753 713 2931 768 ἐκεῖνο
2953 716 3000 748 ⁸⁸
3027 718 3413 785 ἀπολέσαντες.
3441 723 3508 776 Τί
3534 720 3634 778 οὖν

2047 791 2132 860 τὸ,
2167 795 2301 848 κατ’
2331 798 2626 872 εἰκόναςή
2667 803 2774 858 τῶν
2805 805 3018 877 ἀρετῶν
3060 810 3128 863 δι’
3151 813 3470 882 ἐπιμελείας
3498 817 3632 884 κτῆ-

2051 900 2136 978 σις
2160 901 2175 916 ⁶
2209 886 2430 956 ἄγγελοι
2473 891 2574 962 μὲν
2604 893 2716 965 γὰρ
2746 895 2890 967 ἔχειν
2923 900 3148 973 ἀρετὴν,
3187 903 3305 958 ἀλλ’
3336 906 3398 958 οὐ
3431 906 3531 978 τὴν
3560 907 3634 961 δι’

2047 977 2368 1049 ἐπιμελείας
2401 985 2494 1038 καὶ
2540 985 2734 1054 κόπου,
2778 991 2860 1045 ὃτι
2898 991 2973 1063 μὴ
3005 994 3360 1064 μεθέλκονται
3383 977 3495 1052 uno
3521 1017 3634 1054 κα-

2049 1073 2195 1168 κίας,
2227 1076 2572 1143 δοξάζονται.
2615 1082 2756 1138 Ἀλλ’
2786 1088 2836 1140 εί
2873 1090 2969 1143 καὶ
3014 1091 3174 1146 τοῦτο
3221 1094 3633 1168 συγχωρηθείη,

2047 1166 2258 1220 ἀκοπον
2299 1170 2511 1240 ἀρετῶν
2551 1173 2748 1244 κτῆσιν
2793 1181 2906 1242 τοῖς
2935 1180 3189 1250 ἀγγέλοις
3234 1166 3634 1256 ἀποκεκληρῶ-

2050 1259 2195 1325 σθαι,
2225 1262 2260 1334 ἢ
2300 1263 2396 1318 καὶ
2419 1260 2568 1320 οὗτοι
2597 1268 2678 1332 τὺ,
2701 1273 2829 1324 κατ’
2857 1274 3084 1339 εἰκόνα,
3119 1275 3198 1346 τῷ
3227 1276 3452 1341 ἀκόπως
3481 1279 3633 1350 ἔχειν

2050 1352 2171 1424 Θεῷ
2231 1354 2432 1425 μᾶλλον
2483 1358 2896 1430 πλησιάζοντες,
2941 1365 3056 1436 ἢεί
3104 1368 3180 1440 μὴ
3217 1362 3394 1436 οὗτοι,
3446 1371 3636 1443 πολλῷ

2051 1445 2255 1514 μᾶλλον
2285 1447 2397 1502 οὐδ’
2435 1451 2464 1504 ὁ
2522 1450 2830 1524 ἄνθρωπος,
2882 1456 2964 1510 ὅτι
3013 1460 3152 1527 μετά
3195 1461 3399 1533 ταύτης
3445 1462 3478 1533 ἦ
3525 1465 3639 1534 πρὸ

2048 1537 2253 1610 ταύτης
2303 1540 2406 1612 τὴν
2456 1543 2651 1613 κτῆσιν
2704 1545 2919 1600 πολλῶν
2983 1552 3240 1623 ταράχων
3289 1555 3385 1609 καὶ
3451 1556 3639 1609 πόνων

2049 1629 2466 1704 ἐμπιπλάμενος
2496 1635 2704 1708 ταύτην
2733 1639 3036 1712 ἐκδέχεται.

2754 1924 2908 1980 ΣΛΗ*

2201 2029 2490 2097 Ἰωσήπου
2519 2031 2635 2102 τῆς
2673 2033 3113 2112 Ἀρχαιολογίας
3154 2043 3194 2113 ἡ
3241 2044 3488 2116 ἐκλογή.

2129 2141 2469 2216 Ἀνεγνώσθη
2531 2147 2792 2221 Ἰωσήπου
2850 2155 2882 2224 ἦ
2953 2157 3368 2228 Ἀρχαιολογία
3401 2175 3415 2190 ’
3470 2154 3542 2232 ἧς
3603 2162 3639 2231 ἡ

2046 2232 2266 2308 ἐκλογὴ,
2284 2239 2384 2293 ὅσα
2400 2258 2459 2294 τε
2486 2241 2690 2315 ἱστορεῖ
2715 2245 2843 2317 περὶ
2879 2245 3118 2316 Ἡρώδου
3139 2249 3283 2312 ⁵⁶’⁵⁷,
3315 2250 3638 2320 καταλέγει,

2047 2327 2151 2396 τήν
2187 2346 2248 2382 τε
2289 2331 2652 2408 ἀνοικοδομὴν
2693 2335 2790 2390 τοῦ
2847 2337 3001 2405 ναοῦ,
3040 2338 3190 2402 ὅπως
3226 2355 3288 2391 τε
3342 2341 3443 2412 τὴν
3504 2341 3642 2393 ’1ουο

2047 2419 2241 2491 δαῖκὴν
2286 2423 2585 2498 ὑπεισῆλθε
2639 2429 2940 2500 βασιλείαν,
2995 2433 3092 2487 κα)⁸
3134 2434 3283 2496 ὅπως
3320 2434 3492 2488 αὑτοῦ
3535 2436 3643 2506 τὴν

2049 2513 2225 2586 ἀρχὴν
2263 2516 2313 2569 οἱ
2357 2522 2423 2575 ἐκ
2483 2522 2674 2592 γένους
2720 2524 3041 2591 διεδέξαντο,
3083 2525 3231 2589 ὅπως
3275 2543 3334 2578 τε
3382 2525 3524 2598 αὕτη
3556 2530 3642 2591 εἰς

2047 2612 2475 2687 ἀριστοκρατίαν
2539 2615 2938 2683 καταλέλυται,
2984 2617 3084 2686 τὴν
3156 2618 3498 2688 προστασίαν
3538 2619 3641 2672 τοῦ

2049 2705 2236 2770 ἔθνους
2264 2706 2377 2761 τῶν
2406 2708 2714 2780 ἀρχιερέων
2747 2707 3187 2778 ἀναδεξαμένων,
3239 2709 3336 2764 καὶ
3370 2711 3472 2764 ὅσα
3499 2711 3645 2767 ἄλλα

2046 2797 2259 2862 τούτοις
2295 2799 2769 2854 συνδιαπλέκεται.

2122 2889 2246 2944 Ὅτι
2269 2890 2315 2923 ⁵⁸
2347 2890 2614 2962 Ἰώσηπος
2649 2891 2790 2963 πρὸς
2831 2892 2912 2963 τῷ
2937 2893 3082 2947 τέλει
3109 2897 3212 2967 τῆς
3257 2901 3318 2948 ιε’
3357 2895 3502 2950 κατὰ
3538 2895 3642 2967 τὴν

2050 2982 2508 3053 Ἀρχαιολογίαν
2524 2985 2786 3054 ἱστορίας,
2803 2985 3272 3042 ὀκτωκαιδέκατον
3288 2987 3407 3054 ἐτος
3423 2989 3524 3059 τῆς
3541 2989 3645 3060 βα-

2052 3073 2405 3147 σιλείαςῐθϐὃ
2431 3074 2522 3148 8.]
2558 3075 2806 3146 Ἡρώδην
2823 3078 2868 3110 ⁸⁸
2886 3078 3119 3133 ἀνύοντα
3140 3078 3231 3132 τὸν
3255 3081 3316 3133 ὲν
3341 3080 3644 3150 Ἰεροσολύ-

2057 3181 2175 3236 μοις
2208 3164 2363 3232 νεὼν,
2384 3165 2442 3219 ὃν
2467 3166 2653 3221 ἔκτισε
2681 3166 2934 3238 Σολομὼν
2963 3169 2992 3222 ὁ
3025 3168 3298 3240 βασιλεὺς,
3321 3187 3644 3242 καταστρα-

2055 3258 2223 3327 φέντα
2263 3259 2321 3313 δὲ
2358 3261 2522 3314 πάλιν
2547 3263 2596 3314 οἱ
2625 3263 2689 3315 ἐκ
2720 3259 3046 3326 Βαϐυλῶνος
3090 3262 3415 3334 ἀναχθέντες
3471 3265 3644 3334 αίχμ-

2052 3352 2250 3407 άλωτοι
2299 3353 2525 3422 Δαρείου
2555 3352 2649 3407 τοῦ
2690 3354 2918 3426 Περσῶν
2962 3353 3228 3425 βασιλέως
3257 3355 3642 3427 συναραμένου

2049 3445 2236 3508 αὐτοῖς
2277 3445 2584 3517 ἀνέστησαν
2632 3449 2692 3499 ὲν
2727 3452 2779 3511 ς’
2813 3445 2960 3498 ἔτεσι
2994 3446 3090 3500 καὶ
3125 3454 3211 3516 μ’,
3261 3445 3452 3501 τοῦτόν
3501 3464 3644 3518 φησι

2048 3536 2140 3590 τὸν
2167 3537 2515 3610 περιώνυμον
2538 3537 2676 3592 νεὼν
2697 3539 2744 3570 ⁸⁸
2771 3539 2913 3610 μετά
2940 3539 3037 3609 ἔτη
3066 3539 3346 3606 ἑξακόσια,
3377 3541 3643 3595 ἀνελόντα

2052 3624 2154 3696 μὲν
2199 3627 2328 3690 τοὺς
2367 3627 2629 3698 ἀρχαίους
2676 3627 2981 3698 θεμελίους,
3035 3629 3257 3700 ἑτέρους
3299 3628 3356 3682 δὲ
3393 3630 3644 3684 καταϐα-

2048 3717 2210 3771 λόντα
2233 3719 2320 3770 ἐπ’
2346 3717 2528 3772 αὐτῶν
2551 3719 2594 3750 ⁶¹
2622 3719 2715 3772 τὸν
2752 3720 3002 3792 Ἡρώδην
3029 3721 3313 3776 διπλάσιον
3352 3723 3449 3776 τοῦ
3495 3740 3640 3795 προ-

2047 3808 2209 3879 τέρου
2251 3808 2590 3880 ἀνασττῖλσαι⁸
2630 3809 2916 3867 λείπεσθαι
2957 3813 3069 3884 γὰρ
3123 3813 3216 3868 τὸν
3253 3815 3358 3869 ὑπὸ
3393 3816 3507 3870 τῶν
3550 3815 3642 3870 ai-

2047 3903 2351 3974 χμαλώτων
2374 3903 2469 3958 τοῦ
2501 3906 2903 3977 Σολομωντείου
2937 3909 3156 3979 μέτροις
3205 3908 3347 3964 κατά
3381 3910 3444 3963 τδ
3486 3909 3627 3979 ὕψος

2046 3995 2211 4051 τισίν.
2239 3992 2368 4068 Εῐχε
2403 3997 2460 4052 δὲ
2484 3999 2513 4052 ὁ
2543 3997 2785 4069 Ἡρώδου
2817 3999 2954 4065 νεὼς
2989 4002 3163 4074 μῆκος
3197 4002 3298 4072 μὲν
3336 4003 3533 4072 πήχεις
3561 4001 3636 4072 ρ’.

2048 4086 2182 4157 ὕψος
2208 4088 2265 4142 δὲ
2294 4096 2342 4143 κ’
2365 4093 2662 4161 περιττοῖς,
2691 4090 2788 4156 οὓς
2812 4093 2858 4125 ⁸⁸
2883 4092 2981 4147 καὶ
3009 4093 3189 4166 ὑπέϐη
3213 4093 3291 4164 τῷ
3323 4095 3502 4165 χρόνῳ
3526 4095 3641 4147 τῶν

2048 4178 2318 4249 θεμελίων
2351 4179 2756 4252 συνιζησάντων
2777 4197 2790 4210 ·
2821 4181 2850 4236 ὃ
2894 4182 2988 4236 καὶ
3023 4182 3166 4236 κατὰ
3203 4185 3330 4247 τοὺς
3374 4183 3638 4254 Νέρωνος

2047 4272 2276 4341 καιροὺς
2323 4271 2564 4326 Ἰουδαῖοι
2603 4273 2937 4341 ὲγνώκεισαν
2967 4275 3295 4345 ἐπεγείρειν.
3333 4275 3642 4348 Οίκοδομη-

2049 4362 2210 4432 θῆναι
2249 4363 2294 4416 δ’
2323 4361 2572 4436 [51511.]
2614 4364 2828 4437 Ἡρώδῃ
2850 4366 2946 4420 τὸν
2990 4367 3118 4421 ναὸν
3175 4366 3437 4440 Ἰώσηπός
3468 4386 3641 4439 φησιν

357 4447 482 4491 octo
513 4438 740 4506 integris
775 4441 949 4495 annis.
992 4439 1226 4510 Lapides
1275 4444 1472 4512 quibus
1513 4445 1767 4514 templum
1806 4447 1937 4500 aedi-

2052 4453 2284 4524 ὲνιαυτῷ
2331 4455 2413 4508 ἑνὶ
2461 4456 2556 4508 καὶ
2593 4457 2758 4527 μησὶν
2792 4462 2867 4522 ς’,
2906 4457 3015 4512 τῶν
3042 4459 3087 4490 ⁸³
3113 4457 3169 4510 δὲ
3199 4438 3329 4529 περί
3359 4459 3452 4513 τὸν
3497 4461 3642 4514 νεὼν

358 4530 580 4585 ﬁcatum
615 4531 872 4586 candidos
927 4548 990 4586 ac
1025 4535 1228 4598 lirmos,
1283 4535 1524 4604 singulos
1561 4537 1729 4592 fuisse
1773 4538 1943 4609 longi-

366 4624 555 4678 tudine
594 4626 902 4679 cubitorum
937 4626 1126 4695 viginti
1159 4629 1419 4698 quinque,
1465 4630 1748 4685 altitudine
1795 4641 1942 4698 octo,

358 4715 643 4770 latitudine
689 4718 1014 4785 duodecim;
1072 4721 1282 4774 liuitum
1318 4738 1449 4776 vero
1503 4724 1604 4779 hac
1652 4725 1938 4780 industria.

366 4803 446 4860 Eo
482 4807 534 4858 in
561 4821 726 4876 opere
773 4823 966 4878 magna
995 4807 1225 4866 Herodis
1270 4813 1466 4868 enituit
1496 4815 1810 4885 diligentia:
1845 4818 1942 4872 ad-

356 4897 501 4952 vexit
530 4898 676 4967 prius
692 4913 906 4956 onmem
938 4903 1240 4968 materiam,
1267 4917 1529 4978 erantque
1555 4907 1628 4962 illi
1681 4910 1944 4979 plaustra,

367 4991 517 5047 mille
556 4982 762 5061 lapides
807 4994 1007 5050 vehere
1065 5008 1350 5064 consueta,
1389 5000 1573 5056 decem
1627 5004 1792 5057 millia
1829 5007 1944 5074 opi-

361 5083 547 5150 ficum,
594 5087 959 5154 sacerdotum,
1003 5090 1093 5158 qui
1132 5091 1183 5144 in
1244 5092 1422 5163 adytis
1456 5094 1724 5150 servirent
1770 5097 1941 5154 mille.

361 5175 460 5244 llis
494 5177 639 5232 enim
672 5180 1214 5253 zedilicarelignaque
1243 5187 1439 5240 cedere
1470 5186 1722 5254 instituit,
1757 5204 1944 5248 sacras

364 5269 472 5326 illis
510 5270 762 5326 omnibus
791 5283 968 5328 vestes
1007 5290 1282 5342 coemens,
1307 5285 1362 5330 et
1388 5287 1702 5347 apparatus,
1736 5281 1926 5338 volun-

2051 4545 2218 4600 οἴκων
2266 4548 2364 4601 καὶ
2421 4546 2737 4617 περιϐόλων
2790 4547 2836 4579 ⁸⁸
2881 4547 3058 4601 ἔτεσιν
3109 4549 3250 4612 ὅλοις
3307 4555 3382 4620 η’.
3436 4550 3642 4615 Λίθους

2049 4635 2114 4700 δ’,
2143 4633 2205 4701 ἐξ
2239 4629 2315 4692 ὧν
2343 4637 2598 4708 ἠγείρετο
2633 4639 2661 4690 ὁ
2711 4637 2866 4702 νεὼς,
2908 4637 3138 4704 λευκοὺς
3193 4641 3294 4711 μὲν
3356 4636 3496 4694 εἶναι
3543 4644 3642 4696 καὶ

2052 4729 2369 4798 κραταιοὺς,
2405 4729 2552 4801 ἔχειν
2580 4729 2625 4782 δ’
2656 4731 2887 4784 ἕκαστον
2917 4732 3097 4786 αὐτῶν
3137 4733 3348 4804 μήκους
3391 4734 3494 4805 μὲν
3524 4737 3640 4806 πή-

2051 4838 2167 4890 χεις
2214 4827 2261 4874 κ’
2296 4824 2388 4874 καὶ
2425 4819 2492 4889 ε’,
2536 4822 2702 4892 ὕψους
2739 4825 2795 4876 δὲ
2827 4823 2876 4895 η’
2923 4826 3019 4879 καὶ
3061 4823 3254 4896 εὔρους
3305 4828 3435 4898 περὶ¹
3465 4827 3535 4896 ιβ’
3567 4827 3640 4882 ⁸⁸.

2051 4911 2386 4983 Τελεσθῆναι
2413 4913 2468 4966 δὲ
2490 4916 2552 4967 τὺ
2580 4914 2742 4986 ἔργον
2773 4918 2907 4988 φησὶ
2933 4919 3148 4987 ἐπινοίᾳ
3175 4919 3422 4991 τοιαύτῃο
3459 4919 3642 4991 Ἠρώ-

2049 5005 2115 5078 δῃ
2159 5006 2326 5079 πολλή
2369 5025 2455 5072 τις
2504 5007 2722 5078 ἐγένετο
2759 5011 2887 5081 περὶ
2916 5011 2963 5042 ⁸⁸
3008 5015 3069 5064 τὸ
3101 5013 3264 5082 ἔργον
3314 5012 3636 5083 φιλοτιμία·

2051 5098 2266 5170 ἀγείρει
2297 5095 2390 5154 οὗν
2425 5101 2692 5172 πρότερον
2726 5101 2946 5156 ἃπασαν
2976 5101 3130 5172 ὓλην,
3161 5104 3257 5156 καὶ
3285 5104 3454 5174 χίλιαι
3482 5104 3640 5176 αὑτῷ

2054 5193 2263 5264 ἅμαξαι
2286 5193 2469 5259 λίθους
2500 5197 2655 5264 ἄγειν
2703 5197 2990 5268 εὐτρεπεῖς
3014 5199 3056 5230 ⁸⁷
3107 5194 3272 5270 ἦσαν,
3307 5201 3539 5270 ἐργάται
3574 5201 3642 5253 δὲ

2034 5286 2184 5340 ἄλλοι
2219 5287 2316 5358 μὲν
2371 5289 2581 5361 μύριοι,
2633 5291 2743 5343 τῶν
2807 5291 2864 5344 δὲ
2912 5290 3126 5361 ἱερέων,
3161 5291 3210 5346 οἳ
3255 5292 3366 5346 τῶν
3423 5292 3638 5346 ἀδύτων

1668 5433 1903 5490 ὛΑΒΙᾹΞ
1929 5436 2333 5494 LECTIONES.

435 5563 480 5594 ⁸⁵
512 5565 684 5617 ἐκεῖνο
698 5562 831 5651 Ἀβε
864 5563 1022 5651 ξρῇτο
1047 5581 1162 5651 ei.“
1182 5562 1315 5651 3"”-
1333 5561 1544 5651 ἡρώδην
1572 5573 1636 5630 Α.
1714 5567 1760 5599 ⁸³
1788 5568 2284 5651 ἶΑνεγνώσθη-έὸτι
2325 5573 2610 5651 Ἰώσηπος]
2645 5576 2831 5651 haurit]
2869 5593 2976 5651 mg.
3004 5575 3166 5651 habet
3207 5577 3356 5651 C,ita
3375 5580 3641 5648 praefatus.

366 5635 827 5774 aeratas:
1291 5635 1574 5773 fast":

1055 5634 1242 5705 βιϐλίῳ
1293 5634 1416 5704 ἔχον
1456 5634 1666 5701 οὕτως,
1714 5641 1804 5707 qui
1854 5634 2090 5696 ἱειίειιιι
2119 5634 2244 5698 ⁷εοΙιι
2293 5634 2849 5719 ροιιίῐ”Ᾱνὲγνώσθη.
2905 5634 3164 5716 imam

1055 5710 1122 5756 ἱου
1154 5722 1216 5769 ς.
1291 5705 1335 5737 ⁶⁰
1364 5706 1490 5758 ναὸν
1516 5725 1574 5770 ς.
1652 5708 1694 5740 ⁸⁸
1731 5709 1895 5762 αὐτὸν
1930 5729 1990 5770 ς.
2028 5723 2042 5738 ’
2085 5713 2128 5746 ⁸³
2163 5712 2277 5770 οὒςῖ
2308 5713 2367 5770 ὃς
2401 5714 2441 5767 Β
2466 5727 2520 5769 et
2547 5733 2688 5770 corr.
2724 5719 2789 5770 Α.
2865 5718 2911 5750 ⁸³
2939 5716 3071 5770 τῶνΙ
3105 5718 3164 5770 τὸ

369 5717 412 5734 "
445 5717 659 5774 ηρωοην
702 5717 827 5759 Λϋε
882 5717 1122 5774 Ἡρώδου
1154 5722 1216 5769 ς.
1291 5717 1335 5737 ον
1364 5717 1490 5758 ναὸν
1516 5725 1574 5773 ς.
1652 5717 1694 5740 ’⁸
1731 5717 1895 5762 αὑτὸν
1930 5729 1990 5776 ς.
2028 5723 2042 5738 '
2085 5717 2128 5746 "
2163 5717 2277 5777 οὒςῖ
2308 5717 2367 5776 ὃς
2401 5717 2441 5767 Β
2466 5727 2520 5769 et
2547 5733 2688 5770 corr.
2724 5717 2824 5770 Af
2865 5718 2911 5750 “
2939 5717 3071 5788 τῶν]
3105 5718 3196 5770 τὸν

369 5770 413 5804 ⁸⁸
442 5772 588 5831 οἷκον
617 5776 710 5829 καὶ
740 5774 1020 5847 περίϐολον
1075 5775 1119 5830 Β
1146 5789 1201 5832 et
1227 5790 1373 5833 corr.
1404 5777 1471 5832 Α.
1563 5780 1607 5813 ⁸⁸
1637 5780 1973 5838 εἰκοσιπέντε
2003 5800 2064 5848 ς.
2166 5785 2211 5817 ⁸⁸
2236 5786 2364 5848 περὶ
2406 5785 2496 5840 AB
2523 5804 2536 5841 :
2569 5789 2602 5848 ἡ
2629 5790 2753 5848 περὶ
2794 5807 2852 5848 ις.
2930 5785 2976 5820 ⁸⁷
3011 5788 3196 5848 annos:

2293 5645 2444 5712 poliit
2470 5644 2849 5719 “’Ᾱνέγνώσθη.
2905 5647 3165 5716 Ἰωσήπου
3206 5650 3344 5771 ergo;
3376 5644 3472 5719 τῷ,
3519 5661 3627 5706 etc.

2308 5713 2367 5771 δεῖ
2401 5714 2441 5767 Β
2466 5727 2520 5769 et
2547 5733 2688 5770 corr.
2724 5719 2789 5770 Α.
2865 5718 2911 5750 ⁸³
2939 5716 3071 5771 τώνΙ
3105 5718 3196 5770 τὸν
3298 5731 3353 5771 et
3381 5738 3524 5771 contr-
3560 5722 3627 5771 Δ.

2166 5722 2277 5777 οὒςι
2308 5722 2367 5776 ὃς
2401 5722 2441 5767 Β
2466 5727 2520 5769 et
2547 5733 2688 5770 corr.
2724 5722 2789 5770 Α.
2865 5722 2911 5750 ⁸³
2939 5722 3071 5788 τῶν]
3105 5722 3196 5770 τὸν
3228 5722 3271 5771 Β
3298 5731 3353 5773 et
3381 5738 3524 5779 corr.
3560 5722 3631 5776 Α..

2166 5785 2211 5817 ⁸⁸
2236 5786 2364 5856 περὶ
2406 5785 2496 5840 AB
2523 5804 2536 5841 :
2569 5789 2604 5860 ἡ
2629 5790 2753 5860 περὶ
2794 5807 2852 5854 ις.
2930 5785 2976 5820 ⁸⁷
3011 5788 3306 5860 εὐπρεπεῖς
3331 5788 3392 5846 B.
