3964 6246
417 330 551 402 “Si
1436 334 1952 397 BIBLIOTHECA.
1980 359 2050 370 -
2075 334 2238 397 COD.
2261 335 2681 398 CCXXXVIII.
3537 330 3674 396 1132

420 461 597 531 ἔργων
628 458 853 531 ἔμελλον
902 458 1191 521 ἆπτεσθαι,
1231 455 1427 527 χίλιοι·
1484 453 1772 517 τοσούτους
1800 454 1847 485 ⁸⁸
1876 452 1985 524 γὰρ

2100 461 2278 518 tatem,
2346 452 2603 521 opinione
2666 449 2832 507 citius
2884 449 2953 504 ad
3006 448 3211 506 exitum
3275 446 3556 518 perduxit,
3607 456 3668 502 et.

416 556 720 627 οίκοδομεῖν
765 559 860 613 καὶ
912 556 1227 627 ξυλουργεῖν
1271 550 1671 617 ἑξεπαίδευσεν,
1711 546 1993 620 ἱερατικὰς

2100 564 2342 620 magnam
2397 548 2632 620 gratiam
2680 546 2823 618 apud
2865 545 3122 617 populum
3176 545 3494 601 conciliavit
3546 544 3675 599 sibi.

417 650 604 712 αὐτοῖς
634 649 838 703 ἅπασιν
869 646 1219 717 ὠνησάμενος
1245 640 1454 702 στολάς.
1487 641 1596 693 Καὶ
1620 639 1715 708 ἥδε
1743 640 1778 707 ἡ
1811 654 1993 707 παρα-

2100 639 2379 695 Sacriﬁcat
2410 647 2595 694 autem
2620 637 2861 693 Herodes
2884 636 3139 691 absoluto
3167 635 3367 705 templo
3398 643 3676 689 trecentas

420 741 592 812 σκευὴ
644 742 838 794 θᾶττον
880 740 980 810 μὲν
1018 736 1232 797 ἐλπίδος
1280 736 1360 797 είς
1413 731 1589 803 πέρας
1636 731 1697 783 τὸ
1747 729 1995 799 βούλημα

2100 745 2289 787 vaccas
2313 748 2331 798 ;
2358 738 2622 800 quantum
2650 743 2781 785 vero
2799 726 2970 784 Judaei
3002 726 3390 792 sacriﬁcarint,
3417 726 3529 780 dici
3561 740 3671 780 non

416 835 613 905 ἤγαγε,
649 833 891 904 μεγάλας
917 831 973 884 δὲ
995 831 1092 883 καὶ
1118 826 1318 890 πολλάς
1342 824 1449 878 ἀπὺ
1475 822 1572 877 τοῦ
1619 819 1859 892 πλήθους
1893 820 1991 885 τάς
2098 834 2298 894 potest.

415 925 768 996 εὐχαριστίας
805 925 864 977 ὲν
886 927 997 985 τοῖς
1030 921 1210 983 ἀλλοις
1232 919 1435 973 ἅπασιν
1463 914 1764 984 ἀχθομένου
1809 911 2023 985 Ἡρώδῃ
2041 914 2087 946 ⁸⁸
2119 914 2478 987 προύξένησε.
2522 915 2650 970 Θύει
2720 915 2765 969 δ’
2836 912 3082 987 Ἡρώδης
3147 913 3265 983 ἅμα
3310 912 3406 965 τοῦ
3485 927 3679 965 συντε-

414 1014 568 1069 λέσαι
590 1017 683 1070 τὸν
712 1017 846 1067 νεὼν
877 1011 1003 1081 βοῦς
1041 1010 1363 1083 τριακοσίας
1382 1024 1397 1038 °
1428 1006 1537 1060 τῶν
1565 1006 1609 1057 δ’
1635 1004 1812 1060 ἄλλων
1850 1003 2124 1059 Ἰουδαίων
2149 1006 2249 1059 ὅσα
2274 1005 2517 1071 θύσειαν,
2546 1006 2655 1059 οὐδ’
2685 1005 2903 1074 ἐγένετο
2924 1004 3108 1059 λαϐεῖν
3147 1002 3390 1075 ἀριθμῷ.

488 1103 659 1172 υῦτος
699 1106 947 1177 Ἡρώδης
975 1105 1123 1158 ἐστὶν
1170 1105 1200 1157 ὁ
1262 1101 1623 1169 Ἀντιπάτρου
1675 1098 1772 1152 τοῦ
1829 1098 1991 1151 Ἰδου⁴

2164 1096 2264 1153 Hic
2279 1113 2412 1153 vero
2431 1096 2677 1153 Herodes
2708 1097 2853 1153 ﬁlius
2892 1096 2999 1152 fuit
3028 1096 3302 1165 Antipatri
3341 1093 3588 1158 Idumaei,
3623 1105 3678 1149 et

419 1201 583 1271 μαίου
613 1201 708 1253 καὶ
753 1200 852 1269 τῆς
890 1196 1221 1267 Ἀραϐίσσης
1252 1192 1492 1261 (Κύπρις
1524 1192 1569 1245 δ’
1614 1190 1788 1262 δνομα
1830 1191 1993 1261 αὐτῇ)

2100 1190 2365 1244 Arabissae
2385 1190 2473 1244 cui
2499 1204 2693 1244 nomen
2724 1188 2940 1258 Cypris,
2974 1203 3082 1257 quo
3112 1198 3399 1258 regnante,
3421 1188 3678 1243 Christus

416 1295 567 1356 παῖς,
602 1293 688 1361 ἐφ’
717 1284 780 1346 οὗ
807 1290 902 1343 καὶ¹
939 1288 1174 1359 Χριστὸς
1207 1288 1236 1340 ὁ
1266 1285 1398 1348 Θεὸς
1428 1282 1584 1355 ήμῶν
1617 1282 1715 1335 ἐπὶ
1749 1281 1995 1353 σωτηρίᾳ.

2100 1297 2128 1338 e
2165 1278 2388 1351 Virgine
2437 1282 2501 1335 ad
2529 1279 2902 1335 redimendum
2950 1294 3122 1349 genus
3166 1282 3459 1333 humanum
3514 1288 3679 1333 natus

415 1386 512 1438 τοῦ
547 1383 817 1453 ἡμετέρου
842 1381 1048 1450 ,γένους
1090 1377 1427 1451 παρθενικῆς
1480 1376 1833 1430 ἀποτίκτεται
1887 1376 1995 1444 μή-

2100 1384 2202 1428 est.
2252 1372 2310 1428 ln
2342 1388 2501 1442 quem
2554 1372 2785 1427 saeviens
2843 1371 3113 1441 peccavit,
3168 1378 3224 1426 et
3276 1370 3678 1425 contrucidatis

415 1494 554 1548 τρας
572 1493 589 1507 ο
617 1475 739 1529 καθ’
764 1467 826 1526 οῦ
848 1474 940 1526 καὶ
969 1473 1160 1544 μανεὶς
1201 1469 1447 1541 Ἡρώδης
1466 1468 1561 1522 τοῦ
1596 1468 1696 1539 μὲν
1718 1468 1993 1521 Δεσπότου

2100 1476 2179 1521 tot
2228 1465 2563 1530 infantibus,
2614 1479 2719 1535 qua
2770 1463 3097 1519 crudelitate
3163 1478 3228 1516 ac
3279 1464 3429 1518 caede
3480 1478 3677 1518 omnes

415 1565 706 1634 διήμαρτε,
764 1563 959 1631 φονεὺς
1015 1559 1073 1613 δὲ
1107 1558 1318 1612 πολλῶν
1353 1556 1566 1629 νηπίων
1613 1556 1845 1625 γίνεται.
1898 1557 1995 1618 Εἰς

2102 1568 2252 1613 retro
2279 1569 2537 1628 tyrannos
2583 1556 3119 1628 superasse_fertur.
3162 1552 3296 1625 Ejus
3338 1556 3529 1610 uxoris
3558 1552 3675 1609 Ma—

413 1656 676 1726 ὠμότητα
714 1653 772 1707 δὲ
820 1653 913 1707 καὶ
968 1652 1281 1722 μιαιφονίαν
1318 1649 1526 1712 πάντας
1568 1649 1685 1702 ὅσοι
1739 1648 1994 1720 τύραννοι

2101 1650 2379 1715 riammes,
2410 1665 2529 1718 qua:
2579 1649 2905 1703 Alexandra:
2935 1647 3209 1717 pontiﬁcis
3258 1644 3499 1717 Hyrcani
3548 1646 3676 1703 lilia:

414 1748 821 1821 ὑπερϐαλέσθαι
862 1747 1169 1817 ἱστόρηται.
1207 1744 1320 1798 Καὶ
1355 1742 1616 1812 γυναικὸς
1654 1742 1711 1795 δὲ
1744 1742 1843 1812 τῆς
1872 1743 1993 1797 Μα-

2100 1746 2210 1800 filia
2237 1744 2356 1808 fuit,
2391 1755 2647 1798 venustas
2691 1743 2937 1812 corporis
2978 1751 3126 1797 tanta
3154 1742 3256 1796 fuit
3296 1752 3356 1796 ut
3394 1741 3541 1795 nulla
3573 1756 3678 1795 un-

414 1841 669 1913 ριάμμης
693 1840 743 1872 ⁷ο
772 1839 1045 1909 (θυγάτηρ
1092 1837 1137 1891 δ’
1187 1832 1257 1909 ἦν
1301 1835 1440 1906 αὕτη
1486 1833 1843 1905 Ἀλεξάνδρας
1892 1834 1995 1903 τῆς

2100 1854 2261 1906 quam
2296 1838 2368 1891 illi
2400 1852 2498 1906 par
2539 1834 2709 1891 fuisse
2761 1835 3061 1890 videretur.
3101 1834 3181 1889 Ex
3220 1834 3323 1888 bac
3370 1833 3536 1902 igitur
3563 1834 3672 1888 duo

425 1930 694 2001 Ὑρκανοῦ
718 1929 812 1983 τοῦ
836 1928 1139 2001 ἀρχιερέως
1166 1929 1379 1994 παιδὸς,
1397 1927 1519 2001 ὥρᾳ
1537 1927 1790 1997 σώματος
1819 1927 1995 1980 οὐδενλ⁵

2101 1931 2209 1984 nati
2255 1928 2350 1983 ﬁlii
2381 1927 2746 1990 Aristobulus,
2776 1934 2831 1982 et
2874 1927 3209 1990 Alexander,
3270 1926 3364 1996 qui
3425 1924 3675 1993 pulchri-

411 2026 593 2096 χρόνῳ
624 2023 861 2078 λιποῦσα
884 2024 929 2055 ⁷¹
959 2022 1133 2087 δεῖξαι
1161 2022 1367 2092 ταύτης
1399 2022 1744 2092 ἐφάμιλλον),
1783 2020 1992 2091 ταύτης

2100 2024 2305 2086 tudine,
2332 2023 2699 2089 orationisque
2750 2021 2947 2091 gratia,
2993 2034 3361 2089 manuumque
3402 2019 3673 2087 prompti-

411 2113 509 2171 οὖν
540 2116 636 2170 καὶ
665 2115 758 2169 δύο
780 2115 890 2169 τῶν
910 2115 973 2180 ἐξ
994 2116 1167 2185 αὐτῆς
1192 2113 1339 2184 αὐτῴ
1366 2113 1736 2183 γεννηθέντων
1761 2113 1991 2179 παίδων,

425 2208 843 2281 Ἀριστοϐούλου
872 2208 970 2261 καὶ
993 2206 1370 2275 Ἀλεξάνδρου,
1399 2204 1449 2258 οἶ
1482 2205 1670 2259 κάλλει
1695 2223 1756 2257 τε
1790 2205 1884 2257 καὶ
1905 2204 1995 2258 λό-

412 2316 529 2367 γων
571 2299 804 2368 ἀσκήσει
848 2298 943 2351 καὶ
983 2296 1184 2367 χειρῶν
1232 2294 1415 2366 ἔργοις
1462 2294 1614 2348 οὐδὲν
1648 2289 1811 2368 ἦττον
1845 2295 1878 2366 ἢ
1910 2296 1993 2349 ὅτι

413 2388 680 2457 βασιλέως
707 2384 847 2458 ἦσαν
880 2388 1066 2447 παῖδες
1089 2386 1190 2440 ἀνά
1217 2386 1436 2439 πάντων
1460 2387 1714 2457 ἐφέροντο
1740 2387 1990 2455 στόμασι,

410 2480 618 2533 τούτων
658 2482 990 2551 συμπάντων
1012 2479 1055 2511 ⁷⁸
1088 2478 1363 2541 διαϐολαῖς
1398 2477 1758 2548 Ἀντιπάτρου
1802 2478 1994 2546 μανεὶς

411 2571 609 2642 δήμιος
638 2574 870 2641 γίνεται,
906 2572 1123 2643 πρῶτον
1165 2571 1265 2642 μὲν
1312 2572 1410 2642 τῆς
1454 2573 1725 2642 γαμετῆς,
1752 2571 1871 2625 εἶτα
1900 2574 1995 2625 καὶ

412 2663 523 2717 τῶν
556 2663 785 2727 παίδων,
812 2664 906 2717 καλ⁵
933 2663 1243 2717 τελευταῖον
1285 2663 1645 2733 Ἀντιπάτρου
1677 2662 1772 2716 καὶ
1802 2662 1990 2726 αὐτοῦ,

412 2758 607 2818 παιδὸς
640 2757 704 2810 ὲκ
742 2756 1012 2826 προτέρας
1035 2754 1317 2822 γυναικός.
1347 2754 1508 2824 Νόσῳ
1530 2754 1588 2807 δὲ
1620 2756 1795 2825 πικρᾷ
1820 2772 1998 2824 παρα-

411 2849 588 2911 δοθεὶς
650 2848 918 2919 (ἕλκωσις
962 2848 1072 2918 γὰρ
1123 2847 1359 2917 ἐντέρων
1418 2842 1535 2917 εἶχε
1584 2847 1677 2901 τὸν
1733 2848 1996 2918 δύστηνον

411 2939 597 3011 ὀρθιόν
626 2956 689 2993 τε
736 2935 929 3012 ἆσθμα
975 2939 1068 2993 καί¹
1100 2940 1280 2993 ποδῶν
1317 2940 1511 2993 λευκοῦ
1558 2940 1869 3010 φλέγματος
1917 2942 1997 2994 ol-

411 3030 583 3099 δημα,
607 3030 776 3085 δειναί
798 3049 858 3084 τε
905 3031 999 3085 τοῦ
1050 3031 1226 3085 κώλου
1264 3033 1580 3102 ἀλγηδόνες,
1642 3035 1737 3087 καὶ
1789 3034 1993 3089 αἰδοίου

411 3120 580 3191 σῆψις
609 3122 899 3191 σκώληκας
927 3122 1251 3192 ἐμποιοῦσα,
1279 3124 1374 3177 καὶ
1398 3125 1569 3194 μυρία
1597 3124 1756 3197 ἄλλα)
1790 3126 1929 3196 μετά
1950 3126 1995 3159 ⁷³

408 3213 670 3284 πέμπτην
699 3211 767 3283 [δ’
788 3212 857 3284 ⁷⁸]
888 3212 1104 3284 ἡμέραν
1128 3214 1227 3285 τῆς
1251 3213 1619 3287 Ἀντιπάτρου
1648 3216 1866 3286 σφαγῆς
1897 3216 1995 3270 τοῦ

2097 2116 2301 2178 tudine,
2340 2114 2469 2166 nihil
2494 2130 2599 2168 non
2630 2115 2840 2183 regium
2873 2112 3101 2178 habere,
3132 2112 3375 2167 omnium
3407 2126 3504 2164 ore
3530 2109 3679 2164 fere-

2093 2209 2311 2261 bantur.
2378 2207 2582 2261 Contra
2649 2209 2750 2262 hos
2803 2219 2997 2261 omnes
3059 2204 3345 2259 calumniis
3406 2204 3679 2273 Antipatri

2093 2298 2352 2355 efferatus
2395 2312 2500 2359 est.
2554 2300 2738 2355 Primo
2788 2301 3007 2368 quidem
3070 2302 3123 2355 in
3178 2312 3428 2361 uxorem,
3484 2297 3681 2351 deinde

2096 2392 2257 2453 ﬁlios,
2287 2402 2344 2447 et
2370 2394 2586 2446 demum
2622 2394 2973 2463 Antipatrum
3006 2408 3036 2448 e
3058 2393 3242 2462 priore
3266 2400 3457 2446 natum
3484 2406 3677 2445 uxore.

2094 2485 2307 2538 Acerbo
2358 2486 2546 2539 morbo
2606 2495 2858 2549 vexatus,
2902 2486 3207 2538 vexabatur
3264 2483 3409 2537 enim
3463 2481 3684 2535 intesti-

2097 2593 2289 2631 norum
2356 2576 2784 2643 exnlceratione,
2823 2576 3038 2631 nonnisi
3082 2586 3303 2631 erectus
3362 2573 3681 2638 anhelabat,

2096 2671 2260 2739 pedes
2296 2668 2568 2723 tumebanl
2604 2668 2910 2740 pltlegmate
2939 2669 3197 2738 .lmmido,
3225 2678 3282 2723 et
3329 2682 3530 2737 graves
3576 2666 3682 2721 coli

2097 2759 2399 2828 passiones,
2431 2756 2668 2811 verenda
2703 2757 3004 2826 putrefacta
3046 2759 3332 2813 scatebant
3359 2757 3678 2810 vermibus:

2096 2861 2147 2906 et
2181 2851 2284 2905 alia
2320 2851 2510 2906 multa.
2543 2846 2824 2921 thut‘nto
2869 2862 2991 2921 post
3029 2852 3234 2907 caedem
3263 2849 3536 2917 Antipatri
3584 2849 3681 2902 lilii

2098 2941 2185 2997 die
2212 2943 2375 2996 etiam
2408 2944 2572 2997 vitam
2600 2942 2757 2997 ﬁniit.
2800 2943 2999 2998 Vivens
3049 2958 3221 2997 annos
3269 2957 3461 2997 omnes
3483 2939 3680 3012 3146

2100 3035 2520 3109 [septuaginta],
2579 3036 2858 3105 imperans
2904 3052 2971 3091 ex
3023 3036 3131 3090 illis
3189 3052 3285 3091 sex
3328 3046 3386 3090 et
3428 3035 3673 3105 triginta.

2098 3129 2312 3199 Regnat
2342 3145 2469 3185 vero
2497 3130 2794 3199 illegitime,
2821 3139 3091 3200 etpraeler
3112 3145 3260 3200 spem
3296 3144 3473 3195 suam,
3502 3129 3683 3185 studio

2101 3222 2322 3276 Antonii
2390 3223 2543 3279 ducis
2614 3220 2987 3277 Romanorum
3027 3225 3259 3292 pecunia
3317 3225 3589 3294 corrupti.
3623 3232 3681 3277 et

408 3303 600 3367 παιδὸς
626 3307 723 3357 καὶ
752 3306 915 3369 αὐτὸς
945 3306 1035 3358 τὸν
1069 3305 1182 3376 βίον
1221 3307 1578 3376 κατέστρεψε,
1609 3307 1852 3372 διαϐιοὺς
1882 3308 1983 3378 μὲν

2100 3314 2320 3383 Augusti
2349 3314 2847 3380 commendatione,
2876 3315 3095 3370 decreto
3121 3314 3189 3369 ad
3208 3314 3681 3370 conﬁrmationem

410 3396 510 3466 ἔτη
536 3396 831 3466 σύμπαντα
853 3403 894 3449 o’
921 3397 966 3427 ⁷⁸
986 3437 1001 3461 ,
1029 3396 1357 3467 βασιλεύσας
1385 3398 1430 3451 δ’
1457 3399 1518 3464 ἐξ
1542 3398 1721 3453 αὐτῶν
1747 3399 1793 3463 ζ’
1813 3400 1907 3453 καὶ
1928 3402 1991 3454 λ’.

2105 3416 2325 3458 senatus
2352 3404 2607 3460 Romani.

411 3490 698 3544 Βασιλεύει
719 3490 763 3543 δ’
782 3485 939 3554 οὗτος
961 3475 1297 3564 παρανόμως
1325 3511 1385 3546 τε
1409 3495 1503 3547 καὶ
1516 3496 1649 3566 παρ’
1674 3494 1896 3561 ἐλπίδας
1927 3498 2025 3551 καλ⁵
2047 3497 2093 3529 ⁷⁸
2118 3498 2282 3552 αὑτοῦ
2308 3500 2544 3560 ἐκείνου,
2577 3498 2784 3569 σπουδῇ
2819 3499 2916 3569 μὲν
2941 3497 3230 3552 Ἀντωνίου
3255 3498 3349 3552 τοῦ
3373 3494 3681 3569 στρατηγοῦ

421 3579 733 3652 Ῥωμαίων,
764 3583 1046 3654 χρήμασιν
1080 3584 1503 3657 ὑπηρετοῦντος,
1550 3587 1644 3639 καὶ
1678 3588 1991 3655 Αύγούστου
2030 3589 2344 3644 καταινέσει
2412 3591 2537 3662 [969
2609 3588 2722 3661 IL],
2763 3588 2929 3660 ψήφῳ
2972 3590 3030 3644 δὲ
3067 3590 3205 3660 πρὸς
3235 3589 3536 3659 ἀφοσίωσιν
3585 3586 3683 3641 καὶ

406 3676 509 3743 τῆς
536 3674 731 3745 βουλῆς
767 3674 1076 3747 Ῥωμαίων.

483 3766 611 3821 Ὀτι
655 3767 897 3839 Ἡρώδου
931 3768 1108 3833 τοῦδε,
1148 3769 1242 3822 τοῦ
1303 3772 1523 3842 πρώτου
1576 3773 1635 3838 ἐξ
1682 3774 2000 3845 ἀλλοφύλων

412 3856 570 3927 παρὰ
592 3856 720 3921 τοῖος
753 3859 1407 3931 νόμους’βασιλεύσαντος
1462 3866 1755 3932 Ἰουδαίων,
1803 3869 1996 3921 τούτου

410 3950 598 4021 πατὴρ
628 3946 697 4020 ἦν
733 3951 1033 4021 Ἰδουμαῖος
1084 3954 1240 4023 γένος
1272 3954 1333 4020 ἐξ
1377 3955 1719 4021 ’Δσκάλωνος
1745 3957 1874 4030 [5M
1900 3958 1996 4033 H.]

409 4041 647 4106 πόλεως,
688 4044 817 4106 παῖς
858 4043 1111 4111 ’Δντίπα,
1137 4046 1399 4111 Ἀντίπας
1450 4050 1544 4102 καὶ
1596 4051 1758 4114 αὐτὸς
1798 4053 1997 4105 ἐπικα-

408 4132 676 4204 λούμενος
722 4135 1009 4208 πρότερον,
1062 4138 1420 4211 Ἀντίπατρος
1475 4140 1521 4195 δ’
1568 4141 1781 4197 ἔπειτα.
1826 4136 1994 4205 Οὗτος

409 4227 623 4280 πολλῶν
649 4228 749 4298 μὲν
776 4230 1078 4301 χρημάτων
1110 4232 1384 4304 εὐπορῶν,
1428 4234 1773 4306 δραστήριως
1807 4234 1866 4289 δὲ
1896 4235 1998 4307 τὴν

412 4316 575 4386 φύσιν
621 4318 720 4372 καὶ
772 4322 1102 4391 στασιαστὴς
1164 4324 1447 4392 τυγχάνων
1482 4325 1550 4391 ⁷⁷,
1610 4326 1863 4397 Ὑρκανῷ
1918 4325 1999 4397 τῷ

423 4409 696 4464 Ἰουδαίων
751 4413 1001 4483 ἀρχιερεῖ
1032 4413 1100 4466 δι’
1155 4414 1368 4479 εὐνοίας
1403 4415 1700 4486 ἐτύγχανεν
1729 4418 1797 4481 ⁷⁸,
1844 4417 1997 4490 Ἀρι-

412 4500 691 4570 στοϐούλῳ
720 4502 777 4555 δὲ
807 4503 1054 4574 τάδελφῷ
1076 4505 1121 4535 ⁷⁸
1150 4504 1417 4573 Ὑρκανοῦ
1444 4506 1700 4578 διάφορος
1720 4522 1734 4535 ·
1764 4507 1844 4561 διὸ
1878 4508 1998 4561 πεί-

410 4589 497 4643 θει
533 4592 831 4662 Ὑρκανὸν,
882 4594 1145 4660 πολλάκις
1201 4595 1532 4667 ἐνοχλήσας,
1568 4596 1669 4668 τὴν
1715 4597 1994 4668 βασιλείαν

411 4683 582 4737 πάλιν
610 4685 903 4757 ἀναζητεῖν
944 4687 1117 4741 ἅπασι
1154 4688 1399 4758 τρόποις,
1433 4689 1499 4759 ἢν
1529 4690 1740 4742 ἐκείνου
1778 4706 1994 4760 συγχω-

2170 3774 2403 3829 Herodis
2453 3772 2635 3841 hujus,
2686 3773 2778 3843 qui
2824 3772 3032 3841 primus
3079 3781 3432 3826 externorum
3481 3768 3682 3823 Iudaeis

2104 3867 2417 3937 imperavit,
2450 3874 2606 3935 pater
2635 3866 2735 3920 fuit
2765 3863 3032 3919 ldumreus
3058 3867 3276 3920 natione
3294 3880 3363 3919 ex
3387 3862 3680 3929 Ascalone,

2099 3959 2241 4013 lilius
2280 3958 2512 4026 Antipze,
2549 3959 2712 4011 etiam
2741 3957 2971 4028 Antipas
3002 3958 3151 4027 prius
3185 3966 3430 4020 vocatus,
3477 3953 3675 4008 deinde

2095 4053 2399 4122 Antipater.
2428 4049 2529 4104 Hic
2563 4050 2747 4105 multis
2780 4051 3029 4120 pecuniis
3065 4050 3372 4112 abundans,
3411 4045 3681 4103 factiosus

2095 4144 2313 4210 ingenio
2344 4153 2399 4199 et
2420 4143 2729 4207 seditiosus,
2778 4159 2902 4198 cum
2938 4141 3188 4213 Hyrcano
3215 4140 3524 4196 Judaeornm
3547 4155 3682 4208 pon-

2097 4236 2264 4299 tilice,
2291 4250 2356 4289 eo
2382 4236 2526 4306 quod
2581 4236 2792 4290 faveret
2831 4232 3149 4286 Aristobulo
3192 4230 3351 4284 fratri
3410 4229 3675 4299 Hyrcani,

2097 4324 2413 4379 inimicitias
2462 4324 2651 4394 gessit.
2696 4324 2875 4389 Quare
2936 4338 3059 4374 cum
3115 4320 3316 4373 multas
3353 4334 3495 4387 saepe
3543 4333 3678 4372 con-

2094 4416 2232 4473 ciret
2280 4415 2491 4479 turbas,
2534 4430 2600 4469 eo
2638 4423 2920 4483 permovet
2972 4410 3283 4482 Hyrcanum
3338 4418 3398 4463 ut
3443 4424 3674 4479 regnum

2098 4509 2292 4563 iterum
2328 4506 2574 4576 requirat
2605 4507 2856 4561 omnibus
2892 4503 3089 4566 modis,
3118 4505 3262 4571 quod
3309 4501 3400 4555 illo
3433 4501 3675 4557 donante

2101 4596 2723 4653 habueratAristobulns
2754 4596 2921 4649 frater
2938 4593 3279 4649 interfectus.
3305 4593 3429 4647 llaec
3447 4593 3674 4648 fratrum

2101 4690 2369 4745 discordia
2390 4704 2580 4758 magna
2602 4688 2865 4743 malorum
2895 4701 3059 4740 causa
3093 4685 3249 4755 ipsis,
3274 4687 3681 4755 etcognationi,

412 4777 684 4849 ρήσαντος
715 4779 1050 4851 ἀφελόμενος
1074 4782 1484 4852 Ἀριστόϐουλος
1515 4775 1662 4852 εἶχεν
1687 4782 1715 4834 ὁ
1740 4782 1989 4852 ἀδελφός.

2100 4782 2355 4853 gentique
2386 4778 2692 4834 Judaaorum
2724 4779 2843 4843 fuit,
2877 4787 2932 4833 et
2958 4792 3057 4832 cur
3074 4792 3299 4844 regnum
3335 4776 3402 4830 ad
3422 4788 3681 4834 externos

409 4867 561 4941 Αὕτη
611 4871 722 4923 τῶν
775 4872 1018 4942 ἀδελφῶν
1072 4875 1105 4945 ή
1165 4875 1354 4938 στάσις
1414 4875 1667 4945 μεγάλων
1710 4876 1756 4907 ⁸⁸
1805 4878 1992 4931 κακῶν

2100 4876 2467 4930 delaberetur.
2502 4873 2557 4927 ln
2591 4874 2692 4927 hac
2730 4870 3001 4925 discordia
3038 4869 3207 4924 multa
3244 4870 3535 4937 Antipater
3578 4886 3676 4938 pro

410 4961 564 5014 αίτία
617 4962 801 5027 αὐτοῖς
829 4981 892 5018 τε
930 4964 1029 5019 καὶ
1070 4965 1218 5034 γένει
1261 4966 1356 5020 καὶ
1398 4967 1478 5038 τῷ
1542 4968 1811 5021 Ἰουδαίων
1846 4968 1991 5022 ἔθνει

2100 4967 2354 5037 Hyrcano
2407 4977 2597 5022 contra
2652 4963 3028 5019 Aristobulum
3091 4962 3243 5016 visus
3300 4971 3388 5016 est
3456 4962 3670 5018 fecisse.

410 5051 673 5123 κατέστη,
730 5056 828 5109 καὶ
888 5057 989 5126 τῆς
1044 5059 1125 5122 είς
1176 5058 1510 5129 ἀλλοφύλους
1563 5060 1663 5132 τῆς
1719 5060 1995 5131 βασιλείας

2102 5061 2342 5116 Tandem
2364 5058 2713 5115 Aristobulus
2741 5073 2846 5111 una
2883 5074 3004 5113 cum
3052 5055 3241 5110 liberis
3281 5057 3530 5125 captivus
3578 5057 3678 5111 du-

418 5145 845 5212 μεταπτώσεως.
885 5147 974 5200 Ἐν
997 5150 1064 5217 τῇ
1098 5150 1287 5203 στάσει
1323 5151 1500 5222 ταύτῃ
1530 5151 1700 5205 πολλά
1744 5154 1995 5220 φαίνεται

2100 5155 2264 5209 citur.
2302 5153 2432 5208 Inde
2466 5154 2588 5225 fuga
2611 5163 2853 5223 ereptus,
2879 5154 2947 5207 ad
2991 5168 3102 5208 rem
3137 5151 3447 5210 Judmorum
3479 5151 3674 5206 iterum

384 5274 389 5279 -
421 5235 775 5309 Ἀντίπατρος
794 5239 1248 5312 ύπὲρὙρακανοῦ
1264 5243 1387 5297 κατ’
1414 5244 1828 5316 Ἀριστοὸούλου
1856 5247 1995 5317 πρά-

2101 5262 2161 5302 se
2190 5247 2485 5310 convertit,
2523 5246 2832 5316 iterumque
2877 5245 3136 5301 obsessus
3185 5261 3217 5300 a
3244 5243 3506 5299 Rosttanis
3552 5257 3677 5297 eum

1698 5382 1937 5439 VARUE
1975 5380 2361 5439 LECTIONES
2402 5423 2416 5437 .

480 5470 528 5503 ⁸⁸
555 5467 938 5546 τοσούτουςΑζ.
954 5472 1223 5546 τοσούτων
1242 5492 1309 5546 ς.
1386 5475 1432 5506 ⁵⁵
1475 5472 1731 5546 Ἠρώδουᾼ
1753 5492 1811 5540 ς.
1888 5476 1937 5507 ⁷⁰
1973 5476 2256 5546 μαριάμης
2273 5478 2337 5529 Λ.
2412 5474 2469 5506 "‘
2530 5472 2763 5546 λιποῦσα
2794 5474 2836 5526 Β
2858 5512 2873 5537 ,
2915 5471 3177 5546 λειποῦσα
3205 5480 3279 5546 Ai
3314 5471 3574 5546 λείπουσα
3611 5488 3673 5536 ς.

408 5541 461 5615 ff
485 5537 841 5615 συμπάντων]
873 5540 1210 5615 οὖνπάντων
1240 5537 1282 5596 Β
1302 5554 1356 5599 et
1395 5537 1555 5598 corr:
1587 5548 1651 5608 A,
1674 5537 1777 5599 οὖν’
1804 5537 2250 5615 συμπάντωνῖξῂ⁷
2329 5547 2376 5579 ⁷³
2422 5545 2559 5615 μετά
2590 5547 2654 5615 Α,
2693 5546 2833 5597 κατὰ
2862 5562 2920 5608 ς.
2954 5545 2999 5576 ⁷⁵
3028 5544 3074 5615 δξ
3111 5558 3220 5597 orn.
3249 5542 3307 5596 Β.
3383 5543 3429 5574 ⁷⁵
3454 5540 3497 5594 o’
3529 5558 3673 5609 mg.:

406 5611 531 5681 libri
557 5610 700 5663 enim
728 5625 840 5664 om.
946 5613 989 5644 '”
1019 5616 1113 5667 καὶ
1142 5627 1270 5669 ante
1302 5615 1468 5668 αὐτοῦ
1495 5618 1619 5671 add.
1649 5619 1714 5670 A.
1790 5618 1837 5648 ⁷⁷
1870 5610 1964 5670 καὶ
2007 5632 2163 5670 στασ.
2184 5610 2482 5681 τυγχάνων
2512 5614 2574 5676 Β,
2608 5613 2685 5667 ὣν
2726 5617 2818 5667 καὶ
2858 5632 3012 5667 στας,
3047 5612 3313 5681 Jnscpltus
3340 5613 3525 5680 Antiq.
3557 5628 3672 5672 xiv,

409 5680 1152 5806 εμὲᾂὲληρπιίοἱυίυω
1184 5700 1247 5751 ς’.
1319 5684 1364 5718 ⁷⁸
1438 5688 1733 5757 ἐτύγχανεν
1782 5688 1902 5745 add.
1964 5687 2024 5741 Β.
2126 5687 2171 5719 ⁷⁷
2211 5680 2285 5741 δεῖ
2325 5680 2567 5757 τάδελφῷ
2636 5685 2739 5752 AB,
2788 5685 2867 5757 τῷ
2914 5684 3125 5757 ἀδελφῷ
3158 5680 3220 5750 ς.
3322 5683 3369 5717 ⁸ο
3403 5682 3675 5755 μεγάλων]

433 5765 539 5809 tbrt
572 5765 807 5821 μεγάλη.
