3964 6246
337 315 473 396 l183
1497 337 1764 399 PHOTII
1803 336 2311 400 PATRIARCHE
2348 336 2458 396 cr.
3453 320 3597 390 1184

335 450 448 505 tilio
488 449 596 504 Ant
621 464 762 521 gono
798 449 908 522 (hic
941 451 1084 505 enim
1149 465 1272 507 cum
1301 458 1458 521 patre
1499 469 1605 508 una
1656 453 1905 524 captivus

2015 466 2132 518 ςας.
2161 452 2326 514 Τέλος
2356 452 2404 504 δ’
2441 453 2486 484 ⁸⁸
2536 448 2942 522 Ἀριπέὸουλος
2977 447 3079 519 μὲν
3109 445 3191 510 είς
3225 440 3445 513 Ῥώμην
3475 442 3597 510 ἅμα

333 544 458 610 fuit)
487 545 720 607 capitur.
762 545 1102 613 Bonnamque
1152 546 1408 611 mittitur,
1441 557 1496 601 et
1529 546 1733 616 ligatus
1757 561 1905 601 com-

2015 543 2205 596 παισὶν
2226 543 2571 612 αἰχμάλωτος
2610 541 2826 608 ἄγεται,
2857 537 3067 592 ἐκεῖθεν
3094 535 3152 590 δὲ
3197 531 3387 605 φυγὼν
3429 533 3598 586 πάλιν

334 639 636 704 prehensus
667 646 771 700 est,
804 650 926 690 cmn
962 636 1198 706 regalem
1230 648 1290 692 et
1331 639 1699 707 pontiﬁcalem
1736 639 1905 708 digni-

2014 637 2096 700 είς
2149 635 2219 689 τά
2261 637 2390 706 περὶ
2438 633 2540 706 τὴν
2596 633 2857 688 Ἰουδαίαν
2891 630 3280 702 παραγίνεται,
3315 627 3476 681 πάλιν
3531 641 3595 679 τε

336 740 498 782 tatem
535 744 708 782 annos
734 739 844 783 tres
867 740 921 783 et
960 744 1055 783 sex
1093 746 1307 786 menses
1360 733 1639 801 gessisset,
1688 731 1905 787 illustri:

2015 724 2399 797 πολιορκηθεὶς
2450 725 2555 778 ὑπὸ
2595 723 2883 794 Ῥωμαίων
2931 721 3047 792 ἅμα
3091 719 3170 791 τῷ
3221 718 3372 772 παιδὶ
3414 718 3595 808 Ἀντιο

330 829 384 869 et
417 820 793 886 magnanimus
845 820 897 873 iu
933 836 1102 890 regno
1153 821 1348 876 factus.
1390 821 1641 892 Hyrcano
1691 823 1905 892 quidem

2013 817 2156 887 γόνῳ
2193 809 2371 889 (οὗτος
2404 818 2513 888 γὰρ
2552 816 2743 886 ἔτυχεν
2784 817 2850 869 ὲκ
2885 811 3104 884 Ῥώμης
3139 811 3220 882 τῷ
3254 809 3422 880 πατρὶ¹
3454 825 3599 878 συμ-

330 911 676 975 pontiﬁcatus
731 911 966 966 tributus
1009 923 1114 976 εει,
1168 915 1408 966 nOndum
1462 927 1590 967 vero
1623 927 1909 980 regnum:

330 1001 423 1053 sed
459 1001 687 1070 populus
717 1002 956 1071 propriis
988 1003 1196 1073 legibus
1245 1006 1486 1067 vivebat,
1545 1006 1727 1074 populi
1767 1011 1908 1074 prae;

330 1089 504 1146 fectus
540 1108 634 1161 pro
658 1107 785 1163 rege
808 1096 932 1148 data
957 1095 1058 1150 sibi
1088 1106 1357 1164 potestate
1389 1101 1566 1154 dictus
1605 1109 1708 1155 est.
1747 1101 1908 1155 Antio

302 1191 484 1251 pater
535 1194 738 1249 autem,
800 1187 1176 1252 pontiﬁcatum
1237 1202 1464 1259 gerente
1518 1191 1789 1262 Hyrcano,
1841 1193 1910 1246 ad

328 1289 579 1343 magnam
611 1279 910 1347 potentiam
935 1294 1285 1347 pervenerat.
1323 1281 1457 1336 Nam
1491 1301 1612 1337 cum
1644 1283 1909 1339 Romanis

328 1367 557 1422 ducibus
614 1380 804 1422 contra
862 1370 1193 1428 rebellantes
1237 1373 1552 1431 auxiliando
1607 1374 1908 1444 pugnabat,

329 1472 662 1528 regnumque
696 1459 1009 1516 Judarorum
1073 1474 1296 1534 pr0pter
1337 1466 1504 1519 robur
1575 1467 1798 1533 injuste.
1853 1475 1908 1521 et

326 1551 660 1606 coitccdente
697 1552 947 1624 Hyrcano
981 1557 1208 1627 adeptus
1240 1569 1345 1614 est.
1380 1558 1558 1614 Julius
1579 1573 1709 1613 vero
1725 1557 1911 1614 Caesar

326 1643 698 1698 Aristobulum
769 1661 996 1703 carcere
1053 1649 1270 1704 solvens
1322 1652 1375 1704 in
1433 1650 1653 1720 Syriam
1713 1659 1906 1705 contra

326 1732 689 1803 Pompeianos
743 1738 964 1792 mittere
1013 1739 1278 1796 decrevit.
1337 1742 1444 1798 Sed
1491 1743 1640 1796 illum
1697 1757 1906 1810 praeve-

2015 908 2224 979 φυγὼν)
2253 907 2559 972 ἁλίσκεται,
2589 908 2682 961 καὶ
2708 909 2787 967 είς
2819 903 3037 974 Ῥώμην
3061 901 3467 970 ἀναπέμπεται,
3496 898 3595 952 καὶ

2011 1002 2192 1066 δεθεὶς
2221 1001 2525 1071 κατείχετο,
2555 999 2878 1070 βασιλεύσας
2904 997 3002 1068 μὲν
3034 997 3129 1049 καλ⁵
3161 991 3597 1065 ἀρχιερατεύσας

2014 1095 2108 1166 ἐτη
2145 1093 2196 1162 γ’
2236 1093 2414 1164 μῆνας
2443 1101 2520 1158 ς’,
2555 1091 2807 1164 λαμπρὸς
2827 1089 2885 1143 δὲ
2910 1089 3005 1143 καὶ
3035 1086 3409 1158 μεγαλόψυχος
3437 1086 3497 1138 έν
3521 1085 3591 1152 τῇ

2013 1186 2156 1256 ἀρχῇ
2187 1183 2448 1253 γεγονώς.
2490 1181 2745 1251 Ὑρκανῷ
2796 1180 2842 1232 δ’
2875 1181 2909 1249 η
2956 1178 3056 1247 μὲν
3091 1173 3468 1247 ἀρχιερωσύνη
3507 1172 3595 1225 δί-

2011 1275 2186 1340 δοται,
2216 1275 2399 1328 οὐκέτι
2439 1273 2486 1327 δ’
2516 1275 2551 1344 ἡ
2583 1270 2830 1343 βασιλεία
2851 1287 2866 1300 ⁸
2895 1269 3008 1324 ἀλλ’
3033 1263 3103 1339 ἦν
3129 1267 3192 1320 τὸ
3235 1265 3387 1328 ἔθνος
3426 1265 3595 1317 αύτο-

2012 1369 2366 1440 νομούμενον,
2400 1367 2671 1438 ἐθνάρχης
2707 1366 2752 1418 δ’
2791 1365 2943 1435 ὅμως
2963 1363 3009 1394 ⁸³
3034 1361 3157 1416 ἀντὶ
3191 1359 3453 1430 βασιλέως
3490 1356 3597 1426 τῆς

2010 1460 2301 1530 δεδομένης
2350 1459 2502 1529 αὐτῷ
2549 1457 2798 1523 ἐξουσίας
2843 1452 2989 1527 εἶχεν
3023 1455 3212 1523 ὄνομα,
3247 1451 3598 1520 ’Δντιπάτρῳ

2010 1553 2056 1607 δ’
2095 1551 2364 1622 Ὑρκανοῦ
2403 1549 2887 1623 ἀρχιερατεύοντος
2934 1548 3028 1600 ἐπὶ
3079 1546 3331 1599 πλεῖστον
3374 1543 3445 1596 τὰ
3491 1541 3600 1609 τῆς

2009 1646 2330 1709 δυναστείας
2358 1643 2586 1715 ηὔξετο·
2627 1642 2914 1713 Ῥωμαίων
2965 1657 3027 1694 τε
3087 1641 3198 1710 γάρ
3245 1638 3358 1700 τοῖς
3391 1652 3601 1707 στρατ-

2011 1741 2170 1812 ηγοῖς
2196 1739 2340 1792 κατὰ
2387 1737 2497 1792 τῶν
2537 1737 2948 1806 ἀνθισταμένων
3007 1733 3334 1802 συνεμάχει,
3388 1731 3483 1785 καὶ
3529 1730 3603 1784 τὰ

330 1827 541 1879 nientes
571 1825 886 1896 Pompeiani
935 1845 1148 1884 veneno
1192 1843 1568 1902 corrumpunt.
1599 1832 1666 1886 Et
1709 1833 1905 1902 Scipio,

2033 1831 2300 1886 Ἰουδαίων
2320 1829 2410 1884 διά
2445 1829 2648 1900 χειρὸς,
2675 1830 2743 1899 τῇ
2781 1825 3186 1898 ἀπραγμοσύνῃ
3235 1824 3330 1876 καὶ
3353 1821 3432 1892 τῷ
3463 1837 3605 1888 συγ-ι

328 1916 575 1970 mittente
607 1916 868 1988 Pompeio
922 1919 1014 1973 illo
1059 1922 1358 1977 Aristobuli
1405 1940 1632 1991 puerum
1692 1923 1905 1994 315a

2017 1921 2360 1992 κεχωρηκότι
2398 1919 2692 1991 Ὑρκανοῦ,
2726 1918 2889 1984 αὐτὸς
2930 1913 3045 1988 εἶχε
3084 1917 3408 1986 πράγματα.
3451 1914 3607 1984 ’Δρι-

326 2007 689 2064 Alexandrum
747 2024 1064 2083 accusante,
1121 2030 1244 2084 qua:
1271 2017 1451 2096 .prius
1513 2018 1569 2072 in
1619 2015 1899 2072 Romanos

2021 2013 2309 2068 στόὸουλον
2337 2012 2396 2066 δὲ
2425 2012 2644 2075 Ἰούλιος
2669 2013 2697 2065 ὁ
2740 2012 2981 2082 Καῖσαρ,
3015 2008 3184 2072 λύσας
3213 2007 3325 2060 τῶν
3355 2006 3600 2075 δεσμῶν,

327 2111 663 2167 peccaverat,
687 2104 862 2157 securi
891 2109 1180 2173 percussit.

2013 2107 2082 2169 είς
2118 2105 2328 2178 Συρίαν
2363 2103 2508 2158 κατά
2555 2103 2666 2159 τῶν
2716 2102 3006 2173 Πομπηΐου
3055 2102 3302 2170 πέμπειν
3341 2099 3603 2168 ἐγνώκει,

337 2190 478 2244 Ἀλλ’
508 2194 670 2248 αὑτὸν
705 2194 1012 2264 φθάσαντες
1052 2201 1102 2252 οί
1133 2199 1204 2253 τὰ
1236 2200 1527 2271 Πομπηΐου
1576 2199 1900 2271 φρονοῦντες
1934 2197 2216 2271 φαρμάκῳ
2265 2196 2571 2267 φθείρουσι.
2640 2195 2752 2249 Καὶ
2824 2193 3065 2248 Σκιπίων
3113 2193 3158 2246 δ’
3197 2191 3609 2252 ἐπιστείλαντος

322 2289 475 2359 αὐτῷ
510 2290 798 2362 Πομπηίου
841 2295 933 2347 τὸν
984 2294 1397 2364 Ἀριστοϐούλου
1443 2297 1612 2351 παῖδα
1651 2296 2021 2366 Ἀλέξανδρον,
2043 2291 2431 2356 ἐπικαλοῦντος
2497 2291 2536 2346 ἃ.
2605 2290 2869 2362 πρότερον
2927 2291 3009 2354 είς
3047 2288 3354 2359 Ῥωμαίους
3413 2285 3606 2356 ἁμάρ-

321 2397 427 2443 τοι,
461 2383 681 2437 πελέκει
704 2385 1053 2457 διεχρήσατο.

396 2477 719 2535 Declaratur
765 2497 894 2535 vero
924 2497 953 2536 a
1004 2481 1146 2540 Julio
1187 2485 1405 2542 Cazsare
1456 2486 1744 2555 Antipater
1788 2494 1911 2556 post

323 2569 608 2624 victoriam
639 2581 830 2626 contra
863 2571 1181 2643 Pompeium
1211 2577 1498 2645 praefectus
1535 2575 1732 2632 Iudaea:
1763 2595 1779 2632 :
1815 2576 1906 2646 qui

323 2661 377 2716 in
408 2660 647 2718 Judteam
680 2663 902 2719 veniens
945 2664 1209 2722 Phasaelo
1267 2668 1376 2722 ﬁlio
1405 2668 1908 2738 Hierosolymorum

322 2755 738 2825 vicinarumque
761 2757 1048 2826 imperium
1071 2759 1241 2814 dedit.
1261 2761 1392 2816 Post
1413 2777 1473 2816 se
1492 2777 1620 2815 vero
1644 2759 1910 2816 Herodem

321 2843 612 2898 admodum
633 2844 910 2914 juvenem,
938 2846 1146 2902 decimo
1167 2848 1354 2917 quinto
1383 2850 1561 2903 aetatis
1592 2865 1734 2904 anno
1757 2849 1908 2905 Gali-

323 2933 434 2989 lzea:
461 2939 757 3005 principem
804 2937 1062 3002 declarat,
1115 2940 1247 2994 nihil
1277 2938 1616 3008 ajuvenlute
1664 2942 1906 3010 prohibi-

323 3039 380 3082 tu
407 3048 434 3078 ιι
453 3043 704 3095 magnum
729 3029 857 3096 quid
875 3038 928 3083 et
954 3029 1107 3084 virile
1128 3038 1405 3099 praastare.
1439 3031 1670 3100 Haecque
1704 3030 1908 3086 faciens

309 3118 629 3188 'Antipater,
667 3129 723 3174 et
761 3121 1109 3177 nihilominus
1132 3138 1163 3176 a
1203 3123 1397 3193 populo
1430 3124 1630 3188 cultus,
1664 3140 1824 3195 quam
1860 3125 1906 3180 si

321 3225 418 3264 rex
448 3222 612 3265 esset.
636 3211 780 3267 Nihi!
817 3222 992 3268 tamen
1021 3230 1246 3284 prorsus
1270 3232 1298 3269 a
1319 3215 1423 3270 ﬁde
1454 3227 1509 3270 et
1537 3216 1908 3271 benevolentia

2089 2476 2500 2532 Ἀποδείκνυται
2537 2473 2594 2527 δὲ
2646 2473 2750 2526 ὑπὸ
2804 2471 3026 2526 Ἰουλίου
3079 2469 3358 2538 Καίσαρος
3424 2470 3607 2522 Ἀντί-

2020 2588 2228 2643 πατρος
2257 2569 2396 2642 μετὰ
2423 2568 2523 2640 τὴν
2550 2569 2690 2622 κατὰ
2732 2564 3018 2636 Πομπηΐου
3050 2565 3208 2634 νίκην
3241 2563 3337 2617 καὶ
3375 2563 3606 2632 ἐπίτρο-

2007 2683 2112 2730 πος
2154 2665 2430 2726 Ἰουδαίας.
2471 2660 2569 2724 ’ος
2607 2659 2700 2712 ἐπὶ
2741 2657 2946 2726 ταύτην
2977 2656 3024 2688 ⁸³
3069 2651 3462 2728 παραγεγονὼς
3493 2655 3606 2706 Φα-

2013 2759 2198 2830 σαήλῳ
2227 2755 2330 2828 μὲν
2359 2754 2437 2826 τῷ
2477 2753 2634 2808 παιδὶ
2677 2748 3124 2821 Ἱεροσολυμιτῶν
3163 2747 3402 2801 καὶτῶν
3438 2745 3604 2816 πέριξ

2010 2854 2108 2924 τὴν
2135 2849 2472 2922 στρατηγίδα
2499 2847 2674 2918 ἀρχὴν
2712 2846 2759 2877 ⁸⁵
2785 2845 2991 2910 δίδωσι,
3033 2843 3126 2894 τὸν
3168 2839 3228 2893 δὲ
3279 2838 3398 2907 μετ’
3433 2837 3603 2891 αὐτὸν

2023 2943 2271 3015 Ἡρώδην
2298 2942 2419 2996 νέον
2442 2939 2570 2992 ὄντα
2608 2937 2805 3008 κομιδῇ
2853 2931 3267 3007 (πεντεκαίδεκα
3303 2931 3411 2998 γὰρ
3449 2925 3604 2995 αὺτῷ

2012 3036 2120 3090 ἀπὸ
2150 3033 2416 3104 γενέσεως
2441 3030 2534 3102 έτη
2574 3025 2665 3102 ἦν)
2699 3029 2798 3098 τῆς
2825 3025 3114 3089 Γαλιλαίας
3153 3021 3446 3092 ἀποφαίνει
3479 3019 3603 3073 ὲπί-

2011 3143 2235 3199 τροπον,
2272 3124 2427 3177 οὐδὲν
2459 3123 2565 3176 ὑπὸ
2595 3122 2695 3190 τῆς
2731 3121 2984 3188 νεότητος
3013 3115 3108 3171 τοῦ
3142 3116 3216 3187 μὴ
3249 3115 3371 3185 οὐχὶ
3399 3113 3462 3167 τὸ
3485 3113 3603 3167 δει-

2013 3219 2104 3272 νὸν
2152 3217 2302 3288 αὑτῷ
2351 3215 2446 3269 καὶ
2495 3217 2742 3284 γενναῖον
2782 3210 3019 3280 ἐκφῆναι
3072 3207 3439 3275 κωλυόμενον.
3486 3205 3602 3258 Καὶ

318 3315 449 3369 erga
477 3299 787 3372 Hyrcanum
816 3303 1127 3373 pontillcem
1171 3306 1470 3359 maximum
1505 3305 1771 3360 alienatus
1799 3315 1904 3360 est.

2013 3311 2188 3367 ταῦτα
2221 3311 2478 3384 πράττων
2519 3308 2899 3378 Ἀντίπατρος,
2947 3302 3043 3356 καὶ
3076 3300 3464 3372 θαμαζὸμενος
3506 3299 3603 3352 οὑ-

321 3389 467 3444 Finit
485 3387 769 3462 Antipater
818 3394 1157 3463 splendidam
1177 3405 1234 3450 et
1252 3395 1458 3450 claram
1481 3397 1704 3451 omnino
1720 3398 1906 3464 vitam,

319 3481 533 3536 occulte
563 3496 791 3548 veneno,
821 3481 1032 3537 Malcho
1062 3485 1381 3554 pincernam
1409 3483 1634 3551 pecunia
1664 3499 1912 3538 corrum-

321 3585 503 3641 pente,
536 3583 595 3627 ut
622 3590 830 3630 veneno
858 3586 1043 3646 putum
1084 3575 1352 3632 inliceret.
1388 3575 1638 3631 Malchus
1669 3577 1757 3630 hic.
1790 3576 1910 3646 qui-

319 3665 442 3719 dam
466 3663 683 3720 Judazus
718 3677 862 3729 erat.
893 3667 1283 3722 uectendorum
1323 3666 1569 3723 dolorum
1597 3669 1823 3738 peritus,
1853 3679 1907 3724 et

302 3757 446 3811 data
488 3758 815 3826 suspicione,
854 3760 1169 3829 juramento
1218 3759 1586 3828 suspicionem
1639 3761 1796 3826 lenit,
1851 3773 1906 3816 et

303 3849 540 3903 .ﬁctione
566 3849 845 3904 amicitiae.
882 3849 987 3905 Sed
1027 3850 1160 3905 nihil
1191 3851 1392 3915 minus,
1425 3859 1485 3904 ut
1508 3850 1815 3918 videbatur,
1851 3851 1904 3906 iu

322 3938 586 3995 Herodem
607 3941 711 3996 hoc
737 3942 955 4009 ingenio
977 3942 1381 3998 machinantem
1404 3941 1609 4007 facere,
1630 3953 1724 3997 aut
1739 3943 1903 3998 etiam

321 4033 780 4088 vehementiorem
831 4033 1100 4099 incidens,
1149 4049 1366 4104 ptenam
1406 4037 1767 4106 postulantem
1812 4051 1906 4108 pa.

321 4131 490 4177 ternzc
521 4127 707 4193 caedis,
737 4127 1060 4198 pugionibus
1091 4129 1381 4185 confossus
1408 4129 1758 4185 interﬁcitur.

2009 3403 2102 3457 δὲν
2123 3398 2287 3475 ἦττον
2317 3401 2425 3455 ὑπὸ
2457 3399 2551 3454 τοῦ
2586 3399 2774 3461 ἔθνους
2813 3396 2846 3468 ἢ
2887 3394 3028 3448 κατά
3070 3393 3295 3464 βασιλέα
3336 3392 3405 3457 ⁸⁸,
3445 3393 3601 3463 ὅμως

2009 3494 2111 3565 τῆς
2135 3494 2275 3565 πρὸς
2303 3491 2580 3564 Ὑρκανὸν
2605 3490 2696 3544 τδν
2720 3487 2986 3559 ἀρχιερέα
3004 3484 3214 3548 εὐνοίας
3238 3485 3336 3538 καὶ
3358 3483 3600 3548 πίστεως

2008 3585 2161 3638 οὐδὲν
2189 3584 2327 3646 ὅλως
2369 3582 2688 3653 ἡλλοίωσεν.
2739 3578 3075 3646 Ἀναιρεῖται
3104 3575 3162 3628 δὲ
3212 3575 3600 3644 Ἀντίπατρος,

2008 3675 2204 3746 εὔρουν
2230 3677 2325 3730 καὶ
2351 3675 2605 3746 λαμπρὸν
2633 3672 2723 3726 διὰ
2761 3671 2963 3732 παντὸς
3003 3667 3318 3733 ἀναφαίνων
3359 3669 3406 3701 ⁸⁸
3457 3667 3598 3738 βίον,

2001 3766 2063 3833 ἐξ
2090 3767 2383 3838 ἐπιϐουλῆς
2416 3766 2716 3838 φαρμάκῳ,
2742 3763 2872 3838 [515
2910 3763 3005 3836 Η.]
3043 3760 3286 3834 Μαλίχου
3329 3763 3424 3815 τὸν
3447 3764 3603 3830 ,οἰνο-

2003 3861 2124 3932 χόον
2147 3861 2396 3932 χρήμασι
2426 3860 2722 3921 πείσαντος
2753 3856 2947 3922 στάξαι
2978 3859 3056 3930 τῷ
3094 3858 3302 3927 πόματι
3334 3854 3432 3908 τοῦ
3455 3870 3604 3922 φαρ-

2011 3951 2212 4023 μάκου.
2271 3951 2517 4022 Μαλίχος
2541 3951 2587 4005 δ’
2621 3941 2778 4014 οὗτος
2821 3948 3068 4013 Ἰουδαῖος
3102 3950 3200 4020 μὲν
3227 3944 3315 4020 ἦν,
3344 3945 3518 4008 δεινὸς
3541 3945 3602 3998 δὲ

2003 4045 2152 4098 δόλον
2188 4044 2358 4115 ῥάψαι
2390 4044 2483 4098 καὶ
2534 4043 2783 4113 δοθείσης
2823 4043 3080 4105 ὑπονοίας
3113 4043 3297 4113 ὅρκοις
3325 4040 3426 4111 τὴν
3463 4039 3606 4092 ὑπό-

2007 4152 2156 4190 νοιαν
2181 4135 2522 4207 θεραπεῦσαι
2551 4134 2646 4188 καὶ
2673 4134 2964 4203 ὑποκρίσει
3003 4134 3207 4204 φιλίας.
3259 4132 3399 4186 Ἀλλ’
3443 4130 3605 4185 οὐδὲν

317 4214 503 4292 ἦττον,
531 4217 606 4281 ὡς
628 4217 824 4282 ἔοικεν,
859 4219 1074 4293 Ἡρώδῃ
1101 4221 1328 4276 τοιαῦτα
1358 4222 1709 4294 μηχανᾶσθαι
1735 4222 1900 4292 φύσιν
1931 4223 2150 4297 λαχόντι
2175 4228 2208 4299 ἢ
2246 4230 2341 4282 καὶ
2362 4228 2650 4298 δεινοτέρῳ
2691 4228 3025 4297 περιτυχὼν,
3102 4226 3234 4298 [972
3272 4224 3366 4298 R.]
3443 4225 3607 4295 δίκην

318 4311 764 4384 είσπραττομένῳ
789 4312 883 4366 τοῦ
913 4315 1165 4386 πατρῴου
1191 4315 1376 4385 φόνου,
1408 4315 1655 4384 ξιφιδίοις
1694 4322 2198 4391 κατακεντούμενος
2230 4321 2510 4375 κτίννυται
2549 4318 2618 4374 ⁸⁷.
2665 4320 2672 4328 ’

387 4402 691 4472 Antigonus
731 4420 860 4460 vero
910 4406 1051 4460 ﬁlius
1090 4407 1410 4473 Aristobuli,
1450 4407 1619 4463 Fabio
1649 4408 1897 4476 pecuniis

315 4503 596 4562 corrupto,
621 4503 674 4546 et
697 4492 988 4550 Ptolomaeo
1019 4495 1291 4566 Hymentei
1321 4497 1453 4562 ﬁlio,
1479 4508 1696 4565 propter
1713 4497 1902 4550 matri-

319 4582 556 4637 tnouium
595 4586 779 4654 (soror
813 4587 957 4641 enim
988 4587 1106 4657 ejus
1133 4599 1392 4658 nupserat
1416 4588 1514 4659 illi)
1539 4599 1594 4643 et
1619 4589 1744 4644 aliis
1770 4604 1903 4644 nou-

291 4675 512 4742 ,nullis,
542 4692 830 4750 aggressus
883 4688 967 4734 est
1001 4681 1330 4736 descendere
1384 4681 1434 4735 in
1473 4680 1737 4736 .lndceam.
1791 4679 1900 4736 Sed

2091 4413 2397 4482 Ἀντίγονος
2439 4414 2505 4468 δ”
2530 4415 2560 4468 ό
2593 4413 3004 4486 ’Δριστοόούλου
3038 4416 3192 4478 παῖς,
3219 4412 3424 4467 Φασίου
3463 4411 3606 4480 χρή-

2012 4523 2142 4574 μασι
2170 4505 2620 4576 θεραπευθέντος,
2651 4508 2747 4561 καὶ
2783 4507 3123 4576 Πτολεμαίου
3155 4505 3251 4560 τοῦ
3279 4505 3522 4559 Μεναίου
3553 4505 3602 4537 ⁸⁸

2008 4596 2098 4650 διὰ
2123 4596 2185 4649 τὺ
2213 4597 2459 4668 κήδευμα
2495 4597 2718 4670 (ἀδελφὴ
2746 4599 2856 4670 γάρ
2893 4597 3060 4652 αὑτοῦ
3103 4598 3443 4666 ἐγεγάμητο)
3471 4595 3604 4648 συλ-

2007 4687 2421 4758 λαμῦανομένου
2473 4690 2565 4740 καὶ
2618 4689 2822 4758 ἑτέρων
2859 4689 3042 4751 τινῶν,
3072 4687 3403 4757 ἐπεχείρησε
3455 4702 3599 4738 κατ-

317 4765 558 4824 llerodes
581 4786 756 4841 pugna
787 4787 1114 4844 congressus
1143 4775 1295 4839 vicit,
1324 4785 1378 4829 et
1398 4790 1429 4830 e
1447 4773 1632 4829 Iudaea
1658 4776 1903 4844 expellit,

2013 4781 2240 4850 άγεσθαι
2267 4782 2360 4833 ἐπὶ
2392 4781 2668 4835 Ἰουδαίαν.
2708 4781 2848 4834 Ἀλλ’
2885 4779 3132 4852 Ἡρώδης
3159 4780 3310 4850 μάχῃ
3341 4779 3600 4848 aettula-

316 4867 371 4913 ct
393 4861 461 4915 ab
490 4861 904 4934 Hierosolymis,
922 4875 977 4919 et
1003 4867 1119 4936 ipso
1145 4867 1392 4938 Hyrcano
1417 4867 1717 4921 honoriﬁce
1740 4874 1894 4936 parta

317 4950 566 5015 victoria,
596 4963 878 5023 susceptus
912 4964 1016 5010 est.
1059 4958 1326 5012 Antonius
1371 4972 1504 5011 vero
1541 4958 1652 5011 dux
1692 4956 1896 5011 Roma-

317 5059 534 5108 norum,
584 5047 826 5114 pecuniis
855 5058 1180 5115 exerceatus,
1219 5049 1413 5104 Herodi
1445 5063 1502 5103 et
1528 5048 1897 5104 fratri’Phae-

317 5136 434 5189 selo
470 5135 777 5192 Judaeorum
829 5143 1151 5197 tetrarchias
1186 5141 1354 5208 dedit,
1412 5140 1660 5212 Hyrcano
1703 5152 1896 5196 contra

317 5231 434 5284 luce
488 5246 594 5285 non
650 5232 983 5303 indignante,
1038 5234 1292 5303 populum
1341 5235 1898 5289 veroaccusantibus

323 5318 662 5388 llcrodianis,
692 5322 825 5378 nihil
847 5324 1080 5393 amplius
1114 5334 1234 5378 erat
1265 5339 1427 5392 quam
1468 5333 1529 5376 ut
1570 5326 1895 5394 supplicium

2001 4871 2122 4933 κεὶς
2150 4870 2280 4939 νικᾷ
2311 4868 2404 4922 καὶ
2435 4869 2535 4938 τῆς
2565 4867 2838 4921 Ἰουδαίων
2863 4868 2968 4937 γῆς
3001 4865 3317 4930 ἀπελαύνει,
3349 4865 3447 4919 καὶ
3487 4865 3598 4918 ὑπὸ

2015 4960 2408 5032 Ἰεροσολύμων
2450 4960 2495 4992 ⁸⁸
2541 4962 2637 5014 καὶ
2688 4959 2852 5014 αὑτοῦ
2891 4959 3161 5030 Ὑρκανοῦ
3190 4957 3467 5028 λαμπρῶς
3497 4957 3596 5011 ἐπὶ

2003 5049 2072 5117 τῇ
2122 5047 2249 5119 νίκῃ
2290 5047 2481 5118 ἐδέχθη
2513 5047 2932 5118 παραγεγονώς.
2977 5047 3086 5100 Καὶ
3119 5046 3407 5109 Ἀντώνιος
3452 5046 3592 5117 χρή-

2008 5156 2196 5210 μασιν,
2233 5142 2261 5194 ό
2293 5140 2581 5210 Ῥωμαίων
2616 5137 2943 5209 στρατηγὸς,
2981 5138 3196 5210 Ἡρώδῃ
3219 5139 3314 5192 καὶ
3335 5137 3413 5208 τῷ
3436 5137 3592 5192 ἀδελ-

2005 5232 2092 5303 φῷ
2108 5233 2377 5304 Φασαήλῳ
2401 5231 2502 5294 τὰς
2527 5231 2637 5283 τῶν
2671 5230 2944 5284 Ἰουδαίων
2973 5229 3302 5300 τετραρχίας
3345 5229 3586 5292 δίδωσιν,

2005 5325 2155 5381 οὐδὲν
2194 5327 2332 5396 πρὸς
2366 5325 2539 5380 ταῦτα
2567 5323 3008 5396 δυσχεραίνοντος
3061 5322 3350 5394 Ὑρκανοῦ.
3387 5323 3496 5378 Τοῦ
3527 5322 3585 5376 δὲ

1633 5498 1872 5555 VARle
1911 5498 2312 5556 LECTIONES.

398 5603 438 5632 '"
467 5603 662 5682 6'__adtl.
852 5609 898 5641 ⁸³
919 5608 962 5682 δ’
993 5610 1165 5682 ὅμως]
1187 5612 1336 5680 ὅμως
1357 5613 1402 5666 δ’
1433 5619 1495 5667 Λ.

329 5687 391 5733 ς.
503 5673 548 5704 ⁸⁶
574 5678 878 5732 ἀναϐαίνων
917 5680 979 5732 Α.
1027 5673 1039 5678 ’
1081 5673 1473 5738 ⁸⁷”κτείννυται
1501 5687 1576 5741 Λ.’

325 5741 374 5773 ⁸³
424 5741 859 5810 Ἱεροσολυμιτῶν
885 5749 1150 5820 Scaliger.

1599 5616 1646 5649 83
1669 5617 1689 5649 ὲ
1699 5619 1753 5649 σμ’
1798 5635 1827 5649 1ο
1837 5617 1918 5649 ι’.ηὲ

1668 5617 1753 5668 ἐπ’
1797 5617 1966 5688 αὐτὴν
1997 5634 2058 5682 ς.
2158 5617 2206 5648 ⁸⁵
2232 5617 2420 5686 ἄρχειν
2447 5633 2506 5680 ς.
2584 5617 2629 5648 ⁸⁸
2657 5617 2796 5670 κατὰ
2829 5617 3051 5683 βασιλέα
3083 5617 3148 5675 Α,
3189 5617 3285 5664 καὶ
3315 5617 3579 5677 βασιλέως

1669 5687 1715 5720 ⁸⁸
1767 5689 1984 5757 μεναίου
2019 5689 2102 5753 Δ,
2161 5686 2452 5756 ’Υμεναίου
2489 5703 2550 5751 ς’.
2603 5688 2756 5757 Apud
2805 5685 3098 5755 Josephuui
3149 5690 3236 5737 est
3284 5677 3579 5735 Μενναίου.

2158 5617 2206 5648 ⁸⁵
2232 5617 2420 5686 ἄρχειν
2447 5633 2506 5680 ς.
2584 5616 2629 5648 ⁸⁸
2657 5614 2796 5670 κατὰ
2816 5613 3051 5686 βασιλέα
3083 5611 3148 5675 Α,
3189 5606 3585 5686 καὶᾼβασιλέως
