3964 6246
363 214 504 282 1185

1376 202 1899 265 BIBLIOTHECA.
1931 226 1999 239 --
2027 200 2189 269 COD.
2219 202 2637 267 CCXXXVIII.

3496 202 3633 271 3186

357 329 602 401 πλήθους
648 324 762 380 τῶν
808 322 940 395 περὶ
1000 318 1247 392 Ἡρώδην
1298 318 1747 391 κατηγορούντων
1785 315 1939 369 οὐδὲν

2046 315 2310 385 subirem,
2335 316 2454 372 loco
2479 332 2652 388 μωηω
2671 318 2947 375 sumenda!
2960 318 3032 375 ob
3057 333 3179 389 qua
3195 333 3588 377 accusaverant
3610 341 3626 376 :

358 422 526 476 πλέον
555 417 698 490 πλὴν
722 414 817 469 τοῦ
861 413 1135 486 τιμωρίαν
1169 412 1395 481 ὑπέχειν
1438 409 1561 464 ἀντὶ
1602 405 1699 461 τοῦ
1756 405 1943 461 λαϐεῖν

357 509 435 568 ὦν
469 511 773 567 ἐπεκάλουν
823 508 1034 574 ὲγίνενο
1075 504 1165 559 διά
1214 505 1275 557 τὸ
1323 504 1601 574 χρήμασιν
1656 496 1943 553 ’Λντώνιον

355 601 686 672 διεφθάρθαι
708 601 804 653 καὶ
837 595 1102 669 Ὑρκανὸν
1125 596 1238 656 τοῖς
1254 593 1384 663 περὶ
1414 588 1660 659 Ἡρώδην
1675 585 1940 641 τίθεσθαι⁸

356 690 460 762 ἤδη
492 690 604 759 γὰρ
651 689 747 743 καὶ
782 686 881 757 τῆς
907 683 1182 755 θυγατρὸς
1208 680 1375 737 αὑτοῦ
1399 678 1566 733 παῖδα
1593 676 1944 747 Μαριάμμην

369 784 616 855 Ἡρώδης
636 780 960 852 ἐγγεγύητο.

428 871 767 941 Πτολεμαίου
808 870 865 923 δὲ
905 868 1001 922 τοῦ
1034 867 1274 923 Μεναίου
1315 868 1407 922 τὸν
1442 868 1559 941 βίον
1611 869 1864 934 λιπόντος
1913 867 1942 921 ό

357 968 486 1030 παῖς
524 948 791 1036 λαμϐάνει
814 963 915 1033 τὴν
941 962 1118 1033 ἀρχὴν
1142 962 1435 1026 Λυσανίας.
1462 964 1576 1016 Καὶ
1604 962 1852 1031 Πάκορος
1884 960 1941 1013 δὲ

355 1084 386 1139 6
452 1059 718 1130 βασιλέως
790 1060 921 1121 παῖς
978 1056 1075 1110 καὶ⁵
1143 1055 1591 1126 Βαζαφαρμάνης
1653 1055 1943 1126 σατράπης

358 1156 571 1224 Πάρθος
588 1153 853 1223 κατέσχον
880 1152 979 1222 τὴν
1003 1150 1229 1220 Συρίαν.
1245 1151 1522 1214 Λυσανίας
1545 1150 1603 1203 δὲ
1620 1150 1712 1204 τὸν
1734 1149 1940 1217 σατρά-

358 1262 469 1315 πην
526 1243 667 1315 ἔχων
708 1245 805 1295 σὺν
855 1241 1006 1308 αὐτῷ
1043 1244 1279 1294 ποιεῖται
1330 1240 1466 1311 πρὸς
1502 1240 1807 1308 Ἀντίγονον
1848 1239 1941 1291 τὸν

356 1330 775 1405 Ἀριστοϐούλου
821 1329 1047 1398 φιλίαν·
1100 1329 1197 1383 καὶ
1243 1329 1548 1397 Ἀντίγονος
1596 1329 1941 1398 ὑπισχνεῖται

355 1423 598 1495 Πάρθοις
631 1422 778 1491 χίλια
798 1421 1037 1475 τάλαντα
1078 1419 1273 1474 δώσειν
1320 1419 1416 1473 καλ⁵
1448 1418 1807 1481 πεντακοσίας
1838 1435 1939 1486 γυ-

354 1518 568 1580 ναῖκας,
589 1518 638 1567 εί
668 1514 766 1584 τὴν
786 1512 1049 1585 πατρῴαν
1068 1512 1244 1584 ἀρχὴν
1272 1510 1643 1565 ἀποδώσουσιν
1665 1511 1715 1542 ⁹⁹
1741 1509 1942 1581 ’Υρκα-

354 1611 448 1665 νὸν
500 1609 827 1678 ἀφελόμενοι
884 1610 979 1661 καὶ
1016 1607 1143 1671 τοὺς
1197 1606 1328 1676 περὶ
1374 1603 1625 1676 Ἡρώδην
1674 1600 1935 1659 ἀνέλοιεν.

2044 409 2171 478 quia
2210 411 2485 466 Antonius
2515 422 2808 482 corruptus
2844 411 3021 467 fuerat
3052 428 3210 476 auro,
3252 423 3309 467 et
3350 414 3636 484 Hyrcanus

2044 516 2167 556 cum
2202 499 2529 558 Herodianis
2566 505 2815 559 sentiret.
2845 503 2965 559 Jam
2995 505 3140 559 enim
3170 506 3294 561 ﬁlia:
3330 506 3495 561 ﬁliam
3522 506 3636 561 Ma-

2046 593 2312 649 riamnem
2345 593 2585 651 Herodes
2608 596 2934 666 desponsam
2957 596 3210 651 habebat.

2112 857 2410 916 Ptolomazo
2440 875 2571 916 vero
2605 858 2905 932 llymenmo
2933 859 3041 913 vita
3071 856 3330 913 defuncto
3361 857 3634 928 Lysanias

2048 951 2196 1006 ﬁlius
2247 953 2458 1022 accepit
2498 951 2784 1021 imperium
2812 991 2829 1014 ,
2871 959 2925 1004 et
2959 949 3199 1003 Pacorus
3244 948 3440 1019 315b
3487 950 3634 1019 regis

2044 1044 2189 1098 ﬁlius
2217 1050 2272 1097 et
2314 1042 2789 1114 Bazapharmanes
2836 1053 3053 1112 satrapa
3092 1041 3351 1107 Parthus,
3400 1055 3635 1110 occupa-

2044 1147 2170 1191 runt
2218 1135 2455 1207 Syriam.
2504 1135 2767 1208 Lysanias
2819 1151 2948 1190 vero
2998 1136 3205 1189 habens
3245 1150 3428 1189 secum
3464 1144 3637 1190 satrao

2044 1242 2188 1293 pam,
2237 1227 2337 1279 init
2367 1226 2665 1280 amicitiam
2711 1240 2833 1279 cum
2868 1227 3144 1294 Antigono
3180 1225 3479 1280 Aristobuli
3515 1226 3631 1278 ﬁlio

2042 1326 2100 1372 et
2125 1318 2430 1388 Antigonus
2470 1317 2735 1387 promittit
2769 1316 2987 1371 Parthis
3033 1316 3180 1372 mille
3212 1317 3414 1371 talenta
3444 1330 3503 1369 se
3532 1316 3633 1369 da~

2042 1419 2249 1475 turum,
2280 1419 2337 1464 et
2380 1412 2705 1480 quingentas
2745 1410 3020 1474 mulieres,
3052 1410 3095 1463 si
3128 1418 3414 1479 paternum
3457 1408 3635 1474 impc-

2042 1500 2181 1554 rium
2238 1502 2453 1564 darent,
2517 1500 2804 1556 interfecto
2867 1501 3119 1572 Hyrcano
3170 1509 3227 1555 et
3281 1498 3629 1554 Herodianis.

2042 1592 2335 1661 Propterea
2397 1592 2641 1647 Pacorus
2694 1602 2752 1647 et
2812 1592 3293 1663 Bazapharmanes
3354 1591 3635 1646 adducunt

351 1700 448 1755 Διὸ
477 1701 724 1769 Πάκορος
756 1697 854 1751 καὶ
894 1696 1339 1767 Βαζαφαρμάνης
1377 1694 1710 1761 κατάγουσιν
1755 1690 1934 1743 Ἀντί-

2046 1685 2368 1753 Antigonum
2394 1694 2449 1739 et
2474 1684 2621 1739 illato
2652 1683 2721 1737 ab
2745 1682 3065 1739 Herodianis
3091 1683 3253 1747 bello,
3284 1683 3435 1736 multi
3458 1683 3633 1735 utrin-

353 1808 534 1862 γονον,
569 1793 663 1844 καὶ
696 1790 934 1859 πολέμου
965 1789 1152 1852 αὐτοῖς
1196 1787 1302 1840 ὑπὸ
1344 1786 1454 1840 τῶν
1503 1786 1636 1855 περὶ
1686 1782 1933 1853 Ἡρώδην

353 1884 659 1945 συστάντος
688 1880 876 1934 πολλοὶ⁵
902 1882 995 1950 ἀφ’
1037 1879 1317 1953 ἑκατέρων
1348 1876 1670 1939 κτείνονται,
1722 1875 1934 1927 εὐδοκι-

356 1974 592 2048 μοῦντος
622 1972 856 2043 μάλιστα
884 1974 996 2034 τοῖς
1019 1970 1204 2032 πόνοις
1243 1968 1509 2035 Ἡρώδου.
1534 1964 1698 2030 Τέλος
1731 1966 1936 2037 ’Υρκα-

351 2066 445 2128 νδς
478 2065 574 2119 καὶ
597 2061 882 2133 Φασάηλος
910 2061 1047 2132 δόλῳ
1081 2059 1523 2130 συλλαμϐάνεται
1551 2058 1656 2112 ὑπὸ
1676 2057 1930 2129 Πάρθωνο

352 2157 453 2212 καὶ
493 2158 523 2211 ό
578 2155 678 2227 μὲν
713 2154 999 2223 Φασάηλος
1056 2153 1166 2205 τῶν
1215 2150 1426 2222 ἐχθρῶν
1468 2149 1789 2222 προφθάσας
1835 2146 1935 2218 τὴν

353 2248 601 2320 σφαγὴν,
632 2248 816 2319 πέτρᾳ
844 2246 945 2315 τὴν
984 2243 1227 2315 κεφαλὴν
1256 2240 1604 2313 προσαράξας
1636 2242 1803 2308 ἔξεισι
1839 2240 1935 2295 τοῦ

356 2339 499 2411 βίου,
536 2337 799 2408 Ὑρκανὸς
831 2336 888 2389 δὲ
910 2336 1128 2406 δέσμιος
1148 2333 1345 2404 εῐχετο.
1370 2334 1481 2387 Καὶ
1505 2335 1555 2387 οί
1596 2334 1802 2404 Πάρθοι
1823 2332 1937 2385 λοι-

354 2432 460 2487 πὸν
480 2432 549 2485 τά
591 2428 939 2501 Ἱεροσόλυμα
960 2426 1238 2491 λαϐόντες,
1274 2426 1427 2495 μόλις
1458 2425 1655 2489 αὐτοὺς
1696 2424 1937 2497 Ἡρώδου

353 2521 623 2592 δεινότητι
652 2518 879 2590 γνώμης
912 2518 1007 2572 καὶ
1030 2519 1188 2588 τάχει
1217 2517 1312 2570 τοῦ
1342 2515 1660 2587 προμηθοῦς
1698 2518 1793 2571 καὶ
1822 2533 1937 2586 χει-

360 2617 472 2688 ρῶν
500 2615 667 2686 ἀρετῇ
700 2614 800 2666 σὺν
840 2614 906 2683 τῇ
938 2612 1102 2683 γενεᾷ
1124 2611 1502 2681 διαφυγόντος,
1531 2609 1602 2663 τὰ
1623 2609 1734 2663 τῶν
1768 2609 1937 2682 Ἰερο-

358 2705 667 2778 σολυμιτῶν
712 2703 1011 2775 διήρπαζον
1045 2704 1306 2776 χρήματα
1336 2703 1477 2772 πλὴν
1515 2702 1626 2755 τών
1668 2700 1939 2773 Ὑρκανοῦ

355 2802 437 2871 (π’
490 2799 536 2852 δ’
562 2794 631 2869 ἦν
676 2797 939 2867 τάλαντα)
983 2797 1051 2859 ⁹¹,
1099 2795 1194 2850 καὶ
1221 2794 1395 2858 οὕτως
1428 2794 1508 2859 είς
1536 2793 1637 2863 τὴν
1678 2791 1942 2865 πατρῴαν

355 2895 537 2969 ἀρχὴν
574 2894 885 2963 ’Δντίγονον
923 2890 1342 2962 έγκαθιστιῖισιν.
1389 2889 1699 2959 ’Δντίγονος
1725 2888 1771 2941 δ’
1810 2887 1940 2959 Ὑρ-

357 2985 532 3042 κανοῦ
564 2984 662 3039 τοῦ
693 2983 842 3037 θείου
871 2983 1014 3053 ὑπὲρ
1055 2981 1150 3035 τοῦ
1182 2982 1256 3053 μὴ
1296 2981 1461 3035 πάλιν
1505 2977 1798 3033 ἀναλαϐεῖν
1837 2975 1940 3044 τὴν

2034 1791 2143 1845 que
2177 1775 2480 1836 ceduntur,
2525 1776 2754 1832 multum
2792 1774 3001 1829 llerode
3026 1776 3304 1830 laboribus
3330 1774 3628 1829 celebrato.

2034 1865 2277 1921 Tandem
2323 1866 2566 1922 Herodes
2623 1878 2680 1922 et
2746 1866 3042 1922 Phasaelus
3098 1867 3221 1922 dolo
3262 1865 3551 1935 capiuntur
3599 1880 3629 1917 a

2033 1956 2273 2024 Parthis,
2320 1964 2374 2013 et
2407 1956 2707 2013 Phasaelus
2745 1958 2947 2013 caedem
2990 1959 3226 2012 hostium
3274 1966 3632 2025 praevertens,

2036 2051 2179 2106 illiso
2222 2051 2290 2106 ad
2329 2059 2537 2122 petram
2569 2052 2749 2121 capite
2786 2052 2958 2105 linivit
3000 2050 3165 2105 vitam
3190 2069 3204 2105 :
3229 2051 3475 2119 captivus
3503 2063 3632 2102 vero

2038 2145 2331 2200 tenebatur
2355 2144 2658 2214 Hyrcanus.
2689 2146 2751 2199 Et
2779 2146 3013 2216 denique
3038 2145 3221 2200 Parthi
3258 2144 3630 2214 Hierosolyma

2035 2248 2389 2309 occupantes,
2424 2242 2518 2295 vix
2557 2241 2682 2295 illos
2727 2240 2961 2306 Herode,
3001 2239 3169 2295 animi
3216 2226 3529 2310 prses-lautia
3575 2246 3633 2292 et

2036 2333 2316 2388 celeritate
2353 2333 2591 2403 consilii,
2624 2348 2991 2402 manuumque
3034 2335 3230 2387 robore
3272 2346 3396 2385 cum
3425 2330 3631 2385 fannlia

2038 2423 2297 2495 fugiente,
2345 2428 2608 2497 pecunias
2645 2426 3257 2496 Hierosolymitanorum
3308 2432 3628 2494 rapuerunt,

2040 2530 2235 2588 praeter
2263 2535 2354 2575 eas
2382 2535 2503 2589 qua:
2530 2529 2685 2575 erant
2710 2519 2981 2591 Hyrcani;
3013 2521 3284 2589 octoginta
3317 2533 3447 2573 vero
3475 2527 3635 2572 erant

2042 2611 2264 2676 talenta,
2287 2622 2343 2667 et
2366 2614 2445 2668 sic
2469 2614 2522 2667 in
2545 2613 2777 2683 patrium
2805 2628 3033 2682 regnum
3061 2613 3391 2681 Antigonum
3426 2610 3636 2665 consti-

2043 2711 2283 2758 tuerunt.
2309 2707 2612 2777 Antigonus
2636 2722 2764 2761 vero
2790 2706 3072 2777 Hyrcano;
3102 2721 3175 2760 ne
3194 2704 3426 2774 amplius
3449 2720 3635 2760 sacer-

2042 2796 2248 2850 dotium
2273 2808 2484 2867 gereret
2504 2799 2651 2869 (nam
2675 2800 2767 2868 qui
2796 2799 2975 2868 aliqua
3000 2808 3155 2868 parte
3182 2798 3432 2867 corporis
3459 2796 3635 2850 mutili

2041 2899 2191 2952 sunt,
2222 2904 2328 2942 non
2379 2902 2507 2944 sunt
2554 2892 2662 2960 apti
2716 2890 2785 2945 ad
2832 2891 3138 2946 sacerdotia
3188 2893 3328 2959 apud
3374 2888 3639 2957 Juda'os),

2045 2993 2207 3035 aures
2230 2980 2444 3044 incidit.
2474 2992 2530 3037 et
2558 2982 2776 3037 Parthis
2802 2997 2987 3037 secum
3012 2990 3072 3036 ut
3095 2984 3297 3037 ducant
3323 2983 3634 3035 committit.

360 3078 662 3151 ἱερωσύνην
692 3077 777 3147 (τὸ
804 3077 913 3148 γάρ
944 3075 1307 3145 σεσινωμένον
1338 3074 1480 3127 κατά
1501 3090 1556 3125 τι
1586 3069 1679 3124 τοῦ
1703 3068 1956 3140 σώματος
2000 3070 2167 3141 μέρος
2199 3072 2497 3145 ἀπείρηται
2536 3075 2809 3139 Ἰουδαίοις
2848 3076 3121 3147 ἱερᾶσθαι)
3188 3076 3509 3146 περιτέμνει
3572 3072 3642 3126 τὰ

357 3169 501 3239 ὦτα,
533 3174 629 3228 καὶ
661 3172 899 3240 Πάρθοις
922 3171 1076 3238 άγειν
1106 3169 1203 3221 σὺν
1225 3168 1410 3230 αὐτοῖς
1437 3165 1673 3219 δίδωσιν.

445 3268 695 3340 Ἡρώδης
749 3265 794 3319 δ’
829 3264 1079 3337 οὐδαμῶς
1112 3264 1331 3335 ἠρέμει,
1389 3260 1529 3315 ἀλλά
1579 3259 1800 3331 πρῶτον
1843 3258 1940 3329 μὲν

2123 3254 2367 3312 Herodes
2394 3271 2736 3328 nequaquam
2758 3258 3105 3329 quiescebat;
3134 3261 3229 3313 sed
3259 3275 3495 3331 prmium
3524 3260 3645 3329 qui-

358 3359 442 3422 είς
470 3357 712 3428 Μάλιχον
743 3355 839 3410 τὸν
873 3352 1120 3423 Ἀράϐων
1148 3352 1317 3423 ἀπῄει
1343 3349 1592 3421 βασιλέα,
1621 3349 1939 3420 ἐπικουρίαν

359 3449 506 3503 κατὰ
537 3447 798 3519 πατρῴαν
824 3444 1005 3516 φιλίαν
1049 3442 1271 3505 ἐλπίδας
1300 3442 1441 3512 έχων
1478 3441 1689 3512 εὑρεῖν·
1736 3441 1942 3492 ἀποτυ-

360 3536 476 3609 χὼν
510 3536 639 3609 [516
694 3532 792 3607 ιι]
837 3535 896 3588 δὲ
945 3532 1038 3585 ἐπὶ
1088 3532 1413 3601 Βρεντήσιον
1461 3529 1599 3600 πρὸς
1655 3526 1939 3581 ’Λντώνιον

359 3630 455 3684 τὸν
491 3631 537 3662 ⁸⁸
574 3628 863 3698 Ῥωμαίων
907 3622 1233 3696 στρατηγὸν,
1286 3620 1541 3676 κάκεῖθεν
1586 3622 1668 3684 είς
1720 3618 1942 3689 Ῥώμην

365 3722 466 3775 σὺν
493 3720 640 3789 αὐτῷ
660 3720 944 3786 ἀνάγεται,
964 3716 1209 3784 ἀπολοφυ
1218 3715 1449 3785 ράμενος
1468 3714 1537 3766 τά
1557 3710 1942 3781 συνενεχθέντα

361 3816 460 3869 καὶ
478 3814 571 3868 τὸν
600 3809 864 3881 τάδελφοῦ
905 3810 1156 3863 θάνατον.
1203 3808 1470 3861 Ἐποιείτο
1506 3805 1563 3858 δὲ
1596 3804 1825 3873 γνώμην
1863 3800 1943 3873 τῷ

365 3907 469 3976 τῆς
504 3908 749 3977 γαμετῆς
781 3904 1015 3976 άδελφῷ,
1063 3903 1332 3975 Ὑρκανοῦ
1370 3902 1428 3955 δὲ
1466 3900 1732 3970 θυγατρὸς
1765 3898 1941 3961 παιδὶ,

364 3998 420 4051 εί
445 4015 563 4062 πως
588 3998 825 4059 δύναιτο,
853 3998 953 4069 τὴν
972 3996 1251 4067 βασιλείαν
1273 3992 1730 4064 καταπράξασθαι
1749 4007 1763 4021 ·
1793 3989 1943 4060 αύτῷ

365 4090 477 4161 γάρ
524 4090 846 4147 ἀνέλπιστον
898 4087 967 4159 ἦν
1018 4087 1337 4142 παντάπασι
1385 4085 1590 4154 ταύτην
1634 4082 1945 4155 περιελθεῖν

368 4180 655 4251 ἀλλοφύλῳ
685 4181 821 4233 δντι.
845 4179 989 4232 Ἀλλ’
1015 4176 1300 4242 ’Δντώνιος
1328 4178 1424 4231 καὶ
1452 4175 1779 4245 Αὔγουστος,
1808 4176 1944 4245 σύμ-

367 4272 555 4345 ψηφον
603 4271 862 4334 λαϐόντες
892 4270 990 4341 τὴν
1024 4268 1242 4340 βουλὴν,
1286 4271 1381 4322 καὶ
1408 4268 1637 4338 βασιλέα
1677 4266 1944 4322 Ἰουδαίων

366 4366 759 4436 ἀποφαίνουσι,
797 4364 1071 4418 καὶκατὰ
1120 4363 1428 4431 Ἀντιγόνου
1479 4360 1741 4423 πολλάκις
1796 4359 1946 4430 αύτῷ

368 4459 829 4532 συμμαχήσαντες
856 4457 996 4529 μετά
1027 4456 1229 4519 πολλὰς
1274 4455 1489 4524 σφαγὰς
1535 4454 1629 4507 καὶ⁷
1676 4452 1947 4523 πολέμους

378 4554 686 4623 Ἀντίγονον
717 4550 817 4624 μὲν
862 4548 1209 4621 αίχμάλωτον
1236 4548 1454 4617 ἄγουσι,
1486 4546 1712 4599 Σοσσίου
1746 4562 1946 4615 στρατ-

2051 3346 2171 3401 dem
2217 3349 2283 3401 ad
2339 3347 2626 3403 Malichum
2681 3350 2921 3404 Arabum
2986 3364 3165 3420 regem
3224 3351 3411 3415 vadit,
3469 3353 3641 3406 auxi-

2048 3437 2177 3491 lium
2197 3436 2350 3506 juxta
2383 3451 2666 3509 paternam
2708 3441 3002 3495 amicitiam
3034 3442 3383 3496 inventurum
3427 3458 3487 3497 se
3520 3459 3644 3514 spc-

2054 3543 2186 3583 rans
2240 3545 2255 3583 :
2314 3529 2609 3586 frustratus
2667 3547 2800 3586 vero
2844 3532 3191 3588 Brundisium
3232 3536 3299 3589 ad
3344 3535 3643 3590 Antonium

2047 3622 2239 3676 ducem
2268 3620 2593 3691 Romanum,
2628 3624 2752 3680 inde
2775 3639 2899 3680 cum
2930 3625 3021 3679 illo
3069 3624 3296 3680 Romam
3339 3630 3644 3683 contendito

2050 3716 2337 3785 deplorans
2380 3732 2443 3772 ea
2476 3733 2594 3785 quae
2642 3718 2990 3784 accidissent,
3038 3719 3334 3789 fratrisque
3385 3732 3643 3776 mortem.

2049 3808 2396 3877 Cogitaverat
2436 3823 2568 3863 vero
2600 3806 2753 3865 fratri
2782 3812 2999 3876 uxoris,
3051 3810 3161 3866 ﬁlio
3218 3812 3340 3865 ﬁlia:
3376 3810 3644 3884 Hyrcani,

2049 3900 2094 3955 si
2126 3916 2234 3970 quo
2259 3901 2419 3955 modo
2442 3909 2647 3971 posset,
2672 3917 2896 3972 regnum
2924 3905 3167 3968 tradere;
3193 3903 3464 3960 difﬁdebat
3492 3906 3645 3960 enim

2049 3990 2299 4045 omnibus
2321 3992 2498 4045 modis
2523 3991 2626 4046 sibi
2649 4001 2877 4047 externo
2904 3993 2956 4048 id
2985 4009 3142 4062 posse
3164 3998 3502 4066 contingere.
3533 3996 3649 4054 Sed

2049 4082 2326 4151 Augustus
2377 4091 2431 4137 et
2492 4084 2761 4138 Antonius
2810 4088 3000 4141 eodem
3048 4088 3126 4141 usi
3188 4089 3417 4143 consilio
3457 4105 3638 4159 regeu

2048 4173 2358 4232 Judatorum
2398 4186 2608 4239 creant,
2654 4187 2710 4232 et
2742 4189 2932 4231 contra
2978 4180 3305 4249 Antigonum
3345 4196 3487 4252 saepe
3509 4197 3643 4237 cum

2053 4268 2143 4322 illo
2170 4279 2474 4341 pugnantes
2506 4278 2627 4339 post
2667 4270 2862 4325 multas
2897 4272 3080 4326 clades
3114 4282 3169 4327 et
3211 4273 3373 4336 bella,
3404 4277 3637 4341 Antigo-

2054 4377 2180 4415 num
2196 4363 2466 4432 captivum
2513 4364 2737 4430 ducunt,
2778 4364 2955 4427 Sosio,
2985 4364 3235 4419 Romano
3273 4369 3427 4431 duce,
3475 4370 3639 4425 linem

2055 4452 2181 4507 huic
2212 4452 2356 4508 bello
2389 4454 2720 4524 imponente.
2758 4455 2913 4509 Illum
2944 4471 3073 4510 vero
3114 4459 3288 4528 magis
3323 4460 3378 4512 iu
3411 4460 3647 4530 imperio

2056 4543 2402 4599 conﬁrmant.
2439 4546 2711 4601 Antonius
2737 4546 2844 4601 dux
2879 4549 3155 4617 accipiens
3188 4551 3460 4618 captivum
3486 4556 3638 4607 Anti-

365 4619 553 4717 τεηγοῦ⁷
575 4619 863 4716 Ῥωμαίων
888 4619 1042 4708 τέλος
1063 4642 1222 4697 τοῦτο
1260 4644 1375 4705 τοῖς
1393 4640 1651 4710 πολέμοις
1688 4639 1842 4692 ὲπιθε
1853 4639 1940 4708 μέ-

2063 4650 2282 4702 gonum,
2317 4637 2553 4691 vinctum
2582 4641 2855 4707 triumpho
2884 4654 3104 4694 servare
3129 4644 3388 4696 decrevit.
3438 4643 3643 4717 316a

368 4756 487 4800 νου.
516 4737 663 4809 αύτῷ
686 4738 746 4791 δὲ
767 4737 836 4791 τὰ
853 4740 951 4808 τῆς
984 4735 1162 4807 ἀρχῆς
1204 4736 1297 4788 ἐπὶ
1324 4733 1524 4803 μᾶλλον
1563 4732 1947 4804 κρατύνουσιν.

2049 4727 2275 4797 Cognito
2296 4736 2475 4783 autem
2508 4728 2821 4785 Μύκοι-ωτι
2855 4732 3106 4801 populum
3136 4733 3259 4787 odio
3288 4735 3338 4788 in
3364 4735 3643 4792 Herodem

382 4828 671 4891 Ἀντώνιος
712 4828 770 4881 δὲ
810 4828 842 4881 ό
891 4824 1197 4898 στρατηγὸς
1257 4824 1435 4879 λαϐὼν
1478 4824 1825 4895 αἰχμάλωτον
1863 4821 1940 4876 et»

2050 4831 2189 4871 nova
2225 4818 2425 4883 moliri,
2456 4818 2788 4890 Antigonum
2816 4821 3117 4877 Antiochia:
3145 4825 3324 4878 set-uri
3352 4830 3639 4894 percitssit.

383 4920 692 4990 ⁹Δντίγονον
720 4918 849 4992 [975
883 4919 983 4993 R.]
1014 4920 1236 4990 δέσμιον
1266 4918 1407 4986 έγνω
1436 4917 1597 4989 μέχρι
1631 4915 1727 4969 τοῦ
1752 4915 1940 4987 θριάμ-

2052 4909 2334 4982 Hyrcanus
2345 4921 2547 4976 autem,
2563 4928 2684 4967 cum
2704 4912 2970 4969 Herodem
2988 4931 3217 4984 regnare
3234 4919 3515 4983 intellexit,
3536 4920 3609 4974 im
3622 4950 3643 4962 -

371 5012 473 5069 ϐου
515 5013 806 5083 φυλάττειν
834 5030 848 5043 ·
888 5013 1078 5084 μαθὼν
1105 5013 1161 5067 δὲ
1189 5012 1531 5083 νεωτερίζειν
1568 5012 1630 5064 τὸ
1682 5010 1940 5064 Ἰουδαίωη

2055 5010 2289 5081 ploravit
2326 5008 2616 5065 Phraatem
2657 5025 2837 5081 regem
2872 5028 2886 5066 :
2917 5020 2971 5065 et
2997 5012 3157 5066 simul
3191 5014 3497 5082 postulante
3531 4998 3640 5069 lle;

372 5107 528 5169 ἔθνος
556 5110 622 5161 εκ
646 5106 740 5161 τοῦ
770 5107 910 5177 πρὸς
942 5105 1191 5178 Ἡρώδην
1218 5106 1431 5176 μίσους,
1460 5106 1652 5158 τοῦτον
1670 5106 1730 5158 ὲν
1750 5105 1940 5157 Ἀντιο-

2061 5103 2193 5159 rode
2250 5103 2303 5157 in
2355 5101 2583 5172 patriam
2641 5102 2896 5168 mittitur,
2952 5102 3118 5157 multa
3168 5120 3227 5159 se
3288 5120 3515 5174 sperans
3571 5107 3648 5161 ab

371 5199 498 5271 χείᾳ
530 5199 875 5253 ἐπελέκισεν.
916 5199 1182 5271 Ὑρκανὸς
1220 5197 1265 5251 δ’
1314 5197 1438 5251 ἐπεὶ
1496 5196 1745 5270 Ἡρώδην
1794 5197 1940 5268 pact-

2061 5193 2274 5249 Herode
2295 5199 2735 5248 consecuturum.
2766 5191 3004 5248 Herodes
3042 5208 3171 5248 vero
3200 5196 3437 5263 speciem
3474 5198 3649 5251 bene;

373 5292 555 5346 λεύειν
577 5293 832 5364 ἤκουσεν,
860 5292 1051 5364 ἐδεήθη
1078 5291 1327 5363 Φραάτου
1377 5290 1658 5361 βασιλέως,
1699 5291 1791 5345 καὶ
1828 5309 1940 5344 συν-

2060 5287 2313 5343 volentia:
2333 5294 2387 5342 et
2409 5285 2568 5354 primi
2597 5285 2819 5341 honoris
2847 5287 2899 5342 in
2926 5303 3049 5342 eum
3084 5304 3329 5358 magnam
3358 5292 3593 5345 ostendit
3625 5308 3647 5345 :

374 5384 662 5455 δεηθέντος
706 5385 945 5455 Ἡρώδου
974 5384 1194 5454 ἀφίεται
1234 5385 1314 5447 είς
1336 5384 1434 5454 τὴν
1458 5383 1711 5456 πατρίδα,
1739 5382 1940 5437 πολλῶε.

2060 5378 2254 5435 deinde
2277 5391 2409 5432 vero
2441 5377 2493 5433 ei
2526 5378 2927 5447 corruptionem
2970 5378 3315 5448 largitionum
3349 5380 3643 5450 ohjiciens,

378 5478 607 5543 εΑπίσας
640 5479 773 5552 παρ’
815 5477 1035 5551 Ἡρώδῃ
1058 5479 1262 5550 τυχεῖν.
1302 5475 1547 5548 Ἡρώδης
1593 5475 1650 5529 δὲ
1701 5476 1940 5547 σχήματα

2064 5483 2120 5528 et
2180 5470 2538 5541 proditionem
2581 5468 2722 5540 apud
2780 5470 3007 5537 Arabes,
3050 5471 3323 5528 hominem
3369 5471 3649 5529 interfecit

1680 5588 1916 5645 vitam;
1939 5586 2355 5668 .LECTIONES.

454 5686 503 5721 “
532 5683 1102 5764 ἀποδώσουσινιαύτῷ
1133 5684 1395 5760 δώσουσιν
1423 5685 1489 5739 A.
1564 5684 1607 5717 ⁹¹
1646 5682 1784 5754 πλὴν
1812 5711 1882 5724 -
1909 5680 2146 5737 τάλαντα
2184 5695 2297 5738 om.
2336 5680 2401 5736 Α.
2503 5678 2550 5711 ⁹¹
2572 5677 2693 5746 τὸν]
2733 5676 2842 5731 τῶν
2875 5677 2945 5733 Δ.
