3964 6246
335 178 472 247 1187

1461 176 1726 239 ΡΗΟΤΙΙ
1757 176 2262 238 PATRIARCH/E
2295 177 2402 240 ΕΡ.

3460 177 3602 243 1188

331 307 535 347 annum
565 287 956 359 octogesimum
987 288 1222 360 primum
1251 296 1524 358 agentem,
1559 302 1681 340 cum
1713 299 1908 353 magna

2020 287 2115 358 μὲν
2147 287 2365 350 εὐνοίας
2395 284 2493 343 καὶ
2523 287 2691 358 τιμῆς
2725 285 2828 358 τῆς
2875 289 3263 360 πρωτευούσης
3313 288 3490 344 πολλά
3519 293 3602 354 είς

334 393 392 440 et
439 381 699 439 ineffabili
747 383 1038 438 clementia
1085 390 1141 436 et
1194 379 1570 435 incuriositate
1610 378 1662 433 Ιι.
1697 377 1836 444 Quin
1870 383 1926 432 et

325 475 700 532 Aristobulum
747 474 982 546 Hyrcani
1019 473 1208 540 illium,
1244 471 1558 526 Mariamnae
1593 470 1782 526 uxoris
1817 470 1926 522 fra-

329 579 492 632 trem,
521 569 798 622 adnitente
825 566 1134 622 Alexandra
1165 580 1458 635 puerorum
1494 570 1688 628 matre,
1717 571 1774 618 et
1807 561 1924 615 Ma-

329 661 563 726 riamna,
592 674 860 714 summum
893 658 1202 728 pontificem
1229 657 1444 712 decimo
1483 656 1714 724 septimo
1747 654 1925 708 aetatis

328 767 474 806 anno
494 761 665 806 creat.
688 749 752 804 Et
776 749 975 806 deinde
999 751 1051 804 in
1075 747 1292 804 Jericho
1313 752 1368 804 in
1392 749 1603 818 piscina
1623 746 1732 801 illic
1754 744 1920 800 suffo-

327 846 441 898 cari
466 843 652 912 jussit.
693 843 799 899 Sed
834 844 1075 899 Herodes
1113 843 1331 913 quidem
1380 841 1526 908 talis,
1570 840 1746 912 qualis
1796 852 1917 894 esse

321 937 434 1008 jam
463 938 669 991 dictum
695 947 799 992 est.

2020 377 2186 433 αὐτδν
2241 377 2476 443 ἐδείκνυ,
2525 379 2587 432 ἐν
2632 378 2847 452 ὑστέρῳ
2887 379 2946 433 δέ
2986 380 3245 445 διαϐολὰς
3287 381 3605 451 ἐπενεγκὼν

2020 469 2347 539 δωροδοκίας
2384 471 2480 523 καὶ
2510 469 2612 539 τῆς
2641 470 2777 541 πρὸς
2802 470 3050 541 ’Ἄραϐας
3079 472 3369 544 προδοσίας
3392 473 3606 527 ἀνεῖλεν

2021 559 2192 630 ἀνδρα
2220 557 2362 631 ὑπὲρ
2388 557 2458 612 τὰ
2494 558 2550 613 π’
2577 559 2673 630 ἔτη
2701 559 2933 631 ἐνιαυτῷ
2967 561 3048 615 ἑνὶ
3080 563 3220 633 μετά
3256 561 3462 632 πολλῆς
3511 563 3611 617 καὶ

2021 653 2232 721 ἀφάτου
2259 652 2359 723 τῆς
2377 652 2680 718 ἐπιεικείας
2700 653 2798 707 καὶ⁸
2824 653 3256 727 ἀπραγμοσύνης
3275 655 3606 726 βεϐιωκότα.

2025 745 2139 798 Καὶ
2173 745 2583 817 Ἀριστόϐουλον
2600 745 2659 800 δὲ
2689 746 2780 800 τὸν
2815 748 3008 800 υἱωνὸν
3037 748 3085 781 ⁸⁸
3113 748 3212 819 μὲν
3247 749 3294 781 ⁸⁸
3330 748 3608 820 Ὑρκανοῦ

2023 839 2371 910 Μαριάμμης
2391 839 2439 872 ³⁸
2466 838 2525 892 δέ
2549 839 2649 910 τῆς
2670 841 2920 910 γαμετῆς
2949 840 3199 910 ἀδελφὸν,
3230 842 3607 913 ἐνοχλησάσης

2035 927 2392 999 Ἀλεξάνδρας
2445 927 2548 996 τῆς
2599 927 2711 982 τῶν
2760 929 2966 983 παίδων
3025 929 3233 1002 μητρὸς
3285 933 3381 985 καὶ
3433 932 3611 999 αὐτῆς

325 1031 695 1103 Μαριάμμης,
719 1030 981 1102 ἀρχιερέα
1005 1031 1104 1102 μὲν
1127 1031 1447 1100 καθίστησιν
1469 1028 1536 1094 ιζ’
1558 1027 1676 1092 ἐτος
1693 1026 1916 1096 ἄγοντα,
1954 1024 2050 1078 καὶ
2077 1024 2196 1096 μετ’
2231 1024 2414 1092 ὀλίγον
2447 1026 2506 1078 ἐν
2548 1023 2862 1096 Ἱεριχοῦντι
2897 1027 2946 1059 ’⁸
2975 1029 3097 1090 ταῖς
3157 1027 3336 1081 ἐκεῖσε
3398 1027 3612 1098 κολυμ-

327 1122 560 1198 ϐήθραις
600 1123 1030 1194 ἐναποπνιγῆναι
1064 1123 1466 1194 κατεπράξατο.
1523 1120 1662 1174 Ἀλλ’
1716 1119 1962 1191 Ἡρώδης
1989 1117 2088 1189 μὲν
2107 1115 2372 1182 τοιοῦτος,
2408 1116 2504 1170 καὶ
2523 1112 2635 1181 οἷος
2659 1117 2800 1173 εἶναι
2824 1119 3171 1190 προείρηται.

398 1214 637 1270 Moriens
665 1215 907 1271 Herodes
948 1216 1274 1270 Archelaum
1321 1215 1488 1269 filium
1537 1213 1753 1269 Caesare
1786 1227 1910 1281 per-

2081 1210 2205 1264 Ὅτι
2233 1209 2498 1265 τελευτῶν
2546 1209 2791 1281 Ἡρώδης
2820 1209 3113 1283 Ἀρχέλαον
3143 1211 3237 1265 τὸν
3284 1212 3398 1266 υἱὸν
3429 1213 3612 1268 διατί-

326 1307 577 1362 mittente
621 1321 995 1364 successorem
1044 1307 1194 1378 regni
1232 1306 1534 1362 constituit.
1561 1305 1750 1359 Caesar
1781 1317 1910 1357 vero

2020 1302 2188 1370 θεται,
2239 1302 2519 1376 Καίσαρος
2551 1303 2821 1369 διδοῢντος
2851 1306 2896 1339 ’⁷
2917 1304 3021 1375 τῆς
3051 1304 3322 1375 βασιλείας
3346 1307 3607 1375 γενέσθαι

325 1398 604 1467 Angustus
653 1397 888 1452 dimidiae
937 1397 1088 1468 regni
1133 1395 1301 1466 partis
1345 1395 1673 1450 Archelaum
1723 1407 1910 1447 creans

2020 1396 2273 1468 διάδοχον.
2306 1399 2526 1470 Καῖσαρ
2557 1397 2616 1451 δὲ
2655 1395 2706 1468 (6
2733 1395 3042 1467 Αὔγουστος
3091 1398 3136 1451 δ’
3165 1393 3255 1470 ἦν)
3305 1399 3408 1468 τῆς
3466 1403 3611 1470 ἡμι-

327 1489 631 1555 doniinum,
669 1498 724 1544 et
755 1489 898 1556 regis
922 1488 1080 1543 titulo
1109 1499 1426 1543 ornaturum
1456 1502 1516 1543 se
1537 1487 1699 1550 dixit,
1729 1486 1775 1541 si
1805 1484 1916 1539 cle-

325 1592 540 1637 menter
565 1591 621 1638 et
647 1582 792 1653 juste
822 1597 1046 1652 regnum
1078 1580 1516 1636 administratum
1547 1578 1912 1650 cognovisset.

323 1675 563 1728 Alteram
592 1689 724 1730 vero
740 1680 952 1742 partem
981 1673 1248 1740 dividens,
1280 1673 1586 1743 Philippum
1609 1681 1665 1726 et
1690 1670 1916 1739 Antipa-

326 1777 468 1821 trum
505 1767 835 1832 tetrarchas,
865 1765 1100 1821 Herodis
1129 1776 1183 1821 et
1229 1767 1374 1836 ipsos
1422 1767 1564 1821 filios
1608 1763 1913 1820 constituit.

327 1857 433 1913 Sed
457 1859 756 1914 Archelaus
795 1873 920 1912 cum
957 1859 1223 1913 violenter
1267 1873 1418 1912 more
1446 1869 1673 1925 paterno
1700 1853 1914 1910 Judaeos

327 1961 561 2019 regeret,
615 1951 818 2006 Caesari
849 1952 1188 2021 supplicante
1235 1951 1452 2021 populo,
1490 1949 1778 2021 tyrannide
1805 1963 1916 2017 op-

324 2055 536 2111 presso,
570 2041 783 2096 decimo
820 2057 961 2095 anno
996 2057 1162 2112 regno
1187 2043 1410 2106 excidit,
1443 2051 1497 2097 et
1521 2044 1916 2097 condemnatur

325 2148 382 2185 ιιι
424 2133 695 2189 habitaret
730 2134 992 2190 Viennam
1025 2134 1211 2190 Galliae
1236 2137 1445 2201 urbem,
1478 2145 1534 2190 et
1569 2135 1693 2191 inde
1721 2132 1914 2189 recidit

320 2223 509 2279 Iudaea
547 2240 579 2279 e
606 2239 772 2294 regno
804 2225 855 2279 in
886 2224 1319 2295 praefecturaml.

416 2401 656 2459 Herodes
682 2404 954 2460 tetrarcha
984 2404 1216 2459 Galilaea:
1236 2415 1291 2459 et
1307 2403 1528 2471 Peraeae,
1560 2403 1704 2459 filius
1731 2403 1908 2473 magni

326 2493 576 2563 Herodis,
629 2498 851 2561 amavit,
905 2505 964 2550 ut
1007 2497 1202 2551 scribit
1253 2493 1548 2565 Josephus,
1599 2494 1785 2550 fratris
1828 2495 1912 2550 sui

324 2586 555 2643 Herodis
607 2603 832 2642 uxorem
874 2587 1258 2651 Herodiadem.
1305 2604 1426 2658 qua:
1465 2597 1519 2643 et
1557 2587 1670 2657 ipsa
1718 2601 1913 2656 magno

327 2677 542 2734 Herode
571 2681 824 2742 oriunda,
863 2690 987 2736 nata
1015 2697 1046 2737 e
1083 2682 1196 2738 tilio
1223 2680 1558 2746 Aristobulo,
1585 2695 1749 2751 quem
1794 2680 1912 2750 ipse

329 2771 625 2827 interfecit.
658 2771 789 2828 Erat
824 2774 950 2829 huic
983 2773 1154 2829 frater
1173 2775 1408 2844 Agrippa
1444 2791 1458 2828 :
1492 2775 1636 2828 hanc
1669 2771 1911 2828 Herodes

324 2877 356 2916 a
409 2865 528 2917 viro
576 2853 926 2936 disjungens,
982 2881 1206 2921 uxorem
1258 2867 1414 2921 duxit
1434 2878 1497 2921 ω.
1533 2865 1633 2921 Hic
1690 2875 1775 2921 est
1816 2866 1907 2936 qui

2018 1487 2170 1554 σείας
2207 1489 2498 1562 Ἀρχέλαον
2539 1490 2827 1561 ἀποφήνας
2860 1490 3072 1562 κύριον,
3103 1491 3198 1546 καὶ
3243 1491 3493 1563 βασιλείᾳ
3522 1511 3608 1546 τι·

2023 1583 2220 1650 μήσειν
2271 1577 2449 1644 εἶπεν,
2495 1583 2546 1635 εί
2584 1583 2846 1648 ἐπιεικῶς
2897 1583 2994 1637 καὶ
3028 1583 3254 1649 δικαίως
3283 1585 3383 1656 τὴν
3425 1586 3608 1657 ἀρχὴν

2025 1670 2187 1742 μάθοι
2224 1673 2530 1742 χειρίζοντα
2552 1689 2567 1704 ο
2602 1675 2703 1744 τὴν
2735 1675 2780 1728 δ’
2821 1674 2987 1743 ἀλλην
3037 1679 3232 1746 μοῖραν
3287 1675 3480 1730 διελὼν
3509 1695 3606 1730 τε-

2019 1764 2264 1834 τράρχας
2284 1764 2548 1819 Φίλιππον
2576 1766 2672 1820 καὶ
2687 1765 3062 1838 Ἀντίπατρον,
3089 1769 3185 1822 καὶ
3208 1767 3608 1840 αὐτοὺςἩρώ-

2019 1856 2110 1910 δου
2145 1857 2338 1920 παῖδας
2369 1857 2562 1925 ὂντας,
2587 1857 2930 1930 καθίστησιν.
2971 1860 3114 1913 Ἀλλ’
3145 1860 3440 1931 Ἀρχέλαος
3476 1863 3606 1917 ἐπεὶ

2017 1943 2187 2014 ὠμῶς
2237 1941 2333 1998 καὶ
2379 1945 2522 1998 κατά
2571 1945 2664 1999 τδν
2699 1946 2915 2018 πατέρα
2963 1947 3234 2002 Ἰουδαίων
3263 1945 3422 2019 ἦρχε,
3460 1950 3607 2002 Καί-

2024 2054 2192 2109 σαρος
2243 2035 2545 2106 δεηθέντων
2585 2039 2694 2093 τῶν
2739 2040 3192 2112 τυραννουμένων
3232 2039 3444 2112 δεκάτῳ
3488 2041 3606 2096 ἔτει

2015 2128 2118 2198 τῆς
2149 2127 2426 2200 βασιλείας
2461 2129 2812 2196 ἐκπέπτωκε,
2843 2131 2936 2186 καὶ
2968 2132 3192 2186 Βίενναν
3227 2133 3275 2165 ³⁸
3301 2133 3474 2187 οἰκεῖν
3499 2135 3606 2204 τῆς

2017 2221 2248 2284 Γαλλίας
2268 2219 2350 2255 ⁸⁸*
2378 2221 2799 2288 καταδικάζεται
2824 2264 2839 2289 ,
2874 2222 2968 2276 καὶ
2991 2223 3323 2292 μεταπίπτει
3347 2222 3607 2279 ἐντεΰθεν

2017 2313 2052 2383 ἡ
2079 2311 2315 2366 Ἰουδαία
2344 2313 2408 2366 ἐκ
2435 2311 2714 2382 βασιλείας
2735 2315 2816 2378 είς
2835 2316 3123 2386 ἐπαρχίαν.

2089 2403 2216 2458 Ὅτι
2247 2404 2495 2478 Ἡρώδης
2517 2407 2546 2458 6
2565 2407 2872 2478 τετράρχης
2901 2409 3188 2475 Γαλιλαίας
3213 2411 3309 2465 καὶ
3332 2410 3601 2484 Περαίας,

2017 2498 2149 2560 παῖς
2216 2495 2459 2568 Ἡρώδου
2487 2497 2583 2551 τοῦ
2618 2499 2880 2568 μεγάλου,
2919 2501 3156 2571 ἠράσθη,
3203 2501 3279 2566 ώς
3333 2503 3607 2574 Ἰώσηπός

2016 2603 2202 2657 φησιν,
2229 2586 2462 2658 ἀδελφοῦ
2500 2589 2743 2658 Ἡρώδου
2776 2594 3012 2659 γυναῖκα
3037 2593 3211 2662 ὄνομα
3240 2593 3546 2665 Ἡρωδιάδα
3575 2609 3599 2627 ⁸

2014 2679 2277 2748 ἀπόγονος
2305 2679 2352 2732 δ’
2379 2676 2449 2752 ἦν
2474 2679 2616 2750 αὕτη
2641 2681 2736 2736 τοῦ
2773 2684 3010 2754 μεγάλου
3047 2685 3311 2757 Ἡρώδου,
3346 2686 3403 2740 Ἀ
3415 2705 3604 2759 ριστο-

2014 2771 2189 2843 δούλῳ
2220 2773 2299 2844 τῷ
2331 2774 2501 2843 παιδὶ,
2533 2774 2594 2828 ὃν
2623 2777 2831 2840 ἐκεῖνος
2875 2777 3051 2831 ἀνεῖλε
3096 2779 3163 2846 ’⁸,
3205 2780 3547 2851 γεγενημένη
3577 2797 3601 2814 ι

2011 2859 2080 2936 ἦν
2106 2865 2152 2918 δ’
2178 2865 2315 2938 αὐτῇ
2349 2867 2442 2921 καὶ
2486 2868 2516 2920 6
2551 2868 2780 2938 ἀδελφὸς
2807 2870 3140 2941 Ἀγρίππας.
3177 2871 3304 2944 [517
3338 2872 3430 2946 Η.]
3459 2873 3608 2928 Ταύ-

325 2970 580 3022 magnum
630 2955 894 3012 Joannem
940 2957 1336 3014 Praecursorem
1383 2958 1679 3024 interfecit,
1731 2968 1792 3014 ut
1840 2960 1910 3012 ait

2020 2970 2116 3026 την
2158 2954 2404 3027 Ἡρώδης
2446 2957 2672 3031 τάνδρὸς
2715 2959 3013 3030 διαστήσας
3061 2961 3303 3031 ἠγάγετο
3337 2967 3598 3030 γυναῖκα.

322 3042 612 3114 Iosephus,
659 3061 727 3100 ne
779 3047 1036 3116 populum
1092 3050 1159 3101 ad
1214 3047 1536 3102 seditionem
1589 3047 1906 3102 concitaret.

324 3137 525 3192 Omnes
592 3141 735 3193 enim
815 3141 884 3193 ob
960 3140 1336 3196 excellentiam
1389 3140 1630 3206 virtutis,
1686 3139 1911 3194 Joannis

323 3241 512 3281 vocem
546 3227 935 3298 sequebantur.
997 3230 1113 3285 Sub
1156 3231 1248 3287 illo
1283 3229 1532 3287 Salvator
1569 3239 1654 3286 est
1687 3245 1909 3301 passus.

395 3495 630 3565 Agrippa
664 3494 822 3564 primi
850 3493 1081 3551 Herodis
1115 3511 1302 3562 nepos,
1333 3497 1631 3554 Aristobuli
1655 3499 1794 3570 ejus,
1815 3501 1908 3571 qui

325 3588 684 3658 interemptus
729 3597 815 3642 est
861 3588 1026 3652 filius,
1071 3588 1243 3644 frater
1281 3590 1448 3664 316
1490 3592 1520 3645 ιτ
1562 3591 1906 3657 Herodiadis,

323 3677 596 3734 sexcentis
625 3677 842 3732 casibus
882 3687 936 3732 et
975 3679 1368 3736 mutationibus
1400 3682 1690 3746 obnoxius,
1724 3692 1906 3738 tamen

323 3781 356 3822 e
379 3765 626 3822 custodia
655 3775 710 3819 et
738 3766 985 3830 vinculis,
1016 3767 1213 3836 quibus
1263 3768 1414 3823 illum
1454 3771 1906 3840 comprehensum

323 3855 575 3912 Tiberius
613 3857 854 3912 moriens
885 3858 1202 3928 reliquerat,
1233 3859 1297 3914 C.
1346 3859 1577 3918 Caesaris
1615 3863 1908 3931 providen-

324 3947 420 4008 tia,
455 3961 548 3999 rex
586 3947 892 4001 tetrarchia;
935 3945 1170 4017 Philippi
1226 3951 1590 4007 renuntiatur.
1637 3951 1735 4008 Hic
1785 3961 1907 4008 erat

321 4038 522 4108 prioris
551 4035 783 4092 Herodis
831 4037 1000 4093 frater
1029 4057 1044 4093 :
1075 4040 1304 4108 adeptus
1325 4051 1410 4098 est
1445 4052 1500 4096 et
1546 4042 1792 4115 Lysaniae
1823 4053 1904 4098 te-

324 4131 646 4195 trarchiam,
673 4131 811 4186 etin
852 4130 1092 4188 Judaeam
1137 4135 1375 4205 navigat,
1423 4138 1677 4192 omnibus
1711 4139 1904 4194 obstu-

324 4222 692 4293 pescentibus,
722 4233 778 4278 et
810 4233 917 4278 tam
944 4226 1177 4280 subitam
1207 4229 1564 4283 mutationem
1588 4229 1904 4284 admiranti-

2018 3039 2185 3110 Οὗτός
2216 3047 2362 3098 ἐστιν
2393 3047 2421 3100 6
2457 3047 2547 3101 τὸν
2576 3049 2746 3118 μέγαν
2769 3050 2973 3105 ἀνελὼν
3003 3051 3261 3123 Ἰωάννην
3307 3055 3400 3108 τὸν
3451 3059 3603 3128 Πρό-

2015 3139 2238 3210 δρομον,
2270 3137 2459 3202 δεδιὼς
2485 3139 2784 3211 (Ἰώσηπός
2818 3159 2952 3213 φησι
2981 3145 3022 3214 ί)
3053 3146 3128 3216 μὴ
3160 3146 3223 3198 τὸ
3252 3145 3405 3213 ἔθνος
3428 3149 3602 3204 αὑτοῦ

2016 3232 2337 3304 διαστήσει·
2372 3233 2575 3298 πάντες
2610 3237 2720 3304 γὰρ
2747 3235 2815 3289 δι’
2847 3236 3151 3310 ὑπερϐολὴν
3180 3241 3380 3312 ἀρετῆς
3420 3245 3534 3307 τοῖς
3573 3247 3599 3278 ⁸

2028 3324 2276 3378 Ἰωάννου
2298 3323 2478 3392 λόγοις
2511 3325 2750 3379 εἵποντο.
2785 3327 2944 3382 Κατὰ
2971 3329 3160 3384 τοῦτον
3185 3332 3280 3385 καὶ
3318 3331 3382 3386 τὸ
3423 3337 3604 3406 σωτήο

2018 3431 2133 3487 ριον
2156 3414 2400 3483 ἐγεγόνει
2424 3414 2616 3478 πάθος.

2086 3505 2212 3559 Ὀτι
2271 3505 2586 3577 Ἀγρίππας
2637 3506 2666 3559 6
2735 3505 2975 3578 Ἡρώδου
3031 3510 3130 3580 μὲν
3179 3511 3448 3581 ἀπόγονος
3497 3513 3600 3569 τοῦ

2019 3595 2240 3668 πρώτου
2265 3639 2279 3662 ,
2344 3596 2758 3668 Ἀριστοϐούλου
2802 3597 2860 3652 δέ
2904 3599 3000 3652 τοῦ
3039 3601 3387 3673 ἀνῃρημένου
3436 3609 3596 3673 παῖς,

2014 3686 2242 3755 ἀδελφὸς
2285 3685 2330 3739 6'
2373 3685 2724 3758 Ἡρωδιάδος,
2775 3688 2998 3758 μυρίαις
3039 3688 3231 3762 τύχαις
3283 3693 3374 3747 καὶ
3425 3713 3603 3765 μετα-

2014 3777 2198 3842 ϐολαῖς
2237 3779 2552 3849 περιπεσὼν
2601 3778 2752 3849 ὅμως
2789 3781 2854 3832 ἐκ
2908 3780 3156 3852 φυλακῆς
3207 3786 3303 3839 καὶ
3347 3787 3595 3859 δεσμῶν,

2013 3862 2094 3930 οἷς
2133 3868 2296 3922 αὐτὸν
2339 3868 2702 3940 κατεχόμενον
2750 3869 2999 3942 Τιϐέριος
3058 3875 3276 3946 Καῖσαρ
3324 3878 3598 3934 τελευτῶν

2011 3958 2379 4027 ἀπολελοίπει,
2413 3962 2479 4014 ἐκ
2514 3960 2719 4016 τούτων
2747 3963 3082 4035 ἀπαλλαγεὶς
3121 3969 3282 4022 Γαΐου
3311 3971 3594 4043 Καίσαρος

2012 4052 2240 4122 προνοίᾳ
2277 4055 2372 4106 καὶ
2413 4052 2667 4123 βασιλεὺς
2711 4061 3094 4127 χειροτονεῖται
3125 4065 3453 4136 τετραρχίας
3491 4068 3592 4120 Φι-

2011 4144 2213 4198 λίππου
2261 4143 2537 4214 (Ἡρώδου
2569 4146 2616 4199 δ’
2648 4141 2717 4217 ἧν
2765 4142 2921 4212 οὗτος
2943 4150 3171 4222 ἀδελφὸς
3199 4155 3293 4207 τοῦ
3321 4155 3592 4231 πρώτου),

2014 4234 2432 4307 προσλαμϐάνει
2459 4235 2518 4288 δὲ
2545 4238 2641 4290 καὶ
2664 4237 2764 4310 τὴν
2789 4240 3058 4297 Λυσανίου
3102 4249 3454 4319 τετραρχίαν,
3493 4252 3592 4306 καὶ

322 4313 446 4368 bus.
511 4313 644 4370 Cum
705 4315 905 4384 quibus
960 4325 1016 4372 et
1065 4315 1337 4373 Herodias
1406 4320 1654 4389 perculsa
1711 4321 1907 4378 lethale

2020 4328 2247 4382 ἀποπλεῖ
2279 4329 2417 4398 πρὸς
2453 4329 2553 4400 τὴν
2599 4330 2880 4400 Ἰουδαίαν,
2911 4336 3133 4390 πάντων
3182 4313 3442 4412 ἐκπλήξει
3490 4344 3594 4398 καὶ

321 4406 518 4461 vulnus
570 4405 770 4477 accipit
815 4407 1016 4464 invidia
1049 4428 1066 4463 :
1103 4425 1204 4466 nec
1231 4411 1393 4468 desiit
1436 4411 1611 4466 virum
1661 4411 1903 4478 turbare,

323 4499 495 4554 donec
523 4499 752 4555 Romam
784 4500 864 4556 ire
898 4503 1097 4573 coegit,
1132 4504 1272 4558 etin
1303 4519 1530 4575 regnum
1564 4505 1670 4560 sibi
1707 4506 1904 4576 adjun-

323 4605 450 4661 gere
471 4592 712 4647 studere.
741 4591 849 4648 Sed
873 4592 963 4649 ille
989 4609 1110 4648 eam
1138 4596 1431 4651 comitatus
1450 4606 1554 4664 est,
1582 4606 1904 4668 secutusque

321 4685 558 4753 Agrippa
595 4695 653 4738 et
695 4693 979 4741 assecutus
1013 4694 1103 4741 est
1140 4685 1256 4756 jam
1297 4687 1594 4745 solventes.
1625 4689 1906 4747 Accusans

2010 4422 2252 4492 θαύματι
2274 4422 2338 4476 τὸ
2368 4423 2468 4494 τῆς
2517 4425 2819 4498 μεταϐολῆς
2843 4428 3041 4502 ἀθρόον
3075 4434 3422 4504 ποιουμένον.
3449 4437 3593 4492 Μεθ’

2009 4508 2086 4569 ὧν
2139 4514 2232 4568 καὶ
2291 4515 2562 4586 Ἡρωδιὰς
2609 4518 3036 4594 ἐκπεπληγμένη
3091 4527 3313 4596 καιρίαν
3371 4528 3592 4600 δέχεται

2009 4605 2224 4677 πληγὴν
2266 4608 2330 4660 ἐκ
2377 4609 2594 4678 φθόνου,
2645 4612 2740 4664 καὶ
2785 4613 2886 4667 οὐκ
2927 4615 3068 4669 ἀνίει
3102 4616 3446 4690 διενοχλοῦσα
3497 4626 3597 4679 τὸν

2008 4699 2200 4771 ἄνδρα,
2237 4699 2344 4764 ἕως
2377 4703 2780 4775 κατειργάσατο
2808 4705 3051 4761 ἀνελθεῖν
3095 4711 3175 4774 είς
3227 4711 3446 4786 Ῥώμην
3496 4719 3595 4772 καὶ

324 4774 592 4829 Herodem
624 4776 764 4843 apud
793 4775 857 4831 C.
891 4775 1189 4842 Caesarem,
1219 4779 1364 4846 quod
1394 4779 1657 4836 Romanis
1691 4797 1909 4854 semper

2020 4789 2289 4845 Βασιλείαν
2319 4792 2498 4864 ἐαυτῷ
2539 4774 2778 4868 σπουδὴν
2810 4800 3081 4855 ποιεῖσθαι
3108 4774 3589 4874 καταπράξάσθαι.

325 4866 556 4924 infestus
583 4865 773 4922 fuerit.
803 4869 1023 4924 Tiberio
1051 4872 1197 4924 enim
1222 4872 1405 4927 adhuc
1431 4873 1745 4943 superstite,
1784 4891 1908 4932 cum

327 4955 528 5026 Seiano
573 4956 894 5012 adversario
943 4957 1313 5016 Romanorum
1359 4964 1657 5021 amicitiam
1692 4967 1906 5032 iniisse,

323 5058 381 5102 et
404 5063 547 5102 nunc
591 5047 733 5118 apud
773 5049 1104 5106 Artabancm
1137 5067 1320 5124 regem
1352 5052 1680 5112 Parthorum
1715 5060 1904 5116 eadem

325 5150 514 5195 contra
549 5141 824 5199 Romanos
844 5142 1021 5198 moliri
1045 5162 1059 5199 :
1086 5147 1291 5202 obtinet
1318 5157 1376 5202 ut
1412 5147 1530 5204 loco
1556 5151 1731 5220 regni,
1761 5155 1902 5222 quod

2025 4883 2166 4936 ’Δλλ’
2204 4887 2232 4938 6
2266 4885 2364 4954 μὲν
2393 4884 2545 4957 ἀνῄει
2601 4887 2698 4941 σὺν
2725 4889 2863 4961 αὐτῇ
2919 4893 3106 4947 εἵπετο
3158 4893 3203 4948 δ’
3253 4895 3591 4969 Ἀγρίππας,

2005 4977 2104 5030 καὶ
2129 4977 2542 5048 καταλαμϐάνει
2583 4978 2714 5051 άρτι
2765 4983 3130 5055 κατάραντας;
3184 4989 3593 5062 Κατηγορήσας

2010 5067 2055 5121 δ’
2095 5069 2344 5141 Ἡρώδην
2365 5071 2518 5140 παρά
2544 5073 2690 5145 Γαΐῳ
2720 5075 2963 5148 Καίσαρι
2986 5078 3062 5142 ὡς
3089 5079 3313 5147 δύσνους
3331 5083 3418 5156 εἴη
3457 5085 3596 5139 Ῥω-

2013 5159 2192 5228 μαίοις
2224 5161 2355 5214 ’ἀεὶ
2387 5161 2552 5234 ([976
2583 5164 2676 5238 R.]
2722 5167 2974 5241 Τιϐερίου
3028 5173 3127 5244 μὲν
3163 5176 3273 5248 γὰρ
3309 5175 3390 5232 ἔτι
3427 5194 3594 5250 περι-

399 5275 719 5334 ιΑη-Ιιιιοοί.
744 5279 839 5337 lib.
887 5298 980 5348 xv,
1027 5297 1146 5354 cap.
1167 5283 1224 5338 9.
1303 5281 1471 5341 1Lib.
1515 5303 1647 5356 xvn,
1690 5305 1811 5362 cap.
1862 5294 1910 5349 ί.

2020 5297 2172 5360 'Lib.
2213 5316 2370 5371 xvm,
2389 5303 2444 5358 7.

1589 5403 1827 5460 VARUE
1870 5402 2278 5470 LECTIONES.

398 5479 655 5573 31PM"
683 5485 778 5573 “.3.
800 5485 1018 5573 είδγςο.
1079 5489 1382 5573 "civit"!-
1417 5490 1482 5573 ᾼ-
1557 5498 1603 5530 ’⁵
1634 5500 1978 5573 Μαριάμμης

331 5546 574 5649 ρίαὲνναν
589 5571 658 5649 ις.
700 5555 779 5649 Τ
800 5546 1106 5649 Γμλιξίαίαςν
1262 5562 1308 5593 ⁹⁹
1328 5546 1503 5619 ἀνεῖλε
1532 5597 1601 5609 -—
1625 5546 2004 5643 “glvgrbr;6,

401 5619 683 5694 Ῥωμαίοις
709 5625 780 5682 C:
810 5629 889 5692 τίς
926 5619 1200 5700 ρωμάίους
1225 5649 1284 5696 ς.

2012 5521 2122 5594 qui.
2242 5577 2254 5592 ι
2290 5509 2338 5541 ’⁸
2357 5509 2588 5594 ἱεροῦντι
2615 5513 2696 5594 Α.Δ
2755 5515 2802 5548 ’⁷
2827 5515 3058 5594 διδόντος
3086 5538 3148 5587 ς.
3196 5523 3270 5594 7“
3303 5521 3484 5594 βίεναν
3507 5525 3585 5579 Αε

2037 5577 2384 5634 ἐπιστεύοντο
2401 5598 2508 5638 oni.
2536 5589 2604 5638 Α.
2682 5585 2698 5616 ¹
2723 5603 2855 5658 φησι
2879 5605 2988 5648 οιιι.
3013 5577 3077 5646 C.
3094 5577 3114 5587 ’
3189 5593 3210 5625 '
3231 5577 3342 5659 τοῖς
3367 5599 3492 5650 add.
3509 5577 3585 5651 (ἐξ
