3964 6246
321 199 459 268 1189

1351 199 1879 263 BIBLIOTHECA.
1910 223 1981 237 -
2019 199 2185 262 COD.
2213 201 2631 264 CCXXXVIII.

3453 200 3590 269 1190

313 320 469 381 ὄντος
508 315 649 387 πρὸς
680 313 852 369 Ἰανὸν
880 313 905 346 ⁵
942 312 1138 386 ἐχθρὸν
1184 312 1314 367 ὄντα
1363 312 1656 385 Ῥωμαίων
1709 315 1894 369 θέσθαι

1999 317 2388 382 somniaverat,
2419 317 2638 387 propria
2674 313 2966 371 tetrarchia
3014 312 3253 379 excidat,
3283 323 3341 369 et
3368 313 3588 385 Lugdu-

312 410 522 479 φιλίαν,
578 408 676 462 καὶ
720 406 817 461 νῦν
864 407 921 461 δὲ
968 407 1109 478 πρὸς
1165 407 1501 477 Ἀρτάϐανον
1547 408 1637 461 τὸν
1666 408 1899 479 Πάρθων

314 502 544 573 βασιλέα
574 500 641 555 τὰ
660 500 801 553 αὐτὰ
829 503 1044 572 φρονεῖν
1066 500 1211 554 κατὰ
1240 498 1551 571 Ῥωμαίων)
1578 518 1899 572 παρασκευ-

316 595 443 657 άζει
493 594 615 647 ἀντὶ
665 595 767 662 τῆς
819 593 1332 665 ὁνειροποληθείσης
1368 592 1643 665 βασιλείας
1686 592 1787 661 τῆς
1839 610 1898 644 τε

311 684 522 748 οίκείας
554 686 810 737 ἐκπεσεῖν
846 684 1175 756 τετραρχίας
1200 687 1294 738 καὶ
1324 686 1403 747 είς
1430 681 1781 751 Λουγδούνων
1810 686 1898 738 ἀϊ-

311 778 405 849 δίᾳ
452 780 598 848 φυγῇ
646 776 999 847 ζημιωθέντα
1056 777 1335 847 ὲλαθῆναι.
1388 778 1500 830 Καὶ
1540 777 1808 848 Ἡρωδιὰς
1852 779 1897 831 δ’

313 871 521 926 ἑκοῦσα
563 871 642 939 τῷ
691 870 848 939 ἀνδρὶ
879 870 1354 942 συμφυγαδεύεται
1378 887 1395 903 ·
1434 872 1536 941 τὴν
1573 871 1630 924 δὲ
1667 888 1899 942 τετραρ-

322 964 448 1035 χίαν
487 963 652 1017 αὑτοῦ
681 962 841 1025 Γάῖος
871 962 1157 1033 Ἀγρίππα
1195 962 1540 1035 προστίθησι.
1572 962 1774 1016 Τοῦτον
1805 964 1898 1017 τὸν

310 1056 631 1126 ’Δγρίππαν
658 1054 796 1125 πρὸς
825 1054 1237 1125 ἀντιδιαστολὴν
1273 1054 1370 1108 τοῦ
1418 1055 1537 1109 υίοῦ
1578 1056 1673 1111 καὶ
1721 1058 1897 1128 μέγαν

324 1149 638 1218 Ἀγρίππαν
687 1146 934 1212 καλοῦσι,
981 1146 1079 1201 καὶ
1146 1148 1227 1211 είς
1274 1147 1337 1201 τὸ
1390 1148 1627 1219 μάλιστα
1672 1167 1899 1223 κεχαρι-

311 1239 511 1309 σμένον
552 1238 813 1310 ἰὠσηπός
844 1256 1009 1309 φησιν
1052 1239 1321 1293 Ἰουδαίων
1340 1240 1530 1311 ἄρξαι.
1563 1232 1730 1305 Οὗτος
1755 1242 1899 1296 ἑκεί-

307 1348 445 1397 νοις,
466 1331 543 1393 ὡς
566 1333 735 1395 έοικε,
768 1332 1129 1403 χαριζόμενος
1161 1332 1257 1386 καὶ
1292 1332 1545 1387 Ἰάκωϐον
1573 1334 1594 1365 ⁸
1622 1334 1714 1388 τὸν
1741 1335 1897 1388 ἁδελ-

311 1425 414 1494 φὸν
462 1423 709 1478 Ἰωάννου
748 1424 995 1496 μαχαίρᾳ
1041 1425 1243 1491 ἀνεῖλε,
1296 1426 1392 1480 καὶ
1444 1426 1536 1480 τὸν
1599 1431 1896 1498 κορυφαῖον

311 1516 423 1568 τῶν
459 1514 719 1588 μαθητῶν
748 1516 957 1587 Πέτρον
981 1516 1361 1587 ἐπεχείρησεν,
1384 1517 1432 1569 εί
1455 1518 1549 1572 καὶ
1575 1518 1893 1591 διήμαρτεν,

310 1603 547 1660 ἀνελεῖν.
580 1598 749 1668 Οὗτος
787 1604 997 1673 ἐσθῆτα
1034 1605 1280 1678 ἀργύρου
1325 1608 1703 1678 πεποιημένην
1738 1626 1898 1681 περι-

315 1698 546 1769 θέμενος
570 1698 667 1750 καὶ
696 1696 776 1767 τῷ
824 1681 1020 1769 πλήθει
1064 1697 1479 1769 δημηγορήσας,
1537 1700 1658 1753 ἐπεὶ
1713 1701 1896 1771 φωνὰς

311 1788 444 1858 παρ’
478 1785 657 1839 αὐτῶν
687 1786 828 1857 μετὰ
864 1787 927 1840 τὸ
960 1788 1265 1861 ὑπερϐολὴν
1297 1790 1587 1855 κολακείας
1619 1790 1764 1862 ἔχειν
1800 1793 1897 1847 καὶ⁵

311 1878 569 1942 ἀσεϐείας
601 1879 681 1942 είς
704 1877 931 1949 ἔσχατον
968 1879 1125 1950 ἥκειν
1149 1880 1170 1912 ⁸
1200 1880 1414 1934 ἁκούων
1443 1882 1541 1935 οὐκ
1571 1885 1894 1954 ἐπετίμησε,

309 1971 631 2042 παραυτίκα
652 1969 805 2040 δίκην
834 1970 1047 2024 δίδωσιν
1066 1986 1081 2002 ο
1114 1971 1427 2043 ἀλγήματος
1447 1974 1557 2043 γὰρ
1577 1972 1726 2042 αὐτῷ
1755 1975 1896 2028 κατὰ

311 2059 562 2129 γαστέρα
592 2057 823 2129 σφοδροῦ
852 2059 1141 2127 γεγονότος
1169 2061 1237 2113 δι’
1278 2060 1500 2133 ἡμερῶν
1550 2059 1590 2114 ε’
1638 2063 1730 2116 τὸν
1781 2062 1896 2132 βίον

312 2151 709 2221 κατέστρεψεν,
745 2150 894 2218 ἄγων
926 2151 1033 2205 ἀπὸ
1057 2152 1322 2220 γενέσεως
1365 2154 1484 2217 ἔτος
1512 2152 1554 2208 δ’
1580 2155 1677 2208 καὶ
1702 2162 1768 2221 ν’,
1796 2158 1895 2225 τῆς

308 2242 368 2296 δὲ
398 2241 676 2313 βασιλείας
706 2243 779 2308 ζ’,
808 2235 883 2297 ὧν
922 2243 964 2295 δ’
1000 2244 1165 2298 Γαΐου
1212 2245 1589 2316 βασιλεύοντος
1628 2243 1785 2319 ἦρξε,
1827 2249 1895 2303 τὰ

312 2334 415 2404 μὲν
466 2330 516 2402 Υ
568 2334 668 2405 τὴν
714 2336 982 2389 Φιλίππου
1034 2337 1173 2409 ἔχων
1220 2341 1571 2413 τετραρχίαν,
1625 2342 1705 2414 τῷ
1753 2344 1795 2397 δ’
1836 2344 1894 2398 δὲ

311 2426 637 2497 προσλαϐὼν
686 2429 781 2482 καὶ
837 2430 935 2500 τὴν
998 2429 1262 2501 Ἡρώδου,
1302 2435 1370 2487 τὰ
1421 2435 1478 2488 δὲ
1515 2436 1679 2489 λοιπὰ
1714 2442 1763 2505 γ’
1801 2435 1896 2489 ἐπὶ

311 2516 603 2581 Κλαυδίου,
649 2520 709 2572 ὲν
757 2514 837 2583 οἷς
877 2520 1139 2576 Ἰουδαίαν
1187 2540 1247 2577 τε
1290 2527 1387 2578 καὶ
1433 2526 1752 2598 Σαμάρειαν
1801 2531 1898 2583 καὶ

312 2608 655 2679 Καισάρειαν
706 2608 987 2681 Καίσαρος
1019 2611 1199 2677 δόντος
1228 2617 1663 2685 προσεκτήσατο.
1711 2618 1896 2683 Οὕτως

323 2697 637 2769 ’Δγρίππας
675 2701 923 2773 τελευτᾷ,
955 2702 1051 2757 τοῦ
1098 2703 1366 2774 βουϐῶνος
1410 2707 1526 2778 (τοῦ
1578 2709 1783 2779 πτηνοῦ
1835 2711 1895 2765 δὲ

309 2791 544 2858 γένους⁷
600 2795 755 2865 παρὰ
821 2795 1117 2866 Ῥωμαίοις
1164 2798 1313 2851 ἔστὶν
1366 2798 1511 2854 οὕτω
1559 2802 1895 2874 καλούμενον

309 2883 471 2955 ζῶον)
506 2884 614 2956 πρὸ
663 2886 825 2940 πέντε
872 2889 973 2958 τῆς
1026 2890 1285 2962 τελευτῆς
1338 2892 1472 2963 [518
1517 2892 1613 2966 [1.]
1670 2896 1894 2966 ἡμερῶν

310 2973 457 3043 ὑπὲρ
489 2974 737 3044 κεφαλῆς
781 2973 1110 3046 φανέντος,ᾧ
1147 2979 1245 3033 xui.
1273 2980 1371 3051 τὴν
1406 2980 1683 3051 βασιλείαν
1725 3000 1895 3055 προσ-

308 3065 563 3133 αγγεῖλαι
598 3065 619 3097 ⁸
653 3067 862 3137 νομίζει
892 3068 1180 3138 Ἰώσηπος.
1214 3071 1456 3143 Τελευτᾷ
1487 3072 1531 3125 δ’
1563 3072 1655 3126 οὖν
1694 3075 1892 3139 παῖδας

307 3154 485 3210 λιπὼν
527 3158 589 3224 δ’,
624 3160 832 3233 ἄρρενα
876 3162 975 3232 μὲν
1027 3163 1358 3233 Ἀγρίππαν,
1414 3165 1480 3229 ιζ’
1518 3166 1636 3229 ἔτος
1670 3166 1893 3235 ἄγοντα,

308 3246 532 3317 θηλείας
559 3250 616 3303 δὲ
650 3258 699 3320 γ’
736 3251 1036 3323 Βερενίκην
1062 3255 1410 3327 Μαριάμμην
1439 3256 1535 3309 καὶ
1575 3259 1893 3328 Δρουσίλαν.

306 3332 413 3391 Ὠν
461 3342 494 3410 ή
527 3342 626 3411 μὲν
673 3340 793 3407 ἔτος
818 3344 1030 3411 ἄγουσα
1057 3353 1131 3410 ις’
1175 3346 1390 3417 Ἡρώδῃ
1422 3350 1628 3420 πατρὸς
1682 3351 1896 3421 ἀδελφῷ

2001 424 2129 464 num
2171 408 2312 478 turpi
2346 408 2540 463 exsilio
2580 406 2840 462 multatus
2888 408 3047 462 abeat
3071 413 3122 459 ³.
3158 404 3421 460 Herodias
3451 423 3581 460 vero

2001 501 2178 556 libens
2200 516 2323 555 cum
2355 500 2553 555 marito
2584 501 2639 554 in
2678 499 2929 555 exsilium
2980 500 3147 554 vadit.
3205 497 3584 554 Tetrarchiam

2001 595 2172 664 ipsius
2194 594 2362 649 Caius
2382 594 2633 663 Agrippa:
2666 593 2850 649 tradit.
2883 592 3039 647 Hunc
3061 592 3352 662 Agrippam
3378 592 3444 644 ad
3475 591 3587 646 dis-

1998 686 2207 740 crimen
2259 683 2379 749 ﬁlii,
2418 683 2587 740 etiam
2630 697 2882 753 magnum
2923 682 3219 752 Agrippam
3254 690 3472 748 vocant,
3530 691 3586 737 et

2000 777 2298 848 gratiosum
2332 776 2476 830 hunc
2499 773 2772 845 Josephus
2797 776 2875 828 ait
2902 773 3105 829 Judaeis
3133 774 3453 845 imperasse.
3485 773 3587 829 Hic

2000 865 2223 934 ludatis,
2247 876 2305 922 ut
2325 868 2631 931 videbatur,
2656 876 2866 937 gratum
2890 865 3116 928 faciens,
3135 866 3397 922 Jacobum
3418 865 3586 922 Joan-

1999 960 2086 1016 nis
2135 961 2357 1014 fratrem
2406 959 2583 1028 gladio
2626 960 2915 1029 percussit,
2976 969 3031 1013 et
3072 960 3439 1029 apostolorum
3490 975 3587 1013 ca-

2004 1062 2099 1121 put
2118 1048 2339 1107 Petrum
2370 1050 2562 1114 voluit,
2594 1050 2726 1106 licet
2747 1049 3100 1109 aberraverit.
3132 1052 3385 1105 occidere
3406 1058 3454 1105 °.
3484 1049 3586 1106 llic

1998 1153 2066 1192 ex
2111 1149 2339 1208 argento
2390 1148 2697 1193 contextam
2733 1149 2939 1194 vestem
2980 1139 3223 1204 indutus,
3272 1150 3325 1194 et
3370 1140 3582 1211 plebem

1978 1232 2287 1311 allocutus,
2320 1247 2442 1286 cum
2474 1246 2636 1287 voces
2672 1232 2786 1302 (89)
2826 1232 2944 1301 ejus
2970 1232 3294 1302 3(postquam
3336 1241 3586 1288 assenta-

2000 1326 2162 1379 tionis
2188 1326 2405 1379 modum
2447 1327 2797 1389 excessisset,
2838 1334 2892 1379 et
2923 1327 2989 1379 ad
3026 1340 3297 1379 summam
3335 1326 3586 1396 impieta-

1999 1427 2106 1473 tem
2130 1418 2489 1488 pervenisset)
2521 1420 2772 1483 audieus,
2805 1432 2909 1472 non
2944 1416 3232 1486 increpans
3259 1420 3443 1473 statim
3467 1432 3587 1489 pae-

1999 1524 2102 1564 nas
2123 1510 2270 1566 dedit
2300 1508 2546 1581 ,‘Ingcnti
2576 1511 2721 1564 enim
2762 1509 2906 1564 circa
2931 1518 3178 1565 ventrem
3214 1508 3402 1564 dolore
3432 1518 3584 1573 nato,

1998 1610 2122 1670 post
2157 1602 2400 1672 quinque
2440 1602 2559 1657 dies
2603 1602 2926 1669 absumptus
2971 1610 3055 1655 est
3099 1618 3113 1654 :
3154 1602 3333 1657 aetatis
3379 1617 3582 1655 annum

1928 1689 1970 1744 Β
2000 1710 2164 1764 agens
2208 1691 2715 1765 quinquagesimum
2754 1701 3032 1762 quartum,
3084 1694 3233 1763 regni
3265 1693 3577 1762 septimum.

1998 1784 2239 1851 Quorum
2270 1795 2507 1854 quatuor
2538 1782 2671 1838 Caio
2705 1782 2892 1838 Romae
2940 1783 3262 1853 imperante,
3296 1785 3581 1853 regnavit;

1998 1877 2172 1931 tribus
2210 1877 2422 1931 caeteris
2462 1873 2695 1945 Philippi
2738 1876 2911 1929 tenuit
2967 1875 3341 1941 tetrarchiam,
3387 1887 3584 1945 quarto

1996 1982 2138 2022 anno
2166 1967 2437 2037 accipiens
2474 1966 2703 2021 Herodis
2737 1967 3110 2021 tetrarchiam.
3165 1966 3423 2036 Reliquos
3473 1977 3586 2021 tres

1997 2063 2096 2117 sub
2118 2061 2365 2124 Claudio,
2390 2060 2587 2131 quibus
2607 2059 2873 2125 Judaaam,
2903 2058 3231 2125 Samariam,
3251 2059 3583 2127 Cresaream,

1996 2153 2347 2224 permittente
2395 2153 2629 2215 Caesare,
2676 2150 2941 2221 possedit.
2987 2150 3083 2206 Sic
3130 2150 3269 2205 obiit
3318 2151 3584 2220 Agrippa,

1995 2245 2210 2300 bubone
2238 2244 2377 2313 (avis
2405 2259 2576 2314 genus
2598 2243 2676 2298 sic
2702 2242 2841 2311 apud
2872 2241 3147 2296 Romanos
3168 2241 3331 2313 317
3359 2258 3393 2294 a
3423 2257 3587 2296 voca-

1995 2347 2106 2394 tum
2135 2338 2239 2407 est)
2285 2338 2526 2407 quinque
2555 2345 2683 2389 ante
2713 2344 2943 2390 mortem
2980 2333 3174 2388 diebus
3214 2349 3377 2402 super
3405 2334 3585 2402 capite

1996 2438 2310 2498 apparente,
2341 2428 2430 2498 qui
2462 2436 2517 2482 et
2548 2442 2776 2497 regnum
2816 2427 3228 2498 praenuntiassel
3251 2435 3401 2495 putat
3429 2424 3587 2481 Jose-

1996 2521 2155 2590 phus.
2190 2519 2417 2573 Moritur
2452 2528 2684 2589 quatuor
2710 2518 2914 2574 relictis
2964 2518 3175 2583 liberis,
3202 2517 3311 2571 ﬁlio
3346 2518 3586 2588 Agrippa

1997 2614 2266 2670 decimum
2285 2616 2580 2684 septimum
2597 2614 2774 2669 aetatis
2789 2630 2991 2669 annum
3012 2623 3239 2682 agente;
3266 2614 3438 2668 tribus
3457 2630 3588 2669 vero

1998 2706 2213 2760 ﬁliabus
2235 2706 2522 2773 Berenice,
2567 2704 2871 2760 Mariamne
2896 2745 2913 2769 ,
2950 2715 3005 2761 et
3044 2705 3278 2761 Drusilla
3310 2723 3324 2760 :
3354 2720 3586 2776 quarum

1998 2798 2088 2851 illa
2119 2808 2273 2853 sexto
2318 2798 2531 2852 decimo
2561 2797 2738 2852 aetatis
2782 2813 2926 2851 anno
2966 2796 3164 2853 Herodi
3210 2800 3380 2868 patris
3430 2799 3587 2855 fratri

1998 2892 2200 2961 nupsit.
2246 2890 2543 2945 Mariamne
2569 2891 2865 2954 decimum,
2898 2891 3131 2946 Drusilla
3165 2893 3455 2960 septimum
3484 2906 3588 2946 an-

2000 2999 2127 3037 num
2162 2983 2491 3038 absolverat.
2522 2982 2668 3049 Quas
2703 2982 2992 3037 Sebasteni
3025 2982 3168 3036 nulla
3191 2983 3259 3037 de
3287 2998 3449 3039 causa
3472 2982 3578 3038 nisi

1996 3077 2065 3130 oh
2083 3090 2238 3129 suam
2271 3075 2599 3129 dementiam
2631 3074 2897 3129 violenter
2928 3075 3225 3145 rapientes,
3249 3086 3305 3129 et
3338 3077 3388 3130 in
3414 3074 3587 3145 Lupa-

1999 3168 2220 3222 naribus
2248 3167 2598 3235 collocantes,
2629 3182 2844 3223 omnem
2865 3169 2917 3221 in
2939 3168 3061 3222 illas
3083 3167 3334 3237 injuriam
3362 3168 3581 3222 fundam

1999 3269 2161 3329 atque
2193 3257 2471 3313 infandam
2494 3260 2873 3314 ostenderunt.
2911 3259 3121 3325 Quibus
3148 3259 3396 3313 infensus
3420 3260 3583 3314 Clau-

1999 3351 2146 3418 dius,
2180 3352 2314 3406 nihil
2339 3364 2518 3407 tamen
2553 3353 2777 3423 dignum
2816 3353 2919 3407 hac
2953 3352 3244 3406 insolentia
3275 3352 3478 3407 effecit.

307 3431 647 3504 ἐγεγάμητο,
677 3436 995 3508 Μαριάμμῃ
1020 3436 1289 3507 δ’,ηνύετο
1319 3439 1544 3494 δέκατον
1585 3443 1680 3496 καὶ
1731 3443 2003 3517 Δρουσίλᾳ
2067 3444 2226 3498 ἕκτον
2251 3460 2266 3474 ·
2340 3443 2407 3508 ἃς
2443 3446 2493 3497 οί
2545 3443 2879 3515 Σεϐαστηνοὶ
2931 3443 3053 3496 κατ’
3099 3444 3353 3515 οὐδεμίαν
3419 3444 3587 3514 ἄλλην

308 3522 586 3592 πρόφασιν
618 3526 761 3597 πλὴν
789 3526 885 3580 τοῦ
922 3528 1163 3599 μανῆναι
1182 3531 1550 3602 ιὰρπάσαντες
1580 3535 1774 3607 ἀθρόον
1803 3540 1898 3591 καὶ
1936 3539 2210 3610 πορνείοις
2234 3539 2766 3608 ὲγκαταστήσαντες,
2798 3538 2980 3591 πᾶσαν
3004 3538 3195 3600 αὑταῖς
3231 3536 3429 3608 ,ὓϐριν
3488 3542 3587 3610 ρη,

306 3616 412 3685 τὴν
438 3616 535 3670 καὶ
570 3616 813 3688 ἄρρητον
842 3621 1205 3686 ἐπεδείξαντο.
1240 3622 1336 3688 Οἷς
1364 3626 1676 3697 χαλεπήνας
1709 3630 1976 3696 Κλαύδιος
2011 3632 2161 3702 ὅμως
2187 3631 2342 3686 οὐδὲν
2376 3631 2525 3698 ἄξιον
2552 3633 2653 3701 τῆς
2679 3632 3029 3702 παρανομίας
3062 3630 3443 3698 εἰσεπράξατο.

392 3708 516 3761 Ὀτι
556 3708 863 3780 ’Δγρίππας
903 3712 1043 3765 ὁτοῦ
1099 3713 1405 3785 Ἀγρίππου
1458 3720 1588 3781 παῖς
1635 3718 1892 3793 τελευτή-

308 3814 504 3861 σαντος
534 3799 683 3870 αὐτῷ
707 3800 802 3854 τοῦ
824 3803 1031 3872 πατρὸς
1053 3806 1133 3867 είς
1175 3804 1394 3877 Ῥώμην
1416 3808 1662 3879 ἀπαίρει.
1715 3810 1895 3864 Κλαύ-

306 3890 418 3953 διος
446 3889 491 3943 δ’
524 3890 675 3962 αύτῷ
694 3892 795 3962 τὴν
835 3894 1095 3965 πατρῴαν
1120 3897 1295 3968 ἀρχὴν
1325 3898 1556 3967 ἐγνώκει
1575 3901 1889 3973 χειρίζεινν,

308 3985 611 4047 ἁνακοπεὶς
661 3984 705 4038 δ’
761 3986 919 4041 ἐνίων
985 3988 1201 4060 βουλαῖς
1254 3992 1317 4043 τὸ
1365 3994 1483 4047 νέον
1539 3996 1639 4065 τῆς
1676 3996 1889 4065 ἡλικίας

323 4075 605 4145 ’Δγρίππα
652 4077 1081 4148 αἰτιασαμένων,
1134 4082 1304 4136 Φάδον
1336 4084 1435 4153 μὲν
1471 4086 1766 4156 ἐπίτροπον
1788 4090 1891 4142 κέκ-

308 4164 521 4234 πέμπει
583 4167 681 4236 τῆς
733 4167 1011 4235 Ἰουδαίας,
1085 4169 1394 4243 Ἀγρίππαν
1461 4174 1519 4228 δὲ
1575 4176 1888 4243 Χαλκίδος,

318 4254 567 4326 Ἡρώδου
590 4257 1021 4328 τελευτήσαντος
1051 4260 1145 4314 τοῦ
1178 4263 1383 4335 ταύτης
1432 4265 1647 4336 ἔχοντος
1672 4268 1773 4339 τὴν
1797 4268 1890 4340 βα-

309 4345 538 4411 σιλείαν,
571 4350 651 4411 είς
687 4349 913 4417 βασιλέα
951 4351 1265 4424 καθίστησι.
1318 4357 1477 4410 Μετὰ
1526 4359 1583 4412 δὲ
1628 4360 1891 4431 τέταρτον

2073 3724 2312 3792 Agrippa
2365 3721 2617 3791 Agrippae
2664 3720 2829 3786 ﬁlius,
2879 3732 3096 3776 mortuo
3151 3730 3305 3790 patre
3357 3719 3585 3775 llotnam

2000 3814 2239 3883 navigat.
2271 3812 2530 3868 Claudius
2559 3828 2689 3868 vero
2715 3814 2789 3868 illi
2813 3823 3100 3883 paternum
3138 3814 3421 3883 imperium
3452 3814 3585 3869 dare

1999 3913 2291 3966 statuerat,
2326 3905 2421 3959 sed
2456 3913 2701 3959 retentus
2740 3904 3125 3959 nonnullorum
3171 3903 3583 3972 sententiisqui

1996 4005 2208 4050 aetatem
2258 3996 2551 4065 juvenilem
2609 3996 2858 4067 Agrippa:
2904 4006 3265 4065 causarentur
3296 4037 3312 4064 ,
3378 3993 3582 4050 Fadum

1996 4087 2198 4143 Judaeae
2229 4098 2512 4159 pranorem
2556 4088 2745 4155 mittit,
2783 4090 3074 4160 Agrippam
3119 4102 3248 4144 vero
3282 4086 3580 4150 Chalcidis,

1994 4182 2084 4236 cui
2118 4192 2246 4236 ante
2290 4180 2528 4235 Herodes
2557 4191 2806 4236 mortuus
2841 4181 3159 4251 praefuerat,
3194 4196 3376 4251 regem
3407 4189 3578 4235 creat.

1996 4272 2203 4339 Quarto
2225 4284 2347 4342 post
2375 4288 2523 4327 anno
2543 4273 2709 4327 donat
2731 4281 2785 4327 et
2815 4273 2890 4327 illi
2928 4271 3164 4342 Philippi
3202 4272 3579 4335 tetrarchiam,

1994 4375 2048 4420 et
2079 4365 2411 4431 Batanazam,
2443 4365 2741 4435 adiungens
2768 4374 2825 4419 et
2851 4364 3231 4427 Trachonitin,
3263 4378 3384 4433 qua:
3420 4374 3579 4416 antea

306 4438 429 4530 ἔτος
464 4439 716 4510 δωρεῖται
745 4442 909 4495 αὐτὸν
954 4446 1020 4514 τῇ
1049 4461 1110 4498 τε
1133 4445 1402 4500 Φιλίππου
1453 4451 1751 4522 τετραρχίᾳ
1797 4454 1891 4507 καὶ

1998 4456 2242 4530 Lysaniae
2285 4458 2408 4521 fuit,
2442 4467 2499 4513 et
2543 4458 2633 4512 illa
2673 4457 2853 4512 dando
2888 4458 3090 4511 ademit
3134 4457 3205 4510 illi
3241 4455 3573 4510 Chalcidem.

297 4514 622 4602 Βαταναία,
675 4533 936 4602 προσθεὶς
989 4535 1138 4607 αύτῷ
1201 4538 1296 4591 καὶ
1352 4540 1452 4609 τὴν
1517 4514 1886 4613 τρᾴέέοόττιν-

1987 4551 2227 4620 Agrippa
2287 4563 2531 4604 sororem
2584 4547 2871 4603 Drusillam
2931 4547 3097 4600 Azizo
3155 4546 3414 4599 Emesmze
3464 4544 3577 4616 regi

304 4621 576 4675 Λυσανίου
600 4622 646 4675 δ’
666 4622 806 4695 αὕτη
832 4627 1127 4697 τετραρχία
1149 4630 1412 4699 ἐγεγόνει.
1441 4632 1549 4685 Καὶ
1573 4633 1747 4687 ταῦτα
1764 4634 1889 4699 δοὺς

1998 4639 2315 4695 circumciso
2338 4641 2391 4693 in
2424 4654 2649 4694 uxorem
2676 4638 2848 4694 dedit.
2880 4637 3191 4707 Epiphanes
3209 4636 3353 4690 enim
3380 4637 3575 4691 Antio-

304 4712 627 4784 ἀφαιρεῖται
676 4717 777 4785 τὴν
832 4716 1095 4772 Χαλκίδα.
1146 4720 1459 4791 Ἀγρίππας
1502 4722 1558 4775 δὲ
1591 4724 1887 4793 Δρουσίλαν

1998 4730 2070 4784 :hi
2090 4746 2402 4801 quanquam
2423 4730 2695 4800 pollicitus
2729 4730 3199 4785 circumcisionetn
3222 4744 3325 4783 non
3345 4731 3577 4799 accepit.

303 4802 407 4872 τὴν
438 4803 678 4876 ἀδελφὴν
717 4806 913 4877 Ἀζιζῷ
963 4809 1043 4880 τῷ
1096 4810 1341 4880 Ἐμέσων
1371 4812 1579 4883 βασιλεῖ
1606 4832 1883 4887 περιτμη-

304 4895 453 4949 θέντι
512 4896 695 4951 δίδωσι
743 4904 1010 4967 γυναῖκας
1080 4903 1382 4976 Ἐπιφανὴς
1421 4907 1531 4977 γὰρ
1588 4907 1882 4978 Ἀντιόχου,

302 4986 485 5041 καίτοι
514 4987 908 5062 ὑποσχόμενος,
937 4992 1038 5047 οὐκ
1086 4992 1301 5065 ἐδέχετο
1342 4996 1443 5067 τὴν
1476 4998 1796 5070 περιτομὴν,
1826 5000 1886 5066 ἐξ

1984 4821 2115 4876 Inde
2148 4822 2422 4892 sponsalia
2461 4823 2637 4877 soluta
2665 4833 2810 4877 sunt.
2847 4821 3088 4877 Solvitur
3129 4831 3184 4876 et
3229 4820 3465 4875 Drusilla
3510 4824 3577 4875 ah

1995 4910 2185 4974 Azizo,
2215 4922 2267 4966 et
2304 4910 2471 4967 Felici
2502 4911 2703 4968 Judaei!
2725 4911 2980 4982 praefecto
3008 4927 3129 4966 cum
3165 4912 3329 4965 multa
3357 4913 3427 4965 ob
3459 4911 3579 4981 pul-

1992 5004 2352 5060 chritudinem
2380 5005 2497 5076 ejus
2540 5006 2842 5073 moliretur,
2876 5006 3047 5061 nubit.
3075 5003 3425 5060 Iariamnem
3449 5019 3578 5059 vero

377 5125 545 5183 lILih.
577 5144 733 5197 xvnt,
777 5130 831 5187 9.
908 5130 1148 5189 'Matth.
1178 5136 1379 5204 1tv,3;
1402 5133 1665 5204 Marc.vr,
1690 5137 2040 5206 l7;Luc.nt,
2064 5140 2167 5208 l9;
2193 5142 2314 5197 Act.
2351 5158 2449 5209 xu,
2503 5142 2530 5197 l
2578 5158 2699 5214 sqq.

1593 5274 1831 5331 VARIJE
1881 5275 2288 5335 LECTIONES.

374 5374 641 5479 :M’lgvbv]
667 5377 1388 5479 ἒηῖανδνῃίξεέεείιέιίιιξέμξ
1420 5387 1689 5479 1ξῐτίικωϐον
1719 5406 1829 5445 om.
1847 5392 1925 5479 ρ.
2002 5392 2110 5479 ’λδ
2132 5419 2205 5479 τ-
2228 5392 2406 5479 ῆικειν]
2452 5393 2632 5448 malim
2658 5393 2751 5479 τού
2780 5426 2847 5479 —_-
2874 5394 3149 5479 {lx-056’th
3229 5392 3249 5423 '
3276 5391 3469 5479 yévo'ig
3498 5389 3572 5447 ϐε

301 5443 461 5517 γένος
484 5462 544 5508 ς.

668 5456 713 5517 ᾠ
739 5478 811 5491 -—
836 5456 1256 5525 προσαγγεῖλαιῖ
1285 5459 1393 5513 imo
1417 5458 1477 5514 ὃν
1504 5491 1575 5501 -
1597 5460 1977 5533 προαγγεῖλαι.
2011 5463 2095 5518 Cf.
2144 5456 2481 5536 Arcltaaol'og.
2520 5481 2675 5557 \xvrn,
2718 5466 2772 5534 6,
2805 5466 2856 5521 7.
2896 5456 2907 5466 ’
2935 5469 2955 5497 ⁹
2985 5456 3232 5537 χαρίξιιν
3282 5456 3367 5533 l’r-
3412 5462 3475 5518 δ’

1850 5573 2083 5629 ΝΟΤΕ.

1850 5575 2083 5630 ΝΟΤΑΕ.

373 5652 490 5725 (89)
513 5654 602 5713 Sc.
634 5659 807 5729 plebis
835 5660 1067 5721 dicentis
1102 5662 1197 5721 Dei
1231 5681 1416 5726 vocem
1447 5682 1507 5726 se
1550 5671 1757 5741 audire,
1785 5689 1889 5728 non
1930 5672 2185 5734 hominis.
