3964 6246
387 178 518 244 1191

1557 178 1820 241 ΡΗΟΤΙῙ
1872 179 2375 243 ΡΑΤΒῘΑΗΟΗΣΕ
2414 183 2523 245 CP.

3521 189 3661 256 1193

384 305 478 355 dat
522 298 794 355 Archelao
825 298 934 353 lilio
973 295 1195 362 Helciae,
1227 296 1314 353 cui
1343 307 1399 353 et
1419 295 1608 352 vivens
1648 308 1804 368 pater
1854 313 1969 352 eam

2079 293 2138 353 οὗ
2177 299 2273 353 καὶ
2303 302 2337 370 ἡ
2369 301 2470 371 τῆς
2501 297 2820 371 ἐγγυήσεως
2863 300 3108 366 διάλυσις
3138 303 3445 373 ἠκολούθει.
3493 308 3665 376 Δρου-

381 392 774 457 destinaverat,
806 401 862 445 et
889 405 957 445 ex
999 389 1108 444 illis
1147 391 1388 444 nascitur
1422 389 1702 444 Berenice.
1742 388 1971 445 Claudio

383 482 640 539 defuncto
674 484 972 546 succedens
1001 481 1166 545 Nero.
1202 482 1369 537 donat
1393 479 1647 552 Agrippae
1677 480 1790 536 fato
1833 496 1969 549 quo-

383 575 506 629 dam
542 574 778 630 Galilaeze
805 571 1172 641 Tiberiadem,
1207 582 1264 627 et
1287 571 1649 641 Tarichteam,
1695 574 1972 643 imperans

383 679 444 723 ut
475 669 576 739 ipsi
602 668 866 722 obediret.
895 667 1060 720 Addit
1087 663 1424 721 etJuliadem
1454 666 1645 721 urbem
1667 664 1890 728 Pereat,
1916 674 1975 720 et

384 759 568 814 decem
601 760 806 814 circum
835 760 1050 829 Oppida.
1087 759 1188 814 Hic
1218 767 1301 812 est
1332 758 1592 830 Agrippa,
1630 758 1772 827 apud
1802 771 1966 827 quem

383 853 541 908 divus
574 851 798 914 Paulus,
827 851 1154 922 praesidente
1181 851 1363 918 Festo,
1395 852 1735 921 peroravitP.

2071 389 2194 441 σίλα
2224 390 2282 442 δὲ
2325 391 2420 444 καὶ
2485 390 2698 456 Ἀξιζοῦ
2750 390 3046 454 διαλύεται,
3104 397 3199 445 καὶ
3237 393 3429 465 Φήλικι
3463 395 3542 465 τῷ
3565 397 3668 465 τῆς

2082 480 2348 545 Ἰουδαίας
2372 482 2676 553 ἐπιτρόπῳ,
2695 482 2868 536 πολλὰ
2899 485 3301 550 σπουδάσαντος
3331 487 3546 541 ἐκείνου
3569 489 3660 543 διὰ

2072 572 2134 625 τὸ
2191 573 2406 636 κάλλος,
2461 577 2744 643 γαμεῖται.
2784 577 2894 628 Καὶ
2941 579 3288 650 Μαριάμμην
3342 580 3400 634 δὲ
3444 580 3667 634 δίδωσιν

2086 665 2364 736 Ἀρχελάῳ
2404 665 2558 720 παιδὶ
2585 665 2662 737 τῷ
2696 665 2931 732 Ἐλκιοῦ,
2957 663 3003 737 ᾧ
3028 671 3123 722 καὶ
3156 669 3267 734 ζῶν
3286 671 3315 724 6
3348 675 3535 743 πατὴρ
3564 674 3670 744 ἡρ-

2079 755 2283 824 μόσατο
2308 770 2322 785 ο
2361 753 2488 827 [977
2522 754 2614 828 IL]
2639 757 2699 824 ἐξ
2735 751 2810 810 ὦν
2835 757 3079 812 τίκτεται
3106 759 3368 832 Βερενίκη
3387 761 3454 816 ⁸⁸.
3479 763 3670 816 Κλαυ-

2082 846 2196 900 δίου
2244 845 2303 899 δὲ
2357 847 2782 917 τελευτήσαντος
2831 848 3025 921 Νέρων
3090 851 3368 916 καταστάς
3419 853 3673 923 διάδοχος

382 943 636 1016 δωρεῖται
670 943 982 1016 Ἀγρίππαν
1017 944 1183 1015 μοίρᾳ
1229 945 1338 998 τινὶ
1402 945 1504 1013 τῆς
1570 944 1884 1010 Γαλιλαίας,
1950 942 2252 1013 Τιϐεριάδα
2299 942 2395 996 καὶ
2441 941 2744 1013 Ταριχαίαν
2811 941 3072 1008 κελεύσας
3140 946 3292 1016 αὐτῷ
3345 946 3668 1006 ὑπακούειν,

383 1040 709 1109 προστίθησι
741 1040 796 1092 δὲ
816 1042 912 1092 καὶ
954 1038 1211 1092 Ἰουλιάδα
1244 1038 1400 1091 πόλιν
1440 1039 1537 1108 τῆς
1569 1039 1828 1110 Περαίας,
1861 1038 1956 1091 καὶ
1996 1036 2190 1108 κώμας
2219 1035 2317 1101 τάς
2342 1036 2472 1107 περὶ
2493 1036 2664 1106 αὐτὴν
2689 1036 2843 1092 δέκα.
2911 1031 3082 1102 Οὗτός
3106 1039 3255 1092 ἐστιν
3323 1039 3665 1110 ’Δγρίππας,

385 1132 472 1201 ἐφ’
515 1125 578 1186 οὗ
607 1133 637 1184 6
665 1131 807 1194 θεῖος
838 1129 1051 1193 Παῦλος
1082 1130 1292 1200 Φήστου
1314 1130 1753 1202 συνεδριάζοντος
1783 1129 2220 1201 ἐδημηγόρησεν.

456 1223 587 1278 Post
631 1222 864 1287 Fadum,
903 1223 1100 1278 Judaaaz
1145 1235 1456 1294 praetorem,
1494 1225 1732 1278 mittitur
1766 1223 1968 1278 Cuma-

385 1330 510 1379 nus,
539 1323 654 1385 post
684 1330 842 1384 quem
879 1314 1103 1368 Romam
1132 1315 1462 1370 ob‘crimina
1493 1326 1778 1370 evocatum
1809 1313 1964 1370 Felix

385 1412 649 1477 mittitur;
683 1419 805 1480 post
835 1425 995 1479 quem
1024 1408 1244 1476 Festus,
1271 1409 1466 1464 deinde
1483 1409 1730 1475 Albinus,
1753 1419 1970 1479 postre—

385 1518 478 1558 mo
526 1502 742 1556 Florus.
778 1501 945 1571 Cujus
981 1502 1221 1557 secundo
1254 1515 1395 1556 anno
1429 1512 1655 1571 propter
1682 1500 1821 1555 mala
1849 1514 1972 1570 quae

2154 1224 2278 1276 ’Ότι
2313 1221 2452 1292 μετά
2509 1223 2680 1278 Φάδον
2726 1224 3024 1296 ἐπίτροπον
3069 1224 3334 1288 Ἰουδαίας
3375 1226 3672 1295 Κουμανὸς

2091 1314 2400 1384 πέμπεται·
2437 1313 2556 1386 μεθ’
2574 1315 2635 1368 δν
2667 1317 2748 1378 είς
2780 1315 3002 1387 Ῥώμην
3029 1316 3333 1387 ἀναχθέντα
3362 1318 3670 1383 ὲπάίτίαις

2087 1405 2253 1475 Φῆλιξ
2271 1406 2571 1476 πέμπεταιο
2597 1407 2790 1478 μεθ’ὃν
2810 1407 3040 1477 Φῆστος,
3065 1404 3183 1462 εἶτα
3199 1407 3457 1475 Ἀλϐῖνος,
3481 1409 3669 1473 λοιπὸς

2078 1496 2318 1567 Φλῶρος.
2342 1493 2418 1554 OB
2439 1497 2680 1570 δευτέρῳ
2702 1499 2812 1553 ἔτει
2830 1499 2918 1554 διὰ
2937 1499 3037 1571 τὴν
3058 1499 3362 1572 ὑπερϐολὴν
3389 1502 3502 1555 τῶν
3532 1505 3670 1573 παρ’

386 1594 579 1649 abillo
631 1608 794 1663 supra
850 1594 1062 1648 modum
1119 1592 1341 1657 ﬂebant,
1406 1591 1692 1648 Judaicum
1767 1591 1966 1648 bellum

2079 1589 2226 1661 αὑτῷ
2245 1592 2431 1644 κακῶν
2447 1594 2475 1646 6
2488 1593 2624 1664 πρὸς
2640 1592 2940 1662 Ῥωμαίους
2956 1595 3227 1649 Ἰουδαίων
3239 1596 3472 1665 πόλεμος
3487 1596 3673 1668 ἀρχὴν

383 1696 574 1741 contra
632 1685 904 1740 Romanos
959 1686 1109 1740 duxit
1166 1685 1402 1752 initium,
1441 1684 1766 1740 duodecimo
1820 1700 1964 1740 anno

2079 1651 2300 1751 δέχεται,
2332 1651 2584 1756 Νέρωνος
2598 1651 2716 1748 έτος
2731 1651 3032 1740 δωδέκατον
3075 1688 3133 1739 ὲν
3154 1690 3220 1759 τῇ
3260 1690 3293 1742 ἀ
3301 1651 3400 1760 ρχῇ

387 1776 538 1845 impii
571 1776 821 1832 Neronis.
868 1776 1031 1847 317
1068 1776 1096 1828 b
1140 1776 1363 1830 Ananus
1410 1774 1585 1830 Anani
1641 1774 1784 1831 ﬁlius
1833 1790 1968 1844 pon-

390 1870 653 1924 tiiicatmn
704 1870 953 1939 adeptus,
1005 1882 1112 1937 quo
1157 1867 1403 1939 privatur
1450 1865 1740 1936 Josephus,
1788 1869 1965 1922 audax

389 1963 513 2025 fuit,
546 1971 600 2015 et
639 1976 802 2029 supra
837 1961 1054 2015 modum
1105 1961 1448 2016 temerarius.
1500 1959 1633 2014 Erat
1673 1961 1818 2016 enim
1879 1973 1970 2014 se-

384 2066 495 2109 ctae
524 2053 963 2115 Sadducmorum,
1011 2051 1104 2120 qui
1151 2053 1400 2107 crudeles
1455 2059 1584 2106 sunt
1640 2050 1692 2104 in
1729 2049 1968 2117 iudiciis,

389 2158 446 2202 et
493 2148 560 2200 ad
607 2161 824 2200 onmem
895 2144 1262 2214 arrogantiam
1313 2144 1666 2199 inclinantes.
1725 2142 1822 2198 Hic
1873 2145 1972 2214 igi-

388 2247 481 2293 tur
539 2237 786 2302 Ananus,
817 2235 977 2292 Festo
1034 2236 1086 2290 in
1143 2233 1328 2290 Judaza
1385 2237 1660 2302 defuncto,
1697 2245 1750 2290 et
1778 2234 1971 2290 Albino

389 2331 626 2385 nomium
661 2327 941 2382 obtinente
961 2325 1221 2392 oliicium,
1255 2328 1578 2382 auctoritate
1629 2342 1725 2382 sua
1771 2340 1972 2396 praeses

390 2420 514 2488 luit,
546 2418 892 2474 etJacobum
938 2418 1167 2474 fratrem
1225 2418 1439 2474 Domini
1497 2433 1623 2473 cum
1669 2417 1792 2472 aliis
1841 2432 1975 2472 con-

389 2513 652 2568 demnans
687 2524 746 2566 ut
787 2513 917 2582 legis
947 2511 1238 2567 violatores
1273 2512 1541 2582 lapidibus
1568 2510 1741 2566 occidi
1768 2511 1969 2582 jussit:

395 2602 539 2656 unde
589 2599 897 2656 Judzeorum
934 2601 1208 2657 mitissimi
1235 2600 1519 2673 indignati,
1549 2611 1604 2655 et
1639 2601 1754 2672 ipse
1782 2601 1974 2673 Agrip-

392 2708 461 2764 pa
495 2707 608 2756 rex,
643 2692 886 2762 eliciunt,
928 2708 1054 2748 cum
1097 2693 1274 2749 tribus
1309 2694 1588 2748 mensibus
1623 2695 1971 2765 imperasset,

391 2792 448 2836 et
474 2781 592 2837 loco
627 2781 770 2838 illius
793 2779 979 2837 Jesum
1013 2783 1311 2838 Damneum
1360 2782 1719 2838 collocarunt.

469 2939 682 2996 Mortuo
737 2939 956 2996 Aarone
1010 2940 1179 2997 fratre
1218 2939 1427 3008 Hosis,
1480 2942 1575 2997 lilii
1613 2943 1734 3013 ejus
1781 2943 1832 2998 in
1887 2959 1976 3001 sa-

391 3032 690 3085 cerdotium
747 3033 1065 3099 succedunt,
1097 3043 1153 3088 et
1195 3033 1452 3104 deinceps
1505 3049 1693 3090 omnes
1737 3052 1804 3091 ex
1852 3037 1970 3106 ejus

393 3119 585 3189 stirpe.
639 3118 946 3176 invaluerat
1000 3124 1144 3177 enim
1173 3122 1258 3178 lex
1287 3126 1483 3193 patria.
1533 3140 1600 3180 ne
1628 3132 1750 3197 quis
1788 3128 1893 3184 nisi
1939 3145 1972 3183 ο

398 3213 674 3281 sanguine
694 3213 877 3267 Aaron
899 3215 1261 3269 sacerdotium
1286 3228 1518 3284 gereret.
1549 3217 1788 3274 Fuerunt
1810 3221 1970 3291 igitur

393 3303 461 3356 ab
497 3306 716 3358 Aarone
765 3318 934 3374 usque
963 3307 1030 3360 ad
1071 3305 1401 3374 Plianasutn,
1446 3311 1536 3379 qui
1579 3320 1822 3382 tempore
1847 3311 1972 3367 belli

383 3411 424 3447 α
469 3395 922 3453 tumultuantibus
973 3400 1346 3468 pontiﬁcatum
1376 3403 1606 3474 accepit,
1639 3405 1765 3459 anni
1819 3413 1972 3460 octo-

381 3489 540 3556 ginta
589 3498 721 3544 tres.
777 3487 902 3545 inde
961 3505 993 3543 a
1068 3491 1397 3549 deductione
1437 3497 1734 3564 edeserto,
1776 3495 1868 3550 ubi
1915 3505 1972 3551 et

388 3581 805 3636 tabernaculum
858 3582 1183 3638 fabricatum
1223 3594 1533 3656 est,nsque
1589 3590 1657 3644 ad
1715 3588 1968 3658 templum

383 3675 535 3742 quod
558 3673 811 3729 Salomon
845 3676 1136 3743 exstruxit,
1168 3678 1428 3732 tredecim
1457 3681 1830 3756 pontificatum
1852 3697 1970 3752 ges-

395 3777 620 3832 serunt;
666 3767 757 3836 qui
792 3768 991 3837 singuli
1024 3783 1146 3824 eum
1199 3784 1296 3839 per
1323 3781 1489 3826 totam
1520 3773 1688 3828 vitam
1715 3774 1968 3831 obtinue-

393 3870 542 3913 runt.
593 3856 720 3910 Fuit
746 3858 962 3912 illorum
1019 3860 1318 3914 dominatio
1383 3862 1554 3932 prima
1588 3864 1967 3920 aristoeratica

391 3953 508 4007 sive
538 3953 897 4022 Optimatum;
941 3953 1138 4007 deinde
1178 3953 1251 4007 ad
1291 3967 1455 4006 unum
1494 3953 1712 4009 redacta
1763 3966 1870 4021 est,
1901 3957 1966 4010 ad

394 4057 552 4114 reges
569 4043 748 4099 tertio.
779 4043 946 4113 igitur
966 4045 1034 4099 ab
1059 4045 1205 4098 exitu
1223 4059 1290 4098 ex
1316 4044 1540 4117 Egypto,
1559 4061 1728 4116 usque
1757 4049 1823 4102 ad
1839 4050 1966 4102 tedi-

394 4135 702 4188 iicationem
751 4136 935 4204 templi
980 4135 1478 4207 Hierosolymitani,
1513 4139 1640 4192 anni
1675 4148 1802 4192 sunt
1839 4155 1967 4195 sex-

386 4225 932 4281 centietduodecim.
973 4227 1106 4282 Post
1145 4231 1243 4283 tios
1273 4243 1402 4282 vero
1437 4231 1696 4286 tredecim
1747 4231 1968 4300 pontiﬁo

2069 1789 2184 1837 τος.
2226 1775 2350 1830 Ὅτι
2384 1778 2613 1843 Ἄνανος
2654 1780 2683 1832 6
2724 1779 2945 1834 Ἀνάνου
2975 1783 3104 1844 παῖς
3123 1781 3223 1851 τὴν
3249 1783 3669 1854 ἀρχιερωσύνην

2072 1865 2431 1934 παραλαϐὼν,
2463 1869 2871 1940 ’ἀφαιρεθέντος
2926 1870 3097 1940 αὐτὴν
3129 1871 3416 1942 Ἰωσήπου,
3448 1872 3667 1943 θρασὺς

2074 1959 2144 2035 ἦν
2177 1959 2272 2014 καὶ
2294 1957 2572 2030 τολμητὴς
2597 1959 2965 2032 διαφερόντως
2984 1975 3001 1991 ο
3029 1962 3240 2032 αἵρεσιν
3266 1963 3376 2034 γάρ
3400 1964 3503 2033 τὴν
3527 1963 3668 2017 2216-

2073 2053 2340 2110 δουκαίων
2379 2050 2568 2122 μετῄει
2596 2067 2611 2080 ⁶
2647 2047 2795 2106 οὗτοι
2843 2052 2953 2124 γὰρ
2979 2051 3124 2123 ώμοί
3151 2069 3211 2107 τε
3243 2054 3372 2126 περὶ
3397 2055 3496 2119 τάς
3541 2055 3666 2127 κρί-

2074 2164 2188 2212 σεις
2213 2145 2310 2200 καὶ
2343 2142 2480 2215 πρὸς
2502 2144 2686 2196 πᾶσαν
2715 2144 3008 2197 αὐθάδειαν
3035 2145 3267 2214 ἕτοιμοι.
3299 2142 3469 2211 Οὗτος
3509 2147 3610 2201 οὖν
3631 2149 3665 2201 6

2076 2237 2308 2299 Ἄνανος
2358 2235 2568 2304 Φήστου
2619 2235 2718 2306 μὲν
2776 2236 2835 2288 ὲν
2903 2235 3136 2308 Ἰουδαίᾳ
3185 2236 3660 2308 τελευτήσαντος,

2075 2327 2205 2402 [519
2235 2325 2333 2399 11.]
2378 2325 2622 2380 Ἀλϐίνου
2652 2327 2709 2379 δὲ
2733 2325 2886 2380 οὔπω
2913 2327 3334 2393 καταλαϐόντος,
3386 2329 3662 2402 αύθεντή-

2077 2436 2174 2482 σας
2204 2417 2422 2482 καθίζει
2451 2416 2749 2487 συνέδριον,
2772 2420 2868 2471 καὶ
2909 2419 3168 2473 Ἰάκωϐον
3195 2421 3288 2474 τὸν
3310 2421 3540 2490 ἀδελφὸν
3562 2423 3662 2475 τοῦ

2074 2511 2280 2582 Κυρίου
2309 2511 2408 2564 σὺν
2440 2509 3036 2582 ἑτέροις,παρανομίαν
3051 2512 3457 2584 αἰτιασάμενος,
3490 2512 3667 2578 λίθοις

2075 2599 2431 2672 ἀναιρεθῆναι
2477 2600 2908 2670 παρασκευάζει.
2968 2601 3084 2670 Ἐφ’
3127 2595 3172 2670 ᾧ
3217 2603 3330 2655 τῶν
3390 2602 3666 2656 Ἰουδαίων

2077 2692 2562 2764 ύπεραλγήσαντες
2574 2693 2626 2744 oi
2648 2693 2686 2724 “
2712 2694 3018 2746 ὲπιεικέστε
3027 2711 3129 2764 ροι,
3147 2695 3242 2747 καὶ
3255 2693 3416 2757 αὐτὸς
3435 2695 3667 2765 ’Δγρίπ-

2075 2789 2222 2848 παςὸ
2243 2783 2515 2854 βασιλεὺς,
2539 2783 2892 2836 ἐκϐάλλουσιν
2909 2782 3153 2854 ἄρξαντα
3185 2785 3316 2854 μηνὶ
3343 2789 3413 2852 γ’,
3451 2782 3664 2854 Ἰησοῦν

2074 2874 2120 2928 δ’
2140 2875 2254 2928 ἀντ’
2281 2873 2445 2928 αὑτοῦ
2474 2873 2563 2926 τδν
2589 2874 2833 2945 Δάμνεον
2855 2874 3280 2946 ἐγκατέστησαν.

2151 2967 2276 3021 Ὅτι
2317 2967 2530 3038 Ἀαρὼν
2587 2967 3037 3038 τελευτήσαντος,
3081 2969 3364 3032 Μωῦσέως
3401 2968 3662 3039 ἀδελφοῦ,

2077 3060 2128 3114 oi
2156 3059 2347 3124 παῖδες
2397 3060 2709 3131 ἐκδέχονται
2765 3060 2868 3130 τὴν
2917 3060 3351 3132 ἀρχιερωσύνην,
3383 3056 3506 3116 εἶτα
3529 3061 3665 3132 ἑξῆς

2075 3149 2126 3202 οι
2151 3149 2358 3203 τούτων
2415 3147 2662 3218 ἔκγονον
2717 3150 2883 3220 νόμος
2917 3151 3027 3219 γὰρ
3057 3149 3264 3219 μηδένα
3318 3150 3351 3220 ἢ
3395 3149 3488 3203 τὸν
3533 3151 3576 3181 ⁸⁸
3601 3149 3665 3216 ἐξ

2076 3241 2306 3311 αἵματος
2335 3239 2544 3313 Ἀαρὼν
2598 3243 2700 3312 τὴν
2723 3241 3135 3313 ἀρχιερωσύνην
3197 3243 3534 3314 εἰσδέχεσθαι
3555 3243 3664 3295 πά-

2075 3349 2229 3405 τριος
2266 3334 2515 3404 ἐκράτει.
2557 3333 2840 3400 Ἐγένοντο
2887 3332 2982 3389 οὖν
3030 3335 3140 3389 ἀπὸ
3177 3336 3449 3408 Ἀαρῶνος
3496 3337 3662 3406 μέχρι

2074 3425 2321 3478 Φανάσου
2349 3424 2445 3478 τοῦ
2468 3425 2611 3479 κατὰ
2628 3425 2722 3478 τὸν
2747 3425 2985 3496 πόλεμον
3041 3426 3149 3479 ὑπὸ
3175 3427 3286 3478 τῶν
3317 3427 3665 3480 στασιαστῶν

2076 3514 2484 3585 ἀναδειχθέντος
2545 3517 2846 3587 ἀρχιερέως
2897 3514 2988 3584 πγ⁹
3030 3516 3150 3587 ἔτη.
3179 3517 3277 3570 Ἐκ
3314 3517 3521 3571 τούτων
3549 3518 3662 3571 ἀπὺ

2075 3607 2174 3678 τῆς
2199 3607 2258 3660 ὲν
2286 3608 2354 3678 τῇ
2381 3608 2576 3678 ἐρήμῳ
2625 3607 2928 3677 διαγωγῆς,
2956 3610 3015 3660 ὲν
3126 3609 3220 3661 καὶ
3246 3609 3279 3678 ή
3315 3607 3490 3678 σκηνὴ
3517 3609 3662 3680 ἐπη-

2075 3716 2262 3769 γνυτο,
2289 3701 2452 3770 μέχρι
2480 3699 2576 3752 τοῦ
2597 3698 2773 3753 νεὼδν
2797 3700 3019 3771 ἡγειρεν
3037 3700 3066 3752 6
3099 3699 3350 3770 βασιλεὺς
3381 3699 3659 3770 Σολομὼν,

2074 3793 2510 3864 ἀρχιεράτευσαν
2533 3791 2838 3864 δεκατρεῖς,
2867 3793 2968 3864 τὴν
2988 3793 3400 3864 ἀρχιερωσύνην
3424 3795 3513 3865 διᾲ
3536 3795 3659 3864 βίου

2075 3883 2442 3954 κατασχόντες
2467 3883 2719 3948 ἕκαστος.
2745 3883 2995 3952 Ἐγένετο
3021 3885 3079 3938 δὲ
3111 3885 3289 3938 αὐτῶν
3321 3886 3660 3958 ἀριστοκρα-

2076 3977 2270 4047 τορικὴ
2295 3975 2394 4045 μὲν
2414 3977 2450 4045 ἠ
2481 3975 2673 4047 πρώτη
2715 3975 2981 4041 πολιτεία,
3047 3973 3170 4030 εἶτα
3216 3978 3502 4048 μοναρχία,
3533 3973 3659 4031 εἶτα

2076 4068 2389 4139 βασιλέωνή
2437 4068 2617 4137 τρίτη.
2651 4067 2785 4121 ’Λπὺ
2819 4067 2952 4136 γοῦν
2992 4069 3091 4139 τῆς
3118 4069 3214 4124 ἀπ’
3239 4069 3520 4138 Αίγύπτου
3549 4071 3649 4135 ἐξ·

2073 4161 2192 4213 ὁδου
2215 4159 2321 4222 ῑως
2355 4159 2448 4213 τοῦ
2478 4161 2535 4212 έν
2569 4159 2959 4231 Ἰεροσολύμοις
2982 4160 3088 4213 νεὼ
3103 4163 3203 4232 τῆς
3236 4161 3528 4233 οίκοδομῆς
3551 4163 3652 4234 ἐτη

2073 4250 2280 4319 γίνεται
2339 4249 2405 4320 ιβ’
2458 4250 2553 4304 καὶ
2613 4257 2684 4321 χ’.
2724 4252 2880 4305 Μετά
2911 4251 2970 4304 66
3009 4253 3138 4316 τοὺς
3172 4254 3533 4325 ιγ’ἀρχιερείς
3554 4257 3658 4309 καὶ

387 4333 504 4385 ces,
536 4329 594 4373 et
616 4327 738 4387 post
757 4319 1169 4374 aediﬁcationem
1201 4321 1384 4389 templi
1423 4321 1724 4377 octodecim
1750 4327 1969 4394 pontiﬁ-

2079 4340 2170 4411 τὴν
2222 4319 2515 4411 οἰκοδομὴν
2549 4319 2646 4394 τού
2693 4339 2801 4394 νεὼ
2845 4339 2875 4394 ι’
2905 4343 3002 4395 καὶ
3029 4349 3080 4413 η’
3107 4319 3214 4416 τὴν
3234 4319 3657 4416 ἀρχιερωσύνην

391 4420 570 4464 catum
598 4420 883 4480 gesserunt
903 4427 933 4465 a
964 4411 1254 4466 Salomone
1282 4427 1428 4482 rege,
1455 4414 1507 4468 in
1530 4415 1729 4485 templo
1748 4418 1970 4473 sacrati.

391 4499 576 4556 Donec
620 4501 1122 4559 Nabuchodonosor
1148 4501 1459 4574 Babylonia:
1498 4520 1594 4560 rex
1641 4509 1844 4578 templo
1883 4509 1969 4564 in-

2070 4433 2228 4504 ἔσχον
2251 4434 2362 4487 ἀπὸ
2386 4435 2704 4504 Σολομῶνος
2725 4435 2992 4506 βασιλέως
3008 4439 3067 4490 ὲν
3081 4437 3159 4509 τῷ
3179 4439 3293 4510 ναῷ
3321 4440 3654 4511 ίερούμενοι,

2069 4525 2174 4588 ἕως
2238 4525 2718 4598 Ναϐουχοδονόσορ
2761 4529 2791 4581 6
2835 4527 3195 4583 Βαϐυλωνίων
3249 4529 3508 4602 βασιλεὺς
3561 4534 3658 4587 τὸν

389 4609 557 4649 censo
582 4592 799 4650 Judtcos
825 4596 1072 4664 captivos
1103 4595 1154 4650 in
1190 4595 1545 4667 Babyloniam
1572 4599 1755 4654 avexit
1786 4598 1969 4656 Ama

2079 4616 2206 4671 νεὼν
2238 4592 2532 4690 ἐμπρήσας
2559 4592 2945 4690 αἰχμαλώτους
2997 4621 3060 4674 τὸ
3088 4592 3357 4678 Ἰουδαίων
3389 4592 3546 4689 ἔθνος
3573 4630 3659 4690 είς

388 4689 666 4756 pontiﬁce.
737 4687 940 4744 Horum
982 4698 1193 4757 tempus
1255 4690 1604 4760 pontiﬁcatus
1651 4704 1781 4750 sunt
1839 4695 1969 4751 anni

2079 4687 2371 4762 Βαϐυλῶνα*
2394 4687 2734 4779 μετήνεγκεν
2789 4711 2985 4781 ’Δμαῖε
3021 4713 3062 4744 ⁸³
3093 4714 3156 4766 ὲκ
3199 4714 3294 4768 τοῦ
3320 4687 3650 4788 ἀρχιερέωςξ

388 4782 619 4838 trecenti
650 4783 930 4851 sexaginta
975 4797 1095 4846 sex,
1151 4797 1367 4838 menses
1421 4797 1543 4850 sex,
1593 4786 1781 4842 decem
1824 4788 1964 4845 dies.

2079 4800 2282 4854 Γούτων
2303 4803 2495 4872 χρόνος
2525 4804 2644 4856 ἐστὶ
2669 4805 2768 4874 τῆς
2796 4805 3207 4878 ἀρχιερωσύνης
3238 4809 3281 4840 ί*
3298 4782 3444 4875 τξξ,
3479 4782 3655 4882 μῆνες

389 4875 522 4930 Post
576 4877 943 4944 captivitatem
999 4891 1128 4932 vero
1185 4876 1524 4948 septuaginta
1566 4877 1768 4948 elapsis
1813 4881 1969 4936 annis

2079 4896 2142 4954 ζ’,
2177 4893 2382 4964 ἡμέραι
2415 4898 2467 4948 ι’.
2493 4895 2650 4949 Μετά
2672 4896 2729 4950 δὲ
2875 4875 3074 4953 ἁλῶσιν
3099 4875 3236 4953 ὲτιῖιν
3260 4901 3301 4955 ο’
3329 4875 3652 4959 διελθόντων

389 4971 586 5044 Cyrus,
630 4971 928 5028 Persarum.
967 4989 1082 5037 rex,
1147 4977 1390 5045 captivos
1438 4977 1491 5031 in
1534 4977 1766 5046 patriam
1811 4992 1966 5032 suam

2079 4982 2245 5054 Κῦρος
2295 4983 2326 5036 ό
2393 4986 2620 5057 Περσῶν
2671 4987 2924 5058 βασιλεὺς
2965 4995 3093 5055 τοὺς
3122 4993 3509 5064 αίχμαλώτους
3544 5000 3653 5052 άπ-

388 5064 541 5120 abire
606 5065 870 5134 permisit.
934 5065 1090 5122 Unus
1160 5065 1322 5137 igitur
1371 5081 1404 5122 e
1455 5069 1692 5124 reductis
1739 5070 1965 5138 captivis

2079 5073 2252 5128 ἑλυσεν
2291 5078 2372 5139 είς
2418 5079 2518 5148 τὴν
2573 5079 2710 5133 ίδίαν
2761 5079 2958 5140 ἐλθεῖν,
2987 5085 3242 5156 πατρίδα.
3285 5081 3380 5152 Εἷς
3402 5085 3498 5142 οὖν
3537 5091 3651 5148 τῶν

389 5158 760 5228 pontificatum
811 5156 1031 5226 accipit,
1083 5165 1139 5212 et
1178 5157 1306 5213 inde
1359 5157 1672 5228 quindecim
1721 5160 1839 5229 ejus
1865 5177 1962 5232 po-

2079 5167 2780 5242 ἱναχθέντωναίχμαλώτων
2795 5172 3068 5246 λαμϐάνει
3092 5178 3194 5250 τὴν
3207 5179 3650 5255 ἀρχιερωσύνην,

459 5304 492 5347 ι>
521 5295 646 5352 Act.
674 5311 829 5363 xxm,
872 5295 896 5349 i
930 5309 1051 5365 ειμι·
1682 5365 1916 5423 νΑῃιΑε
1946 5367 2350 5429 LECTIONES.

461 5505 506 5537 ί*
538 5504 680 5601 ⁸ιιιίκτ.
699 5501 828 5601 Jul
857 5501 984 5581 Βερ.
1017 5519 1080 5566 ς.
1145 5501 1194 5601 ;¹
1220 5502 1269 5555 οἱ
1299 5502 1449 5601 libris
1473 5505 1652 5601 ἐξερειὶ
1709 5505 1770 5601 ἶξί
1796 5505 1910 5601 τὸν]
1936 5507 2118 5595 τοξιρ.
2198 5511 2241 5543 ⁸³
2270 5513 2438 5601 ἀμξιΐε
2466 5514 2530 5600 ἐκ
2558 5512 2652 5566 τοῦ
2682 5515 2756 5571 C:
2801 5518 3000 5589 Ἀμαῒη
3036 5523 3100 5575 ἐκ
3123 5523 3216 5577 τοῦ
3241 5543 3298 5591 ς.
3333 5526 3644 5601 Legendum

391 5576 508 5667 Ξμα
548 5573 819 5667 Ἰωσεδέκ·
851 5570 1102 5655 sit-gentm
1136 5570 1422 5667 Josli-pl‘ms.
1473 5573 1833 5632 ilmschelius.
1873 5570 2183 5645 Ἰωσάδοκος
2216 5570 2659 5649 νεΓἸωσάδωκος
2703 5570 2785 5643 eSt
2834 5570 3298 5667 vx),-
3329 5570 3620 5662 ξ

388 5639 443 5678 ⁸⁵⁷
465 5654 585 5716 post
634 5642 1042 5715 ἀρχιερωσύνης
1075 5639 1276 5698 excidit
1305 5643 1420 5712 Em.
2164 5639 2180 5645 '
2641 5639 2658 5649 ν
2712 5639 2784 5643 ’τ’
2834 5639 3170 5667 --η--ν-νηυ·
3208 5639 3239 5652 ο·
3263 5639 3278 5665 ν
3329 5639 3363 5654 ν
3392 5641 3408 5662 ς
3443 5639 3478 5656 υ
3503 5639 3557 5657 ω
3587 5639 3643 5658 ς.
