3964 6246
319 332 456 398 1193

311 536 408 589 τοῦ
448 537 784 608 Εὐπάτορος,
811 540 1088 606 πολιτείας
1117 546 1284 618 οὔσης
1313 552 1371 604 ἐν
1389 553 1571 620 αὐτοῖς
1605 536 1888 632 δημοκρα-

309 629 557 700 τορικῆς.
585 631 694 683 Καὶ
726 632 932 686 τούτων
982 637 1038 689 δὲ
1078 639 1266 708 χρόνος
1311 644 1406 714 ἐτη
1429 648 1548 703 υιδ’.
1590 629 1811 722 Πρῶτος
1841 654 1886 706 δ’

307 715 466 784 οὗτος
497 721 770 792 Ἀντίοχος
795 725 889 778 καὶ
928 727 956 778 ὁ
996 734 1300 800 στρατηγὸς
1351 738 1518 792 αὐτοῦ
1561 715 1769 807 Λυσίας
1793 715 1886 802 τὸν

308 809 512 876 Ὀνίαν,
540 804 585 878 ᾧ
609 813 886 877 Μενέλαος
919 817 1172 891 ἐπίκλην,
1217 825 1449 881 παύουσι
1479 831 1580 901 τῆς
1617 804 1885 908 ἀρχιερω-

307 903 497 972 σύνης,
533 904 810 971 ἀνελόντες
833 907 992 962 αὑτὸν
1029 912 1085 963 ἐν
1129 912 1346 988 Βεροίᾳ,
1370 921 1462 975 καὶ
1494 903 1886 982 ἀντικαθιστῶ-

307 1010 394 1045 σιν
427 993 683 1065 Ἰάκιμον,
713 998 903 1066 γένους
936 1002 1036 1070 μὲν
1059 1005 1151 1058 τοῦ
1179 1008 1470 1078 Ἀαρῶνος,
1503 1015 1563 1068 οὐ
1586 1017 1682 1086 τῆς
1712 1019 1884 1091 αὐτῆς

302 1081 350 1134 δ’
377 1084 578 1147 οἰκίας.
601 1085 730 1157 [980
752 1089 844 1161 ἢ]
885 1093 982 1143 Διά
1003 1093 1163 1147 τοῦτο
1212 1099 1307 1151 καὶ
1339 1101 1588 1167 Ἀνανίας
1609 1081 1751 1160 δτοῦ
1793 1081 1881 1162 τέζ

301 1173 664 1244 λευτήσαντος
713 1179 889 1233 Ὀνίου
941 1182 1248 1253 ἐξάδελφος,
1283 1191 1363 1254 εἱς
1385 1192 1660 1262 Αἴγυπτον
1689 1201 1882 1268 ἀφικό-

305 1278 467 1331 μενος
501 1265 595 1318 καὶ
624 1266 944 1341 Πτολεμαίῳ
971 1272 1049 1342 τῷ
1069 1275 1398 1350 Φιλομήτορι
1430 1285 1522 1336 καὶ
1552 1265 1879 1364 Κλεοπάτρᾳ

298 1355 368 1422 τῇ
431 1357 652 1421 γυναικὶ
699 1357 785 1410 διὰ
825 1361 1010 1427 φιλίας
1040 1363 1232 1430 ἐλθὼν,
1269 1370 1442 1424 πείθει
1473 1376 1694 1442 τούτους
1736 1355 1879 1435 κατά

299 1443 392 1497 τὸν
441 1445 849 1520 Ἡλιουπολίτην
865 1454 1027 1522 νομὸν
1047 1456 1374 1528 δειμάμενος
1394 1465 1435 1495 ³⁵
1457 1465 1534 1536 τῷ
1551 1467 1668 1538 Θεῷ
1699 1489 1877 1542 παρα·

299 1526 530 1608 πλήσιον
557 1539 651 1592 τοῦ
683 1543 740 1595 ἐν
789 1543 1180 1617 Ἰεροσολύμοις
1207 1526 1370 1605 αὐτὸν
1403 1526 1662 1628 ἀρχιερέα
1703 1526 1874 1617 κατα-

297 1631 519 1698 στῆσαι.
589 1632 649 1686 Ὁ
696 1635 881 1704 μέντοι
908 1637 1151 1709 Ἰάκιμος
1199 1644 1295 1712 ἐτη
1348 1655 1392 1714 γ’
1435 1652 1875 1723 ἀρχιερατεύσας

294 1721 527 1792 τελευτᾷ
549 1738 562 1751 ·
592 1716 653 1777 οὗ
685 1724 925 1796 διάδοχος
942 1729 1114 1793 οὐδεὶς
1129 1735 1360 1806 κατέστη
1397 1739 1487 1792 ἐπὶ
1514 1741 1690 1797 ἐτεσιν
1712 1747 1871 1807 ἐπτά.

297 1812 470 1866 Πάλιν
505 1814 561 1867 δὲ
598 1816 648 1868 οἱ
672 1878 676 1882 ι
701 1816 810 1870 τῶν
859 1818 1237 1890 Ἀσαμωναίου
1277 1829 1484 1884 παίδων
1537 1833 1745 1903 ἐκγονοι
1775 1841 1874 1908 τὴν
1908 1823 1947 1878 Β

297 1905 636 1973 προστασίαν
652 1907 744 1960 τοῦ
763 1907 947 1974 ἔθνους
963 1915 1468 1986 πιστευθέντες,καὶ
1483 1925 1761 1982 Μακεδόσι
1783 1949 1874 1986 πο-

295 1997 926 2073 λεμήσαντες,Ἰωάννην
953 2006 1210 2079 ἀρχιερέα
1231 2013 1584 2084 καθιστῶσιν,
1601 2019 1661 2083 ὃς
1696 2021 1870 2094 ἄρξας

293 2086 574 2151 ἐνιαυτοὺς
590 2089 730 2142 ἐπτά
747 2091 994 2165 τελευτᾷ,
1023 2097 1316 2167 Τρύφωνος
1355 2105 1664 2174 ἐπιϐουλαῖς
1678 2086 1873 2185 διαμηζ

288 2180 620 2251 χανηθείσης
641 2181 770 2254 [520
792 2183 888 2258 [1.]
935 2188 1081 2260 αὐτῷ
1104 2191 1204 2261 τῆς
1232 2195 1490 2266 τελευτῆς
1513 2193 1602 2254 ὀὗ
1629 2180 1871 2274 διάδοχος

285 2270 472 2340 Σίμων
515 2275 842 2329 καθίσταται
886 2278 914 2330 ὁ
974 2279 1222 2348 ἀδελφός.
1275 2285 1384 2338 Καὶ
1403 2286 1594 2344 τοῦτον
1639 2291 1695 2345 δὲ
1733 2270 1870 2366 δόλῳ

289 2361 444 2430 παρά
477 2363 520 2392 ¹⁶
538 2363 600 2416 τὸ
649 2366 950 2435 συμπόσιον
1005 2368 1372 2442 διαφθαρέντα
1429 2377 1533 2430 ὑπὸ
1573 2381 1666 2434 τοῦ
1721 2361 1869 2454 γαμλ

285 2450 421 2522 ϐροῦ
451 2452 757 2523 διαδέχεται
782 2460 910 2521 παῖς
949 2459 1218 2531 Ὑρκανὸς
1270 2465 1442 2535 ὄνομα
1467 2484 1478 2496 ⁸
1507 2469 1564 2532 ὃς
1601 2450 1867 2530 τελευτῶν
1927 2493 1930 2496 ’

285 2543 460 2616 Ἰούδᾳ
497 2546 575 2617 τῷ
604 2547 699 2599 καὶ
725 2549 1121 2623 Ἀριστοϐούλῳ
1147 2556 1398 2624 κληθέντι
1418 2561 1740 2620 καταλείπει
1768 2571 1867 2636 τὴν

283 2636 486 2707 ἀρχήν.
517 2640 860 2712 κληρονομεῖ
887 2644 942 2697 δὲ
976 2647 1070 2700 καὶ
1112 2647 1300 2703 τοῦτον
1341 2653 1569 2724 ἀδελφὸς
1610 2660 1861 2727 Ἀλέξανο

281 2726 430 2793 δρος,
480 2729 584 2782 ὑπὸ
633 2731 788 2786 νόσου
838 2733 936 2802 μὲν
977 2735 1398 2807 τελευτήσαντα,
1437 2743 1533 2815 τὴν
1564 2748 1864 2823 ἱερωσύνην

279 2818 339 2872 δὲ
374 2823 718 2892 κατασχόντα
751 2825 893 2894 μετὰ
921 2825 1020 2895 τῆς
1048 2828 1325 2897 βασιλείας
1357 2835 1600 2908 (καὶγὰρ
1627 2818 1864 2914 διάδημα

281 2913 567 2980 περιέθετο
588 2915 803 2986 πρῶτος
841 2918 1064 2991 Ἰούδας)
1096 2921 1342 2977 ἐνιαυτὸν
1371 2926 1487 2982 ἐνα.
1523 2930 1862 3001 Βασιλεύσας

279 3001 325 3055 δ’
348 3005 378 3056 ὁ
405 3002 755 3076 Ἀλέξανδρος
785 3009 880 3062 καὶ
907 3008 1231 3078 ἱερατεύσας
1259 3012 1355 3084 ἐτη
1387 3018 1470 3082 κζ’
1491 3025 1860 3096 καταστρέφει

279 3101 370 3154 τὸν
396 3096 530 3167 βίον,
561 3099 884 3170 Ἀλεξάνδρᾳ
917 3098 1022 3173 [δὲ]
1055 3105 1120 3172 τῇ
1137 3109 1362 3166 γυναικὶ
1399 3113 1742 3184 καταστῆσαι
1764 3119 1858 3172 τὸν
1888 3163 1930 3184 η
1966 3096 2127 3178 ritur:

279 3197 840 3268 ἀρχιερατευσόμενον
862 3199 1184 3271 ἐπιτρέψας.
1204 3203 1268 3256 Ἦ
1292 3206 1332 3238 ¹⁷
1346 3205 1404 3260 δὲ
1427 3210 1526 3281 τὴν
1546 3212 1644 3281 μὲν
1671 3215 1858 3284 ἀρχιε-

281 3288 530 3360 ρωσύνην
578 3290 831 3362 Ὑρκανῷ
852 3292 1032 3345 δίδωσι
1062 3294 1172 3347 τῶν
1203 3297 1334 3352 υἱῶν
1370 3301 1448 3371 τῷ
1475 3305 1855 3378 πρεσϐυτέρῳ,

277 3381 419 3453 αὐτὴ
451 3383 508 3436 δὲ
535 3384 636 3454 τὴν
654 3385 696 3418 ³⁸
733 3386 1011 3455 βασιλείαν
1035 3387 1129 3458 ἐτη
1151 3391 1195 3443 θ’
1219 3396 1566 3464 κατασχοῦσα
1596 3399 1853 3472 τελευτᾷ·

276 3475 370 3528 τὸν
404 3476 518 3531 ἴσον
551 3477 609 3531 δὲ
641 3479 829 3550 χρόνον
855 3482 1234 3555 ἀρχιερατεύει
1261 3489 1354 3540 καὶ
1385 3489 1671 3559 Ὑρκανός.
1699 3493 1855 3548 Μετά

274 3567 385 3638 γὰρ
407 3571 500 3621 τὸν
520 3569 735 3640 ἐκείνης
795 3571 1024 3629 θάνατον
1063 3579 1093 3630 ό
1127 3578 1391 3651 νεώτερος
1432 3584 1562 3645 παῖς
1598 3583 1733 3654 πρὸς
1761 3586 1854 3640 τὸν

275 3659 510 3728 ἀδελφὸν
533 3661 846 3732 πολεμήσας
883 3664 1316 3736 (Ἀριστόϐουλος
1347 3673 1496 3743 αὐτῷ
1521 3675 1728 3746 ,δνομα)
1758 3679 1853 3731 καὶ

272 3753 492 3821 ἀφελὼν
519 3755 618 3826 τὴν
677 3759 1115 3830 ἀρχιερωσύνην,
1176 3764 1387 3835 ταύτην
1409 3784 1470 3820 τε
1505 3770 1599 3822 καὶ
1624 3768 1722 3840 τὴν
1751 3773 1851 3841 τῆς

275 3844 487 3914 μητρὸς
517 3845 794 3914 βασιλείαν
826 3848 989 3913 αὐτὸς
1047 3854 1454 3922 περιϐάλλεται.
1497 3860 1648 3912 Ἔτει
1675 3862 1730 3915 δέ
1751 3863 1851 3933 τῆς

270 3935 452 4004 ἀρχῆς
485 3936 672 4007 τρίτῳ,
706 3941 799 3991 καὶ
853 3941 988 4008 πρὸς
1045 3946 1180 4012 μησὶ
1225 3949 1337 4010 τοῖς
1360 3949 1514 4015 ἴσοις,
1568 3952 1850 4023 Πομπήϊος

268 4023 442 4081 ἐλθὼν
477 4030 571 4082 καὶ¹
606 4029 704 4099 τὴν
740 4032 896 4086 πόλιν
928 4037 1046 4086 κατ’
1081 4035 1261 4106 ἄκρας
1297 4038 1435 4092 ἐλὼν
1464 4043 1626 4095 αὐτὸν
1649 4045 1746 4114 μὲν
1769 4047 1849 4108 εἱς

277 4120 498 4192 Ῥώμην
531 4123 670 4192 μετά
699 4124 807 4177 τῶν
833 4127 1039 4180 τέκνων
1063 4129 1232 4199 δήσας
1257 4131 1491 4203 ἔπεμψε,
1520 4134 1598 4204 τῷ
1625 4135 1670 4188 δ’
1715 4137 1846 4208 ’Υρ-

263 4215 418 4283 κανῷ
451 4215 552 4284 τὴν
579 4217 996 4288 ἀρχιερωσύνην
1025 4221 1258 4286 ἀποδοὺς
1281 4224 1380 4294 τὴν
1411 4226 1512 4296 μὲν
1535 4226 1628 4280 τοῦ
1659 4227 1845 4294 ἔθνους

263 4307 606 4375 προστασίαν
631 4309 920 4380 ἐπέτρεψε,
969 4312 1206 4385 διάδημα
1225 4315 1283 4368 δέ
1336 4322 1523 4386 φορεῖν
1545 4320 1839 4376 ἐκώλυσεν.

261 4397 439 4471 Ἦρξε
469 4402 527 4455 δὲ
555 4403 694 4474 πρὸς
711 4407 824 4468 τοῖς
847 4406 890 4458 θ’
908 4410 1018 4470 τοῖς
1037 4409 1080 4440 ¹⁹
1104 4409 1340 4481 πρώτοις
1367 4413 1460 4482 ἔτη
1477 4414 1718 4486 τέσσαρα
1747 4419 1841 4470 καὶ

1244 352 1748 423 BIBLIOTHECA
1809 392 1878 406 --
1931 370 2093 433 COD.
2149 375 2555 445 CCXXXVIII.

315 447 410 498 καὶ
436 444 648 500 ἐκεῖθεν
687 447 734 500 οἱ
762 447 821 514 ἐξ
842 449 1004 504 αὑτοῦ
1047 451 1260 522 ἔκγονοι
1305 467 1366 512 ιε’
1386 461 1580 534 μέχρις
1621 469 1893 542 Ἀντιόχου

3437 405 3570 471 11θὶ

1923 479 1972 538 Α
1999 481 2130 535 steri
2168 500 2337 554 usque
2362 490 2429 543 ad
2455 493 2798 561 Antiochum,
2835 497 3119 570 Eupatoris
3153 508 3341 576 ﬁlium,
3372 521 3566 585 populo

1995 571 2292 641 imperante
2327 621 2342 646 ,
2375 591 2428 635 et
2459 585 2650 640 horum
2723 600 2931 661 tempus
2996 599 3121 652 anui
3193 605 3567 679 quadringenti

1991 675 2045 718 et
2109 675 2532 736 quatuordccim.
2594 678 2806 737 Primus
2864 685 2950 740 hic
3010 690 3308 750 Antiochus
3366 675 3566 756 etvdux

1990 753 2105 822 ejus
2139 756 2346 827 Lysias,
2395 761 2589 831 Onian,
2620 768 2890 829 Menelaus
2923 792 3299 848 cognomento,
3359 791 3568 854 pontiﬁ-

1988 856 2110 900 catu
2142 850 2412 918 abdicant,
2446 855 2834 918 interlicientes
2858 865 3005 921 illum
3035 869 3084 922 in
3115 871 3327 938 Beroea,
3353 887 3408 931 et
3433 893 3562 948 cott—

1990 943 2069 987 tra
2099 939 2428 998 substituunt
2478 945 2740 1004 Jacimum
2769 996 2781 1018 ,
2805 968 2835 1008 e
2868 955 3038 1026 stirpe
3064 961 3278 1027 quidem
3306 945 3558 1036 Aarouis,

1987 1025 2080 1079 sed
2105 1041 2206 1081 non
2238 1044 2268 1083 e
2299 1041 2445 1086 recta
2479 1035 2636 1094 linea.
2674 1040 2793 1095 Ideo
2823 1052 2876 1097 et
2906 1047 3146 1104 Ananias
3175 1058 3368 1109 mortui
3409 1057 3558 1114 Onire

1986 1119 2247 1183 patruelis
2284 1121 2336 1175 in
2369 1123 2660 1196 Egyptum
2699 1133 2992 1203 profectus,
3023 1139 3074 1192 in
3105 1142 3380 1201 Ptolemmi
3430 1149 3558 1204 Phi-

1985 1204 2259 1264 lometoris
2286 1223 2340 1264 et
2387 1213 2683 1286 Cleopatra:
2725 1226 2906 1279 uxoris
2955 1230 3246 1288 amicitiam
3311 1241 3552 1308 veniens,

1985 1301 2268 1366 persuadet
2294 1301 2418 1369 illis,
2453 1309 2690 1364 condens
2746 1313 2796 1365 in
2846 1315 3104 1386 I'Ieliopoli
3149 1327 3406 1396 templum
3443 1301 3554 1387 Deo

1983 1394 2157 1449 simile
2195 1396 2242 1449 ei
2297 1399 2436 1464 quod
2465 1411 2545 1455 est
2577 1403 2626 1455 in
2660 1403 2980 1474 Jerusalem,
3035 1424 3091 1468 ut
3131 1431 3188 1471 se
3239 1394 3547 1488 pontiﬁcem

1983 1497 2250 1540 crearent.
2316 1489 2554 1547 Jacimus
2613 1511 2783 1551 annos
2842 1510 2950 1556 tres
3004 1510 3363 1565 sacerdotium
3427 1532 3549 1571 eum

1985 1576 2210 1632 rexisset
2252 1582 2518 1638 moritur:
2560 1588 2643 1640 cui
2707 1589 2844 1644 intra
2912 1605 3115 1664 septem
3169 1617 3340 1658 annos
3393 1623 3551 1663 nemo

1980 1668 2241 1722 succedit.
2274 1669 2508 1727 Rursum
2543 1691 2670 1731 vero
2720 1685 2920 1747 posteri
2973 1687 3203 1745 ﬁliorum
3244 1697 3546 1756 Asamonazi

1981 1756 2264 1826 imperium
2313 1766 2492 1832 p0puli
2541 1771 2705 1833 nacti,
2747 1785 2956 1829 etcum
3005 1782 3391 1843 Macedonibus
3447 1806 3550 1860 pu-

1977 1861 2204 1918 gnantes
2236 1852 2500 1911 Joannem
2554 1863 2870 1928 pontiﬁcem
2924 1882 3133 1938 creant,
3165 1876 3256 1944 qui
3299 1893 3416 1932 cum
3466 1898 3553 1935 se-

1974 1951 2116 2009 ptem
2161 1947 2317 2000 annis
2348 1949 2652 2016 praefuisset
2711 1959 2959 2024 moritur,
3017 1961 3306 2032 Trypltone
3347 1969 3421 2024 illi
3452 1990 3547 2026 ne-

1972 2042 2086 2082 cem
2132 2033 2404 2102 moliente,
2455 2040 2540 2092 cui
2588 2045 2828 2100 succedit
2881 2049 3067 2104 Simon
3120 2054 3305 2112 frater.
3351 2057 3544 2118 Verum

1971 2128 2021 2171 ct
2071 2119 2215 2176 hunc
2249 2125 2370 2180 dolo
2409 2128 2462 2181 in
2515 2133 2824 2189 convivium
2885 2138 3224 2198 interfectum
3276 2162 3305 2200 a
3348 2161 3545 2218 genero

1971 2213 2214 2280 sequitur
2240 2215 2378 2273 ﬁlius
2411 2223 2625 2277 nomine
2656 2224 2952 2296 Hyrcanus.
2989 2229 3085 2286 Hic
3112 2237 3365 2304 moriens,
3395 2240 3545 2297 Judze

1969 2301 2133 2368 quiet
2166 2306 2510 2364 Aristobulus
2567 2316 2951 2373 nominabatur
2990 2324 3244 2390 relinquit
3295 2344 3538 2398 regnmn.

1971 2392 2228 2462 Sequitur
2276 2400 2418 2454 hunc
2461 2400 2631 2457 frater
2667 2407 2994 2476 Alexander,
3055 2415 3241 2470 morbo
3319 2392 3537 2489 quidem

1966 2487 2318 2552 exstinctum,
2383 2494 2479 2547 sed
2510 2499 2874 2555 sacerdotium
2917 2519 3038 2558 cum
3090 2522 3254 2576 regno
3291 2512 3540 2567 obtinen-

1969 2586 2095 2642 tem,
2156 2594 2279 2634 nam
2328 2591 2382 2636 et
2434 2584 2680 2641 diadema
2733 2590 2918 2647 habuit
2960 2597 3166 2664 primus
3213 2600 3380 2658 Iudas
3431 2619 3540 2660 uno

1965 2683 2125 2723 anno.
2166 2672 2438 2741 :Regnans
2488 2692 2614 2731 vero
2675 2680 2985 2740 Alexander
3028 2696 3083 2743 et
3167 2693 3535 2758 pontiﬁcatum

1964 2774 2175 2825 gerens,
2209 2777 2380 2818 annos
2406 2765 2476 2818 27
2510 2768 2674 2823 vitam
2711 2773 2848 2840 ﬁnit,
2886 2776 3206 2835 Alexamlrte
3233 2786 3385 2838 uxori
3410 2801 3537 2855 per-

1964 2851 2183 2907 mittens
2259 2859 2592 2914 constituere
2651 2866 3023 2931 pontiﬁcatum
3084 2884 3379 2939 gerentem.
3457 2881 3531 2935 lbi

1963 2941 2050 2996 illa
2107 2948 2478 3013 pontiﬁcatum
2527 2952 2778 3024 Hyrcano
2832 2960 2923 3016 dat
2968 2964 3076 3018 ﬁlio
3124 2976 3250 3022 natu
3303 2971 3527 3041 majori;

1963 3033 2072 3101 ipsa
2105 3051 2326 3104 regnum
2383 3057 2575 3098 novem
2624 3061 2802 3104 annos
2840 3066 2960 3106 cum
3014 3056 3368 3124 gubernasset
3411 3078 3528 3119 mo-

2181 3130 2402 3186 totidem
2450 3137 2606 3190 annis
2649 3141 3008 3199 sacerdotium
3049 3149 3188 3217 gerit
3225 3149 3526 3223 Hyrcanus.

1961 3212 2090 3270 Post
2139 3218 2300 3288 hujus
2358 3236 2590 3281 mortem
2628 3229 2813 3298 junior
2869 3233 3008 3289 ﬁlius
3053 3212 3526 3302 contra-fratrem

1960 3308 2154 3364 bellum
2194 3328 2410 3381 gerens,
2494 3321 2714 3376 nomine
2781 3325 3142 3397 Aristobulus,
3191 3340 3244 3386 et
3272 3336 3527 3394 auferens

1957 3405 2349 3469 potitiﬁcatum,
2409 3417 2516 3462 tam
2566 3409 2687 3476 hoc,
2739 3430 2899 3483 quam
2957 3423 3144 3476 matris
3191 3438 3354 3494 regno
3381 3433 3522 3496 poti-

1959 3501 2062 3545 tur.
2123 3493 2308 3551 Tertio
2371 3512 2516 3553 anno
2575 3501 2809 3571 imperii,
2862 3518 2914 3560 et
2954 3493 3272 3571 mensibusi
3305 3493 3522 3577 totidem

1954 3585 2245 3664 Pompeius
2272 3590 2514 3655 veniens,
2547 3603 2601 3648 et
2632 3598 2816 3651 urbem
2852 3601 2899 3653 vi
2931 3605 3167 3671 capiens,
3204 3611 3378 3677 ipsum
3410 3614 3521 3670 Ro-

1953 3659 2093 3730 mam
2121 3693 2241 3731 cum
2273 3679 2397 3736 ﬁliis
2425 3686 2692 3752 captivum
2722 3692 2884 3744 misit.
2914 3693 3220 3764 Hyrcanum
3245 3717 3371 3758 vero
3398 3720 3525 3773 pon-

1953 3767 2151 3822 tiﬁcem
2184 3769 2480 3842 designans
2513 3779 2694 3847 populi
2737 3782 3024 3852 imperium
3062 3789 3109 3843 ei
3136 3767 3410 3859 permisit,
3427 3801 3522 3854 sed

1949 3881 2205 3924 coronam
2249 3887 2371 3926 eum
2403 3873 2545 3929 ferre
2573 3878 2764 3934 noluit.
2802 3880 3092 3950 Imperavit
3143 3903 3273 3943 vero
3328 3904 3524 3959 praeter

1949 3973 2142 4014 novem
2205 3962 2430 4029 primos,
2486 3968 2645 4022 annis
2711 3981 2945 4039 quatuor
2982 3984 3036 4028 et
3083 3977 3294 4048 viginti.
3357 3982 3494 4039 Basa

1948 4051 2277 4118 pharmanes
2333 4064 2390 4110 et
2425 4055 2660 4114 Pacorus
2711 4063 2954 4131 dynasta:
3004 4069 3350 4139 Parthorum,
3396 4090 3518 4131 cum

1946 4141 2199 4212 Hyrcano
2248 4147 2443 4204 bellum
2498 4162 2766 4222 gerentes,
2815 4172 2939 4211 eum
3000 4162 3175 4216 vivum
3221 4178 3514 4236 ceperunt:

1945 4235 2271 4306 Antigonum
2322 4255 2451 4299 vero
2522 4244 2814 4300 Aristobuli
2866 4247 3032 4304 ﬁlium
3079 4266 3258 4320 regem
3288 4235 3515 4311 consti-

1947 4337 2188 4388 tuerunt.
2229 4333 2364 4388 Tres
2427 4335 2558 4389 vero
2615 4351 2785 4392 annos
2841 4348 2896 4394 ct
2953 4351 3061 4397 tres
3107 4360 3320 4402 menses
3364 4349 3514 4404 illum

1946 4420 2299 4490 imperantem
2363 4422 2550 4480 Sosius
2603 4427 2800 4498 318i:
2862 4440 2916 4484 et
2951 4431 3192 4489 Herodes
3237 4450 3516 4509 expugna-

263 4495 460 4550 εἴκοσι.
504 4495 953 4568 Βαζαφαρμάνης
984 4500 1041 4552 δὲ
1066 4503 1159 4554 καὶ
1181 4503 1448 4576 Πάκορος,
1479 4507 1528 4557 οἱ
1557 4507 1655 4577 τῆς
1684 4509 1834 4579 Παρ-

1961 4522 2084 4564 ἰιηι.
2134 4513 2402 4568 Antonius
2432 4530 2560 4570 vero
2590 4495 2804 4588 captum
2835 4521 3135 4578 Antiochiae
3180 4532 3355 4580 securi
3386 4545 3514 4598 per-

260 4586 464 4658 θυηνῆς
489 4588 771 4653 δυνάσται,
806 4591 1216 4661 πολεμήσαντες
1251 4595 1506 4668 ’Υρκανῷ
1549 4599 1711 4652 αὐτὸν
1738 4603 1837 4670 μὲν

257 4679 470 4749 ζωγρίᾳ
517 4682 562 4714 ¹⁹
621 4681 832 4747 ἔλαϐον,
864 4683 1168 4752 Ἀντίγονον
1202 4686 1258 4739 δέ
1289 4687 1382 4741 τὸν
1422 4690 1835 4760 Ἀριστοϐούλου

254 4770 368 4823 υἱὸν
398 4769 625 4838 βασιλέα
659 4772 1022 4842 κατέστησαν.
1056 4776 1108 4827 Γ¹
1126 4777 1183 4830 δὲ
1215 4777 1309 4846 ἐτη
1340 4780 1435 4832 καὶ
1468 4781 1643 4849 μῆνας
1666 4790 1714 4850 γ’
1736 4784 1834 4852 ἄρ-

253 4863 422 4926 ξαντα
453 4861 641 4916 τοῦτον
668 4864 886 4928 Σόσσιος
920 4867 1016 4919 καὶ
1060 4867 1308 4939 Ἡρώδης
1353 4869 1830 4944 ἐξεπολιόρκησαν,

251 4952 539 5016 Ἀντώνιος
579 4953 636 5006 δὲ
691 4955 993 5026 ἀναχθέντα
1042 4960 1101 5012 ὲν
1153 4961 1456 5033 Ἀντιοχείᾳ
1489 4964 1824 5020 ἐπελέκισεν.

249 5045 362 5116 Τὴν
401 5045 458 5098 δὲ
501 5046 780 5114 βασιλείαν
831 5048 1076 5121 Ἡρώδης
1119 5053 1270 5122 παρὰ
1325 5053 1610 5126 Ῥωμαίων
1656 5060 1830 5128 ἐγχει-

249 5137 456 5208 ρισθεὶς
477 5138 660 5191 οὐκέτι
681 5141 745 5192 ἐκ
779 5141 874 5193 τοῦ
894 5143 1267 5212 Ἀσαμωναὶου
1294 5146 1480 5213 γένους
1505 5149 1826 5221 καθίστησιν

245 5230 546 5298 ἀρχιερεῖς,
583 5229 828 5300 ἀσήμους
853 5231 908 5284 δέ
945 5251 1098 5297 τινας
1135 5236 1231 5289 καὶ
1258 5237 1418 5304 μόνον
1446 5239 1502 5306 ἐξ
1522 5241 1711 5310 ἱερέων
1737 5241 1824 5296 όν·-

244 5336 364 5381 τας,
398 5320 540 5388 πλὴν
573 5320 690 5382 ἐνός
715 5337 729 5350 ·
770 5323 1180 5392 Ἀριστόϐουλος
1231 5327 1273 5379 δ’
1303 5323 1371 5397 ἦν
1421 5325 1596 5394 οὗτος,
1630 5332 1822 5395 υἱωνὸς

241 5410 285 5464 δ’
312 5406 381 5482 ἦν
408 5405 565 5475 οὗτος
596 5415 661 5464 ἐκ
691 5413 958 5485 θυγατρὸς
1003 5416 1271 5487 Ὑρκανοῦ
1320 5419 1414 5473 τοῦ
1454 5422 1560 5476 ὑπὸ
1593 5424 1819 5493 Πάρθων

239 5505 564 5575 ληφθέντος,
587 5499 646 5558 οὗ
677 5508 771 5560 καὶ
797 5511 863 5580 τῇ
887 5509 1087 5581 ἀδελφῇ
1121 5513 1164 5542 ²¹
1219 5513 1448 5584 συνῴκει
1477 5517 1816 5588 Μαριάμμη.

1943 4601 2129 4655 cussit.
2195 4600 2441 4671 Regnum
2501 4614 2680 4660 autem
2732 4608 2968 4664 Herodes
3002 4627 3030 4664 a
3067 4610 3325 4670 Romanis
3383 4621 3513 4672 ade-

1942 4701 2082 4756 ptus,
2140 4706 2245 4746 non
2288 4694 2521 4762 amplius
2571 4711 2602 4751 e.
2641 4711 2838 4764 genere
2880 4701 3199 4758 Asamonaeo
3230 4708 3512 4774 pontiﬁces

1940 4783 2254 4838 constituit:
2296 4786 2557 4843 obscuros
2610 4804 2737 4844 vero
2792 4791 3026 4861 aliquos,
3063 4804 3118 4848 et
3149 4797 3319 4852 solmn
3363 4815 3394 4854 e
3423 4817 3512 4856 sa-

1939 4873 2244 4930 cerdotibus
2299 4877 2576 4943 oriundos,
2626 4891 2820 4948 printer
2871 4899 3032 4936 unum
3113 4888 3504 4955 Aristobulum,

1938 4975 2188 5033 nepotem
2233 4981 2264 5022 e
2318 4968 2428 5024 ﬁlia
2480 4969 2712 5041 Ilyrcaui
2765 4989 2792 5026 a
2847 4975 3064 5031 Parthis
3119 4983 3282 5048 capti,
3347 4984 3504 5053 cujus

1935 5074 2089 5114 soror
2117 5074 2234 5112 cum
2267 5061 2561 5117 Mariamne
2587 5065 2739 5119 vixit.
2776 5067 2926 5123 IIunc
2972 5056 3339 5129 Aristobulum
3387 5092 3506 5131 mc-

1935 5161 2090 5208 tuens
2120 5162 2371 5224 tanqnam
2414 5156 2669 5222 nobilem,
2699 5169 2751 5212 et
2786 5175 2879 5226 per
2925 5178 2983 5217 se
3028 5167 3403 5236 conspicuum,
3436 5186 3506 5224 ne

1932 5242 2159 5310 pepulus
2214 5244 2280 5297 ad
2315 5259 2438 5300 eum
2483 5245 2788 5312 inclinaret,
2838 5249 3154 5308 Jerichunte
3193 5256 3244 5308 in
3295 5258 3504 5324 piscina

1930 5334 2179 5389 suﬁocari
2221 5337 2404 5404 jussit.
2441 5337 2515 5392 De
2542 5339 2884 5394 sacerdOtum
2917 5346 3304 5400 constitutione
3350 5349 3502 5401 simis

1930 5427 1996 5482 lia
2048 5428 2262 5482 molitus
2312 5430 2452 5483 ﬁlius
2481 5431 2596 5499 ejus
2629 5432 2945 5498 Archelaus,
2979 5446 3034 5488 et
3061 5446 3178 5505 post
3212 5438 3358 5492 illum
3391 5439 3502 5493 Ro-

1929 5521 2098 5587 mani,
2149 5523 2240 5590 qui
2305 5522 2590 5591 imperium
2653 5524 2984 5580 invaserunt.
3048 5527 3185 5582 Sunt
3215 5530 3377 5598 igitur
3430 5531 3500 5585 alt

1461 5631 1697 5688 VARIA‘J
1751 5633 2156 5688 LECTIONES.

313 5713 1747 5813 "’SupapéxouE'llgschﬁlifilicem-auIein“vaév:
1799 5798 1824 5813 η
1860 5727 1904 5813 ξς
1937 5727 2269 5813 παραλπερὶ
2299 5729 2362 5784 C.
2462 5733 2504 5762 ¹⁷
2537 5733 2569 5801 ἡ
2605 5731 2645 5786 C
2695 5751 2708 5786 :
2745 5733 2881 5805 αὑτὴ
2909 5752 2968 5798 ς.
3073 5735 3115 5765 ’⁸
3139 5735 3237 5809 τὴν
3268 5737 3390 5794 add.
3422 5737 3491 5796 C.

238 5783 282 5817 ¹⁹
306 5785 421 5849 τοῖς
456 5796 579 5854 post
611 5784 654 5836 θ’
680 5786 805 5840 add.
837 5784 900 5839 C.
973 5789 1018 5818 ²⁰
1053 5789 1295 5860 ζωγρίαν
1327 5810 1384 5856 ς.
1465 5795 1511 5826 ²⁶
1535 5798 1600 5864 τῇ
1631 5795 1829 5868 ἀδελφῇ
1858 5797 1934 5852 C:
1972 5783 2227 5869 η’ἀδέλφὶξ
2267 5783 2322 5864 ς,

598 5875 873 5938 ΡΛτιιοι.
914 5877 1034 5940 Gn.
1080 5882 1233 5944 CIII.
1659 5896 1671 5905 '

2982 5898 3061 5960 38
