3964 6246
338 243 474 307 1201

1372 253 1900 317 BIBLlOTH‘ECA.
1921 280 1994 293 -
2033 257 2196 318 con.
2224 227 2577 320 ccxxxrx.

3474 263 3615 346 1202

336 354 630 426 δεύτερον⁸
658 355 715 410 δὲ
759 359 825 412 ἐκ
857 357 954 411 τοῦ
987 359 1184 430 μηροῦ.
1220 361 1524 434 Εὑρεθῆναι
1569 365 1626 419 δὲ
1653 365 1746 419 τὸν
1775 367 1921 420 διθύ-

2042 384 2095 424 3x
2125 370 2360 436 Semele,
2393 372 2702 441 iterumque
2750 387 2814 426 ex
2866 371 3091 428 femore.
3141 373 3434 445 Repertum
3483 393 3616 437 vero

338 450 552 518 ραμϐον
573 448 836 521 Πίνδαρος
866 452 924 503 ἐν
941 451 1190 522 Κορίνθῳ
1212 451 1362 522 λέγει
1383 471 1397 484 ο
1424 457 1514 509 τὸν
1541 456 1598 510 δέ
1619 457 1927 529 ἀρξάμενον

335 539 437 610 τῆς
495 539 639 611 ᾠδῆς
687 541 1062 612 Ἀριστοτέλης
1112 542 1358 615 Ἀρίονόιιί⁵
1407 565 1572 618 φησιν
1621 545 1818 616 εἶναι’,
1869 550 1929 614 ὃς

340 633 559 703 πρῶτος
590 633 682 689 τὸν
711 633 934 691 κύκλιον
963 635 1140 705 ἤγαγε
1165 639 1344 708 χορόν.

423 818 481 872 Ὀ
513 819 699 888 μέντοι
727 821 891 892 νόμος
919 822 1192 891 γράφεται
1227 824 1328 894 μὲν
1361 827 1442 890 εἰς
1465 828 1791 896 Ἀπόλλωνα,
1813 831 1926 904 ἔχει

337 906 395 959 δὲ
448 908 543 961 καὶ
587 908 690 980 τὴν
727 911 1048 981 ἐπωνυμίαν
1092 915 1187 967 ἀπ’
1216 915 1385 970 αὐτοῦ
1428 917 1731 992 (νόμιμος⁷
1759 923 1870 995 γὰρ
1899 928 1929 979 6

349 997 629 1054 Ἀπόλλων
645 1000 921 1074 ἐπεκλήθη
937 1003 1006 1074 ⁸),
1023 1004 1104 1058 ὅτι
1125 1004 1235 1060 τῶν
1257 1007 1503 1079 ἀρχαίων
1528 1014 1724 1083 χοροὺς
1748 1015 1928 1070 ἱστάν-

339 1101 448 1138 των
477 1087 570 1140 καὶ
597 1087 734 1159 πρὸς
764 1089 927 1144 αὐλὸν
955 1091 989 1162 ἢ
1022 1090 1191 1164 λύραν
1215 1093 1450 1165 ᾀδόντων
1475 1097 1569 1152 τὸν
1591 1100 1756 1171 νόμον
1775 1103 1927 1175 Χρυ-

338 1177 566 1250 σόθεμις
595 1181 788 1252 Κρὴς⁹
818 1181 1056 1252 πρῶτος,
1086 1184 1246 1257 στολῇ
1282 1188 1624 1259 χρησάμενος
1661 1194 1930 1263 ἐκπρεπεῖ

341 1272 436 1322 καὶ
475 1271 706 1343 κιθάραν
732 1273 1018 1328 ἀναλαϐὼν
1051 1277 1134 1339 εἰς
1164 1277 1399 1349 μίμησιν
1431 1280 1526 1335 τοῦ
1573 1284 1926 1354 Ἀπόλλωνος,

343 1362 504 1432 μόνος
529 1360 628 1437 ᾖσε
668 1365 854 1436 νόμον,
877 1366 974 1420 καὶ
1001 1368 1465 1442 εὐδοκιμήσαντος
1481 1374 1524 1405 ¹⁰
1549 1375 1716 1429 αὐτοῦ
1737 1377 1929 1448 διαμέ·

339 1471 422 1507 νει
453 1456 482 1506 6
514 1454 714 1526 τρόπος
743 1457 837 1512 τοῦ
863 1460 1270 1532 ἀγωνίσματος.
1311 1465 1474 1516 Δοκεῖ
1499 1464 1556 1519 δέ
1581 1463 1931 1541 Τέρπανδρος

343 1547 444 1636 μέν
472 1547 692 1616 πρῶτος
721 1551 1002 1608 τελειῶσαι
1029 1554 1122 1609 τὸν
1157 1556 1322 1627 νόμον
1343 1595 1360 1622 ,
1390 1556 1555 1628 ἡρῴῳ
1586 1559 1771 1633 μέτρῳ
1794 1580 1932 1636 χρη-

341 1640 597 1708 σάμενος,
623 1640 815 1696 ἔπειτα
850 1645 1045 1714 Ἀρίων
1063 1649 1092 1701 6
1112 1647 1471 1720 Μηθυμναῖος
1501 1650 1600 1704 οὐκ
1623 1651 1780 1721 ὀλίγα
1807 1671 1931 1709 συν-

2032 461 2200 517 fuisse
2229 461 2472 517 Corinthi
2503 463 2909 534 dithyrambum
2946 463 3220 521 Pindarus
3263 467 3451 524 refert.
3498 468 3616 526 Pri.

2032 567 2177 605 mum
2241 567 2370 607 vero
2419 553 2510 622 qni
2571 553 2676 609 hoc
2729 555 2975 610 carmine
3019 557 3302 623 cecinerit,
3347 557 3618 617 Aristote-

2030 641 2110 696 les
2137 640 2249 714 (9|)
2279 643 2537 699 Arionem
2562 642 2732 700 fuisse
2759 646 2960 714 prodit,
2990 647 3082 717 qui
3143 649 3348 718 primus
3382 651 3615 722 cyclium

2030 731 2254 786 chorum
2286 735 2459 790 duxit.

2103 821 2305 880 Nomos
2334 825 2552 894 quidem
2577 825 2632 880 in
2651 826 2958 897 Apollinem
3008 830 3374 902 conscriptus,
3424 846 3456 886 a
3505 847 3617 903 quo

2032 912 2452 984 appellationem
2483 917 2734 985 sumpsit.
2765 916 3049 976 Nomimus
3086 923 3232 978 enim
3265 923 3477 994 Apollo,
3518 926 3616 994 qui

1978 1047 1984 1052 .
2031 1007 2108 1062 ita
2143 1006 2455 1076 appellatus
2470 1017 2557 1064 est
2579 1012 2725 1080 quod
2743 1011 3020 1068 veteribus
3053 1013 3252 1070 choros
3274 1019 3617 1072 constituen-

2031 1097 2198 1165 tibus,
2245 1107 2302 1154 et
2351 1099 2417 1154 ad
2458 1101 2644 1156 tibiam
2679 1101 2763 1157 vel
2813 1103 2997 1176 lyram
3036 1104 3231 1176 3206
3282 1122 3479 1163 nomon
3522 1124 3616 1162 ca-

2033 1190 2312 1255 nentibus,
2369 1191 2783 1263 Chrysothemis
2862 1196 3145 1254 Cretensis
3211 1199 3418 1267 primus
3478 1201 3617 1255 stola

2033 1295 2168 1335 usus
2193 1281 2414 1351 insigni,
2452 1291 2508 1337 et
2532 1294 2755 1355 accepta
2773 1286 3008 1353 cithara,
3037 1286 3341 1358 Apollinem
3373 1290 3619 1345 imitatus

2032 1371 2178 1428 solus
2205 1374 2466 1429 cecinerit
2498 1391 2722 1442 nomon,
2755 1377 2849 1448 qui
2902 1393 3026 1434 cum
3085 1395 3152 1436 eo
3200 1396 3400 1451 genere
3451 1383 3619 1438 vehe-

2033 1475 2248 1520 menter
2271 1466 2532 1534 probatus
2568 1478 2738 1536 esset,
2774 1472 3187 1540 permansithic
3214 1473 3406 1528 modus
3436 1483 3619 1529 certa-

2033 1557 2219 1612 minis.
2251 1556 2625 1628 Terpandrum
2657 1575 2786 1616 vero
2821 1577 3024 1618 nomon
3042 1562 3343 1618 absolvisse
3372 1575 3618 1634 apparet,

2036 1663 2158 1704 cum
2178 1649 2456 1704 heroicum
2476 1666 2697 1707 carmen
2715 1654 2993 1709 adhibuit:
3019 1665 3141 1725 post
3161 1654 3328 1723 Arion
3347 1655 3620 1728 Methym-

338 1732 597 1803 αυξῆσαι,
617 1735 777 1799 αὐτὸς
800 1735 897 1789 καὶ
922 1738 1150 1810 ποιητὴς
1172 1713 1268 1793 καὶ
1283 1713 1597 1813 *κιθαρῳδὸς
1614 1713 1926 1814 γενόμενος.

2042 1755 2184 1794 naeus
2221 1755 2325 1795 non
2356 1755 2549 1810 parum
2583 1742 2752 1804 auxit.
2788 1753 2945 1811 poeta
2981 1713 3119 1814 ipse,
3151 1755 3208 1800 et
3263 1713 3618 1804 citharoedus.

337 1824 540 1894 Φρῦνις
559 1827 602 1858 ¹¹
632 1827 691 1882 δέ
732 1829 761 1882 6
789 1829 1157 1900 Μιτυληναῖος
1185 1833 1613 1904 ἐκαινοτόμησεν
1639 1835 1803 1889 αὐτόν
1827 1853 1843 1868 ο
1871 1839 1933 1892 τό

338 1937 400 1974 τε
443 1921 554 1991 γὰρ
586 1919 887 1993 ἑξάμετρον
912 1922 990 1993 τῷ
1019 1923 1297 1998 λελυμένῳ
1330 1926 1558 1997 συνῆψε,
1591 1927 1685 1982 καὶ
1715 1929 1933 2001 χορδαῖς

336 2013 449 2065 τῶν
479 2012 525 2078 ζ’
560 2012 803 2068 πλείοσιν
831 2017 1124 2088 ἐχρήσατο.
1161 2017 1426 2090 Τιμόθεος
1477 2019 1536 2074 δὲ
1587 2018 1816 2094 ὕστερον
1851 2027 1932 2090 εἰς

337 2106 440 2176 τὴν
480 2105 577 2159 νῦν
613 2107 776 2162 αὐτὸν
801 2108 844 2139 ι’
882 2109 1059 2179 ῆγαγε
1097 2110 1272 2176 τάξιν.

415 2287 607 2340 Ἔστιν
656 2282 812 2341 οὗν¹³
841 2288 871 2342 ὃ
908 2301 1008 2359 μεν
1054 2287 1390 2361 διθύραμϐος
1433 2294 1792 2365 κεκινημένος
1839 2296 1934 2349 καὶ

340 2377 480 2434 πολὺ
527 2378 590 2432 τδ
634 2379 986 2444 ἐνθουσιῶδες
1040 2381 1177 2452 μετὰ
1232 2383 1454 2454 χορείας
1498 2385 1802 2455 ἐμφαίνων,
1851 2390 1932 2452 εἰς

340 2471 492 2542 πάθη
513 2473 1056 2544 κατασκευαζόμενος
1075 2474 1144 2529 τὰ
1173 2475 1408 2546 μάλιστα
1427 2479 1603 2532 οἰκεῖα
1618 2478 1696 2548 τῷ
1713 2478 1832 2550 Θεῷ
1851 2480 1892 2512 ⁸⁸
1911 2497 1928 2518 ο

340 2563 437 2618 καὶ
471 2564 761 2635 σεσόϐηται
788 2564 889 2636 μέν
915 2565 1010 2619 καὶ
1043 2568 1156 2630 τοῖς
1191 2567 1457 2639 ῥυθμοῖς,
1492 2569 1586 2622 καὶ
1630 2571 1932 2624 ἁπλουστέ-

346 2656 533 2726 ραις¹⁸
567 2657 834 2728 κέχρηται
866 2659 986 2720 ταῖς
1014 2656 1245 2723 λέξεσιν.
1263 2657 1321 2712 '0
1346 2658 1404 2712 δὲ
1437 2660 1600 2730 νόμος
1619 2662 1933 2717 τούναντίον

341 2748 432 2802 διὰ
459 2748 568 2803 τῶν
596 2748 732 2802 θεῶν
763 2750 973 2802 ἀνεῖται
1018 2751 1373 2821 τεταγμένως
1393 2752 1436 2782 ’⁸
1463 2753 1556 2806 καὶ
1595 2753 1935 2826 μεγαλοπρε-

344 2839 487 2904 πῶς,
514 2840 740 2902 καὶτοῖς
773 2840 1002 2912 ῥυθμοῖς
1027 2841 1258 2907 ἀνεῖται,
1292 2843 1390 2896 καὶ
1410 2843 1728 2910 διπλασίαις
1748 2846 1788 2877 ’⁷
1814 2849 1932 2911 ταῖς

342 2929 525 2996 λέξεσι
567 2931 852 3002 κέχρηται.
883 2931 959 2984 Οὐ
999 2933 1104 3004 μὴν
1140 2932 1290 3000 ,ἀλλὰ
1337 2934 1434 2988 καὶ
1481 2939 1602 2998 ταῖς
1643 2937 1935 3008 ἁρμονίαις

342 3023 572 3087 οἰκείαις
601 3023 863 3096 ἑκάτερος
887 3022 930 3055 ⁸⁸
961 3024 1158 3094 χρῆται
1184 3042 1197 3056 ·
1229 3026 1258 3078 6
1293 3025 1393 3095 μὲν
1428 3024 1584 3098 [γὰρ]
1610 3027 1701 3080 τὸν
1723 3030 1764 3060 ¹⁹
1788 3029 1933 3101 Φρύ-
1965 3058 2007 3114 C

342 3133 465 3186 γιον
494 3117 590 3170 καὶ
631 3115 1001 3185 ’Υποφρύγιον
1035 3115 1367 3187 ἁρμόζεται,
1399 3119 1426 3170 6
1449 3117 1614 3187 νόμος
1641 3119 1698 3172 δὲ
1733 3119 1810 3191 τῷ
1841 3138 1935 3173 συ-

344 3211 583 3278 στήματι
616 3207 694 3276 τῷ
725 3207 836 3262 τῶν
882 3207 1201 3278 κιθαρῳδῶν
1243 3209 1640 3280 Λυδίῳ.Ἔοικε
1684 3212 1743 3266 δὲ
1775 3213 1804 3266 6
1835 3213 1935 3282 μὲν

342 3299 684 3371 διθύραμϐος
710 3299 819 3354 ἀπὸ
843 3299 947 3369 τῆς
975 3299 1117 3352 κατὰ
1168 3302 1293 3363 τοὺς
1328 3302 1533 3370 ἀγροὺς
1581 3303 1797 3367 παιδιᾶς
1842 3306 1936 3358 καὶ

341 3392 445 3459 τῆς
473 3391 531 3442 ἐν
558 3391 674 3452 τοῖς
706 3389 893 3452 πότοις
919 3389 1261 3476 εὺςρροσύνης
1293 3391 1604 3463 εὑρεθῆναι,
1637 3396 1664 3447 6
1691 3395 1748 3448 δέ
1773 3396 1935 3465 νόμος

347 3478 493 3533 δοκει
531 3479 629 3550 μὲν
657 3479 765 3533 ἀπὸ
795 3479 888 3533 τοῦ
921 3481 1149 3543 παιᾶνος
1182 3480 1413 3551 ῥυῆναι·
1455 3483 1485 3534 6
1539 3483 1640 3552 μὲν
1685 3484 1794 3553 γάρ
1820 3486 1935 3538 ἐστι

347 3571 674 3642 κοινότερος,
705 3571 781 3634 είς
809 3570 995 3624 κακῶν
1022 3572 1354 3643 παραίτησιν
1385 3574 1794 3645 γεγραμμένος,
1819 3579 1846 3630 6
1878 3577 1935 3630 δέ

305 3661 311 3666 ”
351 3661 498 3726 ίδίως
531 3661 612 3726 είς
634 3661 947 3717 Ἀπόλλωνα
960 3661 1202 3716 ’⁰.”Οθεν
1233 3663 1424 3733 τὸμὲν
1450 3666 1800 3731 ἐνθουσιῶδες
1838 3669 1937 3723 οὐκ

346 3755 482 3826 ἔχει,
517 3755 594 3818 ὡς
645 3757 674 3809 6
719 3755 1086 3826 διθύραμϐος·
1121 3758 1239 3810 ἐκεῖ
1293 3758 1393 3826 μὲν
1440 3758 1548 3828 γὰρ
1592 3758 1809 3829 μέθαι²¹
1841 3762 1936 3814 καὶ

346 3851 580 3915 παιδιαὶ,
611 3848 846 3904 ἐνταῦθα
883 3849 942 3903 δὲ
977 3850 1204 3903 ἱκετεῖαι
1253 3851 1348 3904 καὶ
1395 3850 1566 3922 πολλὴ
1590 3853 1744 3919 τάξις
1772 3870 1784 3883 ·
1841 3856 1936 3908 καὶ

347 3940 458 4010 γὰρ
479 3940 638 4004 αὐτὸς
659 3943 687 3994 6
705 3940 838 4005 Θεὸς
862 3942 920 3994 ἐν
941 3940 1092 4006 τάξει
1119 3942 1214 3996 καὶ
1245 3944 1414 4014 συστή
1424 3946 1610 4012 ματι¹¹
1635 3946 1936 4000 κατεσταλ-

351 4032 486 4104 μένῃ
525 4033 875 4104 περιέρχεται
916 4031 1046 4104 [524
1084 4033 1179 4106 Η.]
1221 4039 1312 4089 τὸν
1351 4039 1648 4106 κρουσμόν.

419 4124 700 4177 Ἀδωνίδια
721 4124 768 4156 ’³
802 4123 858 4178 δέ
885 4124 1103 4193 λέγεται
1130 4124 1198 4179 τὰ
1231 4126 1311 4189 είς
1334 4126 1562 4179 Ἀδωνιν
1598 4128 1938 4198 ἀναφερόμε-

349 4217 641 4290 να.’ῌδετο
668 4217 725 4271 δὲ
756 4219 784 4271 6
803 4217 1080 4287 Ἰόϐακχος
1107 4218 1166 4270 ἐν
1192 4218 1408 4288 ἑορταῖς
1449 4220 1545 4272 καῖ¹
1574 4219 1787 4285 θυσίαις
1816 4223 1937 4274 Διο-

349 4310 535 4374 νύσου,
570 4309 1003 4381 βεϐαπτισμένος
1033 4309 1213 4379 πολλῷ
1247 4311 1589 4382 φρυάγματι.
1609 4313 1938 4384 Ὑπόρχημα

2031 1832 2279 1905 Pbrynes
2304 1848 2432 1888 vero
2461 1832 2802 1904 Mitylenaeus
2819 1849 3012 1889 novam
3045 1837 3308 1890 rationem
3339 1830 3626 1892 comment:

2034 1932 2124 1978 tus
2154 1933 2258 1979 est.
2317 1922 2715 1979 Hexametrum
2749 1940 2986 1994 namque
3021 1942 3143 1980 cum
3176 1927 3353 1981 soluto
3379 1929 3625 1984 carmine

2032 2014 2335 2083 conjunxit,
2371 2016 2617 2085 pluribus
2668 2017 2857 2082 etiam,
2915 2032 3076 2086 quam
3135 2028 3345 2089 septem
3401 2020 3624 2076 chordis

2033 2123 2165 2162 usus
2191 2125 2204 2163 :
2225 2117 2408 2176 postea
2442 2108 2763 2164 Timotheus
2783 2124 2930 2176 eum,
2952 2110 3044 2180 qui
3071 2123 3215 2164 nunc
3247 2118 3350 2176 est,
3372 2111 3623 2166 ordinem

2033 2198 2246 2253 induxit

2105 2291 2200 2346 Esi.
2237 2301 2419 2346 autem
2455 2291 2835 2363 dithyrambus
2885 2293 3172 2359 incitatus,
3205 2302 3260 2348 et
3285 2293 3512 2348 multum
3539 2292 3625 2346 l‘n-

2035 2383 2176 2438 roris
2209 2399 2334 2438 cum
2365 2383 2656 2438 saltatione
2704 2384 3025 2449 ostendens,
3057 2385 3124 2438 ad
3157 2385 3626 2440 vehementiores-

2035 2490 2143 2544 que
2172 2475 2398 2531 aﬂ'ectus
2423 2485 2796 2546 comparatus,
2833 2476 2901 2530 ad
2933 2491 3028 2531 eos
3052 2477 3379 2543 praesertim,
3415 2478 3507 2546 qui
3547 2477 3625 2532 illi

2039 2566 2245 2620 numini
2268 2575 2393 2621 sunt
2422 2577 2784 2635 congruentes
2804 2585 2818 2621 :
2837 2575 2893 2621 et
2912 2568 3223 2622 concitatus
3250 2576 3334 2622 est
3361 2567 3625 2631 numeris,

2036 2666 2090 2712 et
2119 2657 2357 2712 dictione
2391 2659 2563 2712 utitur
2620 2658 2941 2728 simpliciori
2976 2700 2993 2725 ,
3057 2673 3248 2714 nomos
3300 2669 3486 2715 contra
3531 2673 3628 2726 per

2037 2747 2262 2804 allectus
2320 2758 2374 2803 et
2404 2764 2660 2804 numeros
2690 2748 2928 2806 leniores
2962 2750 3278 2816 remittitur,
3327 2751 3630 2820 composito

2038 2842 2230 2912 gradu,
2265 2850 2319 2896 et
2343 2841 2633 2911 magniﬁco
2666 2842 2964 2898 incedens:
2998 2842 3180 2900 verbis
3223 2852 3487 2912 praeterea
3513 2843 3631 2898 du-

2039 2933 2271 3003 plicibus
2297 2932 2490 2987 utitur.
2530 2932 2670 3000 Quin
2712 2942 2769 2988 et
2792 2941 3087 3003 utrumque
3113 2933 3309 3006 [genus
3342 2931 3628 3006 carminis]

2040 3026 2360 3092 congruenti
2392 3025 2564 3078 utitur
2592 3024 2904 3080 harmonia.
2930 3024 3064 3078 Illud
3095 3024 3316 3094 quidem
3338 3024 3629 3095 Phrygiam

2042 3127 2097 3170 et
2126 3115 2570 3188 Hypophrygiam
2604 3118 2827 3172 adhibet
2858 3133 2874 3184 ;
2935 3131 3130 3172 nomos
3173 3132 3304 3171 vero
3333 3125 3632 3186 systemate

2041 3210 2492 3276 citharoedorum,
2526 3208 2698 3282 Lydio
2719 3210 2953 3274 scilicet,
2998 3217 3354 3278 temperatur.
3405 3207 3634 3263 Videtur

2043 3310 2222 3354 autem
2253 3300 2631 3372 dithyrambus
2666 3301 2718 3356 in
2747 3304 3072 3356 rusticorum
3110 3300 3229 3353 lusu
3253 3308 3307 3353 et
3334 3298 3630 3363 hilaritate,

2044 3393 2185 3445 inter
2209 3392 2398 3460 pocula
2427 3403 2676 3460 repertus
2731 3406 2897 3446 esse:
2941 3406 3132 3446 nomos
3185 3406 3311 3446 vero
3359 3406 3388 3444 a
3446 3405 3634 3460 parante

2041 3477 2264 3536 ﬂuxisse
2298 3497 2312 3546 ;
2347 3482 2440 3535 sed
2463 3482 2548 3535 hic
2573 3490 2722 3551 patet
2753 3481 2935 3548 latius,
2964 3482 3187 3551 admala
3213 3483 3627 3535 averruncanda

2043 3574 2409 3642 conscriptus,
2447 3573 2540 3628 ille
2586 3589 2719 3628 vero
2749 3574 2973 3644 proprie
3007 3573 3060 3627 in
3091 3573 3362 3643 Apollinis
3394 3571 3632 3640 laudem,

2044 3666 2186 3720 unde
2218 3676 2273 3721 et
2297 3665 2647 3719 furibundum
2705 3664 2841 3720 nihil
2893 3665 3075 3731 habet,
3129 3675 3187 3718 ut
3238 3663 3632 3732 dithyrambus.

2043 3757 2156 3813 Illic
2190 3759 2332 3813 enim
2361 3757 2674 3812 temulentia
2704 3767 2759 3813 et
2809 3757 3016 3812 ludicra
3055 3755 3284 3826 puerilia
3342 3764 3470 3808 sunt
3501 3755 3631 3818 ;hic

2044 3865 2174 3905 vero
2224 3849 2672 3921 supplicationes,
2739 3848 2927 3904 varius
2996 3849 3160 3902 etiam
3240 3849 3393 3901 ordo.
3436 3844 3639 3900 Ordine

2046 3956 2281 4012 namque
2313 3950 2367 3997 et
2423 3949 2724 4012 systemate
2779 3939 3064 3996 moderato
3091 3939 3294 3994 incedit
3339 3939 3459 4008 ejus
3501 3953 3637 3993 con-

2043 4046 2256 4092 οειιῑυε.

2115 4127 2381 4182 Adonidia
2411 4127 2686 4194 dicuntur,
2714 4141 2836 4196 qua:
2869 4125 2921 4179 in
2967 4123 3201 4180 Adonim
3242 4120 3639 4177 referebantur.

2045 4220 2344 4275 lobacclius
2367 4217 2739 4274 canebatnrin
2772 4217 2932 4273 festis
2985 4225 3040 4271 et
3093 4215 3383 4271 sacriﬁciis
3418 4212 3640 4275 Bacchi,

2048 4314 2248 4366 tinctus
2296 4309 2464 4364 multo
2521 4319 2575 4363 et
2633 4308 2890 4363 insolenti
2960 4307 3204 4362 fremitu.
3261 4305 3641 4376 llyporcliema

347 4401 404 4456 δὲ
419 4402 465 4433 ’⁸
496 4402 560 4454 τὸ
591 4405 709 4472 μετ’
738 4401 1022 4472 ὀρχήσεως
1069 4403 1330 4474 ᾀδόμενον
1365 4403 1526 4473 μέλος
1559 4404 1810 4472 ἐλέγετο·
1844 4409 1933 4460 καὶ

2055 4405 2322 4470 vocabant
2355 4415 2575 4455 carmen
2605 4415 2726 4453 cum
2751 4399 3044 4454 saltatione
3087 4398 3438 4452 decantatutn
3474 4412 3488 4460 ;
3535 4393 3644 4446 ὑπὸ

347 4492 460 4564 γὰρ
485 4493 537 4546 οἱ
565 4493 783 4546 παλαιοὶ
818 4493 915 4562 τὴν
946 4493 1067 4549 ὑπὸ
1095 4493 1217 4546 ἀντὶ
1242 4492 1340 4562 τῆς
1359 4492 1509 4560 μετὰ
1539 4491 1664 4564 [988
1692 4492 1787 4566 R.]
1823 4497 1950 4548 πολ-

2051 4495 2194 4548 enim
2215 4503 2424 4547 veteres
2442 4508 2536 4562 pro
2558 4491 2697 4562 μετὰ
2714 4507 2856 4560 saepe
2876 4491 3076 4560 321a
3098 4499 3450 4558 usurparunt.
3472 4486 3644 4554 Hujus

350 4584 510 4649 λάκις
543 4584 868 4656 ἐλάμϐανον.
908 4584 1150 4656 Εὑρετὰς
1198 4583 1256 4638 δὲ
1298 4584 1503 4638 τούτων
1549 4585 1800 4654 λέγουσιν
1817 4589 1862 4618 ’⁵
1898 4595 1933 4640 ολ

2052 4586 2362 4640 inventores
2394 4583 2562 4638 fuisse
2592 4585 2856 4648 referunt,
2885 4583 2938 4636 hi
2987 4581 3207 4651 quidem
3239 4580 3490 4644 Curetas,
3548 4577 3643 4632 alii

355 4675 456 4746 μὲν
489 4675 798 4747 Κούρητας,
828 4677 876 4729 οί
906 4676 962 4731 δὲ
997 4677 1210 4748 Πύῤῥον
1245 4676 1337 4729 τὸν
1364 4675 1676 4746 Ἀχιλλέως,
1709 4676 1831 4729 ὅθεν
1855 4677 1933 4730 καί

2051 4692 2181 4732 vero
2208 4677 2476 4747 Pyrrhum
2533 4675 2760 4730 Achillis
2798 4675 2964 4728 lilium
2996 4692 3009 4729 :
3045 4676 3186 4729 unde
3213 4673 3520 4728 saltationis
3549 4686 3644 4742 ge-

353 4767 635 4838 Πυῤῥίχην
661 4762 797 4829 εἶδός
831 4784 885 4819 τι
907 4767 952 4799 ’⁸
982 4768 1263 4838 ὀρχήσεως
1291 4767 1562 4835 λέγουσιν.
1583 4767 1641 4820 '0
1676 4767 1732 4819 δὲ
1773 4767 1945 4820 ἐπίνι-

353 4875 448 4922 κος
469 4859 514 4890 ’⁷
547 4858 640 4912 ὑπ’
669 4858 830 4912 αὐτὸν
862 4859 954 4913 τὸν
978 4859 1169 4929 καιρὸν
1199 4859 1296 4930 τῆς
1325 4859 1481 4930 νίκης
1506 4862 1619 4922 τοῖς
1648 4859 1944 4928 προτεροῦ-

2052 4787 2153 4825 nus
2170 4769 2440 4839 quoddam
2472 4767 2810 4839 Pyrrichiam
2829 4766 3176 4840 [Pyrricban,
3194 4767 3280 4822 vel
3305 4757 3631 4837 Pyrriclten]

2058 4861 2363 4916 nominant.
2397 4859 2694 4929 Epinicios,
2725 4869 2920 4914 cantus
2966 4868 3092 4929 post
3145 4861 3430 4915 victoriam
3473 4858 3526 4911 in
3550 4858 3646 4932 lto-

1640 4997 1877 5052 VARUE
1936 4997 2345 5054 LECTIONES.

428 5090 451 5122 ⁸
481 5089 748 5162 δεύτερονΔ
876 5089 965 5162 _Ah
998 5108 1030 5162 _:
1063 5090 1160 5144 καὶ
1282 5089 1504 5162 εύτερον
1558 5108 1620 5155 ς.

1728 5091 1750 5122 ⁸
1779 5090 2015 5158 ’Λρίωνα
2083 5109 2144 5156 ς.

2249 5093 2270 5124 ο
2302 5109 2468 5164 φηςιν
2512 5087 2662 5164 ﬁqu
2719 5089 2802 5164 A;
2834 5090 2981 5158 λέγει
3017 5108 3107 5164 ςς-
3189 5086 3649 5164 ’νόμως-δεδοι-

357 5171 462 5245 tus.
548 5158 571 5190 ⁸
593 5158 917 5245 ἐπεκλήθηλ
951 5160 1180 5245 νόμιμος
1221 5161 1276 5214 δὲ
1333 5158 1686 5245 ἐκλήθηὶΑὴ..
1709 5232 1724 5245 _
1751 5162 1976 5245 "Xpug.
2003 5165 2032 5245 6
2058 5163 2212 5245 KApjhc
2241 5158 2325 5245 gf
2365 5158 2423 5194 ’³ο
2439 5161 2535 5245 καὶ
2550 5160 3126 5245 εύδοκιῇμησαντοςηξιι
3147 5159 3650 5245 εηεύδοκιιμήραγτος

354 5233 411 5285 δὲ
431 5249 493 5296 ς.
592 5233 633 5262 ’⁸
658 5232 852 5302 φρῦνις
877 5232 951 5285 B:
982 5232 1195 5302 Φρύνης
1224 5249 1286 5295 ς.
1359 5232 1405 5263 ’³
1431 5233 1595 5286 αὐτὸν
1621 5232 1830 5288 add.A.

361 5373 405 5445 ’⁸
438 5371 554 5444 τὸν]
577 5372 674 5444 τὴν
709 5371 1044 5445 Sylburgius.
1123 5373 1513 5445 ’[Ἀπόλλωνα
1541 5379 1581 5426 Α

572 5516 617 5544 ’⁸
639 5514 695 5566 δὲ
729 5529 839 5569 om.
863 5517 927 5568 A.

359 5513 416 5578 5,
444 5516 496 5567 ἶ.
572 5516 617 5544 ’⁸
639 5514 695 5566 δὲ
729 5529 839 5569 om.
863 5517 927 5568 A.
981 5513 1050 5547 ’⁸
1074 5513 1322 5583 λέγουσιν
1344 5513 1426 5566 Ah
1451 5532 1462 5567 :
1497 5516 1660 5582 φασὶν
1690 5534 1747 5580 ς’.

1904 5232 1946 5264 η
1975 5229 2068 5268 m’m
2099 5229 2180 5268 A'h'
2200 5251 2213 5263 -

357 5233 411 5285 δὲ
431 5249 493 5296 ς.
592 5233 633 5262 ’⁸
658 5233 852 5302 φρῦνις
877 5233 951 5285 B:
982 5233 1195 5302 Φρύνης
1224 5249 1286 5295 ς.
1359 5233 1405 5263 ’³
1431 5233 1595 5286 αὐτὸν
1621 5233 1830 5288 add.A.
1904 5233 1946 5264 “
1975 5233 2068 5286 οὖν
2093 5233 2176 5287 Ab
2200 5251 2214 5286 :
2245 5233 2301 5286 δὲ
2329 5251 2391 5298 ς.
2473 5233 2517 5264 ³⁸
2541 5233 2618 5302 τῷ
2650 5233 2736 5304 eaq

357 5302 700 5403 efimocAh:
737 5301 1132 5385 ἁπλουστέραις
1157 5303 1214 5392 δέ
1230 5319 1291 5365 ς.
1348 5303 1394 5334 ’⁸
1421 5304 1752 5427 τεταγέένρς
1777 5305 1846 5361 Α.
1926 5304 1966 5335 ’⁷
1999 5303 2300 5406 διπλαισίοις
2329 5305 2434 5359 Ah.
2498 5303 2542 5335 ⁸⁸
2576 5304 2736 5356 ἐκὰτε

449 5371 554 5427 ,ὸνῖ
577 5372 674 5427 τὴν
709 5372 1044 5427 Svlburtztus.
1123 5374 1169 5405 ’⁸
1216 5373 1513 5426 Απόλλωνα
1541 5379 1581 5426 Α
1653 5414 1665 5426 .
1715 5372 1942 5427 Λπόλλω
1965 5391 2040 5427 ς,
2216 5375 2378 5427 μέθαι
2434 5375 2529 5427 καὶ
2583 5374 2734 5426 παιδι

361 5373 405 5402 ’⁸
438 5373 554 5444 τὸν]
577 5373 674 5444 τὴν
709 5373 1044 5445 Sylburgius.
1123 5374 1169 5405 ’⁸
1201 5373 1513 5426 Ἀπόλλωνα
1541 5373 1626 5427 Ah
1652 5392 1665 5426 :
1697 5373 1942 5428 Ἀπόλλω
1965 5391 2042 5439 ς.,
2130 5376 2174 5406 ’⁸
2257 5375 2378 5428 έθαι
2434 5391 2452 5427 ι

359 5444 404 5473 ”
435 5446 676 5524 σχήματι
699 5445 1128 5514 κατεσταλμένῳ
1151 5443 1491 5498 Hermannus
1523 5446 1588 5497 ad
1619 5444 1846 5499 Aristot.
1881 5445 2056 5509 Poet.,
2086 5460 2138 5513 p.
2175 5392 2263 5499 95.
2371 5447 2416 5478 ’³
2439 5444 2451 5464 ³

359 5513 416 5569 5.
453 5531 496 5567 ι.
572 5516 617 5544 ’⁸
639 5514 695 5566 δὲ
729 5529 839 5569 om.
863 5517 927 5568 A.
1004 5516 1050 5547 ’⁸
1074 5515 1322 5569 λέγουσιν
1344 5513 1462 5567 Ah:
1497 5516 1660 5569 φασὶν
1690 5534 1747 5569 (τ.
1826 5515 1871 5547 ’⁸
1906 5512 2043 5569 εἶδός
2072 5533 2123 5568 τι
2147 5517 2263 5569 Ah:
2292 5534 2342 5568 τι
2374 5511 2452 5569 εῖδ

1906 5532 2043 5578 ειοος
2072 5533 2123 5568 τι
2147 5532 2263 5570 3n:
2292 5534 2342 5568 τι
2374 5532 2510 5578 ειοος
2536 5532 2595 5577 ς.

3365 5228 3408 5260 ³⁵
3439 5227 3649 5281 ἁπλου-

2747 5320 2834 5374 ρος
2854 5301 2892 5374 Β
2923 5317 2954 5355 e
2983 5317 3127 5374 corr.
3159 5300 3238 5353 A:
3274 5298 3551 5374 ἐκατέρευς
3587 5317 3648 5361 ς.

3204 5369 3299 5423 καὶ⁹
3363 5367 3552 5422 παιδιὰ
3588 5383 3649 5432 ς.

2371 5447 2416 5478 ’³
2439 5444 2747 5497 Ἀδωνίδεια
2772 5439 3045 5496 Bentleius
3079 5439 3145 5493 ad
3201 5439 3370 5494 Horat
3396 5453 3564 5492 serm.
3601 5453 3640 5504 t,

2711 5516 2753 5546 ’⁷
2784 5513 3026 5575 ἐπίνικος
3048 5511 3130 5565 Ah
3175 5526 3188 5562 :
3228 5508 3491 5570 ἐπινίκιος
3519 5523 3580 5571 ς.

2473 5232 2618 5304 ⁸⁸Ῠτῷ
2650 5229 2758 5304 θεῷ
2787 5229 2909 5304 Alt:
2942 5231 3037 5284 τοῦ
3073 5229 3195 5304 θεοῦ
3215 5246 3277 5293 ς.

2434 5375 2529 5427 καὶ
2583 5370 2794 5426 παιδιαὶ
2828 5373 2910 5424 Alt
2955 5390 2969 5426 :
3005 5370 3143 5442 μέθη

1899 5624 2106 5680 NOTAE

440 5723 554 5793 (9t)
585 5719 804 5791 Agelius
834 5720 932 5777 lib.
969 5736 1024 5786 ι,
1056 5735 1175 5792 cap.
1236 5720 1320 5789 l9,
1366 5720 1628 5780 Orchium
1686 5722 1956 5780 cecinisse
1995 5721 2254 5778 Arionem
2285 5733 2350 5776 ex
2384 5716 2654 5774 llcrodoto
2698 5722 3110 5774 commemorat.
