3990 6232
328 258 468 325 1203
497 309 501 313 Α

1432 257 1662 318 ΡΗΟΤΙ
1671 257 1698 316 Ι
1727 255 2241 318 PATRIARCH/E
2269 259 2380 321 ΟΡ.

3462 241 3604 308 1204

330 388 520 429 norem
549 386 736 428 eorum
765 370 858 442 qui
894 369 1178 426 victoriam
1211 377 1393 424 essent
1431 370 1633 438 adepti,
1665 369 1910 423 conscri-

2028 386 2096 421 τιν
2116 370 2162 401 ’⁸
2201 372 2259 423 ἐν
2293 371 2405 432 τοῖς
2435 365 2644 436 ἀγῶσιν
2670 360 2963 432 ἐγράφετο.
2991 355 3066 411 Τὸ
3104 355 3163 410 δὲ
3194 352 3408 409 σκολιὸν
3442 355 3605 426 μέλος

329 463 582 518 bebatur.
646 461 886 526 Scolion,
955 475 1174 515 carmen
1221 461 1378 529 quasi
1420 459 1724 528 obliquum,
1770 460 1910 514 inter

331 557 523 624 pocula
591 556 991 610 accinebatur:
1068 554 1211 609 unde
1291 552 1601 624 Παροίνιον,
1639 553 1746 607 hoc
1801 563 1907 616 est,

330 645 686 700 dcbacchatio
715 645 1009 710 vinolenta,
1063 643 1353 714 aliquando
1385 654 1468 700 est
1533 644 1858 715 appellatum
1891 659 1906 696 :

331 738 617 794 remissum
647 754 778 795 vero
807 740 1222 810 compositione,
1260 747 1313 794 et
1372 741 1604 810 simplex
1650 740 1909 796 maxime.

333 826 542 881 Dictum
569 843 718 894 vero,
790 829 1024 896 σκολιόν,
1062 845 1169 887 non
1212 841 1271 885 ut
1321 831 1644 900 quibusdam
1708 830 1914 900 placuit

331 932 430 986 per
479 919 827 991 ἀντίφρασιν,
885 937 1007 992 quas
1058 932 1118 976 ut
1165 923 1460 992 plurimum
1517 922 1717 978 bonum
1751 939 1913 978 omen

333 1011 668 1080 prepositum
693 1011 872 1077 habet,
901 1027 1007 1066 non
1041 1022 1231 1067 contra
1267 1015 1465 1068 bonum
1507 1029 1664 1070 omen
1717 1015 1772 1068 in
1835 1015 1913 1070 si-

334 1101 568 1155 nistrum
602 1103 858 1160 traducit.
894 1103 1001 1160 Sed
1058 1106 1200 1175 quod
1233 1107 1629 1176 praeoccupatis
1649 1107 1760 1175 jam
1792 1121 1916 1162 sen-

335 1207 493 1247 suum
525 1194 927 1262 instrumentis,
958 1204 1014 1250 et
1036 1197 1379 1253 auditoribus
1429 1200 1556 1253 vino
1611 1198 1919 1269 languenti-

335 1289 463 1351 bus,
519 1295 646 1340 tunc
737 1287 982 1343 barbiton
1071 1289 1124 1344 in
1197 1291 1506 1345 convivium
1597 1291 1914 1358 inferretur,

337 1375 648 1446 singulique
675 1379 1092 1447 debacchantes,
1116 1396 1221 1437 non
1245 1383 1363 1437 sine
1394 1384 1630 1438 maximo
1651 1384 1914 1453 periculo,

337 1466 406 1520 ad
429 1480 649 1522 carmen
683 1468 810 1522 illud
843 1469 1229 1538 proferendum
1263 1472 1707 1528 incurvarentur.
1763 1473 1916 1541 Quod

336 1559 503 1630 igitur
523 1561 653 1630 ipsis
699 1561 979 1618 accidebat
1048 1574 1268 1634 propter
1321 1565 1666 1633 ebrietatem,
1700 1566 1807 1622 hoc
1864 1568 1917 1622 in

338 1667 560 1708 carmen
576 1657 942 1721 traducentes,
961 1657 1105 1726 quod
1136 1656 1602 1727 simplicissimum
1649 1669 1918 1725 erat,axo—

336 1742 471 1806 λιόν,
501 1744 557 1798 id
613 1756 716 1811 est,
755 1721 1062 1814 incurvum,
1112 1721 1506 1814 ettortuosum,
1559 1721 1916 1820 appellabant.
1951 1721 1993 1776 Β

351 1837 646 1909 Ἐρωτικὰ,
692 1851 789 1894 seu
821 1839 1108 1905 amatoria,
1155 1840 1463 1907 mullerum,
1519 1855 1834 1911 puerorum,
1867 1853 1921 1900 et

338 1930 613 1997 virginum
646 1943 807 1984 casus
837 1932 1133 1986 amatorios
1177 1934 1492 1988 decantant.
1553 1934 1914 2004 Epithalamia

337 2034 471 2074 vero
493 2021 644 2074 novis
671 2021 876 2090 nuptis,
895 2020 1191 2077 thalamum
1212 2023 1327 2093 jam
1363 2025 1648 2094 ingressis,
1685 2025 1917 2096 juvenes

335 2111 497 2166 simul
521 2121 576 2165 et
600 2110 838 2180 virgines
867 2112 1022 2167 thoro
1059 2121 1297 2170 astantes
1344 2115 1681 2172 accinebant.
1725 2117 1922 2186 Hyme-

336 2215 513 2256 naeum
539 2209 722 2254 autem
753 2201 806 2254 in
840 2201 1041 2270 nuptiis
1077 2202 1423 2259 decantatum
1460 2205 1662 2274 ferunt,
1701 2217 1924 2279 propter

335 2291 690 2358 desiderium,
726 2291 1311 2365 investigationemque
1366 2294 1666 2368 Hymenaei,
1701 2297 1922 2370 Terpsi-

203 2401 220 2418 ε
333 2385 518 2442 chorae
548 2386 669 2450 ﬁlii,
700 2400 864 2456 quem
895 2386 1056 2442 ducta
1091 2402 1264 2443 uxore
1300 2389 1590 2445 evanuisse
1607 2390 1784 2446 aiunt.
1812 2392 1918 2446 Alii

335 2491 466 2534 vero
495 2477 550 2533 in
583 2477 848 2534 honorem
901 2479 1070 2534 Attici
1133 2477 1436 2550 Hymenzei,
1464 2496 1624 2549 quem
1677 2481 1920 2538 latrones

337 2578 705 2641 persecutum,
741 2579 926 2641 raptas
955 2571 1198 2642 virgines
1229 2571 1442 2626 Atticas
1475 2573 1750 2630 liberasse
1774 2589 1924 2630 com-

337 2672 665 2719 memorant.
697 2663 810 2733 Ego
867 2677 1001 2718 vero
1051 2663 1226 2720 felicis
1297 2665 1422 2719 vitae
1471 2666 1921 2722 acclamationem

337 2772 460 2812 esse
487 2765 636 2826 puto,
672 2755 1139 2824 praesentibusque
1192 2755 1355 2809 fidam
1385 2758 1720 2813 matrimonii
1751 2759 1926 2814 socie-

339 2853 502 2902 tatem
537 2860 660 2900 cum
689 2854 881 2909 mutuo
914 2859 1102 2900 amore
1135 2848 1494 2914 comprecari.
1537 2847 1748 2903 jEnlica
1805 2851 1922 2905 dia-

341 2937 482 2992 lecto
519 2943 706 2991 votum
768 2936 1112 3002 innectendo,
1161 2938 1315 3005 quasi
1375 2939 1658 3008 ύμοναίειν
1704 2950 1758 2994 et
1792 2944 1924 3013 ὀμο-

2014 463 2173 534 ᾔδετο
2223 462 2376 532 παρὰ
2395 461 2443 493 ⁵⁸
2471 459 2598 520 τοὺς
2648 455 2877 516 πότους·
2911 450 2993 504 διὸ
3023 450 3118 503 καὶ
3149 449 3432 519 παροίνιον
3471 445 3606 501 αὐτὸ

2012 555 2125 609 ἔσθ’
2152 556 2242 608 ὅτε
2271 551 2532 608 καλοῦσιν
2552 563 2566 579 ⁶
2602 543 2890 616 ἀνειμένον
2933 541 2991 594 δέ
3034 542 3152 593 ἐστι
3183 542 3249 610 τῇ
3283 539 3603 609 κατασκευῇ

2013 647 2110 702 κοιλ⁹
2159 645 2532 700 ἁπλούστατον
2586 638 2844 710 μάλιστα.
2878 633 3098 686 Σκολιὸν
3135 631 3194 684 δὲ
3228 630 3474 701 εἴρηται,
3503 629 3606 699 οὐχ

2012 740 2087 802 ὡς
2122 738 2286 801 ἐνίοις
2312 734 2458 801 ἔδοξε
2472 734 2538 800 ³⁸,
2567 731 2710 786 κατά
2742 726 3068 798 ἀντίφρασιν
3097 722 3187 795 (τά
3210 724 3316 794 γὰρ
3343 721 3484 776 κατὰ
3511 721 3611 774 ἀν-

2013 833 2272 903 τίφρασιν
2295 828 2371 891 ὡς
2402 825 2608 880 ἐπίπαν
2632 822 2728 876 τοῦ
2756 816 3108 890 εὐφημισμοῦ
3141 813 3480 885 στοχάζεται,
3505 813 3610 866 οὐκ

2014 927 2096 989 είς
2121 922 2472 993 κακοφημίαν
2515 915 2841 988 μεταϐάλλει
2862 913 2904 946 ³⁸
2940 912 3002 966 τὸ
3029 909 3322 980 εὔφημον),
3353 906 3489 960 ἀλλά
3519 905 3611 959 διὰ

2014 1017 2077 1071 τὸ
2107 1011 2672 1088 προκατειλημμένων
2694 1006 2796 1079 ἥδη
2819 1004 2928 1060 τῶν
2951 1001 3324 1072 αἰσθητηρίων
3349 999 3444 1052 καὶ
3465 1014 3612 1088 παρ⁴

2015 1087 2246 1180 ειμένων
2272 1104 2399 1176 οϊνῳ
2415 1105 2459 1136 ³⁸
2490 1101 2600 1156 τῶν
2621 1095 2908 1170 ἀκροατῶν
2933 1093 3236 1167 τηνικαῦτα
3257 1087 3612 1159 εἰσφέρεσθαι

2014 1179 2081 1255 τὸν
2104 1198 2360 1270 βάρϐιτον
2391 1196 2473 1260 είς
2501 1192 2569 1248 τὰ
2601 1189 2903 1262 συμπόσια,
2929 1187 3024 1242 καὶ
3049 1182 3458 1248 διονυσιάζοντα
3476 1179 3616 1234 ἐκα-

2019 1309 2143 1346 στον
2173 1285 2537 1360 ἀκροσφαλῶς
2579 1280 2984 1353 συγκόπτεσθαι
3027 1278 3159 1349 περὶ
3190 1275 3292 1347 τὴν
3324 1270 3617 1343 προφορὰν

2016 1386 2115 1454 τῆς
2143 1381 2495 1456 ᾠδῆς.⁶’οπερ
2519 1374 2612 1432 οῦν
2639 1377 2877 1446 ἔπασχον
2920 1371 3075 1427 αὐτοὶ
3092 1371 3137 1402 ³⁸
3160 1369 3249 1423 διά
3277 1367 3378 1438 τὴν
3417 1364 3616 1456 μέθην-ν

2017 1453 2176 1533 τοῦτο
2221 1473 2522 1544 τρέψαντες
2572 1471 2654 1534 είς
2699 1469 2762 1522 τὸ
2818 1466 2982 1537 μέλος
3031 1461 3245 1517 σκολιὸν
3297 1457 3524 1513 ἐκάλουν
3551 1453 3619 1506 τὸ

2017 1566 2412 1625 ἁπλούστατον.
2446 1564 2526 1616 Τὰ
2555 1561 2613 1616 δὲ
2649 1558 2892 1632 ἐρωτικὰ
2915 1557 3074 1628 δῆλον
3103 1556 3185 1608 ὅτι
3213 1548 3496 1621 γυναικῶν
3516 1547 3620 1600 καὶ

2021 1659 2230 1714 παίδων
2281 1657 2375 1711 καὶ
2425 1654 2714 1727 παρθένων
2739 1648 3035 1723 ’ἐρωτικὰς
3078 1645 3195 1718 ᾄδει
3236 1640 3616 1713 περιστάσεις.

2021 1753 2132 1808 Καὶ¹
2151 1753 2222 1805 τά
2251 1749 2589 1820 ἐπιθαλάμια
2612 1746 2670 1800 δὲ
2702 1745 2817 1807 τοῖς
2842 1743 2964 1813 ἄρτι
2996 1729 3621 1820 θαλαμευομένοιςᾼᾶμα

2020 1847 2070 1900 οἱ
2119 1844 2292 1917 meo;
2339 1841 2435 1896 καὶ
2487 1817 2543 1895 αἱ
2594 1835 2855 1906 παρθένοι
2903 1831 3000 1885 ἐπὶ
3045 1829 3152 1882 τῶν
3179 1817 3619 1917 θαλάμων

2033 1913 2324 2007 Ὑμέναιον
2351 1933 2408 1987 δὲ
2437 1933 2494 1985 ἐν
2522 1930 2723 2000 γάμοις
2754 1923 2976 2000 ᾄδεσθαί
3022 1938 3154 1991 φασι
3171 1919 3217 1953 ³⁵
3261 1916 3404 1971 κατὰ
3450 1913 3624 1967 πόθον

2023 2030 2118 2084 καὶ
2141 2029 2368 2098 ζήτησιν
2404 2019 2698 2095 ’Υμεναίου
2732 2018 2828 2072 τοῦ
2860 2014 3222 2086 Τερψιχόρας,
3257 2011 3315 2062 ὅν
3511 2007 3622 2074 γὴ-

2025 2097 2203 2192 μαντα
2233 2115 2416 2187 ἀφανῆ
2441 2112 2729 2184 γενάσθαι⁸
2764 2110 2814 2164 ot
2847 2108 2906 2161 δὲ
2934 2105 3078 2160 κατά
3121 2102 3286 2171 τιμὴν
3319 2097 3414 2152 τοῦ
3439 2097 3622 2192 ’Δττι-

2023 2190 2122 2267 κοῦ
2153 2209 2450 2282 ’Υμεναίου
2472 2219 2488 2236 ο
2541 2203 2732 2258 τοῦτον
2761 2202 2871 2272 γάρ
2900 2198 3034 2270 φησί
3065 2213 3197 2250 ποτε
3222 2192 3490 2282 διώξαντα
3512 2190 3626 2282 ἀφ-

2023 2281 2242 2359 ελέσθαι
2285 2301 2489 2372 κούρας
2518 2295 2772 2360 Ἀττικάς
2791 2293 3024 2366 λῃστῶν.
3045 2288 3186 2358 Ἐγὼ
3212 2288 3269 2341 δὲ
3298 2281 3453 2356 οἶμαι
3500 2281 3622 2353 βίου

2021 2395 2146 2450 τινὰ
2161 2395 2206 2428 ³⁵
2252 2390 2515 2462 εὐτυχοῦς
2547 2385 3004 2458 προαναφώνησιν
3035 2381 3328 2451 ὑπάρχειν,
3366 2376 3461 2431 καὶ
3503 2387 3627 2427 συν-

2023 2487 2280 2563 εύχεσθαι
2314 2486 2428 2549 τοῖς
2460 2479 2705 2536 συνιοῦσι
2722 2479 2768 2512 ⁸⁸
2801 2476 2938 2548 πρὸς
2959 2475 3140 2545 γάμου
3166 2469 3454 2563 κοινωνίαν
3480 2464 3625 2563 μετὰ

2030 2555 2435 2651 φιλοστοργίας,
2491 2573 2716 2643 Αίολικῇ
2750 2563 3263 2641 παροιπλέκοντας*τ
3293 2562 3396 2631 τὴν
3451 2555 3625 2651 εὐχὴν

2023 2648 2309 2737 διαλέκτω,
2337 2663 2450 2721 οἷον
2495 2664 2774 2734 ὑμεναίειν
2823 2660 2922 2714 καὶ
2969 2657 3218 2728 ὁμονοεῖν
3263 2651 3486 2714 τούτους
3531 2648 3624 2702 ἀεὶ

2023 2765 2191 2835 ὁμόσε
2215 2761 2464 2822 ναίοντας
2483 2757 2548 2812 ³³.
2566 2757 2624 2810 'O
2646 2756 2702 2809 δέ
2733 2753 2909 2816 σίλλος
2925 2753 2970 2784 ³⁸
2997 2749 3264 2819 λοιδορίας
3288 2746 3381 2798 καὶ
3406 2744 3626 2835 διασυρέ

2029 2833 2164 2928 μους
2193 2851 2575 2923 πεφεισμένως
2591 2849 2636 2882 ⁸ο
2657 2845 2965 2917 ἀνθρώπων
2991 2843 3128 2913 ἕχει.
3158 2838 3416 2908 Διαφέρει
3438 2836 3496 2928 δὲ

2026 2925 2337 3016 ἐπικηδείου
2367 2945 2396 2998 ὁ
2420 2941 2638 3012 θρῆνος,
2661 2939 2745 2993 ὅτι
2774 2937 2834 2991 τὸ
2867 2935 2966 3006 μὲν
2994 2931 3307 3002 ἐπικήδειον
3332 2926 3462 2997 παρ’
3487 2925 3626 2979 αὐτὸ

342 3031 508 3094 νοεῖν,
541 3029 722 3093 idest,
768 3043 875 3083 una
927 3027 1179 3082 habitare
1237 3039 1292 3083 et
1326 3031 1523 3090 ,eadem
1579 3033 1784 3087 sentire
1831 3051 1921 3090 eos

2028 3038 2088 3091 τὸ
2120 3036 2304 3107 κῆδος,
2331 3033 2410 3088 ἐτι
2435 3033 2530 3086 τοῦ
2563 3031 2814 3101 σώματος
2847 3023 3212 3097 προκειμένου
3235 3019 3281 3052 ⁸⁸
3315 3020 3556 3087 λέγεται,
3595 3016 3626 3069 ὸ

343 3120 691 3177 concorditer
711 3120 957 3176 viventes
995 3129 1268 3188 optarent.
1297 3120 1462 3176 Sillus
1485 3136 1646 3192 parce
1669 3127 1914 3182 convicia

2028 3129 2080 3184 δὲ
2118 3129 2317 3200 θρῆνος
2353 3127 2416 3180 οὐ
2455 3125 2861 3197 περιγράφεται
2899 3118 3099 3190 χρόνῳ.

341 3208 735 3278 irrisionesque
756 3208 1038 3264 hominum
1069 3210 1334 3264 continet.
1393 3209 1644 3268 Threnus
1692 3227 1748 3269 et
1816 3218 2119 3287 cpicedium
2179 3220 2283 3274 hoc
2343 3215 2626 3281 differunt,
2684 3212 2826 3283 quod
2870 3210 3092 3280 jacente
3168 3205 3281 3277 jam
3334 3200 3624 3259 cadavere.

342 3303 449 3357 hoc
473 3315 572 3370 pro
595 3299 788 3357 funere
822 3302 1088 3356 recitetur
1121 3321 1136 3357 :
1165 3301 1257 3358 ille
1283 3317 1412 3359 vero
1445 3305 1590 3361 nullo
1608 3317 1760 3363 certo
1788 3319 2031 3382 tempore
2111 3309 2620 3367 circumscribatur.

416 3414 709 3471 Parthenia
760 3431 881 3487 quat
925 3415 1201 3483 dicuntur,
1255 3420 1527 3490 virginum
1563 3423 1746 3481 choris
1798 3427 1934 3481 ada-

344 3509 659 3583 ptabantur,
714 3508 816 3566 sub
876 3524 982 3580 qua
1029 3510 1195 3566 etiam
1240 3512 1705 3586 daphnepborica,
1775 3521 1932 3588 quasi

346 3603 450 3663 sub
501 3619 674 3677 genus
739 3588 964 3663 cadunt.
1026 3603 1235 3660 Lauros
1287 3607 1433 3661 enim
1503 3623 1647 3663 nono
1716 3623 1932 3679 quoque

345 3709 491 3749 anno
548 3695 614 3748 ad
669 3694 936 3764 Apollinis
1000 3710 1159 3751 sacra
1232 3696 1528 3751 inferentes
1590 3701 1927 3770 sacerdotes,

347 3785 567 3863 hymnis
624 3801 746 3842 eum
807 3799 902 3855 per
951 3787 1228 3858 virgineos
1276 3788 1475 3842 choros
1529 3789 1927 3846 celebrabant:

345 3877 502 3946 cuius
553 3879 670 3932 haec
699 3893 862 3933 causa
900 3877 1166 3944 redditur,
1202 3876 1392 3934 IEoles
1414 3880 1611 3954 321b
1665 3892 1933 3955 quotquot

345 3971 552 4034 Arnen,
612 3984 788 4039 eaque
835 3969 1047 4024 circum
1096 3969 1212 4025 loca
1282 3971 1630 4040 habitabant,
1685 3989 1750 4028 ex
1805 3991 1930 4029 ora-

345 4061 471 4117 culo
534 4061 659 4118 inde
716 4061 958 4132 egressi,
1027 4062 1312 4119 obsidione
1373 4065 1658 4135 cingentes
1709 4067 1929 4126 Thebas

347 4151 658 4218 vastabant,
698 4166 834 4222 quas
874 4161 930 4207 et
979 4149 1194 4222 Pelasgi
1256 4152 1578 4210 obsidebant
1618 4172 1634 4212 :
1683 4171 1805 4211 cum
1863 4159 1934 4214 si-

347 4243 458 4301 tnul
491 4245 742 4315 utrisque
771 4243 1010 4316 Apollini
1045 4253 1222 4302 status
1246 4245 1360 4300 dies
1392 4245 1562 4302 festus
1588 4256 1755 4315 esset,
1784 4249 1932 4304 indu-

2115 3429 2197 3482 Τὰ
2233 3427 2291 3483 δὲ
2322 3426 2591 3497 λεγόμενα
2616 3417 2882 3495 παρθένια
2909 3422 2955 3454 ’δ’
2982 3421 3163 3493 χοροῖς
3202 3414 3487 3488 παρθένιον
3536 3415 3628 3466 ὲν-

2040 3517 2335 3590 εγράφετο.
2373 3512 2468 3582 Οἷς
2517 3515 2610 3570 καὶ
2653 3515 2722 3569 τὰ
2772 3510 3154 3585 δαφνηφορικά
3216 3509 3292 3573 ὡς
3337 3509 3416 3570 είς
3465 3505 3628 3574 γένος

2038 3613 2264 3665 πίπτει·
2310 3610 2517 3680 δάφνας
2548 3610 2655 3681 γὰρ
2691 3610 2747 3662 ἐν
2770 3607 3002 3678 Βοιωτίᾳ
3040 3605 3108 3659 δι’
3153 3599 3535 3672 ἐνναετηρίδας
3570 3597 3620 3630 ⁸³

2037 3705 2118 3768 είς
2138 3704 2205 3758 τὰ
2232 3703 2326 3756 τοῦ
2360 3702 2689 3766 ’Λπόλλωνος
2710 3699 3025 3772 κομίζοντες
3044 3695 3143 3752 ot“
3165 3697 3329 3767 ἱερεῖς
3357 3692 3629 3763 ἐξύμνουν

2037 3795 2198 3849 αὑτὸν
2239 3795 2326 3851 διὰ
2360 3793 2523 3868 χοροῦ
2558 3792 2863 3865 παρθένων.
2899 3792 3011 3845 Καὶ
3051 3793 3086 3859 ἡ
3130 3787 3278 3844 αἰτία
3306 3803 3321 3820 ο
3354 3785 3464 3838 τῶν
3502 3784 3631 3837 Aio-

2037 3887 2175 3942 λέων
2193 3888 2240 3920 ⁸⁸
2260 3888 2379 3942 ὅσοι
2401 3884 2684 3957 κατῴκουν
2709 3885 2920 3955 ’Δρνην
2950 3884 3042 3936 καὶ
3070 3883 3139 3936 τὰ
3167 3880 3338 3956 ταύτῃ
3357 3880 3403 3920 ‘6
3419 3878 3627 3951 χωρία,

2038 3979 2181 4036 κατά
2212 3979 2460 4051 χρησμὸν
2505 3978 2839 4040 ἀναστάντες
2875 3975 3084 4030 ἐκεῖθεν
3131 3976 3224 4029 καὶ
3257 3972 3631 4045 προσκαθεζό-

2039 4091 2192 4146 μενοι
2212 4071 2394 4141 Θήϐας
2417 4071 2682 4142 ἐπόρθουν
2707 4070 3182 4142 προκατεχομένας
3205 4069 3249 4108 ιτ
3276 4067 3381 4121 ὑπὸ
3409 4069 3629 4120 Πελασ-

2037 4162 2170 4232 γῶν.
2225 4162 2428 4233 Κοινῆς
2451 4161 2498 4193 ⁸⁸
2521 4162 2726 4233 ἀμφοῖν
2759 4161 2953 4231 ἑορτῆς
2996 4158 3329 4221 Ἀπόλλωνος
3353 4155 3631 4226 ἐνστάσης

2039 4256 2238 4324 ἀνοχάς
2283 4254 2485 4318 ἔθεντο,
2543 4256 2638 4306 καὶ
2674 4253 2880 4322 δάφνας
2910 4251 2955 4283 ⁸³
2987 4249 3268 4320 τεμόντες,
3322 4250 3370 4302 ot
3415 4248 3518 4319 μὲν
3566 4247 3632 4313 ἐξ

347 4337 461 4397 cias
495 4336 640 4405 pacti
663 4345 812 4401 sunt,
848 4344 905 4392 et
940 4336 1107 4392 lauris
1132 4341 1453 4408 amputatis,
1481 4339 1551 4394 ab
1597 4340 1684 4395 bis
1711 4341 1921 4411 quidem

2044 4345 2338 4408 Ἑλικῶνος
2367 4345 2418 4398 οἱ
2442 4345 2499 4398 δὲ
2529 4345 2696 4415 ἐγγὺς
2727 4345 2821 4397 τοῦ
2851 4344 3096 4406 Μέλανος
3122 4339 3392 4413 ποταμοῦ,
3428 4340 3629 4410 ἐκόμι-

346 4432 401 4485 in
441 4429 718 4492 llelicone,
752 4429 951 4484 abillis
1003 4446 1134 4488 vero
1187 4432 1338 4497 iuxta
1392 4433 1656 4491 Melanem
1683 4435 1929 4505 fluvium,

348 4521 579 4592 Apollini
604 4521 925 4577 intulerunt.
955 4522 1265 4579 Polematas
1294 4541 1424 4580 vero
1453 4527 1770 4583 Boeotorum
1799 4530 1929 4594 dux,

341 4611 597 4685 juvenem
628 4613 920 4684 quemdam
940 4615 1236 4670 secundum
1257 4616 1495 4685 quietem
1518 4619 1672 4685 vidit,
1702 4621 1928 4676 solidam

343 4714 678 4762 armaturam
730 4705 834 4774 ipsi
887 4705 1229 4772 otferentem,
1262 4719 1498 4779 votaque
1574 4711 1691 4768 fieri
1739 4715 1931 4783 ρπεεί-

345 4796 583 4876 pientem
618 4798 671 4852 in
700 4798 966 4868 Apollinis
993 4799 1256 4860 honorem
1303 4817 1446 4857 nono
1510 4819 1728 4874 quoque
1783 4821 1928 4862 anno

344 4889 670 4945 alaureatis.
702 4889 893 4945 Tertio
933 4901 1055 4961 post
1094 4894 1183 4948 die
1209 4907 1460 4950 conserta
1507 4897 1923 4964 mann,bostent

345 4983 495 5051 vicit,
533 4983 760 5055 ipseque
783 4984 919 5040 lauri
969 4988 1274 5053 gestatione
1320 4996 1504 5044 votum
1546 4991 1753 5046 solvit:
1791 4993 1917 5046 hinc

2040 4439 2132 4502 ζον
2181 4438 2258 4510 τῷ
2293 4437 2608 4491 ’Λπόλλωνι.
2668 4435 2990 4505 Πολεμάτας
3037 4433 3095 4486 δὲ
3151 4433 3180 4484 ὁ
3222 4433 3331 4486 τῶν
3371 4429 3632 4484 Βοιωτῶν

2039 4531 2424 4601 ἀφηγούμενος
2472 4527 2650 4596 ἔδοξεν
2691 4527 2824 4597 ὄναρ
2871 4526 3091 4580 νεανίαν
3149 4523 3272 4576 τινὰ
3318 4521 3631 4576 πανοπλίαν

2039 4621 2188 4692 αύτῷ
2237 4621 2436 4674 διδόναι
2495 4620 2589 4674 καὶ
2639 4618 2804 4687 εὐχὰς
2853 4615 3126 4670 ποιεῖσθαι
3184 4612 3267 4685 τῷ
3327 4614 3630 4669 Ἀπόλλωνι

2036 4711 2517 4785 δαφνηφοροῦντας
2557 4710 2648 4764 διὰ
2694 4709 2824 4782 [525
2855 4708 2949 4780 Η.]
2977 4708 3354 4780 ἐνναετηρίδος
3380 4708 3427 4739 ⁵ο
3453 4724 3630 4779 προσ-

2035 4809 2251 4860 τάττειν
2303 4805 2370 4859 ³¹.
2430 4805 2586 4860 Μετά
2666 4803 2724 4857 δὲ
2780 4803 2972 4874 τρίτην
3022 4801 3236 4874 ἡμέραν
3296 4801 3627 4870 ἐπιθέμενος

2034 4901 2228 4968 κρατεῖ
2250 4897 2361 4952 τῶν
2411 4897 2724 4968 πολεμίων·
2784 4899 2878 4950 καὶ
2919 4897 3079 4959 αὐτός
3110 4911 3169 4949 τε
3209 4895 3308 4965 τὴν
3337 4895 3626 4964 δαφνηφο-

2031 4990 2150 5061 ρίαν
2196 4989 2391 5051 ἐτέλει,
2424 4989 2520 5041 καὶ
2553 4988 2612 5042 τὸ
2650 4988 2771 5054 ἔθος
2827 4989 3038 5042 ἐκεῖθεν
3079 4986 3437 5056 διατηρείται.
3471 4987 3536 5038 Ἠ
3565 4984 3627 5037 δὲ

1608 5153 1844 5211 VABIIE
1901 5152 2301 5210 LECTIONES.

411 5276 458 5309 ’⁸
493 5274 854 5347 προτεροῦσιν
883 5274 998 5330 Alt:
1031 5275 1404 5347 πρωτεύουσιν
1437 5294 1498 5340 ς.
1569 5277 1614 5309 ²⁹
1642 5277 1796 5348 παρὰ
1815 5276 1928 5333 Ah:
1960 5295 2028 5330 πε
2065 5279 2089 5329 ἱ
2121 5295 2182 5342 ς.
2263 5277 2308 5310 ³ο
2343 5273 2490 5340 ἔδοξε
2524 5273 2605 5328 Ah
2641 5291 2654 5327 :
2687 5273 2850 5345 ἤρεσε
2897 5291 2956 5339 ς.
3059 5271 3100 5305 ³¹
3210 5269 3466 5327 ταϐάλλει
3495 5269 3574 5323 Ah
3604 5286 3621 5324 :

411 5346 758 5396 ιταλαιιϐἀνει
787 5361 847 5396 ς.
926 5346 970 5377 ³²
992 5344 1142 5396 οῐνω]
1173 5346 1272 5396 ἥδη
1308 5345 1370 5396 Α.
1490 5345 1537 5378 ³³
1563 5348 1719 5396 αὐτοὶ
1773 5358 1896 5396 nnst
1960 5295 2129 5396 uégnv
2183 5348 2332 5396 nonil
2357 5349 2421 5396 A.
2545 5345 2588 5376 ”
2617 5361 2753 5396 φησι
2803 5346 2869 5396 Α.
2976 5343 3022 5374 ⁸⁸
3049 5288 3293 5396 τινςεΑΙι
3333 5357 3346 5393 :
3377 5341 3523 5396 τινὸς
3551 5357 3618 5396 ς.

341 5344 768 5450 ιοίεταλὰμζϐοἱνξι1
787 5361 847 5407 ς.
926 5346 970 5377 ³⁸
992 5344 1142 5427 οἴνῳ]
1173 5345 1370 5448 ήδηέλ.

433 5416 677 5469 συνιοῦσι
705 5416 785 5469 Ah
818 5432 832 5467 :
867 5416 1084 5469 συνοῦσι
1119 5433 1178 5480 ς.

1282 5416 1325 5448 ³⁷
1356 5417 1790 5486 παραπλέκοντα
1819 5435 1881 5482 ς’.

343 5485 558 5571 σμένως
585 5496 710 5568 ante
743 5485 1184 5571 locoopiagnponﬁ
1211 5503 1274 5571 4;.

1490 5345 1537 5378 ³³
1563 5345 1735 5418 abso!
1773 5358 1896 5415 post
1958 5345 2129 5418 μέθην
2183 5348 2421 5418 ponitA.

1981 5418 2027 5449 ³⁸
2054 5413 2302 5482 ναίοντας
2347 5417 2431 5470 Ah
2475 5435 2486 5469 :
2521 5413 2778 5485 μένοντας
2807 5433 2872 5485 ς.

1350 5485 1392 5516 ¹⁵¹
1421 5485 1790 5558 προκειμένου
1811 5488 1894 5542 Ah
1915 5505 1926 5541 :
1948 5488 2200 5558 κειμένου
2227 5505 2288 5552 ς.

3210 5341 3293 5394 Ah
3333 5357 3346 5393 :
3377 5341 3523 5404 τινὸς
3551 5357 3618 5406 ς.

2545 5345 2588 5376 ³⁵
2617 5361 2753 5415 φησι
2803 5346 2869 5398 Α.
2976 5345 3022 5374 ³⁸
3049 5345 3172 5396 τινὰ
3210 5345 3293 5394 Ah
3333 5357 3346 5393 :
3377 5345 3523 5404 τινὸς
3551 5357 3618 5406 ς.

2545 5413 2778 5478 ιένοντας
2811 5433 2872 5479 ς.
2951 5413 2993 5446 ⁸⁹
3026 5413 3172 5476 σῖλος
3211 5411 3275 5466 Α.
3353 5412 3399 5443 ⁸⁸
3425 5428 3627 5479 πεφει-

2384 5490 2430 5558 ἑι
2451 5483 2746 5558 παρθενεῖα
2790 5483 3144 5558 (ἓιιίείοιν-άυετ

3259 5482 3305 5514 ⁸³
3333 5483 3624 5524 bum-tamne-

344 5485 558 5552 σμένως
585 5496 710 5568 ante
743 5485 1010 5571 λοιδορίας
1035 5487 1184 5555 ponit
1211 5503 1274 5549 ς’.
1350 5485 1392 5516 ¹⁵¹
1421 5483 1790 5557 προκειμένου
1811 5488 1894 5542 Ah
1915 5505 1926 5541 :
1948 5488 2200 5558 κειμένου
2227 5505 2288 5552 ς.
2384 5490 2430 5522 ⁵³
2451 5483 2746 5558 παρθενεῖα
2790 5483 3144 5540 Gaisfor—dus.
3259 5483 3305 5514 "
3333 5483 3619 5622 ἐννεαειῖἓ-

344 5553 496 5629 ρίδος
516 5554 582 5629 A,
602 5557 972 5629 εννεατηρίοος
1137 5554 1184 5587 ’⁵⁸
1209 5556 1257 5608 oi
1285 5569 1394 5629 or_n_.
1428 5557 1494 5610 A.
1546 5557 1615 5629 _""
1647 5557 1886 5612 Αἰολέων
1905 5558 1985 5612 Alt
2013 5577 2026 5614 :
2063 5558 2213 5629 ἑῴων
2239 5576 2313 5629 ςκί
2376 5556 2604 5629 “vatim
2627 5555 2745 5626 Ah:
2779 5555 2983 5629 ταύτης
3010 5571 3073 5629 ς,
3111 5553 3176 5629 ,⁸⁷
3202 5569 3510 5629 προκατεχο
3561 5577 3619 5629 _~

341 5620 442 5694 νας
471 5620 552 5675 Alt
578 5640 592 5675 :
625 5620 1140 5694 προσκαθεζομένας
1173 5642 1232 5689 ς.

348 5693 393 5732 ⁵⁸
424 5693 780 5766 προστάττειν
805 5705 922 5768 post
948 5693 1216 5752 ποιεῖσθαι
1241 5697 1391 5768 ponit
1413 5715 1473 5764 ς.

1336 5625 1382 5702 ⁸-⁸
1415 5626 1610 5694 κοινῶς
1645 5646 1706 5694 ς’.
1781 5630 1824 5663 δ’
1853 5629 2057 5700 δάφνας
2089 5623 2134 5684 Ᾱ
2161 5647 2174 5682 :
2200 5628 2414 5694 δαείνας
2457 5645 2519 5695 ς,
2547 5623 2834 5702 τέμνοντες
2866 5623 2968 5681 Ah.
3030 5625 3077 5661 ⁵ο
3107 5623 3509 5698 ἐννεαετηρίδος
3546 5623 3619 5678 Δ.
