3990 6232
344 225 482 316 nos

1362 227 1891 295 BIBLIOTHECA.
1924 247 1999 264 -
2035 223 2199 285 COD.
2230 222 2589 284 CCXXXIX.

3464 219 3602 283 1206

338 365 681 440 δαφνηφορία
704 379 720 395 ·
778 334 934 428 ξύλον
1002 357 1185 420 ἐλαίας
1239 350 1640 420 καταστέφουσι
1688 348 1913 415 δάφναις

2042 354 2134 395 nos
2171 338 2261 394 ille
2319 338 2570 408 religiose
2622 334 2961 391 observatus.
3010 333 3136 389 Haec
3187 332 3601 405 Daphnephoria

338 438 436 517 xui.
493 457 759 520 ποικίλοις
797 453 1006 518 ἄνθεσι,
1076 448 1173 503 καὶ
1229 449 1315 500 ἐπ’
1355 446 1525 515 ἄκρου
1587 443 1685 513 μὲν
1740 438 1919 510 χαλκῆ

341 550 719 625 ἐφαρμόζεται
784 547 1011 616 σφαῖρα,
1074 542 1140 596 ἐκ
1207 540 1267 593 δὲ
1318 537 1520 607 ταύτης
1594 531 1920 605 μικροτέρας

345 622 652 715 ἐξαρτῶσιν
695 638 825 712 [989
880 634 975 707 R.]
1025 632 1168 689 κατὰ
1217 632 1273 685 δὲ
1314 629 1376 683 τὸ
1409 630 1573 698 μέσον
1611 624 1709 679 τοῦ
1758 622 1918 690 ξύλου

345 713 665 806 περιθέντες
700 729 966 784 ἐλάσσονα
989 725 1090 795 τῆς
1118 722 1203 776 ἐπ’
1230 722 1385 793 ἀκρῳ
1409 720 1455 751 ⁵¹
1507 716 1742 787 σφαίρας
1785 713 1922 766 καθ-

345 802 578 883 άπτουσι
624 820 885 892 πορφυρᾶ
943 816 1265 887 στέμματα·
1310 810 1380 865 τά
1417 808 1474 863 δὲ
1518 807 1803 861 τελευταῖα
1827 802 1921 857 τοῦ

347 915 507 983 ξύλου
556 909 969 983 περιστέλλουσι
1015 903 1300 977 κροκωτῷ.
1333 900 1595 955 Βούλεται
1640 896 1686 950 δ’
1737 896 1923 959 αὐτοῖς

347 1010 383 1079 ἡ
419 1008 519 1079 μὲν
554 1004 817 1059 ἀνωτάτω
841 1003 1043 1072 σφαῖρα
1074 998 1166 1051 τὸν
1190 996 1364 1068 ἥλιον,
1396 987 1440 1063 ᾧ
1469 993 1564 1047 καὶ
1591 990 1683 1045 τὸν
1723 988 1943 1043 Ἀπόλι

347 1077 495 1153 λωνα
527 1095 914 1165 ἀναφέρουσιν,
949 1092 983 1161 ἡ
1012 1089 1066 1142 δὲ
1088 1085 1421 1158 ὑποκειμένη
1457 1084 1555 1155 τὴν
1579 1082 1830 1151 σελήνην,
1856 1077 1926 1132 τά

347 1190 407 1245 δὲ
428 1186 856 1260 προσηρτημένα
870 1183 978 1237 τῶν
992 1180 1260 1253 σφαιρίων
1280 1179 1458 1248 ἄστρα
1479 1194 1540 1230 τε
1562 1175 1654 1229 καὶ
1666 1172 1921 1243 ἀστέρας,

348 1284 423 1338 τὰ
448 1284 504 1337 δέ
532 1299 597 1350 γε
630 1279 921 1349 στέμματα
960 1275 1052 1329 τὸν
1089 1271 1359 1327 ἐνιαύσιον
1406 1268 1604 1340 δρόμον
1628 1284 1644 1300 ο
1690 1266 1785 1321 καὶ
1814 1264 1924 1335 γὰρ

352 1375 448 1428 καὶ
479 1373 584 1439 τξε¹
614 1367 860 1424 ποιοῦσιν
896 1364 1057 1421 αὐτὰ.
1100 1365 1294 1434 Ἀρχει
1325 1358 1382 1414 δὲ
1412 1361 1509 1430 τῆς
1553 1357 1923 1427 δαφνηφορίας

353 1465 487 1527 παῖς
524 1457 861 1530 ἀμφιθαλὴς,
888 1455 984 1510 καὶ
1007 1455 1036 1507 ό
1071 1451 1307 1524 μάλιστα
1327 1447 1475 1518 αύτῷ
1496 1449 1694 1509 οἰκεῖος
1719 1443 1924 1515 βαστά-

353 1556 440 1620 ζει
473 1553 534 1608 τὸ
571 1549 1008 1621 κατεστεμμένον
1061 1545 1236 1611 ξύλον,
1266 1544 1295 1598 ὅ
1346 1541 1518 1597 κωπὼ
1546 1541 1595 1574 ⁸³
1625 1539 1880 1595 καλοῦσιν
1907 1557 1920 1571 ο

353 1645 519 1709 αὐτὸς
536 1645 594 1699 δὲ
617 1640 998 1712 όδαφνηφόρος
1024 1637 1289 1708 ἑπόμενος
1312 1634 1413 1705 τῆς
1456 1634 1662 1703 δάφνης
1690 1633 1925 1701 ἐφάπτε-

351 1753 467 1802 ται,
494 1734 592 1797 τὰς
621 1734 720 1803 μὲν
751 1731 926 1802 κόμας
947 1728 1270 1798 καθειμένος
1296 1722 1615 1796 ⁸⁵,χρυσοῦν
1640 1722 1697 1776 δὲ
1729 1723 1932 1791 στέφα-

352 1846 446 1882 νον
472 1828 672 1898 φέρων,
718 1825 813 1877 καὶ
851 1820 1114 1893 λαμπρὰν
1143 1819 1349 1890 ἐσθῆτα
1379 1816 1593 1888 ποδήρη
1613 1816 1930 1885 ἐστολισμέ-

353 1934 466 1983 νος,
494 1914 837 1986 ίφικρατίδας
862 1912 909 1945 ⁵⁵
936 1928 996 1965 τε
1024 1908 1415 1979 ὑποδεδεμένος
1435 1923 1450 1937 °
1494 1902 1539 1975 ᾧ
1580 1907 1738 1977 χορὸς
1785 1922 1932 1976 παρ-

356 2008 531 2064 θένων
567 2003 948 2067 ἐπακολουθεῖ,
983 2001 1285 2071 προτείνων
1318 1999 1533 2062 κλῶνας
1570 1998 1707 2070 πρὸς
1748 1998 1932 2067 ἱκετη-

355 2099 482 2173 ρίαν
508 2096 617 2150 τῶν
644 2097 689 2130 ⁸⁸
729 2094 934 2168 ὕμνων.
965 2093 1337 2164 Παρέπεμπον
1356 2090 1411 2144 δὲ
1429 2090 1527 2161 τὴν
1563 2089 1934 2173 δαφινηφορίαν

355 2164 439 2256 είς
476 2164 812 2252 ’Λπόλλωνος
841 2184 1111 2259 Ἰσμηνίου
1128 2186 1173 2218 ⁸⁷
1202 2184 1299 2239 καὶ
1319 2182 1572 2255 χαλαζίου
1584 2164 1676 2234 ⁸³.’

430 2371 505 2423 Τὸ
532 2370 590 2424 δέ
619 2365 1076 2439 τριποδηφορικὸν
1104 2365 1151 2397 ⁸³
1188 2363 1349 2433 μέλος
1379 2362 1633 2434 τρίποδος
1665 2379 1937 2433 προηγου-

362 2462 527 2533 μένου
555 2460 707 2531 παρά
734 2461 848 2522 τοῖς
876 2459 1132 2521 Βοιωτοῖς
1171 2455 1349 2527 ᾔδετο.
1382 2455 1550 2524 Ἔσχε
1579 2454 1636 2508 δὲ
1659 2455 1755 2508 καὶ
1778 2454 1938 2508 τοῦτο

358 2555 541 2611 αἰτίαν
567 2552 825 2619 τοιαύτην
856 2565 870 2581 ⁸
912 2548 1209 2617 Πελασγῶν
1250 2564 1393 2609 τινες
1440 2546 1719 2601 Πάνακτον
1752 2546 1797 2579 ⁸⁸
1840 2548 1939 2618 τῆς

361 2646 623 2709 Βοιωτίας
650 2643 936 2714 ἐπόρθουν,
953 2640 1180 2712 Θηϐαῖοι
1208 2639 1486 2710 δὲῆμυνον
1514 2637 1611 2691 καὶ
1626 2638 1940 2709 πέμψαντες

362 2741 445 2803 είς
474 2737 734 2807 Δωδώνην
771 2735 900 2804 περὶ
929 2734 1027 2803 τῆς
1062 2731 1157 2784 τοῦ
1202 2730 1439 2801 πολέμου
1474 2729 1633 2800 νίκης
1678 2728 1936 2799 ἐχρῶντο.

361 2830 629 2902 Χρησμδς
655 2827 711 2881 δέ
737 2828 849 2889 τοῖς
882 2823 1139 2891 Θηϐαίοις
1183 2818 1442 2886 ἐξέπεσεν
1471 2821 1567 2885 ὡς,
1596 2822 1645 2873 εί
1684 2820 1940 2890 μέγιστον

362 2922 621 2991 ἀσέϐημα
643 2917 993 2986 άσεϐήσουσι,
1023 2914 1357 2982 νικήσουσιν.
1391 2911 1612 2976 Ἐδοξεν
1639 2906 1732 2965 οὖν
1759 2911 1941 2975 αὐτοῖς

2020 434 2357 503 oleagineum
2406 432 2608 501 lignum
2652 429 2822 483 lauris
2866 436 3147 493 coronant,
3198 427 3469 496 variisque
3507 429 3605 481 ilo-

2021 527 2171 581 ribns
2219 532 2510 587 exornant,
2541 520 2693 589 cujus
2730 520 2782 574 in
2826 519 2978 589 apice
3041 532 3187 573 aenea
3239 518 3448 585 sphaera
3502 518 3606 572 im-

2021 616 2195 687 posita
2226 630 2242 680 ;
2269 629 2334 670 ex
2359 613 2461 668 hac
2485 612 2720 666 minores
2742 610 3075 680 dependent:
3103 607 3283 663 medio
3306 623 3435 662 vero
3464 607 3608 679 ligno

2024 719 2306 778 purpureas
2334 717 2553 759 coronae
2618 702 2964 769 adaptantur,
3010 701 3249 754 minores
3279 713 3439 768 quam
3480 713 3601 768 qua:

2023 812 2237 855 summo
2268 796 2489 864 fastigio
2520 793 2809 862 impositae.
2846 790 3014 845 Imam
3050 804 3181 845 vero
3221 789 3349 860 ligni
3391 799 3603 858 partem

2024 887 2473 943 circumvestiunt
2523 883 2825 940 crocotula.
2896 882 3180 952 Signiﬁcat
3234 889 3412 934 autem
3481 879 3613 946 ipsis

2025 995 2276 1050 suprema
2333 978 2550 1047 quidem
2591 976 2824 1045 sphaera,
2875 974 3085 1038 solem,
3138 986 3245 1041 quo
3304 968 3607 1038 Apollinem

2028 1072 2311 1141 designant
2344 1086 2359 1124 :
2392 1068 2519 1123 huic
2568 1081 2698 1122 vero
2757 1064 3025 1134 subjecta,
3082 1062 3269 1115 lunam
3319 1058 3609 1129 signiﬁcat.

2025 1161 2240 1220 Globuli
2268 1175 2398 1216 vero
2431 1157 2679 1230 appensi,
2715 1156 2886 1211 stellae
2913 1165 2969 1209 et
3016 1163 3160 1210 astra
3189 1159 3317 1207 stlnt
3346 1169 3363 1218 ;
3393 1165 3610 1206 coronae

2026 1270 2288 1309 annuum.
2326 1265 2543 1307 cursum
2602 1248 2957 1319 signiﬁcant:
3013 1253 3287 1300 trecentas
3349 1242 3496 1297 enim
3557 1250 3612 1295 et

2025 1346 2307 1417 sexaginta
2368 1344 2607 1414 quinque
2669 1339 2988 1396 coniiciunt.
3032 1336 3233 1391 Praaest
3284 1342 3464 1388 autem
3513 1333 3612 1387 da-

2026 1434 2380 1509 phnephoriis
2418 1447 2554 1504 puer
2582 1431 2879 1502 patrimus,
2920 1437 2975 1482 et
3018 1425 3326 1488 matrimus,
3357 1422 3440 1476 cui
3500 1435 3615 1475 ma-

2026 1534 2171 1587 xime
2216 1530 2562 1597 coniunctus,
2619 1530 2797 1593 gestat
2831 1525 3155 1575 coronatum
3204 1514 3434 1586 lignum,
3463 1510 3611 1583 quod

2030 1618 2203 1677 κωπὼ
2241 1616 2344 1687 ipsi
2406 1619 2623 1669 vocant.
2672 1606 3098 1678 Daphnephorus
3159 1616 3290 1658 vero
3344 1598 3613 1668 sequitur,

2040 1726 2268 1783 tangens
2306 1708 2559 1763 laurum:
2592 1701 2763 1757 comis
2785 1699 3004 1770 quidem
3036 1694 3286 1751 demissis
3335 1700 3390 1748 et
3431 1688 3616 1754 ﬂuxis,

2038 1815 2311 1872 aureaque
2369 1812 2566 1854 corona
2639 1791 2947 1854 redimitus,
2997 1784 3386 1857 splendidaque
3438 1791 3613 1849 veste,

2038 1906 2094 1954 et
2112 1894 2269 1951 talari
2300 1892 2545 1954 indutus,
2576 1885 2908 1952 calceisque,
2935 1878 3155 1950 quosab
3175 1875 3441 1946 lphricate
3485 1874 3618 1941 Ἰφιο

2040 1986 2299 2060 κρατίδας
2339 1980 2515 2039 Graeci
2540 1985 2736 2033 vocant
2780 1975 2826 2028 ⁸.
2881 1970 3039 2026 Hunc
3094 1968 3363 2037 virginum
3413 1965 3616 2020 chorus

2042 2055 2355 2138 comitatur,
2392 2085 2573 2125 ramos
2613 2068 2679 2122 ad
2725 2062 3203 2134 supplicationem,
3236 2072 3355 2127 quae
3396 2055 3617 2127 hymnis

2042 2166 2443 2229 celebrabatur,
2504 2156 2863 2229 praetendens.
2911 2149 3197 2204 Mittebant
3245 2153 3424 2199 autem
3478 2144 3617 2198 lauri

2041 2259 2400 2333 gestationem
2432 2253 2496 2307 ad
2515 2248 2778 2319 Apollinis
2808 2242 3026 2301 lsmenii
3084 2250 3139 2295 et
3173 2238 3382 2295 Galaxii
3406 2236 3615 2293 fanum.

2113 2345 2572 2425 Τριποδιφορικδν
2606 2355 2854 2404 carmen,
2891 2336 3099 2406 tripode
3129 2332 3356 2404 prmlato
3390 2347 3418 2384 a
3452 2330 3617 2383 Baso-

2044 2448 2114 2503 tis
2144 2421 2463 2505 canebatur,
2504 2435 2925 2499 institutumque
2955 2429 3056 2482 hac
3090 2426 3157 2479 de
3187 2439 3372 2479 causa.
3402 2421 3618 2490 Pelasgi

2044 2538 2263 2610 quidam
2306 2532 2624 2591 Panactum,
2660 2522 2880 2577 Bmotiae
2908 2519 3097 2572 urbem
3136 2512 3444 2579 vastabant,
3473 2510 3615 2565 Thc-

2046 2603 2172 2687 baui
2203 2639 2331 2681 vero
2368 2619 2745 2682 defensabant,
2793 2610 3087 2678 missisque
3132 2607 3185 2661 in
3228 2606 3506 2659 Dodonam
3539 2603 3620 2657 le—

2046 2722 2205 2793 gatis,
2240 2719 2307 2773 de
2336 2712 2462 2771 belli
2500 2708 2725 2765 victoria
2755 2702 3140 2761 consulebant.
3176 2696 3469 2753 Oraculum
3493 2710 3623 2750 vero

2049 2787 2326 2870 Thebanis
2359 2814 2683 2874 responsum
2714 2798 2884 2862 dedit,
2910 2793 2953 2849 si
2986 2791 3187 2862 322a
3238 2787 3623 2857 impiissimum

2048 2905 2255 2962 crimen
2306 2897 2674 2956 admitterent,
2729 2887 2846 2943 fore
2895 2894 2954 2939 ut
3003 2882 3237 2937 victoria
3290 2878 3622 2950 potirentur.

360 2970 727 3081 ἀσεϐημάτων
766 2970 906 3059 εῖναι
942 2970 1197 3074 μέγιστον
1243 3001 1305 3055 τὸ
1339 3001 1436 3073 τὴν
1467 2970 1936 3071 χρησμῳδῆσασαν

2055 2997 2241 3051 Visum
2270 2991 2436 3061 igitur
2467 2985 2623 3056 ipsis,
2656 2979 2950 3050 impiorum
2992 2974 3294 3029 facinorum
3326 2970 3622 3024 maximum

2791 3071 2804 3086 ·
2826 3070 2857 3086 ν
2884 3069 3029 3086 νει-ι
3114 3064 3246 3086 ε--ε-
3323 3061 3595 3086 ,....υ...ι.....

363 3061 668 3164 ξοὲᾅῖξσξδν
700 3061 955 3169 χρησμὸν
968 3061 1216 3148 ἀνελεῖν·
1244 3092 1338 3146 καὶ
1366 3061 1593 3146 ἀνεῖλον.
1613 3061 1690 3147 ’Δί
1720 3061 1778 3146 δέ
1810 3094 1936 3164 περὶ

2042 3099 2177 3154 fore,
2250 3090 2427 3138 vatem
2500 3091 2625 3148 quae
2712 3069 3037 3127 reddidisset
3114 3064 3249 3133 ipsis
3320 3061 3624 3123 oraculum,

360 3194 423 3247 τὸ
449 3192 673 3262 τέμενος
703 3187 995 3257 συνιέρειαι
1013 3185 1169 3255 δίκην
1204 3184 1388 3238 λαϐεῖν
1417 3183 1661 3255 ἀπῄτουν
1697 3185 1792 3238 τοῦ
1842 3187 1939 3255 φό-

361 3302 456 3339 νου
505 3284 632 3347 τοὺς
696 3278 985 3351 Θηϐαίους.
1045 3277 1269 3347 Θηϐαῖοι
1322 3277 1379 3331 δὲ
1431 3279 1532 3331 οὐκ
1584 3279 1940 3351 ἐπιτρέπουσι

362 3373 582 3444 γυναιξὶ
635 3372 825 3443 μόναις
869 3370 971 3438 τὴν
1038 3369 1167 3440 περὶ
1225 3368 1404 3422 αὐτῶν
1456 3368 1611 3437 δίκην
1631 3370 1675 3401 ⁶¹
1709 3385 1723 3399 ·
1756 3371 1942 3441 κοινῆς

362 3464 423 3518 δὲ
453 3463 691 3535 κρίσεως
727 3458 938 3530 ἀνδρῶν
964 3457 1062 3512 καὶ
1105 3458 1380 3526 γυναικῶν
1416 3458 1812 3529 γεγενημένης,
1843 3460 1943 3514 καὶ

362 3554 476 3608 τῶν
513 3552 721 3624 ἀνδρῶν
774 3550 976 3614 λευκάς
1028 3550 1213 3613 αὐτοῖς
1253 3550 1660 3617 ἐπενεγκόντων
1706 3550 1940 3621 ψήφους,

369 3644 652 3713 ἀπέφυγον
696 3642 748 3695 οί
806 3641 1055 3711 Θηϐαῖοι.
1110 3640 1377 3711 ’Υστερον
1434 3640 1491 3693 δὲ
1541 3641 1586 3672 ⁸³
1633 3640 1945 3710 ἐπιγνόντες

367 3734 554 3797 αὐτοῖς
577 3732 639 3786 τδ
669 3730 775 3786 ύπδ
810 3729 905 3784 τοῦ
926 3728 1177 3802 χρησμοῦ
1206 3732 1704 3802 προστασσόμενον,
1742 3730 1944 3800 βαστά-

372 3838 563 3883 σαντες
610 3821 720 3874 τῶν
765 3819 908 3874 κατὰ
952 3820 1052 3889 τὴν
1103 3819 1366 3873 Βοιωτίαν
1396 3820 1555 3890 ίερῶν
1608 3820 1877 3889 τριπόδων
1899 3820 1945 3852 ⁸³

371 3912 488 3975 ινα,
515 3909 608 3964 καὶ
639 3907 1119 3978 κατακαλύψαντες
1168 3909 1244 3971 ὡς
1288 3908 1573 3977 ἱερόσυλοι,
1626 3908 1947 3979 ἀνέπεμψαν

371 4003 454 4064 είς
481 3998 760 4069 Δωδώνην.
798 3998 1258 4069 Εύπραγήσαντες
1288 3998 1346 4052 δέ
1380 3999 1439 4066 ἐξ
1467 3998 1680 4053 ἐκείνου
1714 3998 1809 4052 τοῦ
1838 3998 1949 4053 λοι-

371 4090 477 4145 ποῦ
506 4090 604 4161 τὴν
628 4089 830 4162 πρᾶξιν
852 4088 1044 4160 ἑορτὴν
1074 4087 1309 4142 ἐποίουν.

452 4181 815 4254 Ὦσχοφορικά
853 4180 899 4214 ⁸⁸
937 4181 996 4235 δὲ
1049 4181 1184 4252 μέλη
1236 4183 1365 4253 παρ’
1409 4182 1711 4253 Ἀθηναίοις
1756 4182 1944 4254 ᾔδετο·

368 4274 467 4331 τοῦ
499 4272 660 4347 χοροῦ
691 4274 750 4327 δὲ
786 4274 831 4306 ⁸⁸
880 4273 975 4328 δύο
1009 4274 1248 4338 νεανίαι,
1289 4274 1431 4327 κατά
1480 4277 1745 4342 γυναῖκας
1791 4277 1948 4328 ἐστο-

2041 3182 2445 3245 interl'ecerunt.
2476 3170 2607 3237 Quae
2624 3180 2757 3222 vero
2783 3161 3090 3219 sacerdotes
3106 3156 3309 3226 templo
3337 3162 3624 3224 praeerant.

2051 3272 2373 3347 repetebant
2396 3259 2720 3333 supplicium
2739 3255 2807 3311 de
2829 3253 2976 3309 caede
3004 3267 3035 3305 a
3063 3247 3361 3305 Thebanis.
3381 3244 3624 3299 Thebani

2044 3335 2172 3424 vero
2214 3371 2273 3417 ut
2304 3357 2433 3415 sola:
2485 3351 2744 3408 mulieres
2793 3342 3124 3402 sententiam
3171 3342 3237 3394 de
3282 3353 3341 3392 se
3389 3335 3622 3399 ferrent,

2048 3450 2451 3513 detrectabant.
2487 3437 2775 3517 communi
2817 3436 3002 3504 itaque
3043 3429 3248 3502 judicio
3277 3428 3445 3495 facto,
3478 3428 3625 3481 viro-

2045 3563 2167 3605 rum
2196 3540 2357 3601 simul
2383 3552 2447 3593 ac
2483 3532 2799 3593 mulierum,
2829 3536 2884 3583 et
2917 3525 3052 3581 viris
3079 3522 3341 3579 candidos
3381 3518 3628 3574 calculos

2051 3655 2151 3714 pro
2178 3636 2287 3694 illis
2313 3626 2638 3690 ferentibus,
2669 3620 2911 3691 effugere
2945 3614 3212 3672 Thebani.
3241 3612 3474 3683 Cognito
3499 3620 3625 3665 tan-

2050 3703 2172 3790 dem
2225 3728 2279 3785 id
2304 3726 2375 3781 ab
2413 3717 2638 3779 oraculo
2663 3715 2771 3772 illis
2801 3711 3115 3768 mandatum
3141 3706 3329 3771 fuisse,
3358 3703 3624 3774 tripodem

2046 3838 2213 3879 unum
2248 3834 2313 3876 ex
2349 3817 2440 3882 iis,
2477 3811 2571 3884 qui
2602 3805 2746 3866 sacri
2786 3812 2948 3861 erant
2973 3801 3114 3873 apud
3139 3800 3380 3862 Boeotos,
3406 3805 3627 3867 geStan-

2048 3927 2150 3981 tes,
2195 3927 2258 3967 ac
2312 3917 2478 3970 tecte,
2525 3913 2781 3972 tanquam
2827 3894 3099 3966 sacrilegi,
3152 3890 3624 3953 circumferentes,

2046 3976 2329 4061 Dodonani
2383 3998 2734 4055 remiserunt.
2785 3988 2916 4057 Qua:
2960 4002 3049 4043 res
3080 3999 3206 4040 cum
3235 3976 3467 4038 feliciter
3510 3996 3629 4038 ces-

2049 4098 2231 4163 sisset,
2261 4090 2457 4149 exinde
2492 4087 2547 4143 in
2584 4084 2826 4141 solemne
2854 4077 3052 4135 festum
3085 4074 3251 4133 vertit

2121 4162 2531 4253 Oscbophorica
2590 4189 2722 4231 vero
2780 4169 3027 4227 carmina
3079 4167 3149 4222 ab
3192 4162 3626 4220 Atheniensibus

2052 4278 2388 4335 canebantur
2414 4289 2429 4327 :
2454 4268 2605 4326 chori
2656 4275 2837 4319 autem
2876 4260 3250 4317 adolescentes
3279 4258 3407 4319 duo,
3438 4253 3629 4308 mulie-

371 4344 636 4440 λισμένοι,
694 4367 879 4438 κλῆμα
928 4367 974 4399 ⁸⁸
1036 4365 1285 4435 ἀμπέλου
1348 4366 1686 4437 κομίζοντες,
1750 4368 1936 4439 μεστὸν

2053 4371 2135 4427 bri
2169 4375 2321 4423 veste
2370 4360 2571 4425 induti,
2622 4356 2879 4428 palmites
2923 4352 3048 4406 vitis
3096 4357 3391 4419 gestantes,
3440 4344 3630 4412 plenos

365 4460 612 4516 εὐθαλῶν
639 4460 881 4531 βοτρύων
910 4457 1158 4531 (ἐκάλουν
1188 4456 1245 4511 δέ
1274 4457 1407 4513 αὐτὸ
1438 4456 1622 4528 ὥσχην
1654 4459 1724 4524 ⁸⁷,
1759 4459 1853 4529 ἀφ’
1884 4451 1948 4513 οῦ

365 4554 466 4607 καὶ
490 4553 603 4615 τοῖς
623 4551 844 4621 μέλεσιν
870 4552 905 4621 ἠ
922 4549 1233 4619 ἐπωνυμία)
1254 4548 1354 4617 τῆς
1376 4549 1570 4619 ἑορτῆς
1588 4547 1946 4620 καθηγοῦντο.

369 4643 571 4714 ’Δρξαι
622 4642 681 4695 δέ
727 4659 860 4712 φασι
901 4640 1086 4712 Θησέα
1116 4642 1161 4674 ⁸⁸
1195 4641 1412 4714 πρῶτον
1455 4640 1550 4694 τοῦ
1595 4640 1756 4712 ἔργου
1780 4658 1795 4672 ·
1827 4643 1951 4695 ἐπεὶ

366 4735 479 4805 γὰρ
508 4733 753 4797 ἑκούσιος
781 4734 1022 4799 ὑποστὰς
1058 4734 1151 4788 τὸν
1197 4735 1278 4798 είς
1311 4734 1538 4804 Κρήτην
1568 4733 1734 4787 πλοῦν
1776 4734 1949 4804 ἀπήλ-

364 4819 497 4884 λαξε
528 4819 626 4890 τὴν
658 4820 896 4891 πατρίδα
941 4822 1041 4891 τῆς
1081 4821 1223 4875 κατὰ
1270 4821 1362 4875 τὸν
1404 4822 1608 4893 δασμὸν
1642 4825 1949 4894 συμφορᾶς,

365 4911 701 4982 χαριστήρια
732 4911 1019 4975 ἀποδιδοὺς
1057 4911 1261 4984 Ἀθηνᾷ
1296 4912 1391 4966 καὶ
1434 4913 1695 4985 Διονύσῳ,
1725 4913 1775 4967 οἳ
1802 4913 1952 4985 αὑτῷ

367 5000 513 5055 κατὰ
570 4999 669 5055 τὴν
722 5001 883 5072 νῆσον
935 5001 1035 5071 τὴν
1082 4999 1213 5055 Δίαν
1270 5000 1641 5073 ἐπεφάνησαν,
1716 5002 1951 5073 ἔπραττε

2050 4459 2277 4517 maturis
2319 4455 2460 4519 uvis,
2504 4450 2647 4522 quod
2690 4447 2791 4518 ipsi
2847 4444 3026 4514 ὅσχην
3062 4448 3346 4503 vocarunt,
3397 4437 3537 4490 unde
3576 4443 3633 4489 et

2049 4548 2385 4607 carminibus
2418 4556 2615 4599 nomen
2645 4539 2901 4601 inditum,
2934 4535 3129 4588 festum
3179 4527 3624 4598 auspicabantur.

2048 4642 2295 4697 Primum
2335 4650 2466 4692 vero
2507 4634 2717 4689 Thesea
2748 4631 2850 4685 hoc
2897 4626 3193 4681 inchoasse
3230 4622 3431 4677 ferunt.
3478 4618 3634 4673 Post-

2051 4747 2213 4803 quam
2239 4730 2384 4785 enim
2412 4734 2606 4797 sponte
2642 4738 2742 4780 sua
2770 4721 2823 4775 in
2852 4721 3067 4775 Cretam
3114 4713 3513 4782 navigationem
3548 4709 3633 4764 in-

2051 4799 2345 4881 stituisset,
2380 4813 2611 4883 patriam
2653 4808 2842 4865 tributi
2877 4807 3172 4863 vexatione
3206 4799 3458 4858 liberavit
3490 4817 3504 4853 :
3540 4803 3633 4853 be-

2054 4907 2303 4964 neﬁcium
2338 4903 2685 4977 gratitudinis
2711 4915 2842 4973 ergo
2886 4898 3123 4955 reddens
3148 4896 3425 4958 Minervae,
3454 4902 3510 4947 et
3534 4890 3627 4945 Li-

2054 5003 2205 5067 bero,
2247 4999 2342 5071 qui
2368 4998 2470 5067 ipsi
2498 4997 2551 5055 in
2577 4995 2672 5054 Dia
2707 4993 2891 5050 insula
2913 4997 3299 5063 apparuerant.
3319 4985 3511 5042 Fiebat
3540 4998 3632 5039 au-

438 5146 471 5190 ει
506 5134 774 5194 Diodorus
821 5137 1040 5195 Siculus
1080 5136 1175 5193 lib.
1200 5150 1269 5192 xv
1296 5134 1568 5203 Biblioth;
1611 5136 1808 5193 Suidas
1854 5146 1911 5193 et
1938 5137 2145 5195 Pollux.

1708 5270 1945 5328 VARIE
1977 5270 2383 5329 LECTIONES.

440 5363 1989 5453 κάλάσπσοναιτῆςλὲήἀκρῳΑρέλάσσοναντγῆς-ἐπλάκρου
2024 5363 2078 5428 It,
2107 5361 2407 5453 ἐλάσσονας
2434 5358 2541 5453 τῆις
2554 5356 2947 5453 τοῦλςιύλοιεας..
2988 5355 3036 5390 ⁵³
3068 5353 3221 5453 κόπω
3247 5365 3332 5453 ριη.
3353 5349 3436 5453 ιΑ,
3478 5346 3633 5453 ἔρπὲ

369 5438 425 5505 h,
438 5415 614 5491 miti;
625 5415 1723 5505 '13:'{'1'Qée‘s't'péiiégisb':ﬂagitatae2;;
1743 5415 1770 5417 νὴ
1798 5431 1843 5464 ⁸⁸
1881 5415 2240 5505 ἀρικρατίδας]
2257 5415 2608 5505 ἐπικρατίδας
2626 5415 2736 5505 ᾼῘ]Σ
2785 5427 2857 5505 εξθ
2873 5415 2988 5505 τῶν
3005 5439 3117 5505 o’m.
3247 5415 3319 5461 ’⁸⁷
3353 5415 3635 5505 ίσανίονυοίιξ,

369 5503 578 5578 {mica
595 5506 693 5578 4ο--
723 5503 771 5540 ⁵³
798 5505 1063 5578 καὶαζίουί
1083 5506 1166 5578 Ah
1203 5521 1218 5559 =
1263 5505 1522 5578 Ῑαᾎεξίοιξ
1555 5522 1615 5578 ς)

1692 5506 1735 5536 ⁵9
1767 5503 2074 5573 τριποδικὸν
2108 5503 2169 5556 Β.

2272 5502 2316 5533 ⁸⁸
2340 5485 2650 5570 Πάνακτον]
2679 5496 2752 5570 cf.
2785 5495 2994 5551 Muller.
3011 5493 3376 5570 _0rchomen.,
3406 5504 3461 5559 p.
3508 5485 3633 5570 i585.

439 5558 1184 5695 ἐξίὲἒξ-δξςηνῆἀξξίοὲἷῆιὶῧῆ.
1259 5558 1316 5607 εί
1335 5558 1390 5633 δέ
1420 5558 1544 5657 5.1a.
1564 5558 1642 5629 'A.
1717 5574 1761 5675 ξ’
1782 5558 2052 5661 τριπόδων
2080 5572 2159 5631 Ah
2189 5590 2202 5626 :
2230 5569 2456 5647 τρίποδα
2618 5558 2663 5600 ίδ
2684 5565 3035 5652 ὠσχοφορικὰ
3058 5565 3172 5622 Ah:
3211 5558 3541 5637 όσχοφορικὰ
3574 5573 3635 5625 ς,

646 5688 655 5695 -
732 5686 745 5695 -
1055 5664 1199 5695 ματα
1221 5677 1292 5689 ---
1321 5662 1530 5695 αεστων
1562 5664 1622 5695 ς’.
1748 5652 1765 5684 ⁷
1796 5660 1978 5695 ωσνην
2004 5642 2085 5695 Ah
2112 5659 2124 5695 :
2162 5642 2328 5695 δσγην
2360 5658 2420 5695 ς’.
2520 5641 2540 5673 ⁸
2564 5640 2744 5695 Θησέα
2774 5654 2906 5695 φασι
2936 5653 3002 5695 ς.

373 5647 423 5686 ⁸⁵
447 5646 505 5701 δὲ
544 5643 655 5701 om.
680 5643 766 5702 Α(
843 5648 889 5680 ⁶⁶
942 5646 1199 5719 κλήματα
1221 5677 1292 5689 --
1318 5643 1530 5717 μεστῶν
1562 5664 1622 5711 ς’.

1723 5645 1765 5684 ⁸⁷
1796 5642 1978 5716 ῶσχην
2004 5642 2085 5699 Ah
2112 5659 2124 5696 :
2162 5642 2328 5714 δσχην
2360 5658 2420 5707 ς.

2610 5640 2744 5713 ησέα
2774 5640 2906 5707 φασὶ
2936 5653 3002 5702 ς.
