3990 6232
336 143 470 209 1207
543 203 550 209 .

1468 159 1733 221 ΡΗΟΤΙΙ
1763 161 2274 226 ΡΑΤΒΙΑΒΕΗᾸΞ
2315 167 2423 227 CP.

3468 171 3604 234 1208

329 268 435 313 tem
464 273 490 310 a
536 258 745 317 duobus
781 262 1244 332 adolescentibus,
1296 266 1352 320 in
1395 267 1589 322 umbra
1641 269 1910 335 cducatis,

2022 271 2194 338 τοῦτο,
2216 273 2336 327 δυσὶ
2369 274 2605 340 νεανίαις
2628 274 3160 346 ἐσκιατραφημένοις
3194 274 3320 348 [526
3339 276 3431 353 lt]
3463 301 3605 355 χρη-

327 354 503 408 sacris
553 365 612 408 ut
654 366 1032 426 operarentur,
1076 359 1334 415 adhibitis
1382 361 1706 418 ministris'.
1737 365 1906 419 Duce-

330 454 492 496 batur
547 453 730 500 autem
752 446 820 500 ab
865 447 1289 503 Atheniensibus
1337 449 1452 505 haec
1483 466 1679 522 pompa
1712 468 1776 506 ex
1826 452 1914 508 Li-

328 533 443 587 beri
481 532 605 588 l'ano
636 533 688 589 in
718 535 952 591 Palladis
1005 539 1266 594 Sciriadis
1311 541 1573 611 templum
1616 563 1631 599 :
1662 544 1916 615 inseque-

333 623 604 693 batnrqne
640 624 1016 683 adolescentes
1048 629 1173 685 illos
1221 631 1439 699 chorus,
1476 642 1531 688 et
1560 635 1827 690 canebant
1862 636 1913 690 id

333 726 504 780 genus
529 715 792 780 carmina.
828 715 908 771 Ex
951 719 1182 789 singulis
1225 737 1356 776 vero
1388 723 1636 779 tribubus
1680 727 1912 794 puberes

333 806 476 858 inter
509 820 567 860 se
587 822 750 861 cursu
799 812 1108 875 certabant,
1141 813 1347 883 quique
1401 814 1539 870 alios
1588 818 1914 872 antevenis-

330 904 434 959 set,
468 910 533 950 ex
566 896 914 967 quintnplici,
945 916 1066 971 quae
1099 901 1383 957 dicebatur
1431 905 1637 973 phiala,
1668 917 1721 961 et
1750 909 1912 963 cinno

331 985 444 1054 (qui
481 1001 546 1039 ex
579 986 722 1052 oleo,
746 989 890 1056 vino,
918 990 1097 1058 melle,
1126 1005 1288 1047 caseo
1318 1002 1371 1047 et
1400 993 1570 1050 farina
1605 996 1910 1054 hordeacea

334 1081 759 1151 temperabatnr)
786 1083 1029 1138 bibebat.

405 1166 718 1224 Precatoria
770 1174 1011 1228 carmina
1070 1175 1236 1232 abiis
1268 1181 1758 1248 componebantur,
1819 1184 1911 1251 qui

333 1257 537 1328 aliquid
573 1261 738 1316 Deum
779 1276 1054 1332 rogarent.
1094 1266 1435 1340 Pragmatica
1485 1287 1633 1338 vero,
1666 1288 1786 1342 quae
1826 1290 1912 1331 res

333 1361 514 1417 gestas
541 1353 847 1421 aliquorum
899 1355 1201 1412 continent.
1254 1359 1562 1430 Emporica,
1597 1377 1716 1430 qua:
1757 1364 1912 1432 quasi

336 1442 832 1514 peregrinationem
896 1456 950 1502 et
1009 1449 1433 1519 negotiationem
1480 1463 1838 1522 ostentarent,
1881 1471 1910 1511 a

335 1533 663 1600 quibusdam
692 1540 1005 1609 conscripta
1031 1553 1175 1596 sunt.
1202 1542 1268 1597 Et
1292 1545 1611 1612 apostolica,
1641 1561 1762 1615 quae
1787 1549 1909 1600 dum

2019 361 2252 432 σάμενος
2283 363 2417 434 πρδς
2439 364 2534 435 τὴν
2565 365 2878 438 ἱερουργίαν
2914 367 3237 439 ὑπηρέταις.
3268 363 3378 422 Ἦν
3408 372 3463 424 δὲ
3491 380 3602 440 τοῖς

2030 455 2336 524 Ἀθηναίοις
2368 457 2399 526 ἡ
2434 458 2782 527 παραπομπὴ
2824 461 2887 512 ὲκ
2915 459 3010 512 τοῦ
3053 462 3403 519 Διονυσιακοῦ
3457 468 3603 537 ἱεροῦ

2016 549 2095 611 εἰς
2135 546 2194 600 τὸ
2218 547 2318 617 τῆς
2357 547 2590 617 Ἀθηνᾶς
2617 549 2716 619 τῆς
2753 548 3011 622 Σκιράδος
3038 554 3080 585 ⁸⁸
3121 554 3372 624 τέμενος.
3404 557 3606 610 Εἵπετο

2015 639 2072 691 δὲ
2121 640 2232 701 τοῖς
2289 639 2527 703 νεανίαις
2569 641 2598 693 ὁ
2656 641 2836 710 χορὸς,
2899 643 2992 695 καὶ
3045 639 3135 716 ᾖδε
3185 645 3253 698 τὰ
3314 647 3472 716 μέλη.
3513 647 3604 714 Ἐξ

2017 728 2255 798 ἑκάστης
2276 727 2334 781 δὲ
2353 727 2526 798 φυλῆς
2553 727 2746 797 ἔφηϐοι
2776 728 3139 800 διημιλλῶντο
3172 733 3308 801 πρὸς
3337 731 3606 802 ἀλλήλους

2015 817 2202 890 δρόμῳ
2229 834 2241 846 ·
2264 817 2365 871 ’καὶ
2391 817 2599 872 τούτων
2629 820 2656 871 ὁ
2693 818 2959 888 πρότερος
2991 819 3216 886 ὲγεύετο
3249 822 3310 873 ὲκ
3339 821 3439 889 τῆς
3473 839 3606 874 πεν·

2014 908 2229 979 ταπλῆς
2261 908 2563 980 λεγομένης
2600 908 2818 979 φιάλης,
2857 909 2890 980 ἢ
2927 911 3278 981 συνεκιρνᾶτο
3307 911 3473 978 ἐλαίῳ
3507 912 3606 965 καὶ

2015 1000 2142 1069 οϊνῳ
2175 1000 2264 1053 καὶ
2301 999 2478 1068 μέλιτι
2517 1000 2610 1053 καὶ
2641 1000 2790 1072 τυρῷ
2813 1000 2908 1053 καὶ
2938 1000 3204 1069 ἀλφίτοις.

2087 1177 2327 1230 Εὐκτικὰ
2377 1176 2434 1230 δὲ
2475 1177 2612 1248 μέλη
2673 1178 2946 1247 ὲγραφετο
2993 1180 3105 1240 τοῖς
3151 1178 3499 1246 αἰτουμένοις
3546 1192 3604 1228 τι.

2015 1269 2165 1338 παρὰ
2194 1267 2328 1322 Θεοῦ
2363 1267 2629 1337 γενέσθαι,
2687 1268 3058 1339 Πραγματικά
3085 1268 3163 1332 δὲ,
3188 1268 3224 1322 ἆ
3251 1285 3412 1321 τινων
3446 1283 3606 1337 περι-

2016 1361 2127 1428 εῖχε
2174 1357 2421 1428 πράξεις.
2451 1357 2579 1430 [992
2613 1356 2710 1430 R.]
2755 1358 3062 1429 Ἐμπορικὰ
3093 1357 3173 1423 δὲ,
3203 1359 3304 1412 ὅσα
3331 1358 3474 1412 κατὰ
3500 1357 3606 1420 τὰς

2015 1449 2322 1520 ἀποδημίας
2339 1449 2432 1503 καὶ
2464 1451 2812 1520 ἐμπορείαςτο
2843 1444 3115 1504 ὲπιδειιξνύ
3125 1450 3261 1522 μενὰ
3280 1467 3420 1504 τισιν
3432 1450 3605 1523 ἐγρά-

2015 1559 2110 1613 φη.
2139 1543 2251 1594 Καὶ
2271 1543 2605 1596 ἀποστολικὰ
2627 1542 2705 1601 δὲ.
2728 1543 2830 1596 ὃσα
2849 1541 3330 1614 διαπεμπόμενοιἩ
3354 1545 3494 1614 πρός
3522 1560 3609 1596 τι-

334 1624 463 1690 qnid
497 1627 808 1683 mitteretur
857 1631 924 1685 ad
959 1631 1220 1704 aliquem,
1264 1635 1486 1691 ﬁebant.
1529 1636 1912 1708 Guomologica

2023 1649 2118 1694 νας
2145 1631 2381 1687 ἐποίουν.
2406 1632 2488 1686 Τὰ
2515 1633 2572 1686 δὲ
2591 1633 2974 1705 γνωμολογικὰ
2991 1634 3148 1707 δῆλον
3169 1635 3250 1688 ὅτι
3282 1635 3611 1704 παραίνεσιν

340 1725 525 1768 notum
591 1727 677 1775 est
733 1720 1135 1778 admonitiones
1193 1725 1259 1778 de
1314 1726 1560 1781 moribus
1618 1728 1919 1782 continere.

335 1802 602 1877 Georgica
631 1824 784 1877 vero,
814 1813 926 1882 agri
974 1824 1027 1866 et
1066 1814 1320 1882 stirpium
1385 1818 1838 1886 tempestivitates
1869 1829 1922 1874 et

333 1911 544 1950 curam.
579 1899 924 1968 Epistaltica,
953 1919 1073 1969 quae
1124 1907 1191 1960 ad
1234 1909 1480 1962 obeunda
1521 1912 1774 1964 mandata
1819 1911 1919 1963 alio

335 1987 531 2055 quibus
563 1993 861 2059 composita
895 1995 1271 2051 mittebantur.

408 2075 681 2133 Hactenus
739 2081 957 2150 quidem
1017 2100 1082 2138 cx
1142 2087 1354 2142 duobus
1411 2087 1585 2145 Procli
1643 2089 1795 2146 libris
1831 2100 1909 2147 ea

333 2167 724 2237 excerpsimus,
764 2186 883 2239 quae
937 2188 1002 2228 ex
1047 2178 1422 2247 grammaticis
1471 2178 1760 2234 laudabilia
1801 2182 1914 2252 ipse

333 2259 746 2330 dcprompserat
783 2263 916 2334 (92).

1026 2355 1229 2412 CCXL.

578 2445 810 2502 Joannes
857 2447 1179 2515 Philoponus
1212 2454 1264 2506 in
1305 2453 1687 2512 Hexaemeron.

400 2534 595 2605 322i)
655 2535 779 2606 Legi
822 2538 1083 2595 Joannem
1119 2543 1575 2621 Philoponum_1n
1621 2551 1910 2604 Hexaeme-

331 2641 449 2680 ron.
496 2628 720 2685 Dedicat
763 2633 960 2688 librum
1025 2633 1218 2706 Sergio
1279 2639 1908 2712 Constantinopolitano,

333 2716 490 2781 cuius
515 2734 676 2776 suasu
707 2739 765 2778 se
796 2723 1037 2781 laborem
1090 2730 1402 2799 suscepisse
1433 2730 1710 2800 praefatur,
1743 2748 1912 2803 seque

331 2823 396 2862 eo
451 2812 789 2882 respexisse,
827 2825 887 2870 ut
935 2820 1249 2875 ostenderet
1303 2822 1489 2876 mundi
1543 2833 1722 2878 ortum
1768 2823 1908 2896 apud

331 2898 536 2956 Mosem
568 2903 731 2960 rebus
766 2909 1152 2977 apparentibus
1188 2914 1538 2984 respondere.

415 3125 436 3152 τ
471 3115 564 3172 Sic
607 3127 662 3172 et
691 3116 834 3174 Plut.
871 3122 923 3176 in
966 3123 1183 3182 Theseo.

1655 3244 1887 3302 νΑιιιτΕ
1930 3244 2334 3300 LECTIONES.

1794 3341 1841 3373 ⁷⁸
1875 3340 2147 3417 ἐμπορίας
2175 3357 2236 3405 ς.
2279 3409 2290 3417 .
2329 3340 2857 3408 ἰ’διαπεμπόμενοι
2910 3340 2955 3388 Α
2999 3351 3021 3417 ξ

1463 3411 1507 3442 ⁷⁸
1535 3422 1658 3481 post
1705 3409 1919 3475 τούτοις
1952 3413 2004 3464 in
2028 3409 2031 3410 ⁷
2056 3413 2103 3464 Α
2139 3409 2296 3466 vacui
2324 3424 2514 3466 versus
2543 3418 2776 3479 quatuor
2808 3417 2864 3463 et
2904 3409 3097 3478 pagina
3131 3423 3257 3462 una.

435 3334 752 3411 ⁸ξιιιειροίδοας·
778 3337 842 3403 A,
878 3338 1152 3411 διειριάδος
1183 3341 1252 3411 It;
1283 3341 1602 3411 Σκειριάδος
1634 3359 1692 3406 ς-

338 3403 384 3436 ’·
421 3403 729 3476 ἐξέπεμπον
763 3425 824 3467 ς.
897 3408 945 3439 ⁷³
976 3403 1076 3477 μὲν
1123 3412 1166 3463 Α
1193 3429 1206 3465 :
1237 3410 1293 3463 δὲ
1325 3429 1386 3476 ς’.

2021 1723 2168 1794 ἠθῶν
2193 1723 2328 1793 ἔχει,
2363 1724 2456 1776 καὶ
2500 1724 2568 1777 τὰ
2597 1728 2879 1796 γεωργικά
2919 1725 2977 1779 δὲ
3034 1725 3218 1796 χώρας
3267 1727 3361 1780 καὶ
3418 1725 3609 1794 φυτῶν

2021 1818 2247 1888 καιροὺς
2298 1817 2393 1870 καὶ
2443 1817 2779 1886 ἐπιμελείας.
2837 1818 2947 1871 Καὶ
2989 1819 3059 1872 τὰ
3102 1816 3466 1871 ὲπισταλτικά
3525 1817 3606 1880 δὲ,

2018 1911 2118 1963 ὅσα
2185 1911 2304 1964 κατ’
2353 1908 2572 1972 ἐντολὰς
2634 1910 2772 1980 πρός
2829 1927 2983 1974 τινας
3036 1909 3317 1975 ποιοῦντες
3376 1909 3608 1979 διέπεμ-

2017 2017 2117 2052 πον
2138 2001 2210 2054 τ’.

2081 2091 2146 2146 Οἱ
2196 2091 2295 2162 μὲν
2324 2093 2370 2124 ⁷³
2399 2093 2494 2148 δύο
2543 2094 2822 2174 λόγοιρῆς
2875 2092 3119 2165 Πρόκλου
3179 2088 3609 2161 Γραμματικῆς

2012 2187 2453 2255 χρηστομαθιας
2489 2188 2546 2240 ἐν
2590 2185 2799 2249 τούτοις
2819 2185 2887 2240 ⁷⁸.

2721 2365 2833 2420 ΣΜ’
2845 2406 2858 2418 .

2067 2460 2339 2513 Ἰωαννου
2390 2459 2496 2514 τοῦ
2534 2461 2872 2514 Φιλοπόνου
2920 2459 3005 2524 εἰς
3038 2457 3152 2525 τὴν
3178 2454 3571 2523 Ἐξαήμερον.

2101 2547 2443 2617 Ἀνεγνώσθη
2473 2549 2538 2602 ὲκ
2575 2549 2686 2603 τῶν
2733 2547 2984 2602 Ἰωάννου
3034 2545 3127 2600 τοῦ
3178 2544 3475 2598 Φιλοπόνου
3521 2541 3609 2606 εἰς

2022 2638 2136 2708 τὴν
2183 2638 2573 2707 Ἐξαήμερον.
2613 2640 2737 2692 Ὀτι
2788 2639 2849 2692 τὸ
2889 2637 3229 2708 σύγγραμμα
3282 2636 3499 2704 Σεργίῳ
3531 2631 3612 2700 τῷ

2020 2728 2644 2791 Κωνσταντινουπόλεως
2677 2728 3012 2798 προσφωνεῖ,
3071 2724 3285 2779 ἐκείνου
3320 2721 3609 2794 προτροπῇ

2017 2821 2207 2874 τοῦτον
2258 2820 2514 2875 ὑπελθεῖν
2557 2819 2648 2874 τὸν
2701 2820 2862 2874 πόνον
2915 2817 3436 2891 προοιμιαζόμενος.
3504 2815 3614 2868 Τὸν

2022 2914 2078 2967 δὲ
2120 2913 2320 2966 σκοπὸν
2378 2910 2516 2966 εἷναί
2561 2930 2695 2984 φησι
2748 2911 3041 2982 σύμφωνον
3095 2911 3269 2975 δεῖξαι
3331 2909 3447 2972 τοῖς
3479 2924 3612 2976 φαι-

2017 3013 2262 3082 νομένοις
2308 3013 2408 3082 τὴν
2445 3010 2538 3065 τοῦ
2583 3010 2872 3065 θεσπεσίου
2920 3008 3161 3074 Μωσέως
3193 3005 3611 3078 κοσμογένειαν.

2329 3337 2857 3408 ἰ’διαπεμπόμενοι
2910 3337 2955 3388 Α
2999 3351 3019 3408 :_
3065 3335 3490 3408 διαπεμπόμενα
3549 3351 3612 3398 ςο

1863 3506 2097 3562 NOTAE.

409 3596 524 3667 (9‘2)
553 3597 983 3668 Χρηστομαθίας
1011 3600 1239 3668 ὲκλογαι
1259 3600 1448 3665 electa,
1478 3601 1638 3657 verti.
1697 3600 1836 3656 Nam
1866 3611 1920 3657 et
1947 3604 1990 3661 C
2025 3601 2296 3670 suspicor,
2333 3613 2400 3654 ex
2427 3599 2754 3670 compendio
2782 3597 2880 3650 δεκ
2907 3597 3146 3670 quod__in
3177 3596 3271 3670 δευ
3331 3595 3613 3670 migravit.

342 3664 1116 3740 Electoruin'commentarios
1150 3664 1255 3727 160
1287 3664 1509 3740 reliquit
1554 3671 1768 3727 Plinius
1805 3687 1922 3725 ma-

336 3736 426 3812 j__or
459 3737 635 3812 Plinio
660 3740 870 3812 sororis
901 3741 1031 3812 lilio,
1071 3743 1276 3812 utiipse
1307 3742 1381 3797 ait
1409 3736 1547 3797 libro
1591 3758 1672 3809 ιιι,
1699 3742 1924 3811 epistola

340 3807 779 3882 5,_e_tlau_dabi_lia
811 3811 992 3878 potius
1029 3807 1260 3877 reddidi,
1294 3828 1455 3881 quam
1495 3807 1781 3882 epitomen,
1838 3815 1923 3869 vel

339 3878 524 3930 utilem
549 3879 847 3954 doctrinam
871 3894 985 3954 :_ne
1014 3896 1205 3954 erres;
1245 3878 1460 3954 χρηστὰ
1508 3878 1653 3938 enim
1692 3894 1746 3936 et
1787 3886 1925 3953 χρή-

342 3964 480 4025 σιμα
538 3950 780 4025 erantin
811 3951 1176 4025 scriptoribus
1206 3950 1481 4025 loca—non
1518 3950 1922 4025 oscitante'r‘le-

342 4019 538 4092 geuda,
573 4021 716 4086 quod
753 4019 902 4074 utilia
935 4033 1118 4092 essent
1149 4038 1162 4075 :
1197 4038 1316 4092 qua:
1351 4033 1407 4078 et
1443 4022 1488 4077 X
1529 4019 1922 4092 liguradecus-

341 4088 504 4140 satim
564 4091 768 4158 scripta
830 4091 1178 4146 notabantur.
1211 4088 1388 4148 Latini
1448 4088 1771 4146 Laudabilia
1825 4108 1922 4146 vo-

341 4157 564 4229 cabant,
595 4157 780 4229 ethis
798 4160 950 4229 siglis
983 4160 1092 4215 LL.
1119 4163 1222 4218 hoc
1275 4173 1359 4218 est
1395 4163 1550 4218 locus
1605 4163 1920 4226 laudabilis,

342 4237 402 4281 ut
433 4225 550 4301 V_al.
585 4228 798 4284 Probus
821 4225 915 4301 ait,
953 4231 1332 4301 designabant.
1364 4234 1565 4289 Contra
1625 4247 1748 4300 quae
1799 4234 1921 4287 cul-

341 4297 542 4365 panda,
599 4299 980 4355 damnandave
1024 4297 1368 4367 videbantur,
1415 4302 1591 4358 Graeci
1644 4297 1798 4356 ferali
1830 4304 1921 4355 lit-

339 4377 454 4421 tera
489 4367 551 4430 Θ,
582 4381 634 4424 et
669 4374 885 4438 utrique
917 4371 1074 4426 obelo
1108 4371 1404 4435 fodiebant,
1466 4373 1608 4439 quod
1655 4372 1922 4435 ὀδελίζειν

339 4448 478 4500 erat,
535 4449 593 4493 nt
658 4444 868 4496 monuit
934 4442 1018 4496 vir
1054 4443 1410 4500 doctissimus
1468 4441 1617 4498 Petr.
1676 4442 1922 4499 Pithoeus

337 4509 437 4562 lib.
475 4525 533 4572 ll,
571 4510 856 4566 Adversar.
890 4511 1304 4576 subcesivorum,
1333 4529 1384 4567 c.
1409 4515 1464 4578 ὅ,
1483 4522 1538 4568 et
1575 4515 1626 4568 iu
1670 4511 1741 4568 Μ.
1787 4513 1924 4569 Var-

337 4593 528 4653 ronem
561 4580 639 4653 De
662 4598 716 4634 re
737 4583 977 4646 rustica;
1010 4582 1123 4638 Pet.
1160 4583 1456 4649 Victorius,
1485 4599 1544 4638 se
1566 4583 1627 4638 L.
1663 4585 1921 4653 litteram,

340 4647 521 4724 vel‘rb
555 4652 873 4724 laudabilia,
925 4654 980 4707 in
1020 4657 1294 4710 veteribus
1332 4647 1487 4710 libris
1545 4670 1785 4724 persaape
1844 4647 1924 4710 re;

341 4720 570 4794 perisse,
598 4739 718 4786 qua:
746 4733 800 4778 et
824 4722 1046 4794 Josepb.
1070 4725 1314 4794 Scaliger
1348 4720 1560 4794 argute'
1587 4720 1918 4792 explanavit.

416 4792 719 4866 διαιρεῖται
749 4795 830 4866 είς
866 4793 955 4860 δ’.)
986 4794 1081 4866 El;
1114 4792 1240 4848 δύω
1258 4792 1542 4866 legendum
1562 4810 1716 4866 reor,
1739 4797 1924 4865 itaque

345 4862 638 4928 scripsisse
665 4862 922 4918 Pbotimu
954 4865 1229 4919 arbitror:
1275 4862 1403 4920 nam
1443 4882 1509 4920 ex
1543 4865 1760 4922 duobus
1813 4862 1925 4922 tan-

2027 3665 2354 3740 lllnnycbion
2383 3669 2529 3724 enim
2557 3665 2798 3740 mensis,
2820 3665 2995 3740 quem
3041 3667 3236 3721 Martio
3275 3665 3618 3740 respondere

2027 3734 2240 3813 putant,
2281 3741 2529 3813 deeimus
2570 3753 2598 3792 a
2625 3737 2812 3800 Junio,
2855 3737 3214 3813 qni'primus
3251 3744 3373 3813 erat
3408 3734 3620 3813 Attico-

2027 3805 2143 3864 rum
2181 3811 2474 3875 mensium,
2507 3811 2562 3863 in
2594 3823 2756 3876 quem
2814 3805 3108 3862 solstitium
3146 3809 3396 3861 aestivum
3445 3805 3617 3859 cade-

2029 3888 2132 3946 ret,
2166 3887 2226 3933 ut
2265 3879 2587 3934 Theodorus
2618 3879 2763 3933 Gaza
2810 3878 3146 3934 observavit.
3185 3877 3293 3932 Sed
3343 3876 3616 3946 quoniam

2026 3951 2082 4004 in
2117 3944 2370 4004 manibus
2402 3950 2587 4005 Suidze
2607 3949 2745 4002 liber
2766 3958 2873 4012 est,
2918 3964 3026 4002 non
3075 3949 3280 4018 pigebit
3331 3944 3615 4018 de_Proc|i

2026 3967 2082 4004 ιιι
2117 3964 2370 4004 mantnus
2402 3964 2745 4005 automttuer
2766 3964 2873 4012 οει,
2918 3964 3026 4002 non
3115 3964 3280 4018 tgeotr
3331 3964 3397 4000 ue
3426 3964 3615 4000 rrocu

2026 4020 2254 4090 scriptis
2279 4022 2489 4090 reliqua
2531 4019 2868 4090 describere,
2908 4019 3005 4090 sed
3073 3964 3307 4090 [atinez
3385 4015 3616 4090 Proclus

2028 4085 2223 4160 Lycius
2265 4085 2485 4160 Syriani
2524 4088 2838 4160 discipulus,
2871 4088 3261 4160 auditoriitent
3291 4095 3340 4140 et
3383 4085 3618 4140 Plutar-

2026 4162 2128 4222 chi,
2175 4158 2414 4214 Nestorii
2452 4160 2596 4224 ﬁlius
2635 4159 2954 4225 philosophi.
2995 4158 3340 4227 philosophus
3392 4164 3441 4209 et
3504 4160 3620 4227 ipse

2031 4230 2368 4286 Platonicus.
2408 4231 2506 4286 Hic
2551 4230 2747 4284 scholia
2782 4228 3006 4298 Athenis
3031 4232 3288 4298 prmluit:
3329 4227 3503 4295 ipsius
3532 4226 3620 4279 di-

2026 4300 2262 4369 scipulus
2303 4311 2352 4355 et
2407 4315 2678 4356 successor
2739 4299 2841 4368 fuit
2892 4297 3150 4353 Marinus
3199 4298 3617 4366 Neapolitanus.

2029 4369 2253 4440 Scripsit
2274 4373 2510 4436 plurima
2566 4378 2674 4422 tam
2714 4370 3099 4438 philosophica,
3142 4386 3302 4440 quam
3346 4383 3622 4440 gramma—

2027 4436 2155 4494 tica.
2180 4439 2631 4496 Commentarium
2663 4436 2722 4493 ini
2746 4436 3008 4508 integrum
3041 4436 3358 4499 Homerum,
3393 4439 3448 4490 in
3475 4436 3620 4504 0pc-

2027 4528 2084 4565 ra
2145 4513 2273 4566 item
2315 4525 2370 4568 et
2422 4513 2539 4566 dies
2594 4509 2853 4575 Hesiodi;
2920 4509 3306 4564 Laudabilittm
3367 4509 3618 4561 locorum

2028 4583 2194 4637 libros
2216 4589 2286 4652 γ’.
2319 4586 2390 4639 De
2417 4581 2739 4652 educatione
2779 4583 2871 4635 lib.
2907 4581 3039 4652 duos
3097 4583 3153 4634 in
3203 4579 3488 4652 Platonem
3547 4576 3622 4630 De

2027 4648 2426 4734 repubf’libros
2451 4668 2543 4734 HL;
2580 4653 2635 4734 in
2668 4651 2862 4720 Orphei
2894 4651 3283 4734 T'lteologiatit',‘
3314 4660 3362 4703 et
3387 4648 3461 4703 De
3492 4661 3623 4734 cqu-

2027 4717 2192 4780 sensu
2229 4723 2453 4794 Orphei,
2485 4717 2802 4793 Pythagora:
2833 4732 2887 4794 et
2924 4717 3189 4777 Platonis.
3248 4719 3321 4794 l_)_e
3370 4717 3621 4794 oraculis

2028 4796 2190 4849 libros
2218 4812 2249 4849 χ
2282 4786 2320 4862 ;”
2361 4786 2447 4850 οο
2493 4786 2602 4847 diis
2657 4786 2799 4862 apud
2850 4793 3164 4858 Homerum,
3221 4790 3456 4862 aliaque.
3495 4786 3626 4841 "ac

2031 4865 2230 4920 Snidas
2284 4860 2513 4922 exstant
2576 4872 2630 4918 et
2691 4860 2742 4916 in
2802 4863 3116 4928 Euclidem,
3159 4871 3214 4917 et
3261 4860 3622 4914 Ptolemaeum

343 4931 628 5008 tis._Pr_o_cli
661 4934 947 5008 libris_boc
980 4934 1345 5008 fragmentum
1373 4936 1758 5008 Concinuatum
1801 4947 1919 4992 est:
1959 4953 2002 5008 ι)
2031 4936 2338 5008 Comment.
2376 4945 2434 4990 ut
2465 4935 2912 5008 mathematicum
2967 4948 3243 5008 summitur
3303 4944 3620 5008 agnoscas:

342 5001 627 5077 etASuidas
661 5012 786 5077 tres,
812 5001 1090 5058 duntaxat
1111 5007 1277 5062 libros
1302 5005 1709 5076 χρηστομαοίας
1755 5022 1927 5077 agno-

347 5073 454 5127 scit
486 5083 579 5126 :et
611 5089 741 5127 vero
777 5076 828 5127 in
877 5090 1238 5130 numerorum
1288 5073 1433 5131 notis
1490 5073 1722 5143 singulis
1746 5073 1926 5133 facilis

344 5143 565 5196 errandi
599 5159 732 5198 ansa
763 5144 1002 5198 librariis
1021 5145 1186 5213 objici
1215 5149 1374 5211 solet,
1403 5154 1465 5200 ut
1501 5144 1533 5196 6
1587 5148 1643 5199 in
1683 5146 1712 5198 δ
1775 5162 1927 5201 com-

345 5214 591 5278 mutarit,
617 5215 700 5268 vel
729 5216 961 5283 primam
1000 5214 1054 5267 in
1072 5215 1181 5269 δύω
1213 5218 1447 5270 litteram
1470 5216 1716 5271 oscitans
1747 5219 1929 5272 scriba

348 5283 641 5357 reliquisse
667 5293 979 5357 contentus,
1008 5289 1340 5357 properavit.
1385 5286 1656 5341 Sexcenta
1683 5288 1730 5341 id
1757 5304 1929 5357 genus

349 5354 644 5426 σφάλματα
697 5355 750 5407 in
778 5354 1138 5426 ipso‘Snida}
1166 5366 1219 5411 et
1261 5356 1501 5419 Laertio,
1573 5366 1628 5410 ιιι
1691 5354 1930 5425 reliquos

347 5423 560 5496 taceam
608 5423 1019 5496 deprehendas.
1070 5423 1187 5480 Non
1247 5427 1434 5496 procul
1486 5427 1693 5482 abiero.
1747 5423 1823 5480 lu
1866 5444 1930 5483 eo

351 5492 470 5569 ipso
525 5492 694 5548 Suida
750 5494 1074 5569 Μουνυχιὼν
1128 5492 1380 5569 δεύτερος
1424 5496 1531 5569 μὴν
1579 5499 1707 5569 παρ’
1769 5498 1930 5568 Ἀθη-

352 5561 541 5628 ναίοις,
569 5561 1114 5635 ιὀροιιοιιᾶιιιιι”οιιίιιι
1145 5561 1388 5633 δέκατος.
1423 5561 1618 5623 Natum
1663 5561 1933 5624 "mendum

2034 5007 2088 5060 in
2121 5006 2476 5078 Peripatetica
2508 5004 2976 5078 verogdiscipliua,
3029 5004 3243 5078 libellus
3286 5001 3380 5078 _de
3443 5009 3624 5078 motu,

2034 5092 2144 5150 quo
2177 5071 2524 5150 Aristotelem
2547 5092 2595 5150 a_
2618 5075 2760 5150 libro
2898 5073 3112 5144 Physic.
3161 5082 3216 5126 et
3268 5071 3534 5150 deinceps
3568 5071 3625 5122 in

2035 5143 2434 5214 Compendium
2505 5146 2734 5213 redegit.
2793 5143 3086 5214 Platonica:
3143 5157 3274 5195 vero
3309 5143 3625 5214 'doctrinm,

2041 5209 2289 5290 Platonis,
2309 5217 2601 5290 theologica
2622 5209 2896 5290 elementa,
2924 5222 2974 5266 et
2992 5213 3222 5290 Physica
3251 5228 3423 5290 nuper
3450 5209 3624 5269 edita.

2040 5289 2099 5360 lu
2123 5287 2325 5360 Italicis
2354 5280 2880 5360 veroibibliotbecis2
2911 5292 2965 5338 et
2991 5280 3224 5360 August.
3251 5284 3307 5360 in
3338 5280 3626 5360 Τὶηιαςιιιη,

2043 5359 2093 5410 in
2124 5357 2365 5411 Primum
2398 5357 2726 5410 Alcibiadem
2755 5356 2807 5408 in
2838 5354 3138 5424 Cratylum,
3171 5355 3222 5424 in
3250 5351 3630 5406 Parmenidem

2041 5428 2287 5498 dialogos
2333 5427 2716 5482 commentarii
2758 5426 2935 5498 adhuc
2978 5423 3169 5498 latent.
3199 5423 3626 5498 Plttres_ct_no-

2045 5492 2284 5564 stracfct
2313 5499 2386 5552 cl.
2443 5499 2542 5551 viri
2594 5498 2707 5552 Pct.
2761 5492 3026 5549 Joannem
3075 5494 3341 5564 Nuunesii
3395 5494 3450 5544 in
3485 5493 3629 5548 hanc

2047 5567 2224 5624 Procli
2252 5568 2732 5625 Chrestomathlam
2761 5575 2902 5622 uota:
2924 5567 3152 5622 seorsim
3182 5563 3500 5635 prodibuut.
