  <div class='ocr_page' id='page_1' title='image "/cluster/home/n/w/nwhite01/storage/ocr_20150623/103 pt.3/mdp.39015061933738/622.png"; bbox 0 0 3990 6232; ppageno 0'>
   <div class='ocr_carea' id='block_1_1' title="bbox 352 163 490 230">
    <p class='ocr_par' dir='ltr' id='par_1_1' title="bbox 352 163 490 230">
     <span class='ocr_line' id='line_1_1' title="bbox 352 163 490 230; baseline 0.007 -2"><span class='ocrx_word' id='word_1_1' title='bbox 352 163 490 230; x_wconf 71' lang='grc'><strong>1209</strong></span> 
     </span>
    </p>
   </div>
   <div class='ocr_carea' id='block_1_2' title="bbox 1432 167 2511 234">
    <p class='ocr_par' dir='ltr' id='par_1_2' title="bbox 1432 167 2511 234">
     <span class='ocr_line' id='line_1_2' title="bbox 1432 167 2511 234; baseline 0.006 -8"><span class='ocrx_word' id='word_1_2' title='bbox 1432 167 1956 229; x_wconf 46' lang='grc' dir='ltr'><strong>ΒΙΒΙΑΙΟΤΗΕΕΣΑ.</strong></span> <span class='ocrx_word' id='word_1_3' title='bbox 1990 193 2058 206; x_wconf 85' lang='grc'><strong><em>--</em></strong></span> <span class='ocrx_word' id='word_1_4' title='bbox 2082 169 2244 230; x_wconf 91' lang='lat' dir='ltr'><strong>COD.</strong></span> <span class='ocrx_word' id='word_1_5' title='bbox 2303 169 2511 234; x_wconf 81' lang='lat' dir='ltr'><strong>CCXL.</strong></span> 
     </span>
    </p>
   </div>
   <div class='ocr_carea' id='block_1_3' title="bbox 3460 168 3598 234">
    <p class='ocr_par' dir='ltr' id='par_1_3' title="bbox 3460 168 3598 234">
     <span class='ocr_line' id='line_1_3' title="bbox 3460 168 3598 234; baseline 0 -2"><span class='ocrx_word' id='word_1_6' title='bbox 3460 168 3598 234; x_wconf 75' lang='lat'><strong>1210</strong></span> 
     </span>
    </p>
   </div>
   <div class='ocr_carea' id='block_1_4' title="bbox 421 265 1932 350">
    <p class='ocr_par' dir='ltr' id='par_1_4' title="bbox 421 265 1913 346">
     <span class='ocr_line' id='line_1_4' title="bbox 421 265 1913 346; baseline 0.001 -19"><span class='ocrx_word' id='word_1_7' title='bbox 421 276 547 328; x_wconf 86' lang='grc' dir='ltr'><strong>Ὅτι</strong></span> <span class='ocrx_word' id='word_1_8' title='bbox 576 273 777 336; x_wconf 81' lang='grc' dir='ltr'><strong>σκοπὸς</strong></span> <span class='ocrx_word' id='word_1_9' title='bbox 804 265 870 342; x_wconf 81' lang='grc' dir='ltr'><strong>ἧν</strong></span> <span class='ocrx_word' id='word_1_10' title='bbox 894 271 970 342; x_wconf 81' lang='grc' dir='ltr'><strong>τῷ</strong></span> <span class='ocrx_word' id='word_1_11' title='bbox 1003 271 1193 326; x_wconf 85' lang='grc' dir='ltr'><strong>Μωσεῖ</strong></span> <span class='ocrx_word' id='word_1_12' title='bbox 1215 271 1338 326; x_wconf 74' lang='grc' dir='ltr'><strong>οὔτε</strong></span> <span class='ocrx_word' id='word_1_13' title='bbox 1367 277 1762 346; x_wconf 82' lang='grc' dir='ltr'><strong>φυσιολογῆσαι</strong></span> <span class='ocrx_word' id='word_1_14' title='bbox 1790 275 1913 330; x_wconf 76' lang='grc' dir='ltr'><strong>οὔτε</strong></span> 
     </span>
    </p>
   </div>
   <div class='ocr_carea' id='block_1_5' title="bbox 2040 265 3590 350">
    <p class='ocr_par' dir='ltr' id='par_1_5' title="bbox 2090 277 3590 350">
     <span class='ocr_line' id='line_1_5' title="bbox 2090 277 3590 350; baseline 0.001 -20"><span class='ocrx_word' id='word_1_15' title='bbox 2090 277 2266 332; x_wconf 84' lang='lat' dir='ltr'><strong>Moses</strong></span> <span class='ocrx_word' id='word_1_16' title='bbox 2283 294 2382 333; x_wconf 92' lang='lat' dir='ltr'><strong>nec</strong></span> <span class='ocrx_word' id='word_1_17' title='bbox 2403 279 2685 350; x_wconf 86' lang='lat' dir='ltr'><strong>physicum</strong></span> <span class='ocrx_word' id='word_1_18' title='bbox 2706 291 2806 333; x_wconf 89' lang='lat' dir='ltr'><strong>nec</strong></span> <span class='ocrx_word' id='word_1_19' title='bbox 2828 285 3202 333; x_wconf 83' lang='lat' dir='ltr'><strong>astronomum</strong></span> <span class='ocrx_word' id='word_1_20' title='bbox 3223 291 3383 347; x_wconf 78' lang='lat' dir='ltr'><strong>agere</strong></span> <span class='ocrx_word' id='word_1_21' title='bbox 3403 281 3590 346; x_wconf 86' lang='lat' dir='ltr'><strong>voluit,</strong></span> 
     </span>
    </p>
   </div>
   <div class='ocr_carea' id='block_1_6' title="bbox 347 362 1919 438">
    <p class='ocr_par' dir='ltr' id='par_1_6' title="bbox 347 362 1919 438">
     <span class='ocr_line' id='line_1_6' title="bbox 347 362 1919 438; baseline 0.001 -20"><span class='ocrx_word' id='word_1_22' title='bbox 347 366 780 436; x_wconf 80' lang='grc' dir='ltr'><strong>ἁστρονομῆσαι,</strong></span> <span class='ocrx_word' id='word_1_23' title='bbox 836 362 952 418; x_wconf 83' lang='grc' dir='ltr'><strong>ἀλλ’</strong></span> <span class='ocrx_word' id='word_1_24' title='bbox 1003 365 1082 427; x_wconf 82' lang='grc' dir='ltr'><strong>είς</strong></span> <span class='ocrx_word' id='word_1_25' title='bbox 1145 363 1471 434; x_wconf 89' lang='grc' dir='ltr'><strong>θεογνωσίαν</strong></span> <span class='ocrx_word' id='word_1_26' title='bbox 1529 369 1622 421; x_wconf 78' lang='grc' dir='ltr'><strong>καὶ</strong></span> <span class='ocrx_word' id='word_1_27' title='bbox 1670 368 1760 421; x_wconf 80' lang='grc' dir='ltr'><strong>διὰ</strong></span> <span class='ocrx_word' id='word_1_28' title='bbox 1818 368 1919 438; x_wconf 81' lang='grc' dir='ltr'><strong>τῆς</strong></span> 
     </span>
    </p>
   </div>
   <div class='ocr_carea' id='block_1_7' title="bbox 345 453 1921 530">
    <p class='ocr_par' dir='ltr' id='par_1_7' title="bbox 345 453 1921 530">
     <span class='ocr_line' id='line_1_7' title="bbox 345 453 1921 530; baseline 0.003 -22"><span class='ocrx_word' id='word_1_29' title='bbox 345 456 709 526; x_wconf 83' lang='grc' dir='ltr'><strong>κοσμογονίας</strong></span> <span class='ocrx_word' id='word_1_30' title='bbox 757 453 1078 524; x_wconf 80' lang='grc' dir='ltr'><strong>ἀνθρώπους</strong></span> <span class='ocrx_word' id='word_1_31' title='bbox 1129 455 1379 524; x_wconf 81' lang='grc' dir='ltr'><strong>ἀγαγεῖν,</strong></span> <span class='ocrx_word' id='word_1_32' title='bbox 1434 459 1528 512; x_wconf 73' lang='grc' dir='ltr'><strong>καὶ</strong></span> <span class='ocrx_word' id='word_1_33' title='bbox 1575 461 1921 530; x_wconf 76' lang='grc' dir='ltr'><strong>παραστῆσαι</strong></span> 
     </span>
    </p>
   </div>
   <div class='ocr_carea' id='block_1_8' title="bbox 344 545 1922 622">
    <p class='ocr_par' dir='ltr' id='par_1_8' title="bbox 344 545 1922 622">
     <span class='ocr_line' id='line_1_8' title="bbox 344 545 1922 622; baseline 0.003 -22"><span class='ocrx_word' id='word_1_34' title='bbox 344 549 428 601; x_wconf 81' lang='grc' dir='ltr'><strong>ὅτι</strong></span> <span class='ocrx_word' id='word_1_35' title='bbox 467 547 534 618; x_wconf 73' lang='grc' dir='ltr'><strong>δὴ</strong></span> <span class='ocrx_word' id='word_1_36' title='bbox 560 547 623 600; x_wconf 84' lang='grc' dir='ltr'><strong>τὸ</strong></span> <span class='ocrx_word' id='word_1_37' title='bbox 649 547 792 616; x_wconf 77' lang='grc' dir='ltr'><strong>μέγα</strong></span> <span class='ocrx_word' id='word_1_38' title='bbox 820 546 977 600; x_wconf 82' lang='grc' dir='ltr'><strong>τοῦτο</strong></span> <span class='ocrx_word' id='word_1_39' title='bbox 1015 546 1110 600; x_wconf 77' lang='grc' dir='ltr'><strong>καὶ</strong></span> <span class='ocrx_word' id='word_1_40' title='bbox 1154 545 1408 619; x_wconf 81' lang='grc' dir='ltr'><strong>λαμπρόν</strong></span> <span class='ocrx_word' id='word_1_41' title='bbox 1436 549 1530 604; x_wconf 80' lang='grc' dir='ltr'><strong>τοῦ</strong></span> <span class='ocrx_word' id='word_1_42' title='bbox 1586 553 1794 622; x_wconf 84' lang='grc' dir='ltr'><strong>κόσμου</strong></span> <span class='ocrx_word' id='word_1_43' title='bbox 1824 551 1922 622; x_wconf 88' lang='grc' dir='ltr'><strong>δη-</strong></span> 
     </span>
    </p>
   </div>
   <div class='ocr_carea' id='block_1_9' title="bbox 348 634 1924 714">
    <p class='ocr_par' dir='ltr' id='par_1_9' title="bbox 348 634 1924 714">
     <span class='ocr_line' id='line_1_9' title="bbox 348 634 1924 714; baseline 0.001 -19"><span class='ocrx_word' id='word_1_44' title='bbox 348 634 674 712; x_wconf 75' lang='grc' dir='ltr'><strong>μιούργημα</strong></span> <span class='ocrx_word' id='word_1_45' title='bbox 710 641 824 712; x_wconf 69' lang='grc' dir='ltr'><strong>ἔχει</strong></span> <span class='ocrx_word' id='word_1_46' title='bbox 867 641 960 696; x_wconf 82' lang='grc' dir='ltr'><strong>τὸν</strong></span> <span class='ocrx_word' id='word_1_47' title='bbox 1009 640 1145 695; x_wconf 77' lang='grc' dir='ltr'><strong>Θεὸν</strong></span> <span class='ocrx_word' id='word_1_48' title='bbox 1178 644 1432 714; x_wconf 80' lang='grc' dir='ltr'><strong>ποιητὴν,</strong></span> <span class='ocrx_word' id='word_1_49' title='bbox 1479 643 1574 698; x_wconf 72' lang='grc' dir='ltr'><strong>καὶ</strong></span> <span class='ocrx_word' id='word_1_50' title='bbox 1605 641 1728 697; x_wconf 77' lang='grc' dir='ltr'><strong>οὔτε</strong></span> <span class='ocrx_word' id='word_1_51' title='bbox 1771 644 1924 696; x_wconf 80' lang='grc' dir='ltr'><strong>αὑτό-</strong></span> 
     </span>
    </p>
   </div>
   <div class='ocr_carea' id='block_1_10' title="bbox 347 732 1924 806">
    <p class='ocr_par' dir='ltr' id='par_1_10' title="bbox 347 732 1924 806">
     <span class='ocr_line' id='line_1_10' title="bbox 347 732 1924 806; baseline 0.001 -18"><span class='ocrx_word' id='word_1_52' title='bbox 347 751 524 801; x_wconf 79' lang='grc' dir='ltr'><strong>ματον</strong></span> <span class='ocrx_word' id='word_1_53' title='bbox 555 733 680 804; x_wconf 79' lang='grc' dir='ltr'><strong>ἔσχε</strong></span> <span class='ocrx_word' id='word_1_54' title='bbox 709 733 807 804; x_wconf 85' lang='grc' dir='ltr'><strong>τὴν</strong></span> <span class='ocrx_word' id='word_1_55' title='bbox 847 733 1082 806; x_wconf 79' lang='grc' dir='ltr'><strong>ὕπαρξιν</strong></span> <span class='ocrx_word' id='word_1_56' title='bbox 1115 732 1241 790; x_wconf 75' lang='grc' dir='ltr'><strong>οὔτε</strong></span> <span class='ocrx_word' id='word_1_57' title='bbox 1269 735 1534 806; x_wconf 80' lang='grc' dir='ltr'><strong>ἀγένητον</strong></span> <span class='ocrx_word' id='word_1_58' title='bbox 1560 735 1658 806; x_wconf 82' lang='grc' dir='ltr'><strong>τὴν</strong></span> <span class='ocrx_word' id='word_1_59' title='bbox 1690 736 1924 790; x_wconf 81' lang='grc' dir='ltr'><strong>ὑπόστα-</strong></span> 
     </span>
    </p>
   </div>
   <div class='ocr_carea' id='block_1_11' title="bbox 347 825 1922 900">
    <p class='ocr_par' dir='ltr' id='par_1_11' title="bbox 347 825 1922 900">
     <span class='ocr_line' id='line_1_11' title="bbox 347 825 1922 900; baseline 0.002 -21"><span class='ocrx_word' id='word_1_60' title='bbox 347 842 435 879; x_wconf 91' lang='grc' dir='ltr'><strong>σιν</strong></span> <span class='ocrx_word' id='word_1_61' title='bbox 460 825 650 897; x_wconf 77' lang='grc' dir='ltr'><strong>καὶτῷ</strong></span> <span class='ocrx_word' id='word_1_62' title='bbox 682 825 802 896; x_wconf 85' lang='grc' dir='ltr'><strong>Θεῷ</strong></span> <span class='ocrx_word' id='word_1_63' title='bbox 838 827 1126 882; x_wconf 89' lang='grc' dir='ltr'><strong>συναῖδιον.</strong></span> <span class='ocrx_word' id='word_1_64' title='bbox 1160 829 1271 884; x_wconf 83' lang='grc' dir='ltr'><strong>Κα).</strong></span> <span class='ocrx_word' id='word_1_65' title='bbox 1297 827 1560 882; x_wconf 81' lang='grc' dir='ltr'><strong>Πλάτωνα</strong></span> <span class='ocrx_word' id='word_1_66' title='bbox 1593 827 1652 882; x_wconf 86' lang='grc' dir='ltr'><strong>δὲ</strong></span> <span class='ocrx_word' id='word_1_67' title='bbox 1676 828 1770 882; x_wconf 80' lang='grc' dir='ltr'><strong>τὸν</strong></span> <span class='ocrx_word' id='word_1_68' title='bbox 1792 829 1922 900; x_wconf 88' lang='grc' dir='ltr'><strong>παρ’</strong></span> 
     </span>
    </p>
   </div>
   <div class='ocr_carea' id='block_1_12' title="bbox 351 916 1925 988">
    <p class='ocr_par' dir='ltr' id='par_1_12' title="bbox 351 916 1925 988">
     <span class='ocr_line' id='line_1_12' title="bbox 351 916 1925 988; baseline 0.003 -20"><span class='ocrx_word' id='word_1_69' title='bbox 351 916 576 988; x_wconf 82' lang='grc' dir='ltr'><strong>Ἕλλησι</strong></span> <span class='ocrx_word' id='word_1_70' title='bbox 626 917 949 987; x_wconf 68' lang='grc' dir='ltr'><strong>νομισθέντα</strong></span> <span class='ocrx_word' id='word_1_71' title='bbox 1013 917 1326 988; x_wconf 84' lang='grc' dir='ltr'><strong>σοφώτατον</strong></span> <span class='ocrx_word' id='word_1_72' title='bbox 1351 959 1368 985; x_wconf 93' lang='grc'><strong>,</strong></span> <span class='ocrx_word' id='word_1_73' title='bbox 1446 919 1625 974; x_wconf 90' lang='grc' dir='ltr'><strong>καίτοι</strong></span> <span class='ocrx_word' id='word_1_74' title='bbox 1701 920 1925 984; x_wconf 82' lang='grc' dir='ltr'><strong>πολλαῖς</strong></span> 
     </span>
    </p>
   </div>
   <div class='ocr_carea' id='block_1_13' title="bbox 348 1007 1924 1082">
    <p class='ocr_par' dir='ltr' id='par_1_13' title="bbox 348 1007 1924 1082">
     <span class='ocr_line' id='line_1_13' title="bbox 348 1007 1924 1082; baseline 0.004 -23"><span class='ocrx_word' id='word_1_75' title='bbox 348 1007 577 1079; x_wconf 80' lang='grc' dir='ltr'><strong>ὕστερον</strong></span> <span class='ocrx_word' id='word_1_76' title='bbox 633 1011 846 1077; x_wconf 79' lang='grc' dir='ltr'><strong>γενεαῖς</strong></span> <span class='ocrx_word' id='word_1_77' title='bbox 892 1009 1152 1080; x_wconf 81' lang='grc' dir='ltr'><strong>γεγονότα</strong></span> <span class='ocrx_word' id='word_1_78' title='bbox 1201 1011 1297 1064; x_wconf 76' lang='grc' dir='ltr'><strong>καὶ</strong></span> <span class='ocrx_word' id='word_1_79' title='bbox 1338 1012 1401 1065; x_wconf 88' lang='grc' dir='ltr'><strong>οὐ</strong></span> <span class='ocrx_word' id='word_1_80' title='bbox 1457 1012 1656 1082; x_wconf 83' lang='grc' dir='ltr'><strong>πλήθει</strong></span> <span class='ocrx_word' id='word_1_81' title='bbox 1706 1013 1924 1082; x_wconf 84' lang='grc' dir='ltr'><strong>τυχόντι</strong></span> 
     </span>
    </p>
   </div>
   <div class='ocr_carea' id='block_1_14' title="bbox 346 1100 1926 1174">
    <p class='ocr_par' dir='ltr' id='par_1_14' title="bbox 346 1100 1926 1174">
     <span class='ocr_line' id='line_1_14' title="bbox 346 1100 1926 1174; baseline 0.001 -22"><span class='ocrx_word' id='word_1_82' title='bbox 346 1102 475 1163; x_wconf 80' lang='grc' dir='ltr'><strong>τοὺς</strong></span> <span class='ocrx_word' id='word_1_83' title='bbox 527 1100 716 1167; x_wconf 86' lang='grc' dir='ltr'><strong>λόγους</strong></span> <span class='ocrx_word' id='word_1_84' title='bbox 769 1100 1112 1170; x_wconf 82' lang='grc' dir='ltr'><strong>ποιούμενον,</strong></span> <span class='ocrx_word' id='word_1_85' title='bbox 1149 1100 1287 1154; x_wconf 80' lang='grc' dir='ltr'><strong>ἀλλὰ</strong></span> <span class='ocrx_word' id='word_1_86' title='bbox 1331 1103 1444 1165; x_wconf 75' lang='grc' dir='ltr'><strong>τοῖς</strong></span> <span class='ocrx_word' id='word_1_87' title='bbox 1491 1102 1586 1156; x_wconf 75' lang='grc' dir='ltr'><strong>ἐπὶ</strong></span> <span class='ocrx_word' id='word_1_88' title='bbox 1636 1102 1926 1174; x_wconf 75' lang='grc' dir='ltr'>φιλοσοφίᾳ</span> 
     </span>
    </p>
   </div>
   <div class='ocr_carea' id='block_1_15' title="bbox 346 1191 1922 1266">
    <p class='ocr_par' dir='ltr' id='par_1_15' title="bbox 346 1191 1922 1266">
     <span class='ocr_line' id='line_1_15' title="bbox 346 1191 1922 1266; baseline 0.003 -22"><span class='ocrx_word' id='word_1_89' title='bbox 346 1191 458 1245; x_wconf 88' lang='grc' dir='ltr'><strong>τῶν</strong></span> <span class='ocrx_word' id='word_1_90' title='bbox 482 1192 658 1248; x_wconf 79' lang='grc' dir='ltr'><strong>ἄλλων</strong></span> <span class='ocrx_word' id='word_1_91' title='bbox 683 1192 1034 1264; x_wconf 76' lang='grc' dir='ltr'><strong>προῦχουσιν,</strong></span> <span class='ocrx_word' id='word_1_92' title='bbox 1062 1194 1212 1265; x_wconf 85' lang='grc' dir='ltr'><strong>ὅμως</strong></span> <span class='ocrx_word' id='word_1_93' title='bbox 1249 1193 1452 1249; x_wconf 77' lang='grc' dir='ltr'><strong>Μωσέα</strong></span> <span class='ocrx_word' id='word_1_94' title='bbox 1472 1195 1742 1249; x_wconf 90' lang='grc' dir='ltr'><strong>δείκνυσιν</strong></span> <span class='ocrx_word' id='word_1_95' title='bbox 1765 1196 1823 1248; x_wconf 85' lang='grc' dir='ltr'><strong>ὲν</strong></span> <span class='ocrx_word' id='word_1_96' title='bbox 1854 1197 1922 1266; x_wconf 77' lang='grc' dir='ltr'><strong>τῇ</strong></span> 
     </span>
    </p>
   </div>
   <div class='ocr_carea' id='block_1_16' title="bbox 347 1283 1922 1356">
    <p class='ocr_par' dir='ltr' id='par_1_16' title="bbox 347 1283 1922 1356">
     <span class='ocr_line' id='line_1_16' title="bbox 347 1283 1922 1356; baseline 0.002 -20"><span class='ocrx_word' id='word_1_97' title='bbox 347 1283 449 1352; x_wconf 85' lang='grc' dir='ltr'><strong>τῆς</strong></span> <span class='ocrx_word' id='word_1_98' title='bbox 498 1285 856 1354; x_wconf 87' lang='grc' dir='ltr'><strong>κοσμογονίας</strong></span> <span class='ocrx_word' id='word_1_99' title='bbox 931 1284 1096 1337; x_wconf 80' lang='grc' dir='ltr'><strong>αὐτοῦ</strong></span> <span class='ocrx_word' id='word_1_100' title='bbox 1169 1285 1420 1356; x_wconf 80' lang='grc' dir='ltr'><strong>διηγήσει</strong></span> <span class='ocrx_word' id='word_1_101' title='bbox 1495 1285 1922 1355; x_wconf 77' lang='grc' dir='ltr'><strong>ἑκμιμούμενον.</strong></span> 
     </span>
    </p>
   </div>
   <div class='ocr_carea' id='block_1_17' title="bbox 350 1372 1926 1446">
    <p class='ocr_par' dir='ltr' id='par_1_17' title="bbox 350 1372 1926 1446">
     <span class='ocr_line' id='line_1_17' title="bbox 350 1372 1926 1446; baseline 0.002 -20"><span class='ocrx_word' id='word_1_102' title='bbox 350 1372 494 1426; x_wconf 85' lang='grc' dir='ltr'><strong>Πολὺ</strong></span> <span class='ocrx_word' id='word_1_103' title='bbox 533 1375 590 1426; x_wconf 84' lang='grc' dir='ltr'><strong>δὲ</strong></span> <span class='ocrx_word' id='word_1_104' title='bbox 646 1375 1224 1446; x_wconf 83' lang='grc' dir='ltr'><strong>μεγαλοπρεπέστερον</strong></span> <span class='ocrx_word' id='word_1_105' title='bbox 1271 1375 1474 1429; x_wconf 83' lang='grc' dir='ltr'><strong>Μωσέα</strong></span> <span class='ocrx_word' id='word_1_106' title='bbox 1517 1376 1808 1440; x_wconf 85' lang='grc' dir='ltr'><strong>Πλάτωνος</strong></span> <span class='ocrx_word' id='word_1_107' title='bbox 1836 1394 1926 1431; x_wconf 88' lang='grc' dir='ltr'><strong>τε-</strong></span> 
     </span>
    </p>
   </div>
   <div class='ocr_carea' id='block_1_18' title="bbox 350 1465 1925 1538">
    <p class='ocr_par' dir='ltr' id='par_1_18' title="bbox 350 1465 1925 1538">
     <span class='ocr_line' id='line_1_18' title="bbox 350 1465 1925 1538; baseline 0.003 -20"><span class='ocrx_word' id='word_1_108' title='bbox 350 1465 737 1535; x_wconf 84' lang='grc' dir='ltr'><strong>θεολογηκέναι</strong></span> <span class='ocrx_word' id='word_1_109' title='bbox 767 1467 1119 1536; x_wconf 77' lang='grc' dir='ltr'><strong>παρίστησιν.</strong></span> <span class='ocrx_word' id='word_1_110' title='bbox 1141 1467 1264 1520; x_wconf 72' lang='grc' dir='ltr'><strong>Ὀτι</strong></span> <span class='ocrx_word' id='word_1_111' title='bbox 1289 1466 1441 1520; x_wconf 80' lang='grc' dir='ltr'><strong>οὐδέν</strong></span> <span class='ocrx_word' id='word_1_112' title='bbox 1463 1485 1627 1538; x_wconf 86' lang='grc' dir='ltr'><strong>φησιν</strong></span> <span class='ocrx_word' id='word_1_113' title='bbox 1657 1469 1766 1520; x_wconf 83' lang='grc' dir='ltr'><strong>οὐδ’</strong></span> <span class='ocrx_word' id='word_1_114' title='bbox 1790 1467 1925 1533; x_wconf 83' lang='grc' dir='ltr'><strong>ὅλως</strong></span> 
     </span>
    </p>
   </div>
   <div class='ocr_carea' id='block_1_19' title="bbox 2024 370 3592 440">
    <p class='ocr_par' dir='ltr' id='par_1_19' title="bbox 2024 370 3592 440">
     <span class='ocr_line' id='line_1_19' title="bbox 2024 370 3592 440; baseline 0.001 -17"><span class='ocrx_word' id='word_1_115' title='bbox 2024 370 2118 424; x_wconf 87' lang='lat' dir='ltr'><strong>sed</strong></span> <span class='ocrx_word' id='word_1_116' title='bbox 2153 371 2401 426; x_wconf 83' lang='lat' dir='ltr'><strong>homines</strong></span> <span class='ocrx_word' id='word_1_117' title='bbox 2449 373 2516 426; x_wconf 86' lang='lat' dir='ltr'><strong>ad</strong></span> <span class='ocrx_word' id='word_1_118' title='bbox 2545 370 2635 426; x_wconf 93' lang='lat' dir='ltr'><strong>Dei</strong></span> <span class='ocrx_word' id='word_1_119' title='bbox 2666 371 3052 440; x_wconf 85' lang='lat' dir='ltr'><strong>cognitionem,</strong></span> <span class='ocrx_word' id='word_1_120' title='bbox 3081 384 3177 437; x_wconf 89' lang='lat' dir='ltr'><strong>per</strong></span> <span class='ocrx_word' id='word_1_121' title='bbox 3201 370 3384 424; x_wconf 88' lang='lat' dir='ltr'><strong>mundi</strong></span> <span class='ocrx_word' id='word_1_122' title='bbox 3429 373 3592 424; x_wconf 91' lang='lat' dir='ltr'><strong>etiam</strong></span> 
     </span>
    </p>
   </div>
   <div class='ocr_carea' id='block_1_20' title="bbox 2023 460 3594 530">
    <p class='ocr_par' dir='ltr' id='par_1_20' title="bbox 2023 460 3594 530">
     <span class='ocr_line' id='line_1_20' title="bbox 2023 460 3594 530; baseline -0.001 -14"><span class='ocrx_word' id='word_1_123' title='bbox 2023 462 2355 518; x_wconf 74' lang='lat' dir='ltr'><strong>creationem</strong></span> <span class='ocrx_word' id='word_1_124' title='bbox 2385 462 2601 518; x_wconf 75' lang='lat' dir='ltr'><strong>trahere</strong></span> <span class='ocrx_word' id='word_1_125' title='bbox 2622 472 2678 518; x_wconf 89' lang='lat' dir='ltr'><strong>et</strong></span> <span class='ocrx_word' id='word_1_126' title='bbox 2701 462 2932 517; x_wconf 75' lang='lat' dir='ltr'><strong>invitare</strong></span> <span class='ocrx_word' id='word_1_127' title='bbox 2952 471 3184 515; x_wconf 88' lang='lat' dir='ltr'><strong>conatus</strong></span> <span class='ocrx_word' id='word_1_128' title='bbox 3211 469 3315 514; x_wconf 91' lang='lat' dir='ltr'><strong>est.</strong></span> <span class='ocrx_word' id='word_1_129' title='bbox 3343 460 3594 530; x_wconf 84' lang='lat' dir='ltr'><strong>Magnum</strong></span> 
     </span>
    </p>
   </div>
   <div class='ocr_carea' id='block_1_21' title="bbox 2023 550 3599 623">
    <p class='ocr_par' dir='ltr' id='par_1_21' title="bbox 2023 550 3599 623">
     <span class='ocr_line' id='line_1_21' title="bbox 2023 550 3599 623; baseline -0.001 -15"><span class='ocrx_word' id='word_1_130' title='bbox 2023 553 2127 608; x_wconf 90' lang='lat' dir='ltr'><strong>hoc</strong></span> <span class='ocrx_word' id='word_1_131' title='bbox 2161 564 2218 609; x_wconf 92' lang='lat' dir='ltr'><strong>et</strong></span> <span class='ocrx_word' id='word_1_132' title='bbox 2248 554 2590 623; x_wconf 86' lang='lat' dir='ltr'><strong>splendidum</strong></span> <span class='ocrx_word' id='word_1_133' title='bbox 2619 554 2802 609; x_wconf 88' lang='lat' dir='ltr'><strong>mundi</strong></span> <span class='ocrx_word' id='word_1_134' title='bbox 2837 567 2974 620; x_wconf 89' lang='lat' dir='ltr'><strong>opus</strong></span> <span class='ocrx_word' id='word_1_135' title='bbox 3011 567 3041 606; x_wconf 89' lang='lat' dir='ltr'><strong>a</strong></span> <span class='ocrx_word' id='word_1_136' title='bbox 3085 552 3194 605; x_wconf 84' lang='lat' dir='ltr'><strong>Deo</strong></span> <span class='ocrx_word' id='word_1_137' title='bbox 3227 550 3452 613; x_wconf 80' lang='lat' dir='ltr'><strong>factum,</strong></span> <span class='ocrx_word' id='word_1_138' title='bbox 3502 567 3599 606; x_wconf 81' lang='lat' dir='ltr'><strong>ne-</strong></span> 
     </span>
    </p>
   </div>
   <div class='ocr_carea' id='block_1_22' title="bbox 2022 640 3596 714">
    <p class='ocr_par' dir='ltr' id='par_1_22' title="bbox 2022 640 3596 714">
     <span class='ocr_line' id='line_1_22' title="bbox 2022 640 3596 714; baseline -0.003 -16"><span class='ocrx_word' id='word_1_139' title='bbox 2022 658 2130 714; x_wconf 84' lang='lat' dir='ltr'><strong>que</strong></span> <span class='ocrx_word' id='word_1_140' title='bbox 2163 659 2190 697; x_wconf 86' lang='lat' dir='ltr'><strong>a</strong></span> <span class='ocrx_word' id='word_1_141' title='bbox 2233 659 2292 700; x_wconf 91' lang='lat' dir='ltr'><strong>se</strong></span> <span class='ocrx_word' id='word_1_142' title='bbox 2321 645 2646 713; x_wconf 91' lang='lat' dir='ltr'><strong>principium</strong></span> <span class='ocrx_word' id='word_1_143' title='bbox 2700 643 2923 708; x_wconf 85' lang='lat' dir='ltr'><strong>habere,</strong></span> <span class='ocrx_word' id='word_1_144' title='bbox 2952 656 3129 710; x_wconf 90' lang='lat' dir='ltr'><strong>neque</strong></span> <span class='ocrx_word' id='word_1_145' title='bbox 3173 640 3596 707; x_wconf 88' lang='lat' dir='ltr'><strong>ingenerabilem</strong></span> 
     </span>
    </p>
   </div>
   <div class='ocr_carea' id='block_1_23' title="bbox 2021 728 3597 804">
    <p class='ocr_par' dir='ltr' id='par_1_23' title="bbox 2021 728 3597 804">
     <span class='ocr_line' id='line_1_23' title="bbox 2021 728 3597 804; baseline -0.004 -14"><span class='ocrx_word' id='word_1_146' title='bbox 2021 735 2330 798; x_wconf 86' lang='lat' dir='ltr'><strong>materiam,</strong></span> <span class='ocrx_word' id='word_1_147' title='bbox 2397 749 2573 804; x_wconf 89' lang='lat' dir='ltr'><strong>neque</strong></span> <span class='ocrx_word' id='word_1_148' title='bbox 2626 733 2737 788; x_wconf 88' lang='lat' dir='ltr'><strong>Deo</strong></span> <span class='ocrx_word' id='word_1_149' title='bbox 2789 741 3138 787; x_wconf 65' lang='lat' dir='ltr'><strong>coaeternam.</strong></span> <span class='ocrx_word' id='word_1_150' title='bbox 3184 728 3597 798; x_wconf 86' lang='lat' dir='ltr'><strong>Platonemque,</strong></span> 
     </span>
    </p>
   </div>
   <div class='ocr_carea' id='block_1_24' title="bbox 2023 821 3602 898">
    <p class='ocr_par' dir='ltr' id='par_1_24' title="bbox 2023 821 3602 898">
     <span class='ocr_line' id='line_1_24' title="bbox 2023 821 3602 898; baseline -0.002 -20"><span class='ocrx_word' id='word_1_151' title='bbox 2023 842 2185 898; x_wconf 85' lang='lat' dir='ltr'><strong>quem</strong></span> <span class='ocrx_word' id='word_1_152' title='bbox 2214 826 2387 884; x_wconf 81' lang='lat' dir='ltr'><strong>Graeci</strong></span> <span class='ocrx_word' id='word_1_153' title='bbox 2420 823 2878 894; x_wconf 83' lang='lat' dir='ltr'><strong>sapientissimum</strong></span> <span class='ocrx_word' id='word_1_154' title='bbox 2909 821 3318 885; x_wconf 74' lang='lat' dir='ltr'><strong>existimarunt,</strong></span> <span class='ocrx_word' id='word_1_155' title='bbox 3349 821 3453 875; x_wconf 87' lang='lat' dir='ltr'><strong>etsi</strong></span> <span class='ocrx_word' id='word_1_156' title='bbox 3494 837 3602 876; x_wconf 70' lang='lat' dir='ltr'><strong>ste-</strong></span> 
     </span>
    </p>
   </div>
   <div class='ocr_carea' id='block_1_25' title="bbox 2023 913 3602 990">
    <p class='ocr_par' dir='ltr' id='par_1_25' title="bbox 2023 913 3602 990">
     <span class='ocr_line' id='line_1_25' title="bbox 2023 913 3602 990; baseline -0.006 -12"><span class='ocrx_word' id='word_1_157' title='bbox 2023 923 2159 978; x_wconf 89' lang='lat' dir='ltr'><strong>culis</strong></span> <span class='ocrx_word' id='word_1_158' title='bbox 2195 920 2381 976; x_wconf 91' lang='lat' dir='ltr'><strong>multis</strong></span> <span class='ocrx_word' id='word_1_159' title='bbox 2429 919 2700 990; x_wconf 82' lang='lat' dir='ltr'><strong>posterior</strong></span> <span class='ocrx_word' id='word_1_160' title='bbox 2735 916 2921 980; x_wconf 86' lang='lat' dir='ltr'><strong>fuerit,</strong></span> <span class='ocrx_word' id='word_1_161' title='bbox 2965 930 3068 970; x_wconf 90' lang='lat' dir='ltr'><strong>nec</strong></span> <span class='ocrx_word' id='word_1_162' title='bbox 3096 929 3164 969; x_wconf 91' lang='lat' dir='ltr'><strong>ex</strong></span> <span class='ocrx_word' id='word_1_163' title='bbox 3207 914 3363 984; x_wconf 79' lang='lat' dir='ltr'><strong>plebe</strong></span> <span class='ocrx_word' id='word_1_164' title='bbox 3408 913 3602 982; x_wconf 88' lang='lat' dir='ltr'><strong>cuique</strong></span> 
     </span>
    </p>
   </div>
   <div class='ocr_carea' id='block_1_26' title="bbox 2024 1003 3601 1080">
    <p class='ocr_par' dir='ltr' id='par_1_26' title="bbox 2024 1003 3601 1080">
     <span class='ocr_line' id='line_1_26' title="bbox 2024 1003 3601 1080; baseline -0.006 -13"><span class='ocrx_word' id='word_1_165' title='bbox 2024 1013 2195 1068; x_wconf 88' lang='lat' dir='ltr'><strong>libros</strong></span> <span class='ocrx_word' id='word_1_166' title='bbox 2239 1026 2366 1067; x_wconf 84' lang='lat' dir='ltr'><strong>suos</strong></span> <span class='ocrx_word' id='word_1_167' title='bbox 2419 1009 2724 1080; x_wconf 84' lang='lat' dir='ltr'><strong>scripserit,</strong></span> <span class='ocrx_word' id='word_1_168' title='bbox 2777 1009 2872 1062; x_wconf 89' lang='lat' dir='ltr'><strong>sed</strong></span> <span class='ocrx_word' id='word_1_169' title='bbox 2921 1006 2990 1061; x_wconf 88' lang='lat' dir='ltr'><strong>iis</strong></span> <span class='ocrx_word' id='word_1_170' title='bbox 3037 1007 3126 1075; x_wconf 92' lang='lat' dir='ltr'><strong>qui</strong></span> <span class='ocrx_word' id='word_1_171' title='bbox 3164 1020 3274 1075; x_wconf 72' lang='lat' dir='ltr'><strong>pra:</strong></span> <span class='ocrx_word' id='word_1_172' title='bbox 3303 1004 3512 1060; x_wconf 68' lang='lat' dir='ltr'><strong>caneris</strong></span> <span class='ocrx_word' id='word_1_173' title='bbox 3547 1003 3601 1057; x_wconf 91' lang='lat' dir='ltr'><strong>in</strong></span> 
     </span>
    </p>
   </div>
   <div class='ocr_carea' id='block_1_27' title="bbox 2024 1096 3602 1174">
    <p class='ocr_par' dir='ltr' id='par_1_27' title="bbox 2024 1096 3602 1174">
     <span class='ocr_line' id='line_1_27' title="bbox 2024 1096 3602 1174; baseline -0.008 -13"><span class='ocrx_word' id='word_1_174' title='bbox 2024 1104 2362 1174; x_wconf 86' lang='lat' dir='ltr'><strong>philosophia</strong></span> <span class='ocrx_word' id='word_1_175' title='bbox 2419 1105 2662 1172; x_wconf 73' lang='lat' dir='ltr'><strong>ingentes</strong></span> <span class='ocrx_word' id='word_1_176' title='bbox 2704 1115 3022 1171; x_wconf 84' lang='lat' dir='ltr'><strong>progressus</strong></span> <span class='ocrx_word' id='word_1_177' title='bbox 3088 1099 3354 1163; x_wconf 84' lang='lat' dir='ltr'><strong>fecerunt,</strong></span> <span class='ocrx_word' id='word_1_178' title='bbox 3401 1096 3602 1151; x_wconf 80' lang='lat' dir='ltr'><strong>Mosem</strong></span> 
     </span>
    </p>
   </div>
   <div class='ocr_carea' id='block_1_28' title="bbox 2026 1186 3603 1256">
    <p class='ocr_par' dir='ltr' id='par_1_28' title="bbox 2026 1186 3603 1256">
     <span class='ocr_line' id='line_1_28' title="bbox 2026 1186 3603 1256; baseline -0.008 -5"><span class='ocrx_word' id='word_1_179' title='bbox 2026 1197 2079 1251; x_wconf 92' lang='lat' dir='ltr'><strong>in</strong></span> <span class='ocrx_word' id='word_1_180' title='bbox 2109 1197 2292 1256; x_wconf 88' lang='lat' dir='ltr'><strong>mundi</strong></span> <span class='ocrx_word' id='word_1_181' title='bbox 2328 1195 2532 1250; x_wconf 89' lang='lat' dir='ltr'><strong>conditi</strong></span> <span class='ocrx_word' id='word_1_182' title='bbox 2564 1193 2914 1248; x_wconf 81' lang='lat' dir='ltr'><strong>enarratione</strong></span> <span class='ocrx_word' id='word_1_183' title='bbox 2957 1190 3228 1245; x_wconf 87' lang='lat' dir='ltr'><strong>imitatum</strong></span> <span class='ocrx_word' id='word_1_184' title='bbox 3262 1187 3451 1242; x_wconf 86' lang='lat' dir='ltr'><strong>fuisse.</strong></span> <span class='ocrx_word' id='word_1_185' title='bbox 3497 1186 3603 1240; x_wconf 86' lang='lat' dir='ltr'><strong>Sed</strong></span> 
     </span>
    </p>
   </div>
   <div class='ocr_carea' id='block_1_29' title="bbox 2025 1278 3604 1342">
    <p class='ocr_par' dir='ltr' id='par_1_29' title="bbox 2025 1278 3604 1342">
     <span class='ocr_line' id='line_1_29' title="bbox 2025 1278 3604 1342; baseline -0.006 -2"><span class='ocrx_word' id='word_1_186' title='bbox 2025 1286 2225 1341; x_wconf 83' lang='lat' dir='ltr'><strong>Mosem</strong></span> <span class='ocrx_word' id='word_1_187' title='bbox 2250 1287 2536 1342; x_wconf 80' lang='lat' dir='ltr'><strong>sublimius</strong></span> <span class='ocrx_word' id='word_1_188' title='bbox 2572 1285 2739 1339; x_wconf 90' lang='lat' dir='ltr'><strong>multo</strong></span> <span class='ocrx_word' id='word_1_189' title='bbox 2772 1299 2885 1339; x_wconf 88' lang='lat' dir='ltr'><strong>rem</strong></span> <span class='ocrx_word' id='word_1_190' title='bbox 2914 1281 3080 1337; x_wconf 81' lang='lat' dir='ltr'><strong>refert</strong></span> <span class='ocrx_word' id='word_1_191' title='bbox 3124 1295 3431 1336; x_wconf 85' lang='lat' dir='ltr'><strong>enarrasse.</strong></span> <span class='ocrx_word' id='word_1_192' title='bbox 3460 1278 3604 1332; x_wconf 86' lang='lat' dir='ltr'><strong>Nihil</strong></span> 
     </span>
    </p>
   </div>
   <div class='ocr_carea' id='block_1_30' title="bbox 2031 1370 3606 1441">
    <p class='ocr_par' dir='ltr' id='par_1_30' title="bbox 2031 1370 3606 1441">
     <span class='ocr_line' id='line_1_30' title="bbox 2031 1370 3606 1441; baseline -0.007 -9"><span class='ocrx_word' id='word_1_193' title='bbox 2031 1380 2108 1433; x_wconf 93' lang='lat' dir='ltr'><strong>ait</strong></span> <span class='ocrx_word' id='word_1_194' title='bbox 2169 1378 2222 1431; x_wconf 92' lang='lat' dir='ltr'><strong>in</strong></span> <span class='ocrx_word' id='word_1_195' title='bbox 2260 1378 2464 1431; x_wconf 64' lang='lat' dir='ltr'><strong>&#39;tnundi</strong></span> <span class='ocrx_word' id='word_1_196' title='bbox 2523 1376 2799 1430; x_wconf 83' lang='lat' dir='ltr'><strong>creatione</strong></span> <span class='ocrx_word' id='word_1_197' title='bbox 2847 1389 2990 1441; x_wconf 88' lang='lat' dir='ltr'><strong>esse,</strong></span> <span class='ocrx_word' id='word_1_198' title='bbox 3053 1387 3344 1441; x_wconf 87' lang='lat' dir='ltr'><strong>rerumque</strong></span> <span class='ocrx_word' id='word_1_199' title='bbox 3416 1370 3606 1424; x_wconf 88' lang='lat' dir='ltr'><strong>ordine</strong></span> 
     </span>
    </p>
   </div>
   <div class='ocr_carea' id='block_1_31' title="bbox 2026 1461 3604 1536">
    <p class='ocr_par' dir='ltr' id='par_1_31' title="bbox 2026 1461 3604 1536">
     <span class='ocr_line' id='line_1_31' title="bbox 2026 1461 3604 1536; baseline -0.006 -16"><span class='ocrx_word' id='word_1_200' title='bbox 2026 1467 2155 1536; x_wconf 90' lang='lat' dir='ltr'><strong>quin</strong></span> <span class='ocrx_word' id='word_1_201' title='bbox 2203 1465 2367 1522; x_wconf 82' lang='lat' dir='ltr'><strong>Mosls</strong></span> <span class='ocrx_word' id='word_1_202' title='bbox 2413 1466 2593 1522; x_wconf 84' lang='lat' dir='ltr'><strong>verbis</strong></span> <span class='ocrx_word' id='word_1_203' title='bbox 2641 1465 2998 1535; x_wconf 84' lang='lat' dir='ltr'><strong>respondeat;</strong></span> <span class='ocrx_word' id='word_1_204' title='bbox 3031 1472 3218 1518; x_wconf 86' lang='lat' dir='ltr'><strong>contra</strong></span> <span class='ocrx_word' id='word_1_205' title='bbox 3272 1475 3410 1516; x_wconf 88' lang='lat' dir='ltr'><strong>vero</strong></span> <span class='ocrx_word' id='word_1_206' title='bbox 3438 1461 3604 1513; x_wconf 80' lang='lat' dir='ltr'><strong>multa</strong></span> 
     </span>
    </p>
   </div>
   <div class='ocr_carea' id='block_1_32' title="bbox 348 1552 1932 1631">
    <p class='ocr_par' dir='ltr' id='par_1_32' title="bbox 348 1556 1926 1631">
     <span class='ocr_line' id='line_1_32' title="bbox 348 1556 1926 1631; baseline 0 -20"><span class='ocrx_word' id='word_1_207' title='bbox 348 1559 459 1612; x_wconf 89' lang='grc' dir='ltr'><strong>τῶν</strong></span> <span class='ocrx_word' id='word_1_208' title='bbox 505 1559 565 1612; x_wconf 83' lang='grc' dir='ltr'><strong>ὲν</strong></span> <span class='ocrx_word' id='word_1_209' title='bbox 600 1561 664 1629; x_wconf 78' lang='grc' dir='ltr'><strong>τῇ</strong></span> <span class='ocrx_word' id='word_1_210' title='bbox 695 1558 1024 1631; x_wconf 72' lang='grc' dir='ltr'><strong>κοσμογονίᾳ</strong></span> <span class='ocrx_word' id='word_1_211' title='bbox 1063 1556 1158 1610; x_wconf 83' lang='grc' dir='ltr'><strong>τοῦ</strong></span> <span class='ocrx_word' id='word_1_212' title='bbox 1187 1558 1465 1628; x_wconf 79' lang='grc' dir='ltr'><strong>προφήτου</strong></span> <span class='ocrx_word' id='word_1_213' title='bbox 1493 1561 1558 1629; x_wconf 77' lang='grc' dir='ltr'><strong>τῇ</strong></span> <span class='ocrx_word' id='word_1_214' title='bbox 1587 1557 1682 1610; x_wconf 84' lang='grc' dir='ltr'><strong>τοῦ</strong></span> <span class='ocrx_word' id='word_1_215' title='bbox 1725 1559 1926 1623; x_wconf 68' lang='grc' dir='ltr'><strong>παντὸς</strong></span> 
     </span>
    </p>
   </div>
   <div class='ocr_carea' id='block_1_33' title="bbox 2040 1552 3605 1631">
    <p class='ocr_par' dir='ltr' id='par_1_33' title="bbox 2040 1552 3605 1626">
     <span class='ocr_line' id='line_1_33' title="bbox 2040 1552 3605 1626; baseline -0.008 -14"><span class='ocrx_word' id='word_1_216' title='bbox 2040 1572 2236 1622; x_wconf 68' lang='lat' dir='ltr'><strong>eorum,</strong></span> <span class='ocrx_word' id='word_1_217' title='bbox 2309 1572 2539 1625; x_wconf 90' lang='lat' dir='ltr'><strong>quorum</strong></span> <span class='ocrx_word' id='word_1_218' title='bbox 2597 1571 2624 1610; x_wconf 89' lang='lat' dir='ltr'><strong>a</strong></span> <span class='ocrx_word' id='word_1_219' title='bbox 2680 1555 2918 1626; x_wconf 86' lang='lat' dir='ltr'><strong>physicis</strong></span> <span class='ocrx_word' id='word_1_220' title='bbox 2991 1552 3330 1624; x_wconf 66' lang='lat' dir='ltr'><strong>investigata:</strong></span> <span class='ocrx_word' id='word_1_221' title='bbox 3401 1565 3605 1615; x_wconf 54' lang='lat' dir='ltr'><strong>causas,</strong></span> 
     </span>
    </p>
   </div>
   <div class='ocr_carea' id='block_1_34' title="bbox 343 1625 1932 1717">
    <p class='ocr_par' dir='ltr' id='par_1_34' title="bbox 343 1625 1923 1717">
     <span class='ocr_line' id='line_1_34' title="bbox 343 1625 1923 1717; baseline 0.003 -18"><span class='ocrx_word' id='word_1_222' title='bbox 343 1645 585 1712; x_wconf 79' lang='grc' dir='ltr'><strong>διατάξει</strong></span> <span class='ocrx_word' id='word_1_223' title='bbox 620 1625 947 1717; x_wconf 65' lang='grc' dir='ltr'><strong>ἀσύμφωνον</strong></span> <span class='ocrx_word' id='word_1_224' title='bbox 970 1625 1335 1700; x_wconf 33' lang='grc' dir='ltr'><strong>’-τούναντίον</strong></span> <span class='ocrx_word' id='word_1_225' title='bbox 1356 1625 1430 1700; x_wconf 38' lang='grc' dir='ltr'><strong>-δὲ</strong></span> <span class='ocrx_word' id='word_1_226' title='bbox 1488 1625 1583 1701; x_wconf 70' lang='grc' dir='ltr'><strong>κᾶι</strong></span> <span class='ocrx_word' id='word_1_227' title='bbox 1626 1648 1794 1702; x_wconf 84' lang='grc' dir='ltr'><strong>πολλὰ</strong></span> <span class='ocrx_word' id='word_1_228' title='bbox 1815 1650 1923 1704; x_wconf 87' lang='grc' dir='ltr'><strong>τῶν</strong></span> 
     </span>
    </p>
   </div>
   <div class='ocr_carea' id='block_1_35' title="bbox 2040 1625 3607 1717">
    <p class='ocr_par' dir='ltr' id='par_1_35' title="bbox 2040 1625 3607 1716">
     <span class='ocr_line' id='line_1_35' title="bbox 2040 1625 3607 1716; baseline -0.007 -14"><span class='ocrx_word' id='word_1_229' title='bbox 2040 1662 2056 1702; x_wconf 73' lang='lat'>3</span> <span class='ocrx_word' id='word_1_230' title='bbox 2089 1647 2254 1702; x_wconf 75' lang='lat' dir='ltr'><strong>Mosis</strong></span> <span class='ocrx_word' id='word_1_231' title='bbox 2295 1646 2513 1716; x_wconf 89' lang='lat' dir='ltr'><strong>scriptis</strong></span> <span class='ocrx_word' id='word_1_232' title='bbox 2561 1625 2846 1714; x_wconf 84' lang='lat' dir='ltr'><strong>desumpta</strong></span> <span class='ocrx_word' id='word_1_233' title='bbox 2873 1652 3020 1698; x_wconf 90' lang='lat' dir='ltr'><strong>sunt.</strong></span> <span class='ocrx_word' id='word_1_234' title='bbox 3053 1643 3109 1697; x_wconf 90' lang='lat' dir='ltr'><strong>In</strong></span> <span class='ocrx_word' id='word_1_235' title='bbox 3139 1642 3322 1696; x_wconf 90' lang='lat' dir='ltr'><strong>multis</strong></span> <span class='ocrx_word' id='word_1_236' title='bbox 3353 1653 3607 1711; x_wconf 86' lang='lat' dir='ltr'><strong>magnum</strong></span> 
     </span>
    </p>
   </div>
   <div class='ocr_carea' id='block_1_36' title="bbox 345 1733 1924 1807">
    <p class='ocr_par' dir='ltr' id='par_1_36' title="bbox 345 1733 1924 1807">
     <span class='ocr_line' id='line_1_36' title="bbox 345 1733 1924 1807; baseline 0.003 -19"><span class='ocrx_word' id='word_1_237' title='bbox 345 1734 574 1805; x_wconf 81' lang='grc' dir='ltr'><strong>ὕστερον</strong></span> <span class='ocrx_word' id='word_1_238' title='bbox 619 1737 1095 1807; x_wconf 84' lang='grc' dir='ltr'><strong>αίτιολογηθέντων</strong></span> <span class='ocrx_word' id='word_1_239' title='bbox 1135 1735 1239 1790; x_wconf 82' lang='grc' dir='ltr'><strong>ὑπὸ</strong></span> <span class='ocrx_word' id='word_1_240' title='bbox 1267 1733 1378 1789; x_wconf 88' lang='grc' dir='ltr'><strong>τῶν</strong></span> <span class='ocrx_word' id='word_1_241' title='bbox 1423 1737 1671 1804; x_wconf 83' lang='grc' dir='ltr'><strong>φυσικῶν</strong></span> <span class='ocrx_word' id='word_1_242' title='bbox 1711 1740 1775 1790; x_wconf 84' lang='grc' dir='ltr'><strong>ὲκ</strong></span> <span class='ocrx_word' id='word_1_243' title='bbox 1815 1739 1924 1793; x_wconf 92' lang='grc' dir='ltr'><strong>τῶν</strong></span> 
     </span>
    </p>
   </div>
   <div class='ocr_carea' id='block_1_37' title="bbox 345 1825 1922 1900">
    <p class='ocr_par' dir='ltr' id='par_1_37' title="bbox 345 1825 1922 1900">
     <span class='ocr_line' id='line_1_37' title="bbox 345 1825 1922 1900; baseline 0.001 -18"><span class='ocrx_word' id='word_1_244' title='bbox 345 1829 589 1892; x_wconf 83' lang='grc' dir='ltr'><strong>Μωσέως</strong></span> <span class='ocrx_word' id='word_1_245' title='bbox 612 1829 932 1899; x_wconf 80' lang='grc' dir='ltr'><strong>γραφέντων</strong></span> <span class='ocrx_word' id='word_1_246' title='bbox 966 1828 1159 1898; x_wconf 73' lang='grc' dir='ltr'><strong>εἴληφε</strong></span> <span class='ocrx_word' id='word_1_247' title='bbox 1189 1825 1286 1899; x_wconf 70' lang='grc' dir='ltr'><strong>τὴν</strong></span> <span class='ocrx_word' id='word_1_248' title='bbox 1326 1829 1524 1900; x_wconf 78' lang='grc' dir='ltr'><strong>ἀρχήν.</strong></span> <span class='ocrx_word' id='word_1_249' title='bbox 1561 1829 1686 1883; x_wconf 87' lang='grc' dir='ltr'><strong>Ὅτι</strong></span> <span class='ocrx_word' id='word_1_250' title='bbox 1714 1832 1771 1884; x_wconf 81' lang='grc' dir='ltr'><strong>ὲν</strong></span> <span class='ocrx_word' id='word_1_251' title='bbox 1791 1831 1922 1884; x_wconf 84' lang='grc' dir='ltr'><strong>πολ-</strong></span> 
     </span>
    </p>
   </div>
   <div class='ocr_carea' id='block_1_38' title="bbox 345 1918 1926 1990">
    <p class='ocr_par' dir='ltr' id='par_1_38' title="bbox 345 1918 1926 1990">
     <span class='ocr_line' id='line_1_38' title="bbox 345 1918 1926 1990; baseline 0.002 -18"><span class='ocrx_word' id='word_1_252' title='bbox 345 1918 460 1982; x_wconf 80' lang='grc' dir='ltr'><strong>λοϊς</strong></span> <span class='ocrx_word' id='word_1_253' title='bbox 502 1920 666 1984; x_wconf 79' lang='grc' dir='ltr'><strong>ἀξίως</strong></span> <span class='ocrx_word' id='word_1_254' title='bbox 724 1920 816 1973; x_wconf 78' lang='grc' dir='ltr'><strong>τὸν</strong></span> <span class='ocrx_word' id='word_1_255' title='bbox 871 1921 1047 1990; x_wconf 81' lang='grc' dir='ltr'><strong>μέγαν</strong></span> <span class='ocrx_word' id='word_1_256' title='bbox 1098 1919 1416 1985; x_wconf 78' lang='grc' dir='ltr'><strong>ἅποθειόιζει</strong></span> <span class='ocrx_word' id='word_1_257' title='bbox 1467 1919 1770 1989; x_wconf 77' lang='grc' dir='ltr'><strong>Βασίλειον,</strong></span> <span class='ocrx_word' id='word_1_258' title='bbox 1831 1923 1926 1977; x_wconf 76' lang='grc' dir='ltr'><strong>καὶ</strong></span> 
     </span>
    </p>
   </div>
   <div class='ocr_carea' id='block_1_39' title="bbox 2026 1733 3611 1806">
    <p class='ocr_par' dir='ltr' id='par_1_39' title="bbox 2026 1733 3611 1806">
     <span class='ocr_line' id='line_1_39' title="bbox 2026 1733 3611 1806; baseline -0.006 -13"><span class='ocrx_word' id='word_1_259' title='bbox 2026 1738 2306 1806; x_wconf 88' lang='lat' dir='ltr'><strong>Basilium,</strong></span> <span class='ocrx_word' id='word_1_260' title='bbox 2342 1748 2396 1794; x_wconf 87' lang='lat' dir='ltr'><strong>et</strong></span> <span class='ocrx_word' id='word_1_261' title='bbox 2435 1737 2778 1793; x_wconf 86' lang='lat' dir='ltr'><strong>Theodorum</strong></span> <span class='ocrx_word' id='word_1_262' title='bbox 2823 1736 3172 1804; x_wconf 62' lang='lat' dir='ltr'><strong>Mopsuestia;</strong></span> <span class='ocrx_word' id='word_1_263' title='bbox 3208 1733 3462 1788; x_wconf 89' lang='lat' dir='ltr'><strong>laudibus</strong></span> <span class='ocrx_word' id='word_1_264' title='bbox 3503 1745 3611 1784; x_wconf 86' lang='lat' dir='ltr'><strong>me-</strong></span> 
     </span>
    </p>
   </div>
   <div class='ocr_carea' id='block_1_40' title="bbox 2031 1823 3608 1898">
    <p class='ocr_par' dir='ltr' id='par_1_40' title="bbox 2031 1823 3608 1898">
     <span class='ocr_line' id='line_1_40' title="bbox 2031 1823 3608 1898; baseline -0.006 -12"><span class='ocrx_word' id='word_1_265' title='bbox 2031 1833 2136 1887; x_wconf 92' lang='lat' dir='ltr'><strong>rito</strong></span> <span class='ocrx_word' id='word_1_266' title='bbox 2171 1831 2403 1897; x_wconf 87' lang='lat' dir='ltr'><strong>extollit,</strong></span> <span class='ocrx_word' id='word_1_267' title='bbox 2436 1831 2543 1886; x_wconf 89' lang='lat' dir='ltr'><strong>etsi</strong></span> <span class='ocrx_word' id='word_1_268' title='bbox 2577 1845 2684 1885; x_wconf 91' lang='lat' dir='ltr'><strong>non</strong></span> <span class='ocrx_word' id='word_1_269' title='bbox 2713 1830 2767 1883; x_wconf 93' lang='lat' dir='ltr'><strong>in</strong></span> <span class='ocrx_word' id='word_1_270' title='bbox 2793 1827 3049 1882; x_wconf 88' lang='lat' dir='ltr'><strong>omnibus</strong></span> <span class='ocrx_word' id='word_1_271' title='bbox 3078 1841 3198 1898; x_wconf 83' lang='lat' dir='ltr'><strong>quae</strong></span> <span class='ocrx_word' id='word_1_272' title='bbox 3233 1823 3608 1895; x_wconf 89' lang='lat' dir='ltr'><strong>reprehendit,</strong></span> 
     </span>
    </p>
   </div>
   <div class='ocr_carea' id='block_1_41' title="bbox 2031 1919 2926 1994">
    <p class='ocr_par' dir='ltr' id='par_1_41' title="bbox 2031 1919 2926 1994">
     <span class='ocr_line' id='line_1_41' title="bbox 2031 1919 2926 1994; baseline -0.001 -17"><span class='ocrx_word' id='word_1_273' title='bbox 2031 1925 2158 1979; x_wconf 89' lang='lat' dir='ltr'><strong>licet</strong></span> <span class='ocrx_word' id='word_1_274' title='bbox 2190 1940 2297 1978; x_wconf 91' lang='lat' dir='ltr'><strong>non</strong></span> <span class='ocrx_word' id='word_1_275' title='bbox 2327 1938 2497 1994; x_wconf 87' lang='lat' dir='ltr'><strong>pauca</strong></span> <span class='ocrx_word' id='word_1_276' title='bbox 2525 1921 2650 1992; x_wconf 87' lang='lat' dir='ltr'><strong>jure</strong></span> <span class='ocrx_word' id='word_1_277' title='bbox 2690 1919 2926 1976; x_wconf 89' lang='lat' dir='ltr'><strong>vellicet.</strong></span> 
     </span>
    </p>
   </div>
   <div class='ocr_carea' id='block_1_42' title="bbox 344 2011 3609 2088">
    <p class='ocr_par' dir='ltr' id='par_1_42' title="bbox 344 2011 3609 2088">
     <span class='ocr_line' id='line_1_42' title="bbox 344 2011 3609 2088; baseline -0.002 -20"><span class='ocrx_word' id='word_1_278' title='bbox 344 2015 624 2084; x_wconf 84' lang='grc' dir='ltr'><strong>Θεόδωρον</strong></span> <span class='ocrx_word' id='word_1_279' title='bbox 645 2013 735 2068; x_wconf 77' lang='grc' dir='ltr'><strong>τὸν</strong></span> <span class='ocrx_word' id='word_1_280' title='bbox 757 2013 1150 2084; x_wconf 80' lang='grc' dir='ltr'><strong>Μοψουεστίας,</strong></span> <span class='ocrx_word' id='word_1_281' title='bbox 1199 2016 1248 2068; x_wconf 84' lang='grc' dir='ltr'><strong>εί</strong></span> <span class='ocrx_word' id='word_1_282' title='bbox 1295 2017 1388 2069; x_wconf 67' lang='grc' dir='ltr'><strong>καὶ</strong></span> <span class='ocrx_word' id='word_1_283' title='bbox 1434 2016 1511 2086; x_wconf 85' lang='grc' dir='ltr'><strong>μὴ</strong></span> <span class='ocrx_word' id='word_1_284' title='bbox 1551 2017 1609 2068; x_wconf 78' lang='grc' dir='ltr'><strong>ἐν</strong></span> <span class='ocrx_word' id='word_1_285' title='bbox 1662 2017 1827 2071; x_wconf 81' lang='grc' dir='ltr'><strong>πᾶσιν</strong></span> <span class='ocrx_word' id='word_1_286' title='bbox 1857 2013 1939 2082; x_wconf 74' lang='grc' dir='ltr'><strong>οἷς</strong></span> <span class='ocrx_word' id='word_1_287' title='bbox 1975 2019 2311 2088; x_wconf 74' lang='grc' dir='ltr'><strong>ἐπαιτιᾶται,</strong></span> <span class='ocrx_word' id='word_1_288' title='bbox 2358 2017 2473 2073; x_wconf 81' lang='grc' dir='ltr'><strong>ἀλλ’</strong></span> <span class='ocrx_word' id='word_1_289' title='bbox 2505 2017 2598 2072; x_wconf 79' lang='grc' dir='ltr'><strong>οὖν</strong></span> <span class='ocrx_word' id='word_1_290' title='bbox 2629 2017 2729 2071; x_wconf 84' lang='grc' dir='ltr'><strong>οὑκ</strong></span> <span class='ocrx_word' id='word_1_291' title='bbox 2789 2016 2847 2069; x_wconf 78' lang='grc' dir='ltr'><strong>ἐν</strong></span> <span class='ocrx_word' id='word_1_292' title='bbox 2911 2014 3116 2082; x_wconf 82' lang='grc' dir='ltr'><strong>ὀλίγοις</strong></span> <span class='ocrx_word' id='word_1_293' title='bbox 3171 2011 3609 2083; x_wconf 75' lang='grc' dir='ltr'><strong>ἐπιλαμϐάνεται</strong></span> 
     </span>
    </p>
   </div>
   <div class='ocr_carea' id='block_1_43' title="bbox 341 2107 589 2170">
    <p class='ocr_par' dir='ltr' id='par_1_43' title="bbox 341 2107 589 2170">
     <span class='ocr_line' id='line_1_43' title="bbox 341 2107 589 2170; baseline 0.008 -10"><span class='ocrx_word' id='word_1_294' title='bbox 341 2107 589 2170; x_wconf 85' lang='grc' dir='ltr'><strong>δικαίως.</strong></span> 
     </span>
    </p>
   </div>
   <div class='ocr_carea' id='block_1_44' title="bbox 419 2197 1931 2274">
    <p class='ocr_par' dir='ltr' id='par_1_44' title="bbox 419 2197 1931 2274">
     <span class='ocr_line' id='line_1_44' title="bbox 419 2197 1931 2274; baseline 0 -17"><span class='ocrx_word' id='word_1_295' title='bbox 419 2199 549 2274; x_wconf 77' lang='grc'><strong>[995</strong></span> <span class='ocrx_word' id='word_1_296' title='bbox 584 2197 674 2272; x_wconf 69' lang='lat'><strong>8.]</strong></span> <span class='ocrx_word' id='word_1_297' title='bbox 719 2199 846 2254; x_wconf 85' lang='grc' dir='ltr'><strong>Ὀτι</strong></span> <span class='ocrx_word' id='word_1_298' title='bbox 894 2199 997 2270; x_wconf 80' lang='grc' dir='ltr'><strong>τῆς</strong></span> <span class='ocrx_word' id='word_1_299' title='bbox 1045 2201 1220 2272; x_wconf 81' lang='grc' dir='ltr'><strong>ἀρχῆς</strong></span> <span class='ocrx_word' id='word_1_300' title='bbox 1257 2199 1541 2271; x_wconf 83' lang='grc' dir='ltr'><strong>πολλαχῶς</strong></span> <span class='ocrx_word' id='word_1_301' title='bbox 1594 2219 1728 2272; x_wconf 84' lang='grc' dir='ltr'><strong>φησι</strong></span> <span class='ocrx_word' id='word_1_302' title='bbox 1776 2205 1931 2273; x_wconf 85' lang='grc' dir='ltr'><strong>λεγο-</strong></span> 
     </span>
    </p>
   </div>
   <div class='ocr_carea' id='block_1_45' title="bbox 351 2289 1932 2366">
    <p class='ocr_par' dir='ltr' id='par_1_45' title="bbox 351 2289 1932 2366">
     <span class='ocr_line' id='line_1_45' title="bbox 351 2289 1932 2366; baseline 0.003 -21"><span class='ocrx_word' id='word_1_303' title='bbox 351 2293 524 2364; x_wconf 82' lang='grc' dir='ltr'><strong>μένης</strong></span> <span class='ocrx_word' id='word_1_304' title='bbox 546 2293 624 2357; x_wconf 58' lang='lat' dir='ltr'><strong>es,</strong></span> <span class='ocrx_word' id='word_1_305' title='bbox 664 2293 768 2347; x_wconf 78' lang='grc' dir='ltr'><strong>Ἐν</strong></span> <span class='ocrx_word' id='word_1_306' title='bbox 798 2289 980 2362; x_wconf 75' lang='grc' dir='ltr'><strong>ἀρχῇ,</strong></span> <span class='ocrx_word' id='word_1_307' title='bbox 997 2292 1060 2345; x_wconf 81' lang='grc' dir='ltr'><strong>τὸ</strong></span> <span class='ocrx_word' id='word_1_308' title='bbox 1082 2291 1176 2346; x_wconf 80' lang='grc' dir='ltr'><strong>νῦν</strong></span> <span class='ocrx_word' id='word_1_309' title='bbox 1189 2292 1346 2361; x_wconf 74' lang='grc' dir='ltr'><strong>τὴν¹¹1⁵</strong></span> <span class='ocrx_word' id='word_1_310' title='bbox 1369 2292 1513 2347; x_wconf 86' lang='grc' dir='ltr'><strong>κατᾶ</strong></span> <span class='ocrx_word' id='word_1_311' title='bbox 1539 2294 1731 2363; x_wconf 87' lang='grc' dir='ltr'><strong>χρόνον</strong></span> <span class='ocrx_word' id='word_1_312' title='bbox 1755 2295 1932 2366; x_wconf 80' lang='grc' dir='ltr'><strong>ἀρχὴν</strong></span> 
     </span>
    </p>
   </div>
   <div class='ocr_carea' id='block_1_46' title="bbox 348 2379 1933 2456">
    <p class='ocr_par' dir='ltr' id='par_1_46' title="bbox 348 2379 1933 2456">
     <span class='ocr_line' id='line_1_46' title="bbox 348 2379 1933 2456; baseline 0.001 -20"><span class='ocrx_word' id='word_1_313' title='bbox 348 2383 566 2454; x_wconf 77' lang='grc' dir='ltr'><strong>δηλοῦν.</strong></span> <span class='ocrx_word' id='word_1_314' title='bbox 593 2382 750 2437; x_wconf 79' lang='grc' dir='ltr'><strong>Κατὰ</strong></span> <span class='ocrx_word' id='word_1_315' title='bbox 780 2385 972 2453; x_wconf 89' lang='grc' dir='ltr'><strong>χρόνον</strong></span> <span class='ocrx_word' id='word_1_316' title='bbox 999 2381 1058 2435; x_wconf 75' lang='grc' dir='ltr'><strong>δὲ</strong></span> <span class='ocrx_word' id='word_1_317' title='bbox 1083 2381 1262 2452; x_wconf 85' lang='grc' dir='ltr'><strong>λέγειν</strong></span> <span class='ocrx_word' id='word_1_318' title='bbox 1311 2384 1476 2455; x_wconf 80' lang='grc' dir='ltr'><strong>φησὶν</strong></span> <span class='ocrx_word' id='word_1_319' title='bbox 1513 2384 1611 2456; x_wconf 79' lang='grc' dir='ltr'><strong>οὐχ</strong></span> <span class='ocrx_word' id='word_1_320' title='bbox 1637 2379 1698 2439; x_wconf 76' lang='grc' dir='ltr'><strong>οὖ</strong></span> <span class='ocrx_word' id='word_1_321' title='bbox 1725 2386 1823 2456; x_wconf 85' lang='grc' dir='ltr'><strong>τῆς</strong></span> <span class='ocrx_word' id='word_1_322' title='bbox 1843 2402 1933 2454; x_wconf 87' lang='grc' dir='ltr'><strong>γε-</strong></span> 
     </span>
    </p>
   </div>
   <div class='ocr_carea' id='block_1_47' title="bbox 347 2470 1938 2546">
    <p class='ocr_par' dir='ltr' id='par_1_47' title="bbox 347 2470 1938 2546">
     <span class='ocr_line' id='line_1_47' title="bbox 347 2470 1938 2546; baseline 0.001 -17"><span class='ocrx_word' id='word_1_323' title='bbox 347 2477 555 2538; x_wconf 72' lang='grc' dir='ltr'><strong>νέσεως</strong></span> <span class='ocrx_word' id='word_1_324' title='bbox 575 2475 893 2546; x_wconf 62' lang='grc' dir='ltr'><strong>προηγεῖται</strong></span> <span class='ocrx_word' id='word_1_325' title='bbox 913 2473 1120 2546; x_wconf 86' lang='grc' dir='ltr'><strong>χρόνος,</strong></span> <span class='ocrx_word' id='word_1_326' title='bbox 1153 2473 1230 2538; x_wconf 85' lang='grc' dir='ltr'><strong>ὡς</strong></span> <span class='ocrx_word' id='word_1_327' title='bbox 1255 2475 1288 2544; x_wconf 82' lang='grc' dir='ltr'><strong>ἡ</strong></span> <span class='ocrx_word' id='word_1_328' title='bbox 1297 2470 1414 2546; x_wconf 85' lang='grc' dir='ltr'><strong>μῶν</strong></span> <span class='ocrx_word' id='word_1_329' title='bbox 1439 2477 1693 2543; x_wconf 73' lang='grc' dir='ltr'><strong>ἑκάστου,</strong></span> <span class='ocrx_word' id='word_1_330' title='bbox 1715 2477 1850 2530; x_wconf 76' lang='grc' dir='ltr'><strong>ἀλλὰ</strong></span> <span class='ocrx_word' id='word_1_331' title='bbox 1874 2476 1938 2530; x_wconf 86' lang='grc' dir='ltr'><strong>τδ</strong></span> 
     </span>
    </p>
   </div>
   <div class='ocr_carea' id='block_1_48' title="bbox 353 2560 1936 2638">
    <p class='ocr_par' dir='ltr' id='par_1_48' title="bbox 353 2560 1936 2638">
     <span class='ocr_line' id='line_1_48' title="bbox 353 2560 1936 2638; baseline 0.001 -17"><span class='ocrx_word' id='word_1_332' title='bbox 353 2567 574 2638; x_wconf 76' lang='grc' dir='ltr'><strong>πρῶτον</strong></span> <span class='ocrx_word' id='word_1_333' title='bbox 601 2566 696 2620; x_wconf 82' lang='grc' dir='ltr'><strong>τοῦ</strong></span> <span class='ocrx_word' id='word_1_334' title='bbox 735 2567 930 2638; x_wconf 87' lang='grc' dir='ltr'><strong>χρόνου</strong></span> <span class='ocrx_word' id='word_1_335' title='bbox 961 2565 1076 2632; x_wconf 80' lang='grc' dir='ltr'><strong>νῦν,</strong></span> <span class='ocrx_word' id='word_1_336' title='bbox 1135 2568 1194 2620; x_wconf 76' lang='grc' dir='ltr'><strong>ὲν</strong></span> <span class='ocrx_word' id='word_1_337' title='bbox 1232 2560 1277 2634; x_wconf 84' lang='grc' dir='ltr'><strong>ᾧ</strong></span> <span class='ocrx_word' id='word_1_338' title='bbox 1322 2567 1416 2620; x_wconf 81' lang='grc' dir='ltr'><strong>τὸν</strong></span> <span class='ocrx_word' id='word_1_339' title='bbox 1443 2567 1670 2636; x_wconf 76' lang='grc' dir='ltr'><strong>οὐρανὸν</strong></span> <span class='ocrx_word' id='word_1_340' title='bbox 1710 2568 1806 2620; x_wconf 72' lang='grc' dir='ltr'><strong>καὶ</strong></span> <span class='ocrx_word' id='word_1_341' title='bbox 1835 2569 1936 2638; x_wconf 82' lang='grc' dir='ltr'><strong>τὴν</strong></span> 
     </span>
    </p>
   </div>
   <div class='ocr_carea' id='block_1_49' title="bbox 354 2655 1938 2730">
    <p class='ocr_par' dir='ltr' id='par_1_49' title="bbox 354 2655 1938 2730">
     <span class='ocr_line' id='line_1_49' title="bbox 354 2655 1938 2730; baseline 0 -19"><span class='ocrx_word' id='word_1_342' title='bbox 354 2656 463 2727; x_wconf 81' lang='grc' dir='ltr'><strong>γῆν</strong></span> <span class='ocrx_word' id='word_1_343' title='bbox 494 2658 816 2728; x_wconf 85' lang='grc' dir='ltr'><strong>παρήγαγεν</strong></span> <span class='ocrx_word' id='word_1_344' title='bbox 845 2661 874 2712; x_wconf 85' lang='grc' dir='ltr'><strong>ὁ</strong></span> <span class='ocrx_word' id='word_1_345' title='bbox 901 2659 1056 2721; x_wconf 79' lang='grc' dir='ltr'><strong>Θεδς,</strong></span> <span class='ocrx_word' id='word_1_346' title='bbox 1112 2656 1241 2730; x_wconf 76' lang='lat'><strong>[527</strong></span> <span class='ocrx_word' id='word_1_347' title='bbox 1287 2655 1379 2729; x_wconf 67' lang='lat'><strong>[1.]</strong></span> <span class='ocrx_word' id='word_1_348' title='bbox 1428 2658 1632 2722; x_wconf 79' lang='grc' dir='ltr'><strong>παντὸς</strong></span> <span class='ocrx_word' id='word_1_349' title='bbox 1683 2658 1938 2727; x_wconf 88' lang='grc' dir='ltr'><strong>χρονικοῦ</strong></span> 
     </span>
    </p>
   </div>
   <div class='ocr_carea' id='block_1_50' title="bbox 357 2744 1939 2821">
    <p class='ocr_par' dir='ltr' id='par_1_50' title="bbox 357 2744 1939 2821">
     <span class='ocr_line' id='line_1_50' title="bbox 357 2744 1939 2821; baseline -0.001 -17"><span class='ocrx_word' id='word_1_350' title='bbox 357 2752 528 2821; x_wconf 71' lang='grc' dir='ltr'><strong>χωρὶς</strong></span> <span class='ocrx_word' id='word_1_351' title='bbox 564 2751 954 2821; x_wconf 81' lang='grc' dir='ltr'><strong>διαστήματος.</strong></span> <span class='ocrx_word' id='word_1_352' title='bbox 993 2750 1181 2803; x_wconf 81' lang='grc' dir='ltr'><strong>Πᾶσαν</strong></span> <span class='ocrx_word' id='word_1_353' title='bbox 1223 2749 1330 2820; x_wconf 82' lang='grc' dir='ltr'><strong>γὰρ</strong></span> <span class='ocrx_word' id='word_1_354' title='bbox 1356 2749 1532 2819; x_wconf 76' lang='grc' dir='ltr'><strong>ἀρχὴν</strong></span> <span class='ocrx_word' id='word_1_355' title='bbox 1566 2748 1761 2820; x_wconf 80' lang='grc' dir='ltr'><strong>ἑτέραν</strong></span> <span class='ocrx_word' id='word_1_356' title='bbox 1799 2744 1939 2804; x_wconf 73' lang='grc' dir='ltr'><strong>εἶναι</strong></span> 
     </span>
    </p>
   </div>
   <div class='ocr_carea' id='block_1_51' title="bbox 358 2836 1943 2912">
    <p class='ocr_par' dir='ltr' id='par_1_51' title="bbox 358 2836 1943 2912">
     <span class='ocr_line' id='line_1_51' title="bbox 358 2836 1943 2912; baseline 0.001 -18"><span class='ocrx_word' id='word_1_357' title='bbox 358 2843 581 2904; x_wconf 80' lang='grc' dir='ltr'><strong>πάντως</strong></span> <span class='ocrx_word' id='word_1_358' title='bbox 628 2844 815 2912; x_wconf 74' lang='grc' dir='ltr'><strong>φησιν,</strong></span> <span class='ocrx_word' id='word_1_359' title='bbox 871 2836 1041 2904; x_wconf 71' lang='grc' dir='ltr'><strong>οὗπερ</strong></span> <span class='ocrx_word' id='word_1_360' title='bbox 1069 2842 1286 2909; x_wconf 80' lang='grc' dir='ltr'><strong>λέγεται</strong></span> <span class='ocrx_word' id='word_1_361' title='bbox 1329 2841 1474 2911; x_wconf 83' lang='grc' dir='ltr'><strong>ἀρχή</strong></span> <span class='ocrx_word' id='word_1_362' title='bbox 1500 2857 1515 2874; x_wconf 78' lang='grc' dir='ltr'><strong>ο</strong></span> <span class='ocrx_word' id='word_1_363' title='bbox 1546 2841 1639 2894; x_wconf 74' lang='grc' dir='ltr'><strong>καὶ</strong></span> <span class='ocrx_word' id='word_1_364' title='bbox 1666 2841 1827 2896; x_wconf 76' lang='grc' dir='ltr'><strong>τοῦτο</strong></span> <span class='ocrx_word' id='word_1_365' title='bbox 1853 2841 1943 2896; x_wconf 80' lang='grc' dir='ltr'><strong>διὰ</strong></span> 
     </span>
    </p>
   </div>
   <div class='ocr_carea' id='block_1_52' title="bbox 2106 2194 3615 2278">
    <p class='ocr_par' dir='ltr' id='par_1_52' title="bbox 2106 2194 3615 2278">
     <span class='ocr_line' id='line_1_52' title="bbox 2106 2194 3615 2278; baseline -0.01 -17"><span class='ocrx_word' id='word_1_366' title='bbox 2106 2206 2440 2278; x_wconf 88' lang='lat' dir='ltr'><strong>Principium</strong></span> <span class='ocrx_word' id='word_1_367' title='bbox 2489 2205 2656 2259; x_wconf 87' lang='lat' dir='ltr'><strong>variis</strong></span> <span class='ocrx_word' id='word_1_368' title='bbox 2696 2202 2871 2258; x_wconf 88' lang='lat' dir='ltr'><strong>modis</strong></span> <span class='ocrx_word' id='word_1_369' title='bbox 2907 2216 3031 2256; x_wconf 94' lang='lat' dir='ltr'><strong>cum</strong></span> <span class='ocrx_word' id='word_1_370' title='bbox 3075 2200 3306 2263; x_wconf 87' lang='lat' dir='ltr'><strong>dicatur,</strong></span> <span class='ocrx_word' id='word_1_371' title='bbox 3349 2194 3516 2250; x_wconf 83' lang='lat' dir='ltr'><strong>refert</strong></span> <span class='ocrx_word' id='word_1_372' title='bbox 3548 2195 3615 2248; x_wconf 83' lang='lat' dir='ltr'><strong>il-</strong></span> 
     </span>
    </p>
   </div>
   <div class='ocr_carea' id='block_1_53' title="bbox 2037 2287 3610 2366">
    <p class='ocr_par' dir='ltr' id='par_1_53' title="bbox 2037 2287 3610 2366">
     <span class='ocr_line' id='line_1_53' title="bbox 2037 2287 3610 2366; baseline -0.008 -16"><span class='ocrx_word' id='word_1_373' title='bbox 2037 2297 2164 2351; x_wconf 89' lang='lat' dir='ltr'><strong>Iud:</strong></span> <span class='ocrx_word' id='word_1_374' title='bbox 2199 2295 2265 2350; x_wconf 83' lang='lat' dir='ltr'><strong>In</strong></span> <span class='ocrx_word' id='word_1_375' title='bbox 2305 2296 2583 2366; x_wconf 79' lang='lat' dir='ltr'><strong>principio,</strong></span> <span class='ocrx_word' id='word_1_376' title='bbox 2647 2308 2790 2350; x_wconf 92' lang='lat' dir='ltr'><strong>nunc</strong></span> <span class='ocrx_word' id='word_1_377' title='bbox 2844 2289 3234 2360; x_wconf 84' lang='lat' dir='ltr'><strong>temporarium</strong></span> <span class='ocrx_word' id='word_1_378' title='bbox 3282 2287 3610 2357; x_wconf 86' lang='lat' dir='ltr'><strong>principium</strong></span> 
     </span>
    </p>
   </div>
   <div class='ocr_carea' id='block_1_54' title="bbox 2037 2381 3610 2454">
    <p class='ocr_par' dir='ltr' id='par_1_54' title="bbox 2037 2381 3610 2454">
     <span class='ocr_line' id='line_1_54' title="bbox 2037 2381 3610 2454; baseline -0.007 -11"><span class='ocrx_word' id='word_1_379' title='bbox 2037 2387 2279 2444; x_wconf 87' lang='lat' dir='ltr'><strong>indicare</strong></span> <span class='ocrx_word' id='word_1_380' title='bbox 2322 2407 2336 2442; x_wconf 91' lang='lat'><strong>:</strong></span> <span class='ocrx_word' id='word_1_381' title='bbox 2384 2390 2566 2442; x_wconf 90' lang='lat' dir='ltr'><strong>dicere</strong></span> <span class='ocrx_word' id='word_1_382' title='bbox 2609 2400 2760 2454; x_wconf 83' lang='lat' dir='ltr'><strong>vero,</strong></span> <span class='ocrx_word' id='word_1_383' title='bbox 2814 2384 3012 2454; x_wconf 86' lang='lat' dir='ltr'><strong>inquit,</strong></span> <span class='ocrx_word' id='word_1_384' title='bbox 3045 2381 3463 2450; x_wconf 88' lang='lat' dir='ltr'><strong>temporarium,</strong></span> <span class='ocrx_word' id='word_1_385' title='bbox 3501 2393 3610 2433; x_wconf 87' lang='lat' dir='ltr'><strong>non</strong></span> 
     </span>
    </p>
   </div>
   <div class='ocr_carea' id='block_1_55' title="bbox 2044 2472 3616 2552">
    <p class='ocr_par' dir='ltr' id='par_1_55' title="bbox 2044 2472 3616 2552">
     <span class='ocr_line' id='line_1_55' title="bbox 2044 2472 3616 2552; baseline -0.008 -17"><span class='ocrx_word' id='word_1_386' title='bbox 2044 2480 2200 2548; x_wconf 82' lang='lat' dir='ltr'><strong>cujus</strong></span> <span class='ocrx_word' id='word_1_387' title='bbox 2225 2481 2625 2552; x_wconf 79' lang='lat' dir='ltr'><strong>generationem</strong></span> <span class='ocrx_word' id='word_1_388' title='bbox 2659 2487 2871 2546; x_wconf 84' lang='lat' dir='ltr'><strong>tempus</strong></span> <span class='ocrx_word' id='word_1_389' title='bbox 2898 2474 3193 2544; x_wconf 63' lang='lat' dir='ltr'><strong>pratcedat,</strong></span> <span class='ocrx_word' id='word_1_390' title='bbox 3221 2481 3280 2526; x_wconf 90' lang='lat' dir='ltr'><strong>ut</strong></span> <span class='ocrx_word' id='word_1_391' title='bbox 3325 2472 3484 2525; x_wconf 91' lang='lat' dir='ltr'><strong>unius</strong></span> <span class='ocrx_word' id='word_1_392' title='bbox 3513 2485 3616 2525; x_wconf 87' lang='lat' dir='ltr'><strong>cu-</strong></span> 
     </span>
    </p>
   </div>
   <div class='ocr_carea' id='block_1_56' title="bbox 2042 2564 3611 2642">
    <p class='ocr_par' dir='ltr' id='par_1_56' title="bbox 2042 2564 3611 2642">
     <span class='ocr_line' id='line_1_56' title="bbox 2042 2564 3611 2642; baseline -0.006 -15"><span class='ocrx_word' id='word_1_393' title='bbox 2042 2574 2233 2642; x_wconf 73' lang='lat' dir='ltr'><strong>iusque</strong></span> <span class='ocrx_word' id='word_1_394' title='bbox 2263 2582 2509 2627; x_wconf 89' lang='lat' dir='ltr'><strong>nostrum</strong></span> <span class='ocrx_word' id='word_1_395' title='bbox 2541 2587 2558 2625; x_wconf 90' lang='lat'><strong>:</strong></span> <span class='ocrx_word' id='word_1_396' title='bbox 2597 2572 2696 2624; x_wconf 89' lang='lat' dir='ltr'><strong>sed</strong></span> <span class='ocrx_word' id='word_1_397' title='bbox 2724 2569 2962 2640; x_wconf 91' lang='lat' dir='ltr'><strong>primum</strong></span> <span class='ocrx_word' id='word_1_398' title='bbox 3001 2564 3268 2634; x_wconf 91' lang='lat' dir='ltr'><strong>temporis</strong></span> <span class='ocrx_word' id='word_1_399' title='bbox 3305 2577 3466 2626; x_wconf 91' lang='lat' dir='ltr'><strong>nunc,</strong></span> <span class='ocrx_word' id='word_1_400' title='bbox 3501 2578 3611 2631; x_wconf 87' lang='lat' dir='ltr'><strong>quo</strong></span> 
     </span>
    </p>
   </div>
   <div class='ocr_carea' id='block_1_57' title="bbox 2044 2655 3616 2724">
    <p class='ocr_par' dir='ltr' id='par_1_57' title="bbox 2044 2655 3616 2724">
     <span class='ocr_line' id='line_1_57' title="bbox 2044 2655 3616 2724; baseline -0.006 -8"><span class='ocrx_word' id='word_1_401' title='bbox 2044 2662 2184 2717; x_wconf 89' lang='lat' dir='ltr'><strong>Deus</strong></span> <span class='ocrx_word' id='word_1_402' title='bbox 2228 2661 2425 2719; x_wconf 75' lang='lat' dir='ltr'><strong>ctelunt</strong></span> <span class='ocrx_word' id='word_1_403' title='bbox 2470 2671 2522 2716; x_wconf 90' lang='lat' dir='ltr'><strong>et</strong></span> <span class='ocrx_word' id='word_1_404' title='bbox 2577 2671 2788 2716; x_wconf 89' lang='lat' dir='ltr'><strong>terram</strong></span> <span class='ocrx_word' id='word_1_405' title='bbox 2821 2660 2874 2713; x_wconf 94' lang='lat' dir='ltr'><strong>in</strong></span> <span class='ocrx_word' id='word_1_406' title='bbox 2919 2657 3154 2712; x_wconf 90' lang='lat' dir='ltr'><strong>medium</strong></span> <span class='ocrx_word' id='word_1_407' title='bbox 3196 2655 3471 2724; x_wconf 89' lang='lat' dir='ltr'><strong>produxit,</strong></span> <span class='ocrx_word' id='word_1_408' title='bbox 3497 2655 3616 2708; x_wconf 87' lang='lat' dir='ltr'><strong>sine</strong></span> 
     </span>
    </p>
   </div>
   <div class='ocr_carea' id='block_1_58' title="bbox 2043 2746 3615 2822">
    <p class='ocr_par' dir='ltr' id='par_1_58' title="bbox 2043 2746 3615 2822">
     <span class='ocr_line' id='line_1_58' title="bbox 2043 2746 3615 2822; baseline -0.006 -14"><span class='ocrx_word' id='word_1_409' title='bbox 2043 2755 2155 2809; x_wconf 89' lang='lat' dir='ltr'><strong>ullo</strong></span> <span class='ocrx_word' id='word_1_410' title='bbox 2210 2753 2470 2822; x_wconf 87' lang='lat' dir='ltr'><strong>temporis</strong></span> <span class='ocrx_word' id='word_1_411' title='bbox 2519 2751 2829 2806; x_wconf 84' lang='lat' dir='ltr'><strong>intervallo.</strong></span> <span class='ocrx_word' id='word_1_412' title='bbox 2879 2750 3054 2805; x_wconf 83' lang='lat' dir='ltr'><strong>Omne</strong></span> <span class='ocrx_word' id='word_1_413' title='bbox 3101 2751 3247 2801; x_wconf 89' lang='lat' dir='ltr'><strong>enim</strong></span> <span class='ocrx_word' id='word_1_414' title='bbox 3288 2746 3615 2815; x_wconf 90' lang='lat' dir='ltr'><strong>principium</strong></span> 
     </span>
    </p>
   </div>
   <div class='ocr_carea' id='block_1_59' title="bbox 2043 2839 3616 2911">
    <p class='ocr_par' dir='ltr' id='par_1_59' title="bbox 2043 2839 3616 2911">
     <span class='ocr_line' id='line_1_59' title="bbox 2043 2839 3616 2911; baseline -0.006 -12"><span class='ocrx_word' id='word_1_415' title='bbox 2043 2843 2264 2899; x_wconf 88' lang='lat' dir='ltr'><strong>omnino</strong></span> <span class='ocrx_word' id='word_1_416' title='bbox 2286 2842 2431 2898; x_wconf 86' lang='lat' dir='ltr'><strong>aliud</strong></span> <span class='ocrx_word' id='word_1_417' title='bbox 2459 2857 2580 2898; x_wconf 88' lang='lat' dir='ltr'><strong>esse</strong></span> <span class='ocrx_word' id='word_1_418' title='bbox 2613 2842 2766 2908; x_wconf 89' lang='lat' dir='ltr'><strong>dicit,</strong></span> <span class='ocrx_word' id='word_1_419' title='bbox 2784 2856 2949 2911; x_wconf 89' lang='lat' dir='ltr'><strong>quam</strong></span> <span class='ocrx_word' id='word_1_420' title='bbox 2982 2841 3036 2895; x_wconf 91' lang='lat' dir='ltr'><strong>in</strong></span> <span class='ocrx_word' id='word_1_421' title='bbox 3059 2839 3215 2907; x_wconf 88' lang='lat' dir='ltr'><strong>cujus</strong></span> <span class='ocrx_word' id='word_1_422' title='bbox 3239 2839 3442 2893; x_wconf 89' lang='lat' dir='ltr'><strong>dicitur</strong></span> <span class='ocrx_word' id='word_1_423' title='bbox 3467 2839 3616 2908; x_wconf 71' lang='lat' dir='ltr'><strong>prin»</strong></span> 
     </span>
    </p>
   </div>
   <div class='ocr_carea' id='block_1_60' title="bbox 360 2930 1932 3006">
    <p class='ocr_par' dir='ltr' id='par_1_60' title="bbox 360 2931 1932 3004">
     <span class='ocr_line' id='line_1_60' title="bbox 360 2931 1932 3004; baseline 0.001 -21"><span class='ocrx_word' id='word_1_424' title='bbox 360 2933 823 3003; x_wconf 80' lang='grc' dir='ltr'><strong>παραδειγμάτων</strong></span> <span class='ocrx_word' id='word_1_425' title='bbox 852 2931 1273 2996; x_wconf 75' lang='grc' dir='ltr'><strong>κατασκευάζει.</strong></span> <span class='ocrx_word' id='word_1_426' title='bbox 1305 2932 1469 2984; x_wconf 74' lang='grc' dir='ltr'><strong>Ὥστε</strong></span> <span class='ocrx_word' id='word_1_427' title='bbox 1496 2932 1555 2985; x_wconf 81' lang='grc' dir='ltr'><strong>ὲν</strong></span> <span class='ocrx_word' id='word_1_428' title='bbox 1574 2933 1640 3002; x_wconf 78' lang='grc' dir='ltr'><strong>τῇ</strong></span> <span class='ocrx_word' id='word_1_429' title='bbox 1672 2933 1814 3004; x_wconf 78' lang='grc' dir='ltr'><strong>ἀρχῇ</strong></span> <span class='ocrx_word' id='word_1_430' title='bbox 1841 2931 1932 2985; x_wconf 81' lang='grc' dir='ltr'><strong>τοῦ</strong></span> 
     </span>
    </p>
   </div>
   <div class='ocr_carea' id='block_1_61' title="bbox 2040 2930 3618 3006">
    <p class='ocr_par' dir='ltr' id='par_1_61' title="bbox 2042 2930 3618 3006">
     <span class='ocr_line' id='line_1_61' title="bbox 2042 2930 3618 3006; baseline -0.005 -15"><span class='ocrx_word' id='word_1_431' title='bbox 2042 2935 2264 3005; x_wconf 91' lang='lat' dir='ltr'><strong>cipium,</strong></span> <span class='ocrx_word' id='word_1_432' title='bbox 2299 2936 2464 3006; x_wconf 86' lang='lat' dir='ltr'><strong>idque</strong></span> <span class='ocrx_word' id='word_1_433' title='bbox 2509 2934 2776 3006; x_wconf 81' lang='lat' dir='ltr'><strong>exemplis</strong></span> <span class='ocrx_word' id='word_1_434' title='bbox 2804 2934 3063 2990; x_wconf 85' lang='lat' dir='ltr'><strong>ostendit.</strong></span> <span class='ocrx_word' id='word_1_435' title='bbox 3101 2931 3283 2998; x_wconf 87' lang='lat' dir='ltr'><strong>Quare</strong></span> <span class='ocrx_word' id='word_1_436' title='bbox 3324 2931 3378 2985; x_wconf 92' lang='lat' dir='ltr'><strong>in</strong></span> <span class='ocrx_word' id='word_1_437' title='bbox 3417 2930 3618 3001; x_wconf 82' lang='lat' dir='ltr'><strong>princi-</strong></span> 
     </span>
    </p>
   </div>
   <div class='ocr_carea' id='block_1_62' title="bbox 359 3021 1936 3095">
    <p class='ocr_par' dir='ltr' id='par_1_62' title="bbox 359 3021 1936 3095">
     <span class='ocr_line' id='line_1_62' title="bbox 359 3021 1936 3095; baseline 0.002 -22"><span class='ocrx_word' id='word_1_438' title='bbox 359 3021 554 3092; x_wconf 74' lang='grc' dir='ltr'><strong>χρόιου</strong></span> <span class='ocrx_word' id='word_1_439' title='bbox 581 3025 674 3076; x_wconf 73' lang='grc' dir='ltr'><strong>καὶ</strong></span> <span class='ocrx_word' id='word_1_440' title='bbox 695 3024 796 3078; x_wconf 84' lang='grc' dir='ltr'><strong>οὐκ</strong></span> <span class='ocrx_word' id='word_1_441' title='bbox 842 3025 900 3078; x_wconf 72' lang='grc' dir='ltr'><strong>ιν</strong></span> <span class='ocrx_word' id='word_1_442' title='bbox 943 3023 1118 3094; x_wconf 75' lang='grc' dir='ltr'><strong>χρόνῳ</strong></span> <span class='ocrx_word' id='word_1_443' title='bbox 1165 3024 1259 3077; x_wconf 81' lang='grc' dir='ltr'><strong>τὸν</strong></span> <span class='ocrx_word' id='word_1_444' title='bbox 1293 3021 1524 3092; x_wconf 79' lang='grc' dir='ltr'><strong>οὐρανὸν</strong></span> <span class='ocrx_word' id='word_1_445' title='bbox 1562 3023 1656 3076; x_wconf 80' lang='grc' dir='ltr'><strong>καὶ</strong></span> <span class='ocrx_word' id='word_1_446' title='bbox 1703 3023 1802 3095; x_wconf 79' lang='grc' dir='ltr'><strong>τὴν</strong></span> <span class='ocrx_word' id='word_1_447' title='bbox 1831 3023 1936 3093; x_wconf 81' lang='grc' dir='ltr'><strong>γῆν</strong></span> 
     </span>
    </p>
   </div>
   <div class='ocr_carea' id='block_1_63' title="bbox 355 3112 1937 3186">
    <p class='ocr_par' dir='ltr' id='par_1_63' title="bbox 355 3112 1937 3186">
     <span class='ocr_line' id='line_1_63' title="bbox 355 3112 1937 3186; baseline 0.001 -20"><span class='ocrx_word' id='word_1_448' title='bbox 355 3112 614 3183; x_wconf 75' lang='grc' dir='ltr'><strong>εποίησεν</strong></span> <span class='ocrx_word' id='word_1_449' title='bbox 642 3115 673 3168; x_wconf 81' lang='grc' dir='ltr'><strong>ὁ</strong></span> <span class='ocrx_word' id='word_1_450' title='bbox 715 3116 868 3179; x_wconf 76' lang='grc' dir='ltr'><strong>Θεός.</strong></span> <span class='ocrx_word' id='word_1_451' title='bbox 914 3116 1055 3169; x_wconf 83' lang='grc' dir='ltr'><strong>Ἀλλ’</strong></span> <span class='ocrx_word' id='word_1_452' title='bbox 1101 3115 1160 3168; x_wconf 78' lang='grc' dir='ltr'><strong>ἓν</strong></span> <span class='ocrx_word' id='word_1_453' title='bbox 1202 3114 1361 3168; x_wconf 83' lang='grc' dir='ltr'><strong>τοῦτο</strong></span> <span class='ocrx_word' id='word_1_454' title='bbox 1405 3115 1806 3186; x_wconf 85' lang='grc' dir='ltr'><strong>σημαινόμενον</strong></span> <span class='ocrx_word' id='word_1_455' title='bbox 1836 3114 1937 3182; x_wconf 78' lang='grc' dir='ltr'><strong>τῆς</strong></span> 
     </span>
    </p>
   </div>
   <div class='ocr_carea' id='block_1_64' title="bbox 357 3195 1937 3276">
    <p class='ocr_par' dir='ltr' id='par_1_64' title="bbox 357 3195 1937 3276">
     <span class='ocr_line' id='line_1_64' title="bbox 357 3195 1937 3276; baseline 0.001 -20"><span class='ocrx_word' id='word_1_456' title='bbox 357 3205 418 3256; x_wconf 80' lang='grc' dir='ltr'><strong>ὲν</strong></span> <span class='ocrx_word' id='word_1_457' title='bbox 448 3195 493 3272; x_wconf 83' lang='grc' dir='ltr'><strong>ᾧ</strong></span> <span class='ocrx_word' id='word_1_458' title='bbox 526 3203 752 3272; x_wconf 84' lang='grc' dir='ltr'><strong>γέγονεν</strong></span> <span class='ocrx_word' id='word_1_459' title='bbox 787 3205 961 3276; x_wconf 80' lang='grc' dir='ltr'><strong>ἀρχῆς</strong></span> <span class='ocrx_word' id='word_1_460' title='bbox 1011 3205 1039 3257; x_wconf 75' lang='grc' dir='ltr'>ὁ</span> <span class='ocrx_word' id='word_1_461' title='bbox 1076 3205 1303 3274; x_wconf 77' lang='grc' dir='ltr'><strong>οὐρανὸς</strong></span> <span class='ocrx_word' id='word_1_462' title='bbox 1347 3205 1441 3258; x_wconf 66' lang='grc' dir='ltr'><strong>κα)⁸</strong></span> <span class='ocrx_word' id='word_1_463' title='bbox 1477 3206 1511 3274; x_wconf 85' lang='grc' dir='ltr'>ὴ</span> <span class='ocrx_word' id='word_1_464' title='bbox 1541 3205 1634 3275; x_wconf 83' lang='grc' dir='ltr'><strong>γῆ.</strong></span> <span class='ocrx_word' id='word_1_465' title='bbox 1675 3203 1937 3274; x_wconf 83' lang='grc' dir='ltr'><strong>Δεύτερον</strong></span> 
     </span>
    </p>
   </div>
   <div class='ocr_carea' id='block_1_65' title="bbox 357 3293 1935 3368">
    <p class='ocr_par' dir='ltr' id='par_1_65' title="bbox 357 3293 1935 3368">
     <span class='ocr_line' id='line_1_65' title="bbox 357 3293 1935 3368; baseline 0.013 -20"><span class='ocrx_word' id='word_1_466' title='bbox 357 3297 422 3348; x_wconf 79' lang='grc' dir='ltr'><strong>τὸ</strong></span> <span class='ocrx_word' id='word_1_467' title='bbox 459 3295 676 3368; x_wconf 85' lang='grc' dir='ltr'><strong>πρῶτον</strong></span> <span class='ocrx_word' id='word_1_468' title='bbox 703 3293 800 3349; x_wconf 77' lang='grc' dir='ltr'><strong>τοῦ</strong></span> <span class='ocrx_word' id='word_1_469' title='bbox 829 3295 1351 3366; x_wconf 82' lang='grc' dir='ltr'><strong>κατασκευάσματος</strong></span> <span class='ocrx_word' id='word_1_470' title='bbox 1388 3295 1596 3367; x_wconf 81' lang='grc' dir='ltr'><strong>μόριον,</strong></span> <span class='ocrx_word' id='word_1_471' title='bbox 1626 3297 1701 3361; x_wconf 82' lang='grc' dir='ltr'><strong>ὡς</strong></span> <span class='ocrx_word' id='word_1_472' title='bbox 1729 3296 1872 3368; x_wconf 73' lang='grc' dir='ltr'><strong>ἀρκῆ</strong></span> <span class='ocrx_word' id='word_1_473' title='bbox 1901 3298 1935 3368; x_wconf 69' lang='grc' dir='ltr'>ἦ</span> 
     </span>
    </p>
   </div>
   <div class='ocr_carea' id='block_1_66' title="bbox 357 3385 1938 3458">
    <p class='ocr_par' dir='ltr' id='par_1_66' title="bbox 357 3385 1938 3458">
     <span class='ocr_line' id='line_1_66' title="bbox 357 3385 1938 3458; baseline 0.001 -19"><span class='ocrx_word' id='word_1_474' title='bbox 357 3387 552 3458; x_wconf 89' lang='grc' dir='ltr'><strong>τρόπις</strong></span> <span class='ocrx_word' id='word_1_475' title='bbox 578 3385 672 3440; x_wconf 80' lang='grc' dir='ltr'><strong>τοῦ</strong></span> <span class='ocrx_word' id='word_1_476' title='bbox 704 3385 890 3440; x_wconf 89' lang='grc' dir='ltr'><strong>πλοίου</strong></span> <span class='ocrx_word' id='word_1_477' title='bbox 935 3387 1029 3440; x_wconf 73' lang='grc' dir='ltr'><strong>καὶ</strong></span> <span class='ocrx_word' id='word_1_478' title='bbox 1059 3389 1108 3440; x_wconf 80' lang='grc' dir='ltr'><strong>οἱ</strong></span> <span class='ocrx_word' id='word_1_479' title='bbox 1139 3387 1376 3458; x_wconf 84' lang='grc' dir='ltr'><strong>θεμέλιοι</strong></span> <span class='ocrx_word' id='word_1_480' title='bbox 1413 3388 1512 3458; x_wconf 79' lang='grc' dir='ltr'><strong>τῆς</strong></span> <span class='ocrx_word' id='word_1_481' title='bbox 1542 3387 1733 3452; x_wconf 85' lang='grc' dir='ltr'><strong>οίκίας.</strong></span> <span class='ocrx_word' id='word_1_482' title='bbox 1767 3388 1938 3456; x_wconf 80' lang='grc' dir='ltr'><strong>Δῆλον</strong></span> 
     </span>
    </p>
   </div>
   <div class='ocr_carea' id='block_1_67' title="bbox 355 3473 1935 3548">
    <p class='ocr_par' dir='ltr' id='par_1_67' title="bbox 355 3473 1935 3548">
     <span class='ocr_line' id='line_1_67' title="bbox 355 3473 1935 3548; baseline 0.002 -20"><span class='ocrx_word' id='word_1_483' title='bbox 355 3473 403 3528; x_wconf 83' lang='grc' dir='ltr'><strong>δ’</strong></span> <span class='ocrx_word' id='word_1_484' title='bbox 424 3473 506 3527; x_wconf 83' lang='grc' dir='ltr'><strong>δτι</strong></span> <span class='ocrx_word' id='word_1_485' title='bbox 539 3473 634 3527; x_wconf 80' lang='grc' dir='ltr'><strong>καὶ</strong></span> <span class='ocrx_word' id='word_1_486' title='bbox 663 3474 808 3529; x_wconf 81' lang='grc' dir='ltr'><strong>κατὰ</strong></span> <span class='ocrx_word' id='word_1_487' title='bbox 842 3474 999 3529; x_wconf 73' lang='grc' dir='ltr'><strong>τοῦτό</strong></span> <span class='ocrx_word' id='word_1_488' title='bbox 1024 3493 1158 3548; x_wconf 86' lang='grc' dir='ltr'><strong>φησι</strong></span> <span class='ocrx_word' id='word_1_489' title='bbox 1197 3475 1680 3548; x_wconf 84' lang='grc' dir='ltr'><strong>τδσημαινόμενον</strong></span> <span class='ocrx_word' id='word_1_490' title='bbox 1706 3480 1803 3547; x_wconf 75' lang='grc' dir='ltr'><strong>τῆς</strong></span> <span class='ocrx_word' id='word_1_491' title='bbox 1835 3480 1935 3548; x_wconf 85' lang='grc' dir='ltr'><strong>ἁρ-</strong></span> 
     </span>
    </p>
   </div>
   <div class='ocr_carea' id='block_1_68' title="bbox 356 3563 1936 3638">
    <p class='ocr_par' dir='ltr' id='par_1_68' title="bbox 356 3563 1936 3638">
     <span class='ocr_line' id='line_1_68' title="bbox 356 3563 1936 3638; baseline 0.001 -20"><span class='ocrx_word' id='word_1_492' title='bbox 356 3563 462 3634; x_wconf 70' lang='grc' dir='ltr'><strong>χῆς</strong></span> <span class='ocrx_word' id='word_1_493' title='bbox 481 3563 707 3618; x_wconf 84' lang='grc' dir='ltr'><strong>δυνατὸν</strong></span> <span class='ocrx_word' id='word_1_494' title='bbox 738 3565 987 3636; x_wconf 76' lang='grc' dir='ltr'><strong>ἐννοῆσαι</strong></span> <span class='ocrx_word' id='word_1_495' title='bbox 1007 3565 1094 3619; x_wconf 84' lang='grc' dir='ltr'><strong>τὸν</strong></span> <span class='ocrx_word' id='word_1_496' title='bbox 1114 3565 1340 3637; x_wconf 83' lang='grc' dir='ltr'><strong>οὐρανὸν</strong></span> <span class='ocrx_word' id='word_1_497' title='bbox 1361 3566 1456 3621; x_wconf 77' lang='grc' dir='ltr'><strong>καὶ</strong></span> <span class='ocrx_word' id='word_1_498' title='bbox 1471 3566 1572 3638; x_wconf 82' lang='grc' dir='ltr'><strong>τὴν</strong></span> <span class='ocrx_word' id='word_1_499' title='bbox 1592 3566 1696 3637; x_wconf 78' lang='grc' dir='ltr'><strong>γῆν</strong></span> <span class='ocrx_word' id='word_1_500' title='bbox 1715 3569 1772 3620; x_wconf 80' lang='grc' dir='ltr'><strong>ὲν</strong></span> <span class='ocrx_word' id='word_1_501' title='bbox 1791 3569 1936 3638; x_wconf 81' lang='grc' dir='ltr'><strong>ἀρχῇ</strong></span> 
     </span>
    </p>
   </div>
   <div class='ocr_carea' id='block_1_69' title="bbox 366 3652 1937 3730">
    <p class='ocr_par' dir='ltr' id='par_1_69' title="bbox 366 3652 1937 3730">
     <span class='ocr_line' id='line_1_69' title="bbox 366 3652 1937 3730; baseline 0.002 -20"><span class='ocrx_word' id='word_1_502' title='bbox 366 3656 697 3728; x_wconf 73' lang='grc' dir='ltr'><strong>¹γεγενῆσθαι</strong></span> <span class='ocrx_word' id='word_1_503' title='bbox 716 3674 731 3688; x_wconf 83' lang='lat'><strong><em>°</em></strong></span> <span class='ocrx_word' id='word_1_504' title='bbox 763 3652 874 3711; x_wconf 79' lang='grc' dir='ltr'><strong>οἷον</strong></span> <span class='ocrx_word' id='word_1_505' title='bbox 906 3657 1015 3729; x_wconf 82' lang='grc' dir='ltr'><strong>γὰρ</strong></span> <span class='ocrx_word' id='word_1_506' title='bbox 1045 3658 1292 3730; x_wconf 82' lang='grc' dir='ltr'><strong>θεμέλιον</strong></span> <span class='ocrx_word' id='word_1_507' title='bbox 1322 3653 1418 3710; x_wconf 69' lang='grc' dir='ltr'><strong>καὶ</strong></span> <span class='ocrx_word' id='word_1_508' title='bbox 1441 3656 1614 3730; x_wconf 78' lang='grc' dir='ltr'><strong>ἀρχὴν</strong></span> <span class='ocrx_word' id='word_1_509' title='bbox 1644 3659 1752 3713; x_wconf 89' lang='grc' dir='ltr'><strong>τῶν</strong></span> <span class='ocrx_word' id='word_1_510' title='bbox 1774 3676 1937 3728; x_wconf 85' lang='grc' dir='ltr'><strong>γεγο-</strong></span> 
     </span>
    </p>
   </div>
   <div class='ocr_carea' id='block_1_70' title="bbox 358 3747 1934 3822">
    <p class='ocr_par' dir='ltr' id='par_1_70' title="bbox 358 3747 1934 3822">
     <span class='ocr_line' id='line_1_70' title="bbox 358 3747 1934 3822; baseline 0.008 -23"><span class='ocrx_word' id='word_1_511' title='bbox 358 3748 527 3801; x_wconf 83' lang='grc' dir='ltr'><strong>νότων</strong></span> <span class='ocrx_word' id='word_1_512' title='bbox 546 3749 574 3802; x_wconf 83' lang='grc' dir='ltr'>ὀ</span> <span class='ocrx_word' id='word_1_513' title='bbox 593 3747 726 3813; x_wconf 82' lang='grc' dir='ltr'><strong>Θεὸς</strong></span> <span class='ocrx_word' id='word_1_514' title='bbox 751 3749 843 3804; x_wconf 80' lang='grc' dir='ltr'><strong>τὸν</strong></span> <span class='ocrx_word' id='word_1_515' title='bbox 870 3749 1098 3820; x_wconf 82' lang='grc' dir='ltr'><strong>οὐρανὸν</strong></span> <span class='ocrx_word' id='word_1_516' title='bbox 1117 3752 1210 3803; x_wconf 71' lang='grc' dir='ltr'><strong>καὶ</strong></span> <span class='ocrx_word' id='word_1_517' title='bbox 1236 3750 1335 3822; x_wconf 79' lang='grc' dir='ltr'><strong>τὴν</strong></span> <span class='ocrx_word' id='word_1_518' title='bbox 1353 3752 1456 3822; x_wconf 83' lang='grc' dir='ltr'><strong>γῆν</strong></span> <span class='ocrx_word' id='word_1_519' title='bbox 1480 3753 1934 3821; x_wconf 61' lang='grc' dir='ltr'><strong>προκατεδόᾱετο.</strong></span> 
     </span>
    </p>
   </div>
   <div class='ocr_carea' id='block_1_71' title="bbox 359 3838 1933 3912">
    <p class='ocr_par' dir='ltr' id='par_1_71' title="bbox 359 3838 1933 3912">
     <span class='ocr_line' id='line_1_71' title="bbox 359 3838 1933 3912; baseline 0.002 -18"><span class='ocrx_word' id='word_1_520' title='bbox 359 3839 519 3894; x_wconf 79' lang='grc' dir='ltr'><strong>Κατὰ</strong></span> <span class='ocrx_word' id='word_1_521' title='bbox 556 3839 614 3893; x_wconf 83' lang='grc' dir='ltr'><strong>δὲ</strong></span> <span class='ocrx_word' id='word_1_522' title='bbox 659 3838 731 3892; x_wconf 72' lang='grc' dir='ltr'><strong>τὰ</strong></span> <span class='ocrx_word' id='word_1_523' title='bbox 772 3840 911 3894; x_wconf 72' lang='grc' dir='ltr'><strong>ἄλλα</strong></span> <span class='ocrx_word' id='word_1_524' title='bbox 957 3839 1058 3909; x_wconf 82' lang='grc' dir='ltr'><strong>τῆς</strong></span> <span class='ocrx_word' id='word_1_525' title='bbox 1113 3839 1287 3912; x_wconf 85' lang='grc' dir='ltr'><strong>ἀρχῆς</strong></span> <span class='ocrx_word' id='word_1_526' title='bbox 1319 3842 1694 3912; x_wconf 86' lang='grc' dir='ltr'><strong>σημαινόμενα</strong></span> <span class='ocrx_word' id='word_1_527' title='bbox 1727 3843 1933 3899; x_wconf 82' lang='grc' dir='ltr'><strong>οὐκέτι.</strong></span> 
     </span>
    </p>
   </div>
   <div class='ocr_carea' id='block_1_72' title="bbox 437 3930 1938 4006">
    <p class='ocr_par' dir='ltr' id='par_1_72' title="bbox 437 3930 1938 4006">
     <span class='ocr_line' id='line_1_72' title="bbox 437 3930 1938 4006; baseline 0.003 -21"><span class='ocrx_word' id='word_1_528' title='bbox 437 3933 564 3985; x_wconf 82' lang='grc' dir='ltr'><strong>Ὀτι</strong></span> <span class='ocrx_word' id='word_1_529' title='bbox 581 3931 767 3986; x_wconf 65' lang='lat' dir='ltr'><strong>em&quot;</strong></span> <span class='ocrx_word' id='word_1_530' title='bbox 787 3931 903 3998; x_wconf 82' lang='grc' dir='ltr'><strong>τοῦ,</strong></span> <span class='ocrx_word' id='word_1_531' title='bbox 935 3933 1040 3988; x_wconf 86' lang='grc' dir='ltr'><em>Ἔν</em></span> <span class='ocrx_word' id='word_1_532' title='bbox 1064 3930 1239 4002; x_wconf 76' lang='grc' dir='ltr'><strong>ἀρχῇ,</strong></span> <span class='ocrx_word' id='word_1_533' title='bbox 1262 3951 1280 3983; x_wconf 81' lang='grc' dir='ltr'><strong>ι</strong></span> <span class='ocrx_word' id='word_1_534' title='bbox 1306 3933 1363 3986; x_wconf 81' lang='grc' dir='ltr'><strong>ὲν</strong></span> <span class='ocrx_word' id='word_1_535' title='bbox 1380 3935 1660 4006; x_wconf 85' lang='grc' dir='ltr'><strong>κεφαλαίῳ</strong></span> <span class='ocrx_word' id='word_1_536' title='bbox 1683 3954 1702 3988; x_wconf 74' lang='grc' dir='ltr'><strong>ι</strong></span> <span class='ocrx_word' id='word_1_537' title='bbox 1725 3935 1938 3989; x_wconf 73' lang='grc' dir='ltr'><strong>εἰπὼνό</strong></span> 
     </span>
    </p>
   </div>
   <div class='ocr_carea' id='block_1_73' title="bbox 368 4025 1937 4100">
    <p class='ocr_par' dir='ltr' id='par_1_73' title="bbox 368 4025 1937 4100">
     <span class='ocr_line' id='line_1_73' title="bbox 368 4025 1937 4100; baseline 0.003 -21"><span class='ocrx_word' id='word_1_538' title='bbox 368 4025 603 4091; x_wconf 79' lang='grc' dir='ltr'><strong>Ἀκύλας</strong></span> <span class='ocrx_word' id='word_1_539' title='bbox 650 4027 866 4081; x_wconf 90' lang='grc' dir='ltr'><strong>δίδωσιν</strong></span> <span class='ocrx_word' id='word_1_540' title='bbox 891 4027 1093 4080; x_wconf 78' lang='grc' dir='ltr'><strong>ἐννοεῖν</strong></span> <span class='ocrx_word' id='word_1_541' title='bbox 1133 4028 1256 4080; x_wconf 82' lang='grc' dir='ltr'><strong>ἀντὶ</strong></span> <span class='ocrx_word' id='word_1_542' title='bbox 1283 4025 1378 4080; x_wconf 80' lang='grc' dir='ltr'><strong>τοῦ</strong></span> <span class='ocrx_word' id='word_1_543' title='bbox 1419 4029 1814 4100; x_wconf 75' lang='grc' dir='ltr'><strong>συνηρημένως</strong></span> <span class='ocrx_word' id='word_1_544' title='bbox 1844 4029 1937 4083; x_wconf 74' lang='grc' dir='ltr'><strong>καὶ</strong></span> 
     </span>
    </p>
   </div>
   <div class='ocr_carea' id='block_1_74' title="bbox 355 4117 1934 4190">
    <p class='ocr_par' dir='ltr' id='par_1_74' title="bbox 355 4117 1934 4190">
     <span class='ocr_line' id='line_1_74' title="bbox 355 4117 1934 4190; baseline 0.003 -18"><span class='ocrx_word' id='word_1_545' title='bbox 355 4118 492 4190; x_wconf 77' lang='grc' dir='ltr'><strong>όμοῦ</strong></span> <span class='ocrx_word' id='word_1_546' title='bbox 541 4117 794 4187; x_wconf 81' lang='grc' dir='ltr'><strong>γενέσθαι</strong></span> <span class='ocrx_word' id='word_1_547' title='bbox 815 4118 906 4171; x_wconf 84' lang='grc' dir='ltr'><strong>τὸν</strong></span> <span class='ocrx_word' id='word_1_548' title='bbox 927 4117 1152 4188; x_wconf 84' lang='grc' dir='ltr'><strong>οὐρανὸν</strong></span> <span class='ocrx_word' id='word_1_549' title='bbox 1177 4118 1461 4188; x_wconf 78' lang='grc' dir='ltr'><strong>σημαίνειν</strong></span> <span class='ocrx_word' id='word_1_550' title='bbox 1494 4119 1572 4184; x_wconf 89' lang='grc' dir='ltr'><strong>τὸ,</strong></span> <span class='ocrx_word' id='word_1_551' title='bbox 1619 4120 1720 4173; x_wconf 84' lang='grc' dir='ltr'><strong>Ἐν</strong></span> <span class='ocrx_word' id='word_1_552' title='bbox 1748 4121 1905 4190; x_wconf 73' lang='grc' dir='ltr'><strong>ἀρχῇ</strong></span> <span class='ocrx_word' id='word_1_553' title='bbox 1922 4138 1934 4151; x_wconf 85' lang='grc'><em>’</em></span> 
     </span>
    </p>
   </div>
   <div class='ocr_carea' id='block_1_75' title="bbox 355 4209 1938 4284">
    <p class='ocr_par' dir='ltr' id='par_1_75' title="bbox 355 4209 1938 4284">
     <span class='ocr_line' id='line_1_75' title="bbox 355 4209 1938 4284; baseline 0.001 -19"><span class='ocrx_word' id='word_1_554' title='bbox 355 4211 480 4265; x_wconf 79' lang='grc' dir='ltr'><strong>οὐδὲ</strong></span> <span class='ocrx_word' id='word_1_555' title='bbox 509 4211 618 4282; x_wconf 83' lang='grc' dir='ltr'><strong>γὰρ</strong></span> <span class='ocrx_word' id='word_1_556' title='bbox 639 4211 699 4265; x_wconf 88' lang='grc' dir='ltr'><strong>τὸ</strong></span> <span class='ocrx_word' id='word_1_557' title='bbox 734 4210 835 4281; x_wconf 83' lang='grc' dir='ltr'><strong>μὲν</strong></span> <span class='ocrx_word' id='word_1_558' title='bbox 882 4209 1061 4264; x_wconf 80' lang='grc' dir='ltr'><strong>αὐτῶν</strong></span> <span class='ocrx_word' id='word_1_559' title='bbox 1113 4209 1400 4281; x_wconf 80' lang='grc' dir='ltr'><strong>πρότερον,</strong></span> <span class='ocrx_word' id='word_1_560' title='bbox 1425 4213 1483 4264; x_wconf 82' lang='grc' dir='ltr'><strong>τὸ</strong></span> <span class='ocrx_word' id='word_1_561' title='bbox 1509 4212 1566 4264; x_wconf 81' lang='grc' dir='ltr'><strong>δὲ</strong></span> <span class='ocrx_word' id='word_1_562' title='bbox 1603 4211 1829 4284; x_wconf 76' lang='grc' dir='ltr'><strong>ὕστερον</strong></span> <span class='ocrx_word' id='word_1_563' title='bbox 1849 4214 1938 4282; x_wconf 83' lang='grc' dir='ltr'><strong>γέ-</strong></span> 
     </span>
    </p>
   </div>
   <div class='ocr_carea' id='block_1_76' title="bbox 355 4300 1936 4375">
    <p class='ocr_par' dir='ltr' id='par_1_76' title="bbox 355 4300 1936 4375">
     <span class='ocr_line' id='line_1_76' title="bbox 355 4300 1936 4375; baseline 0.002 -18"><span class='ocrx_word' id='word_1_564' title='bbox 355 4321 534 4373; x_wconf 87' lang='grc' dir='ltr'><strong>γονεν.</strong></span> <span class='ocrx_word' id='word_1_565' title='bbox 591 4301 879 4373; x_wconf 84' lang='grc' dir='ltr'><strong>Είώθαμεν</strong></span> <span class='ocrx_word' id='word_1_566' title='bbox 909 4301 1017 4372; x_wconf 83' lang='grc' dir='ltr'><strong>γὰρ</strong></span> <span class='ocrx_word' id='word_1_567' title='bbox 1078 4300 1375 4370; x_wconf 77' lang='grc' dir='ltr'><strong>κεφάλαιον</strong></span> <span class='ocrx_word' id='word_1_568' title='bbox 1415 4301 1602 4358; x_wconf 86' lang='grc' dir='ltr'><strong>καλεῖν</strong></span> <span class='ocrx_word' id='word_1_569' title='bbox 1629 4303 1728 4375; x_wconf 80' lang='grc' dir='ltr'><strong>τὴν</strong></span> <span class='ocrx_word' id='word_1_570' title='bbox 1762 4307 1819 4358; x_wconf 81' lang='grc' dir='ltr'><strong>ὲν</strong></span> <span class='ocrx_word' id='word_1_571' title='bbox 1855 4305 1936 4360; x_wconf 75' lang='grc' dir='ltr'><strong>ἐνὶ</strong></span> 
     </span>
    </p>
   </div>
   <div class='ocr_carea' id='block_1_77' title="bbox 357 4393 1939 4468">
    <p class='ocr_par' dir='ltr' id='par_1_77' title="bbox 357 4393 1939 4468">
     <span class='ocr_line' id='line_1_77' title="bbox 357 4393 1939 4468; baseline -0.006 -20"><span class='ocrx_word' id='word_1_572' title='bbox 357 4395 571 4448; x_wconf 82' lang='grc' dir='ltr'><strong>πολλῶν</strong></span> <span class='ocrx_word' id='word_1_573' title='bbox 584 4395 627 4426; x_wconf 85' lang='grc'><strong>⁷⁷</strong></span> <span class='ocrx_word' id='word_1_574' title='bbox 659 4393 778 4464; x_wconf 75' lang='grc' dir='ltr'><strong>ἅμα</strong></span> <span class='ocrx_word' id='word_1_575' title='bbox 798 4395 1106 4464; x_wconf 88' lang='grc' dir='ltr'><strong>συναίρεσιν</strong></span> <span class='ocrx_word' id='word_1_576' title='bbox 1126 4411 1138 4424; x_wconf 81' lang='grc'><strong><em>⁸</em></strong></span> <span class='ocrx_word' id='word_1_577' title='bbox 1175 4396 1267 4448; x_wconf 78' lang='grc' dir='ltr'><strong>καὶ</strong></span> <span class='ocrx_word' id='word_1_578' title='bbox 1287 4395 1456 4466; x_wconf 82' lang='grc' dir='ltr'><strong>πολλὴ</strong></span> <span class='ocrx_word' id='word_1_579' title='bbox 1488 4395 1521 4464; x_wconf 78' lang='grc' dir='ltr'><strong>ἡ</strong></span> <span class='ocrx_word' id='word_1_580' title='bbox 1549 4396 1764 4464; x_wconf 80' lang='grc' dir='ltr'><strong>χρῆσις.</strong></span> <span class='ocrx_word' id='word_1_581' title='bbox 1785 4395 1939 4468; x_wconf 70' lang='grc' dir='ltr'><strong>Ἐδή..</strong></span> 
     </span>
    </p>
   </div>
   <div class='ocr_carea' id='block_1_78' title="bbox 354 4483 1939 4556">
    <p class='ocr_par' dir='ltr' id='par_1_78' title="bbox 354 4483 1939 4556">
     <span class='ocr_line' id='line_1_78' title="bbox 354 4483 1939 4556; baseline 0.002 -20"><span class='ocrx_word' id='word_1_582' title='bbox 354 4484 496 4536; x_wconf 87' lang='grc' dir='ltr'><strong>λωσε</strong></span> <span class='ocrx_word' id='word_1_583' title='bbox 544 4483 600 4536; x_wconf 83' lang='grc' dir='ltr'><strong>δὲ</strong></span> <span class='ocrx_word' id='word_1_584' title='bbox 663 4483 757 4536; x_wconf 77' lang='grc' dir='ltr'><strong>καὶ</strong></span> <span class='ocrx_word' id='word_1_585' title='bbox 787 4485 818 4554; x_wconf 87' lang='grc' dir='ltr'><strong>ή</strong></span> <span class='ocrx_word' id='word_1_586' title='bbox 849 4484 948 4554; x_wconf 82' lang='grc' dir='ltr'><strong>τῆς</strong></span> <span class='ocrx_word' id='word_1_587' title='bbox 975 4485 1096 4538; x_wconf 78' lang='grc' dir='ltr'><strong>σὺν</strong></span> <span class='ocrx_word' id='word_1_588' title='bbox 1119 4485 1428 4556; x_wconf 83' lang='grc' dir='ltr'><strong>προσθήκη,</strong></span> <span class='ocrx_word' id='word_1_589' title='bbox 1480 4485 1818 4555; x_wconf 82' lang='grc' dir='ltr'><strong>συνδυασμὸν</strong></span> <span class='ocrx_word' id='word_1_590' title='bbox 1863 4487 1939 4550; x_wconf 83' lang='grc' dir='ltr'><strong>ὡς</strong></span> 
     </span>
    </p>
   </div>
   <div class='ocr_carea' id='block_1_79' title="bbox 353 4577 1939 4652">
    <p class='ocr_par' dir='ltr' id='par_1_79' title="bbox 353 4577 1939 4652">
     <span class='ocr_line' id='line_1_79' title="bbox 353 4577 1939 4652; baseline -0.002 -18"><span class='ocrx_word' id='word_1_591' title='bbox 353 4581 424 4634; x_wconf 73' lang='grc' dir='ltr'><strong>τὰ</strong></span> <span class='ocrx_word' id='word_1_592' title='bbox 461 4577 629 4632; x_wconf 87' lang='grc' dir='ltr'><strong>πολλὰ</strong></span> <span class='ocrx_word' id='word_1_593' title='bbox 653 4578 908 4650; x_wconf 76' lang='grc' dir='ltr'><strong>δηλοῦσα.</strong></span> <span class='ocrx_word' id='word_1_594' title='bbox 937 4581 1047 4633; x_wconf 75' lang='grc' dir='ltr'><strong>Καὶ</strong></span> <span class='ocrx_word' id='word_1_595' title='bbox 1071 4582 1176 4652; x_wconf 83' lang='grc' dir='ltr'><strong>γὰρ</strong></span> <span class='ocrx_word' id='word_1_596' title='bbox 1191 4578 1379 4646; x_wconf 76' lang='grc' dir='ltr'><strong>εἰπὼν,</strong></span> <span class='ocrx_word' id='word_1_597' title='bbox 1399 4580 1499 4634; x_wconf 77' lang='grc' dir='ltr'><strong>Ἐν</strong></span> <span class='ocrx_word' id='word_1_598' title='bbox 1515 4579 1821 4648; x_wconf 71' lang='grc' dir='ltr'><strong>κεφαλαίῳ</strong></span> <span class='ocrx_word' id='word_1_599' title='bbox 1842 4580 1939 4633; x_wconf 81' lang='grc' dir='ltr'><strong>ἐκ-</strong></span> 
     </span>
    </p>
   </div>
   <div class='ocr_carea' id='block_1_80' title="bbox 357 4670 1936 4742">
    <p class='ocr_par' dir='ltr' id='par_1_80' title="bbox 357 4670 1936 4742">
     <span class='ocr_line' id='line_1_80' title="bbox 357 4670 1936 4742; baseline 0.001 -17"><span class='ocrx_word' id='word_1_600' title='bbox 357 4687 489 4726; x_wconf 82' lang='grc' dir='ltr'><strong>τισε</strong></span> <span class='ocrx_word' id='word_1_601' title='bbox 553 4671 676 4725; x_wconf 86' lang='grc' dir='ltr'><strong>σὺν</strong></span> <span class='ocrx_word' id='word_1_602' title='bbox 713 4671 820 4724; x_wconf 82' lang='grc' dir='ltr'><strong>τὸν</strong></span> <span class='ocrx_word' id='word_1_603' title='bbox 890 4671 1170 4738; x_wconf 73' lang='grc' dir='ltr'><strong>οὐρανὸν,</strong></span> <span class='ocrx_word' id='word_1_604' title='bbox 1221 4671 1344 4725; x_wconf 83' lang='grc' dir='ltr'><strong>σὺν</strong></span> <span class='ocrx_word' id='word_1_605' title='bbox 1383 4670 1499 4738; x_wconf 79' lang='grc' dir='ltr'><strong>τὴν</strong></span> <span class='ocrx_word' id='word_1_606' title='bbox 1539 4670 1679 4740; x_wconf 73' lang='grc' dir='ltr'><strong>γῆν,</strong></span> <span class='ocrx_word' id='word_1_607' title='bbox 1714 4673 1771 4724; x_wconf 78' lang='grc' dir='ltr'><strong>ἐν</strong></span> <span class='ocrx_word' id='word_1_608' title='bbox 1795 4672 1936 4742; x_wconf 80' lang='grc' dir='ltr'><strong>ἀρχῇ</strong></span> 
     </span>
    </p>
   </div>
   <div class='ocr_carea' id='block_1_81' title="bbox 355 4761 1933 4834">
    <p class='ocr_par' dir='ltr' id='par_1_81' title="bbox 355 4761 1933 4834">
     <span class='ocr_line' id='line_1_81' title="bbox 355 4761 1933 4834; baseline 0.001 -20"><span class='ocrx_word' id='word_1_609' title='bbox 355 4762 603 4832; x_wconf 83' lang='grc' dir='ltr'><strong>παρέσχε</strong></span> <span class='ocrx_word' id='word_1_610' title='bbox 657 4761 758 4832; x_wconf 79' lang='grc' dir='ltr'><strong>τὴν</strong></span> <span class='ocrx_word' id='word_1_611' title='bbox 790 4761 1020 4832; x_wconf 87' lang='grc' dir='ltr'><strong>δήλωσιν</strong></span> <span class='ocrx_word' id='word_1_612' title='bbox 1054 4761 1147 4816; x_wconf 81' lang='grc' dir='ltr'><strong>τοῦ</strong></span> <span class='ocrx_word' id='word_1_613' title='bbox 1210 4763 1328 4834; x_wconf 78' lang='grc' dir='ltr'><strong>ἅμα</strong></span> <span class='ocrx_word' id='word_1_614' title='bbox 1372 4761 1623 4832; x_wconf 81' lang='grc' dir='ltr'><strong>γενέσθαι</strong></span> <span class='ocrx_word' id='word_1_615' title='bbox 1685 4762 1755 4815; x_wconf 83' lang='grc' dir='ltr'><strong>τὰ</strong></span> <span class='ocrx_word' id='word_1_616' title='bbox 1820 4761 1933 4815; x_wconf 89' lang='grc' dir='ltr'><strong>δύο.</strong></span> 
     </span>
    </p>
   </div>
   <div class='ocr_carea' id='block_1_82' title="bbox 358 4854 1936 4927">
    <p class='ocr_par' dir='ltr' id='par_1_82' title="bbox 358 4854 1936 4927">
     <span class='ocr_line' id='line_1_82' title="bbox 358 4854 1936 4927; baseline 0.007 -19"><span class='ocrx_word' id='word_1_617' title='bbox 358 4855 533 4921; x_wconf 29' lang='grc' dir='ltr'><strong>Τινὲς.</strong></span> <span class='ocrx_word' id='word_1_618' title='bbox 569 4854 652 4919; x_wconf 77' lang='grc' dir='ltr'><strong>τὸ,</strong></span> <span class='ocrx_word' id='word_1_619' title='bbox 684 4855 742 4907; x_wconf 81' lang='grc' dir='ltr'><strong>ὲν</strong></span> <span class='ocrx_word' id='word_1_620' title='bbox 784 4855 1094 4925; x_wconf 85' lang='grc' dir='ltr'><strong>κεφαλαίῳ,</strong></span> <span class='ocrx_word' id='word_1_621' title='bbox 1129 4856 1228 4926; x_wconf 85' lang='grc' dir='ltr'><strong>ούχ</strong></span> <span class='ocrx_word' id='word_1_622' title='bbox 1271 4854 1465 4919; x_wconf 74' lang='grc' dir='ltr'><strong>οὕτως,</strong></span> <span class='ocrx_word' id='word_1_623' title='bbox 1500 4855 1614 4909; x_wconf 84' lang='grc' dir='ltr'><strong>ἀλλ’</strong></span> <span class='ocrx_word' id='word_1_624' title='bbox 1675 4854 1784 4908; x_wconf 78' lang='grc' dir='ltr'><strong>ἀπὸ</strong></span> <span class='ocrx_word' id='word_1_625' title='bbox 1837 4857 1936 4927; x_wconf 81' lang='grc' dir='ltr'><strong>τῆς</strong></span> 
     </span>
    </p>
   </div>
   <div class='ocr_carea' id='block_1_83' title="bbox 356 4941 1940 5015">
    <p class='ocr_par' dir='ltr' id='par_1_83' title="bbox 356 4941 1940 5015">
     <span class='ocr_line' id='line_1_83' title="bbox 356 4941 1940 5015; baseline -0.001 -18"><span class='ocrx_word' id='word_1_626' title='bbox 356 4944 533 5015; x_wconf 77' lang='grc' dir='ltr'><strong>ἀρχῆς</strong></span> <span class='ocrx_word' id='word_1_627' title='bbox 545 4941 640 4996; x_wconf 78' lang='grc' dir='ltr'><strong>τοῦ</strong></span> <span class='ocrx_word' id='word_1_628' title='bbox 672 4943 921 5014; x_wconf 84' lang='grc' dir='ltr'><strong>σώματος</strong></span> <span class='ocrx_word' id='word_1_629' title='bbox 936 4944 1036 5014; x_wconf 84' lang='grc' dir='ltr'><strong>τῆς</strong></span> <span class='ocrx_word' id='word_1_630' title='bbox 1062 4944 1448 5014; x_wconf 67' lang='grc' dir='ltr'><strong>κεφαλῆςίαύτὸ</strong></span> <span class='ocrx_word' id='word_1_631' title='bbox 1475 4944 1816 5013; x_wconf 79' lang='grc' dir='ltr'><strong>λογιζόμενοι</strong></span> <span class='ocrx_word' id='word_1_632' title='bbox 1842 4946 1940 4996; x_wconf 82' lang='grc' dir='ltr'><strong>ἐσ-</strong></span> 
     </span>
    </p>
   </div>
   <div class='ocr_carea' id='block_1_84' title="bbox 356 5033 1935 5108">
    <p class='ocr_par' dir='ltr' id='par_1_84' title="bbox 356 5033 1935 5108">
     <span class='ocr_line' id='line_1_84' title="bbox 356 5033 1935 5108; baseline 0.001 -19"><span class='ocrx_word' id='word_1_633' title='bbox 356 5033 721 5108; x_wconf 86' lang='grc' dir='ltr'><strong>χηματίσθαι,</strong></span> <span class='ocrx_word' id='word_1_634' title='bbox 757 5037 838 5099; x_wconf 78' lang='grc' dir='ltr'><strong>εἰς</strong></span> <span class='ocrx_word' id='word_1_635' title='bbox 877 5033 1134 5106; x_wconf 88' lang='grc' dir='ltr'><strong>τοιαύτην</strong></span> <span class='ocrx_word' id='word_1_636' title='bbox 1163 5035 1337 5108; x_wconf 84' lang='grc' dir='ltr'><strong>ἀρχὴν</strong></span> <span class='ocrx_word' id='word_1_637' title='bbox 1357 5035 1489 5090; x_wconf 80' lang='grc' dir='ltr'><strong>αὐτὸ</strong></span> <span class='ocrx_word' id='word_1_638' title='bbox 1522 5036 1935 5106; x_wconf 86' lang='grc' dir='ltr'><strong>μετειλήφασιν.</strong></span> 
     </span>
    </p>
   </div>
   <div class='ocr_carea' id='block_1_85' title="bbox 438 5213 1938 5286">
    <p class='ocr_par' dir='ltr' id='par_1_85' title="bbox 438 5213 1938 5286">
     <span class='ocr_line' id='line_1_85' title="bbox 438 5213 1938 5286; baseline 0 -20"><span class='ocrx_word' id='word_1_639' title='bbox 438 5213 562 5266; x_wconf 85' lang='grc' dir='ltr'><strong>ὐτι</strong></span> <span class='ocrx_word' id='word_1_640' title='bbox 633 5214 816 5284; x_wconf 68' lang='grc' dir='ltr'><strong>φησιν,</strong></span> <span class='ocrx_word' id='word_1_641' title='bbox 882 5214 1122 5286; x_wconf 71' lang='grc' dir='ltr'><strong>Οὐρανὸν</strong></span> <span class='ocrx_word' id='word_1_642' title='bbox 1173 5225 1264 5268; x_wconf 84' lang='grc' dir='ltr'><strong>και</strong></span> <span class='ocrx_word' id='word_1_643' title='bbox 1331 5213 1433 5285; x_wconf 82' lang='grc' dir='ltr'><strong>γῆν</strong></span> <span class='ocrx_word' id='word_1_644' title='bbox 1501 5213 1669 5268; x_wconf 79' lang='grc' dir='ltr'><strong>εἰπὼν</strong></span> <span class='ocrx_word' id='word_1_645' title='bbox 1717 5215 1804 5268; x_wconf 81' lang='grc' dir='ltr'><strong>διὰ</strong></span> <span class='ocrx_word' id='word_1_646' title='bbox 1827 5216 1938 5268; x_wconf 87' lang='grc' dir='ltr'><strong>τῶν</strong></span> 
     </span>
    </p>
   </div>
   <div class='ocr_carea' id='block_1_86' title="bbox 434 5398 788 5466">
    <p class='ocr_par' dir='ltr' id='par_1_86' title="bbox 434 5398 788 5466">
     <span class='ocr_line' id='line_1_86' title="bbox 434 5398 788 5466; baseline -0.003 -12"><span class='ocrx_word' id='word_1_647' title='bbox 434 5410 454 5436; x_wconf 88' lang='grc'><strong>·</strong></span> <span class='ocrx_word' id='word_1_648' title='bbox 490 5398 627 5456; x_wconf 85' lang='lat' dir='ltr'><strong>Gen.</strong></span> <span class='ocrx_word' id='word_1_649' title='bbox 666 5415 705 5466; x_wconf 85' lang='grc' dir='ltr'><strong>ι,</strong></span> <span class='ocrx_word' id='word_1_650' title='bbox 741 5400 788 5454; x_wconf 85' lang='lat' dir='ltr'><strong>l.</strong></span> 
     </span>
    </p>
   </div>
   <div class='ocr_carea' id='block_1_87' title="bbox 2041 3022 3620 3099">
    <p class='ocr_par' dir='ltr' id='par_1_87' title="bbox 2041 3022 3620 3099">
     <span class='ocr_line' id='line_1_87' title="bbox 2041 3022 3620 3099; baseline -0.003 -17"><span class='ocrx_word' id='word_1_651' title='bbox 2041 3029 2129 3099; x_wconf 88' lang='lat' dir='ltr'><strong>pio</strong></span> <span class='ocrx_word' id='word_1_652' title='bbox 2157 3027 2432 3098; x_wconf 88' lang='lat' dir='ltr'><strong>temporis,</strong></span> <span class='ocrx_word' id='word_1_653' title='bbox 2472 3034 2528 3082; x_wconf 90' lang='lat' dir='ltr'><strong>et</strong></span> <span class='ocrx_word' id='word_1_654' title='bbox 2557 3041 2665 3081; x_wconf 92' lang='lat' dir='ltr'><strong>non</strong></span> <span class='ocrx_word' id='word_1_655' title='bbox 2697 3026 2752 3081; x_wconf 93' lang='lat' dir='ltr'><strong>in</strong></span> <span class='ocrx_word' id='word_1_656' title='bbox 2786 3033 3049 3095; x_wconf 89' lang='lat' dir='ltr'><strong>tempore,</strong></span> <span class='ocrx_word' id='word_1_657' title='bbox 3080 3022 3276 3079; x_wconf 69' lang='lat' dir='ltr'><strong>coelum</strong></span> <span class='ocrx_word' id='word_1_658' title='bbox 3309 3030 3620 3090; x_wconf 80' lang='lat' dir='ltr'><strong>terramque</strong></span> 
     </span>
    </p>
   </div>
   <div class='ocr_carea' id='block_1_88' title="bbox 2039 3113 3618 3186">
    <p class='ocr_par' dir='ltr' id='par_1_88' title="bbox 2039 3113 3618 3186">
     <span class='ocr_line' id='line_1_88' title="bbox 2039 3113 3618 3186; baseline -0.006 -10"><span class='ocrx_word' id='word_1_659' title='bbox 2039 3122 2278 3176; x_wconf 87' lang='lat' dir='ltr'><strong>condidit</strong></span> <span class='ocrx_word' id='word_1_660' title='bbox 2337 3121 2498 3176; x_wconf 89' lang='lat' dir='ltr'><strong>Deus.</strong></span> <span class='ocrx_word' id='word_1_661' title='bbox 2546 3118 2652 3173; x_wconf 88' lang='lat' dir='ltr'><strong>Sed</strong></span> <span class='ocrx_word' id='word_1_662' title='bbox 2703 3134 2873 3173; x_wconf 89' lang='lat' dir='ltr'><strong>unum</strong></span> <span class='ocrx_word' id='word_1_663' title='bbox 2928 3118 3032 3172; x_wconf 90' lang='lat' dir='ltr'><strong>hoc</strong></span> <span class='ocrx_word' id='word_1_664' title='bbox 3089 3116 3364 3186; x_wconf 87' lang='lat' dir='ltr'><strong>signiﬁcat</strong></span> <span class='ocrx_word' id='word_1_665' title='bbox 3407 3113 3618 3183; x_wconf 81' lang='lat' dir='ltr'><strong>princi-</strong></span> 
     </span>
    </p>
   </div>
   <div class='ocr_carea' id='block_1_89' title="bbox 2038 3203 3617 3283">
    <p class='ocr_par' dir='ltr' id='par_1_89' title="bbox 2038 3203 3617 3283">
     <span class='ocr_line' id='line_1_89' title="bbox 2038 3203 3617 3283; baseline -0.006 -17"><span class='ocrx_word' id='word_1_666' title='bbox 2038 3213 2207 3283; x_wconf 88' lang='lat' dir='ltr'><strong>pium,</strong></span> <span class='ocrx_word' id='word_1_667' title='bbox 2234 3213 2284 3266; x_wconf 92' lang='lat' dir='ltr'><strong>in</strong></span> <span class='ocrx_word' id='word_1_668' title='bbox 2310 3227 2415 3281; x_wconf 91' lang='lat' dir='ltr'><strong>quo</strong></span> <span class='ocrx_word' id='word_1_669' title='bbox 2439 3211 2636 3267; x_wconf 68' lang='lat' dir='ltr'><strong>caelum</strong></span> <span class='ocrx_word' id='word_1_670' title='bbox 2665 3219 2721 3264; x_wconf 91' lang='lat' dir='ltr'><strong>et</strong></span> <span class='ocrx_word' id='word_1_671' title='bbox 2751 3219 2894 3263; x_wconf 88' lang='lat' dir='ltr'><strong>terra</strong></span> <span class='ocrx_word' id='word_1_672' title='bbox 2918 3207 3136 3264; x_wconf 90' lang='lat' dir='ltr'><strong>condita</strong></span> <span class='ocrx_word' id='word_1_673' title='bbox 3162 3215 3311 3261; x_wconf 89' lang='lat' dir='ltr'><strong>sunt.</strong></span> <span class='ocrx_word' id='word_1_674' title='bbox 3342 3203 3617 3269; x_wconf 85' lang='lat' dir='ltr'><strong>Secundo,</strong></span> 
     </span>
    </p>
   </div>
   <div class='ocr_carea' id='block_1_90' title="bbox 2037 3296 3622 3376">
    <p class='ocr_par' dir='ltr' id='par_1_90' title="bbox 2037 3296 3622 3376">
     <span class='ocr_line' id='line_1_90' title="bbox 2037 3296 3622 3376; baseline -0.006 -19"><span class='ocrx_word' id='word_1_675' title='bbox 2037 3303 2210 3372; x_wconf 88' lang='lat' dir='ltr'><strong>prima</strong></span> <span class='ocrx_word' id='word_1_676' title='bbox 2269 3301 2470 3372; x_wconf 75' lang='lat' dir='ltr'><strong>323a</strong></span> <span class='ocrx_word' id='word_1_677' title='bbox 2508 3299 2739 3376; x_wconf 69' lang='lat' dir='ltr'><strong>fabricae</strong></span> <span class='ocrx_word' id='word_1_678' title='bbox 2776 3313 2924 3368; x_wconf 88' lang='lat' dir='ltr'><strong>pars,</strong></span> <span class='ocrx_word' id='word_1_679' title='bbox 2975 3307 3034 3351; x_wconf 87' lang='lat' dir='ltr'><strong>ut</strong></span> <span class='ocrx_word' id='word_1_680' title='bbox 3075 3296 3284 3351; x_wconf 88' lang='lat' dir='ltr'><strong>initium</strong></span> <span class='ocrx_word' id='word_1_681' title='bbox 3335 3296 3492 3350; x_wconf 89' lang='lat' dir='ltr'><strong>navis</strong></span> <span class='ocrx_word' id='word_1_682' title='bbox 3537 3306 3622 3349; x_wconf 83' lang='lat' dir='ltr'><strong>est</strong></span> 
     </span>
    </p>
   </div>
   <div class='ocr_carea' id='block_1_91' title="bbox 2038 3387 3618 3456">
    <p class='ocr_par' dir='ltr' id='par_1_91' title="bbox 2038 3387 3618 3456">
     <span class='ocr_line' id='line_1_91' title="bbox 2038 3387 3618 3456; baseline -0.004 -10"><span class='ocrx_word' id='word_1_683' title='bbox 2038 3392 2252 3455; x_wconf 89' lang='lat' dir='ltr'><strong>carina,</strong></span> <span class='ocrx_word' id='word_1_684' title='bbox 2279 3392 2470 3445; x_wconf 90' lang='lat' dir='ltr'><strong>domus</strong></span> <span class='ocrx_word' id='word_1_685' title='bbox 2499 3389 2870 3443; x_wconf 84' lang='lat' dir='ltr'><strong>fundamenta.</strong></span> <span class='ocrx_word' id='word_1_686' title='bbox 2909 3387 3047 3441; x_wconf 85' lang='lat' dir='ltr'><strong>Hinc</strong></span> <span class='ocrx_word' id='word_1_687' title='bbox 3075 3395 3299 3456; x_wconf 86' lang='lat' dir='ltr'><strong>apparet</strong></span> <span class='ocrx_word' id='word_1_688' title='bbox 3334 3395 3388 3440; x_wconf 91' lang='lat' dir='ltr'><strong>et</strong></span> <span class='ocrx_word' id='word_1_689' title='bbox 3429 3389 3618 3440; x_wconf 88' lang='lat' dir='ltr'><strong>eodem</strong></span> 
     </span>
    </p>
   </div>
   <div class='ocr_carea' id='block_1_92' title="bbox 2039 3478 3618 3553">
    <p class='ocr_par' dir='ltr' id='par_1_92' title="bbox 2039 3478 3618 3553">
     <span class='ocr_line' id='line_1_92' title="bbox 2039 3478 3618 3553; baseline -0.004 -17"><span class='ocrx_word' id='word_1_690' title='bbox 2039 3483 2198 3537; x_wconf 91' lang='lat' dir='ltr'><strong>modo</strong></span> <span class='ocrx_word' id='word_1_691' title='bbox 2216 3481 2672 3553; x_wconf 85' lang='lat' dir='ltr'><strong>significationem</strong></span> <span class='ocrx_word' id='word_1_692' title='bbox 2693 3479 2946 3549; x_wconf 88' lang='lat' dir='ltr'><strong>principii</strong></span> <span class='ocrx_word' id='word_1_693' title='bbox 2966 3478 3189 3546; x_wconf 86' lang='lat' dir='ltr'><strong>intelligi</strong></span> <span class='ocrx_word' id='word_1_694' title='bbox 3220 3492 3398 3546; x_wconf 87' lang='lat' dir='ltr'><strong>posse,</strong></span> <span class='ocrx_word' id='word_1_695' title='bbox 3416 3478 3618 3533; x_wconf 57' lang='lat' dir='ltr'><strong>caelum</strong></span> 
     </span>
    </p>
   </div>
   <div class='ocr_carea' id='block_1_93' title="bbox 2036 3569 3626 3644">
    <p class='ocr_par' dir='ltr' id='par_1_93' title="bbox 2036 3569 3626 3644">
     <span class='ocr_line' id='line_1_93' title="bbox 2036 3569 3626 3644; baseline -0.006 -10"><span class='ocrx_word' id='word_1_696' title='bbox 2036 3586 2091 3634; x_wconf 89' lang='lat' dir='ltr'><strong>et</strong></span> <span class='ocrx_word' id='word_1_697' title='bbox 2114 3587 2311 3632; x_wconf 89' lang='lat' dir='ltr'><strong>terram</strong></span> <span class='ocrx_word' id='word_1_698' title='bbox 2343 3574 2396 3630; x_wconf 91' lang='lat' dir='ltr'><strong>in</strong></span> <span class='ocrx_word' id='word_1_699' title='bbox 2434 3573 2699 3644; x_wconf 90' lang='lat' dir='ltr'><strong>principio</strong></span> <span class='ocrx_word' id='word_1_700' title='bbox 2745 3572 2887 3627; x_wconf 87' lang='lat' dir='ltr'><strong>facta</strong></span> <span class='ocrx_word' id='word_1_701' title='bbox 2918 3585 3060 3626; x_wconf 88' lang='lat' dir='ltr'><strong>esse.</strong></span> <span class='ocrx_word' id='word_1_702' title='bbox 3095 3570 3225 3624; x_wconf 87' lang='lat' dir='ltr'><strong>Tale</strong></span> <span class='ocrx_word' id='word_1_703' title='bbox 3257 3571 3402 3624; x_wconf 91' lang='lat' dir='ltr'><strong>enim</strong></span> <span class='ocrx_word' id='word_1_704' title='bbox 3437 3569 3626 3624; x_wconf 85' lang='lat' dir='ltr'><strong>funda-</strong></span> 
     </span>
    </p>
   </div>
   <div class='ocr_carea' id='block_1_94' title="bbox 2039 3663 3619 3739">
    <p class='ocr_par' dir='ltr' id='par_1_94' title="bbox 2039 3663 3619 3739">
     <span class='ocr_line' id='line_1_94' title="bbox 2039 3663 3619 3739; baseline -0.005 -15"><span class='ocrx_word' id='word_1_705' title='bbox 2039 3678 2278 3724; x_wconf 86' lang='lat' dir='ltr'><strong>mentum</strong></span> <span class='ocrx_word' id='word_1_706' title='bbox 2310 3679 2364 3723; x_wconf 92' lang='lat' dir='ltr'><strong>et</strong></span> <span class='ocrx_word' id='word_1_707' title='bbox 2408 3666 2738 3739; x_wconf 91' lang='lat' dir='ltr'><strong>principium</strong></span> <span class='ocrx_word' id='word_1_708' title='bbox 2780 3681 2985 3728; x_wconf 90' lang='lat' dir='ltr'><strong>rerum,</strong></span> <span class='ocrx_word' id='word_1_709' title='bbox 3017 3663 3160 3719; x_wconf 92' lang='lat' dir='ltr'><strong>Deus</strong></span> <span class='ocrx_word' id='word_1_710' title='bbox 3195 3663 3392 3718; x_wconf 63' lang='lat' dir='ltr'><strong>malum</strong></span> <span class='ocrx_word' id='word_1_711' title='bbox 3423 3673 3480 3717; x_wconf 91' lang='lat' dir='ltr'><strong>et</strong></span> <span class='ocrx_word' id='word_1_712' title='bbox 3506 3672 3619 3717; x_wconf 90' lang='lat' dir='ltr'><strong>ter-</strong></span> 
     </span>
    </p>
   </div>
   <div class='ocr_carea' id='block_1_95' title="bbox 2039 3752 3621 3832">
    <p class='ocr_par' dir='ltr' id='par_1_95' title="bbox 2039 3752 3621 3832">
     <span class='ocr_line' id='line_1_95' title="bbox 2039 3752 3621 3832; baseline -0.007 -16"><span class='ocrx_word' id='word_1_713' title='bbox 2039 3777 2180 3824; x_wconf 89' lang='lat' dir='ltr'><strong>ram,</strong></span> <span class='ocrx_word' id='word_1_714' title='bbox 2213 3760 2444 3828; x_wconf 91' lang='lat' dir='ltr'><strong>primum</strong></span> <span class='ocrx_word' id='word_1_715' title='bbox 2477 3759 2680 3832; x_wconf 88' lang='lat' dir='ltr'><strong>posuit,</strong></span> <span class='ocrx_word' id='word_1_716' title='bbox 2705 3758 2759 3813; x_wconf 91' lang='lat' dir='ltr'><strong>in</strong></span> <span class='ocrx_word' id='word_1_717' title='bbox 2787 3755 2908 3814; x_wconf 89' lang='lat' dir='ltr'><strong>aliis</strong></span> <span class='ocrx_word' id='word_1_718' title='bbox 2937 3752 3439 3827; x_wconf 87' lang='lat' dir='ltr'><strong>signiﬁcationibus</strong></span> <span class='ocrx_word' id='word_1_719' title='bbox 3465 3754 3621 3823; x_wconf 91' lang='lat' dir='ltr'><strong>prin-</strong></span> 
     </span>
    </p>
   </div>
   <div class='ocr_carea' id='block_1_96' title="bbox 2039 3855 2559 3927">
    <p class='ocr_par' dir='ltr' id='par_1_96' title="bbox 2039 3855 2559 3927">
     <span class='ocr_line' id='line_1_96' title="bbox 2039 3855 2559 3927; baseline -0.012 -15"><span class='ocrx_word' id='word_1_720' title='bbox 2039 3857 2165 3927; x_wconf 88' lang='lat' dir='ltr'><strong>cipii</strong></span> <span class='ocrx_word' id='word_1_721' title='bbox 2197 3871 2303 3910; x_wconf 92' lang='lat' dir='ltr'><strong>non</strong></span> <span class='ocrx_word' id='word_1_722' title='bbox 2337 3855 2438 3911; x_wconf 89' lang='lat' dir='ltr'><strong>ita.</strong></span> <span class='ocrx_word' id='word_1_723' title='bbox 2552 3901 2559 3906; x_wconf 90' lang='lat'><strong>.</strong></span> 
     </span>
    </p>
   </div>
   <div class='ocr_carea' id='block_1_97' title="bbox 2109 3943 3624 4018">
    <p class='ocr_par' dir='ltr' id='par_1_97' title="bbox 2109 3943 3624 4018">
     <span class='ocr_line' id='line_1_97' title="bbox 2109 3943 3624 4018; baseline -0.003 -18"><span class='ocrx_word' id='word_1_724' title='bbox 2109 3947 2217 4003; x_wconf 90' lang='lat' dir='ltr'><strong>Pro</strong></span> <span class='ocrx_word' id='word_1_725' title='bbox 2262 3948 2348 4003; x_wconf 81' lang='lat' dir='ltr'><strong>his</strong></span> <span class='ocrx_word' id='word_1_726' title='bbox 2395 3946 2464 4001; x_wconf 83' lang='lat' dir='ltr'><strong>In</strong></span> <span class='ocrx_word' id='word_1_727' title='bbox 2495 3946 2780 4018; x_wconf 76' lang='lat' dir='ltr'><strong>principio,</strong></span> <span class='ocrx_word' id='word_1_728' title='bbox 2843 3954 3062 4002; x_wconf 83' lang='lat' dir='ltr'><strong>vertens</strong></span> <span class='ocrx_word' id='word_1_729' title='bbox 3117 3946 3198 4000; x_wconf 88' lang='lat' dir='ltr'><strong>sic</strong></span> <span class='ocrx_word' id='word_1_730' title='bbox 3251 3944 3484 4013; x_wconf 82' lang='lat' dir='ltr'><strong>Aquila,’</strong></span> <span class='ocrx_word' id='word_1_731' title='bbox 3533 3943 3624 3997; x_wconf 84' lang='grc' dir='ltr'><strong>Ἐν</strong></span> 
     </span>
    </p>
   </div>
   <div class='ocr_carea' id='block_1_98' title="bbox 2039 4035 3619 4108">
    <p class='ocr_par' dir='ltr' id='par_1_98' title="bbox 2039 4035 3619 4108">
     <span class='ocr_line' id='line_1_98' title="bbox 2039 4035 3619 4108; baseline -0.004 -15"><span class='ocrx_word' id='word_1_732' title='bbox 2039 4039 2340 4108; x_wconf 80' lang='grc' dir='ltr'><strong>κεφαλαίῳ,</strong></span> <span class='ocrx_word' id='word_1_733' title='bbox 2363 4040 2704 4095; x_wconf 87' lang='lat' dir='ltr'><strong>occasionem</strong></span> <span class='ocrx_word' id='word_1_734' title='bbox 2733 4038 2882 4092; x_wconf 88' lang='lat' dir='ltr'><strong>dedit</strong></span> <span class='ocrx_word' id='word_1_735' title='bbox 2903 4037 3200 4107; x_wconf 83' lang='lat' dir='ltr'><strong>cogitandi,</strong></span> <span class='ocrx_word' id='word_1_736' title='bbox 3219 4053 3428 4107; x_wconf 89' lang='grc' dir='ltr'><strong>συνηρη</strong></span> <span class='ocrx_word' id='word_1_737' title='bbox 3439 4035 3619 4105; x_wconf 83' lang='grc' dir='ltr'><strong>μὲνως</strong></span> 
     </span>
    </p>
   </div>
   <div class='ocr_carea' id='block_1_99' title="bbox 2040 4127 3614 4199">
    <p class='ocr_par' dir='ltr' id='par_1_99' title="bbox 2040 4127 3614 4199">
     <span class='ocr_line' id='line_1_99' title="bbox 2040 4127 3614 4199; baseline -0.003 -16"><span class='ocrx_word' id='word_1_738' title='bbox 2040 4130 2121 4192; x_wconf 83' lang='grc' dir='ltr'><strong>τὸ,</strong></span> <span class='ocrx_word' id='word_1_739' title='bbox 2163 4131 2212 4182; x_wconf 93' lang='lat' dir='ltr'><strong>in</strong></span> <span class='ocrx_word' id='word_1_740' title='bbox 2253 4129 2514 4198; x_wconf 88' lang='lat' dir='ltr'><strong>principio</strong></span> <span class='ocrx_word' id='word_1_741' title='bbox 2545 4127 2854 4199; x_wconf 87' lang='lat' dir='ltr'><strong>signiﬁcare</strong></span> <span class='ocrx_word' id='word_1_742' title='bbox 2880 4127 3112 4196; x_wconf 89' lang='lat' dir='ltr'><strong>junctim</strong></span> <span class='ocrx_word' id='word_1_743' title='bbox 3139 4139 3191 4182; x_wconf 90' lang='lat' dir='ltr'><strong>et</strong></span> <span class='ocrx_word' id='word_1_744' title='bbox 3220 4127 3381 4182; x_wconf 90' lang='lat' dir='ltr'><strong>simul</strong></span> <span class='ocrx_word' id='word_1_745' title='bbox 3416 4127 3614 4181; x_wconf 64' lang='lat' dir='ltr'><strong>caelum</strong></span> 
     </span>
    </p>
   </div>
   <div class='ocr_carea' id='block_1_100' title="bbox 2043 4217 3622 4287">
    <p class='ocr_par' dir='ltr' id='par_1_100' title="bbox 2043 4217 3622 4287">
     <span class='ocr_line' id='line_1_100' title="bbox 2043 4217 3622 4287; baseline -0.004 -13"><span class='ocrx_word' id='word_1_746' title='bbox 2043 4231 2097 4274; x_wconf 92' lang='lat' dir='ltr'><strong>et</strong></span> <span class='ocrx_word' id='word_1_747' title='bbox 2127 4230 2330 4275; x_wconf 84' lang='lat' dir='ltr'><strong>terram</strong></span> <span class='ocrx_word' id='word_1_748' title='bbox 2359 4220 2502 4274; x_wconf 85' lang='lat' dir='ltr'><strong>facta</strong></span> <span class='ocrx_word' id='word_1_749' title='bbox 2529 4235 2672 4274; x_wconf 89' lang='lat' dir='ltr'><strong>esse.</strong></span> <span class='ocrx_word' id='word_1_750' title='bbox 2691 4217 2875 4287; x_wconf 84' lang='lat' dir='ltr'><strong>Neque</strong></span> <span class='ocrx_word' id='word_1_751' title='bbox 2903 4218 3045 4273; x_wconf 90' lang='lat' dir='ltr'><strong>enim</strong></span> <span class='ocrx_word' id='word_1_752' title='bbox 3081 4219 3183 4274; x_wconf 88' lang='lat' dir='ltr'><strong>hoc</strong></span> <span class='ocrx_word' id='word_1_753' title='bbox 3219 4233 3285 4272; x_wconf 84' lang='lat' dir='ltr'><strong>cx</strong></span> <span class='ocrx_word' id='word_1_754' title='bbox 3320 4217 3426 4271; x_wconf 88' lang='lat' dir='ltr'><strong>illis</strong></span> <span class='ocrx_word' id='word_1_755' title='bbox 3452 4217 3622 4284; x_wconf 81' lang='lat' dir='ltr'><strong>prius,</strong></span> 
     </span>
    </p>
   </div>
   <div class='ocr_carea' id='block_1_101' title="bbox 2047 4308 3622 4378">
    <p class='ocr_par' dir='ltr' id='par_1_101' title="bbox 2047 4308 3622 4378">
     <span class='ocr_line' id='line_1_101' title="bbox 2047 4308 3622 4378; baseline -0.004 -14"><span class='ocrx_word' id='word_1_756' title='bbox 2047 4310 2149 4364; x_wconf 86' lang='lat' dir='ltr'><strong>hoc</strong></span> <span class='ocrx_word' id='word_1_757' title='bbox 2176 4325 2303 4364; x_wconf 88' lang='lat' dir='ltr'><strong>vero</strong></span> <span class='ocrx_word' id='word_1_758' title='bbox 2339 4310 2612 4378; x_wconf 88' lang='lat' dir='ltr'><strong>posterius</strong></span> <span class='ocrx_word' id='word_1_759' title='bbox 2647 4309 2848 4363; x_wconf 89' lang='lat' dir='ltr'><strong>factum</strong></span> <span class='ocrx_word' id='word_1_760' title='bbox 2873 4320 2978 4362; x_wconf 89' lang='lat' dir='ltr'><strong>est.</strong></span> <span class='ocrx_word' id='word_1_761' title='bbox 3006 4308 3320 4376; x_wconf 78' lang='grc' dir='ltr'><strong>Κεφάλαιον</strong></span> <span class='ocrx_word' id='word_1_762' title='bbox 3348 4308 3493 4362; x_wconf 82' lang='grc' dir='ltr'><strong>εηίιη</strong></span> <span class='ocrx_word' id='word_1_763' title='bbox 3523 4321 3622 4374; x_wconf 91' lang='lat' dir='ltr'><strong>ap-</strong></span> 
     </span>
    </p>
   </div>
   <div class='ocr_carea' id='block_1_102' title="bbox 2047 4396 3620 4468">
    <p class='ocr_par' dir='ltr' id='par_1_102' title="bbox 2047 4396 3620 4468">
     <span class='ocr_line' id='line_1_102' title="bbox 2047 4396 3620 4468; baseline -0.001 -15"><span class='ocrx_word' id='word_1_764' title='bbox 2047 4399 2246 4468; x_wconf 86' lang='lat' dir='ltr'><strong>pellare</strong></span> <span class='ocrx_word' id='word_1_765' title='bbox 2295 4399 2528 4452; x_wconf 86' lang='lat' dir='ltr'><strong>solemus</strong></span> <span class='ocrx_word' id='word_1_766' title='bbox 2574 4397 3016 4466; x_wconf 89' lang='lat' dir='ltr'><strong>conjunctioncm</strong></span> <span class='ocrx_word' id='word_1_767' title='bbox 3067 4399 3312 4452; x_wconf 88' lang='lat' dir='ltr'><strong>omnium</strong></span> <span class='ocrx_word' id='word_1_768' title='bbox 3359 4396 3521 4452; x_wconf 88' lang='lat' dir='ltr'><strong>simul</strong></span> <span class='ocrx_word' id='word_1_769' title='bbox 3568 4398 3620 4451; x_wconf 91' lang='lat' dir='ltr'><strong>in</strong></span> 
     </span>
    </p>
   </div>
   <div class='ocr_carea' id='block_1_103' title="bbox 2046 4485 3623 4555">
    <p class='ocr_par' dir='ltr' id='par_1_103' title="bbox 2046 4485 3623 4555">
     <span class='ocr_line' id='line_1_103' title="bbox 2046 4485 3623 4555; baseline -0.001 -14"><span class='ocrx_word' id='word_1_770' title='bbox 2046 4503 2231 4551; x_wconf 90' lang='lat' dir='ltr'><strong>unum,</strong></span> <span class='ocrx_word' id='word_1_771' title='bbox 2264 4495 2319 4540; x_wconf 90' lang='lat' dir='ltr'><strong>et</strong></span> <span class='ocrx_word' id='word_1_772' title='bbox 2350 4485 2602 4555; x_wconf 85' lang='lat' dir='ltr'><strong>frequens</strong></span> <span class='ocrx_word' id='word_1_773' title='bbox 2625 4487 2785 4554; x_wconf 84' lang='lat' dir='ltr'><strong>hujus</strong></span> <span class='ocrx_word' id='word_1_774' title='bbox 2822 4501 2975 4540; x_wconf 86' lang='lat' dir='ltr'><strong>usus.</strong></span> <span class='ocrx_word' id='word_1_775' title='bbox 3001 4485 3253 4540; x_wconf 88' lang='lat' dir='ltr'><strong>Ostendit</strong></span> <span class='ocrx_word' id='word_1_776' title='bbox 3291 4495 3346 4540; x_wconf 91' lang='lat' dir='ltr'><strong>et</strong></span> <span class='ocrx_word' id='word_1_777' title='bbox 3378 4486 3623 4540; x_wconf 86' lang='lat' dir='ltr'><strong>additum</strong></span> 
     </span>
    </p>
   </div>
   <div class='ocr_carea' id='block_1_104' title="bbox 2049 4575 3623 4648">
    <p class='ocr_par' dir='ltr' id='par_1_104' title="bbox 2049 4575 3623 4648">
     <span class='ocr_line' id='line_1_104' title="bbox 2049 4575 3623 4648; baseline -0.001 -16"><span class='ocrx_word' id='word_1_778' title='bbox 2049 4577 2362 4632; x_wconf 89' lang='lat' dir='ltr'><strong>vocabulum</strong></span> <span class='ocrx_word' id='word_1_779' title='bbox 2394 4576 2490 4630; x_wconf 81' lang='grc' dir='ltr'><strong>σὺν</strong></span> <span class='ocrx_word' id='word_1_780' title='bbox 2517 4575 2595 4648; x_wconf 73' lang='lat' dir='ltr'><strong>[id</strong></span> <span class='ocrx_word' id='word_1_781' title='bbox 2624 4587 2709 4632; x_wconf 90' lang='lat' dir='ltr'><strong>est</strong></span> <span class='ocrx_word' id='word_1_782' title='bbox 2739 4575 2927 4648; x_wconf 86' lang='lat' dir='ltr'><strong>simul]</strong></span> <span class='ocrx_word' id='word_1_783' title='bbox 2977 4577 3458 4646; x_wconf 87' lang='lat' dir='ltr'><strong>conjunctionem;</strong></span> <span class='ocrx_word' id='word_1_784' title='bbox 3496 4576 3623 4645; x_wconf 86' lang='lat' dir='ltr'><strong>quia</strong></span> 
     </span>
    </p>
   </div>
   <div class='ocr_carea' id='block_1_105' title="bbox 2047 4666 3624 4736">
    <p class='ocr_par' dir='ltr' id='par_1_105' title="bbox 2047 4666 3624 4736">
     <span class='ocr_line' id='line_1_105' title="bbox 2047 4666 3624 4736; baseline -0.002 -13"><span class='ocrx_word' id='word_1_785' title='bbox 2047 4670 2214 4723; x_wconf 89' lang='lat' dir='ltr'><strong>multa</strong></span> <span class='ocrx_word' id='word_1_786' title='bbox 2266 4669 2613 4722; x_wconf 84' lang='lat' dir='ltr'><strong>iemonstrat.</strong></span> <span class='ocrx_word' id='word_1_787' title='bbox 2668 4667 2808 4722; x_wconf 89' lang='lat' dir='ltr'><strong>Dicit</strong></span> <span class='ocrx_word' id='word_1_788' title='bbox 2857 4669 3044 4722; x_wconf 88' lang='lat' dir='ltr'><strong>enim:</strong></span> <span class='ocrx_word' id='word_1_789' title='bbox 3097 4666 3164 4720; x_wconf 86' lang='lat' dir='ltr'><strong>In</strong></span> <span class='ocrx_word' id='word_1_790' title='bbox 3207 4666 3376 4736; x_wconf 83' lang='lat' dir='ltr'><strong>capite</strong></span> <span class='ocrx_word' id='word_1_791' title='bbox 3431 4667 3624 4720; x_wconf 75' lang='lat' dir='ltr'><strong>creavit</strong></span> 
     </span>
    </p>
   </div>
   <div class='ocr_carea' id='block_1_106' title="bbox 2045 4758 3624 4840">
    <p class='ocr_par' dir='ltr' id='par_1_106' title="bbox 2045 4758 3624 4840">
     <span class='ocr_line' id='line_1_106' title="bbox 2045 4758 3624 4840; baseline -0.003 -26"><span class='ocrx_word' id='word_1_792' title='bbox 2045 4760 2206 4814; x_wconf 79' lang='lat' dir='ltr'><strong>simul</strong></span> <span class='ocrx_word' id='word_1_793' title='bbox 2237 4760 2444 4840; x_wconf 74' lang='lat' dir='ltr'><strong>caelum,</strong></span> <span class='ocrx_word' id='word_1_794' title='bbox 2484 4758 2639 4813; x_wconf 77' lang='lat' dir='ltr'><strong>simul</strong></span> <span class='ocrx_word' id='word_1_795' title='bbox 2664 4768 2936 4823; x_wconf 73' lang='lat' dir='ltr'><strong>terram&#39;,‘</strong></span> <span class='ocrx_word' id='word_1_796' title='bbox 2969 4758 3020 4812; x_wconf 92' lang='lat' dir='ltr'><strong>in</strong></span> <span class='ocrx_word' id='word_1_797' title='bbox 3055 4759 3321 4827; x_wconf 90' lang='lat' dir='ltr'><strong>principio</strong></span> <span class='ocrx_word' id='word_1_798' title='bbox 3352 4758 3624 4826; x_wconf 77' lang='lat' dir='ltr'><strong>significat</strong></span> 
     </span>
    </p>
   </div>
   <div class='ocr_carea' id='block_1_107' title="bbox 2042 4840 3623 4913">
    <p class='ocr_par' dir='ltr' id='par_1_107' title="bbox 2042 4840 3623 4913">
     <span class='ocr_line' id='line_1_107' title="bbox 2042 4840 3623 4913; baseline -0.006 -10"><span class='ocrx_word' id='word_1_799' title='bbox 2042 4846 2203 4903; x_wconf 90' lang='lat' dir='ltr'><strong>simul</strong></span> <span class='ocrx_word' id='word_1_800' title='bbox 2244 4848 2350 4901; x_wconf 91' lang='lat' dir='ltr'><strong>duo</strong></span> <span class='ocrx_word' id='word_1_801' title='bbox 2389 4860 2509 4901; x_wconf 81' lang='lat' dir='ltr'><strong>esse</strong></span> <span class='ocrx_word' id='word_1_802' title='bbox 2558 4846 2720 4900; x_wconf 85' lang='lat' dir='ltr'><strong>facta.</strong></span> <span class='ocrx_word' id='word_1_803' title='bbox 2758 4845 3013 4900; x_wconf 87' lang='lat' dir='ltr'><strong>Nonnulli</strong></span> <span class='ocrx_word' id='word_1_804' title='bbox 3050 4845 3201 4908; x_wconf 91' lang='lat' dir='ltr'><strong>illud,</strong></span> <span class='ocrx_word' id='word_1_805' title='bbox 3239 4847 3296 4897; x_wconf 82' lang='grc' dir='ltr'><strong>ὲν</strong></span> <span class='ocrx_word' id='word_1_806' title='bbox 3339 4840 3623 4913; x_wconf 79' lang='grc' dir='ltr'><strong>κεφαλαίῳ</strong></span> 
     </span>
    </p>
   </div>
   <div class='ocr_carea' id='block_1_108' title="bbox 2040 4934 3616 5005">
    <p class='ocr_par' dir='ltr' id='par_1_108' title="bbox 2040 4934 3616 5005">
     <span class='ocr_line' id='line_1_108' title="bbox 2040 4934 3616 5005; baseline -0.003 -14"><span class='ocrx_word' id='word_1_807' title='bbox 2040 4954 2145 4991; x_wconf 88' lang='lat' dir='ltr'><strong>non</strong></span> <span class='ocrx_word' id='word_1_808' title='bbox 2177 4951 2242 4991; x_wconf 93' lang='lat' dir='ltr'><strong>eo</strong></span> <span class='ocrx_word' id='word_1_809' title='bbox 2269 4936 2452 5001; x_wconf 90' lang='lat' dir='ltr'><strong>modo,</strong></span> <span class='ocrx_word' id='word_1_810' title='bbox 2500 4936 2594 4990; x_wconf 90' lang='lat' dir='ltr'><strong>scd</strong></span> <span class='ocrx_word' id='word_1_811' title='bbox 2644 4937 3014 5005; x_wconf 87' lang='lat' dir='ltr'><strong>metaphoram</strong></span> <span class='ocrx_word' id='word_1_812' title='bbox 3047 4951 3078 4990; x_wconf 90' lang='lat' dir='ltr'><strong>a</strong></span> <span class='ocrx_word' id='word_1_813' title='bbox 3111 4950 3328 4989; x_wconf 84' lang='lat' dir='ltr'><strong>summa</strong></span> <span class='ocrx_word' id='word_1_814' title='bbox 3370 4934 3616 5002; x_wconf 80' lang='lat' dir='ltr'><strong>corporis</strong></span> 
     </span>
    </p>
   </div>
   <div class='ocr_carea' id='block_1_109' title="bbox 2039 5029 3615 5101">
    <p class='ocr_par' dir='ltr' id='par_1_109' title="bbox 2039 5029 3615 5101">
     <span class='ocr_line' id='line_1_109' title="bbox 2039 5029 3615 5101; baseline -0.001 -17"><span class='ocrx_word' id='word_1_815' title='bbox 2039 5041 2211 5100; x_wconf 87' lang='lat' dir='ltr'><strong>parte,</strong></span> <span class='ocrx_word' id='word_1_816' title='bbox 2243 5046 2362 5100; x_wconf 75' lang='lat' dir='ltr'><strong>qua:</strong></span> <span class='ocrx_word' id='word_1_817' title='bbox 2388 5041 2547 5101; x_wconf 89' lang='lat' dir='ltr'><strong>caput</strong></span> <span class='ocrx_word' id='word_1_818' title='bbox 2569 5040 2672 5093; x_wconf 90' lang='lat' dir='ltr'><strong>est,</strong></span> <span class='ocrx_word' id='word_1_819' title='bbox 2703 5030 2918 5086; x_wconf 87' lang='lat' dir='ltr'><strong>ductam</strong></span> <span class='ocrx_word' id='word_1_820' title='bbox 2945 5045 3066 5086; x_wconf 90' lang='lat' dir='ltr'><strong>esse</strong></span> <span class='ocrx_word' id='word_1_821' title='bbox 3097 5029 3302 5093; x_wconf 87' lang='lat' dir='ltr'><strong>volunt,</strong></span> <span class='ocrx_word' id='word_1_822' title='bbox 3336 5040 3389 5083; x_wconf 91' lang='lat' dir='ltr'><strong>ct</strong></span> <span class='ocrx_word' id='word_1_823' title='bbox 3418 5029 3485 5082; x_wconf 90' lang='lat' dir='ltr'><strong>ad</strong></span> <span class='ocrx_word' id='word_1_824' title='bbox 3513 5029 3615 5082; x_wconf 89' lang='lat' dir='ltr'><strong>hoc</strong></span> 
     </span>
    </p>
   </div>
   <div class='ocr_carea' id='block_1_110' title="bbox 2040 5119 2726 5189">
    <p class='ocr_par' dir='ltr' id='par_1_110' title="bbox 2040 5119 2726 5189">
     <span class='ocr_line' id='line_1_110' title="bbox 2040 5119 2726 5189; baseline -0.001 -16"><span class='ocrx_word' id='word_1_825' title='bbox 2040 5121 2362 5189; x_wconf 86' lang='lat' dir='ltr'><strong>principium</strong></span> <span class='ocrx_word' id='word_1_826' title='bbox 2405 5119 2726 5174; x_wconf 87' lang='lat' dir='ltr'><strong>retulerunt.</strong></span> 
     </span>
    </p>
   </div>
   <div class='ocr_carea' id='block_1_111' title="bbox 2110 5207 3618 5284">
    <p class='ocr_par' dir='ltr' id='par_1_111' title="bbox 2110 5207 3618 5284">
     <span class='ocr_line' id='line_1_111' title="bbox 2110 5207 3618 5284; baseline -0.004 -18"><span class='ocrx_word' id='word_1_827' title='bbox 2110 5214 2317 5267; x_wconf 57' lang='lat' dir='ltr'><strong>Caelum</strong></span> <span class='ocrx_word' id='word_1_828' title='bbox 2347 5224 2401 5269; x_wconf 92' lang='lat' dir='ltr'><strong>et</strong></span> <span class='ocrx_word' id='word_1_829' title='bbox 2433 5221 2630 5268; x_wconf 89' lang='lat' dir='ltr'><strong>terram</strong></span> <span class='ocrx_word' id='word_1_830' title='bbox 2658 5216 2841 5272; x_wconf 87' lang='lat' dir='ltr'><strong>dicens</strong></span> <span class='ocrx_word' id='word_1_831' title='bbox 2871 5229 2966 5284; x_wconf 88' lang='lat' dir='ltr'><strong>per</strong></span> <span class='ocrx_word' id='word_1_832' title='bbox 2995 5223 3241 5270; x_wconf 82' lang='lat' dir='ltr'><strong>extrema</strong></span> <span class='ocrx_word' id='word_1_833' title='bbox 3269 5207 3448 5266; x_wconf 78' lang='lat' dir='ltr'><strong>media</strong></span> <span class='ocrx_word' id='word_1_834' title='bbox 3479 5221 3618 5262; x_wconf 86' lang='lat' dir='ltr'><strong>con-</strong></span> 
     </span>
    </p>
   </div>
   <div class='ocr_carea' id='block_1_112' title="bbox 1662 5485 2334 5550">
    <p class='ocr_par' dir='ltr' id='par_1_112' title="bbox 1662 5485 2334 5550">
     <span class='ocr_line' id='line_1_112' title="bbox 1662 5485 2334 5550; baseline -0.021 0"><span class='ocrx_word' id='word_1_835' title='bbox 1662 5489 1900 5550; x_wconf 79' lang='lat' dir='ltr'><strong>VARle</strong></span> <span class='ocrx_word' id='word_1_836' title='bbox 1932 5485 2334 5544; x_wconf 80' lang='lat' dir='ltr'><strong>LECTIONES.</strong></span> 
     </span>
    </p>
   </div>
   <div class='ocr_carea' id='block_1_113' title="bbox 387 5575 2371 5653">
    <p class='ocr_par' dir='ltr' id='par_1_113' title="bbox 387 5575 2371 5653">
     <span class='ocr_line' id='line_1_113' title="bbox 387 5575 2371 5653; baseline -0.005 -11"><span class='ocrx_word' id='word_1_837' title='bbox 387 5575 396 5579; x_wconf 60' lang='grc'><strong>’</strong></span> <span class='ocrx_word' id='word_1_838' title='bbox 433 5579 480 5612; x_wconf 79' lang='grc'><strong>’⁸</strong></span> <span class='ocrx_word' id='word_1_839' title='bbox 511 5579 609 5653; x_wconf 80' lang='grc' dir='ltr'><strong>τὴν</strong></span> <span class='ocrx_word' id='word_1_840' title='bbox 635 5583 756 5639; x_wconf 84' lang='lat' dir='ltr'><strong>add.</strong></span> <span class='ocrx_word' id='word_1_841' title='bbox 789 5582 849 5640; x_wconf 91' lang='lat' dir='ltr'><strong>C.</strong></span> <span class='ocrx_word' id='word_1_842' title='bbox 923 5585 967 5617; x_wconf 77' lang='grc'><strong>⁷⁸</strong></span> <span class='ocrx_word' id='word_1_843' title='bbox 997 5586 1118 5642; x_wconf 74' lang='grc' dir='ltr'><strong>ἀντὶ</strong></span> <span class='ocrx_word' id='word_1_844' title='bbox 1145 5588 1185 5645; x_wconf 79' lang='lat' dir='ltr'><strong><em>C</em></strong></span> <span class='ocrx_word' id='word_1_845' title='bbox 1212 5604 1223 5643; x_wconf 88' lang='lat'><strong>:</strong></span> <span class='ocrx_word' id='word_1_846' title='bbox 1262 5589 1354 5642; x_wconf 73' lang='grc' dir='ltr'><strong>καὶ</strong></span> <span class='ocrx_word' id='word_1_847' title='bbox 1382 5586 1503 5644; x_wconf 74' lang='grc' dir='ltr'><strong>ἀντὶ</strong></span> <span class='ocrx_word' id='word_1_848' title='bbox 1528 5603 1594 5651; x_wconf 78' lang='grc' dir='ltr'><strong>ς.</strong></span> <span class='ocrx_word' id='word_1_849' title='bbox 1673 5590 1718 5622; x_wconf 84' lang='grc'><strong>⁷⁷</strong></span> <span class='ocrx_word' id='word_1_850' title='bbox 1750 5579 1981 5651; x_wconf 78' lang='grc' dir='ltr'><strong>πολλῶν]</strong></span> <span class='ocrx_word' id='word_1_851' title='bbox 2009 5581 2127 5636; x_wconf 89' lang='lat' dir='ltr'><strong>libri</strong></span> <span class='ocrx_word' id='word_1_852' title='bbox 2154 5577 2371 5649; x_wconf 83' lang='grc' dir='ltr'><strong>πολλήν.</strong></span> 
     </span>
    </p>
   </div>
  </div>
