3990 6232
381 227 513 297 1211

1507 232 1772 294 ΡΗΟΤΙΙ
1810 232 2316 295 ΡΑΤΒΙΑΒΟΗᾸΞ
2345 232 2456 295 CP.

3508 230 3651 300 1212

374 343 595 415 junxit,
673 350 732 398 ut
797 343 962 398 etiam
1038 342 1221 398 omnia
1301 341 1616 412 loquuntur.
1707 345 1952 399 Extrema

2063 345 2252 417 ἄκρων
2281 345 2380 400 καὶ
2404 344 2474 399 τὰ
2505 343 2648 415 μέσα
2715 345 3191 417 συμπαρείληφεν,
3223 346 3301 410 ώς
3343 345 3441 402 καὶ
3469 347 3652 404 πάντα

376 445 558 490 autem
586 438 700 492 haec
723 437 824 492 rite
844 445 1130 499 vocantur,
1163 445 1305 490 terra
1339 436 1491 492 orbis
1519 445 1766 492 centrum
1800 439 1960 493 susti-

377 543 532 594 nens,
546 529 786 581 omnium
808 526 1121 580 inferiorum
1138 536 1222 581 est
1242 527 1563 598 principium
1585 545 1600 595 ;
1621 529 1817 584 ctelum
1834 545 1960 586 vero

382 623 569 673 omnia
598 619 866 683 ambiens,
890 618 1134 672 omnium
1168 618 1289 673 linis
1318 628 1420 674 est.
1453 619 1649 674 lterum
1681 636 1811 675 vero
1843 635 1958 676 ca:-

380 709 488 763 lum
516 710 911 776 descendendo,
929 709 1144 764 initium
1170 720 1276 774 est,
1293 711 1522 781 ejusque
1545 724 1790 782 respectu
1813 722 1956 768 terra

380 812 504 856 tunc
531 803 670 864 linis,
694 804 867 856 media
897 817 1024 857 vero
1049 813 1196 867 sunt,
1235 819 1397 873 aqua,
1425 819 1540 872 aer,
1563 817 1617 861 et
1640 808 1796 876 ignis.
1835 807 1959 861 Ideo

377 894 556 964 pergit
599 911 613 948 :
655 892 902 949 Tenebrae
931 911 1088 963 super
1135 896 1426 964 abyssum;
1475 913 1671 968 aquam
1709 897 1960 967 abyssum

378 997 558 1051 vocat,
596 987 848 1041 tenebras
879 1002 1008 1042 vero
1038 987 1168 1042 luce
1199 997 1476 1042 carentem
1505 1006 1702 1044 aerem.
1743 989 1958 1044 Etenim

377 1080 597 1148 proprie
614 1081 870 1134 dicuntur
903 1081 1142 1135 tenebrae
1169 1095 1294 1135 cum
1323 1079 1504 1136 lumen
1532 1081 1706 1136 abest.
1737 1080 1805 1136 Et
1831 1097 1959 1137 con-

377 1174 608 1226 suetudo
645 1173 896 1227 tenebras
925 1173 1217 1226 obscurum
1263 1187 1448 1229 aerem
1496 1181 1677 1241 vocat,
1720 1173 1806 1230 vel
1831 1189 1961 1246 spe-

376 1266 516 1321 ciem
546 1266 690 1321 aeris
705 1274 1061 1332 nocturnam,
1095 1264 1177 1319 vel
1209 1279 1276 1320 ex
1305 1265 1412 1320 alio
1439 1265 1740 1324 accidente.

445 1483 723 1549 Tenebras
756 1492 1072 1564 palpabiles,
1099 1491 1288 1563 quales
1335 1499 1626 1547 senserunt
1653 1487 1956 1561 Egyptii‘,

375 1586 582 1642 duabus
611 1587 674 1640 de
706 1586 886 1642 causis
916 1586 1019 1641 dici
1053 1586 1188 1652 vult,
1228 1585 1314 1641 vel
1349 1586 1500 1654 quod
1541 1584 1800 1654 splendor
1837 1582 1959 1636 nul-

2065 437 2253 507 φασίν.
2323 438 2505 507 Ἀκρα
2527 436 2586 489 δὲ
2614 435 2853 504 εὐλόγως
2903 437 3077 491 ταῦτα
3125 438 3394 504 καλεῖται,
3445 439 3530 492 δτι
3578 439 3652 510 γῆ

2064 522 2166 593 μὲν
2222 522 2448 594 κέντρον
2477 523 2572 576 τοῦ
2615 523 2818 588 παντὸς
2852 525 3126 596 ἐπέχουσα
3157 526 3403 582 κάτωθεν
3432 529 3655 583 πάντων

2061 615 2212 670 ἐστὶν
2267 616 2431 687 ἀρχὴ,
2481 617 2654 687 πέρας
2679 616 2738 670 δὲ
2777 617 2806 669 ό
2839 617 3018 672 πάντα
3072 618 3346 690 περιέχων
3389 621 3648 691 οὐρανός.

2063 707 2232 761 Πάλιν
2262 707 2468 763 ἀνωθεν
2504 709 2650 780 ἀρχὴ
2688 707 2788 778 μέν
2815 710 2962 763 ἐστιν
2984 711 3014 763 ό
3039 709 3293 782 οὐρανὸς,
3327 713 3504 783 πέρας
3534 711 3593 765 δὲ
3615 713 3652 782 ἠ

2063 799 2158 869 γῆ.
2181 799 2340 853 Μέσα
2357 799 2415 852 δὲ
2436 798 2582 870 ὕδωρ
2633 800 2727 854 καὶ
2760 800 2870 873 ἀὴρ
2917 801 3014 855 καὶ
3071 801 3208 873 πῦρ.
3239 802 3333 857 Διό
3358 820 3528 875 φησιν
3550 803 3655 872 ἐφ-

2063 890 2213 959 εξῆς·
2241 890 2353 945 Καὶ
2390 892 2614 959 σκότος
2625 891 2828 946 ἐπάνω
2843 890 2950 959 τῆς
2976 893 3276 961 ἀϐύσσου,
3303 895 3481 966 τὸμὲν
3510 893 3656 967 ὕδωρ

2063 981 2339 1037 ἄϐυσσον
2371 982 2564 1050 εἰπὼν,
2593 983 2655 1036 τὸ
2681 983 2740 1037 δὲ
2785 982 2979 1047 σκότος
3023 984 3117 1037 τὸν
3145 985 3453 1055 ἀφώτιστον
3480 987 3653 1055 ἀέραο

2065 1075 2160 1128 καὶ
2207 1074 2316 1146 γὰρ
2346 1075 2554 1146 κυρίως
2597 1075 2788 1140 σκότος
2814 1075 2966 1130 ἐστὶν
2989 1076 3025 1146 ἠ
3052 1075 3147 1130 τοῦ
3179 1078 3358 1146 φωτὸς
3386 1079 3653 1133 ἀπουσία.

2063 1167 2173 1221 Καὶ
2205 1168 2239 1238 ἡ
2272 1166 2529 1238 συνήθεια
2551 1167 2608 1220 δὲ
2631 1167 2824 1233 σκότος
2854 1167 2946 1223 τὸν
2971 1168 3280 1240 ἀφώτιστον
3313 1169 3464 1238 λέγει
3491 1171 3657 1243 ἀέρα,

2061 1259 2182 1330 ἦτοι
2209 1259 2270 1312 τὸ
2297 1258 2614 1328 νυκτερινὸν
2650 1259 2744 1313 τοῦ
2804 1259 2969 1332 ἀέρος
3024 1261 3355 1333 κατάστημα
3385 1262 3418 1334 ἢ
3460 1263 3557 1318 καὶ
3592 1263 3656 1317 τὸ

2065 1348 2236 1413 ἄλλως
2259 1367 2376 1414 πως
2408 1347 2730 1420 συμϐαῖνον.

2133 1487 2256 1542 Ὅτι
2281 1487 2342 1540 τὸ
2367 1487 2689 1560 ψηλαφητόν
2717 1487 2911 1553 σκότος
2959 1489 3074 1552 τοῖς
3102 1487 3427 1557 Αἰγυπτίοις
3461 1487 3658 1550 σκότος

2062 1579 2383 1650 ψηλαφητὸν
2437 1580 2690 1652 εἰρῆσθαι
2755 1579 2846 1636 διά
2868 1580 2966 1634 δύο
3004 1579 3206 1646 αἰτίας,
3245 1580 3383 1651 ἢδτι
3411 1579 3660 1651 μηδεμία

376 1679 463 1734 lus
505 1678 748 1734 cmlestis
772 1678 1050 1733 immistus
1072 1688 1157 1733 est
1185 1679 1320 1742 aeri,
1345 1678 1412 1732 ob
1441 1676 1766 1729 densitatem
1813 1673 1952 1742 ejus,

2065 1673 2224 1736 ἀκτὶς
2283 1672 2392 1726 τῶν
2453 1672 2721 1744 οὐρανίων
2777 1673 3109 1743 είσεκρίνετο
3131 1671 3210 1743 τῷ
3241 1672 3364 1744 ἀέρι
3419 1671 3510 1726 διὰ
3556 1671 3661 1743 τὴν

376 1779 435 1822 ιιι
467 1769 698 1839 palpari,
739 1778 794 1823 et
835 1768 983 1838 tangi
1011 1783 1105 1838 per
1143 1767 1507 1822 resistentiam
1533 1781 1562 1818 a
1593 1765 1957 1835 contingenti-

376 1864 478 1919 bus
508 1875 674 1932 queat
704 1883 717 1919 :
751 1866 834 1918 vel
880 1863 1024 1932 quod
1053 1861 1326 1931 tangendo
1355 1859 1573 1915 duriora
1613 1870 1841 1924 corpora
1869 1853 1954 1908 in-

376 1961 491 2006 star
515 1965 780 2005 caecorum
811 1951 894 2006 sic
937 1950 1374 2020 progrediantur,
1410 1957 1464 2002 et
1487 1947 1723 2015 bocipsn
1755 1959 1956 2016 cogno-

375 2054 532 2098 scant
555 2043 634 2098 sic
665 2052 974 2098 attrectata.
1000 2042 1230 2110 Abyssus
1253 2043 1320 2094 ab
1341 2039 1594 2094 omnibus
1622 2038 1787 2091 multa
1815 2051 1956 2106 aqua

375 2135 597 2198 dicitur,
630 2145 685 2190 et
715 2134 768 2188 in
793 2133 1122 2203 profundum
1156 2133 1428 2199 demersa,
1456 2145 1728 2202 quamque
1759 2143 1956 2199 capere

373 2243 480 2282 non
512 2227 771 2291 valemus,
804 2239 905 2281 nec
929 2227 1101 2281 oculis
1141 2226 1424 2295 consequi.

444 2341 566 2396 Ideo
612 2342 777 2396 etiam
819 2340 997 2396 Moses
1039 2340 1299 2411 abyssum
1355 2339 1496 2394 banc
1533 2351 1730 2408 aquam
1773 2342 1953 2400 vocat,

374 2433 481 2487 nisi
516 2433 658 2501 quod
688 2432 854 2487 etiam
890 2431 1109 2487 nomine
1133 2445 1290 2500 aquae
1319 2431 1584 2484 nominet.
1619 2429 1694 2482 Ac
1722 2425 1955 2495 Spiritus

371 2527 512 2580 enim
537 2525 729 2596 323b
795 2524 1009 2579 Domini
1041 2523 1311 2593 ferebatur
1369 2538 1524 2590 super
1559 2537 1746 2591 aquas.
1783 2518 1957 2588 Super

374 2633 547 2688 aquas
592 2619 738 2672 enim
783 2631 878 2672 aer
925 2617 1042 2684 ipse
1075 2615 1310 2670 innatat.
1336 2613 1549 2668 Nomen
1594 2621 1775 2666 autem
1813 2610 1957 2666 aeris

374 2708 554 2766 Moses
579 2725 686 2764 non
721 2709 1001 2778 usurpavit
1034 2725 1050 2762 :
1087 2706 1167 2760 vel
1199 2721 1264 2762 eo
1299 2704 1440 2775 quod
1472 2703 1684 2759 Hebraei
1719 2701 1954 2756 nondum

372 2813 581 2857 certum
617 2802 725 2854 aeri
781 2815 975 2854 nomen
1031 2799 1332 2862 dedissent,
1381 2795 1464 2851 vel
1497 2795 1639 2864 quod
1687 2791 1958 2847 sulliceret

373 2893 508 2949 Mosi
541 2892 805 2949 vocabulo
846 2907 998 2958 aqua:
1033 2902 1326 2961 utrumque
1373 2890 1656 2944 denotare.
1706 2884 1954 2952 Magnam

2060 1764 2262 1835 πολλὴν
2294 1764 2459 1818 αὐτοῦ
2519 1763 2810 1836 παχύτητα
2857 1765 2954 1818 καὶ
3005 1759 3118 1818 οἷον
3173 1763 3506 1834 ψηλαφητὴν
3558 1765 3659 1820 καὶ

2058 1857 2362 1927 δυναμένην
2413 1856 2666 1930 αἴσθησιν
2723 1856 3048 1920 ἀντιτυπίας
3105 1859 3219 1918 τοῖς
3269 1855 3659 1926 ἐπαφωμένοις

2057 1947 2340 2018 παρέχειν,
2371 1946 2404 2018 ἢ
2434 1948 2516 2001 ὅτι
2549 1946 2642 2001 διὰ
2667 1945 2729 2001 τὸ
2755 1945 3076 2018 ψηλαφητὸν
3107 1947 3179 2000 τὰ
3207 1944 3658 2018 στερεμνιώτερα

2055 2037 2166 2093 τῶν
2224 2039 2496 2110 σωμάτων
2523 2038 2682 2108 δίκην
2733 2038 2955 2108 τυφλῶν
2982 2039 3080 2092 καὶ⁵
3107 2037 3250 2092 οὕτω
3273 2038 3372 2102 τὰς
3411 2037 3660 2108 μεταϐὰς-

2059 2147 2176 2197 σεις
2199 2131 2494 2198 ποιεῖσθαι,
2523 2130 2558 2202 ἢ
2588 2131 2684 2187 καὶ
2724 2131 2858 2187 αὐτὸ
2888 2131 3050 2186 τοῦτο
3096 2131 3383 2204 γνωρίζειν
3415 2131 3561 2186 οῦτω
3587 2133 3658 2187 τά

2054 2221 2454 2294 ψηλαφώμενα.

2129 2336 2254 2390 Ὀτι
2267 2336 2541 2404 ἄϐυσσος
2556 2338 2709 2409 παρά
2735 2339 2869 2393 πᾶσι
2883 2339 2946 2392 τὸ
2972 2339 3109 2393 πολύ
3129 2337 3372 2392 καλεῖται
3392 2337 3542 2408 ῦδωρ
3561 2337 3658 2391 καὶ

2058 2427 2140 2492 είς
2169 2427 2331 2498 βάθος
2371 2429 2583 2500 χωροῦν
2609 2430 2852 2501 ἀληπτον
2872 2432 3030 2502 ἡμῖν,
3055 2431 3208 2500 παρὰ
3247 2431 3310 2484 τὸ
3351 2430 3581 2502 μηνύειν
3610 2429 3658 2463 ⁷⁸

2059 2519 2139 2581 είς
2173 2519 2340 2572 αὐτόο
2385 2520 2468 2574 διὸ
2513 2522 2611 2577 καὶ
2661 2522 2872 2592 Μωσῆς
2919 2522 3160 2578 ἄϐυσσον
3210 2523 3391 2576 ἐκεῖνο
3419 2522 3481 2575 τὸ
3507 2521 3656 2593 ὓδωρ

2057 2610 2230 2664 καλεῖ.
2258 2611 2405 2682 Πλὴν
2433 2614 2528 2666 καὶ
2553 2611 2700 2684 ὕδωρ
2727 2615 2860 2668 αὐτὸ
2885 2613 3272 2685 κατονομάζειο
3314 2613 3426 2669 Καί
3455 2613 3644 2668 πνεῦ-

2053 2718 2140 2771 μα
2177 2702 2286 2774 γὰρ
2324 2705 2473 2760 Θεοῦ
2499 2705 2826 2776 ἐπεφέρετο
2845 2705 3048 2761 ἐπάνω
3085 2706 3194 2762 τοῦ
3222 2706 3441 2773 ὓδατος
3467 2722 3486 2738 ο
3518 2708 3636 2771 τοῖς

2058 2789 2215 2846 ῦδασι
2238 2793 2348 2864 γὰρ
2375 2795 2486 2867 ἀὴρ
2501 2797 2841 2868 ἐπινήχεται.
2866 2797 3010 2852 Αὐτὸ
3025 2797 3083 2852 δέ
3103 2797 3165 2851 τὺ
3179 2795 3276 2851 τοῦ
3299 2796 3460 2870 ἀέρος
3480 2797 3656 2868 ὄνομα

2056 2882 2211 2952 παρά
2229 2886 2294 2955 τῇ
2323 2886 2608 2951 Μωῦσέως
2640 2887 2742 2942 οὐκ
2773 2887 2890 2941 εστι
2915 2889 3126 2959 γραφῇ,
3150 2887 3186 2958 ἢ
3218 2887 3390 2958 μήπω
3419 2885 3656 2957 ἐχούσης

373 2983 521 3036 enim
546 2997 642 3037 aer
672 2991 730 3036 ct
762 2997 902 3050 aqua
949 2981 1389 3036 communionem
1423 2977 1645 3040 habent,
1675 2981 1733 3030 et
1759 2971 1952 3042 sapius

2061 2971 2179 3026 τότε
2197 2973 2240 3007 ⁷⁹
2266 2975 2366 3046 τῆς
2402 2977 2684 3049 Ἐσραῖδος
2713 2979 2994 3035 διαλέκτου
3047 2979 3434 3050 ἀφωρισμένον
3478 2979 3656 3048 ὄνομα

374 3074 428 3129 iu
453 3076 805 3143 sequentibus
836 3073 937 3127 hoc
974 3073 1192 3126 nomine
1233 3073 1300 3126 de
1327 3079 1560 3140 utroque
1593 3068 1787 3122 utitur.

1977 3051 2021 3111 ο
2056 3061 2136 3134 τῷ
2207 3063 2370 3138 ἀέρι,
2400 3066 2528 3140 [528
2578 3069 2673 3144 ιι]
2729 3070 2765 3142 ἢ
2808 3071 3154 3144 ἀρκουμένου
3202 3070 3482 3134 Μωῦσέως
3563 3068 3660 3123 διὰ

369 3165 470 3218 τοῦ
502 3166 722 3232 ὕδατος
747 3167 847 3235 τῆς
870 3165 1056 3236 φωνῆς
1084 3164 1254 3234 ἄμφω
1289 3161 1484 3234 δηλοῦν
1514 3179 1530 3195 ο
1565 3159 1735 3230 πολλὴ
1780 3158 1889 3228 γὰρ
1927 3152 2121 3220 ῦδατος
2162 3159 2262 3214 καὶ
2297 3160 2459 3234 ἀέρος
2493 3163 2527 3234 ἠ
2555 3163 2830 3231 κοινωνία,
2885 3161 2983 3218 καὶ
3003 3161 3266 3227 πολλάκις
3299 3163 3358 3216 ἐν
3385 3163 3499 3226 τοῖς
3525 3161 3658 3233 ἑξῆς

375 3261 460 3315 ἐπ’
487 3260 692 3330 ἀμφοῖν
711 3259 979 3330 κέχρηται
1007 3255 1088 3328 τῷ
1110 3256 1358 3327 ὀνόματι.

442 3393 618 3449 Moses
664 3392 980 3463 angelorum
1036 3403 1338 3462 eorumque
1397 3388 1694 3444 creationis
1745 3385 1949 3442 ttullam

371 3484 703 3540 mentionem
733 3482 881 3550 facit,
908 3481 1066 3551 quasi
1092 3480 1281 3535 mundi
1319 3479 1606 3535 historiam
1649 3477 1949 3547 scripserit.

372 3573 574 3630 Verum
610 3588 718 3629 non
742 3582 827 3629 est
869 3572 1157 3627 dicendum
1186 3571 1321 3626 istos
1363 3569 1526 3625 simul
1558 3569 1835 3624 exstitisse
1867 3566 1950 3624 vel

371 3677 494 3736 post
522 3665 719 3722 ctelum
754 3665 924 3719 factos
955 3679 1096 3728 esse,
1129 3663 1222 3718 sed
1255 3671 1456 3729 antea;
1497 3661 1660 3730 idque
1695 3675 1728 3716 e
1767 3675 1950 3716 reruni

370 3765 593 3820 natura,
639 3755 922 3823 sacrisque
979 3752 1200 3808 Litteris
1249 3763 1480 3807 conatur
1519 3751 1948 3807 demonstrare:

371 3849 686 3917 depugnans
716 3847 926 3902 scilicet
951 3846 1213 3901 adversus
1237 3843 1584 3900 Theodorum
1613 3842 1838 3913 ejusque
1863 3857 1952 3897 ra-

373 3939 572 4002 tiones,
602 3938 799 4008 quibus
831 3937 1052 4008 angelos
1097 3952 1204 3991 una
1252 3952 1379 3992 cum
1431 3935 1584 3992 caelis
1613 3935 1784 3992 factos
1831 3949 1952 3991 esse

371 4030 602 4094 asserit,
651 4040 708 4084 et
756 4044 1010 4099 magnum
1051 4027 1315 4083 Basilium
1368 4028 1612 4098 ejusdem
1666 4029 1951 4085 sententia:

369 4119 669 4184 adducens,
699 4134 799 4190 pro
833 4133 940 4190 quo
965 4119 1130 4188 etiam
1160 4119 1376 4174 videtur
1407 4121 1820 4177 decertandum.
1851 4120 1952 4176 Re-

367 4225 600 4267 censeus
633 4211 800 4282 igitur
845 4211 1160 4266 summatim
1201 4211 1716 4280 demonstrationes,
1747 4213 1950 4283 quibus

369 4301 463 4357 ille
495 4301 714 4372 angelos
743 4317 868 4356 cum
911 4303 1114 4358 mundo
1139 4317 1246 4359 non
1288 4303 1450 4359 simul
1477 4312 1697 4359 creatos
1726 4303 1943 4374 probat,

365 4394 550 4448 addit:
579 4392 711 4448 Vide
745 4393 964 4450 tandem
991 4409 1056 4449 ex
1090 4394 1286 4465 quibus
1321 4394 1559 4450 ctelestis
1582 4410 1770 4450 eorum
1794 4405 1950 4450 ortus

366 4493 601 4540 constet.
630 4483 832 4552 Primo,
861 4483 1002 4555 quod
1032 4500 1131 4541 nec
1157 4485 1356 4551 Moses,
1398 4499 1496 4541 nec
1525 4485 1631 4540 alia
1664 4483 1947 4554 Scriptura

2117 3386 2240 3441 Ὀτι
2254 3387 2383 3452 τούς
2406 3386 2673 3456 ἀγγέλους
2693 3386 2791 3441 καὶ
2807 3387 2854 3420 ⁸ο
2873 3385 3126 3460 μηδαμοῦ
3149 3386 3248 3458 τῆς
3265 3387 3657 3458 προαγωγῆςη

2051 3479 2234 3535 αὐτῶν
2281 3479 2527 3553 ἐμνήσθη
2585 3479 2817 3550 Μωσῆς,
2847 3480 2944 3536 ἅτε
2993 3482 3103 3534 τῶν
3150 3481 3462 3552 ἐγκοσμίων
3498 3483 3654 3536 ίστο-

2056 3571 2179 3643 ρίαν
2227 3571 2579 3642 παραδιδοὺς,
2630 3570 2748 3627 ἀλλ’
2782 3567 2876 3627 οὖν
2915 3571 3038 3626 οὐδὲ
3066 3571 3147 3626 δεῖ
3193 3571 3375 3641 λέγειν
3413 3572 3494 3637 ώς
3526 3590 3656 3626 συν-

2052 3664 2388 3737 υπέστησαν,
2418 3666 2604 3736 φησὶν,
2628 3665 2662 3737 ἦ
2691 3647 2788 3722 καὶ
2820 3664 3048 3737 ὕστερον
3075 3665 3363 3735 γεγόνασιν
3384 3664 3651 3736 οὐρανοῦ,

2052 3757 2318 3828 πρότερον
2348 3757 2426 3811 δέ.
2459 3757 2572 3812 Καὶ
2601 3757 2762 3812 τοῦτο
2822 3745 3084 3829 πειρᾶται
3128 3757 3224 3810 καὶ⁹
3267 3756 3654 3828 φυσικώτερον

2050 3848 2147 3902 καὶ
2173 3850 2236 3902 ἐκ
2257 3848 2366 3902 τῶν
2392 3849 2552 3904 θείων
2567 3849 2782 3919 Λογίων
2811 3849 3196 3921 παριστάνειν,
3217 3847 3293 3912 ὡς
3316 3847 3478 3919 δῆθεν
3512 3847 3653 3918 πρὸς

2050 3943 2327 4014 Θεόδωρον
2347 3940 2474 4017 [996
2495 3940 2588 4014 11.]
2612 3940 3054 4013 ἀπομαχόμενος,
3078 3938 3293 4004 καὶτὰς
3321 3937 3453 4012 παρ’
3476 3937 3648 3994 αὐτοῦ

2051 4035 2424 4106 κομιζομένας
2477 4033 2784 4100 ἀποδείξεις
2809 4034 2892 4087 ὅτι
2941 4033 3038 4088 σὺν
3083 4032 3302 4104 οὐρανῷ
3347 4031 3650 4103 γεγόνασιν

2050 4124 2584 4196 ἀνασκευαζόμενος,
2613 4123 2710 4178 καὶ
2743 4122 3036 4194 σύμφωνον
3063 4122 3155 4176 τὸν
3179 4123 3352 4193 μέγαν
3383 4123 3650 4192 ἐπικομι-

2050 4215 2278 4288 ζόμενος
2304 4215 2604 4280 Βασίλειον,
2632 4215 2773 4287 ὑπὲρ
2787 4208 2849 4270 οὗ
2873 4214 2968 4269 καὶ
2989 4213 3138 4268 δοκεῖ
3163 4213 3422 4287 Θεοδώρῳ
3442 4215 3650 4285 διαμά-

2050 4308 2265 4380 χεσθαι.
2282 4305 2878 4378 ’Λνακεφαλαιούμενος
2902 4301 2995 4360 οὖν
3019 4304 3118 4368 τὰς
3143 4303 3444 4371 ἀποδείξεις
3466 4304 3535 4358 δι’
3572 4297 3650 4358 ὧν

2050 4398 2176 4462 τοὺς
2199 4398 2466 4467 ἀγγέλους
2491 4399 2570 4470 μὴ
2593 4397 3000 4468 συνυποστῆναι
3031 4395 3113 4467 τῷ
3143 4395 3334 4467 κόσμῳ
3373 4396 3648 4466 παριστά-

2051 4507 2164 4546 νειν
2191 4490 2486 4561 ἠγώνιστο,
2509 4491 2665 4560 φησι,
2697 4490 2921 4544 Σκόπει
2964 4489 3176 4544 τοίνυν
3195 4488 3266 4542 ἐκ
3301 4487 3514 4542 πόσων
3546 4491 3652 4544 αὐ-

366 4591 523 4633 sacra
562 4577 694 4633 dicit
737 4593 862 4633 cum
911 4579 1050 4634 caelo
1099 4579 1276 4634 factos
1308 4593 1450 4633 esse.
1496 4578 1749 4632 Secundo
1794 4577 1938 4646 quod

2061 4581 2170 4637 τῶν
2193 4583 2232 4651 ἡ
2286 4582 2692 4654 ὑπερκόσμιος
2751 4581 3055 4652 συνῆκται
3107 4580 3366 4652 γένεσις.
3413 4581 3484 4634 ἐκ
3536 4581 3650 4637 τοῦ

367 4684 475 4724 non
493 4669 604 4724 sint
621 4685 873 4740 corpora,
893 4685 993 4726 nec
1019 4671 1340 4741 corporibus
1368 4670 1644 4739 organicis
1677 4679 1735 4722 ut
1758 4671 1944 4724 anima

2061 4667 2203 4744 μήτε
2252 4675 2473 4730 Μωσέα
2513 4674 2653 4745 μήτ’
2691 4674 2894 4744 ἀλλην
2939 4676 3354 4731 θεόπνευστον
3381 4674 3648 4744 Γραφὴν

365 4771 554 4832 postea
594 4762 778 4816 vincti.
821 4761 1031 4829 Tertio,
1081 4776 1114 4818 e
1163 4761 1374 4818 caelesti
1427 4777 1617 4818 eorum
1669 4761 1935 4832 potentia.

365 4853 593 4920 Quarto,
643 4854 787 4924 quod
837 4853 1005 4909 Deum
1053 4854 1272 4910 assidue
1301 4853 1557 4921 videant;
1588 4853 1788 4925 quibus
1813 4867 1940 4908 om-

362 4948 524 5002 nibus
559 4956 824 5000 creaturze
857 4946 1144 5001 mundanae
1177 4954 1388 5001 carent.
1421 4944 1641 5012 Quinto,
1678 4943 1820 5014 quod
1853 4943 1933 4997 ir-

361 5037 659 5095 rationales
687 5036 884 5092 anima:
913 5053 1037 5092 cum
1072 5039 1398 5108 corporibus
1433 5052 1539 5091 non
1577 5037 1687 5092 sint
1721 5045 1941 5100 creatae,

360 5129 466 5185 etsi
490 5127 610 5184 sine
634 5129 960 5199 corporibus
989 5142 1115 5184 esse
1145 5136 1440 5197 nequeant.
1460 5125 1769 5192 Postremo,
1797 5126 1941 5196 quod

2053 4767 2174 4838 ἅμα
2201 4765 2283 4833 τῷ
2317 4769 2522 4838 κόσμῳ
2562 4766 2874 4838 γεγονέναι
2917 4766 3143 4833 αὐτοὺς
3181 4765 3395 4833 εἰπεῖν,
3420 4767 3492 4820 ἐκ
3536 4766 3649 4821 τοῦ

2047 4861 2202 4930 μήτε
2228 4858 2474 4930 σώματα
2513 4854 2669 4915 εἶναι
2717 4859 2872 4930 μήτε
2904 4859 3306 4915 συνδεδέσθαι
3359 4859 3649 4929 σώμασιν

2053 4950 2393 5020 ὀρτανικοῒς
2427 4949 2632 5020 ὥσπερ
2675 4950 2792 5022 τὴν
2823 4952 3120 5021 ἡμετέραν
3172 4949 3410 5021 ψυχὴν,
3436 4951 3508 5006 ἐκ
3533 4951 3648 5021 τῆς

2051 5042 2463 5112 ὑπερκοσμίου
2499 5042 2808 5113 δυνάμεως
2850 5043 3070 5110 αὐτῶν,
3102 5044 3172 5110 ἐξ
3203 5037 3291 5100 ὧν
3332 5043 3402 5098 τὸ
3469 5045 3648 5099 Θεῒον

2051 5130 2345 5201 διηνεκῶς
2377 5133 2729 5203 θεωροῦσιν,
2781 5128 2870 5190 ὧν
2911 5135 3092 5190 οὐδὲν
3147 5134 3265 5190 τῶν
3298 5135 3646 5206 ὲτκοσμίων

361 5221 644 5278 hominum
672 5223 913 5288 animus,
943 5235 1012 5278 ne
1049 5235 1172 5277 cum
1205 5221 1425 5293 proprio
1453 5235 1680 5291 corpore
1716 5220 1938 5293 quidem

2061 5223 2307 5296 μετέχει·
2339 5224 2410 5279 ἐκ
2436 5224 2544 5281 τοῦ
2566 5225 2724 5296 μηδὲ
2747 5227 2856 5294 τὰς
2883 5225 3148 5298 ἀλόγους
3170 5225 3379 5298 ψυχὰς
3402 5241 3645 5298 συγκα-

442 5402 463 5440 l
500 5401 672 5458 Exod.
704 5419 760 5467 ι,
789 5401 879 5456 2|.

1670 5561 1909 5621 VARIE
1941 5561 2350 5622 LECTIONES.

448 5673 496 5714 τ’
519 5671 770 5747 μηνύειν]
795 5675 906 5732 ituo
933 5675 1008 5748 μὴ
1032 5675 1198 5733 δύειν.
1227 5677 1301 5736 cl'.
1322 5676 1498 5750 Elym.
1541 5679 1611 5737 Μ.
1689 5685 1734 5725 7'
1763 5681 1906 5754 τότε]
1937 5682 2058 5739 libri
2088 5684 2168 5738 τό.
2249 5684 2293 5716 ⁸ο
2329 5682 2445 5758 καὶ]
2477 5683 2592 5756 lege
2621 5682 2668 5738 εί
2702 5683 2812 5739 καὶ.
