3990 6232
441 210 578 277 1215

1569 209 1832 271 PHOTII
1867 207 2371 271 PATRIARCH/E
2402 210 2508 271 CP.

3546 215 3688 284 1216

437 334 620 380 autem
679 322 848 380 altera
907 330 1060 393 parte
1118 320 1336 375 Taurus
1378 319 1791 375 conterminam
1852 316 2012 372 Indiae

2116 316 2215 386 τὴν
2241 318 2440 390 ὅμορον
2471 320 2537 391 τῇ
2584 318 2778 393 Ἰνδικῇ
2827 321 3061 379 Σκυθίαν
3087 327 3289 393 πᾶσαν,
3499 327 3693 382 Μαιῶ-

439 415 720 484 Scythiam
754 430 967 477 omnem
1019 413 1172 483 juxta
1237 412 1563 476 Marotidetn,
1622 418 1678 465 et
1730 408 2012 464 sinistrum

443 508 706 573 Pontum,
767 505 955 573 viginti
1013 504 1237 559 millium
1300 504 1598 558 stadiorum
1658 501 2009 571 longitudine.

441 597 673 651 Tantum
720 595 863 650 enim
906 604 1065 650 terrae
1108 597 1324 649 modum
1373 592 1754 664 complectitur
1786 591 2013 647 Caucasi

441 687 697 741 ambitus.
755 686 907 752 Quod
949 695 1127 741 autem
1177 695 1362 742 nostra
1410 699 1475 740 ex
1525 694 1677 755 parte
1710 682 2010 754 appellatus

441 776 652 831 Taurus
690 791 854 845 supra
901 777 1214 831 Armeniam
1260 777 1640 846 praetendatur,
1676 775 1820 845 quod
1854 773 2012 843 longo

444 876 685 936 tempore
744 869 1008 922 creditum
1066 883 1172 923 non
1227 876 1340 930 est,
1392 875 1657 922 testantur
1711 865 2031 935 pantherae,

441 974 579 1028 quas
618 960 671 1013 in
708 957 1034 1030 Pamphyliae
1067 971 1254 1029 parte,
1317 974 1436 1027 quas
1490 968 1732 1013 aromata
1783 956 2013 1027 profert,

439 1062 625 1119 captas
666 1065 790 1121 esse
836 1050 1221 1119 comperimus.
1251 1047 1410 1104 Tales
1452 1049 1597 1103 enim
1648 1047 1776 1103 ferae
1815 1045 2011 1119 3246

428 1134 771 1196 aromatibus
808 1142 1068 1212 gaudent,
1104 1151 1159 1195 et
1207 1157 1271 1195 ex
1324 1141 1615 1212 longinquo
1660 1140 1881 1195 odorem
1931 1149 2014 1195 at-

439 1235 736 1300 trahentes,
759 1244 812 1287 et
837 1247 905 1287 ex
931 1232 1191 1286 Armenia
1224 1248 1319 1303 per
1342 1243 1556 1287 montes
1583 1230 2010 1303 proﬁciscentes,

437 1326 505 1378 ad
543 1323 780 1394 styracis
821 1323 1088 1397 lacrymas
1122 1322 1390 1388 feruntur,
1422 1325 1634 1392 quoties
1674 1324 1815 1377 venti
1852 1323 1920 1378 ab
1949 1339 2013 1378 ea

437 1424 588 1485 parte
633 1413 824 1469 ﬂantes
879 1414 948 1467 ab
995 1415 1285 1469 arboribus
1330 1414 1384 1468 id
1433 1414 1635 1483 gummi
1683 1413 2013 1471 stillantibus

435 1506 658 1562 odorem
715 1507 1016 1576 perferunt.
1080 1505 1277 1575 Accepi
1349 1506 1514 1560 etiam
1587 1505 1639 1559 in
1694 1504 2012 1577 Pamphylia

435 1596 757 1665 pantheram
811 1606 1024 1665 captam
1085 1596 1269 1658 fuisse,
1311 1609 1533 1649 aureum
1580 1601 1826 1663 torquem
1865 1596 2009 1650 circa

434 1688 631 1743 collum
678 1688 966 1742 habentem
1009 1687 1286 1742 Armeniis
1332 1686 1531 1740 litteris
1577 1685 1882 1756 hujusmodi
1927 1687 2013 1742 iu-
2042 1659 2086 1722 Β

433 1784 699 1849 scriptum
736 1798 750 1834 :
786 1779 898 1833 Rex
945 1781 1166 1833 Arsaces
1205 1781 1300 1833 deo
1340 1777 1558 1849 Nysa’o.
1595 1778 1873 1849 Iiegnabat
1917 1796 2011 1834 au-

437 1881 541 1925 tem
600 1872 934 1940 temporibus
989 1868 1094 1924 illis
1146 1870 1199 1924 in
1249 1869 1504 1925 Armenia
1553 1868 1806 1925 Arsaces.
1854 1869 1923 1935 Is,
1956 1880 2013 1926 ut

433 1964 649 2031 opinor,
702 1961 871 2017 feram
931 1959 1132 2015 eximia
1192 1975 1304 2029 prae
1363 1959 1577 2015 caeteris
1639 1961 2013 2033 magnitudine

433 2053 647 2108 Baccho
689 2053 947 2108 sacravit.
980 2051 1253 2131 Bacchus
1296 2052 1439 2106 enim
1494 2048 1722 2123 Nysaeus
1765 2067 1795 2106 a
1837 2052 2010 2124 Nysa,

434 2162 553 2214 quae
584 2146 635 2198 iu
675 2144 825 2199 India
856 2155 959 2209 est,
989 2152 1354 2214 nuncupatur,
1389 2159 1495 2198 non
1530 2144 1598 2198 ab
1633 2143 1778 2200 Indis
1811 2136 2009 2213 solum,

433 2238 524 2290 sed
555 2234 806 2290 omnibus
848 2234 1121 2304 gentibus,
1154 2248 1273 2302 quae
1315 2234 1382 2288 ad
1425 2233 1699 2289 Orientem
1740 2243 2007 2304 spectant.

433 2325 527 2378 Illa
577 2341 732 2391 vero,
779 2340 941 2395 quam
1004 2323 1140 2389 dixi,
1214 2323 1331 2378 l’era
1382 2324 1623 2379 cicurata
1673 2326 1740 2380 ab
1792 2325 2011 2382 homine

433 2419 744 2488 aliquandiu
801 2430 919 2485 est,
976 2418 1257 2472 attrectari
1314 2416 1720 2487 demulcerique
1777 2417 2008 2489 patiens.

431 2508 769 2562 Adveniente
814 2516 995 2561 autem
1043 2521 1191 2571 vere,
1239 2505 1331 2560 ubi
1385 2507 1600 2561 veneris
1644 2521 1763 2561 eam
1812 2507 2010 2578 cupido

430 2598 769 2664 stimulavit,
819 2599 987 2653 maris
1034 2598 1308 2653 desiderio
1360 2609 1502 2653 tacta
1560 2599 1614 2653 in
1664 2610 1875 2655 montes
1919 2615 2010 2656 se-

430 2690 616 2752 cessit,
648 2689 839 2744 eodem
873 2689 1014 2759 quod
1051 2687 1298 2758 gestabat
1340 2699 1683 2745 ornamento.
1717 2690 1883 2761 Capta
1914 2707 2010 2747 au-

430 2790 538 2834 tem
600 2779 777 2836 fuerat
831 2780 884 2833 in
950 2777 1211 2836 inferiore
1265 2780 1434 2836 Tauri
1492 2791 1647 2851 parte
1705 2791 2007 2837 aromatum

426 2874 594 2926 odore
640 2870 852 2926 allecta.
884 2868 1163 2927 Caucasus
1195 2882 1397 2938 autem,
1440 2873 1672 2929 Mediam
1706 2884 1874 2943 atque
1918 2872 2010 2928 In-

2115 409 2197 461 τίν
2226 426 2286 462 τε
2321 412 2415 465 καὶ
2469 411 2757 486 ἀριστερὸν
2786 415 3007 483 Πόντον,
3040 416 3271 472 σταδίων
3307 418 3543 490 μάλιστα
3570 420 3692 473 δισ-

2117 497 2328 569 μυρίων
2377 499 2552 571 μῆκος
2576 519 2590 532 ·
2644 501 2899 557 τοσοῦτον
2954 505 3062 576 γὰρ
3114 504 3301 576 ἐπέχει
3365 508 3564 577 μέτρον
3592 506 3697 576 τῆς

2114 589 2221 659 γῆς
2251 592 2279 643 ὁ
2304 589 2492 659 ἀγκὼν
2538 592 2635 646 τοῦ
2685 594 3002 650 Καυκάσου.
3033 593 3107 649 Τὸ
3128 595 3187 649 δὲ
3219 596 3347 668 περὶ
3408 597 3505 650 τοῦ
3540 597 3600 649 ὲν
3626 599 3695 668 τῇ

2114 682 2367 754 ἡμεδαπῇ
2422 682 2638 756 Ταύρου
2693 683 3005 757 λεγόμενον,
3037 686 3115 751 ὡς
3147 687 3290 758 ὑπὲρ
3335 687 3436 758 τὴν
3494 689 3697 758 Ἀρμε-

2114 774 2232 829 νίαν
2271 775 2574 846 πορεύοιτο,
2611 777 2787 847 χρόνῳ
2817 778 3117 848 ἀπιστηθὲν
3144 779 3461 833 πιστοῦνται
3506 780 3695 834 λοιπὸν

2114 868 2173 921 αἱ
2200 866 2490 938 παρδάλεις
2513 867 2579 932 ἀς
2609 863 2727 923 οἶδα
2748 869 3115 940 ἁλισκομένας
3136 873 3184 904 ⁹¹
3216 872 3274 925 ὲν
3290 875 3355 943 τῇ
3375 872 3695 942 Παμφύλιον

2112 959 2528 1032 ἀρωματοφόρῳ
2551 976 2566 991 ο
2594 960 2847 1032 χαίρουσι
2873 961 2983 1032 γάρ
3025 963 3139 1026 τοῖς
3192 960 3470 1034 ἀρώμασι,
3507 963 3604 1017 καὶ
3630 964 3695 1017 ὲκ

2115 1050 2312 1105 πολλοῦ
2365 1052 2465 1116 τὰς
2525 1051 2702 1122 ὀσμὰς
2730 1051 2986 1106 ἕλκουσαι
3014 1052 3274 1123 φοιτῶσιν
3302 1052 3363 1118 ἐξ
3395 1054 3693 1124 Ἀρμενίας

2113 1143 2202 1199 διὰ
2240 1143 2348 1198 τῶν
2394 1143 2537 1214 ὀρῶν
2567 1145 2703 1216 πρὸς
2735 1144 2795 1200 τὸ
2825 1144 3060 1216 δάκρυον
3102 1144 3195 1198 τοῦ
3223 1146 3515 1218 στύρακος,
3536 1147 3696 1201 ἐπει-

2113 1232 2210 1289 δὰν
2242 1235 2296 1289 οἴ
2319 1252 2379 1289 τε
2407 1237 2597 1308 ἄνεμοι
2629 1239 2724 1291 ἀπ’
2759 1239 2938 1294 αὐτῶν
2964 1239 3240 1295 πνεύσωσι
3255 1229 3282 1281 Ῑ
3287 1241 3382 1296 καὶ
3407 1242 3477 1296 τά
3498 1242 3696 1312 δένδρα

2112 1327 2296 1399 ὀπὼδη
2324 1328 2568 1401 γένηται.
2593 1330 2706 1384 Καὶ
2730 1328 2937 1385 ἁλῶναί
2961 1331 3093 1385 ποτέ
3112 1349 3278 1401 φασιν
3294 1334 3362 1386 ’ὲν
3391 1332 3695 1405 Παμφυλίᾳ

2113 1416 2400 1488 πορδάλιον
2420 1418 2466 1451 ⁸³
2501 1418 2756 1491 στρεπτῷ
2789 1418 2927 1490 ἅμα,
2961 1416 3021 1474 ὃν
3053 1421 3183 1493 περὶ⁵
3220 1424 3286 1494 τῇ
3320 1421 3451 1493 δέρῃ
3500 1421 3691 1495 ἔφερε·

2112 1506 2348 1580 χρυσοῦν
2381 1507 2438 1562 δὲ
2472 1503 2563 1579 ἦν,
2616 1508 2713 1563 καὶ
2741 1508 3133 1580 ἐπεγέγραπτο
3174 1511 3484 1582 Ἀρμενίοις
3514 1512 3699 1583 γράμο

2117 1617 2246 1670 μασι
2266 1600 2568 1668 Βασιλεὺς
2595 1601 3029 1671 ἈρσάκηςὉεῷ
3054 1602 3277 1669 Νυσίῳ.
3300 1603 3565 1665 Βασιλεὺς
3598 1604 3699 1676 μὲν

2112 1692 2178 1763 δὴ
2224 1692 2516 1764 Ἀρμενίας
2572 1693 2697 1748 τότε
2726 1687 2796 1766 ἦν
2834 1695 3129 1767 Ἀρσάκης,
3179 1698 3277 1751 καὶ
3330 1696 3492 1763 αὐτὸς
3540 1693 3699 1767 οἶμαι

2118 1784 2241 1838 ίδὼν
2275 1785 2374 1857 τὴν
2401 1784 2723 1859 πόρδαλινθδ
2745 1787 2916 1858 ἀνῆκε
2945 1783 3023 1859 τῷ
3050 1788 3313 1861 Διονυσίῳ
3336 1790 3423 1843 διὰ
3465 1789 3702 1860 μέγεθος

2112 1875 2207 1930 τοῦ
2235 1877 2423 1948 θηρίου
2453 1894 2467 1909 ο
2528 1876 2730 1943 Νύσιος
2778 1877 2888 1949 γὰρ
2914 1880 2942 1932 6
2966 1878 3219 1945 Διόνυσος
3246 1880 3353 1935 ἀπὸ
3375 1878 3474 1950 τῆς
3499 1881 3559 1934 ὲν
3597 1881 3701 1934 Ἰν-

2112 1967 2220 2034 δοῖς
2288 1968 2511 2041 Νύσσης
2552 1967 2734 2034 Ἰνδοῖς
2758 1986 2819 2022 τε
2847 1969 3173 2039 ὀνομάζεται
3237 1971 3334 2023 καὶ
3388 1970 3527 2023 πᾶσι
3569 1972 3688 2031 τοῖς

2113 2062 2250 2133 πρὸς
2305 2062 2498 2126 ἀκτῖνα
2553 2060 2785 2117 ἔθνεσιν.
2831 2062 2895 2120 Ἠ
2917 2062 2974 2117 δὲ
3037 2062 3231 2135 χρόνον
3275 2063 3374 2133 μέν
3425 2080 3551 2117 τινα
3604 2063 3705 2115 ὑπο

2115 2154 2349 2225 εζεύχθη
2378 2152 2674 2224 ἀνθρώπῳ,
2705 2151 2800 2208 καὶ
2844 2154 3004 2225 χεῖρα
3041 2154 3299 2224 ἠνέσχετο
3323 2152 3702 2225 ἐπαφωμένην

2111 2263 2171 2299 τε
2205 2246 2301 2301 καὶ
2353 2244 2686 2315 καταψῶσαν
2711 2263 2727 2277 ·
2769 2246 2893 2300 ἐπεὶ
2914 2244 2970 2299 δὲ
2999 2246 3355 2319 ἀνοίστρησεν
3378 2246 3549 2317 αὐτὴν
3574 2246 3703 2318 ἔαρ,

2111 2336 2370 2406 ἀνέθορεν
2393 2337 2449 2398 ἐς
2488 2338 2557 2390 τά
2607 2336 2711 2408 ὅρη
2772 2336 2923 2408 πόθῳ
2974 2336 3242 2408 ἀρσένων,
3299 2336 3376 2398 ὡς
3429 2331 3547 2405 εἶχε
3604 2334 3702 2389 τοῦ

2112 2428 2341 2496 κόσμου,
2393 2424 2490 2480 καὶ
2538 2425 2654 2498 ἥλω
2707 2425 2837 2498 περὶ
2872 2425 2964 2480 τὸν
3015 2426 3167 2480 κάτω
3211 2425 3429 2496 Ταῦρον
3460 2426 3568 2479 ὑπὸ
3602 2423 3697 2478 τοῦ

2110 2519 2401 2590 ἀρώματος
2442 2514 2718 2588 ὲλχθείσα.
2760 2517 2819 2572 '0
2850 2516 2908 2573 δὲ
2936 2518 3231 2581 Καύκασος
3263 2516 3439 2588 ὁρίζει
3468 2517 3568 2587 μὲν
3595 2516 3700 2589 τὴν

2123 2609 2351 2680 Ἰνδικὴν
2374 2608 2469 2663 καὶ
2515 2608 2614 2680 τὴν
2638 2608 2911 2683 Μηδικὴν,
2943 2607 3175 2681 καθήκει
3198 2608 3258 2663 δὲ
3284 2609 3378 2662 ἐπὶ
3404 2609 3503 2680 τὴν
3543 2606 3706 2680 Ἐρυ-

2112 2698 2249 2771 θράν
2309 2699 2584 2755 θάλασσαν
2649 2697 2823 2772 ἑτέρῳ
2872 2698 3104 2769 ἀγκῶνι.
3134 2698 3260 2753 Ὀτι
3308 2694 3705 2768 παραμείψανξ

2110 2810 2213 2859 τας
2244 2795 2292 2827 ⁸⁸
2322 2793 2414 2849 τὸν
2454 2793 2751 2850 Καύκασον
2802 2792 3172 2864 τετραπήχεις
3212 2789 3539 2861 ἀνθρώπους
3572 2788 3707 2846 ίδεῖν

2113 2901 2281 2956 φησιν
2298 2885 2367 2951 ³⁸,
2402 2883 2497 2949 οὒς
2536 2884 2640 2956 ήδη
2701 2882 3053 2955 μελαίνεσθαι
3097 2879 3194 2934 καὶ
3224 2879 3599 2949 πενταπήχεις
3647 2878 3706 2933 δὲ

428 2963 571 3017 diam
628 2963 948 3029 terminans,
997 2963 1049 3016 in
1098 2978 1246 3019 mare
1296 2963 1539 3019 Rubrum
1595 2965 1769 3020 altero
1826 2965 2008 3021 cubito

2114 2978 2358 3048 ἐτέρους,
2415 2974 2557 3045 ὑπὲρ
2606 2975 2699 3029 τὸν
2746 2974 2907 3028 Ἰνδὸν
2941 2971 3188 3043 ποταμὸν
3215 2969 3345 3043 [550
3378 2968 3471 3042 Η.]
3517 2967 3705 3022 ἐλθόν-

427 3053 731 3108 descendit.
764 3052 1203 3109 Transeuntibus
1245 3064 1426 3110 autem
1457 3053 1761 3112 Caucasum
1789 3056 2009 3127 quadri-

428 3143 642 3198 cubitos
690 3142 939 3197 homines
987 3143 1293 3197 occurrisse
1344 3142 1546 3208 ferunt,
1598 3145 1782 3200 colore
1817 3146 2007 3202 subni-

428 3249 594 3306 gros,
648 3234 895 3304 aliosque
952 3235 1152 3291 vidisse
1201 3237 1505 3292 cubitorum
1555 3239 1826 3310 quinque,
1882 3255 2006 3296 cum

430 3337 578 3382 trans
615 3324 814 3381 ﬂumen
852 3325 1043 3382 Indum
1089 3329 1484 3396 pervenissent.
1520 3329 1660 3386 Cum
1702 3332 1816 3402 jam
1853 3348 2004 3389 mon-

430 3429 538 3473 tem
588 3420 914 3491 transgressi
953 3428 1155 3486 essent,
1204 3421 1305 3477 viri
1354 3434 1712 3479 occurrerunt
1757 3425 1850 3494 qui
1892 3426 2006 3481 ele-

429 3512 651 3580 phantis
701 3514 1054 3573 vehebantur.
1102 3515 1166 3570 Hi
1201 3524 1382 3570 autem
1425 3525 1573 3582 sunt,
1604 3517 1695 3587 qui
1733 3518 2005 3588 regionem

428 3604 615 3659 Colunt
654 3604 793 3659 intra
841 3603 1147 3662 Caucasum
1196 3618 1435 3662 montem
1475 3617 1529 3663 et
1557 3607 1867 3679 Cophenem
1910 3608 2009 3665 ﬂu-

428 3698 597 3766 vium,
635 3700 883 3757 homines
924 3702 1084 3772 plane
1119 3701 1330 3769 inculti,
1361 3713 1416 3757 et
1451 3700 1863 3771 elephantorum
1894 3718 2009 3759 ses-

426 3802 603 3858 sores,
633 3806 864 3861 quorum
909 3792 999 3846 alii
1048 3791 1212 3847 etiam
1255 3792 1480 3848 camelis
1522 3792 1850 3860 insidebant,
1888 3795 2009 3863 qui-

429 3880 532 3936 bus
564 3882 630 3937 ad
666 3898 888 3938 cursqu
921 3891 1149 3938 utttntur
1193 3881 1332 3950 Indi,
1366 3884 1561 3954 hisque
1602 3900 1710 3941 uno
1743 3887 1830 3941 die
1864 3886 2010 3943 mille

429 3974 724 4028 stadiorum
759 3975 862 4030 iter
891 3976 1205 4042 coniiciunt,
1233 3983 1289 4031 et
1319 3990 1493 4046 genua
1531 3975 1719 4031 nullibi
1758 3978 2006 4034 ﬂectunt.

430 4063 618 4120 Indum
656 4064 874 4122 ﬂuvium
910 4067 1226 4137 Apollonius
1257 4083 1381 4123 cum
1424 4065 1540 4124 suis
1582 4067 1814 4138 trajecit,
1854 4072 2009 4144 cujus

2105 3085 2226 3133 τας.
2276 3065 2459 3123 Ὀτι⁹⁷
2486 3065 2832 3137 ὑπερϐάντας
2877 3065 3013 3137 φησὶ⁸
3036 3065 3097 3118 τὸ
3120 3062 3247 3136 ὅρος
3268 3063 3362 3117 τὸν
3400 3061 3701 3117 Καύκασον

2108 3158 2359 3231 ἐντυχεῖν
2386 3158 2480 3214 ἐπὶ
2531 3156 2841 3229 ἐλεφάντων
2889 3157 2990 3229 ἤδη
3050 3156 3370 3226 ὀχουμένοις
3414 3152 3700 3223 ἀνδράσιν.

2105 3252 2226 3308 Elei
2249 3252 2293 3307 δ’
2327 3241 2474 3306 οῦτοι
2496 3250 2654 3322 μέσοι
2673 3250 2971 3304 Καυκάσου
3000 3248 3097 3302 καὶ
3124 3244 3372 3317 ποταμοῦ
3406 3247 3702 3315 Κωφῆνος,

2106 3344 2251 3401 άϐιοί
2276 3361 2336 3398 τε
2366 3344 2461 3398 καὶ
2490 3342 2716 3397 ἱππόται
2743 3340 2842 3413 τῆς
2876 3338 3081 3411 ἀγέλης
3109 3339 3337 3408 ταύτης.
3375 3337 3488 3391 Καὶ
3511 3336 3700 3405 κάμη-

2104 3438 2186 3493 λοι
2202 3439 2260 3492 δὲ
2280 3437 2456 3500 ἐνίους
2484 3431 2643 3507 ἦγον,
2665 3428 2756 3498 αἷς
2780 3432 3024 3505 χρῶνται
3065 3430 3219 3485 Ἰνδοὶ
3243 3431 3302 3494 ἐς
3341 3430 3409 3484 τὰ
3436 3428 3698 3499 δρομικά·

2106 3526 2427 3600 πορεύονται
2455 3525 2512 3578 δὲ
2550 3523 2697 3596 χίλια
2750 3522 2940 3577 στάδια
2997 3521 3086 3575 διὰ
3139 3519 3242 3591 τῆς
3301 3518 3540 3591 ἡμέρας,
3564 3517 3699 3586 γόνυ

2104 3616 2340 3690 οὐδαμοῦ
2398 3615 2706 3688 κάμψασαι.
2744 3612 2937 3668 "Ott."
2978 3612 3139 3669 Ἰνδὸν
3192 3610 3619 3684 ἐπεραιώθησαν
3653 3611 3703 3663 οε

2104 3714 2234 3781 περὶ
2306 3706 2665 3763 Ἀπολλώνιον
2729 3705 2978 3770 σταδίους
3036 3704 3272 3776 μάλιστα
3335 3710 3422 3776 μ’·
3481 3704 3545 3757 τὸ
3596 3702 3709 3773 γὰρ

2106 3802 2350 3874 πλώϊμον
2418 3802 2583 3857 αὐτοῦ
2644 3799 2919 3857 τοσοῦτον.
2983 3797 3147 3872 [1000
3185 3795 3282 3871 11.]
3316 3795 3622 3870 ’Ἀρχεσθαι
3651 3795 3710 3849 δὲ

2107 3894 2271 3949 αὐτόν
2328 3910 2491 3963 φασιν
2515 3894 2581 3946 ἐκ
2607 3888 2703 3946 τοῦ
2766 3890 3063 3946 Καυκάσου
3120 3890 3293 3961 μείζω
3324 3888 3556 3943 αὐτόθεν
3588 3886 3623 3957 ἦ
3654 3886 3703 3939 οἱ

2108 3986 2255 4042 κατά
2300 3986 2401 4057 τὴν
2468 3982 2653 4039 Ἀσίαν
2707 3982 2945 4054 ποταμοὶ
2992 3981 3215 4047 πάντες,
3276 3980 3589 4052 προχωρεῖν
3642 3977 3703 4032 δὲ

2107 4078 2336 4141 πολλοὺς
2357 4074 2465 4130 τῶν
2491 4072 2839 4145 ναυσιπύρων
2872 4072 3073 4127 ἑαυτοῦ
3106 4070 3432 4143 ποιούμενον
3448 4069 3519 4124 θ’.

429 4155 677 4223 latitudo,
709 4173 812 4227 qua
866 4159 1172 4228 navigatur,
1214 4160 1405 4215 stadiis
1442 4160 1615 4216 ferme
1649 4177 1718 4217 ιι.
1759 4166 2121 4227 extenditur:
2155 4179 2335 4225 ortum
2403 4185 2435 4224 e
2479 4166 2730 4223 Caucaso
2775 4166 2945 4230 ducit,
2977 4175 3033 4221 et
3106 4165 3219 4235 jam
3302 4163 3427 4219 inde
3494 4164 3712 4218 caeteris

427 4251 571 4308 Asia:
605 4249 785 4305 ﬂuviis
815 4251 987 4322 major
1019 4269 1033 4306 :
1066 4250 1260 4306 deinde
1290 4252 1591 4321 procedens
1618 4253 1821 4311 multos
1848 4260 2186 4333 navigabiles
2227 4261 2423 4317 ﬂuvios
2455 4276 2524 4316 ex
2557 4274 2617 4316 se
2652 4259 2927 4329 producit.

499 4343 653 4400 Ultra
698 4342 919 4397 ﬂuvium
961 4352 1143 4397 autem
1179 4353 1467 4413 pergentes
1503 4343 1651 4413 ipsos
1678 4346 1784 4400 dux
1824 4363 1854 4402 a
1894 4346 1997 4404 Sa-
2034 4354 2079 4409 D

429 4445 582 4506 trapa
618 4436 796 4500 datus,
828 4444 976 4489 recta
1019 4434 1086 4488 ad
1117 4431 1319 4488 Taxala
1348 4433 1502 4489 duxit
1534 4453 1548 4490 :
1586 4433 1677 4490 ubi
1704 4436 1854 4507 regia
1884 4450 2005 4495 erat

429 4527 678 4585 Indorum
712 4526 870 4597 regis.
914 4526 1012 4593 Qui
1041 4540 1198 4581 secus
1238 4523 1426 4580 Indum
1466 4524 1688 4584 ﬂuvium
1731 4529 2002 4599 habitant,

428 4620 588 4677 lineis
614 4619 854 4673 vestibus
879 4617 1229 4672 amiciuntur.
1263 4614 1454 4672 Linum
1495 4629 1676 4675 autem
1707 4621 1998 4691 plurimum

428 4715 485 4769 iu
539 4711 684 4782 agris
733 4709 993 4765 nascitur.
1046 4708 1424 4765 Calceamenta
1473 4725 1541 4767 ex
1594 4727 1799 4783 papyro
1856 4711 2002 4770 facta

429 4813 681 4875 gestant;
724 4802 1021 4877 nobiliores
1060 4818 1193 4858 vero
1234 4804 1400 4876 bysso
1451 4805 1768 4860 induuntur.
1809 4800 2008 4878 Byssus

429 4912 499 4952 ex
527 4894 723 4950 arbore
754 4894 998 4949 nascitur
1024 4913 1038 4949 :
1068 4910 1189 4965 quae
1220 4894 1478 4951 inferiore
1506 4897 1587 4951 sui
1619 4908 1775 4966 parte
1814 4898 2012 4969 popqu

430 4983 627 5039 similis
658 4994 760 5047 est,
802 4981 944 5038 foliis
979 4995 1158 5039 autem
1195 4984 1369 5039 salici.
1402 4983 1537 5039 Cum
1583 4985 1805 5041 vidisset
1841 4986 2014 5056 Apol-

432 5076 614 5131 lonius
650 5075 896 5145 byssum,
957 5076 1174 5146 gavisus
1224 5085 1328 5141 est,
1385 5074 1511 5145 quia
1563 5074 1716 5131 fusco
1764 5076 2012 5143 amictui,

432 5182 595 5236 quem
654 5166 942 5238 gestabat,
1002 5182 1107 5222 non
1165 5165 1445 5223 dissimilis
1502 5166 1791 5222 admodum
1847 5176 2014 5222 esset.

433 5255 629 5317 Taxila
656 5275 788 5317 vero
833 5260 1204 5330 magnitudine
1245 5258 1445 5330 325a
1495 5257 1561 5313 ab
1607 5259 1829 5327 antiqua
1874 5256 2015 5314 Nino

2177 4351 2335 4406 Ὀτιί
2374 4351 2528 4421 φησι,
2570 4347 2946 4420 Πορευθέντας
2980 4347 3178 4410 αὐτοὺς
3221 4346 3362 4416 ὑπὲρ
3402 4346 3496 4398 τὸν
3542 4346 3713 4399 Ἰνδὸν

2107 4441 2385 4514 ποταμδν⁸
2414 4436 2549 4514 ἦγεν
2578 4442 2606 4495 6
2640 4439 2792 4510 παρά
2848 4437 2943 4492 τοῦ
3012 4437 3293 4508 σατράπου
3324 4435 3555 4506 ἡγεμὼν
3580 4438 3712 4491 εὐθῦ

2106 4533 2217 4600 τῶν
2280 4530 2545 4599 Ταξὶλων,
2572 4525 2634 4587 οὗ
2666 4530 2739 4585 τὰ
2772 4529 3019 4601 βασίλεια
3059 4523 3129 4599 ἦν
3157 4527 3237 4599 τῷ
3276 4525 3442 4598 Ἰνδῷ.
3510 4527 3717 4596 Στολὴν

2107 4623 2157 4680 δ*
2190 4620 2330 4679 εἶναι
2379 4626 2493 4687 τοῖς
2535 4622 2674 4695 μετά
2704 4623 2796 4676 τὸν
2839 4621 3002 4675 Ἰνδὸν
3031 4618 3180 4673 λίνου
3224 4619 3389 4689 φασὶν
3439 4618 3713 4689 ἐγχωρίου

2110 4718 2205 4772 καὶ
2231 4716 2557 4788 ὑποδήματα
2594 4713 2814 4784 βύϐλου.
2848 4712 2962 4767 Καὶ
2989 4711 3172 4783 βύσσῳ
3201 4710 3259 4763 δὲ
3286 4711 3415 4774 τοὺς
3456 4727 3717 4783 φανερω·

2109 4810 2305 4881 τέρους
2362 4806 2543 4863 αὐτῶν
2580 4804 2857 4862 ἐστάλθαι·
2889 4805 2991 4875 τὴν
3019 4804 3076 4858 δὲ
3101 4804 3296 4875 βύσσον
3327 4802 3564 4873 φύεσθαι
3596 4803 3715 4856 δέν-

2109 4901 2238 4972 δρου
2286 4899 2451 4969 φασὶν
2477 4897 2664 4966 ὁμοίου
2701 4896 2802 4967 μὲν
2829 4898 2899 4968 τῇ
2931 4895 2951 4927 ³
2990 4893 3275 4966 λεύκῃτὴν
3309 4893 3489 4963 βάσιν,
3526 4910 3715 4964 παρα-

2109 4991 2341 5059 πλησίου
2394 4987 2451 5041 δὲ
2479 4987 2547 5057 τῇ
2579 4985 2698 5055 ίτέᾳ
2725 4986 2794 5039 τὰ
2831 4984 3060 5038 πέταλα.
3107 4984 3218 5036 Καὶ
3278 4980 3516 5052 ἡσθῆναί
3573 4997 3711 5051 φησι

2109 5085 2177 5154 τῇ
2206 5080 2388 5152 βύσσῳ
2407 5081 2435 5132 ὁ
2484 5075 2865 5139 Ἀπολλώνιος,
2891 5072 3079 5145 ἐπειδὴ
3100 5073 3244 5126 ἔοικε
3278 5070 3426 5140 φαιῷ
3453 5070 3707 5140 τρίϐωνι.

2111 5171 2195 5226 Τὰ
2219 5172 2277 5225 δὲ
2309 5170 2509 5236 Τάξιλα
2546 5167 2777 5240 μέγεθος
2829 5166 2927 5239 μὲν
2982 5161 3124 5219 εἶναι
3176 5163 3320 5217 κατά
3368 5163 3469 5232 τήν
3521 5162 3709 5227 Νῖνον,

2109 5260 2441 5330 τετειχίσθαι
2467 5259 2522 5313 δὲ
2580 5257 2911 5331 συμμέτρως
2950 5256 3137 5326 ὥσπερ
3181 5255 3239 5308 ai
3273 5252 3553 5319 Ἑλλάδες,
3610 5251 3708 5324 βα-

1746 5396 1983 5457 VARUS
2007 5397 2414 5456 LECTIONES.

1969 5491 2016 5525 ⁸³
2044 5492 2307 5560 πάρδαλιν
2338 5491 2396 5549 Β.
2475 5501 2521 5532 οδ
2553 5496 2814 5577 πηάρδαλιν
2842 5512 2902 5559 ς.
3008 5494 3056 5527 ⁸⁸
3086 5487 3550 5617 παραμείψαντας
3573 5482 3705 5537 AB:

1969 5579 2015 5616 τι
2044 5561 2225 5617 Ἰνδόν.
2337 5565 2382 5598 ⁸⁸
2416 5565 2607 5617 ἑαυτου
2659 5565 2982 5617 ποιούμενον
3005 5562 3087 5617 (ll.
3130 5562 3149 5616 9
3197 5561 3356 5617 iom.
3387 5553 3498 5609 AB.
3614 5553 3632 5585 ¹
3656 5544 3706 5605 οξ

2337 5565 2382 5598 ⁸⁸
2416 5564 2607 5620 ἑαυτοῦ
2633 5553 2982 5635 ’ποιούμενον
3005 5562 3087 5634 (II,
3130 5553 3215 5632 98)
3244 5553 3364 5617 om.
3387 5553 3498 5609 AB.
3614 5553 3632 5585 ¹
3656 5569 3690 5605 ο

509 5494 557 5528 θ’
580 5485 699 5547 οἶδα
728 5490 1093 5563 ἁλισκομένας
1126 5489 1250 5545 AB:
1286 5491 1335 5545 οί
1361 5488 1774 5633 διαλισκορένας
1811 5507 1870 5554 ς.

509 5562 799 5633 ιραμείψας
825 5580 887 5628 ς.
960 5560 1009 5596 ⁹⁶
1030 5562 1150 5618 ibri
1188 5562 1373 5632 φασιν.
1442 5558 1595 5633 iam
1655 5561 1788 5629 ",6.
1866 5566 1870 5594 ¹

441 5562 799 5633 παραμείψας
825 5580 887 5628 ς.
927 5558 939 5563 ’
960 5560 1009 5596 ⁹⁶
1030 5562 1150 5618 ibri
1188 5562 1373 5632 φασιν.
1442 5558 1595 5633 fidet

444 5628 551 5687 om.
580 5628 641 5699 ἐ.
706 5628 737 5669 ῖ
759 5633 862 5702 ὅτι1
890 5649 950 5700 tl,
982 5634 1073 5689 ΞΟ.
1149 5634 1171 5666 ³
1192 5628 1257 5703 τῇ
1284 5646 1394 5688 om.
1427 5628 1535 5686 AB.

1655 5577 1713 5629 tt,
1736 5561 1788 5616 6.
1866 5561 1912 5595 ⁸⁸
1935 5562 2015 5616 ὅτι
2044 5561 2225 5617 Ἰνδόν.
