  <div class='ocr_page' id='page_1' title='image "/cluster/home/n/w/nwhite01/storage/ocr_20150623/103 pt.3/mdp.39015061933738/626.png"; bbox 0 0 3990 6232; ppageno 0'>
   <div class='ocr_carea' id='block_1_1' title="bbox 324 278 462 346">
    <p class='ocr_par' dir='ltr' id='par_1_1' title="bbox 324 278 462 346">
     <span class='ocr_line' id='line_1_1' title="bbox 324 278 462 346; baseline -0.007 -3"><span class='ocrx_word' id='word_1_1' title='bbox 324 278 462 346; x_wconf 73' lang='lat'><strong>1217</strong></span> 
     </span>
    </p>
   </div>
   <div class='ocr_carea' id='block_1_2' title="bbox 1418 264 2520 335">
    <p class='ocr_par' dir='ltr' id='par_1_2' title="bbox 1418 264 2520 335">
     <span class='ocr_line' id='line_1_2' title="bbox 1418 264 2520 335; baseline -0.004 0"><span class='ocrx_word' id='word_1_2' title='bbox 1418 264 1942 335; x_wconf 62' lang='grc' dir='ltr'><strong>ΒΙΒΕΙΟἸἮΕΟΑ.</strong></span> <span class='ocrx_word' id='word_1_3' title='bbox 1972 300 2041 309; x_wconf 90' lang='lat'>-</span> <span class='ocrx_word' id='word_1_4' title='bbox 2079 274 2239 334; x_wconf 85' lang='lat' dir='ltr'><strong>COD.</strong></span> <span class='ocrx_word' id='word_1_5' title='bbox 2282 274 2520 334; x_wconf 83' lang='lat' dir='ltr'><strong>CCXLI.</strong></span> 
     </span>
    </p>
   </div>
   <div class='ocr_carea' id='block_1_3' title="bbox 3453 279 3588 346">
    <p class='ocr_par' dir='ltr' id='par_1_3' title="bbox 3453 279 3588 346">
     <span class='ocr_line' id='line_1_3' title="bbox 3453 279 3588 346; baseline 0.007 -1"><span class='ocrx_word' id='word_1_6' title='bbox 3453 279 3588 346; x_wconf 77' lang='grc'><strong>1218</strong></span> 
     </span>
    </p>
   </div>
   <div class='ocr_carea' id='block_1_4' title="bbox 323 386 1898 464">
    <p class='ocr_par' dir='ltr' id='par_1_4' title="bbox 323 386 1898 462">
     <span class='ocr_line' id='line_1_4' title="bbox 323 386 1898 462; baseline -0.004 -14"><span class='ocrx_word' id='word_1_7' title='bbox 323 395 496 448; x_wconf 87' lang='grc' dir='ltr'>σίλεια</span> <span class='ocrx_word' id='word_1_8' title='bbox 540 392 584 447; x_wconf 72' lang='grc' dir='ltr'>δ’</span> <span class='ocrx_word' id='word_1_9' title='bbox 613 386 753 446; x_wconf 80' lang='grc' dir='ltr'>εἶναι</span> <span class='ocrx_word' id='word_1_10' title='bbox 792 388 983 462; x_wconf 76' lang='grc' dir='ltr'>ἀνδρὸς</span> <span class='ocrx_word' id='word_1_11' title='bbox 1045 389 1142 459; x_wconf 82' lang='grc' dir='ltr'>τὴν</span> <span class='ocrx_word' id='word_1_12' title='bbox 1202 387 1394 459; x_wconf 80' lang='grc' dir='ltr'><strong>Πώρου</strong></span> <span class='ocrx_word' id='word_1_13' title='bbox 1436 389 1568 442; x_wconf 79' lang='grc' dir='ltr'>ποτὲ</span> <span class='ocrx_word' id='word_1_14' title='bbox 1607 389 1780 460; x_wconf 80' lang='grc' dir='ltr'>ἀρχὴν</span> <span class='ocrx_word' id='word_1_15' title='bbox 1811 388 1898 459; x_wconf 81' lang='grc' dir='ltr'>ἀρ-</span> 
     </span>
    </p>
   </div>
   <div class='ocr_carea' id='block_1_5' title="bbox 2005 386 3588 464">
    <p class='ocr_par' dir='ltr' id='par_1_5' title="bbox 2008 386 3588 464">
     <span class='ocr_line' id='line_1_5' title="bbox 2008 386 3588 464; baseline 0.006 -23"><span class='ocrx_word' id='word_1_16' title='bbox 2008 402 2112 441; x_wconf 92' lang='lat' dir='ltr'><strong>non</strong></span> <span class='ocrx_word' id='word_1_17' title='bbox 2157 388 2382 441; x_wconf 89' lang='lat' dir='ltr'><strong>multum</strong></span> <span class='ocrx_word' id='word_1_18' title='bbox 2422 386 2620 453; x_wconf 80' lang='lat' dir='ltr'><strong>diﬂ‘ert,</strong></span> <span class='ocrx_word' id='word_1_19' title='bbox 2657 395 2712 443; x_wconf 91' lang='lat' dir='ltr'><strong>et</strong></span> <span class='ocrx_word' id='word_1_20' title='bbox 2756 388 2944 443; x_wconf 72' lang='lat' dir='ltr'><strong>Grazco</strong></span> <span class='ocrx_word' id='word_1_21' title='bbox 2990 403 3142 446; x_wconf 87' lang='lat' dir='ltr'><strong>more</strong></span> <span class='ocrx_word' id='word_1_22' title='bbox 3186 390 3450 448; x_wconf 74' lang='lat' dir='ltr'><strong>mdiﬁcata</strong></span> <span class='ocrx_word' id='word_1_23' title='bbox 3484 407 3588 464; x_wconf 86' lang='lat' dir='ltr'><strong>est,</strong></span> 
     </span>
    </p>
   </div>
   <div class='ocr_carea' id='block_1_6' title="bbox 320 485 566 556">
    <p class='ocr_par' dir='ltr' id='par_1_6' title="bbox 320 485 566 556">
     <span class='ocr_line' id='line_1_6' title="bbox 320 485 566 556; baseline -0.008 -18"><span class='ocrx_word' id='word_1_24' title='bbox 320 501 507 556; x_wconf 82' lang='grc' dir='ltr'>χοντος</span> <span class='ocrx_word' id='word_1_25' title='bbox 530 485 566 536; x_wconf 67' lang='grc'><strong>⁸.</strong></span> 
     </span>
    </p>
   </div>
   <div class='ocr_carea' id='block_1_7' title="bbox 421 567 1911 643">
    <p class='ocr_par' dir='ltr' id='par_1_7' title="bbox 421 567 1911 643">
     <span class='ocr_line' id='line_1_7' title="bbox 421 567 1911 643; baseline -0.003 -13"><span class='ocrx_word' id='word_1_26' title='bbox 421 579 519 630; x_wconf 87' lang='grc' dir='ltr'><strong>Οτι</strong></span> <span class='ocrx_word' id='word_1_27' title='bbox 543 579 564 610; x_wconf 81' lang='grc'><strong><em>⁵</em></strong></span> <span class='ocrx_word' id='word_1_28' title='bbox 594 577 647 630; x_wconf 84' lang='grc' dir='ltr'>αἱ</span> <span class='ocrx_word' id='word_1_29' title='bbox 670 574 844 642; x_wconf 59' lang='grc' dir='ltr'><strong>πηγαὶ⁵</strong></span> <span class='ocrx_word' id='word_1_30' title='bbox 873 572 968 626; x_wconf 80' lang='grc' dir='ltr'><strong>τοῦ</strong></span> <span class='ocrx_word' id='word_1_31' title='bbox 1011 572 1269 638; x_wconf 82' lang='grc' dir='ltr'>Ὑφάσιος</span> <span class='ocrx_word' id='word_1_32' title='bbox 1299 573 1566 642; x_wconf 80' lang='grc' dir='ltr'><strong>ποταμοῦ,</strong></span> <span class='ocrx_word' id='word_1_33' title='bbox 1605 567 1649 642; x_wconf 80' lang='grc' dir='ltr'>ᾧ</span> <span class='ocrx_word' id='word_1_34' title='bbox 1675 573 1911 643; x_wconf 86' lang='grc' dir='ltr'>πλησιά-</span> 
     </span>
    </p>
   </div>
   <div class='ocr_carea' id='block_1_8' title="bbox 324 664 1912 740">
    <p class='ocr_par' dir='ltr' id='par_1_8' title="bbox 324 664 1912 740">
     <span class='ocr_line' id='line_1_8' title="bbox 324 664 1912 740; baseline -0.005 -15"><span class='ocrx_word' id='word_1_35' title='bbox 324 690 417 724; x_wconf 98' lang='grc' dir='ltr'><strong>σαι</strong></span> <span class='ocrx_word' id='word_1_36' title='bbox 445 670 579 740; x_wconf 67' lang='grc' dir='ltr'>φησὶ</span> <span class='ocrx_word' id='word_1_37' title='bbox 633 666 759 730; x_wconf 81' lang='grc' dir='ltr'>τοὺς</span> <span class='ocrx_word' id='word_1_38' title='bbox 827 665 955 735; x_wconf 71' lang='grc' dir='ltr'>περὶ</span> <span class='ocrx_word' id='word_1_39' title='bbox 1018 664 1374 718; x_wconf 76' lang='grc' dir='ltr'>Ἀπολλώνιον</span> <span class='ocrx_word' id='word_1_40' title='bbox 1439 665 1529 717; x_wconf 85' lang='grc' dir='ltr'><strong>τὸν</strong></span> <span class='ocrx_word' id='word_1_41' title='bbox 1597 664 1912 736; x_wconf 83' lang='grc' dir='ltr'><strong>Ὑδραώτην</strong></span> 
     </span>
    </p>
   </div>
   <div class='ocr_carea' id='block_1_9' title="bbox 322 754 1909 831">
    <p class='ocr_par' dir='ltr' id='par_1_9' title="bbox 322 754 1909 831">
     <span class='ocr_line' id='line_1_9' title="bbox 322 754 1909 831; baseline -0.003 -17"><span class='ocrx_word' id='word_1_42' title='bbox 322 761 672 831; x_wconf 75' lang='grc' dir='ltr'>ὑπερϐάντας</span> <span class='ocrx_word' id='word_1_43' title='bbox 699 760 797 810; x_wconf 69' lang='grc' dir='ltr'><strong>καὶ</strong></span> <span class='ocrx_word' id='word_1_44' title='bbox 849 755 1021 808; x_wconf 77' lang='grc' dir='ltr'>πολλὰ</span> <span class='ocrx_word' id='word_1_45' title='bbox 1070 755 1462 826; x_wconf 74' lang='grc' dir='ltr'>διαμείψαντας</span> <span class='ocrx_word' id='word_1_46' title='bbox 1510 754 1660 827; x_wconf 75' lang='grc' dir='ltr'>ἔθνη,</span> <span class='ocrx_word' id='word_1_47' title='bbox 1717 756 1909 810; x_wconf 91' lang='grc' dir='ltr'>τούτου</span> 
     </span>
    </p>
   </div>
   <div class='ocr_carea' id='block_1_10' title="bbox 320 847 1909 922">
    <p class='ocr_par' dir='ltr' id='par_1_10' title="bbox 320 847 1909 922">
     <span class='ocr_line' id='line_1_10' title="bbox 320 847 1909 922; baseline -0.001 -17"><span class='ocrx_word' id='word_1_48' title='bbox 320 854 386 922; x_wconf 84' lang='grc' dir='ltr'>δὴ</span> <span class='ocrx_word' id='word_1_49' title='bbox 409 853 498 905; x_wconf 87' lang='grc' dir='ltr'><strong>τοῦ</strong></span> <span class='ocrx_word' id='word_1_50' title='bbox 531 854 778 920; x_wconf 80' lang='grc' dir='ltr'>ποταμοῦ</span> <span class='ocrx_word' id='word_1_51' title='bbox 826 851 881 901; x_wconf 88' lang='grc' dir='ltr'>αἱ</span> <span class='ocrx_word' id='word_1_52' title='bbox 918 850 1093 918; x_wconf 71' lang='grc' dir='ltr'>πηγαὶ</span> <span class='ocrx_word' id='word_1_53' title='bbox 1148 847 1402 918; x_wconf 72' lang='grc' dir='ltr'>βλύζουσι</span> <span class='ocrx_word' id='word_1_54' title='bbox 1463 849 1561 918; x_wconf 84' lang='grc' dir='ltr'>μὲν</span> <span class='ocrx_word' id='word_1_55' title='bbox 1620 851 1684 902; x_wconf 84' lang='grc' dir='ltr'>ὲκ</span> <span class='ocrx_word' id='word_1_56' title='bbox 1725 849 1909 903; x_wconf 81' lang='grc' dir='ltr'><strong>πεδίου</strong></span> 
     </span>
    </p>
   </div>
   <div class='ocr_carea' id='block_1_11' title="bbox 322 937 1904 1010">
    <p class='ocr_par' dir='ltr' id='par_1_11' title="bbox 322 937 1904 1010">
     <span class='ocr_line' id='line_1_11' title="bbox 322 937 1904 1010; baseline -0.001 -18"><span class='ocrx_word' id='word_1_57' title='bbox 322 939 642 1008; x_wconf 84' lang='grc' dir='ltr'>ναυσίποροι</span> <span class='ocrx_word' id='word_1_58' title='bbox 675 937 926 1001; x_wconf 87' lang='grc' dir='ltr'>αὐτόθεν,</span> <span class='ocrx_word' id='word_1_59' title='bbox 984 937 1266 1008; x_wconf 74' lang='grc' dir='ltr'><strong>προϊοῦσαι</strong></span> <span class='ocrx_word' id='word_1_60' title='bbox 1316 937 1370 989; x_wconf 72' lang='grc' dir='ltr'><strong>δὲ</strong></span> <span class='ocrx_word' id='word_1_61' title='bbox 1421 938 1513 990; x_wconf 74' lang='grc' dir='ltr'>καὶ</span> <span class='ocrx_word' id='word_1_62' title='bbox 1583 939 1770 992; x_wconf 68' lang='grc' dir='ltr'>ναυσὶν</span> <span class='ocrx_word' id='word_1_63' title='bbox 1804 939 1904 1010; x_wconf 78' lang='grc' dir='ltr'>ἤδη</span> 
     </span>
    </p>
   </div>
   <div class='ocr_carea' id='block_1_12' title="bbox 321 1027 1908 1102">
    <p class='ocr_par' dir='ltr' id='par_1_12' title="bbox 321 1027 1908 1102">
     <span class='ocr_line' id='line_1_12' title="bbox 321 1027 1908 1102; baseline -0.001 -17"><span class='ocrx_word' id='word_1_64' title='bbox 321 1031 520 1101; x_wconf 76' lang='grc' dir='ltr'>ἄποροί</span> <span class='ocrx_word' id='word_1_65' title='bbox 551 1033 688 1083; x_wconf 78' lang='grc' dir='ltr'>εἰσιν</span> <span class='ocrx_word' id='word_1_66' title='bbox 709 1045 723 1060; x_wconf 88' lang='grc'><strong>·</strong></span> <span class='ocrx_word' id='word_1_67' title='bbox 757 1029 1096 1100; x_wconf 79' lang='grc' dir='ltr'>ἀκρωνυχίαι</span> <span class='ocrx_word' id='word_1_68' title='bbox 1127 1027 1148 1058; x_wconf 81' lang='grc'>⁸</span> <span class='ocrx_word' id='word_1_69' title='bbox 1188 1029 1333 1101; x_wconf 74' lang='grc' dir='ltr'>γὰρ’</span> <span class='ocrx_word' id='word_1_70' title='bbox 1369 1028 1652 1100; x_wconf 83' lang='grc' dir='ltr'>παραλλὰξ</span> <span class='ocrx_word' id='word_1_71' title='bbox 1687 1031 1908 1102; x_wconf 86' lang='grc' dir='ltr'>πετρῶν</span> 
     </span>
    </p>
   </div>
   <div class='ocr_carea' id='block_1_13' title="bbox 322 1119 1906 1193">
    <p class='ocr_par' dir='ltr' id='par_1_13' title="bbox 322 1119 1906 1193">
     <span class='ocr_line' id='line_1_13' title="bbox 322 1119 1906 1193; baseline -0.002 -17"><span class='ocrx_word' id='word_1_72' title='bbox 322 1125 687 1193; x_wconf 80' lang='grc' dir='ltr'>ὑπανίοχουσι</span> <span class='ocrx_word' id='word_1_73' title='bbox 720 1122 814 1176; x_wconf 88' lang='grc' dir='ltr'><strong>τοῦ</strong></span> <span class='ocrx_word' id='word_1_74' title='bbox 833 1121 1042 1186; x_wconf 78' lang='grc' dir='ltr'>ὕδατος,</span> <span class='ocrx_word' id='word_1_75' title='bbox 1078 1120 1208 1192; x_wconf 76' lang='grc' dir='ltr'>περὶ</span> <span class='ocrx_word' id='word_1_76' title='bbox 1253 1119 1320 1182; x_wconf 76' lang='grc' dir='ltr'>ἃς</span> <span class='ocrx_word' id='word_1_77' title='bbox 1353 1121 1564 1193; x_wconf 81' lang='grc' dir='ltr'><strong>ἀνάγκη</strong></span> <span class='ocrx_word' id='word_1_78' title='bbox 1616 1121 1676 1173; x_wconf 79' lang='grc' dir='ltr'><strong>τὸ</strong></span> <span class='ocrx_word' id='word_1_79' title='bbox 1729 1120 1906 1192; x_wconf 81' lang='grc' dir='ltr'>ῥεῦμα</span> 
     </span>
    </p>
   </div>
   <div class='ocr_carea' id='block_1_14' title="bbox 299 1209 1903 1284">
    <p class='ocr_par' dir='ltr' id='par_1_14' title="bbox 299 1209 1903 1284">
     <span class='ocr_line' id='line_1_14' title="bbox 299 1209 1903 1284; baseline -0.002 -15"><span class='ocrx_word' id='word_1_80' title='bbox 299 1215 627 1283; x_wconf 63' lang='grc' dir='ltr'><strong>Δἑλίττεσθαι</strong></span> <span class='ocrx_word' id='word_1_81' title='bbox 658 1214 752 1269; x_wconf 74' lang='grc' dir='ltr'>καὶ</span> <span class='ocrx_word' id='word_1_82' title='bbox 779 1215 950 1267; x_wconf 82' lang='grc' dir='ltr'>ποιεῖν</span> <span class='ocrx_word' id='word_1_83' title='bbox 983 1213 1074 1267; x_wconf 79' lang='grc' dir='ltr'><strong>τὸν</strong></span> <span class='ocrx_word' id='word_1_84' title='bbox 1106 1214 1349 1284; x_wconf 78' lang='grc' dir='ltr'>ποταμὸν</span> <span class='ocrx_word' id='word_1_85' title='bbox 1378 1213 1600 1268; x_wconf 77' lang='grc' dir='ltr'>ἄπλουν.</span> <span class='ocrx_word' id='word_1_86' title='bbox 1637 1209 1809 1284; x_wconf 79' lang='grc' dir='ltr'>Εὖρος</span> <span class='ocrx_word' id='word_1_87' title='bbox 1845 1213 1903 1266; x_wconf 82' lang='grc' dir='ltr'>δὲ</span> 
     </span>
    </p>
   </div>
   <div class='ocr_carea' id='block_1_15' title="bbox 322 1299 1906 1378">
    <p class='ocr_par' dir='ltr' id='par_1_15' title="bbox 322 1299 1906 1378">
     <span class='ocr_line' id='line_1_15' title="bbox 322 1299 1906 1378; baseline -0.003 -16"><span class='ocrx_word' id='word_1_88' title='bbox 322 1308 511 1378; x_wconf 74' lang='grc' dir='ltr'>αὐτῷδ</span> <span class='ocrx_word' id='word_1_89' title='bbox 546 1308 688 1362; x_wconf 76' lang='grc' dir='ltr'>κατὰ</span> <span class='ocrx_word' id='word_1_90' title='bbox 713 1308 804 1361; x_wconf 81' lang='grc' dir='ltr'><strong>τὸν</strong></span> <span class='ocrx_word' id='word_1_91' title='bbox 837 1307 1050 1378; x_wconf 86' lang='grc' dir='ltr'>Ἴστρον</span> <span class='ocrx_word' id='word_1_92' title='bbox 1077 1323 1090 1336; x_wconf 87' lang='grc'><strong>·</strong></span> <span class='ocrx_word' id='word_1_93' title='bbox 1140 1306 1402 1376; x_wconf 82' lang='grc' dir='ltr'>ποταμῶν</span> <span class='ocrx_word' id='word_1_94' title='bbox 1448 1305 1504 1359; x_wconf 83' lang='grc' dir='ltr'>δὲ</span> <span class='ocrx_word' id='word_1_95' title='bbox 1549 1299 1704 1369; x_wconf 68' lang='grc' dir='ltr'>οὗτος</span> <span class='ocrx_word' id='word_1_96' title='bbox 1757 1306 1906 1360; x_wconf 89' lang='grc' dir='ltr'>δοκεῖ</span> 
     </span>
    </p>
   </div>
   <div class='ocr_carea' id='block_1_16' title="bbox 325 1395 1903 1468">
    <p class='ocr_par' dir='ltr' id='par_1_16' title="bbox 325 1395 1903 1468">
     <span class='ocr_line' id='line_1_16' title="bbox 325 1395 1903 1468; baseline -0.001 -16"><span class='ocrx_word' id='word_1_97' title='bbox 325 1400 604 1468; x_wconf 78' lang='grc' dir='ltr'>μέγιστος,</span> <span class='ocrx_word' id='word_1_98' title='bbox 644 1397 831 1452; x_wconf 89' lang='grc' dir='ltr'>ὁπόσοι</span> <span class='ocrx_word' id='word_1_99' title='bbox 864 1397 932 1450; x_wconf 82' lang='grc' dir='ltr'>δι’</span> <span class='ocrx_word' id='word_1_100' title='bbox 958 1397 1233 1468; x_wconf 82' lang='grc' dir='ltr'>Εὐρώπης</span> <span class='ocrx_word' id='word_1_101' title='bbox 1266 1398 1467 1466; x_wconf 74' lang='grc' dir='ltr'>ῥέουσι.</span> <span class='ocrx_word' id='word_1_102' title='bbox 1517 1395 1716 1466; x_wconf 86' lang='grc' dir='ltr'>Δένδρα</span> <span class='ocrx_word' id='word_1_103' title='bbox 1749 1397 1792 1450; x_wconf 84' lang='grc' dir='ltr'>δ’</span> <span class='ocrx_word' id='word_1_104' title='bbox 1822 1398 1849 1450; x_wconf 94' lang='grc' dir='ltr'><strong>ὁ</strong></span> <span class='ocrx_word' id='word_1_105' title='bbox 1882 1398 1903 1430; x_wconf 77' lang='grc'>⁸</span> 
     </span>
    </p>
   </div>
   <div class='ocr_carea' id='block_1_17' title="bbox 324 1486 1903 1561">
    <p class='ocr_par' dir='ltr' id='par_1_17' title="bbox 324 1486 1903 1561">
     <span class='ocr_line' id='line_1_17' title="bbox 324 1486 1903 1561; baseline -0.002 -18"><span class='ocrx_word' id='word_1_106' title='bbox 324 1490 565 1558; x_wconf 83' lang='grc' dir='ltr'>’Υφασις</span> <span class='ocrx_word' id='word_1_107' title='bbox 591 1489 896 1561; x_wconf 85' lang='grc' dir='ltr'>προσόμοια</span> <span class='ocrx_word' id='word_1_108' title='bbox 926 1489 969 1520; x_wconf 85' lang='grc'><strong>¹⁰</strong></span> <span class='ocrx_word' id='word_1_109' title='bbox 1001 1487 1124 1557; x_wconf 82' lang='grc' dir='ltr'>φύει</span> <span class='ocrx_word' id='word_1_110' title='bbox 1152 1487 1191 1518; x_wconf 84' lang='grc'>¹¹</span> <span class='ocrx_word' id='word_1_111' title='bbox 1221 1489 1350 1557; x_wconf 77' lang='grc' dir='ltr'>περὶ</span> <span class='ocrx_word' id='word_1_112' title='bbox 1372 1487 1472 1550; x_wconf 83' lang='grc' dir='ltr'>τὰς</span> <span class='ocrx_word' id='word_1_113' title='bbox 1492 1487 1680 1557; x_wconf 74' lang='grc' dir='ltr'>ὄχθας,</span> <span class='ocrx_word' id='word_1_114' title='bbox 1733 1486 1824 1540; x_wconf 88' lang='grc' dir='ltr'><strong>καί</strong></span> <span class='ocrx_word' id='word_1_115' title='bbox 1849 1504 1903 1540; x_wconf 92' lang='grc' dir='ltr'><strong>τι</strong></span> 
     </span>
    </p>
   </div>
   <div class='ocr_carea' id='block_1_18' title="bbox 321 1575 1900 1648">
    <p class='ocr_par' dir='ltr' id='par_1_18' title="bbox 321 1575 1900 1648">
     <span class='ocr_line' id='line_1_18' title="bbox 321 1575 1900 1648; baseline -0.001 -17"><span class='ocrx_word' id='word_1_116' title='bbox 321 1579 419 1632; x_wconf 70' lang='grc' dir='ltr'><strong>καὶ</strong></span> <span class='ocrx_word' id='word_1_117' title='bbox 447 1578 617 1648; x_wconf 88' lang='grc' dir='ltr'>μύρον</span> <span class='ocrx_word' id='word_1_118' title='bbox 642 1577 911 1630; x_wconf 79' lang='grc' dir='ltr'>ἐκδίδοται</span> <span class='ocrx_word' id='word_1_119' title='bbox 932 1576 1040 1629; x_wconf 87' lang='grc' dir='ltr'><strong>τῶν</strong></span> <span class='ocrx_word' id='word_1_120' title='bbox 1074 1575 1324 1647; x_wconf 78' lang='grc' dir='ltr'>δένδρων,</span> <span class='ocrx_word' id='word_1_121' title='bbox 1351 1575 1380 1629; x_wconf 82' lang='grc' dir='ltr'><strong>ὃ</strong></span> <span class='ocrx_word' id='word_1_122' title='bbox 1422 1577 1700 1630; x_wconf 86' lang='grc' dir='ltr'>ποιοῦνται</span> <span class='ocrx_word' id='word_1_123' title='bbox 1743 1576 1900 1631; x_wconf 81' lang='grc' dir='ltr'>Ἰνδοὶ</span> 
     </span>
    </p>
   </div>
   <div class='ocr_carea' id='block_1_19' title="bbox 321 1667 1897 1741">
    <p class='ocr_par' dir='ltr' id='par_1_19' title="bbox 321 1667 1897 1741">
     <span class='ocr_line' id='line_1_19' title="bbox 321 1667 1897 1741; baseline -0.001 -18"><span class='ocrx_word' id='word_1_124' title='bbox 321 1672 562 1741; x_wconf 73' lang='grc' dir='ltr'>γαμικὸν</span> <span class='ocrx_word' id='word_1_125' title='bbox 595 1671 824 1741; x_wconf 84' lang='grc' dir='ltr'>χρίσμα.</span> <span class='ocrx_word' id='word_1_126' title='bbox 855 1670 965 1723; x_wconf 73' lang='grc' dir='ltr'>Καὶ</span> <span class='ocrx_word' id='word_1_127' title='bbox 994 1669 1119 1732; x_wconf 86' lang='grc' dir='ltr'>τοὺς</span> <span class='ocrx_word' id='word_1_128' title='bbox 1143 1668 1292 1739; x_wconf 86' lang='grc' dir='ltr'>ίχθῦς</span> <span class='ocrx_word' id='word_1_129' title='bbox 1324 1668 1380 1722; x_wconf 86' lang='grc' dir='ltr'>δὲ</span> <span class='ocrx_word' id='word_1_130' title='bbox 1411 1669 1538 1732; x_wconf 80' lang='grc' dir='ltr'>τοὺς</span> <span class='ocrx_word' id='word_1_131' title='bbox 1558 1667 1702 1731; x_wconf 85' lang='grc' dir='ltr'>ταὼς</span> <span class='ocrx_word' id='word_1_132' title='bbox 1742 1668 1897 1736; x_wconf 86' lang='grc' dir='ltr'>λεγο-</span> 
     </span>
    </p>
   </div>
   <div class='ocr_carea' id='block_1_20' title="bbox 2015 478 3303 549">
    <p class='ocr_par' dir='ltr' id='par_1_20' title="bbox 2015 478 3303 549">
     <span class='ocr_line' id='line_1_20' title="bbox 2015 478 3303 549; baseline 0.004 -17"><span class='ocrx_word' id='word_1_133' title='bbox 2015 479 2144 534; x_wconf 83' lang='lat' dir='ltr'><strong>Erat</strong></span> <span class='ocrx_word' id='word_1_134' title='bbox 2176 490 2353 532; x_wconf 88' lang='lat' dir='ltr'><strong>autem</strong></span> <span class='ocrx_word' id='word_1_135' title='bbox 2386 479 2531 549; x_wconf 84' lang='lat' dir='ltr'><strong>regia</strong></span> <span class='ocrx_word' id='word_1_136' title='bbox 2563 478 2708 542; x_wconf 84' lang='lat' dir='ltr'><strong>Pori,</strong></span> <span class='ocrx_word' id='word_1_137' title='bbox 2741 493 2961 548; x_wconf 84' lang='lat' dir='ltr'><strong>regnum</strong></span> <span class='ocrx_word' id='word_1_138' title='bbox 2990 483 3303 539; x_wconf 91' lang='lat' dir='ltr'><strong>obtinentis.</strong></span> 
     </span>
    </p>
   </div>
   <div class='ocr_carea' id='block_1_21' title="bbox 2085 567 3592 643">
    <p class='ocr_par' dir='ltr' id='par_1_21' title="bbox 2085 567 3592 643">
     <span class='ocr_line' id='line_1_21' title="bbox 2085 567 3592 643; baseline 0.007 -21"><span class='ocrx_word' id='word_1_139' title='bbox 2085 569 2284 623; x_wconf 79' lang='lat' dir='ltr'><strong>Fontes</strong></span> <span class='ocrx_word' id='word_1_140' title='bbox 2310 567 2648 639; x_wconf 82' lang='lat' dir='ltr'><strong>Hypbasidos</strong></span> <span class='ocrx_word' id='word_1_141' title='bbox 2672 568 2843 633; x_wconf 90' lang='lat' dir='ltr'><strong>ﬂuvii,</strong></span> <span class='ocrx_word' id='word_1_142' title='bbox 2866 573 2950 625; x_wconf 85' lang='lat' dir='ltr'><strong>cui</strong></span> <span class='ocrx_word' id='word_1_143' title='bbox 2978 576 3438 643; x_wconf 84' lang='lat' dir='ltr'><strong>appropinquasse</strong></span> <span class='ocrx_word' id='word_1_144' title='bbox 3461 578 3592 635; x_wconf 88' lang='lat' dir='ltr'><strong>dicit</strong></span> 
     </span>
    </p>
   </div>
   <div class='ocr_carea' id='block_1_22' title="bbox 2012 658 3592 735">
    <p class='ocr_par' dir='ltr' id='par_1_22' title="bbox 2012 658 3592 735">
     <span class='ocr_line' id='line_1_22' title="bbox 2012 658 3592 735; baseline 0.006 -23"><span class='ocrx_word' id='word_1_145' title='bbox 2012 659 2383 727; x_wconf 81' lang='lat' dir='ltr'><strong>Apollonium,</strong></span> <span class='ocrx_word' id='word_1_146' title='bbox 2399 658 2668 730; x_wconf 79' lang='lat' dir='ltr'><strong>llydraote</strong></span> <span class='ocrx_word' id='word_1_147' title='bbox 2688 671 2959 728; x_wconf 85' lang='lat' dir='ltr'><strong>superato,</strong></span> <span class='ocrx_word' id='word_1_148' title='bbox 2978 662 3333 732; x_wconf 90' lang='lat' dir='ltr'><strong>plurimisque</strong></span> <span class='ocrx_word' id='word_1_149' title='bbox 3345 668 3592 735; x_wconf 88' lang='lat' dir='ltr'><strong>gentibus</strong></span> 
     </span>
    </p>
   </div>
   <div class='ocr_carea' id='block_1_23' title="bbox 2014 751 3592 821">
    <p class='ocr_par' dir='ltr' id='par_1_23' title="bbox 2014 751 3592 821">
     <span class='ocr_line' id='line_1_23' title="bbox 2014 751 3592 821; baseline 0.005 -17"><span class='ocrx_word' id='word_1_150' title='bbox 2014 751 2340 821; x_wconf 74' lang='lat' dir='ltr'><strong>peragratis,</strong></span> <span class='ocrx_word' id='word_1_151' title='bbox 2371 752 2551 818; x_wconf 86' lang='lat' dir='ltr'><strong>hujus,</strong></span> <span class='ocrx_word' id='word_1_152' title='bbox 2579 751 2820 819; x_wconf 89' lang='lat' dir='ltr'><strong>inquam,</strong></span> <span class='ocrx_word' id='word_1_153' title='bbox 2843 751 2986 806; x_wconf 91' lang='lat' dir='ltr'><strong>ﬂuvii</strong></span> <span class='ocrx_word' id='word_1_154' title='bbox 3018 753 3194 808; x_wconf 82' lang='lat' dir='ltr'><strong>fontes</strong></span> <span class='ocrx_word' id='word_1_155' title='bbox 3219 770 3248 808; x_wconf 91' lang='lat' dir='ltr'><strong>e</strong></span> <span class='ocrx_word' id='word_1_156' title='bbox 3273 758 3388 810; x_wconf 93' lang='lat' dir='ltr'><strong>solo</strong></span> <span class='ocrx_word' id='word_1_157' title='bbox 3414 768 3592 812; x_wconf 88' lang='lat' dir='ltr'><strong>scatu-</strong></span> 
     </span>
    </p>
   </div>
   <div class='ocr_carea' id='block_1_24' title="bbox 2013 841 3592 922">
    <p class='ocr_par' dir='ltr' id='par_1_24' title="bbox 2013 841 3592 922">
     <span class='ocr_line' id='line_1_24' title="bbox 2013 841 3592 922; baseline 0.005 -28"><span class='ocrx_word' id='word_1_158' title='bbox 2013 842 2181 906; x_wconf 82' lang='lat' dir='ltr'><strong>riunt,</strong></span> <span class='ocrx_word' id='word_1_159' title='bbox 2203 852 2394 911; x_wconf 77' lang='lat' dir='ltr'><strong>estque</strong></span> <span class='ocrx_word' id='word_1_160' title='bbox 2415 841 2607 896; x_wconf 88' lang='lat' dir='ltr'><strong>ﬂuvius</strong></span> <span class='ocrx_word' id='word_1_161' title='bbox 2626 843 2741 910; x_wconf 86' lang='lat' dir='ltr'><strong>ipse</strong></span> <span class='ocrx_word' id='word_1_162' title='bbox 2762 859 2788 895; x_wconf 89' lang='lat' dir='ltr'><strong>a</strong></span> <span class='ocrx_word' id='word_1_163' title='bbox 2817 845 3082 922; x_wconf 81' lang='lat' dir='ltr'><strong>principio</strong></span> <span class='ocrx_word' id='word_1_164' title='bbox 3107 847 3442 918; x_wconf 76' lang='lat' dir='ltr'><strong>navigabilis,</strong></span> <span class='ocrx_word' id='word_1_165' title='bbox 3462 867 3592 920; x_wconf 85' lang='lat' dir='ltr'><strong>pau-</strong></span> 
     </span>
    </p>
   </div>
   <div class='ocr_carea' id='block_1_25' title="bbox 2011 933 3590 1003">
    <p class='ocr_par' dir='ltr' id='par_1_25' title="bbox 2011 933 3590 1003">
     <span class='ocr_line' id='line_1_25' title="bbox 2011 933 3590 1003; baseline 0.005 -15"><span class='ocrx_word' id='word_1_166' title='bbox 2011 933 2176 988; x_wconf 87' lang='lat' dir='ltr'><strong>lulttm</strong></span> <span class='ocrx_word' id='word_1_167' title='bbox 2199 951 2327 988; x_wconf 87' lang='lat' dir='ltr'><strong>vero</strong></span> <span class='ocrx_word' id='word_1_168' title='bbox 2351 935 2648 1003; x_wconf 73' lang='lat' dir='ltr'><strong>procedens</strong></span> <span class='ocrx_word' id='word_1_169' title='bbox 2673 935 2897 990; x_wconf 80' lang='lat' dir='ltr'><strong>navibus</strong></span> <span class='ocrx_word' id='word_1_170' title='bbox 2920 937 3094 990; x_wconf 89' lang='lat' dir='ltr'><strong>invius</strong></span> <span class='ocrx_word' id='word_1_171' title='bbox 3117 947 3219 994; x_wconf 89' lang='lat' dir='ltr'><strong>est.</strong></span> <span class='ocrx_word' id='word_1_172' title='bbox 3244 939 3416 996; x_wconf 69' lang='lat' dir='ltr'><strong>Petra:</strong></span> <span class='ocrx_word' id='word_1_173' title='bbox 3439 959 3590 996; x_wconf 88' lang='lat' dir='ltr'><strong>nam-</strong></span> 
     </span>
    </p>
   </div>
   <div class='ocr_carea' id='block_1_26' title="bbox 2010 1025 3589 1099">
    <p class='ocr_par' dir='ltr' id='par_1_26' title="bbox 2010 1025 3589 1099">
     <span class='ocr_line' id='line_1_26' title="bbox 2010 1025 3589 1099; baseline 0.007 -23"><span class='ocrx_word' id='word_1_174' title='bbox 2010 1038 2116 1094; x_wconf 90' lang='lat' dir='ltr'><strong>que</strong></span> <span class='ocrx_word' id='word_1_175' title='bbox 2139 1025 2406 1094; x_wconf 87' lang='lat' dir='ltr'><strong>superiori</strong></span> <span class='ocrx_word' id='word_1_176' title='bbox 2435 1034 2587 1092; x_wconf 92' lang='lat' dir='ltr'><strong>parte</strong></span> <span class='ocrx_word' id='word_1_177' title='bbox 2617 1035 2810 1090; x_wconf 85' lang='lat' dir='ltr'><strong>acutae,</strong></span> <span class='ocrx_word' id='word_1_178' title='bbox 2833 1037 2994 1096; x_wconf 89' lang='lat' dir='ltr'><strong>atque</strong></span> <span class='ocrx_word' id='word_1_179' title='bbox 3018 1027 3160 1082; x_wconf 88' lang='lat' dir='ltr'><strong>inter</strong></span> <span class='ocrx_word' id='word_1_180' title='bbox 3181 1044 3240 1084; x_wconf 90' lang='lat' dir='ltr'><strong>se</strong></span> <span class='ocrx_word' id='word_1_181' title='bbox 3262 1031 3463 1099; x_wconf 82' lang='lat' dir='ltr'><strong>densae,</strong></span> <span class='ocrx_word' id='word_1_182' title='bbox 3487 1035 3589 1087; x_wconf 89' lang='lat' dir='ltr'><strong>sub</strong></span> 
     </span>
    </p>
   </div>
   <div class='ocr_carea' id='block_1_27' title="bbox 2009 1114 3588 1192">
    <p class='ocr_par' dir='ltr' id='par_1_27' title="bbox 2009 1114 3588 1192">
     <span class='ocr_line' id='line_1_27' title="bbox 2009 1114 3588 1192; baseline 0.008 -24"><span class='ocrx_word' id='word_1_183' title='bbox 2009 1129 2149 1183; x_wconf 89' lang='lat' dir='ltr'><strong>aqua</strong></span> <span class='ocrx_word' id='word_1_184' title='bbox 2174 1114 2404 1168; x_wconf 88' lang='lat' dir='ltr'><strong>latentes</strong></span> <span class='ocrx_word' id='word_1_185' title='bbox 2427 1115 2495 1168; x_wconf 89' lang='lat' dir='ltr'><strong>ab</strong></span> <span class='ocrx_word' id='word_1_186' title='bbox 2513 1115 2665 1170; x_wconf 84' lang='lat' dir='ltr'><strong>alveo</strong></span> <span class='ocrx_word' id='word_1_187' title='bbox 2688 1117 3019 1184; x_wconf 87' lang='lat' dir='ltr'><strong>prominent,</strong></span> <span class='ocrx_word' id='word_1_188' title='bbox 3039 1121 3233 1188; x_wconf 86' lang='lat' dir='ltr'><strong>quibus</strong></span> <span class='ocrx_word' id='word_1_189' title='bbox 3259 1137 3394 1192; x_wconf 86' lang='lat' dir='ltr'><strong>aqua</strong></span> <span class='ocrx_word' id='word_1_190' title='bbox 3422 1125 3588 1189; x_wconf 84' lang='lat' dir='ltr'><strong>illisa,</strong></span> 
     </span>
    </p>
   </div>
   <div class='ocr_carea' id='block_1_28' title="bbox 2008 1208 3589 1278">
    <p class='ocr_par' dir='ltr' id='par_1_28' title="bbox 2008 1208 3589 1278">
     <span class='ocr_line' id='line_1_28' title="bbox 2008 1208 3589 1278; baseline 0.005 -17"><span class='ocrx_word' id='word_1_191' title='bbox 2008 1217 2056 1261; x_wconf 92' lang='lat' dir='ltr'><strong>el</strong></span> <span class='ocrx_word' id='word_1_192' title='bbox 2081 1209 2132 1262; x_wconf 93' lang='lat' dir='ltr'><strong>in</strong></span> <span class='ocrx_word' id='word_1_193' title='bbox 2156 1222 2216 1262; x_wconf 87' lang='lat' dir='ltr'><strong>se</strong></span> <span class='ocrx_word' id='word_1_194' title='bbox 2244 1222 2505 1262; x_wconf 84' lang='lat' dir='ltr'><strong>conversa</strong></span> <span class='ocrx_word' id='word_1_195' title='bbox 2526 1208 2942 1278; x_wconf 89' lang='lat' dir='ltr'><strong>innavigabilem</strong></span> <span class='ocrx_word' id='word_1_196' title='bbox 2969 1210 3190 1268; x_wconf 91' lang='lat' dir='ltr'><strong>ﬂuvium</strong></span> <span class='ocrx_word' id='word_1_197' title='bbox 3217 1215 3413 1270; x_wconf 89' lang='lat' dir='ltr'><strong>reddit.</strong></span> <span class='ocrx_word' id='word_1_198' title='bbox 3443 1217 3589 1270; x_wconf 78' lang='lat' dir='ltr'><strong>Lati-</strong></span> 
     </span>
    </p>
   </div>
   <div class='ocr_carea' id='block_1_29' title="bbox 2011 1298 3586 1374">
    <p class='ocr_par' dir='ltr' id='par_1_29' title="bbox 2011 1298 3586 1374">
     <span class='ocr_line' id='line_1_29' title="bbox 2011 1298 3586 1374; baseline 0.005 -20"><span class='ocrx_word' id='word_1_199' title='bbox 2011 1299 2136 1354; x_wconf 90' lang='lat' dir='ltr'><strong>tudo</strong></span> <span class='ocrx_word' id='word_1_200' title='bbox 2175 1313 2308 1354; x_wconf 85' lang='lat' dir='ltr'><strong>vero</strong></span> <span class='ocrx_word' id='word_1_201' title='bbox 2353 1298 2550 1353; x_wconf 86' lang='lat' dir='ltr'><strong>Istrum</strong></span> <span class='ocrx_word' id='word_1_202' title='bbox 2601 1300 2873 1369; x_wconf 68' lang='lat' dir='ltr'><strong>aquuat,</strong></span> <span class='ocrx_word' id='word_1_203' title='bbox 2910 1302 3000 1372; x_wconf 86' lang='lat' dir='ltr'><strong>qui</strong></span> <span class='ocrx_word' id='word_1_204' title='bbox 3040 1303 3268 1374; x_wconf 72' lang='lat' dir='ltr'><strong>Europa:</strong></span> <span class='ocrx_word' id='word_1_205' title='bbox 3310 1306 3586 1362; x_wconf 88' lang='lat' dir='ltr'><strong>ﬂuminum</strong></span> 
     </span>
    </p>
   </div>
   <div class='ocr_carea' id='block_1_30' title="bbox 2009 1391 3585 1465">
    <p class='ocr_par' dir='ltr' id='par_1_30' title="bbox 2009 1391 3585 1465">
     <span class='ocr_line' id='line_1_30' title="bbox 2009 1391 3585 1465; baseline 0.007 -22"><span class='ocrx_word' id='word_1_206' title='bbox 2009 1391 2279 1445; x_wconf 81' lang='lat' dir='ltr'><strong>maximus</strong></span> <span class='ocrx_word' id='word_1_207' title='bbox 2312 1392 2560 1446; x_wconf 87' lang='lat' dir='ltr'><strong>habetur.</strong></span> <span class='ocrx_word' id='word_1_208' title='bbox 2592 1392 2650 1446; x_wconf 85' lang='lat' dir='ltr'><strong>In</strong></span> <span class='ocrx_word' id='word_1_209' title='bbox 2693 1391 2825 1462; x_wconf 82' lang='lat' dir='ltr'><strong>ripis</strong></span> <span class='ocrx_word' id='word_1_210' title='bbox 2862 1394 2978 1464; x_wconf 88' lang='lat' dir='ltr'><strong>ejus</strong></span> <span class='ocrx_word' id='word_1_211' title='bbox 3010 1398 3234 1452; x_wconf 84' lang='lat' dir='ltr'><strong>arbores</strong></span> <span class='ocrx_word' id='word_1_212' title='bbox 3273 1412 3585 1465; x_wconf 90' lang='lat' dir='ltr'><strong>nascuntur,</strong></span> 
     </span>
    </p>
   </div>
   <div class='ocr_carea' id='block_1_31' title="bbox 2005 1482 3589 1561">
    <p class='ocr_par' dir='ltr' id='par_1_31' title="bbox 2005 1482 3589 1561">
     <span class='ocr_line' id='line_1_31' title="bbox 2005 1482 3589 1561; baseline 0.005 -24"><span class='ocrx_word' id='word_1_213' title='bbox 2005 1482 2212 1561; x_wconf 73' lang='lat' dir='ltr'><strong>similes</strong></span> <span class='ocrx_word' id='word_1_214' title='bbox 2230 1483 2295 1536; x_wconf 91' lang='lat' dir='ltr'><strong>iis</strong></span> <span class='ocrx_word' id='word_1_215' title='bbox 2317 1483 2410 1552; x_wconf 87' lang='lat' dir='ltr'><strong>qui</strong></span> <span class='ocrx_word' id='word_1_216' title='bbox 2435 1483 2500 1537; x_wconf 88' lang='lat' dir='ltr'><strong>ad</strong></span> <span class='ocrx_word' id='word_1_217' title='bbox 2523 1483 2722 1538; x_wconf 89' lang='lat' dir='ltr'><strong>lstrmn</strong></span> <span class='ocrx_word' id='word_1_218' title='bbox 2749 1495 3063 1552; x_wconf 88' lang='lat' dir='ltr'><strong>nascuntur,</strong></span> <span class='ocrx_word' id='word_1_219' title='bbox 3083 1503 3110 1540; x_wconf 92' lang='lat' dir='ltr'><strong>a</strong></span> <span class='ocrx_word' id='word_1_220' title='bbox 3131 1489 3328 1557; x_wconf 88' lang='lat' dir='ltr'><strong>quibus</strong></span> <span class='ocrx_word' id='word_1_221' title='bbox 3352 1506 3589 1561; x_wconf 84' lang='lat' dir='ltr'><strong>unguen-</strong></span> 
     </span>
    </p>
   </div>
   <div class='ocr_carea' id='block_1_32' title="bbox 2007 1553 3588 1650">
    <p class='ocr_par' dir='ltr' id='par_1_32' title="bbox 2007 1553 3588 1650">
     <span class='ocr_line' id='line_1_32' title="bbox 2007 1553 3588 1650; baseline 0.009 -25"><span class='ocrx_word' id='word_1_222' title='bbox 2007 1581 2118 1626; x_wconf 87' lang='lat' dir='ltr'><strong>tum</strong></span> <span class='ocrx_word' id='word_1_223' title='bbox 2160 1553 2405 1638; x_wconf 77' lang='lat' dir='ltr'><strong>distillat,</strong></span> <span class='ocrx_word' id='word_1_224' title='bbox 2435 1584 2542 1642; x_wconf 88' lang='lat' dir='ltr'><strong>quo</strong></span> <span class='ocrx_word' id='word_1_225' title='bbox 2589 1574 2641 1628; x_wconf 92' lang='lat' dir='ltr'><strong>in</strong></span> <span class='ocrx_word' id='word_1_226' title='bbox 2689 1578 2891 1646; x_wconf 89' lang='lat' dir='ltr'><strong>nuptiis</strong></span> <span class='ocrx_word' id='word_1_227' title='bbox 2939 1577 3051 1632; x_wconf 90' lang='lat' dir='ltr'><strong>Indi</strong></span> <span class='ocrx_word' id='word_1_228' title='bbox 3096 1553 3320 1650; x_wconf 81' lang='lat' dir='ltr'><strong>perungi</strong></span> <span class='ocrx_word' id='word_1_229' title='bbox 3360 1553 3588 1639; x_wconf 70' lang='lat' dir='ltr'><strong>consue-</strong></span> 
     </span>
    </p>
   </div>
   <div class='ocr_carea' id='block_1_33' title="bbox 2005 1667 3588 1742">
    <p class='ocr_par' dir='ltr' id='par_1_33' title="bbox 2005 1667 3588 1742">
     <span class='ocr_line' id='line_1_33' title="bbox 2005 1667 3588 1742; baseline 0.01 -27"><span class='ocrx_word' id='word_1_230' title='bbox 2005 1681 2153 1722; x_wconf 82' lang='lat' dir='ltr'><strong>vere.</strong></span> <span class='ocrx_word' id='word_1_231' title='bbox 2209 1667 2394 1722; x_wconf 86' lang='lat' dir='ltr'><strong>Pisces</strong></span> <span class='ocrx_word' id='word_1_232' title='bbox 2441 1668 2606 1721; x_wconf 86' lang='lat' dir='ltr'><strong>etiam</strong></span> <span class='ocrx_word' id='word_1_233' title='bbox 2663 1685 2800 1736; x_wconf 93' lang='lat' dir='ltr'><strong>quos</strong></span> <span class='ocrx_word' id='word_1_234' title='bbox 2850 1669 2993 1725; x_wconf 89' lang='lat' dir='ltr'><strong>Taos</strong></span> <span class='ocrx_word' id='word_1_235' title='bbox 3047 1673 3319 1742; x_wconf 86' lang='lat' dir='ltr'><strong>appellant</strong></span> <span class='ocrx_word' id='word_1_236' title='bbox 3369 1675 3421 1729; x_wconf 93' lang='lat' dir='ltr'><strong>in</strong></span> <span class='ocrx_word' id='word_1_237' title='bbox 3486 1678 3588 1731; x_wconf 84' lang='lat' dir='ltr'><strong>hoc</strong></span> 
     </span>
    </p>
   </div>
   <div class='ocr_carea' id='block_1_34' title="bbox 325 1748 1898 1833">
    <p class='ocr_par' dir='ltr' id='par_1_34' title="bbox 325 1753 1898 1833">
     <span class='ocr_line' id='line_1_34' title="bbox 325 1753 1898 1833; baseline -0.001 -19"><span class='ocrx_word' id='word_1_238' title='bbox 325 1763 522 1833; x_wconf 83' lang='grc' dir='ltr'>μένους</span> <span class='ocrx_word' id='word_1_239' title='bbox 548 1763 707 1831; x_wconf 87' lang='grc' dir='ltr'>μόνος</span> <span class='ocrx_word' id='word_1_240' title='bbox 733 1753 890 1825; x_wconf 79' lang='grc' dir='ltr'>οὗτος</span> <span class='ocrx_word' id='word_1_241' title='bbox 923 1758 1180 1830; x_wconf 85' lang='grc' dir='ltr'>ποταμῶν</span> <span class='ocrx_word' id='word_1_242' title='bbox 1225 1760 1413 1832; x_wconf 73' lang='grc' dir='ltr'>τρέφει</span> <span class='ocrx_word' id='word_1_243' title='bbox 1440 1779 1452 1793; x_wconf 88' lang='grc'><strong>·</strong></span> <span class='ocrx_word' id='word_1_244' title='bbox 1512 1761 1834 1831; x_wconf 83' lang='grc' dir='ltr'>πεποίηνται</span> <span class='ocrx_word' id='word_1_245' title='bbox 1856 1761 1898 1792; x_wconf 83' lang='grc'>¹¹</span> 
     </span>
    </p>
   </div>
   <div class='ocr_carea' id='block_1_35' title="bbox 2005 1748 3585 1833">
    <p class='ocr_par' dir='ltr' id='par_1_35' title="bbox 2007 1756 3585 1827">
     <span class='ocr_line' id='line_1_35' title="bbox 2007 1756 3585 1827; baseline 0.004 -18"><span class='ocrx_word' id='word_1_246' title='bbox 2007 1756 2268 1811; x_wconf 73' lang='lat' dir='ltr'><strong>duntaxat</strong></span> <span class='ocrx_word' id='word_1_247' title='bbox 2302 1756 2526 1811; x_wconf 89' lang='lat' dir='ltr'><strong>ﬂumine</strong></span> <span class='ocrx_word' id='word_1_248' title='bbox 2559 1758 2690 1811; x_wconf 91' lang='lat' dir='ltr'><strong>oriri</strong></span> <span class='ocrx_word' id='word_1_249' title='bbox 2729 1757 3011 1827; x_wconf 84' lang='lat' dir='ltr'><strong>perhibent</strong></span> <span class='ocrx_word' id='word_1_250' title='bbox 3045 1777 3058 1812; x_wconf 90' lang='lat'><strong>:</strong></span> <span class='ocrx_word' id='word_1_251' title='bbox 3100 1771 3362 1815; x_wconf 86' lang='lat' dir='ltr'><strong>vocantur</strong></span> <span class='ocrx_word' id='word_1_252' title='bbox 3406 1774 3585 1817; x_wconf 89' lang='lat' dir='ltr'><strong>autem</strong></span> 
     </span>
    </p>
   </div>
   <div class='ocr_carea' id='block_1_36' title="bbox 319 1850 1900 1921">
    <p class='ocr_par' dir='ltr' id='par_1_36' title="bbox 319 1850 1900 1921">
     <span class='ocr_line' id='line_1_36' title="bbox 319 1850 1900 1921; baseline -0.002 -17"><span class='ocrx_word' id='word_1_253' title='bbox 319 1851 375 1904; x_wconf 82' lang='grc' dir='ltr'>δὲ</span> <span class='ocrx_word' id='word_1_254' title='bbox 407 1851 606 1914; x_wconf 78' lang='grc' dir='ltr'>αὐτοὺς</span> <span class='ocrx_word' id='word_1_255' title='bbox 633 1850 960 1921; x_wconf 82' lang='grc' dir='ltr'>ὁμωνύμους</span> <span class='ocrx_word' id='word_1_256' title='bbox 988 1850 1083 1903; x_wconf 90' lang='grc' dir='ltr'><strong>τοῦ</strong></span> <span class='ocrx_word' id='word_1_257' title='bbox 1121 1850 1354 1921; x_wconf 74' lang='grc' dir='ltr'>ὄρνιθος,</span> <span class='ocrx_word' id='word_1_258' title='bbox 1384 1851 1507 1904; x_wconf 79' lang='grc' dir='ltr'>ἐπεὶ</span> <span class='ocrx_word' id='word_1_259' title='bbox 1546 1851 1762 1904; x_wconf 83' lang='grc' dir='ltr'>κυάνεοι</span> <span class='ocrx_word' id='word_1_260' title='bbox 1802 1851 1900 1921; x_wconf 82' lang='grc' dir='ltr'>μὲν</span> 
     </span>
    </p>
   </div>
   <div class='ocr_carea' id='block_1_37' title="bbox 321 1941 1898 2013">
    <p class='ocr_par' dir='ltr' id='par_1_37' title="bbox 321 1941 1898 2013">
     <span class='ocr_line' id='line_1_37' title="bbox 321 1941 1898 2013; baseline 0.001 -18"><span class='ocrx_word' id='word_1_261' title='bbox 321 1943 505 2005; x_wconf 78' lang='grc' dir='ltr'>αὐτοῖς</span> <span class='ocrx_word' id='word_1_262' title='bbox 530 1943 578 1996; x_wconf 79' lang='grc' dir='ltr'><strong>οἱ</strong></span> <span class='ocrx_word' id='word_1_263' title='bbox 604 1941 777 2012; x_wconf 82' lang='grc' dir='ltr'>λόφοι,</span> <span class='ocrx_word' id='word_1_264' title='bbox 813 1941 1029 1998; x_wconf 71' lang='grc' dir='ltr'>στικταὶ</span> <span class='ocrx_word' id='word_1_265' title='bbox 1049 1942 1105 1995; x_wconf 79' lang='grc' dir='ltr'>δὲ</span> <span class='ocrx_word' id='word_1_266' title='bbox 1139 1943 1194 1995; x_wconf 90' lang='grc' dir='ltr'>αἱ</span> <span class='ocrx_word' id='word_1_267' title='bbox 1241 1941 1472 2011; x_wconf 85' lang='grc' dir='ltr'>φολίδες,</span> <span class='ocrx_word' id='word_1_268' title='bbox 1505 1943 1684 2013; x_wconf 82' lang='grc' dir='ltr'>χρυσᾶ</span> <span class='ocrx_word' id='word_1_269' title='bbox 1726 1942 1782 1995; x_wconf 86' lang='grc' dir='ltr'>δὲ</span> <span class='ocrx_word' id='word_1_270' title='bbox 1829 1941 1898 1996; x_wconf 78' lang='grc' dir='ltr'><strong>τά</strong></span> 
     </span>
    </p>
   </div>
   <div class='ocr_carea' id='block_1_38' title="bbox 317 2033 1898 2104">
    <p class='ocr_par' dir='ltr' id='par_1_38' title="bbox 317 2033 1898 2104">
     <span class='ocr_line' id='line_1_38' title="bbox 317 2033 1898 2104; baseline 0 -17"><span class='ocrx_word' id='word_1_271' title='bbox 317 2036 536 2103; x_wconf 86' lang='grc' dir='ltr'>οὐραῖα,</span> <span class='ocrx_word' id='word_1_272' title='bbox 557 2036 652 2088; x_wconf 75' lang='grc' dir='ltr'><strong>καὶ</strong></span> <span class='ocrx_word' id='word_1_273' title='bbox 672 2034 836 2088; x_wconf 85' lang='grc' dir='ltr'>ὁπότε</span> <span class='ocrx_word' id='word_1_274' title='bbox 872 2033 1164 2104; x_wconf 88' lang='grc' dir='ltr'>βούλοιντο,</span> <span class='ocrx_word' id='word_1_275' title='bbox 1216 2034 1599 2104; x_wconf 82' lang='grc' dir='ltr'>ἀνακλώμενα.</span> <span class='ocrx_word' id='word_1_276' title='bbox 1637 2035 1793 2088; x_wconf 85' lang='grc' dir='ltr'>Ἔστι</span> <span class='ocrx_word' id='word_1_277' title='bbox 1843 2035 1898 2088; x_wconf 89' lang='grc' dir='ltr'><strong>δέ</strong></span> 
     </span>
    </p>
   </div>
   <div class='ocr_carea' id='block_1_39' title="bbox 318 2122 1900 2195">
    <p class='ocr_par' dir='ltr' id='par_1_39' title="bbox 318 2122 1900 2195">
     <span class='ocr_line' id='line_1_39' title="bbox 318 2122 1900 2195; baseline 0 -19"><span class='ocrx_word' id='word_1_278' title='bbox 318 2142 372 2176; x_wconf 90' lang='grc' dir='ltr'><strong>τι</strong></span> <span class='ocrx_word' id='word_1_279' title='bbox 394 2126 438 2156; x_wconf 86' lang='grc'><strong>¹³</strong></span> <span class='ocrx_word' id='word_1_280' title='bbox 476 2125 662 2195; x_wconf 80' lang='grc' dir='ltr'>θηρίον</span> <span class='ocrx_word' id='word_1_281' title='bbox 686 2125 744 2176; x_wconf 82' lang='grc' dir='ltr'>ὲν</span> <span class='ocrx_word' id='word_1_282' title='bbox 769 2122 1108 2194; x_wconf 77' lang='grc' dir='ltr'>τῷ’ποταμῷ</span> <span class='ocrx_word' id='word_1_283' title='bbox 1141 2122 1382 2194; x_wconf 88' lang='grc' dir='ltr'>σκώληκι</span> <span class='ocrx_word' id='word_1_284' title='bbox 1410 2125 1734 2194; x_wconf 82' lang='grc' dir='ltr'>εἰκασμένον</span> <span class='ocrx_word' id='word_1_285' title='bbox 1775 2124 1900 2176; x_wconf 83' lang='grc' dir='ltr'>λευ-</span> 
     </span>
    </p>
   </div>
   <div class='ocr_carea' id='block_1_40' title="bbox 319 2213 1899 2287">
    <p class='ocr_par' dir='ltr' id='par_1_40' title="bbox 319 2213 1899 2287">
     <span class='ocr_line' id='line_1_40' title="bbox 319 2213 1899 2287; baseline 0 -19"><span class='ocrx_word' id='word_1_286' title='bbox 319 2215 423 2286; x_wconf 80' lang='grc' dir='ltr'>κῷ,</span> <span class='ocrx_word' id='word_1_287' title='bbox 455 2217 644 2270; x_wconf 88' lang='grc' dir='ltr'>τοῦτον</span> <span class='ocrx_word' id='word_1_288' title='bbox 669 2217 781 2270; x_wconf 77' lang='grc' dir='ltr'>δὀἱ</span> <span class='ocrx_word' id='word_1_289' title='bbox 801 2218 1062 2287; x_wconf 87' lang='grc' dir='ltr'>τήκοντες</span> <span class='ocrx_word' id='word_1_290' title='bbox 1096 2215 1275 2269; x_wconf 80' lang='grc' dir='ltr'>ἔλαιον</span> <span class='ocrx_word' id='word_1_291' title='bbox 1314 2213 1614 2270; x_wconf 84' lang='grc' dir='ltr'>ποιοῦνται.</span> <span class='ocrx_word' id='word_1_292' title='bbox 1665 2215 1784 2287; x_wconf 79' lang='grc' dir='ltr'>Πῦρ</span> <span class='ocrx_word' id='word_1_293' title='bbox 1842 2216 1899 2269; x_wconf 80' lang='grc' dir='ltr'>δὲ</span> 
     </span>
    </p>
   </div>
   <div class='ocr_carea' id='block_1_41' title="bbox 318 2306 1901 2379">
    <p class='ocr_par' dir='ltr' id='par_1_41' title="bbox 318 2306 1901 2379">
     <span class='ocr_line' id='line_1_41' title="bbox 318 2306 1901 2379; baseline -0.003 -16"><span class='ocrx_word' id='word_1_294' title='bbox 318 2311 426 2379; x_wconf 79' lang='grc' dir='ltr'>ἄρα</span> <span class='ocrx_word' id='word_1_295' title='bbox 454 2309 548 2362; x_wconf 88' lang='grc' dir='ltr'><strong>τοῦ</strong></span> <span class='ocrx_word' id='word_1_296' title='bbox 583 2309 764 2362; x_wconf 79' lang='grc' dir='ltr'>ελαίου</span> <span class='ocrx_word' id='word_1_297' title='bbox 808 2308 1000 2362; x_wconf 89' lang='grc' dir='ltr'>τούτου</span> <span class='ocrx_word' id='word_1_298' title='bbox 1055 2306 1345 2367; x_wconf 80' lang='grc' dir='ltr'>ἐκδίδοται,</span> <span class='ocrx_word' id='word_1_299' title='bbox 1399 2308 1494 2360; x_wconf 74' lang='grc' dir='ltr'><strong>καὶ</strong></span> <span class='ocrx_word' id='word_1_300' title='bbox 1528 2308 1710 2375; x_wconf 83' lang='grc' dir='ltr'>στέγει</span> <span class='ocrx_word' id='word_1_301' title='bbox 1769 2306 1901 2359; x_wconf 71' lang='grc' dir='ltr'>αὐτὸ</span> 
     </span>
    </p>
   </div>
   <div class='ocr_carea' id='block_1_42' title="bbox 319 2399 1900 2473">
    <p class='ocr_par' dir='ltr' id='par_1_42' title="bbox 319 2399 1900 2473">
     <span class='ocr_line' id='line_1_42' title="bbox 319 2399 1900 2473; baseline -0.002 -20"><span class='ocrx_word' id='word_1_302' title='bbox 319 2402 464 2473; x_wconf 80' lang='grc' dir='ltr'>πλὴν</span> <span class='ocrx_word' id='word_1_303' title='bbox 493 2402 649 2456; x_wconf 83' lang='grc' dir='ltr'>ύέλου</span> <span class='ocrx_word' id='word_1_304' title='bbox 681 2401 858 2456; x_wconf 85' lang='grc' dir='ltr'>οὐδέν.</span> <span class='ocrx_word' id='word_1_305' title='bbox 923 2399 1230 2453; x_wconf 79' lang='grc' dir='ltr'>’Δλίσκεται</span> <span class='ocrx_word' id='word_1_306' title='bbox 1258 2399 1322 2468; x_wconf 85' lang='grc' dir='ltr'>δὴ</span> <span class='ocrx_word' id='word_1_307' title='bbox 1386 2401 1532 2470; x_wconf 87' lang='grc' dir='ltr'>μόνῳ</span> <span class='ocrx_word' id='word_1_308' title='bbox 1583 2400 1659 2468; x_wconf 83' lang='grc' dir='ltr'><strong>τῷ</strong></span> <span class='ocrx_word' id='word_1_309' title='bbox 1692 2400 1900 2469; x_wconf 83' lang='grc' dir='ltr'>βασιλεῖ</span> 
     </span>
    </p>
   </div>
   <div class='ocr_carea' id='block_1_43' title="bbox 317 2490 1899 2563">
    <p class='ocr_par' dir='ltr' id='par_1_43' title="bbox 317 2490 1899 2563">
     <span class='ocr_line' id='line_1_43' title="bbox 317 2490 1899 2563; baseline -0.001 -19"><span class='ocrx_word' id='word_1_310' title='bbox 317 2493 380 2545; x_wconf 84' lang='grc' dir='ltr'><strong>τὸ</strong></span> <span class='ocrx_word' id='word_1_311' title='bbox 412 2492 599 2563; x_wconf 84' lang='grc' dir='ltr'>θηρίον</span> <span class='ocrx_word' id='word_1_312' title='bbox 643 2492 802 2545; x_wconf 89' lang='grc' dir='ltr'>τοῦτο</span> <span class='ocrx_word' id='word_1_313' title='bbox 829 2490 970 2561; x_wconf 86' lang='grc' dir='ltr'>πρὸς</span> <span class='ocrx_word' id='word_1_314' title='bbox 996 2490 1193 2559; x_wconf 84' lang='grc' dir='ltr'>τειχῶν</span> <span class='ocrx_word' id='word_1_315' title='bbox 1251 2491 1486 2546; x_wconf 69' lang='grc' dir='ltr'>ἅλωσιν·</span> <span class='ocrx_word' id='word_1_316' title='bbox 1530 2491 1747 2543; x_wconf 75' lang='grc' dir='ltr'>ἐπειδάν</span> <span class='ocrx_word' id='word_1_317' title='bbox 1791 2491 1899 2560; x_wconf 81' lang='grc' dir='ltr'>γὰρ</span> 
     </span>
    </p>
   </div>
   <div class='ocr_carea' id='block_1_44' title="bbox 319 2583 1893 2656">
    <p class='ocr_par' dir='ltr' id='par_1_44' title="bbox 319 2583 1893 2656">
     <span class='ocr_line' id='line_1_44' title="bbox 319 2583 1893 2656; baseline -0.001 -19"><span class='ocrx_word' id='word_1_318' title='bbox 319 2585 448 2656; x_wconf 77' lang='grc' dir='ltr'>θίγῃ</span> <span class='ocrx_word' id='word_1_319' title='bbox 469 2586 576 2637; x_wconf 86' lang='grc' dir='ltr'><strong>τῶν</strong></span> <span class='ocrx_word' id='word_1_320' title='bbox 604 2584 933 2654; x_wconf 74' lang='grc' dir='ltr'>ὲιιάλξεωνὴ</span> <span class='ocrx_word' id='word_1_321' title='bbox 970 2583 1195 2654; x_wconf 86' lang='grc' dir='ltr'>πιμελὴ,</span> <span class='ocrx_word' id='word_1_322' title='bbox 1224 2583 1335 2652; x_wconf 88' lang='grc' dir='ltr'><strong>πῦρ</strong></span> <span class='ocrx_word' id='word_1_323' title='bbox 1375 2584 1690 2636; x_wconf 76' lang='grc' dir='ltr'>ἐκκαλεῖται</span> <span class='ocrx_word' id='word_1_324' title='bbox 1718 2588 1893 2653; x_wconf 82' lang='grc' dir='ltr'>κρεῖτ-</span> 
     </span>
    </p>
   </div>
   <div class='ocr_carea' id='block_1_45' title="bbox 316 2672 1900 2746">
    <p class='ocr_par' dir='ltr' id='par_1_45' title="bbox 316 2672 1900 2746">
     <span class='ocr_line' id='line_1_45' title="bbox 316 2672 1900 2746; baseline 0 -19"><span class='ocrx_word' id='word_1_325' title='bbox 316 2691 410 2728; x_wconf 90' lang='grc' dir='ltr'><strong>τον</strong></span> <span class='ocrx_word' id='word_1_326' title='bbox 436 2674 794 2744; x_wconf 76' lang='grc' dir='ltr'>σϐεστηρίων,</span> <span class='ocrx_word' id='word_1_327' title='bbox 823 2674 1000 2727; x_wconf 83' lang='grc' dir='ltr'>ὁπόσα</span> <span class='ocrx_word' id='word_1_328' title='bbox 1025 2672 1336 2744; x_wconf 88' lang='grc' dir='ltr'>ἀνθρώποις</span> <span class='ocrx_word' id='word_1_329' title='bbox 1363 2675 1498 2744; x_wconf 74' lang='grc' dir='ltr'>πρὸς</span> <span class='ocrx_word' id='word_1_330' title='bbox 1537 2675 1605 2727; x_wconf 85' lang='grc' dir='ltr'>τὰ</span> <span class='ocrx_word' id='word_1_331' title='bbox 1643 2675 1900 2746; x_wconf 81' lang='grc' dir='ltr'>πυρφόρα</span> 
     </span>
    </p>
   </div>
   <div class='ocr_carea' id='block_1_46' title="bbox 318 2764 1900 2837">
    <p class='ocr_par' dir='ltr' id='par_1_46' title="bbox 318 2764 1900 2837">
     <span class='ocr_line' id='line_1_46' title="bbox 318 2764 1900 2837; baseline -0.001 -17"><span class='ocrx_word' id='word_1_332' title='bbox 318 2766 570 2837; x_wconf 73' lang='grc' dir='ltr'>εὓρηται.</span> <span class='ocrx_word' id='word_1_333' title='bbox 598 2767 707 2819; x_wconf 74' lang='grc' dir='ltr'><strong>Καὶ</strong></span> <span class='ocrx_word' id='word_1_334' title='bbox 739 2766 862 2829; x_wconf 82' lang='grc' dir='ltr'>τοὺς</span> <span class='ocrx_word' id='word_1_335' title='bbox 882 2765 928 2798; x_wconf 68' lang='grc'><strong>’⁸</strong></span> <span class='ocrx_word' id='word_1_336' title='bbox 953 2765 1108 2828; x_wconf 79' lang='grc' dir='ltr'>ὅνους</span> <span class='ocrx_word' id='word_1_337' title='bbox 1146 2765 1202 2818; x_wconf 82' lang='grc' dir='ltr'>δὲ</span> <span class='ocrx_word' id='word_1_338' title='bbox 1252 2766 1378 2828; x_wconf 81' lang='grc' dir='ltr'>τοὺς</span> <span class='ocrx_word' id='word_1_339' title='bbox 1421 2764 1646 2837; x_wconf 85' lang='grc' dir='ltr'>ἀγρίούς</span> <span class='ocrx_word' id='word_1_340' title='bbox 1702 2769 1760 2819; x_wconf 87' lang='grc' dir='ltr'>ὲν</span> <span class='ocrx_word' id='word_1_341' title='bbox 1787 2769 1900 2832; x_wconf 87' lang='grc' dir='ltr'>τοῖς</span> 
     </span>
    </p>
   </div>
   <div class='ocr_carea' id='block_1_47' title="bbox 317 2853 1899 2929">
    <p class='ocr_par' dir='ltr' id='par_1_47' title="bbox 317 2853 1899 2929">
     <span class='ocr_line' id='line_1_47' title="bbox 317 2853 1899 2929; baseline 0 -17"><span class='ocrx_word' id='word_1_342' title='bbox 317 2859 465 2912; x_wconf 71' lang='grc' dir='ltr'>ἕλεσι</span> <span class='ocrx_word' id='word_1_343' title='bbox 495 2858 706 2920; x_wconf 77' lang='grc' dir='ltr'>τούτοις</span> <span class='ocrx_word' id='word_1_344' title='bbox 732 2856 1051 2911; x_wconf 79' lang='grc' dir='ltr'>ἁλίσκεσθαι</span> <span class='ocrx_word' id='word_1_345' title='bbox 1074 2873 1259 2926; x_wconf 86' lang='grc' dir='ltr'>φασιν.</span> <span class='ocrx_word' id='word_1_346' title='bbox 1298 2853 1452 2910; x_wconf 75' lang='grc' dir='ltr'>Εἶναι</span> <span class='ocrx_word' id='word_1_347' title='bbox 1476 2858 1531 2910; x_wconf 74' lang='grc' dir='ltr'>δὲ</span> <span class='ocrx_word' id='word_1_348' title='bbox 1553 2859 1668 2921; x_wconf 84' lang='grc' dir='ltr'>τοῖς</span> <span class='ocrx_word' id='word_1_349' title='bbox 1690 2858 1899 2929; x_wconf 80' lang='grc' dir='ltr'>θηρίοις</span> 
     </span>
    </p>
   </div>
   <div class='ocr_carea' id='block_1_48' title="bbox 315 2940 1900 3018">
    <p class='ocr_par' dir='ltr' id='par_1_48' title="bbox 315 2940 1900 3018">
     <span class='ocr_line' id='line_1_48' title="bbox 315 2940 1900 3018; baseline 0.002 -18"><span class='ocrx_word' id='word_1_350' title='bbox 315 2951 527 3011; x_wconf 78' lang='grc' dir='ltr'>τούτοις</span> <span class='ocrx_word' id='word_1_351' title='bbox 551 2948 644 3000; x_wconf 71' lang='grc' dir='ltr'><strong>ἐπὶ</strong></span> <span class='ocrx_word' id='word_1_352' title='bbox 675 2947 928 3016; x_wconf 89' lang='grc' dir='ltr'>μετώπου</span> <span class='ocrx_word' id='word_1_353' title='bbox 958 2948 1151 3018; x_wconf 87' lang='grc' dir='ltr'>κέρας,</span> <span class='ocrx_word' id='word_1_354' title='bbox 1179 2940 1223 3015; x_wconf 86' lang='grc' dir='ltr'>ᾧ</span> <span class='ocrx_word' id='word_1_355' title='bbox 1254 2947 1521 3018; x_wconf 87' lang='grc' dir='ltr'>ταυρηδόν</span> <span class='ocrx_word' id='word_1_356' title='bbox 1549 2965 1608 3000; x_wconf 88' lang='grc' dir='ltr'><strong>τε</strong></span> <span class='ocrx_word' id='word_1_357' title='bbox 1653 2950 1748 3002; x_wconf 75' lang='grc' dir='ltr'><strong>καὶ</strong></span> <span class='ocrx_word' id='word_1_358' title='bbox 1799 2949 1900 3004; x_wconf 82' lang='grc' dir='ltr'><strong>οὐκ</strong></span> 
     </span>
    </p>
   </div>
   <div class='ocr_carea' id='block_1_49' title="bbox 316 3039 1897 3109">
    <p class='ocr_par' dir='ltr' id='par_1_49' title="bbox 316 3039 1897 3109">
     <span class='ocr_line' id='line_1_49' title="bbox 316 3039 1897 3109; baseline -0.001 -15"><span class='ocrx_word' id='word_1_359' title='bbox 316 3039 562 3108; x_wconf 82' lang='grc' dir='ltr'>ἀγεννῶς</span> <span class='ocrx_word' id='word_1_360' title='bbox 592 3039 880 3109; x_wconf 83' lang='grc' dir='ltr'>μάχονται.</span> <span class='ocrx_word' id='word_1_361' title='bbox 917 3039 1027 3092; x_wconf 75' lang='grc' dir='ltr'><strong>Καὶ</strong></span> <span class='ocrx_word' id='word_1_362' title='bbox 1048 3039 1373 3107; x_wconf 81' lang='grc' dir='ltr'>ἀποφαίνειν</span> <span class='ocrx_word' id='word_1_363' title='bbox 1395 3040 1520 3102; x_wconf 83' lang='grc' dir='ltr'>τοὺς</span> <span class='ocrx_word' id='word_1_364' title='bbox 1569 3039 1760 3103; x_wconf 72' lang='grc' dir='ltr'>Ἰνδοὺς</span> <span class='ocrx_word' id='word_1_365' title='bbox 1805 3040 1897 3093; x_wconf 80' lang='grc' dir='ltr'><strong>ἐκ-</strong></span> 
     </span>
    </p>
   </div>
   <div class='ocr_carea' id='block_1_50' title="bbox 316 3127 1897 3200">
    <p class='ocr_par' dir='ltr' id='par_1_50' title="bbox 316 3127 1897 3200">
     <span class='ocr_line' id='line_1_50' title="bbox 316 3127 1897 3200; baseline 0 -18"><span class='ocrx_word' id='word_1_366' title='bbox 316 3147 488 3198; x_wconf 80' lang='grc' dir='ltr'>πωμα</span> <span class='ocrx_word' id='word_1_367' title='bbox 525 3129 585 3182; x_wconf 80' lang='grc' dir='ltr'><strong>τὸ</strong></span> <span class='ocrx_word' id='word_1_368' title='bbox 612 3132 782 3199; x_wconf 83' lang='grc' dir='ltr'>κέρας</span> <span class='ocrx_word' id='word_1_369' title='bbox 821 3128 982 3182; x_wconf 89' lang='grc' dir='ltr'>τοῦτο</span> <span class='ocrx_word' id='word_1_370' title='bbox 1009 3144 1024 3160; x_wconf 85' lang='grc'>⁶</span> <span class='ocrx_word' id='word_1_371' title='bbox 1058 3129 1118 3180; x_wconf 82' lang='grc' dir='ltr'>οὐ</span> <span class='ocrx_word' id='word_1_372' title='bbox 1169 3129 1278 3200; x_wconf 87' lang='grc' dir='ltr'>γὰρ</span> <span class='ocrx_word' id='word_1_373' title='bbox 1330 3127 1460 3182; x_wconf 76' lang='grc' dir='ltr'>οὔτε</span> <span class='ocrx_word' id='word_1_374' title='bbox 1512 3129 1739 3199; x_wconf 79' lang='grc' dir='ltr'>νοσῆσαι</span> <span class='ocrx_word' id='word_1_375' title='bbox 1800 3130 1897 3200; x_wconf 80' lang='grc' dir='ltr'>τὴν</span> 
     </span>
    </p>
   </div>
   <div class='ocr_carea' id='block_1_51' title="bbox 315 3219 1898 3292">
    <p class='ocr_par' dir='ltr' id='par_1_51' title="bbox 315 3219 1898 3292">
     <span class='ocr_line' id='line_1_51' title="bbox 315 3219 1898 3292; baseline -0.001 -18"><span class='ocrx_word' id='word_1_376' title='bbox 315 3224 535 3291; x_wconf 73' lang='grc' dir='ltr'>ἡμεραν</span> <span class='ocrx_word' id='word_1_377' title='bbox 555 3220 774 3292; x_wconf 72' lang='grc' dir='ltr'>ἐκείνην</span> <span class='ocrx_word' id='word_1_378' title='bbox 801 3223 828 3273; x_wconf 97' lang='lat'><strong>6</strong></span> <span class='ocrx_word' id='word_1_379' title='bbox 847 3221 890 3252; x_wconf 81' lang='grc'>¹⁸</span> <span class='ocrx_word' id='word_1_380' title='bbox 918 3219 1014 3274; x_wconf 84' lang='grc' dir='ltr'>ἀπ’</span> <span class='ocrx_word' id='word_1_381' title='bbox 1040 3220 1208 3274; x_wconf 85' lang='grc' dir='ltr'>αὑτοῦ</span> <span class='ocrx_word' id='word_1_382' title='bbox 1235 3220 1395 3286; x_wconf 88' lang='grc' dir='ltr'>πιὼν,</span> <span class='ocrx_word' id='word_1_383' title='bbox 1422 3221 1549 3275; x_wconf 76' lang='grc' dir='ltr'>οὔτε</span> <span class='ocrx_word' id='word_1_384' title='bbox 1569 3222 1636 3275; x_wconf 81' lang='grc' dir='ltr'>ἂν</span> <span class='ocrx_word' id='word_1_385' title='bbox 1666 3222 1898 3292; x_wconf 76' lang='grc' dir='ltr'>τρωθεὶς</span> 
     </span>
    </p>
   </div>
   <div class='ocr_carea' id='block_1_52' title="bbox 315 3309 1900 3383">
    <p class='ocr_par' dir='ltr' id='par_1_52' title="bbox 315 3309 1900 3383">
     <span class='ocr_line' id='line_1_52' title="bbox 315 3309 1900 3383; baseline 0.001 -19"><span class='ocrx_word' id='word_1_386' title='bbox 315 3310 578 3379; x_wconf 80' lang='grc' dir='ltr'>ἀλγῆσαι,</span> <span class='ocrx_word' id='word_1_387' title='bbox 606 3310 774 3378; x_wconf 81' lang='grc' dir='ltr'>πυρός</span> <span class='ocrx_word' id='word_1_388' title='bbox 791 3327 850 3362; x_wconf 90' lang='grc' dir='ltr'><strong>τε</strong></span> <span class='ocrx_word' id='word_1_389' title='bbox 873 3309 1162 3374; x_wconf 82' lang='grc' dir='ltr'>διεξελθεῖν</span> <span class='ocrx_word' id='word_1_390' title='bbox 1185 3311 1271 3374; x_wconf 80' lang='grc' dir='ltr'>ἂν,</span> <span class='ocrx_word' id='word_1_391' title='bbox 1307 3312 1398 3364; x_wconf 76' lang='grc' dir='ltr'><strong>καὶ</strong></span> <span class='ocrx_word' id='word_1_392' title='bbox 1419 3313 1545 3382; x_wconf 87' lang='grc' dir='ltr'>μηδ’</span> <span class='ocrx_word' id='word_1_393' title='bbox 1574 3313 1641 3365; x_wconf 87' lang='grc' dir='ltr'>ἂν</span> <span class='ocrx_word' id='word_1_394' title='bbox 1677 3312 1900 3383; x_wconf 81' lang='grc' dir='ltr'>φαρμά-</span> 
     </span>
    </p>
   </div>
   <div class='ocr_carea' id='block_1_53' title="bbox 315 3400 1900 3474">
    <p class='ocr_par' dir='ltr' id='par_1_53' title="bbox 315 3400 1900 3474">
     <span class='ocr_line' id='line_1_53' title="bbox 315 3400 1900 3474; baseline 0.001 -20"><span class='ocrx_word' id='word_1_395' title='bbox 315 3418 435 3464; x_wconf 88' lang='grc' dir='ltr'>κοις</span> <span class='ocrx_word' id='word_1_396' title='bbox 473 3400 591 3472; x_wconf 80' lang='grc'><strong>[551</strong></span> <span class='ocrx_word' id='word_1_397' title='bbox 617 3400 712 3474; x_wconf 86' lang='grc' dir='ltr'><strong>Η.]</strong></span> <span class='ocrx_word' id='word_1_398' title='bbox 734 3401 958 3466; x_wconf 73' lang='grc' dir='ltr'>ἁλῶναι,</span> <span class='ocrx_word' id='word_1_399' title='bbox 987 3403 1158 3458; x_wconf 87' lang='grc' dir='ltr'>ὁπόσα</span> <span class='ocrx_word' id='word_1_400' title='bbox 1181 3404 1274 3456; x_wconf 72' lang='grc' dir='ltr'>ἐπὶ</span> <span class='ocrx_word' id='word_1_401' title='bbox 1304 3405 1460 3472; x_wconf 87' lang='grc' dir='ltr'>κακῷ</span> <span class='ocrx_word' id='word_1_402' title='bbox 1503 3403 1738 3460; x_wconf 88' lang='grc' dir='ltr'>πίνεται.</span> <span class='ocrx_word' id='word_1_403' title='bbox 1791 3405 1900 3457; x_wconf 85' lang='grc' dir='ltr'><strong>Βα-</strong></span> 
     </span>
    </p>
   </div>
   <div class='ocr_carea' id='block_1_54' title="bbox 317 3491 1896 3566">
    <p class='ocr_par' dir='ltr' id='par_1_54' title="bbox 317 3491 1896 3566">
     <span class='ocr_line' id='line_1_54' title="bbox 317 3491 1896 3566; baseline -0.003 -14"><span class='ocrx_word' id='word_1_404' title='bbox 317 3495 512 3552; x_wconf 74' lang='grc' dir='ltr'>σιλέων</span> <span class='ocrx_word' id='word_1_405' title='bbox 533 3497 673 3550; x_wconf 83' lang='grc' dir='ltr'>δὲτὸ</span> <span class='ocrx_word' id='word_1_406' title='bbox 704 3496 938 3566; x_wconf 76' lang='grc' dir='ltr'>ἔκπωμα</span> <span class='ocrx_word' id='word_1_407' title='bbox 958 3491 1121 3560; x_wconf 81' lang='grc' dir='ltr'>εἶναι,</span> <span class='ocrx_word' id='word_1_408' title='bbox 1179 3495 1272 3548; x_wconf 83' lang='grc' dir='ltr'>καὶ</span> <span class='ocrx_word' id='word_1_409' title='bbox 1313 3493 1524 3564; x_wconf 84' lang='grc' dir='ltr'>βασιλεῖ</span> <span class='ocrx_word' id='word_1_410' title='bbox 1575 3493 1721 3564; x_wconf 85' lang='grc' dir='ltr'>μόνῳ</span> <span class='ocrx_word' id='word_1_411' title='bbox 1751 3496 1896 3547; x_wconf 87' lang='grc' dir='ltr'>ἀνεῖ-</span> 
     </span>
    </p>
   </div>
   <div class='ocr_carea' id='block_1_55' title="bbox 319 3579 1899 3660">
    <p class='ocr_par' dir='ltr' id='par_1_55' title="bbox 319 3579 1899 3660">
     <span class='ocr_line' id='line_1_55' title="bbox 319 3579 1899 3660; baseline -0.004 -16"><span class='ocrx_word' id='word_1_412' title='bbox 319 3590 448 3644; x_wconf 90' lang='grc' dir='ltr'>σθαι</span> <span class='ocrx_word' id='word_1_413' title='bbox 471 3591 568 3660; x_wconf 81' lang='grc' dir='ltr'>τὴν</span> <span class='ocrx_word' id='word_1_414' title='bbox 599 3590 794 3660; x_wconf 88' lang='grc' dir='ltr'>θήραν.</span> <span class='ocrx_word' id='word_1_415' title='bbox 821 3587 1008 3642; x_wconf 84' lang='grc' dir='ltr'>Μῦθον</span> <span class='ocrx_word' id='word_1_416' title='bbox 1051 3588 1108 3641; x_wconf 85' lang='grc' dir='ltr'>δὲ</span> <span class='ocrx_word' id='word_1_417' title='bbox 1136 3589 1248 3660; x_wconf 83' lang='grc' dir='ltr'>ἄρα</span> <span class='ocrx_word' id='word_1_418' title='bbox 1302 3586 1539 3640; x_wconf 85' lang='grc' dir='ltr'>δεικνύει</span> <span class='ocrx_word' id='word_1_419' title='bbox 1572 3579 1754 3639; x_wconf 79' lang='grc' dir='ltr'>’ταῦτα</span> <span class='ocrx_word' id='word_1_420' title='bbox 1793 3586 1899 3638; x_wconf 84' lang='grc' dir='ltr'><strong>τῶν</strong></span> 
     </span>
    </p>
   </div>
   <div class='ocr_carea' id='block_1_56' title="bbox 316 3677 1899 3751">
    <p class='ocr_par' dir='ltr' id='par_1_56' title="bbox 316 3677 1899 3751">
     <span class='ocr_line' id='line_1_56' title="bbox 316 3677 1899 3751; baseline -0.003 -16"><span class='ocrx_word' id='word_1_421' title='bbox 316 3686 377 3735; x_wconf 84' lang='grc' dir='ltr'>ἑν</span> <span class='ocrx_word' id='word_1_422' title='bbox 424 3681 604 3744; x_wconf 81' lang='grc' dir='ltr'>Ἰνδοῖς</span> <span class='ocrx_word' id='word_1_423' title='bbox 649 3680 918 3751; x_wconf 86' lang='grc' dir='ltr'>βασιλέων</span> <span class='ocrx_word' id='word_1_424' title='bbox 965 3679 1062 3732; x_wconf 69' lang='grc' dir='ltr'><strong>καὶ</strong></span> <span class='ocrx_word' id='word_1_425' title='bbox 1123 3680 1270 3732; x_wconf 89' lang='grc' dir='ltr'>νόσοι</span> <span class='ocrx_word' id='word_1_426' title='bbox 1319 3680 1414 3731; x_wconf 79' lang='grc' dir='ltr'><strong>καὶ</strong></span> <span class='ocrx_word' id='word_1_427' title='bbox 1460 3678 1704 3732; x_wconf 88' lang='grc' dir='ltr'>θάνατοι.</span> <span class='ocrx_word' id='word_1_428' title='bbox 1740 3677 1813 3731; x_wconf 83' lang='grc' dir='ltr'><strong>Τὸ</strong></span> <span class='ocrx_word' id='word_1_429' title='bbox 1841 3677 1899 3730; x_wconf 77' lang='grc' dir='ltr'>δὲ</span> 
     </span>
    </p>
   </div>
   <div class='ocr_carea' id='block_1_57' title="bbox 317 3767 1466 3846">
    <p class='ocr_par' dir='ltr' id='par_1_57' title="bbox 317 3767 1466 3846">
     <span class='ocr_line' id='line_1_57' title="bbox 317 3767 1466 3846; baseline -0.003 -19"><span class='ocrx_word' id='word_1_430' title='bbox 317 3773 525 3846; x_wconf 86' lang='grc' dir='ltr'>θηρίον,</span> <span class='ocrx_word' id='word_1_431' title='bbox 545 3767 655 3827; x_wconf 72' lang='grc' dir='ltr'>οἷον</span> <span class='ocrx_word' id='word_1_432' title='bbox 671 3772 714 3804; x_wconf 73' lang='grc'><strong>⁸⁸</strong></span> <span class='ocrx_word' id='word_1_433' title='bbox 734 3771 971 3844; x_wconf 75' lang='grc' dir='ltr'>εἴρηται,</span> <span class='ocrx_word' id='word_1_434' title='bbox 990 3770 1235 3826; x_wconf 89' lang='grc' dir='ltr'>τοιοῦτον</span> <span class='ocrx_word' id='word_1_435' title='bbox 1251 3772 1466 3840; x_wconf 81' lang='grc' dir='ltr'>ὁρᾶται.</span> 
     </span>
    </p>
   </div>
   <div class='ocr_carea' id='block_1_58' title="bbox 402 4033 1898 4104">
    <p class='ocr_par' dir='ltr' id='par_1_58' title="bbox 402 4033 1898 4104">
     <span class='ocr_line' id='line_1_58' title="bbox 402 4033 1898 4104; baseline -0.004 -12"><span class='ocrx_word' id='word_1_436' title='bbox 402 4037 685 4092; x_wconf 85' lang='grc' dir='ltr'>Ἐντεῦθεν</span> <span class='ocrx_word' id='word_1_437' title='bbox 713 4038 754 4070; x_wconf 83' lang='grc'><strong>¹⁷</strong></span> <span class='ocrx_word' id='word_1_438' title='bbox 791 4035 1120 4104; x_wconf 77' lang='grc' dir='ltr'>ὑπερϐαλεῖν</span> <span class='ocrx_word' id='word_1_439' title='bbox 1163 4034 1256 4089; x_wconf 91' lang='grc' dir='ltr'><strong>τοῦ</strong></span> <span class='ocrx_word' id='word_1_440' title='bbox 1304 4035 1602 4089; x_wconf 79' lang='grc' dir='ltr'>Καυκάσου</span> <span class='ocrx_word' id='word_1_441' title='bbox 1641 4033 1704 4088; x_wconf 79' lang='grc' dir='ltr'>τὸ</span> <span class='ocrx_word' id='word_1_442' title='bbox 1735 4050 1898 4087; x_wconf 87' lang='grc' dir='ltr'>κατα-</span> 
     </span>
    </p>
   </div>
   <div class='ocr_carea' id='block_1_59' title="bbox 314 4125 1898 4200">
    <p class='ocr_par' dir='ltr' id='par_1_59' title="bbox 314 4125 1898 4200">
     <span class='ocr_line' id='line_1_59' title="bbox 314 4125 1898 4200; baseline -0.003 -18"><span class='ocrx_word' id='word_1_443' title='bbox 314 4132 490 4183; x_wconf 87' lang='grc' dir='ltr'>τεῖνον</span> <span class='ocrx_word' id='word_1_444' title='bbox 515 4131 573 4192; x_wconf 80' lang='grc' dir='ltr'>ὲς</span> <span class='ocrx_word' id='word_1_445' title='bbox 600 4129 698 4200; x_wconf 84' lang='grc' dir='ltr'>τὴν</span> <span class='ocrx_word' id='word_1_446' title='bbox 728 4128 996 4200; x_wconf 87' lang='grc' dir='ltr'>Ἐρυθρὰν</span> <span class='ocrx_word' id='word_1_447' title='bbox 1029 4126 1304 4180; x_wconf 85' lang='grc' dir='ltr'>θάλασσαν</span> <span class='ocrx_word' id='word_1_448' title='bbox 1326 4144 1339 4158; x_wconf 91' lang='grc'><strong>·</strong></span> <span class='ocrx_word' id='word_1_449' title='bbox 1379 4125 1591 4180; x_wconf 77' lang='grc' dir='ltr'>εἶναιδὲ</span> <span class='ocrx_word' id='word_1_450' title='bbox 1618 4126 1746 4180; x_wconf 81' lang='grc' dir='ltr'>αὐτὸ</span> <span class='ocrx_word' id='word_1_451' title='bbox 1771 4143 1898 4179; x_wconf 88' lang='grc' dir='ltr'>συν-</span> 
     </span>
    </p>
   </div>
   <div class='ocr_carea' id='block_1_60' title="bbox 312 4215 1896 4291">
    <p class='ocr_par' dir='ltr' id='par_1_60' title="bbox 312 4215 1896 4291">
     <span class='ocr_line' id='line_1_60' title="bbox 312 4215 1896 4291; baseline -0.003 -18"><span class='ocrx_word' id='word_1_452' title='bbox 312 4221 517 4291; x_wconf 77' lang='grc' dir='ltr'>ηρεφὲς</span> <span class='ocrx_word' id='word_1_453' title='bbox 559 4221 723 4284; x_wconf 81' lang='grc' dir='ltr'>ἰδέαις</span> <span class='ocrx_word' id='word_1_454' title='bbox 752 4221 1080 4291; x_wconf 83' lang='grc' dir='ltr'>ἀρωμάτων.</span> <span class='ocrx_word' id='word_1_455' title='bbox 1116 4221 1254 4282; x_wconf 84' lang='grc' dir='ltr'>Τοὺς</span> <span class='ocrx_word' id='word_1_456' title='bbox 1291 4219 1387 4289; x_wconf 85' lang='grc' dir='ltr'><strong>μὲν</strong></span> <span class='ocrx_word' id='word_1_457' title='bbox 1430 4219 1495 4290; x_wconf 82' lang='grc' dir='ltr'>δὴ</span> <span class='ocrx_word' id='word_1_458' title='bbox 1527 4218 1750 4287; x_wconf 85' lang='grc' dir='ltr'>πρῶνας</span> <span class='ocrx_word' id='word_1_459' title='bbox 1802 4215 1896 4270; x_wconf 88' lang='grc' dir='ltr'><strong>τοῦ</strong></span> 
     </span>
    </p>
   </div>
   <div class='ocr_carea' id='block_1_61' title="bbox 313 4307 1897 4380">
    <p class='ocr_par' dir='ltr' id='par_1_61' title="bbox 313 4307 1897 4380">
     <span class='ocr_line' id='line_1_61' title="bbox 313 4307 1897 4380; baseline -0.002 -17"><span class='ocrx_word' id='word_1_460' title='bbox 313 4311 475 4380; x_wconf 78' lang='grc' dir='ltr'>ὅρους</span> <span class='ocrx_word' id='word_1_461' title='bbox 507 4310 569 4363; x_wconf 84' lang='grc' dir='ltr'><strong>τὸ</strong></span> <span class='ocrx_word' id='word_1_462' title='bbox 600 4311 952 4380; x_wconf 87' lang='grc' dir='ltr'>κιννάμωμον</span> <span class='ocrx_word' id='word_1_463' title='bbox 988 4310 1196 4380; x_wconf 85' lang='grc' dir='ltr'>φέρειν,</span> <span class='ocrx_word' id='word_1_464' title='bbox 1249 4307 1633 4379; x_wconf 86' lang='grc' dir='ltr'>προσεοικέναι</span> <span class='ocrx_word' id='word_1_465' title='bbox 1663 4307 1721 4361; x_wconf 86' lang='grc' dir='ltr'>δὲ</span> <span class='ocrx_word' id='word_1_466' title='bbox 1766 4307 1897 4361; x_wconf 83' lang='grc' dir='ltr'>αὐτὸ</span> 
     </span>
    </p>
   </div>
   <div class='ocr_carea' id='block_1_62' title="bbox 2005 1849 3586 1920">
    <p class='ocr_par' dir='ltr' id='par_1_62' title="bbox 2005 1849 3586 1920">
     <span class='ocr_line' id='line_1_62' title="bbox 2005 1849 3586 1920; baseline 0.004 -18"><span class='ocrx_word' id='word_1_467' title='bbox 2005 1849 2196 1903; x_wconf 90' lang='lat' dir='ltr'><strong>eodem</strong></span> <span class='ocrx_word' id='word_1_468' title='bbox 2247 1864 2356 1920; x_wconf 92' lang='lat' dir='ltr'><strong>quo</strong></span> <span class='ocrx_word' id='word_1_469' title='bbox 2395 1859 2449 1903; x_wconf 89' lang='lat' dir='ltr'><strong>et</strong></span> <span class='ocrx_word' id='word_1_470' title='bbox 2500 1863 2738 1918; x_wconf 79' lang='lat' dir='ltr'><strong>pavones</strong></span> <span class='ocrx_word' id='word_1_471' title='bbox 2782 1851 3022 1916; x_wconf 89' lang='lat' dir='ltr'><strong>nomine,</strong></span> <span class='ocrx_word' id='word_1_472' title='bbox 3061 1852 3183 1918; x_wconf 81' lang='lat' dir='ltr'><strong>quia</strong></span> <span class='ocrx_word' id='word_1_473' title='bbox 3223 1852 3354 1920; x_wconf 87' lang='lat' dir='ltr'><strong>ipsis</strong></span> <span class='ocrx_word' id='word_1_474' title='bbox 3394 1863 3451 1907; x_wconf 88' lang='lat' dir='ltr'><strong>et</strong></span> <span class='ocrx_word' id='word_1_475' title='bbox 3479 1863 3586 1908; x_wconf 47' lang='lat' dir='ltr'><strong>om.</strong></span> 
     </span>
    </p>
   </div>
   <div class='ocr_carea' id='block_1_63' title="bbox 2008 1942 3585 2011">
    <p class='ocr_par' dir='ltr' id='par_1_63' title="bbox 2008 1942 3585 2011">
     <span class='ocr_line' id='line_1_63' title="bbox 2008 1942 3585 2011; baseline 0.002 -17"><span class='ocrx_word' id='word_1_476' title='bbox 2008 1942 2169 1996; x_wconf 69' lang='lat' dir='ltr'><strong>rnlea:</strong></span> <span class='ocrx_word' id='word_1_477' title='bbox 2195 1952 2318 1996; x_wconf 88' lang='lat' dir='ltr'><strong>sunt</strong></span> <span class='ocrx_word' id='word_1_478' title='bbox 2350 1942 2548 2006; x_wconf 82' lang='lat' dir='ltr'><strong>cristae,</strong></span> <span class='ocrx_word' id='word_1_479' title='bbox 2575 1955 2816 2011; x_wconf 87' lang='lat' dir='ltr'><strong>squamae</strong></span> <span class='ocrx_word' id='word_1_480' title='bbox 2846 1955 2974 1994; x_wconf 90' lang='lat' dir='ltr'><strong>vero</strong></span> <span class='ocrx_word' id='word_1_481' title='bbox 3013 1943 3386 2011; x_wconf 75' lang='lat' dir='ltr'><strong>versicolores,</strong></span> <span class='ocrx_word' id='word_1_482' title='bbox 3415 1946 3585 1998; x_wconf 87' lang='lat' dir='ltr'><strong>cauda</strong></span> 
     </span>
    </p>
   </div>
   <div class='ocr_carea' id='block_1_64' title="bbox 2004 2033 3586 2105">
    <p class='ocr_par' dir='ltr' id='par_1_64' title="bbox 2004 2033 3586 2105">
     <span class='ocr_line' id='line_1_64' title="bbox 2004 2033 3586 2105; baseline 0 -19"><span class='ocrx_word' id='word_1_483' title='bbox 2004 2049 2137 2088; x_wconf 89' lang='lat' dir='ltr'><strong>vero</strong></span> <span class='ocrx_word' id='word_1_484' title='bbox 2167 2048 2356 2100; x_wconf 87' lang='lat' dir='ltr'><strong>aurea,</strong></span> <span class='ocrx_word' id='word_1_485' title='bbox 2388 2033 2440 2087; x_wconf 87' lang='lat' dir='ltr'><strong>in</strong></span> <span class='ocrx_word' id='word_1_486' title='bbox 2483 2047 2865 2102; x_wconf 83' lang='lat' dir='ltr'><strong>quamcunque</strong></span> <span class='ocrx_word' id='word_1_487' title='bbox 2893 2033 3124 2088; x_wconf 86' lang='lat' dir='ltr'><strong>voluerit</strong></span> <span class='ocrx_word' id='word_1_488' title='bbox 3157 2045 3365 2105; x_wconf 87' lang='lat' dir='ltr'><strong>partem</strong></span> <span class='ocrx_word' id='word_1_489' title='bbox 3400 2051 3586 2090; x_wconf 84' lang='lat' dir='ltr'><strong>versa-</strong></span> 
     </span>
    </p>
   </div>
   <div class='ocr_carea' id='block_1_65' title="bbox 2008 2118 3588 2192">
    <p class='ocr_par' dir='ltr' id='par_1_65' title="bbox 2008 2118 3588 2192">
     <span class='ocr_line' id='line_1_65' title="bbox 2008 2118 3588 2192; baseline -0.001 -14"><span class='ocrx_word' id='word_1_490' title='bbox 2008 2125 2138 2179; x_wconf 92' lang='lat' dir='ltr'><strong>tilis.</strong></span> <span class='ocrx_word' id='word_1_491' title='bbox 2181 2122 2275 2177; x_wconf 77' lang='lat' dir='ltr'><strong>Est</strong></span> <span class='ocrx_word' id='word_1_492' title='bbox 2324 2131 2586 2192; x_wconf 61' lang='lat' dir='ltr'><strong>prmterea</strong></span> <span class='ocrx_word' id='word_1_493' title='bbox 2641 2121 2693 2174; x_wconf 94' lang='lat' dir='ltr'><strong>in</strong></span> <span class='ocrx_word' id='word_1_494' title='bbox 2745 2121 2934 2175; x_wconf 89' lang='lat' dir='ltr'><strong>eodem</strong></span> <span class='ocrx_word' id='word_1_495' title='bbox 2975 2118 3197 2176; x_wconf 88' lang='lat' dir='ltr'><strong>ﬂumine</strong></span> <span class='ocrx_word' id='word_1_496' title='bbox 3237 2122 3412 2177; x_wconf 85' lang='lat' dir='ltr'><strong>bellua</strong></span> <span class='ocrx_word' id='word_1_497' title='bbox 3463 2123 3588 2176; x_wconf 90' lang='lat' dir='ltr'><strong>albo</strong></span> 
     </span>
    </p>
   </div>
   <div class='ocr_carea' id='block_1_66' title="bbox 2005 2213 3586 2284">
    <p class='ocr_par' dir='ltr' id='par_1_66' title="bbox 2005 2213 3586 2284">
     <span class='ocr_line' id='line_1_66' title="bbox 2005 2213 3586 2284; baseline 0.001 -15"><span class='ocrx_word' id='word_1_498' title='bbox 2005 2217 2174 2269; x_wconf 79' lang='lat' dir='ltr'><strong>vrrmi</strong></span> <span class='ocrx_word' id='word_1_499' title='bbox 2205 2214 2400 2269; x_wconf 85' lang='lat' dir='ltr'><strong>similis</strong></span> <span class='ocrx_word' id='word_1_500' title='bbox 2431 2231 2444 2268; x_wconf 91' lang='lat'><strong>:</strong></span> <span class='ocrx_word' id='word_1_501' title='bbox 2471 2229 2534 2268; x_wconf 78' lang='lat' dir='ltr'><strong>ex</strong></span> <span class='ocrx_word' id='word_1_502' title='bbox 2561 2227 2668 2282; x_wconf 89' lang='lat' dir='ltr'><strong>qua</strong></span> <span class='ocrx_word' id='word_1_503' title='bbox 2700 2221 2858 2283; x_wconf 85' lang='lat' dir='ltr'><strong>capta</strong></span> <span class='ocrx_word' id='word_1_504' title='bbox 2890 2213 3069 2267; x_wconf 90' lang='lat' dir='ltr'><strong>oleum</strong></span> <span class='ocrx_word' id='word_1_505' title='bbox 3103 2215 3164 2268; x_wconf 92' lang='lat' dir='ltr'><strong>ﬂt</strong></span> <span class='ocrx_word' id='word_1_506' title='bbox 3193 2213 3258 2266; x_wconf 87' lang='lat' dir='ltr'><strong>ad</strong></span> <span class='ocrx_word' id='word_1_507' title='bbox 3289 2229 3416 2269; x_wconf 90' lang='lat' dir='ltr'><strong>usus</strong></span> <span class='ocrx_word' id='word_1_508' title='bbox 3449 2215 3586 2284; x_wconf 87' lang='lat' dir='ltr'><strong>ignis</strong></span> 
     </span>
    </p>
   </div>
   <div class='ocr_carea' id='block_1_67' title="bbox 2005 2305 3582 2375">
    <p class='ocr_par' dir='ltr' id='par_1_67' title="bbox 2005 2305 3582 2375">
     <span class='ocr_line' id='line_1_67' title="bbox 2005 2305 3582 2375; baseline 0 -14"><span class='ocrx_word' id='word_1_509' title='bbox 2005 2306 2514 2371; x_wconf 77' lang='lat' dir='ltr'><strong>accommodatum,</strong></span> <span class='ocrx_word' id='word_1_510' title='bbox 2579 2306 2725 2375; x_wconf 86' lang='lat' dir='ltr'><strong>quod</strong></span> <span class='ocrx_word' id='word_1_511' title='bbox 2787 2305 2886 2359; x_wconf 91' lang='lat' dir='ltr'><strong>nisi</strong></span> <span class='ocrx_word' id='word_1_512' title='bbox 2941 2306 3083 2360; x_wconf 87' lang='lat' dir='ltr'><strong>vitro</strong></span> <span class='ocrx_word' id='word_1_513' title='bbox 3148 2307 3415 2360; x_wconf 83' lang='lat' dir='ltr'><strong>contineri</strong></span> <span class='ocrx_word' id='word_1_514' title='bbox 3477 2324 3582 2362; x_wconf 90' lang='lat' dir='ltr'><strong>non</strong></span> 
     </span>
    </p>
   </div>
   <div class='ocr_carea' id='block_1_68' title="bbox 2007 2397 3582 2468">
    <p class='ocr_par' dir='ltr' id='par_1_68' title="bbox 2007 2397 3582 2468">
     <span class='ocr_line' id='line_1_68' title="bbox 2007 2397 3582 2468; baseline 0.003 -18"><span class='ocrx_word' id='word_1_515' title='bbox 2007 2399 2195 2468; x_wconf 86' lang='lat' dir='ltr'><strong>possit.</strong></span> <span class='ocrx_word' id='word_1_516' title='bbox 2226 2397 2454 2467; x_wconf 75' lang='lat' dir='ltr'><strong>Capitur</strong></span> <span class='ocrx_word' id='word_1_517' title='bbox 2491 2406 2669 2452; x_wconf 89' lang='lat' dir='ltr'><strong>autem</strong></span> <span class='ocrx_word' id='word_1_518' title='bbox 2702 2397 2810 2467; x_wconf 88' lang='lat' dir='ltr'><strong>regi</strong></span> <span class='ocrx_word' id='word_1_519' title='bbox 2847 2397 3219 2451; x_wconf 86' lang='lat' dir='ltr'><strong>tantummodo</strong></span> <span class='ocrx_word' id='word_1_520' title='bbox 3250 2398 3582 2468; x_wconf 86' lang='lat' dir='ltr'><strong>ejuscemodi</strong></span> 
     </span>
    </p>
   </div>
   <div class='ocr_carea' id='block_1_69' title="bbox 2004 2488 3627 2558">
    <p class='ocr_par' dir='ltr' id='par_1_69' title="bbox 2004 2488 3627 2558">
     <span class='ocr_line' id='line_1_69' title="bbox 2004 2488 3627 2558; baseline 0.002 -16"><span class='ocrx_word' id='word_1_521' title='bbox 2004 2489 2200 2553; x_wconf 89' lang='lat' dir='ltr'><strong>bellua,</strong></span> <span class='ocrx_word' id='word_1_522' title='bbox 2232 2505 2335 2558; x_wconf 90' lang='lat' dir='ltr'><strong>qua</strong></span> <span class='ocrx_word' id='word_1_523' title='bbox 2376 2489 2464 2542; x_wconf 90' lang='lat' dir='ltr'><strong>ille</strong></span> <span class='ocrx_word' id='word_1_524' title='bbox 2491 2489 2875 2542; x_wconf 89' lang='lat' dir='ltr'><strong>diruendorum</strong></span> <span class='ocrx_word' id='word_1_525' title='bbox 2911 2488 3170 2542; x_wconf 71' lang='lat' dir='ltr'><strong>mmnium</strong></span> <span class='ocrx_word' id='word_1_526' title='bbox 3197 2503 3358 2543; x_wconf 86' lang='lat' dir='ltr'><strong>causa</strong></span> <span class='ocrx_word' id='word_1_527' title='bbox 3393 2491 3580 2547; x_wconf 86' lang='lat' dir='ltr'><strong>utitur.</strong></span> <span class='ocrx_word' id='word_1_528' title='bbox 3622 2513 3627 2519; x_wconf 93' lang='grc'>·</span> 
     </span>
    </p>
   </div>
   <div class='ocr_carea' id='block_1_70' title="bbox 2004 2579 3577 2651">
    <p class='ocr_par' dir='ltr' id='par_1_70' title="bbox 2004 2579 3577 2651">
     <span class='ocr_line' id='line_1_70' title="bbox 2004 2579 3577 2651; baseline 0.001 -17"><span class='ocrx_word' id='word_1_529' title='bbox 2004 2579 2137 2634; x_wconf 86' lang='lat' dir='ltr'><strong>Nam</strong></span> <span class='ocrx_word' id='word_1_530' title='bbox 2165 2581 2254 2634; x_wconf 90' lang='lat' dir='ltr'><strong>ubi</strong></span> <span class='ocrx_word' id='word_1_531' title='bbox 2286 2596 2563 2634; x_wconf 91' lang='lat' dir='ltr'><strong>murorum</strong></span> <span class='ocrx_word' id='word_1_532' title='bbox 2593 2579 2998 2650; x_wconf 86' lang='lat' dir='ltr'><strong>propugnacula</strong></span> <span class='ocrx_word' id='word_1_533' title='bbox 3021 2579 3286 2648; x_wconf 85' lang='lat' dir='ltr'><strong>ejusmodi</strong></span> <span class='ocrx_word' id='word_1_534' title='bbox 3316 2581 3577 2651; x_wconf 74' lang='lat' dir='ltr'><strong>pinguedc</strong></span> 
     </span>
    </p>
   </div>
   <div class='ocr_carea' id='block_1_71' title="bbox 2007 2670 3574 2742">
    <p class='ocr_par' dir='ltr' id='par_1_71' title="bbox 2007 2670 3574 2742">
     <span class='ocr_line' id='line_1_71' title="bbox 2007 2670 3574 2742; baseline 0.001 -17"><span class='ocrx_word' id='word_1_535' title='bbox 2007 2672 2266 2740; x_wconf 80' lang='lat' dir='ltr'><strong>tetigerit,</strong></span> <span class='ocrx_word' id='word_1_536' title='bbox 2305 2673 2441 2740; x_wconf 83' lang='lat' dir='ltr'><strong>ignis</strong></span> <span class='ocrx_word' id='word_1_537' title='bbox 2471 2673 2764 2735; x_wconf 79' lang='lat' dir='ltr'><strong>excitatur,</strong></span> <span class='ocrx_word' id='word_1_538' title='bbox 2805 2670 3216 2741; x_wconf 88' lang='lat' dir='ltr'><strong>quibuscunque</strong></span> <span class='ocrx_word' id='word_1_539' title='bbox 3251 2673 3414 2727; x_wconf 89' lang='lat' dir='ltr'><strong>rebus</strong></span> <span class='ocrx_word' id='word_1_540' title='bbox 3447 2688 3574 2742; x_wconf 76' lang='lat' dir='ltr'><strong>qua:</strong></span> 
     </span>
    </p>
   </div>
   <div class='ocr_carea' id='block_1_72' title="bbox 2003 2763 3579 2837">
    <p class='ocr_par' dir='ltr' id='par_1_72' title="bbox 2003 2763 3579 2837">
     <span class='ocr_line' id='line_1_72' title="bbox 2003 2763 3579 2837; baseline 0 -19"><span class='ocrx_word' id='word_1_541' title='bbox 2003 2765 2249 2820; x_wconf 86' lang='lat' dir='ltr'><strong>homines</strong></span> <span class='ocrx_word' id='word_1_542' title='bbox 2285 2766 2542 2837; x_wconf 79' lang='lat' dir='ltr'><strong>adversus</strong></span> <span class='ocrx_word' id='word_1_543' title='bbox 2591 2763 2767 2832; x_wconf 82' lang='lat' dir='ltr'><strong>ignem</strong></span> <span class='ocrx_word' id='word_1_544' title='bbox 2805 2763 3253 2832; x_wconf 74' lang='lat' dir='ltr'><strong>excogitaverint,</strong></span> <span class='ocrx_word' id='word_1_545' title='bbox 3288 2765 3579 2834; x_wconf 85' lang='lat' dir='ltr'><strong>potentior.</strong></span> 
     </span>
    </p>
   </div>
   <div class='ocr_carea' id='block_1_73' title="bbox 1999 2856 3580 2928">
    <p class='ocr_par' dir='ltr' id='par_1_73' title="bbox 1999 2856 3580 2928">
     <span class='ocr_line' id='line_1_73' title="bbox 1999 2856 3580 2928; baseline 0 -18"><span class='ocrx_word' id='word_1_546' title='bbox 1999 2858 2196 2912; x_wconf 78' lang='lat' dir='ltr'><strong>Asinos</strong></span> <span class='ocrx_word' id='word_1_547' title='bbox 2247 2867 2508 2928; x_wconf 68' lang='lat' dir='ltr'><strong>praeterea</strong></span> <span class='ocrx_word' id='word_1_548' title='bbox 2563 2857 2868 2922; x_wconf 84' lang='lat' dir='ltr'><strong>silvestres,</strong></span> <span class='ocrx_word' id='word_1_549' title='bbox 2914 2856 3244 2926; x_wconf 86' lang='lat' dir='ltr'><strong>palustribus</strong></span> <span class='ocrx_word' id='word_1_550' title='bbox 3286 2856 3420 2910; x_wconf 88' lang='lat' dir='ltr'><strong>locis</strong></span> <span class='ocrx_word' id='word_1_551' title='bbox 3463 2857 3580 2925; x_wconf 87' lang='lat' dir='ltr'><strong>capi</strong></span> 
     </span>
    </p>
   </div>
   <div class='ocr_carea' id='block_1_74' title="bbox 2001 2949 3583 3015">
    <p class='ocr_par' dir='ltr' id='par_1_74' title="bbox 2001 2949 3583 3015">
     <span class='ocr_line' id='line_1_74' title="bbox 2001 2949 3583 3015; baseline -0.001 -11"><span class='ocrx_word' id='word_1_552' title='bbox 2001 2950 2211 3005; x_wconf 82' lang='lat' dir='ltr'><strong>dicunt.</strong></span> <span class='ocrx_word' id='word_1_553' title='bbox 2277 2951 2409 3004; x_wconf 82' lang='lat' dir='ltr'><strong>Esse</strong></span> <span class='ocrx_word' id='word_1_554' title='bbox 2473 2959 2654 3003; x_wconf 89' lang='lat' dir='ltr'><strong>autem</strong></span> <span class='ocrx_word' id='word_1_555' title='bbox 2725 2949 3031 3015; x_wconf 85' lang='lat' dir='ltr'><strong>bujusmodi</strong></span> <span class='ocrx_word' id='word_1_556' title='bbox 3089 2949 3220 3002; x_wconf 77' lang='lat' dir='ltr'><strong>feris</strong></span> <span class='ocrx_word' id='word_1_557' title='bbox 3283 2949 3333 3002; x_wconf 92' lang='lat' dir='ltr'><strong>in</strong></span> <span class='ocrx_word' id='word_1_558' title='bbox 3405 2949 3583 3004; x_wconf 83' lang='lat' dir='ltr'><strong>fronte</strong></span> 
     </span>
    </p>
   </div>
   <div class='ocr_carea' id='block_1_75' title="bbox 2003 3041 3577 3111">
    <p class='ocr_par' dir='ltr' id='par_1_75' title="bbox 2003 3041 3577 3111">
     <span class='ocr_line' id='line_1_75' title="bbox 2003 3041 3577 3111; baseline 0 -17"><span class='ocrx_word' id='word_1_559' title='bbox 2003 3055 2197 3106; x_wconf 87' lang='lat' dir='ltr'><strong>cornu,</strong></span> <span class='ocrx_word' id='word_1_560' title='bbox 2235 3055 2343 3110; x_wconf 92' lang='lat' dir='ltr'><strong>quo</strong></span> <span class='ocrx_word' id='word_1_561' title='bbox 2380 3049 2663 3094; x_wconf 89' lang='lat' dir='ltr'><strong>taurorum</strong></span> <span class='ocrx_word' id='word_1_562' title='bbox 2697 3056 2848 3094; x_wconf 91' lang='lat' dir='ltr'><strong>more</strong></span> <span class='ocrx_word' id='word_1_563' title='bbox 2876 3041 3288 3111; x_wconf 88' lang='lat' dir='ltr'><strong>generosissime</strong></span> <span class='ocrx_word' id='word_1_564' title='bbox 3321 3049 3577 3110; x_wconf 78' lang='lat' dir='ltr'><strong>pugnent.</strong></span> 
     </span>
    </p>
   </div>
   <div class='ocr_carea' id='block_1_76' title="bbox 2001 3130 3577 3201">
    <p class='ocr_par' dir='ltr' id='par_1_76' title="bbox 2001 3130 3577 3201">
     <span class='ocr_line' id='line_1_76' title="bbox 2001 3130 3577 3201; baseline 0.001 -19"><span class='ocrx_word' id='word_1_565' title='bbox 2001 3130 2284 3186; x_wconf 85' lang='lat' dir='ltr'><strong>Conlicere</strong></span> <span class='ocrx_word' id='word_1_566' title='bbox 2329 3137 2508 3184; x_wconf 88' lang='lat' dir='ltr'><strong>autem</strong></span> <span class='ocrx_word' id='word_1_567' title='bbox 2558 3130 2721 3184; x_wconf 90' lang='lat' dir='ltr'><strong>Indos</strong></span> <span class='ocrx_word' id='word_1_568' title='bbox 2769 3145 2836 3183; x_wconf 79' lang='lat' dir='ltr'><strong>ex</strong></span> <span class='ocrx_word' id='word_1_569' title='bbox 2887 3130 2996 3185; x_wconf 88' lang='lat' dir='ltr'><strong>illis</strong></span> <span class='ocrx_word' id='word_1_570' title='bbox 3041 3131 3296 3198; x_wconf 88' lang='lat' dir='ltr'><strong>cornibus</strong></span> <span class='ocrx_word' id='word_1_571' title='bbox 3335 3132 3522 3201; x_wconf 75' lang='lat' dir='ltr'><strong>porula</strong></span> <span class='ocrx_word' id='word_1_572' title='bbox 3564 3150 3577 3184; x_wconf 93' lang='lat'>:</span> 
     </span>
    </p>
   </div>
   <div class='ocr_carea' id='block_1_77' title="bbox 2001 3220 3581 3292">
    <p class='ocr_par' dir='ltr' id='par_1_77' title="bbox 2001 3220 3581 3292">
     <span class='ocr_line' id='line_1_77' title="bbox 2001 3220 3581 3292; baseline 0.002 -18"><span class='ocrx_word' id='word_1_573' title='bbox 2001 3220 2587 3290; x_wconf 80' lang='lat' dir='ltr'><strong>asseruntque’nullis</strong></span> <span class='ocrx_word' id='word_1_574' title='bbox 2644 3221 2848 3276; x_wconf 90' lang='lat' dir='ltr'><strong>morbis</strong></span> <span class='ocrx_word' id='word_1_575' title='bbox 2898 3235 2964 3275; x_wconf 91' lang='lat' dir='ltr'><strong>eo</strong></span> <span class='ocrx_word' id='word_1_576' title='bbox 3014 3222 3102 3276; x_wconf 92' lang='lat' dir='ltr'><strong>die</strong></span> <span class='ocrx_word' id='word_1_577' title='bbox 3153 3222 3330 3290; x_wconf 88' lang='lat' dir='ltr'><strong>aﬂici,</strong></span> <span class='ocrx_word' id='word_1_578' title='bbox 3377 3223 3466 3292; x_wconf 88' lang='lat' dir='ltr'><strong>qui</strong></span> <span class='ocrx_word' id='word_1_579' title='bbox 3512 3239 3581 3277; x_wconf 78' lang='lat' dir='ltr'><strong>ex</strong></span> 
     </span>
    </p>
   </div>
   <div class='ocr_carea' id='block_1_78' title="bbox 1999 3310 3606 3380">
    <p class='ocr_par' dir='ltr' id='par_1_78' title="bbox 1999 3310 3606 3380">
     <span class='ocr_line' id='line_1_78' title="bbox 1999 3310 3606 3380; baseline 0.002 -15"><span class='ocrx_word' id='word_1_580' title='bbox 1999 3310 2265 3378; x_wconf 86' lang='lat' dir='ltr'><strong>ejusmodi</strong></span> <span class='ocrx_word' id='word_1_581' title='bbox 2301 3311 2495 3380; x_wconf 88' lang='lat' dir='ltr'><strong>poculo</strong></span> <span class='ocrx_word' id='word_1_582' title='bbox 2528 3311 2817 3380; x_wconf 85' lang='lat' dir='ltr'><strong>potaverit,</strong></span> <span class='ocrx_word' id='word_1_583' title='bbox 2862 3325 3036 3380; x_wconf 89' lang='lat' dir='ltr'><strong>neque</strong></span> <span class='ocrx_word' id='word_1_584' title='bbox 3067 3313 3112 3366; x_wconf 89' lang='lat' dir='ltr'><strong>si</strong></span> <span class='ocrx_word' id='word_1_585' title='bbox 3145 3312 3408 3367; x_wconf 89' lang='lat' dir='ltr'><strong>vulnerati</strong></span> <span class='ocrx_word' id='word_1_586' title='bbox 3457 3312 3606 3375; x_wconf 53' lang='lat' dir='ltr'><strong>fue-y</strong></span> 
     </span>
    </p>
   </div>
   <div class='ocr_carea' id='block_1_79' title="bbox 2000 3402 3590 3474">
    <p class='ocr_par' dir='ltr' id='par_1_79' title="bbox 2000 3402 3590 3474">
     <span class='ocr_line' id='line_1_79' title="bbox 2000 3402 3590 3474; baseline 0.002 -17"><span class='ocrx_word' id='word_1_587' title='bbox 2000 3413 2147 3467; x_wconf 89' lang='lat' dir='ltr'><strong>runt,</strong></span> <span class='ocrx_word' id='word_1_588' title='bbox 2183 3402 2389 3469; x_wconf 87' lang='lat' dir='ltr'><strong>dolere,</strong></span> <span class='ocrx_word' id='word_1_589' title='bbox 2424 3411 2480 3457; x_wconf 90' lang='lat' dir='ltr'><strong>et</strong></span> <span class='ocrx_word' id='word_1_590' title='bbox 2533 3417 2598 3457; x_wconf 81' lang='lat' dir='ltr'><strong>ex</strong></span> <span class='ocrx_word' id='word_1_591' title='bbox 2655 3403 2777 3472; x_wconf 88' lang='lat' dir='ltr'><strong>igne</strong></span> <span class='ocrx_word' id='word_1_592' title='bbox 2818 3405 2980 3458; x_wconf 90' lang='lat' dir='ltr'><strong>etiam</strong></span> <span class='ocrx_word' id='word_1_593' title='bbox 3031 3404 3326 3468; x_wconf 85' lang='lat' dir='ltr'><strong>incolumes</strong></span> <span class='ocrx_word' id='word_1_594' title='bbox 3373 3407 3590 3474; x_wconf 85' lang='lat' dir='ltr'><strong>egredi,-</strong></span> 
     </span>
    </p>
   </div>
   <div class='ocr_carea' id='block_1_80' title="bbox 2000 3494 3575 3568">
    <p class='ocr_par' dir='ltr' id='par_1_80' title="bbox 2000 3494 3575 3568">
     <span class='ocr_line' id='line_1_80' title="bbox 2000 3494 3575 3568; baseline 0.002 -19"><span class='ocrx_word' id='word_1_595' title='bbox 2000 3507 2176 3563; x_wconf 87' lang='lat' dir='ltr'><strong>neque</strong></span> <span class='ocrx_word' id='word_1_596' title='bbox 2220 3494 2344 3548; x_wconf 90' lang='lat' dir='ltr'><strong>ullis</strong></span> <span class='ocrx_word' id='word_1_597' title='bbox 2388 3495 2615 3548; x_wconf 83' lang='lat' dir='ltr'><strong>venenis</strong></span> <span class='ocrx_word' id='word_1_598' title='bbox 2648 3495 2788 3561; x_wconf 80' lang='lat' dir='ltr'><strong>laedi,</strong></span> <span class='ocrx_word' id='word_1_599' title='bbox 2821 3511 3160 3566; x_wconf 61' lang='lat' dir='ltr'><strong>quaacunqne</strong></span> <span class='ocrx_word' id='word_1_600' title='bbox 3198 3499 3425 3552; x_wconf 89' lang='lat' dir='ltr'><strong>nocendi</strong></span> <span class='ocrx_word' id='word_1_601' title='bbox 3455 3514 3575 3568; x_wconf 85' lang='lat' dir='ltr'><strong>gra-</strong></span> 
     </span>
    </p>
   </div>
   <div class='ocr_carea' id='block_1_81' title="bbox 2001 3587 3575 3657">
    <p class='ocr_par' dir='ltr' id='par_1_81' title="bbox 2001 3587 3575 3657">
     <span class='ocr_line' id='line_1_81' title="bbox 2001 3587 3575 3657; baseline 0.001 -16"><span class='ocrx_word' id='word_1_602' title='bbox 2001 3587 2071 3641; x_wconf 88' lang='lat' dir='ltr'><strong>tia</strong></span> <span class='ocrx_word' id='word_1_603' title='bbox 2112 3588 2164 3641; x_wconf 94' lang='lat' dir='ltr'><strong>in</strong></span> <span class='ocrx_word' id='word_1_604' title='bbox 2196 3595 2323 3656; x_wconf 89' lang='lat' dir='ltr'><strong>potu</strong></span> <span class='ocrx_word' id='word_1_605' title='bbox 2363 3587 2579 3642; x_wconf 89' lang='lat' dir='ltr'><strong>dantur.</strong></span> <span class='ocrx_word' id='word_1_606' title='bbox 2626 3587 2836 3642; x_wconf 80' lang='lat' dir='ltr'><strong>Idcirco</strong></span> <span class='ocrx_word' id='word_1_607' title='bbox 2876 3602 3062 3656; x_wconf 86' lang='lat' dir='ltr'><strong>regum</strong></span> <span class='ocrx_word' id='word_1_608' title='bbox 3092 3603 3213 3643; x_wconf 86' lang='lat' dir='ltr'><strong>esse</strong></span> <span class='ocrx_word' id='word_1_609' title='bbox 3243 3589 3333 3642; x_wconf 90' lang='lat' dir='ltr'><strong>illa</strong></span> <span class='ocrx_word' id='word_1_610' title='bbox 3366 3589 3575 3657; x_wconf 82' lang='lat' dir='ltr'><strong>pocula,</strong></span> 
     </span>
    </p>
   </div>
   <div class='ocr_carea' id='block_1_82' title="bbox 1997 3677 3572 3749">
    <p class='ocr_par' dir='ltr' id='par_1_82' title="bbox 1997 3677 3572 3749">
     <span class='ocr_line' id='line_1_82' title="bbox 1997 3677 3572 3749; baseline 0.002 -17"><span class='ocrx_word' id='word_1_611' title='bbox 1997 3687 2051 3732; x_wconf 90' lang='lat' dir='ltr'><strong>et</strong></span> <span class='ocrx_word' id='word_1_612' title='bbox 2081 3677 2192 3746; x_wconf 83' lang='lat' dir='ltr'><strong>regi</strong></span> <span class='ocrx_word' id='word_1_613' title='bbox 2230 3685 2438 3731; x_wconf 88' lang='lat' dir='ltr'><strong>tantum</strong></span> <span class='ocrx_word' id='word_1_614' title='bbox 2467 3677 2733 3747; x_wconf 88' lang='lat' dir='ltr'><strong>ejusmodi</strong></span> <span class='ocrx_word' id='word_1_615' title='bbox 2768 3677 2896 3732; x_wconf 70' lang='lat' dir='ltr'><strong>fera:</strong></span> <span class='ocrx_word' id='word_1_616' title='bbox 2937 3680 3278 3734; x_wconf 83' lang='lat' dir='ltr'><strong>venationem</strong></span> <span class='ocrx_word' id='word_1_617' title='bbox 3310 3681 3572 3749; x_wconf 82' lang='lat' dir='ltr'><strong>permitti.</strong></span> 
     </span>
    </p>
   </div>
   <div class='ocr_carea' id='block_1_83' title="bbox 1997 3769 3574 3840">
    <p class='ocr_par' dir='ltr' id='par_1_83' title="bbox 1997 3769 3574 3840">
     <span class='ocr_line' id='line_1_83' title="bbox 1997 3769 3574 3840; baseline 0 -16"><span class='ocrx_word' id='word_1_618' title='bbox 1997 3769 2262 3824; x_wconf 85' lang='lat' dir='ltr'><strong>Fabulosa</strong></span> <span class='ocrx_word' id='word_1_619' title='bbox 2315 3770 2432 3824; x_wconf 64' lang='lat' dir='ltr'><strong>hate</strong></span> <span class='ocrx_word' id='word_1_620' title='bbox 2478 3785 2618 3835; x_wconf 88' lang='lat' dir='ltr'><strong>esse,</strong></span> <span class='ocrx_word' id='word_1_621' title='bbox 2672 3779 2727 3824; x_wconf 91' lang='lat' dir='ltr'><strong>et</strong></span> <span class='ocrx_word' id='word_1_622' title='bbox 2778 3785 2962 3840; x_wconf 86' lang='lat' dir='ltr'><strong>regum</strong></span> <span class='ocrx_word' id='word_1_623' title='bbox 3013 3771 3176 3826; x_wconf 65' lang='lat' dir='ltr'><strong>ludite</strong></span> <span class='ocrx_word' id='word_1_624' title='bbox 3213 3773 3385 3828; x_wconf 87' lang='lat' dir='ltr'><strong>morbi</strong></span> <span class='ocrx_word' id='word_1_625' title='bbox 3427 3788 3574 3827; x_wconf 84' lang='lat' dir='ltr'><strong>mor-</strong></span> 
     </span>
    </p>
   </div>
   <div class='ocr_carea' id='block_1_84' title="bbox 1999 3862 3575 3933">
    <p class='ocr_par' dir='ltr' id='par_1_84' title="bbox 1999 3862 3575 3933">
     <span class='ocr_line' id='line_1_84' title="bbox 1999 3862 3575 3933; baseline 0 -15"><span class='ocrx_word' id='word_1_626' title='bbox 1999 3873 2187 3933; x_wconf 86' lang='lat' dir='ltr'><strong>tesque</strong></span> <span class='ocrx_word' id='word_1_627' title='bbox 2219 3874 2512 3919; x_wconf 84' lang='lat' dir='ltr'><strong>testantur.</strong></span> <span class='ocrx_word' id='word_1_628' title='bbox 2557 3862 2682 3918; x_wconf 82' lang='lat' dir='ltr'><strong>llaec</strong></span> <span class='ocrx_word' id='word_1_629' title='bbox 2711 3877 2842 3918; x_wconf 87' lang='lat' dir='ltr'><strong>vero</strong></span> <span class='ocrx_word' id='word_1_630' title='bbox 2872 3862 3072 3930; x_wconf 87' lang='lat' dir='ltr'><strong>bellua,</strong></span> <span class='ocrx_word' id='word_1_631' title='bbox 3108 3875 3168 3918; x_wconf 92' lang='lat' dir='ltr'><strong>ut</strong></span> <span class='ocrx_word' id='word_1_632' title='bbox 3201 3877 3322 3919; x_wconf 78' lang='lat' dir='ltr'><strong>eam</strong></span> <span class='ocrx_word' id='word_1_633' title='bbox 3366 3865 3575 3920; x_wconf 77' lang='lat' dir='ltr'><strong>descri-</strong></span> 
     </span>
    </p>
   </div>
   <div class='ocr_carea' id='block_1_85' title="bbox 1996 3956 2649 4027">
    <p class='ocr_par' dir='ltr' id='par_1_85' title="bbox 1996 3956 2649 4027">
     <span class='ocr_line' id='line_1_85' title="bbox 1996 3956 2649 4027; baseline 0.003 -17"><span class='ocrx_word' id='word_1_634' title='bbox 1996 3957 2224 4027; x_wconf 88' lang='lat' dir='ltr'><strong>psimus,</strong></span> <span class='ocrx_word' id='word_1_635' title='bbox 2257 3956 2384 4011; x_wconf 91' lang='lat' dir='ltr'><strong>talis</strong></span> <span class='ocrx_word' id='word_1_636' title='bbox 2409 3966 2649 4025; x_wconf 86' lang='lat' dir='ltr'><strong>apparet.</strong></span> 
     </span>
    </p>
   </div>
   <div class='ocr_carea' id='block_1_86' title="bbox 2069 4047 3576 4121">
    <p class='ocr_par' dir='ltr' id='par_1_86' title="bbox 2069 4047 3576 4121">
     <span class='ocr_line' id='line_1_86' title="bbox 2069 4047 3576 4121; baseline 0.005 -21"><span class='ocrx_word' id='word_1_637' title='bbox 2069 4047 2196 4102; x_wconf 90' lang='lat' dir='ltr'><strong>Inde</strong></span> <span class='ocrx_word' id='word_1_638' title='bbox 2230 4048 2457 4102; x_wconf 78' lang='lat' dir='ltr'><strong>Caucasi</strong></span> <span class='ocrx_word' id='word_1_639' title='bbox 2508 4047 2653 4102; x_wconf 88' lang='lat' dir='ltr'><strong>illam</strong></span> <span class='ocrx_word' id='word_1_640' title='bbox 2700 4058 2906 4116; x_wconf 90' lang='lat' dir='ltr'><strong>partem</strong></span> <span class='ocrx_word' id='word_1_641' title='bbox 2950 4049 3422 4113; x_wconf 87' lang='lat' dir='ltr'><strong>transcenderunt,</strong></span> <span class='ocrx_word' id='word_1_642' title='bbox 3455 4067 3576 4121; x_wconf 70' lang='lat' dir='ltr'><strong>quae</strong></span> 
     </span>
    </p>
   </div>
   <div class='ocr_carea' id='block_1_87' title="bbox 1999 4138 3575 4208">
    <p class='ocr_par' dir='ltr' id='par_1_87' title="bbox 1999 4138 3575 4208">
     <span class='ocr_line' id='line_1_87' title="bbox 1999 4138 3575 4208; baseline 0.005 -16"><span class='ocrx_word' id='word_1_643' title='bbox 1999 4139 2050 4192; x_wconf 92' lang='lat' dir='ltr'><strong>in</strong></span> <span class='ocrx_word' id='word_1_644' title='bbox 2079 4138 2323 4193; x_wconf 85' lang='lat' dir='ltr'><strong>Rubrum</strong></span> <span class='ocrx_word' id='word_1_645' title='bbox 2368 4153 2520 4193; x_wconf 86' lang='lat' dir='ltr'><strong>mare</strong></span> <span class='ocrx_word' id='word_1_646' title='bbox 2557 4139 2873 4208; x_wconf 79' lang='lat' dir='ltr'><strong>porrigitur.</strong></span> <span class='ocrx_word' id='word_1_647' title='bbox 2925 4140 2999 4194; x_wconf 83' lang='lat' dir='ltr'><strong>Ea</strong></span> <span class='ocrx_word' id='word_1_648' title='bbox 3034 4156 3163 4196; x_wconf 89' lang='lat' dir='ltr'><strong>vero</strong></span> <span class='ocrx_word' id='word_1_649' title='bbox 3193 4143 3423 4198; x_wconf 87' lang='lat' dir='ltr'><strong>diversis</strong></span> <span class='ocrx_word' id='word_1_650' title='bbox 3452 4161 3575 4200; x_wconf 87' lang='lat' dir='ltr'><strong>aro-</strong></span> 
     </span>
    </p>
   </div>
   <div class='ocr_carea' id='block_1_88' title="bbox 1997 4227 3573 4303">
    <p class='ocr_par' dir='ltr' id='par_1_88' title="bbox 1997 4227 3573 4303">
     <span class='ocr_line' id='line_1_88' title="bbox 1997 4227 3573 4303; baseline 0.004 -21"><span class='ocrx_word' id='word_1_651' title='bbox 1997 4227 2201 4283; x_wconf 86' lang='lat' dir='ltr'><strong>matum</strong></span> <span class='ocrx_word' id='word_1_652' title='bbox 2246 4229 2539 4300; x_wconf 77' lang='lat' dir='ltr'><strong>generibus</strong></span> <span class='ocrx_word' id='word_1_653' title='bbox 2579 4231 2786 4285; x_wconf 80' lang='lat' dir='ltr'><strong>consita</strong></span> <span class='ocrx_word' id='word_1_654' title='bbox 2827 4241 2932 4287; x_wconf 37' lang='lat' dir='ltr'><strong>ests</strong></span> <span class='ocrx_word' id='word_1_655' title='bbox 2976 4231 3174 4288; x_wconf 82' lang='lat' dir='ltr'><strong>Montis</strong></span> <span class='ocrx_word' id='word_1_656' title='bbox 3207 4249 3442 4303; x_wconf 87' lang='lat' dir='ltr'><strong>namque</strong></span> <span class='ocrx_word' id='word_1_657' title='bbox 3478 4250 3573 4288; x_wconf 81' lang='lat' dir='ltr'><strong>ca-</strong></span> 
     </span>
    </p>
   </div>
   <div class='ocr_carea' id='block_1_89' title="bbox 1997 4320 3574 4391">
    <p class='ocr_par' dir='ltr' id='par_1_89' title="bbox 1997 4320 3574 4391">
     <span class='ocr_line' id='line_1_89' title="bbox 1997 4320 3574 4391; baseline 0.003 -17"><span class='ocrx_word' id='word_1_658' title='bbox 1997 4321 2212 4374; x_wconf 89' lang='lat' dir='ltr'><strong>cumina</strong></span> <span class='ocrx_word' id='word_1_659' title='bbox 2239 4320 2654 4376; x_wconf 87' lang='lat' dir='ltr'><strong>Cinnamomum</strong></span> <span class='ocrx_word' id='word_1_660' title='bbox 2689 4323 2887 4385; x_wconf 82' lang='lat' dir='ltr'><strong>ferunt,</strong></span> <span class='ocrx_word' id='word_1_661' title='bbox 2919 4324 3061 4391; x_wconf 89' lang='lat' dir='ltr'><strong>quod</strong></span> <span class='ocrx_word' id='word_1_662' title='bbox 3102 4324 3256 4378; x_wconf 89' lang='lat' dir='ltr'><strong>novis</strong></span> <span class='ocrx_word' id='word_1_663' title='bbox 3287 4326 3574 4379; x_wconf 84' lang='lat' dir='ltr'><strong>sarmentis</strong></span> 
     </span>
    </p>
   </div>
   <div class='ocr_carea' id='block_1_90' title="bbox 313 4394 1898 4488">
    <p class='ocr_par' dir='ltr' id='par_1_90' title="bbox 313 4394 1895 4472">
     <span class='ocr_line' id='line_1_90' title="bbox 313 4394 1895 4472; baseline -0.001 -18"><span class='ocrx_word' id='word_1_664' title='bbox 313 4403 455 4464; x_wconf 87' lang='grc' dir='ltr'>νέοις</span> <span class='ocrx_word' id='word_1_665' title='bbox 486 4402 747 4472; x_wconf 81' lang='grc' dir='ltr'>κλήμασι.</span> <span class='ocrx_word' id='word_1_666' title='bbox 771 4401 1015 4456; x_wconf 85' lang='grc' dir='ltr'>Βάσανον</span> <span class='ocrx_word' id='word_1_667' title='bbox 1048 4401 1105 4454; x_wconf 76' lang='grc' dir='ltr'>δὲ</span> <span class='ocrx_word' id='word_1_668' title='bbox 1137 4399 1232 4454; x_wconf 86' lang='grc' dir='ltr'><strong>τοῦ</strong></span> <span class='ocrx_word' id='word_1_669' title='bbox 1277 4400 1572 4471; x_wconf 84' lang='grc' dir='ltr'>ἀρώματος</span> <span class='ocrx_word' id='word_1_670' title='bbox 1621 4398 1720 4469; x_wconf 82' lang='grc' dir='ltr'><strong>τὴν</strong></span> <span class='ocrx_word' id='word_1_671' title='bbox 1765 4394 1895 4466; x_wconf 82' lang='grc' dir='ltr'>αῐγα</span> 
     </span>
    </p>
   </div>
   <div class='ocr_carea' id='block_1_91' title="bbox 2005 4394 3571 4488">
    <p class='ocr_par' dir='ltr' id='par_1_91' title="bbox 2005 4410 3571 4481">
     <span class='ocr_line' id='line_1_91' title="bbox 2005 4410 3571 4481; baseline 0.003 -18"><span class='ocrx_word' id='word_1_672' title='bbox 2005 4410 2384 4467; x_wconf 85' lang='lat' dir='ltr'><strong>assimilatur:</strong></span> <span class='ocrx_word' id='word_1_673' title='bbox 2429 4410 2688 4466; x_wconf 86' lang='lat' dir='ltr'><strong>bonitatis</strong></span> <span class='ocrx_word' id='word_1_674' title='bbox 2743 4422 2921 4466; x_wconf 87' lang='lat' dir='ltr'><strong>autem</strong></span> <span class='ocrx_word' id='word_1_675' title='bbox 2976 4413 3094 4480; x_wconf 83' lang='lat' dir='ltr'><strong>ejus</strong></span> <span class='ocrx_word' id='word_1_676' title='bbox 3145 4413 3571 4481; x_wconf 82' lang='lat' dir='ltr'><strong>experimentum</strong></span> 
     </span>
    </p>
   </div>
   <div class='ocr_carea' id='block_1_92' title="bbox 315 4489 1895 4564">
    <p class='ocr_par' dir='ltr' id='par_1_92' title="bbox 315 4489 1895 4564">
     <span class='ocr_line' id='line_1_92' title="bbox 315 4489 1895 4564; baseline -0.002 -19"><span class='ocrx_word' id='word_1_677' title='bbox 315 4490 453 4545; x_wconf 81' lang='grc' dir='ltr'>εἶναι</span> <span class='ocrx_word' id='word_1_678' title='bbox 482 4510 494 4523; x_wconf 74' lang='grc'><strong><em>⁸</em></strong></span> <span class='ocrx_word' id='word_1_679' title='bbox 531 4493 888 4564; x_wconf 85' lang='grc' dir='ltr'>κινναμώμου</span> <span class='ocrx_word' id='word_1_680' title='bbox 921 4491 1031 4564; x_wconf 86' lang='grc' dir='ltr'>γὰρ</span> <span class='ocrx_word' id='word_1_681' title='bbox 1057 4493 1108 4545; x_wconf 81' lang='grc' dir='ltr'>ετ</span> <span class='ocrx_word' id='word_1_682' title='bbox 1126 4509 1208 4556; x_wconf 88' lang='grc' dir='ltr'><strong>τις</strong></span> <span class='ocrx_word' id='word_1_683' title='bbox 1237 4493 1353 4559; x_wconf 78' lang='grc' dir='ltr'>αίγὶ</span> <span class='ocrx_word' id='word_1_684' title='bbox 1387 4493 1428 4522; x_wconf 75' lang='grc'><strong>⁸⁸</strong></span> <span class='ocrx_word' id='word_1_685' title='bbox 1485 4489 1716 4560; x_wconf 79' lang='grc' dir='ltr'>όρέξειε,</span> <span class='ocrx_word' id='word_1_686' title='bbox 1767 4508 1895 4543; x_wconf 79' lang='grc' dir='ltr'>κνυο</span> 
     </span>
    </p>
   </div>
   <div class='ocr_carea' id='block_1_93' title="bbox 314 4581 1892 4655">
    <p class='ocr_par' dir='ltr' id='par_1_93' title="bbox 314 4581 1892 4655">
     <span class='ocr_line' id='line_1_93' title="bbox 314 4581 1892 4655; baseline -0.002 -19"><span class='ocrx_word' id='word_1_687' title='bbox 314 4583 543 4653; x_wconf 81' lang='grc' dir='ltr'>ζήσεται</span> <span class='ocrx_word' id='word_1_688' title='bbox 576 4583 710 4654; x_wconf 79' lang='grc' dir='ltr'>πρὸς</span> <span class='ocrx_word' id='word_1_689' title='bbox 741 4584 838 4654; x_wconf 81' lang='grc' dir='ltr'><strong>τὴν</strong></span> <span class='ocrx_word' id='word_1_690' title='bbox 864 4585 1020 4655; x_wconf 88' lang='grc' dir='ltr'>χεῖρα</span> <span class='ocrx_word' id='word_1_691' title='bbox 1053 4582 1304 4655; x_wconf 86' lang='grc' dir='ltr'>καθάπερ</span> <span class='ocrx_word' id='word_1_692' title='bbox 1337 4581 1503 4646; x_wconf 85' lang='grc' dir='ltr'>κύων,</span> <span class='ocrx_word' id='word_1_693' title='bbox 1555 4583 1772 4634; x_wconf 83' lang='grc' dir='ltr'>ἀπιόντι</span> <span class='ocrx_word' id='word_1_694' title='bbox 1833 4598 1892 4632; x_wconf 89' lang='grc' dir='ltr'><strong>τε</strong></span> 
     </span>
    </p>
   </div>
   <div class='ocr_carea' id='block_1_94' title="bbox 312 4654 1892 4747">
    <p class='ocr_par' dir='ltr' id='par_1_94' title="bbox 312 4654 1892 4747">
     <span class='ocr_line' id='line_1_94' title="bbox 312 4654 1892 4747; baseline -0.001 -18"><span class='ocrx_word' id='word_1_695' title='bbox 312 4679 617 4746; x_wconf 84' lang='grc' dir='ltr'>ὁμαρτήσει</span> <span class='ocrx_word' id='word_1_696' title='bbox 639 4680 738 4747; x_wconf 81' lang='grc' dir='ltr'><strong>τὴν</strong></span> <span class='ocrx_word' id='word_1_697' title='bbox 767 4679 888 4746; x_wconf 81' lang='grc' dir='ltr'>ῥῖνα</span> <span class='ocrx_word' id='word_1_698' title='bbox 925 4654 981 4740; x_wconf 76' lang='grc' dir='ltr'>ἐς</span> <span class='ocrx_word' id='word_1_699' title='bbox 1021 4677 1182 4729; x_wconf 78' lang='grc' dir='ltr'>αὑτὸν</span> <span class='ocrx_word' id='word_1_700' title='bbox 1212 4654 1490 4744; x_wconf 50' lang='grc' dir='ltr'>ὲῶίσασα,</span> <span class='ocrx_word' id='word_1_701' title='bbox 1519 4674 1622 4729; x_wconf 81' lang='grc' dir='ltr'>κᾶν</span> <span class='ocrx_word' id='word_1_702' title='bbox 1652 4676 1680 4728; x_wconf 91' lang='grc' dir='ltr'><strong>ὁ</strong></span> <span class='ocrx_word' id='word_1_703' title='bbox 1735 4675 1892 4728; x_wconf 77' lang='grc' dir='ltr'>αἰπό-</span> 
     </span>
    </p>
   </div>
   <div class='ocr_carea' id='block_1_95' title="bbox 313 4766 1892 4841">
    <p class='ocr_par' dir='ltr' id='par_1_95' title="bbox 313 4766 1892 4841">
     <span class='ocr_line' id='line_1_95' title="bbox 313 4766 1892 4841; baseline 0 -21"><span class='ocrx_word' id='word_1_704' title='bbox 313 4769 404 4831; x_wconf 89' lang='grc' dir='ltr'><strong>λος</strong></span> <span class='ocrx_word' id='word_1_705' title='bbox 419 4769 612 4840; x_wconf 82' lang='grc' dir='ltr'>ἀπάγῃ</span> <span class='ocrx_word' id='word_1_706' title='bbox 632 4770 694 4831; x_wconf 79' lang='grc'><strong>¹⁹,</strong></span> <span class='ocrx_word' id='word_1_707' title='bbox 730 4766 887 4839; x_wconf 81' lang='grc'><strong>[1001</strong></span> <span class='ocrx_word' id='word_1_708' title='bbox 920 4767 1010 4841; x_wconf 59' lang='lat' dir='ltr'><strong>IL]</strong></span> <span class='ocrx_word' id='word_1_709' title='bbox 1028 4769 1197 4840; x_wconf 76' lang='grc' dir='ltr'>θρηνή</span> <span class='ocrx_word' id='word_1_710' title='bbox 1207 4785 1282 4820; x_wconf 89' lang='grc' dir='ltr'><strong>σει</strong></span> <span class='ocrx_word' id='word_1_711' title='bbox 1301 4767 1552 4838; x_wconf 87' lang='grc' dir='ltr'>καθάπερ</span> <span class='ocrx_word' id='word_1_712' title='bbox 1571 4766 1744 4820; x_wconf 90' lang='grc' dir='ltr'>λωτοῦ</span> <span class='ocrx_word' id='word_1_713' title='bbox 1758 4767 1892 4820; x_wconf 89' lang='grc' dir='ltr'>ἀπο-</span> 
     </span>
    </p>
   </div>
   <div class='ocr_carea' id='block_1_96' title="bbox 315 4858 1891 4931">
    <p class='ocr_par' dir='ltr' id='par_1_96' title="bbox 315 4858 1891 4931">
     <span class='ocr_line' id='line_1_96' title="bbox 315 4858 1891 4931; baseline 0 -19"><span class='ocrx_word' id='word_1_714' title='bbox 315 4860 604 4928; x_wconf 84' lang='grc' dir='ltr'>σπωμένη.</span> <span class='ocrx_word' id='word_1_715' title='bbox 649 4861 736 4914; x_wconf 86' lang='grc' dir='ltr'>Ἑν</span> <span class='ocrx_word' id='word_1_716' title='bbox 767 4860 824 4913; x_wconf 86' lang='grc' dir='ltr'>δὲ</span> <span class='ocrx_word' id='word_1_717' title='bbox 851 4863 965 4924; x_wconf 87' lang='grc' dir='ltr'>τοῖς</span> <span class='ocrx_word' id='word_1_718' title='bbox 995 4864 1260 4931; x_wconf 87' lang='grc' dir='ltr'>κρημνοῖς</span> <span class='ocrx_word' id='word_1_719' title='bbox 1287 4860 1380 4913; x_wconf 88' lang='grc' dir='ltr'><strong>τοῦ</strong></span> <span class='ocrx_word' id='word_1_720' title='bbox 1410 4859 1569 4931; x_wconf 80' lang='grc' dir='ltr'>ὅρους</span> <span class='ocrx_word' id='word_1_721' title='bbox 1601 4858 1807 4913; x_wconf 87' lang='grc' dir='ltr'>λί6ανοί</span> <span class='ocrx_word' id='word_1_722' title='bbox 1829 4875 1891 4912; x_wconf 90' lang='grc' dir='ltr'><strong>τε</strong></span> 
     </span>
    </p>
   </div>
   <div class='ocr_carea' id='block_1_97' title="bbox 313 4951 1890 5024">
    <p class='ocr_par' dir='ltr' id='par_1_97' title="bbox 313 4951 1890 5024">
     <span class='ocr_line' id='line_1_97' title="bbox 313 4951 1890 5024; baseline 0.001 -20"><span class='ocrx_word' id='word_1_723' title='bbox 313 4951 518 5020; x_wconf 72' lang='grc' dir='ltr'>ὑψηλαὶ</span> <span class='ocrx_word' id='word_1_724' title='bbox 550 4951 824 5020; x_wconf 81' lang='grc' dir='ltr'>πεφύκασι</span> <span class='ocrx_word' id='word_1_725' title='bbox 856 4954 952 5006; x_wconf 79' lang='grc' dir='ltr'>καὶ</span> <span class='ocrx_word' id='word_1_726' title='bbox 983 4952 1154 5005; x_wconf 86' lang='grc' dir='ltr'>πολλά</span> <span class='ocrx_word' id='word_1_727' title='bbox 1197 4953 1311 5022; x_wconf 80' lang='grc' dir='ltr'>εἴδη</span> <span class='ocrx_word' id='word_1_728' title='bbox 1347 4952 1511 5024; x_wconf 72' lang='grc' dir='ltr'>ἔτερα</span> <span class='ocrx_word' id='word_1_729' title='bbox 1531 4953 1598 5006; x_wconf 88' lang='grc'>²⁰.</span> <span class='ocrx_word' id='word_1_730' title='bbox 1655 4955 1764 5006; x_wconf 75' lang='grc' dir='ltr'><strong>Καὶ</strong></span> <span class='ocrx_word' id='word_1_731' title='bbox 1821 4952 1890 5006; x_wconf 84' lang='grc' dir='ltr'><strong>τὰ</strong></span> 
     </span>
    </p>
   </div>
   <div class='ocr_carea' id='block_1_98' title="bbox 310 5038 1889 5116">
    <p class='ocr_par' dir='ltr' id='par_1_98' title="bbox 310 5038 1889 5116">
     <span class='ocr_line' id='line_1_98' title="bbox 310 5038 1889 5116; baseline 0.002 -22"><span class='ocrx_word' id='word_1_732' title='bbox 310 5041 508 5112; x_wconf 87' lang='grc' dir='ltr'>δένδρα</span> <span class='ocrx_word' id='word_1_733' title='bbox 544 5042 602 5096; x_wconf 85' lang='grc' dir='ltr'>δὲ</span> <span class='ocrx_word' id='word_1_734' title='bbox 639 5045 696 5096; x_wconf 91' lang='grc' dir='ltr'>αἱ</span> <span class='ocrx_word' id='word_1_735' title='bbox 741 5043 1031 5114; x_wconf 88' lang='grc' dir='ltr'>πεπερίδες</span> <span class='ocrx_word' id='word_1_736' title='bbox 1058 5045 1124 5109; x_wconf 82' lang='grc'><strong>¹¹,</strong></span> <span class='ocrx_word' id='word_1_737' title='bbox 1163 5038 1237 5097; x_wconf 83' lang='grc' dir='ltr'>ὧν</span> <span class='ocrx_word' id='word_1_738' title='bbox 1286 5047 1522 5116; x_wconf 80' lang='grc' dir='ltr'>γεωργοὶ</span> <span class='ocrx_word' id='word_1_739' title='bbox 1546 5046 1590 5078; x_wconf 82' lang='grc'><strong>³⁸</strong></span> <span class='ocrx_word' id='word_1_740' title='bbox 1641 5046 1889 5116; x_wconf 88' lang='grc' dir='ltr'>πίθηκοι,</span> 
     </span>
    </p>
   </div>
   <div class='ocr_carea' id='block_1_99' title="bbox 310 5134 1892 5208">
    <p class='ocr_par' dir='ltr' id='par_1_99' title="bbox 310 5134 1892 5208">
     <span class='ocr_line' id='line_1_99' title="bbox 310 5134 1892 5208; baseline 0.003 -22"><span class='ocrx_word' id='word_1_741' title='bbox 310 5134 565 5189; x_wconf 84' lang='grc' dir='ltr'>εἴκασται</span> <span class='ocrx_word' id='word_1_742' title='bbox 598 5136 695 5205; x_wconf 87' lang='grc' dir='ltr'>μὲν</span> <span class='ocrx_word' id='word_1_743' title='bbox 726 5137 806 5206; x_wconf 82' lang='grc' dir='ltr'><strong>τῷ</strong></span> <span class='ocrx_word' id='word_1_744' title='bbox 835 5138 964 5207; x_wconf 88' lang='grc' dir='ltr'>παρ’</span> <span class='ocrx_word' id='word_1_745' title='bbox 989 5137 1249 5207; x_wconf 85' lang='grc' dir='ltr'>Ἕλλησιν</span> <span class='ocrx_word' id='word_1_746' title='bbox 1276 5139 1426 5208; x_wconf 78' lang='grc' dir='ltr'>ἀγνῳ</span> <span class='ocrx_word' id='word_1_747' title='bbox 1448 5137 1516 5192; x_wconf 86' lang='grc' dir='ltr'><strong>τά</strong></span> <span class='ocrx_word' id='word_1_748' title='bbox 1547 5155 1609 5192; x_wconf 90' lang='grc' dir='ltr'><strong>τε</strong></span> <span class='ocrx_word' id='word_1_749' title='bbox 1637 5137 1772 5192; x_wconf 83' lang='grc' dir='ltr'>ἄλλα</span> <span class='ocrx_word' id='word_1_750' title='bbox 1796 5141 1892 5192; x_wconf 79' lang='grc' dir='ltr'><strong>καὶ</strong></span> 
     </span>
    </p>
   </div>
   <div class='ocr_carea' id='block_1_100' title="bbox 310 5222 1892 5298">
    <p class='ocr_par' dir='ltr' id='par_1_100' title="bbox 310 5222 1892 5298">
     <span class='ocr_line' id='line_1_100' title="bbox 310 5222 1892 5298; baseline 0.006 -24"><span class='ocrx_word' id='word_1_751' title='bbox 310 5223 402 5275; x_wconf 81' lang='grc' dir='ltr'><strong>τὸν</strong></span> <span class='ocrx_word' id='word_1_752' title='bbox 433 5222 706 5294; x_wconf 78' lang='grc' dir='ltr'>κόρυμϐον</span> <span class='ocrx_word' id='word_1_753' title='bbox 739 5227 832 5280; x_wconf 87' lang='grc' dir='ltr'><strong>τοῦ</strong></span> <span class='ocrx_word' id='word_1_754' title='bbox 870 5227 1109 5298; x_wconf 89' lang='grc' dir='ltr'>καρποῦ,</span> <span class='ocrx_word' id='word_1_755' title='bbox 1135 5227 1327 5297; x_wconf 82' lang='grc' dir='ltr'>φύεται</span> <span class='ocrx_word' id='word_1_756' title='bbox 1358 5228 1414 5282; x_wconf 81' lang='grc' dir='ltr'>δὲ</span> <span class='ocrx_word' id='word_1_757' title='bbox 1446 5231 1504 5282; x_wconf 81' lang='grc' dir='ltr'>ὲν</span> <span class='ocrx_word' id='word_1_758' title='bbox 1524 5231 1637 5292; x_wconf 87' lang='grc' dir='ltr'>τοῖς</span> <span class='ocrx_word' id='word_1_759' title='bbox 1689 5229 1892 5283; x_wconf 77' lang='grc' dir='ltr'>ἀποτό-</span> 
     </span>
    </p>
   </div>
   <div class='ocr_carea' id='block_1_101' title="bbox 1997 4502 3570 4574">
    <p class='ocr_par' dir='ltr' id='par_1_101' title="bbox 1997 4502 3570 4574">
     <span class='ocr_line' id='line_1_101' title="bbox 1997 4502 3570 4574; baseline 0.003 -17"><span class='ocrx_word' id='word_1_760' title='bbox 1997 4505 2089 4557; x_wconf 89' lang='lat' dir='ltr'><strong>dat</strong></span> <span class='ocrx_word' id='word_1_761' title='bbox 2153 4519 2337 4573; x_wconf 85' lang='lat' dir='ltr'><strong>capra.</strong></span> <span class='ocrx_word' id='word_1_762' title='bbox 2398 4502 2456 4557; x_wconf 91' lang='lat' dir='ltr'><strong>Si</strong></span> <span class='ocrx_word' id='word_1_763' title='bbox 2511 4503 2634 4573; x_wconf 87' lang='lat' dir='ltr'><strong>quis</strong></span> <span class='ocrx_word' id='word_1_764' title='bbox 2693 4505 2838 4558; x_wconf 87' lang='lat' dir='ltr'><strong>enim</strong></span> <span class='ocrx_word' id='word_1_765' title='bbox 2904 4504 3099 4574; x_wconf 67' lang='lat'><strong>3256</strong></span> <span class='ocrx_word' id='word_1_766' title='bbox 3155 4504 3570 4562; x_wconf 85' lang='lat' dir='ltr'><strong>Cinnamomum</strong></span> 
     </span>
    </p>
   </div>
   <div class='ocr_carea' id='block_1_102' title="bbox 1995 4593 3571 4664">
    <p class='ocr_par' dir='ltr' id='par_1_102' title="bbox 1995 4593 3571 4664">
     <span class='ocr_line' id='line_1_102' title="bbox 1995 4593 3571 4664; baseline 0.001 -16"><span class='ocrx_word' id='word_1_767' title='bbox 1995 4607 2174 4662; x_wconf 65' lang='lat' dir='ltr'><strong>caprae</strong></span> <span class='ocrx_word' id='word_1_768' title='bbox 2201 4593 2526 4662; x_wconf 81' lang='lat' dir='ltr'><strong>porrexerit,</strong></span> <span class='ocrx_word' id='word_1_769' title='bbox 2556 4604 2815 4664; x_wconf 85' lang='lat' dir='ltr'><strong>tanquam</strong></span> <span class='ocrx_word' id='word_1_770' title='bbox 2846 4594 3058 4648; x_wconf 89' lang='lat' dir='ltr'><strong>catulus</strong></span> <span class='ocrx_word' id='word_1_771' title='bbox 3091 4609 3250 4648; x_wconf 83' lang='lat' dir='ltr'><strong>manu</strong></span> <span class='ocrx_word' id='word_1_772' title='bbox 3280 4593 3571 4650; x_wconf 87' lang='lat' dir='ltr'><strong>demulceri</strong></span> 
     </span>
    </p>
   </div>
   <div class='ocr_carea' id='block_1_103' title="bbox 1995 4683 3571 4756">
    <p class='ocr_par' dir='ltr' id='par_1_103' title="bbox 1995 4683 3571 4756">
     <span class='ocr_line' id='line_1_103' title="bbox 1995 4683 3571 4756; baseline 0.003 -18"><span class='ocrx_word' id='word_1_773' title='bbox 1995 4683 2248 4750; x_wconf 86' lang='lat' dir='ltr'><strong>aﬂ&#39;ectat,</strong></span> <span class='ocrx_word' id='word_1_774' title='bbox 2313 4688 2709 4756; x_wconf 87' lang='lat' dir='ltr'><strong>abeuntemque</strong></span> <span class='ocrx_word' id='word_1_775' title='bbox 2781 4687 3104 4754; x_wconf 88' lang='lat' dir='ltr'><strong>insequitur,</strong></span> <span class='ocrx_word' id='word_1_776' title='bbox 3169 4700 3331 4742; x_wconf 86' lang='lat' dir='ltr'><strong>nares</strong></span> <span class='ocrx_word' id='word_1_777' title='bbox 3396 4689 3571 4755; x_wconf 85' lang='lat' dir='ltr'><strong>quoad</strong></span> 
     </span>
    </p>
   </div>
   <div class='ocr_carea' id='block_1_104' title="bbox 1995 4775 3568 4847">
    <p class='ocr_par' dir='ltr' id='par_1_104' title="bbox 1995 4775 3568 4847">
     <span class='ocr_line' id='line_1_104' title="bbox 1995 4775 3568 4847; baseline 0.004 -22"><span class='ocrx_word' id='word_1_778' title='bbox 1995 4783 2172 4842; x_wconf 86' lang='lat' dir='ltr'><strong>potest</strong></span> <span class='ocrx_word' id='word_1_779' title='bbox 2202 4775 2305 4844; x_wconf 86' lang='lat' dir='ltr'><strong>ipsi</strong></span> <span class='ocrx_word' id='word_1_780' title='bbox 2347 4778 2599 4831; x_wconf 86' lang='lat' dir='ltr'><strong>admovet</strong></span> <span class='ocrx_word' id='word_1_781' title='bbox 2633 4795 2646 4832; x_wconf 90' lang='lat'><strong>:</strong></span> <span class='ocrx_word' id='word_1_782' title='bbox 2676 4777 2819 4846; x_wconf 92' lang='lat' dir='ltr'><strong>quod</strong></span> <span class='ocrx_word' id='word_1_783' title='bbox 2845 4778 2888 4831; x_wconf 89' lang='lat' dir='ltr'><strong>si</strong></span> <span class='ocrx_word' id='word_1_784' title='bbox 2921 4786 3103 4847; x_wconf 89' lang='lat' dir='ltr'><strong>pastor</strong></span> <span class='ocrx_word' id='word_1_785' title='bbox 3135 4793 3253 4832; x_wconf 89' lang='lat' dir='ltr'><strong>eam</strong></span> <span class='ocrx_word' id='word_1_786' title='bbox 3285 4779 3568 4843; x_wconf 87' lang='lat' dir='ltr'><strong>amoverit,</strong></span> 
     </span>
    </p>
   </div>
   <div class='ocr_carea' id='block_1_105' title="bbox 1993 4869 3573 4939">
    <p class='ocr_par' dir='ltr' id='par_1_105' title="bbox 1993 4869 3573 4939">
     <span class='ocr_line' id='line_1_105' title="bbox 1993 4869 3573 4939; baseline 0.003 -17"><span class='ocrx_word' id='word_1_787' title='bbox 1993 4884 2100 4923; x_wconf 90' lang='lat' dir='ltr'><strong>non</strong></span> <span class='ocrx_word' id='word_1_788' title='bbox 2146 4885 2306 4925; x_wconf 89' lang='lat' dir='ltr'><strong>secus</strong></span> <span class='ocrx_word' id='word_1_789' title='bbox 2351 4871 2642 4939; x_wconf 87' lang='lat' dir='ltr'><strong>queritur,</strong></span> <span class='ocrx_word' id='word_1_790' title='bbox 2687 4885 2846 4939; x_wconf 90' lang='lat' dir='ltr'><strong>quam</strong></span> <span class='ocrx_word' id='word_1_791' title='bbox 2896 4869 2940 4923; x_wconf 87' lang='lat' dir='ltr'><strong>si</strong></span> <span class='ocrx_word' id='word_1_792' title='bbox 2991 4869 3104 4925; x_wconf 90' lang='lat' dir='ltr'><strong>loto</strong></span> <span class='ocrx_word' id='word_1_793' title='bbox 3145 4871 3470 4939; x_wconf 82' lang='lat' dir='ltr'><strong>privaretur.</strong></span> <span class='ocrx_word' id='word_1_794' title='bbox 3515 4871 3573 4926; x_wconf 88' lang='lat' dir='ltr'><strong>ln</strong></span> 
     </span>
    </p>
   </div>
   <div class='ocr_carea' id='block_1_106' title="bbox 1966 4959 3574 5029">
    <p class='ocr_par' dir='ltr' id='par_1_106' title="bbox 1966 4959 3574 5029">
     <span class='ocr_line' id='line_1_106' title="bbox 1966 4959 3574 5029; baseline 0.001 -17"><span class='ocrx_word' id='word_1_795' title='bbox 1966 4960 2196 5015; x_wconf 81' lang='lat' dir='ltr'><strong>&#39;montis</strong></span> <span class='ocrx_word' id='word_1_796' title='bbox 2250 4972 2428 5014; x_wconf 88' lang='lat' dir='ltr'><strong>autem</strong></span> <span class='ocrx_word' id='word_1_797' title='bbox 2481 4959 2768 5029; x_wconf 66' lang='lat' dir='ltr'><strong>praeruptis</strong></span> <span class='ocrx_word' id='word_1_798' title='bbox 2815 4959 3072 5024; x_wconf 86' lang='lat' dir='ltr'><strong>arbores,</strong></span> <span class='ocrx_word' id='word_1_799' title='bbox 3122 4973 3154 5014; x_wconf 94' lang='lat' dir='ltr'><strong>e</strong></span> <span class='ocrx_word' id='word_1_800' title='bbox 3207 4960 3402 5028; x_wconf 89' lang='lat' dir='ltr'><strong>quibus</strong></span> <span class='ocrx_word' id='word_1_801' title='bbox 3450 4961 3574 5014; x_wconf 89' lang='lat' dir='ltr'><strong>thus</strong></span> 
     </span>
    </p>
   </div>
   <div class='ocr_carea' id='block_1_107' title="bbox 1996 5049 3573 5120">
    <p class='ocr_par' dir='ltr' id='par_1_107' title="bbox 1996 5049 3573 5120">
     <span class='ocr_line' id='line_1_107' title="bbox 1996 5049 3573 5120; baseline 0 -18"><span class='ocrx_word' id='word_1_802' title='bbox 1996 5049 2251 5117; x_wconf 88' lang='lat' dir='ltr'><strong>distillat,</strong></span> <span class='ocrx_word' id='word_1_803' title='bbox 2303 5065 2542 5120; x_wconf 81' lang='lat' dir='ltr'><strong>procerae</strong></span> <span class='ocrx_word' id='word_1_804' title='bbox 2598 5059 2920 5115; x_wconf 86' lang='lat' dir='ltr'><strong>nascuntur,</strong></span> <span class='ocrx_word' id='word_1_805' title='bbox 2982 5059 3037 5104; x_wconf 86' lang='lat' dir='ltr'><strong>et</strong></span> <span class='ocrx_word' id='word_1_806' title='bbox 3089 5059 3392 5104; x_wconf 83' lang='lat' dir='ltr'><strong>aromatqu</strong></span> <span class='ocrx_word' id='word_1_807' title='bbox 3455 5050 3573 5103; x_wconf 72' lang='lat' dir='ltr'><strong>aliae</strong></span> 
     </span>
    </p>
   </div>
   <div class='ocr_carea' id='block_1_108' title="bbox 1994 5140 3569 5212">
    <p class='ocr_par' dir='ltr' id='par_1_108' title="bbox 1994 5140 3569 5212">
     <span class='ocr_line' id='line_1_108' title="bbox 1994 5140 3569 5212; baseline -0.003 -14"><span class='ocrx_word' id='word_1_808' title='bbox 1994 5147 2205 5212; x_wconf 87' lang='lat' dir='ltr'><strong>species</strong></span> <span class='ocrx_word' id='word_1_809' title='bbox 2240 5143 2439 5208; x_wconf 68' lang='lat' dir='ltr'><strong>multae,</strong></span> <span class='ocrx_word' id='word_1_810' title='bbox 2485 5145 2626 5198; x_wconf 88' lang='lat' dir='ltr'><strong>inter</strong></span> <span class='ocrx_word' id='word_1_811' title='bbox 2654 5156 2792 5212; x_wconf 86' lang='lat' dir='ltr'><strong>quas</strong></span> <span class='ocrx_word' id='word_1_812' title='bbox 2837 5150 2892 5196; x_wconf 89' lang='lat' dir='ltr'><strong>et</strong></span> <span class='ocrx_word' id='word_1_813' title='bbox 2935 5140 3134 5210; x_wconf 89' lang='lat' dir='ltr'><strong>piperis</strong></span> <span class='ocrx_word' id='word_1_814' title='bbox 3167 5141 3393 5196; x_wconf 85' lang='lat' dir='ltr'><strong>arbores</strong></span> <span class='ocrx_word' id='word_1_815' title='bbox 3424 5151 3569 5206; x_wconf 89' lang='lat' dir='ltr'><strong>sunt,</strong></span> 
     </span>
    </p>
   </div>
   <div class='ocr_carea' id='block_1_109' title="bbox 1996 5231 3572 5306">
    <p class='ocr_par' dir='ltr' id='par_1_109' title="bbox 1996 5231 3572 5306">
     <span class='ocr_line' id='line_1_109' title="bbox 1996 5231 3572 5306; baseline -0.001 -18"><span class='ocrx_word' id='word_1_816' title='bbox 1996 5234 2141 5304; x_wconf 88' lang='lat' dir='ltr'><strong>quod</strong></span> <span class='ocrx_word' id='word_1_817' title='bbox 2191 5234 2366 5306; x_wconf 87' lang='lat' dir='ltr'><strong>piper,</strong></span> <span class='ocrx_word' id='word_1_818' title='bbox 2424 5246 2681 5305; x_wconf 87' lang='lat' dir='ltr'><strong>tanquam</strong></span> <span class='ocrx_word' id='word_1_819' title='bbox 2737 5233 3026 5304; x_wconf 64' lang='lat' dir='ltr'><strong>agricolae,</strong></span> <span class='ocrx_word' id='word_1_820' title='bbox 3079 5247 3249 5304; x_wconf 81' lang='lat' dir='ltr'><strong>genus</strong></span> <span class='ocrx_word' id='word_1_821' title='bbox 3295 5231 3572 5301; x_wconf 88' lang='lat' dir='ltr'><strong>quoddam</strong></span> 
     </span>
    </p>
   </div>
   <div class='ocr_carea' id='block_1_110' title="bbox 1588 5386 2262 5446">
    <p class='ocr_par' dir='ltr' id='par_1_110' title="bbox 1588 5386 2262 5446">
     <span class='ocr_line' id='line_1_110' title="bbox 1588 5386 2262 5446; baseline 0.009 -6"><span class='ocrx_word' id='word_1_822' title='bbox 1588 5386 1826 5444; x_wconf 62' lang='lat' dir='ltr'><strong>VARIIE</strong></span> <span class='ocrx_word' id='word_1_823' title='bbox 1853 5389 2262 5446; x_wconf 87' lang='lat' dir='ltr'><strong>[.ECTIONES.</strong></span> 
     </span>
    </p>
   </div>
   <div class='ocr_carea' id='block_1_111' title="bbox 385 5498 1162 5573">
    <p class='ocr_par' dir='ltr' id='par_1_111' title="bbox 385 5498 1162 5573">
     <span class='ocr_line' id='line_1_111' title="bbox 385 5498 1162 5573; baseline 0.008 -23"><span class='ocrx_word' id='word_1_824' title='bbox 385 5505 402 5531; x_wconf 81' lang='grc'><strong>⁴¹</strong></span> <span class='ocrx_word' id='word_1_825' title='bbox 440 5498 652 5573; x_wconf 74' lang='grc' dir='ltr'>ἔχοντος</span> <span class='ocrx_word' id='word_1_826' title='bbox 679 5517 737 5566; x_wconf 84' lang='grc' dir='ltr'><strong>ς.</strong></span> <span class='ocrx_word' id='word_1_827' title='bbox 777 5504 836 5573; x_wconf 38' lang='grc' dir='ltr'>-δ</span> <span class='ocrx_word' id='word_1_828' title='bbox 861 5500 964 5573; x_wconf 77' lang='grc' dir='ltr'>ὅτι]</span> <span class='ocrx_word' id='word_1_829' title='bbox 999 5517 1081 5567; x_wconf 87' lang='lat' dir='ltr'><strong>tu,</strong></span> <span class='ocrx_word' id='word_1_830' title='bbox 1115 5503 1162 5556; x_wconf 86' lang='lat' dir='ltr'><strong>l.</strong></span> 
     </span>
    </p>
   </div>
   <div class='ocr_carea' id='block_1_112' title="bbox 311 5569 859 5713">
    <p class='ocr_par' dir='ltr' id='par_1_112' title="bbox 311 5569 859 5713">
     <span class='ocr_line' id='line_1_112' title="bbox 311 5569 859 5642; baseline 0.009 -22"><span class='ocrx_word' id='word_1_831' title='bbox 311 5569 342 5619; x_wconf 92' lang='lat'><strong>6</strong></span> <span class='ocrx_word' id='word_1_832' title='bbox 375 5585 436 5633; x_wconf 83' lang='grc' dir='ltr'><strong>ς.</strong></span> <span class='ocrx_word' id='word_1_833' title='bbox 542 5570 585 5603; x_wconf 75' lang='grc' dir='ltr'><strong>³ο</strong></span> <span class='ocrx_word' id='word_1_834' title='bbox 617 5571 859 5642; x_wconf 88' lang='grc' dir='ltr'>προσόμο</span> 
     </span>
     <span class='ocr_line' id='line_1_113' title="bbox 315 5638 859 5713; baseline 0.006 -23"><span class='ocrx_word' id='word_1_835' title='bbox 315 5638 356 5713; x_wconf 59' lang='lat' dir='ltr'><strong>ff</strong></span> <span class='ocrx_word' id='word_1_836' title='bbox 381 5639 656 5713; x_wconf 44' lang='lat' dir='ltr'><strong>galeam]</strong></span> <span class='ocrx_word' id='word_1_837' title='bbox 691 5657 774 5704; x_wconf 90' lang='grc' dir='ltr'>ιιι,</span> <span class='ocrx_word' id='word_1_838' title='bbox 805 5643 859 5713; x_wconf 77' lang='lat'><strong>‘2.</strong></span> 
     </span>
    </p>
   </div>
   <div class='ocr_carea' id='block_1_113' title="bbox 1266 5503 1724 5575">
    <p class='ocr_par' dir='ltr' id='par_1_113' title="bbox 1266 5503 1724 5575">
     <span class='ocr_line' id='line_1_114' title="bbox 1266 5503 1724 5575; baseline 0.011 -19"><span class='ocrx_word' id='word_1_839' title='bbox 1266 5503 1287 5534; x_wconf 82' lang='grc'><strong>⁸</strong></span> <span class='ocrx_word' id='word_1_840' title='bbox 1310 5505 1631 5575; x_wconf 87' lang='grc' dir='ltr'>ἀκρονυχίαι</span> <span class='ocrx_word' id='word_1_841' title='bbox 1659 5506 1724 5561; x_wconf 80' lang='grc' dir='ltr'>Α.</span> 
     </span>
    </p>
   </div>
   <div class='ocr_carea' id='block_1_114' title="bbox 542 5570 1437 5709">
    <p class='ocr_par' dir='ltr' id='par_1_114' title="bbox 542 5570 1437 5709">
     <span class='ocr_line' id='line_1_115' title="bbox 542 5570 1397 5644; baseline 0.009 -23"><span class='ocrx_word' id='word_1_842' title='bbox 542 5570 585 5603; x_wconf 75' lang='grc' dir='ltr'><strong>³ο</strong></span> <span class='ocrx_word' id='word_1_843' title='bbox 617 5570 1050 5644; x_wconf 63' lang='grc' dir='ltr'>προσόμοιαΪώς</span> <span class='ocrx_word' id='word_1_844' title='bbox 1093 5575 1254 5643; x_wconf 86' lang='grc' dir='ltr'>όμοια</span> <span class='ocrx_word' id='word_1_845' title='bbox 1285 5578 1348 5629; x_wconf 82' lang='grc' dir='ltr'>Α.</span> <span class='ocrx_word' id='word_1_846' title='bbox 1385 5570 1397 5574; x_wconf 62' lang='grc'><em>”</em></span> 
     </span>
     <span class='ocr_line' id='line_1_116' title="bbox 542 5639 1437 5709; baseline 0.009 -17"><span class='ocrx_word' id='word_1_847' title='bbox 542 5639 656 5709; x_wconf 73' lang='grc' dir='ltr'>οὓς]</span> <span class='ocrx_word' id='word_1_848' title='bbox 691 5657 774 5704; x_wconf 85' lang='grc' dir='ltr'>ιιι,</span> <span class='ocrx_word' id='word_1_849' title='bbox 805 5643 859 5695; x_wconf 77' lang='lat'><strong>‘2.</strong></span> <span class='ocrx_word' id='word_1_850' title='bbox 963 5645 1003 5674; x_wconf 75' lang='grc'><strong>³⁵</strong></span> <span class='ocrx_word' id='word_1_851' title='bbox 1036 5643 1064 5694; x_wconf 91' lang='lat'><strong>6</strong></span> <span class='ocrx_word' id='word_1_852' title='bbox 1090 5645 1168 5694; x_wconf 79' lang='lat' dir='ltr'><strong>A:</strong></span> <span class='ocrx_word' id='word_1_853' title='bbox 1201 5647 1295 5698; x_wconf 74' lang='grc' dir='ltr'>καὶ</span> <span class='ocrx_word' id='word_1_854' title='bbox 1323 5647 1349 5698; x_wconf 88' lang='grc' dir='ltr'><strong>ὁ</strong></span> <span class='ocrx_word' id='word_1_855' title='bbox 1378 5663 1437 5709; x_wconf 83' lang='grc' dir='ltr'><strong>ς.</strong></span> 
     </span>
    </p>
   </div>
   <div class='ocr_carea' id='block_1_115' title="bbox 1826 5511 2263 5580">
    <p class='ocr_par' dir='ltr' id='par_1_115' title="bbox 1826 5511 2263 5580">
     <span class='ocr_line' id='line_1_117' title="bbox 1826 5511 2263 5580; baseline 0.002 -17"><span class='ocrx_word' id='word_1_856' title='bbox 1826 5511 2263 5580; x_wconf 77' lang='grc' dir='ltr'>⁷γάρΑεδὲς.</span> 
     </span>
    </p>
   </div>
   <div class='ocr_carea' id='block_1_116' title="bbox 1453 5576 2633 5652">
    <p class='ocr_par' dir='ltr' id='par_1_116' title="bbox 1453 5576 2633 5652">
     <span class='ocr_line' id='line_1_118' title="bbox 1453 5576 2633 5652; baseline 0.006 -24"><span class='ocrx_word' id='word_1_857' title='bbox 1453 5576 1494 5606; x_wconf 85' lang='grc'>¹¹</span> <span class='ocrx_word' id='word_1_858' title='bbox 1536 5576 1684 5652; x_wconf 63' lang='grc' dir='ltr'>φύει]</span> <span class='ocrx_word' id='word_1_859' title='bbox 1716 5576 1971 5645; x_wconf 71' lang='grc' dir='ltr'>φύσειΑ.</span> <span class='ocrx_word' id='word_1_860' title='bbox 2028 5582 2093 5652; x_wconf 19' lang='grc'><strong>*⁸³</strong></span> <span class='ocrx_word' id='word_1_861' title='bbox 2122 5581 2442 5652; x_wconf 64' lang='grc' dir='ltr'>πεποίηνται</span> <span class='ocrx_word' id='word_1_862' title='bbox 2477 5583 2564 5634; x_wconf 84' lang='grc' dir='ltr'><strong>ΑΒ</strong></span> <span class='ocrx_word' id='word_1_863' title='bbox 2621 5600 2633 5635; x_wconf 89' lang='lat'><strong>:</strong></span> 
     </span>
    </p>
   </div>
   <div class='ocr_carea' id='block_1_117' title="bbox 1549 5649 1898 5723">
    <p class='ocr_par' dir='ltr' id='par_1_117' title="bbox 1549 5649 1898 5723">
     <span class='ocr_line' id='line_1_119' title="bbox 1549 5649 1898 5723; baseline 0.009 -23"><span class='ocrx_word' id='word_1_864' title='bbox 1549 5649 1592 5723; x_wconf 49' lang='grc' dir='ltr'><strong>ξε</strong></span> <span class='ocrx_word' id='word_1_865' title='bbox 1619 5649 1730 5723; x_wconf 73' lang='grc' dir='ltr'>οἷον</span> <span class='ocrx_word' id='word_1_866' title='bbox 1759 5665 1868 5704; x_wconf 92' lang='lat' dir='ltr'><strong>om.</strong></span> <span class='ocrx_word' id='word_1_867' title='bbox 1895 5666 1898 5716; x_wconf 82' lang='lat' dir='ltr'>J</span> 
     </span>
    </p>
   </div>
   <div class='ocr_carea' id='block_1_118' title="bbox 2005 5649 3567 5723">
    <p class='ocr_par' dir='ltr' id='par_1_118' title="bbox 2011 5649 3567 5723">
     <span class='ocr_line' id='line_1_120' title="bbox 2011 5649 3567 5723; baseline 0.003 -21"><span class='ocrx_word' id='word_1_868' title='bbox 2011 5650 2076 5704; x_wconf 84' lang='lat' dir='ltr'><strong>A.</strong></span> <span class='ocrx_word' id='word_1_869' title='bbox 2157 5652 2194 5681; x_wconf 81' lang='grc'><strong>¹⁷</strong></span> <span class='ocrx_word' id='word_1_870' title='bbox 2226 5649 2500 5723; x_wconf 60' lang='grc' dir='ltr'>ἐντεῦθεν]</span> <span class='ocrx_word' id='word_1_871' title='bbox 2533 5667 2616 5715; x_wconf 89' lang='lat' dir='ltr'><strong>Ill,</strong></span> <span class='ocrx_word' id='word_1_872' title='bbox 2650 5652 2700 5705; x_wconf 70' lang='grc'>4.</span> <span class='ocrx_word' id='word_1_873' title='bbox 2744 5721 2756 5723; x_wconf 10' lang='grc' dir='ltr'><strong>ξ</strong></span> <span class='ocrx_word' id='word_1_874' title='bbox 2782 5654 2825 5685; x_wconf 82' lang='grc'><strong>¹⁸</strong></span> <span class='ocrx_word' id='word_1_875' title='bbox 2867 5649 2982 5722; x_wconf 72' lang='grc' dir='ltr'>αἰγὶ</span> <span class='ocrx_word' id='word_1_876' title='bbox 3007 5669 3148 5710; x_wconf 87' lang='lat' dir='ltr'><strong>corr.</strong></span> <span class='ocrx_word' id='word_1_877' title='bbox 3179 5654 3221 5708; x_wconf 84' lang='lat' dir='ltr'><strong>A</strong></span> <span class='ocrx_word' id='word_1_878' title='bbox 3249 5673 3261 5709; x_wconf 91' lang='lat'><strong>:</strong></span> <span class='ocrx_word' id='word_1_879' title='bbox 3295 5654 3472 5721; x_wconf 82' lang='grc' dir='ltr'>αίγιον</span> <span class='ocrx_word' id='word_1_880' title='bbox 3507 5669 3567 5718; x_wconf 82' lang='grc' dir='ltr'><strong>ς.</strong></span> 
     </span>
    </p>
   </div>
   <div class='ocr_carea' id='block_1_119' title="bbox 2359 5505 3568 5584">
    <p class='ocr_par' dir='ltr' id='par_1_119' title="bbox 2359 5505 3568 5584">
     <span class='ocr_line' id='line_1_121' title="bbox 2359 5505 3568 5584; baseline 0.002 -19"><span class='ocrx_word' id='word_1_881' title='bbox 2359 5518 2381 5550; x_wconf 78' lang='grc'><strong>⁸</strong></span> <span class='ocrx_word' id='word_1_882' title='bbox 2413 5512 2592 5584; x_wconf 79' lang='grc' dir='ltr'>αὐτῶν</span> <span class='ocrx_word' id='word_1_883' title='bbox 2625 5529 2686 5575; x_wconf 80' lang='grc' dir='ltr'><strong>ς.</strong></span> <span class='ocrx_word' id='word_1_884' title='bbox 2762 5511 2926 5584; x_wconf 76' lang='grc' dir='ltr'><strong>⁹δ’ὁ]</strong></span> <span class='ocrx_word' id='word_1_885' title='bbox 2959 5512 3004 5566; x_wconf 82' lang='grc' dir='ltr'>δ’</span> <span class='ocrx_word' id='word_1_886' title='bbox 3039 5512 3149 5582; x_wconf 74' lang='grc' dir='ltr'>ἔχει</span> <span class='ocrx_word' id='word_1_887' title='bbox 3177 5513 3204 5565; x_wconf 92' lang='lat'><strong>6</strong></span> <span class='ocrx_word' id='word_1_888' title='bbox 3238 5511 3278 5565; x_wconf 87' lang='lat' dir='ltr'><strong>B</strong></span> <span class='ocrx_word' id='word_1_889' title='bbox 3302 5505 3348 5565; x_wconf 77' lang='lat' dir='ltr'><strong>et</strong></span> <span class='ocrx_word' id='word_1_890' title='bbox 3379 5529 3452 5567; x_wconf 87' lang='lat' dir='ltr'><strong>re.</strong></span> <span class='ocrx_word' id='word_1_891' title='bbox 3489 5513 3568 5568; x_wconf 71' lang='lat' dir='ltr'><strong>At</strong></span> 
     </span>
    </p>
   </div>
   <div class='ocr_carea' id='block_1_120' title="bbox 2699 5583 3568 5652">
    <p class='ocr_par' dir='ltr' id='par_1_120' title="bbox 2699 5583 3568 5652">
     <span class='ocr_line' id='line_1_122' title="bbox 2699 5583 3568 5652; baseline 0.006 -18"><span class='ocrx_word' id='word_1_892' title='bbox 2699 5583 2998 5652; x_wconf 81' lang='grc' dir='ltr'>πεποίηται</span> <span class='ocrx_word' id='word_1_893' title='bbox 3035 5601 3093 5648; x_wconf 80' lang='grc' dir='ltr'><strong>ς.</strong></span> <span class='ocrx_word' id='word_1_894' title='bbox 3200 5584 3242 5614; x_wconf 83' lang='grc'><em>³³</em></span> <span class='ocrx_word' id='word_1_895' title='bbox 3266 5600 3316 5635; x_wconf 91' lang='grc' dir='ltr'><strong>τι</strong></span> <span class='ocrx_word' id='word_1_896' title='bbox 3346 5584 3469 5638; x_wconf 84' lang='lat' dir='ltr'><strong>add.</strong></span> <span class='ocrx_word' id='word_1_897' title='bbox 3503 5585 3568 5639; x_wconf 80' lang='grc' dir='ltr'>Α.</span> 
     </span>
    </p>
   </div>
   <div class='ocr_carea' id='block_1_121' title="bbox 311 5706 2798 5792">
    <p class='ocr_par' dir='ltr' id='par_1_121' title="bbox 311 5706 2798 5792">
     <span class='ocr_line' id='line_1_123' title="bbox 311 5706 2798 5792; baseline 0.005 -30"><span class='ocrx_word' id='word_1_898' title='bbox 311 5706 357 5736; x_wconf 74' lang='grc'><strong>⁸³</strong></span> <span class='ocrx_word' id='word_1_899' title='bbox 391 5710 576 5781; x_wconf 80' lang='grc' dir='ltr'>ὑπάγῃ</span> <span class='ocrx_word' id='word_1_900' title='bbox 606 5706 665 5773; x_wconf 78' lang='grc' dir='ltr'>ς’.</span> <span class='ocrx_word' id='word_1_901' title='bbox 745 5713 787 5744; x_wconf 79' lang='grc'><strong>²⁰</strong></span> <span class='ocrx_word' id='word_1_902' title='bbox 814 5710 930 5780; x_wconf 77' lang='grc' dir='ltr'>εἴδη</span> <span class='ocrx_word' id='word_1_903' title='bbox 961 5712 1143 5784; x_wconf 76' lang='grc' dir='ltr'>ἕτερα]</span> <span class='ocrx_word' id='word_1_904' title='bbox 1172 5706 1441 5785; x_wconf 65' lang='grc' dir='ltr'>ἡδιώτερα</span> <span class='ocrx_word' id='word_1_905' title='bbox 1469 5717 1575 5770; x_wconf 84' lang='lat' dir='ltr'><strong>AB.</strong></span> <span class='ocrx_word' id='word_1_906' title='bbox 1655 5719 1695 5750; x_wconf 78' lang='grc'><strong><em>³³</em></strong></span> <span class='ocrx_word' id='word_1_907' title='bbox 1732 5706 2012 5790; x_wconf 75' lang='grc' dir='ltr'>πιπερίδες</span> <span class='ocrx_word' id='word_1_908' title='bbox 2036 5724 2097 5775; x_wconf 83' lang='grc' dir='ltr'>Α.</span> <span class='ocrx_word' id='word_1_909' title='bbox 2176 5729 2220 5759; x_wconf 80' lang='grc'><strong><em>²²</em></strong></span> <span class='ocrx_word' id='word_1_910' title='bbox 2247 5715 2319 5775; x_wconf 80' lang='grc' dir='ltr'>ὧν</span> <span class='ocrx_word' id='word_1_911' title='bbox 2348 5724 2396 5774; x_wconf 82' lang='lat' dir='ltr'><strong>oi</strong></span> <span class='ocrx_word' id='word_1_912' title='bbox 2425 5706 2658 5792; x_wconf 69' lang='grc' dir='ltr'>γεὶυργόι</span> <span class='ocrx_word' id='word_1_913' title='bbox 2693 5721 2798 5776; x_wconf 85' lang='grc' dir='ltr'><strong>ΑΒ.</strong></span> 
     </span>
    </p>
   </div>
  </div>
