3990 6232
413 237 554 306 1219

1577 235 1843 296 PHOTII
1883 235 2388 300 PATRIARCH/E
2427 240 2538 304 ΟΡ.

3543 243 3687 308 1220

390 357 678 409 simiorum
717 348 868 407 colit.
912 346 1122 418 Piperis
1157 347 1319 404 arbor
1358 347 1434 403 illi
1472 349 1667 406 similis
1703 366 1827 408 esse
1870 361 1982 406 tra-

2097 370 2237 423 μοις,
2267 355 2368 408 οὐκ
2396 352 2620 423 ὲφικτὸς
2639 354 2754 418 τοῖς
2782 351 3111 424 ἀνθρώποις,
3137 349 3201 410 οῦ
3235 354 3455 425 λέγεται
3510 361 3682 430 πιθή-

390 444 562 506 ditur,
593 456 755 512 quam
787 439 960 494 Graeci
991 436 1158 505 ἄγνον
1189 439 1262 511 (id
1293 449 1396 505 est,
1429 441 1653 512 castam)
1687 441 1978 512 appellant,

395 545 507 590 tum
539 534 788 604 partibus
831 532 971 595 aliis,
1007 540 1118 609 tum
1154 531 1388 586 maxime
1417 530 1689 586 fructuum
1725 532 1978 589 racemis.

389 626 650 682 Nascitur
707 633 888 680 autem
948 626 1000 678 in
1053 624 1318 680 extremis
1370 626 1765 694 praeruptisque
1821 625 1980 691 locis,

392 719 573 788 generi
628 715 906 769 hominum
984 712 1306 776 inaccessis,
1349 713 1439 767 ubi
1480 713 1803 777 simiorum,
1847 727 1983 782 quas

381 809 653 870 diximus,
686 806 916 876 populus
958 806 1160 860 montis
1205 819 1488 867 cavernas,
1520 813 1576 858 et
1603 805 1785 858 omnia
1831 803 1980 859 lora-

395 901 538 954 miua
598 899 809 954 incolit.
864 898 1067 952 Simios
1118 907 1298 950 autem
1354 895 1533 966 magni
1583 895 1788 950 faciunt
1841 896 1981 958 lmli,

394 993 652 1063 quoidam
686 991 913 1060 piperis,
945 999 1002 1044 ut
1026 989 1106 1043 sic
1134 979 1334 1050 dicam,
1366 989 1789 1043 viudemiatores
1817 998 1981 1044 sunt:

395 1091 728 1154 quapropter
767 1091 822 1136 et
860 1083 1030 1134 armis
1074 1089 1128 1134 et
1161 1079 1390 1133 canibus
1431 1079 1639 1145 leones,
1667 1089 1721 1133 et
1755 1090 1985 1135 caeteras

397 1176 539 1230 feras
571 1176 640 1228 ab
670 1174 802 1243 ipsis
849 1182 1057 1227 arcent.
1110 1169 1272 1224 lrruit
1320 1178 1501 1224 autem
1544 1169 1597 1223 in
1647 1170 1864 1224 simium
1903 1170 1985 1224 leo

393 1277 654 1338 aegrotus,
697 1265 981 1319 medicina:
1010 1263 1228 1333 quidem
1267 1262 1464 1332 gratia,
1509 1277 1748 1331 namque
1797 1261 1986 1332 hujus-

396 1360 542 1415 modi
591 1358 878 1414 simiorum
926 1370 1122 1410 carnes
1171 1354 1387 1408 leonum
1431 1353 1638 1408 morbis
1680 1353 1986 1415 medentur,

395 1469 691 1510 senescens
741 1467 910 1518 vero,
961 1457 1153 1522 pastus
1211 1448 1428 1518 cibique
1480 1461 1668 1502 causa.
1722 1443 1856 1498 Nam
1898 1445 1985 1499 ubi

396 1558 621 1620 propter
652 1547 865 1602 senium
901 1559 1095 1600 cervos
1129 1550 1221 1596 aut
1253 1555 1417 1610 apros
1452 1541 1636 1594 venari
1677 1538 1858 1592 leones
1889 1553 1986 1593 ne-

395 1645 622 1708 queunt,
664 1635 859 1692 simias
905 1635 1193 1697 devorant,
1219 1629 1364 1700 quod
1411 1638 1661 1700 superest
1696 1628 1889 1683 virium
1932 1626 1987 1681 in

2083 462 2198 499 κων
2235 448 2406 500 οίκεῖν
2433 447 2601 517 δῆμος
2631 447 2688 500 ὲν
2713 447 2904 517 μυχοῖς
2937 449 3034 501 καὶ
3083 449 3112 502 ὃ
3142 467 3195 503 τι
3247 450 3415 504 αὐτοῦ
3470 452 3682 509 κοίλου.

2084 533 2194 598 Οὒς
2231 535 2428 590 πολλοῦ
2484 536 2666 600 ἀξίους
2710 537 2760 588 οί
2805 536 2959 589 Ἰνδοὶ
3002 536 3334 608 νομίζοντες,
3375 541 3565 612 ἐπειδὴ
3618 542 3685 595 τὸ

2086 625 2286 698 πέπερι
2318 629 2694 700 ἀποτρυγωσι,
2722 628 2850 690 τοὺς
2882 627 3105 690 λέοντας
3164 630 3259 682 ἀπ’
3297 631 3483 684 αὐτῶν
3541 630 3679 702 ερύ-

2083 735 2242 771 κουσι
2272 718 2400 771 κυσί
2447 735 2508 772 τε
2543 719 2636 772 καὶ
2665 716 2875 780 ὅπλοις.
2938 715 3270 771 Ἐπιτίθεται
3294 719 3351 773 δὲ
3373 719 3418 750 ’³
3457 718 3684 789 πιθήκῳ

2084 809 2222 864 λέων
2259 808 2430 862 νοσῶν
2455 809 2554 879 μὲν
2577 809 2717 877 ὑπὲρ
2746 807 3040 880 φαρμάκου
3081 809 3202 879 (τὴν
3233 810 3342 879 γὰρ
3396 811 3555 864 νόσον
3582 811 3687 864 αὑ-

2085 902 2165 970 τῷ
2196 901 2265 955 τά
2296 902 2433 972 κρέα
2465 902 2602 972 ἴσχει
2635 901 2853 972 ταῦτα),
2886 899 3217 971 γεγηρακὼς
3243 901 3298 953 δὲ
3327 901 3468 972 ὑπὲρ
3489 903 3643 955 σίτου
3667 918 3681 930 ·

2087 992 2186 1063 τῆς
2217 993 2325 1064 γὰρ
2354 994 2463 1046 τῶν
2489 993 2704 1063 ἐλάφων
2751 994 2843 1046 καὶ
2874 992 3019 1045 συῶν
3069 991 3244 1062 Θήρας
3275 993 3470 1064 ἔξωροι
3514 1011 3687 1061 γεγο-

2088 1083 2239 1146 νότες
2267 1086 2392 1148 τοὺς
2423 1084 2686 1155 πιθήκους
2724 1083 3112 1152 λαφύσσουσιν,
3137 1084 3193 1146 ὲς
3239 1082 3402 1137 τοῦτο
3458 1083 3683 1155 χρώμε-

2088 1194 2167 1231 νοι
2200 1179 2268 1248 τῇ
2302 1177 2461 1246 λοιπῇ
2529 1175 2711 1246 ῥώμῃ.
2760 1175 2840 1229 Τὰ
2882 1173 2940 1228 δὲ
2985 1173 3114 1245 περὶ
3147 1173 3248 1236 τὰς
3299 1173 3606 1244 πεπερίδας
3629 1174 3684 1206 ’⁸

2089 1267 2440 1338 πραττόμενα
2491 1263 2592 1320 ῶδε
2645 1266 2760 1336 ἔχει
2787 1283 2800 1296 ο
2841 1263 3239 1334 Προσελθόντες
3288 1265 3338 1318 οἱ
3379 1265 3534 1318 Ἰνδοί⁵
3570 1268 3684 1329 τοῖς

2089 1359 2242 1414 κάτω
2279 1359 2470 1430 μέρεσι
2499 1359 2594 1412 καί⁵
2638 1358 2729 1411 τὸν
2780 1357 2993 1429 καρπὸν
3041 1355 3473 1430 ἀποθερίσαντες
3529 1356 3683 1421 ἄλως

2091 1451 2371 1505 ποιοῦνται
2409 1452 2611 1522 μικρὰς
2644 1450 2772 1522 περὶ
2819 1450 2887 1504 τά
2934 1448 3153 1520 δένδρα,
3198 1449 3292 1502 καὶ
3343 1449 3406 1502 τὸ
3473 1448 3684 1519 πέπερι

2091 1541 2223 1610 περὶ⁵
2259 1539 2430 1606 αὑτὰς
2464 1541 2857 1612 ξυμφέρουσιν,
2881 1537 2993 1594 οἷον
3020 1539 3338 1613 ῥιπτοῦντες
3374 1539 3450 1603 ῶς
3483 1540 3684 1610 ἄτιμόν

2090 1647 2144 1683 τι
2172 1631 2265 1684 καὶ
2299 1632 2374 1704 μὴ
2410 1633 2468 1684 ὲν
2494 1631 2698 1702 σπουδῇ
2729 1633 2850 1695 τοῖς
2877 1628 3209 1700 ἀνθρώποις.
3245 1631 3308 1683 Οί
3365 1629 3421 1682 δὲ
3468 1629 3686 1684 ἄνωθεν

397 1707 518 1788 illas
550 1736 890 1785 exercentes.
920 1725 1049 1790 Qua:
1078 1724 1143 1778 de
1163 1725 1368 1793 pipere,
1395 1721 1510 1775 haec
1537 1728 1663 1775 sunt
1685 1728 1786 1772 ἰον.
1815 1718 1986 1773 Acre-

2097 1723 2204 1774 κάκ
2221 1723 2267 1754 ’³
2297 1722 2404 1774 τῶν
2431 1721 2652 1776 ἀϐάτων
2671 1720 3087 1792 καθεωρακότες
3113 1721 3308 1784 ταῦτα,
3326 1720 3522 1785 νυκτὸς
3548 1721 3684 1774 ὑπο-

397 1824 590 1878 dentes
617 1818 732 1873 ludi
770 1817 837 1872 ad
870 1816 1118 1881 arbores,
1152 1828 1273 1883 qum
1304 1813 1355 1868 iu
1390 1820 1543 1882 parte
1571 1811 1772 1865 montis
1800 1810 1984 1864 intima

399 1923 721 1977 nascuntur,
767 1909 1087 1976 fructusque
1129 1905 1195 1959 ab
1239 1904 1344 1959 illis
1382 1903 1755 1971 decerpentes,
1788 1917 1987 1971 parvas

399 2009 664 2078 quasdam
693 2012 910 2074 propter
938 1999 1164 2054 arbores
1187 1997 1398 2052 areolas
1423 1995 1649 2058 faciunt,
1685 2010 1792 2064 quo
1832 1994 1983 2064 piper

2094 1814 2373 1885 κρίνονται
2403 1813 2464 1867 τὸ
2492 1814 2600 1868 τῶν
2640 1813 2818 1868 Ἰνδῶν
2845 1813 3029 1885 ἔργον,
3054 1812 3292 1878 καὶτοὺς
3348 1814 3688 1885 βοστρύχους

2093 1905 2204 1958 τῶν
2230 1906 2463 1973 δένδρων
2499 1905 2876 1978 περισπῶντες
2911 1906 3163 1978 ῥίπτουσι
3202 1905 3462 1976 φέροντες
3497 1906 3556 1970 ἐς
3585 1907 3688 1969 τὰς

2092 1995 2238 2061 ἄλως
2270 2013 2285 2029 ⁸
2319 1999 2368 2051 οἱ
2393 1997 2451 2052 δὲ
2501 1998 2653 2052 Ἰνδοὶ
2681 1999 2900 2061 ἀπόνως
2919 1997 3289 2066 συλλέγουσιν.

381 2093 738 2172 ὀοηεθιιυηι,
781 2101 956 2171 ipsum
997 2095 1366 2165 projicientes,
1409 2107 1505 2146 ceu
1535 2107 1648 2146 rem
1682 2091 1974 2159 neglectam
2021 2103 2075 2146 et
2114 2091 2322 2148 minimi
2369 2094 2436 2148 ab
2481 2094 2789 2149 hominibus
2835 2095 3218 2151 existimatam.
3252 2096 3435 2152 Simia
3467 2109 3604 2150 vero
3632 2096 3684 2150 in

401 2199 540 2253 aviis
589 2197 788 2252 abdita
831 2195 1063 2277 desuper
1104 2189 1456 2256 aspicientes,
1489 2187 1579 2241 ubi
1625 2202 1730 2241 nox
1771 2187 2011 2255 advenit,
2051 2185 2305 2244 Indorum
2341 2204 2480 2259 opus
2512 2190 2759 2257 imitatae,
2816 2189 3036 2247 avulsos
3075 2190 3338 2246 arborum
3397 2205 3689 2246 ramuscu-

401 2295 484 2350 los
533 2292 583 2344 iu
635 2303 814 2352 areas,
847 2301 984 2353 quas
1035 2283 1296 2343 diximus,
1343 2279 1658 2334 conferunt.
1697 2279 1824 2334 lude
1857 2294 1988 2335 vero
2026 2280 2174 2336 nullo
2204 2281 2392 2338 labore
2421 2283 2700 2352 colligunt.

475 2383 743 2454 Superato
799 2388 985 2433 monte
1027 2374 1330 2443 subjectam
1378 2372 1661 2440 planitiem
1704 2373 1992 2442 conspica—

404 2485 492 2530 tus
520 2469 846 2540 Apollonius
876 2482 1004 2522 cum
1039 2465 1175 2530 suis,
1204 2464 1363 2520 fossis
1389 2477 1529 2531 aqua
1564 2462 1994 2517 redundantibus

365 2582 370 2585 '
402 2565 749 2624 intellectam
767 2563 1297 2618 animadverterunt.
1321 2558 1488 2613 Erant
1509 2566 1688 2612 autem
1716 2555 1992 2613 fossarum

403 2659 526 2712 alia:
558 2666 743 2719 rectae,
793 2653 913 2708 alia:
939 2651 1197 2721 obliquae,
1224 2665 1422 2719 aquam
1458 2665 1487 2702 a
1530 2647 1718 2717 Gange
1739 2649 1995 2703 derivan»

406 2762 513 2805 tes.
550 2747 661 2802 llas
689 2754 871 2800 autem
903 2742 1080 2798 fossas
1109 2743 1308 2811 partim
1335 2741 1583 2796 terminis
1613 2738 1990 2809 designandis,

403 2843 602 2915 partim
635 2836 929 2909 irrigandis
965 2835 1132 2905 agris,
1161 2849 1282 2887 cum
1313 2832 1588 2894 sitissent,
1615 2831 1822 2886 servire
1847 2831 1994 2886 diee-

403 2935 557 2990 bant.
602 2930 744 2985 Sunt
792 2937 972 2982 autem
1036 2925 1151 2994 agri
1201 2924 1445 2980 omnium
1493 2922 1586 2992 qui
1639 2921 1780 2992 apud
1836 2921 1994 2977 Indos

405 3024 657 3080 coluntur
695 3017 1043 3080 feracissimi,
1077 3026 1131 3070 et
1166 3016 1238 3070 ibi
1275 3015 1568 3070 hazreditas
1595 3013 1839 3068 omnium
1867 3028 1986 3066 ma-

2180 2375 2653 2447 Ὑπερείιραντεες²⁸
2683 2378 2739 2431 δὲ
2782 2376 2874 2430 τοῦ
2901 2377 3062 2447 δρους
3112 2377 3294 2432 πεδίον
3343 2379 3510 2446 φασιν
3554 2379 3688 2433 ἰδεῖν

2095 2469 2238 2523 λεῖον
2260 2470 2746 2541 κατατετμημένην
2768 2470 2848 2534 εἰς
2876 2471 3116 2542 τάφρους
3171 2470 3403 2541 πλήρεις
3443 2471 3644 2536 ὓδατος
3668 2488 3684 2504 ο

2096 2557 2237 2614 εἶναι
2267 2561 2326 2614 δὲ
2364 2560 2546 2614 αὐτῶν
2574 2562 2671 2626 τὰς
2701 2561 2800 2630 μὲν
2831 2562 3210 2633 ὲπικαρσίους,
3257 2564 3355 2625 τὰς
3403 2564 3462 2617 δὲ
3513 2564 3688 2636 ὀρθάς

2093 2651 2394 2722 διηγμένας
2423 2652 2488 2704 ὲκ
2512 2649 2605 2705 τοῦ
2626 2649 2875 2721 ποταμοῦ
2903 2651 2997 2704 τοῦ
3016 2651 3252 2719 Γάγγου,
3284 2653 3384 2720 τῆς
3411 2668 3469 2704 τε
3499 2650 3688 2722 χώρας

2094 2746 2219 2814 ὅρια
2243 2745 2434 2809 οὔσας,
2469 2747 2578 2809 τοῖς
2605 2761 2664 2797 τε
2691 2743 2897 2806 πεδίοις
2920 2745 3289 2815 ἐπαγομένας,
3319 2745 3482 2798 ὁπότε
3524 2746 3558 2815 η
3611 2742 3688 2814 γῆ

2095 2834 2293 2906 διψῴη.
2322 2835 2435 2904 Τὴν
2463 2834 2520 2888 δὲ
2542 2835 2644 2905 γῆν
2671 2834 2882 2904 ταύτην
2905 2836 3138 2906 ἀρίστην
3199 2836 3334 2905 φασὶ
3383 2835 3486 2904 τῆς
3530 2835 3687 2888 Ἰνδι-

2095 2928 2197 2996 κῆς
2218 2922 2380 2990 εἶναι,
2409 2926 2503 2980 καὶ
2537 2926 2802 2998 μεγίστην
2844 2927 2954 2982 τῶν
2971 2929 3088 2980 ὲκεί
3111 2926 3340 2997 λήξεων,
3388 2927 3687 2981 πεντεκαί-

2094 3020 2226 3074 δεκα
2248 3019 2472 3090 ἡμερῶν
2495 3021 2616 3076 ὁδοῦ
2645 3019 2820 3089 μῆκος
2850 3021 2943 3074 ἐπὶ
2961 3023 3052 3074 τὸν
3110 3021 3351 3090 Γάγγην,
3407 3019 3686 3074 ὀκτωκαί-

405 3118 557 3173 xime
583 3116 786 3185 opima.
811 3113 1171 3168 Protenditur
1195 3109 1342 3164 enim
1373 3108 1426 3162 in
1461 3107 1852 3176 longitudinem
1881 3106 1992 3160 die-

2101 3113 2235 3166 δεκα
2265 3113 2325 3167 δὲ
2355 3113 2466 3168 ἀπὸ
2496 3113 2776 3186 θαλάσσης
2806 3115 2902 3169 ἐπὶ
2946 3115 3009 3168 τὸ
3043 3114 3154 3168 τῶν
3183 3113 3432 3184 πιθήκων
3467 3113 3619 3184 δρος,
3645 3106 3690 3181 ᾧ

410 3224 528 3274 rum
570 3207 885 3278 quindecim
910 3201 1322 3270 secusGangem
1347 3198 1775 3263 ambulantibus,
1802 3199 1993 3252 decem

407 3310 591 3356 autem
632 3309 687 3354 et
732 3309 860 3354 octo
901 3312 934 3352 e
968 3295 1103 3349 mari
1135 3296 1202 3349 ad
1229 3300 1469 3347 montem
1502 3306 1672 3361 usque
1711 3291 1995 3345 sitniarum

407 3403 580 3465 patet,
610 3392 696 3446 cui
751 3389 1002 3460 planities
1042 3402 1196 3457 aequa
1231 3385 1568 3440 extenditur.
1609 3381 1779 3437 Terra
1815 3391 1994 3437 autem

407 3486 594 3540 colore
648 3485 800 3552 nigra
849 3492 970 3546 est,
1007 3490 1062 3534 et
1111 3480 1328 3548 frugum
1376 3477 1620 3531 omnium
1667 3473 1862 3538 ferax,
1907 3473 1998 3529 ubi

408 3577 614 3646 spicas,
657 3574 983 3628 arundinum
1037 3574 1232 3637 instar,
1287 3568 1528 3636 conspici
1555 3569 1764 3623 dicunt.
1817 3565 1994 3621 Fabas

409 3678 593 3722 autem
623 3666 784 3735 triplo
813 3664 1050 3733 majores
1085 3664 1302 3732 iisquae
1335 3661 1388 3715 in
1407 3660 1642 3731 Egypto
1671 3669 1993 3716 nascuntur.

411 3756 698 3812 Sesamutn
739 3769 959 3823 quoque
1000 3751 1272 3820 proferre,
1310 3759 1366 3805 et
1398 3751 1602 3804 milium
1639 3751 1852 3805 eximiae
1880 3766 1997 3804 ma-

410 3847 754 3920 gnitudinis..
796 3845 1066 3905 Praeterea
1113 3857 1286 3898 nuces
1327 3842 1518 3898 iisdem
1563 3842 1616 3895 in
1667 3841 1804 3896 locis
1843 3839 1995 3896 nasci

410 3940 721 4009 perhibent.
767 3934 919 3991 Vites
962 3945 1142 3989 autem
1184 3949 1367 4004 parvae.
1406 3934 1722 3997 admodum,
1779 3944 1997 4003 quanta:

411 4035 556 4103 apud
598 4031 833 4086 Maaones
866 4029 1152 4100 Lydosque
1182 4029 1252 4084 ibi
1305 4038 1621 4084 nascuntur.
1667 4026 1866 4082 Vinum
1915 4035 1998 4080 ta-

411 4143 534 4182 men
563 4141 629 4181 ex
667 4124 772 4180 illis
815 4137 1158 4192 expressum,
1205 4121 1404 4193 326a
1469 4131 1688 4191 gustatu
1737 4132 1792 4175 et
1821 4121 1989 4174 odore

405 4215 866 4286 jncundissimum
895 4227 1017 4268 esse
1044 4213 1216 4267 aiunt.
1236 4213 1414 4266 Aliam
1442 4219 1707 4281 praeterea
1743 4210 1996 4264 arborem

411 4308 523 4363 illic
581 4306 811 4361 inveniri
855 4306 934 4360 ait
971 4305 1125 4358 lauro
1185 4303 1472 4360 similem:
1530 4315 1652 4370 quae
1699 4299 1998 4355 folliculum

2100 3203 2530 3276 ξυμπαρατείνει
2555 3207 2745 3271 πεδιάς
2770 3208 2837 3262 ’⁷.
2871 3207 3119 3261 Μέλαινα
3154 3209 3304 3259 πᾶσα
3339 3207 3372 3276 ἡ
3406 3204 3563 3276 χώρα
3593 3207 3690 3258 καὶ

2100 3298 2318 3351 πάντων
2349 3295 2580 3369 εὔφορος
2603 3315 2618 3328 ·
2653 3300 2780 3352 ἰδεῖν
2810 3299 2910 3369 μὲν
2944 3299 3054 3368 γάρ
3096 3299 3336 3368 στάχυας
3367 3298 3686 3362 ὰνεστῶτας

2100 3389 2222 3442 ὅσον
2257 3391 2307 3443 oi
2335 3389 2584 3457 δόνακες,
2616 3389 2746 3444 ἰδεῖν
2773 3391 2830 3444 δὲ
2860 3392 3108 3461 κυάμους
3172 3390 3534 3462 τριπλασίους
3575 3390 3688 3443 τῶν

2099 3480 2414 3548 Αἰγυπτίων
2468 3481 2530 3534 τὸ
2563 3481 2818 3552 μέγεθος,
2866 3483 3114 3553 σήσαμόν
3165 3499 3225 3535 τε
3273 3484 3366 3536 καὶ
3422 3483 3686 3552 κέγχρον,

2103 3571 2364 3641 ὑπερφυᾶ
2397 3571 2595 3637 πάντα,
2633 3573 2828 3628 καὶτὰ
2853 3575 3034 3645 κάρυα
3065 3572 3298 3642 φύεσθαι
3361 3590 3518 3641 φασι.
3573 3573 3688 3637 Τὰς

2099 3663 2158 3718 δὲ
2191 3665 2467 3735 ἀμπέλους
2509 3667 2740 3735 φύεσθαι
2776 3668 3001 3738 μικράς,
3057 3667 3313 3738 καθάπερ
3363 3666 3555 3721 Λυδῶν
3589 3669 3689 3720 καὶ

2101 3755 2376 3822 Μαιόνων,
2413 3757 2672 3822 ποτίμους
2689 3757 2736 3790 ³⁸
2785 3758 2844 3810 δὲ
2885 3758 3026 3811 εἶναι
3079 3761 3174 3811 καὶ
3212 3757 3516 3828 ἀνθοσμίας
3547 3756 3688 3829 ὁμοῦ

2099 3844 2176 3916 τῷ
2192 3846 2530 3919 ἀποτρυγᾷν.
2579 3848 2846 3904 Ἐνταῦθα
2867 3850 2960 3904 καὶ
2980 3850 3183 3921 δένδρῳ
3207 3853 3371 3920 φησὶν
3393 3852 3690 3920 ἐντετυχη-

2102 3938 2257 3991 κέναι
2288 3941 2632 4010 προσεοικότι
2665 3943 2730 4012 τῇ
2747 3939 2878 4014 [552
2905 3941 2999 4012 H.]
3021 3942 3218 4014 δάφνῃ.
3245 3941 3480 4011 φύεσθαι
3509 3941 3569 3994 δὲ
3591 3942 3688 3995 αὑ-

2103 4029 2197 4083 τοῦ
2228 4031 2440 4085 κάλυκα
2471 4033 2807 4105 εἰκασμένην
2833 4036 2898 4105 τῇ
2935 4034 3172 4105 μεγίστῃ
3219 4035 3336 4105 ῥοᾷ,
3386 4033 3483 4087 καὶ
3520 4033 3690 4104 μῆλον

2104 4122 2386 4190 ἐγκεῖσθαι
2415 4126 2479 4194 τῇ
2514 4125 2712 4179 κάλυκι
2745 4127 2976 4181 κυάνεον
2996 4127 3095 4196 μὲν
3129 4125 3322 4196 ῶσπερ
3353 4127 3461 4179 τῶν
3491 4128 3686 4181 ὑακίνο

2105 4209 2214 4263 θων
2249 4212 2307 4265 αι
2340 4211 2522 4278 καλαὶ,
2555 4213 2776 4269 πάντων
2808 4214 2867 4268 δὲ
2909 4215 3128 4286 ἥδιστον
3187 4214 3361 4268 ὁπόσα
3410 4215 3472 4283 ἐξ
3529 4217 3690 4289 ὡρῶν

2103 4302 2250 4372 ἥκει.

412 4401 543 4456 mali
577 4399 771 4455 Punici
816 4397 1195 4469 magnitudine
1219 4392 1470 4466 .prol'ert.
1503 4391 1774 4448 Folliculo
1813 4401 1996 4446 autem
2038 4406 2256 4462 pomum
2289 4393 2430 4451 inest
2469 4395 2653 4452 colore
2685 4396 3000 4461 caeruleum,
3032 4409 3096 4452 ac
3156 4395 3322 4452 veluti
3386 4396 3691 4466 pulcherri-

412 4509 536 4552 mus
567 4492 894 4567 hyacinthus
931 4508 945 4545 :
979 4488 1363 4546 suavissimum
1407 4500 1536 4540 vero
1568 4485 1835 4551 onmium,
1873 4498 1996 4554 quae
2036 4491 2146 4539 toto
2168 4500 2312 4541 armo
2341 4500 2655 4543 nascantur.

483 4588 622 4643 Cum
668 4596 848 4642 autem
887 4599 920 4640 e
961 4592 1149 4639 monte
1200 4581 1631 4643 descenderent,
1677 4579 1992 4633 invenerunt

2181 4580 2618 4643 Κατασαίνοντες
2645 4582 2692 4614 ²⁹
2713 4581 2770 4635 δὲ
2788 4581 2848 4635 τὺ
2877 4582 3001 4653 δρος
3015 4582 3326 4652 δρακόντων
3360 4583 3504 4655 θήρᾳ
3533 4601 3688 4656 περι-

414 4661 715 4734 όὶεοοηιιηι
768 4677 1140 4732 venationem.
1181 4671 1378 4727 Omnis
1421 4669 1568 4725 enim
1641 4668 1807 4724 ludite
1847 4667 2002 4737 regio

414 4770 749 4826 draconibus
783 4769 1042 4832 abundat,
1067 4777 1124 4822 et
1157 4762 1507 4820 multitudine
1547 4768 1603 4816 et
1630 4760 2004 4830 magnitudine

417 4864 700 4918 mirandis.
727 4861 910 4931 Itaque
932 4859 1157 4930 paludes
1177 4859 1371 4928 plenae,
1389 4855 1536 4925 pleni
1565 4864 1799 4914 montes,
1828 4868 2004 4924 neque

418 4957 658 5010 tumulus
699 4955 766 5010 iis
807 4969 1012 5008 vacuus
1041 4953 1338 5022 reperitur.
1379 4948 1582 5004 Verum
1617 4947 1888 5017 palustres
1915 4946 2034 5016 pi-'

417 5051 499 5121 gri
536 5050 804 5119 tardique,
836 5057 1071 5116 suntque
1090 5045 1427 5116 longitudine
1451 5043 1760 5099 cubitorum
1797 5039 1998 5108 trigin-

417 5152 494 5207 ta,
523 5151 577 5195 et
601 5143 688 5194 vix
727 5149 890 5208 caput
930 5137 1285 5192 attollentes:
1327 5143 1455 5190 sunt
1500 5147 1631 5188 vero
1670 5131 2001 5186 draconibus

421 5233 642 5289 feminis
695 5234 923 5298 similes,
951 5241 1005 5286 et
1035 5240 1189 5300 terga
1219 5229 1485 5284 habentes
1514 5226 1796 5294 subnigra,
1823 5231 1878 5278 et
1895 5239 2000 5278 cae-

417 5330 549 5382 teris
581 5328 759 5381 minus
790 5339 1107 5396 squamosa.
1145 5321 1495 5392 Campestres
1541 5316 1874 5389 palustribus
1906 5331 2000 5384 per

487 5455 568 5484 ιιον
611 5443 902 5513 llorapollo
937 5441 1030 5498 lib.
1061 5457 1126 5506 tt,
1165 5455 1285 5510 cap.
1320 5437 1407 5493 76.

2096 4670 2282 4738 τυχεῖν
2307 4686 2442 4739 φασι
2473 4684 2489 4700 ⁸
2534 4669 2847 4740 δρακόντων
2875 4670 2976 4739 μὲν
3013 4673 3128 4744 γὰρ
3175 4671 3239 4743 δὴ
3287 4673 3538 4745 ἀπείροις
3589 4676 3683 4744 μή·

2098 4778 2219 4814 κεσι
2248 4761 2533 4828 διέζωσται
2556 4765 2766 4834 πᾶσαὴ
2805 4763 2999 4835 Ἰνδικὴ
3031 4764 3204 4834 χώρα,
3231 4766 3326 4819 καὶ
3371 4768 3550 4835 μεστά
3591 4767 3688 4837 μὲν

2098 4857 2278 4910 αὐτῶν
2293 4857 2412 4928 ἕλη,
2440 4857 2615 4929 μεστὰ
2650 4857 2707 4910 δὲ
2741 4857 2866 4930 ὅρη,
2899 4858 3055 4921 κενὸς
3091 4859 3150 4912 δὲ
3198 4858 3372 4922 οὐδεὶς
3398 4857 3587 4929 λόφος.
3626 4861 3687 4912 Οί

2105 4949 2202 5020 μὲν
2223 4949 2289 5020 δὴ
2317 4948 2483 5003 ἕλειοι
2535 4948 2734 5022 νωθροί
2789 4951 2849 5003 τέ
2881 4951 2990 5003 sisi
3033 4951 3126 5004 καὶ
3183 4951 3628 5023 τριακοντάπηχυ
3646 4954 3688 4985 ³ο

2112 5039 2286 5108 μῆκος
2318 5037 2522 5109 ἔχουσι,
2554 5039 2652 5095 καὶ
2669 5039 2868 5110 κράνος
2887 5040 3072 5104 αὐτοῖς
3087 5041 3186 5094 οὐκ
3207 5042 3530 5113 ἀνέστηκεν,
3581 5046 3635 5097 ἁ)
3644 5045 3687 5097 λ’

2107 5130 2214 5182 εἰσὶ
2239 5132 2356 5194 ταῖς
2378 5130 2701 5201 δρακαίναις
2745 5133 2944 5202 ὅμοιοι,
2985 5133 3216 5202 μέλανες
3263 5134 3320 5187 δὲ
3364 5136 3570 5200 ἱκανῶς
3604 5137 3690 5191 τὸν

2107 5220 2299 5286 νῶτον,
2323 5222 2417 5275 καὶ
2444 5217 2610 5295 ἦττον
2635 5222 2919 5291 φολιδωτοὶ
2959 5225 3068 5277 τῶν
3101 5225 3300 5279 ἄλλων.
3336 5227 3399 5280 Oi
3437 5227 3497 5280 δὲ
3515 5229 3559 5259 ³⁸
3599 5245 3690 5280 πε-

2105 5314 2240 5367 δινοὶ
2296 5314 2684 5368 πλεονεκτοῦσι
2713 5315 2821 5369 τῶν
2868 5316 3056 5370 ἑλείων
3114 5318 3325 5372 πάντα·
3357 5319 3450 5372 καί
3489 5323 3602 5391 γὰρ
3633 5323 3686 5381 ἐς
3773 5327 3776 5330 ’

1734 5522 1975 5591 VARUE
2009 5521 2419 5579 LECTIONES.

488 5631 608 5683 "se
633 5646 741 5684 om.
773 5645 857 5699 pr.
886 5627 947 5683 A.
1025 5631 1070 5664 ”
1099 5625 1390 5699 πιπερίδας
1419 5625 1480 5675 Α.
1539 5620 1601 5699 ’ξ’
1636 5621 1838 5674 κάκΑε
1866 5620 1929 5699 εκ
1958 5635 2018 5682 ς.

2096 5620 2140 5650 ’⁸
2171 5615 2430 5693 ὑπεράρ.]
2457 5633 2539 5682 ttt,
2681 5617 2912 5693 f7_1_r§6£a
2933 5619 3041 5693 A_B.
3119 5622 3165 5654 ⁸⁸
3192 5621 3494 5693 ποταμίους
3521 5637 3585 5693 pr
3626 5624 3685 5678 Α.

415 5700 460 5732 ’⁸
492 5701 715 5772 κατα6.]
739 5687 822 5768 ιιί,
855 5702 909 5756 6.
985 5699 1028 5730 '°
1063 5687 1505 5768 τριακόντάπηχυ
1539 5690 1576 5744 Β
1604 5701 1658 5746 et
1685 5705 1830 5745 corr.
1858 5689 1929 5742 A:
1960 5687 2428 5760 τριακοντάπηχον
2453 5705 2514 5752 ς.
2591 5689 2631 5720 ³⁸
2657 5688 2704 5741 οἱ
2733 5688 2814 5762 δὲ]
2857 5706 2938 5756 ιιι,
2963 5689 3016 5745 7.
