3990 6232
367 252 502 323 ῙΞΞῙ
1471 260 1943 322 ΒΙΒΕΙΟΤΗΕΟΑ

2078 287 2093 296 -
2120 261 2281 323 COD.
2330 262 2573 327 CCXLI.
3518 260 3654 326 1222

365 370 535 424 πλέον
564 366 659 423 τοῦ
705 368 918 440 μήκους
970 370 1280 438 ἐλαύνουσι,
1311 370 1483 445 [1004
1513 374 1605 446 8.]
1654 375 1750 429 καὶ
1791 372 1941 444 ταχύ·

2072 376 2243 429 omnia
2289 377 2625 445 superiores.
2679 373 2813 431 Nam
2879 386 2933 432 et
2990 377 3042 433 in
3091 378 3355 461 majorem
3410 379 3648 448 porrecti

363 480 517 533 τεροι
548 462 659 517 τῶν
676 462 955 527 ὀξυτάτων
993 466 1259 538 ποταμῶν
1282 465 1565 537 φέρονται,
1601 469 1696 523 καὶ
1734 467 1939 536 διαφεύη

2073 473 2193 517 sunt
2222 463 2641 534 longitudinem,
2674 475 2730 523 et
2760 466 3002 524 velocius
3035 467 3375 534 fluminibus,
3399 469 3649 537 quamvis

364 570 455 624 γει
484 554 684 621 αὐτοὺς
712 557 887 612 οὐδέν.
933 556 1159 621 Τούτοις
1215 559 1312 613 καὶ
1342 559 1507 629 λοφιά
1553 559 1774 629 φύεται,
1815 558 1940 623 νέοις

2073 554 2377 626 rapacibus,
2412 555 2682 626 feruntur,
2714 558 2787 614 ita
2823 569 2882 615 ut
2926 560 3045 615 illos
3078 561 3308 614 evadere
3358 560 3490 614 nihil
3522 574 3649 629 pos-

370 646 473 717 μὶν
491 647 872 720 ὕπανίσχουσα
907 650 971 704 τὸ
1001 650 1249 723 μέτριον,
1296 653 1675 724 συναυξομένη
1690 654 1734 686 ³⁹
1784 652 1841 707 δὲ
1870 669 1946 705 τε·

2068 647 2155 702 sit.
2192 646 2286 704 His
2319 656 2501 703 autem
2543 652 2709 705 crista
2743 652 3002 716 nascitur,
3025 651 3319 721 juvenibus
3352 651 3644 707 mediocri-

364 739 680 811 λεουμένοις
722 742 821 795 καὶ
877 742 1180 813 ἀνίσχουσα
1199 744 1243 777 ³³
1292 744 1419 809 ἐς⁸⁸⁵
1463 744 1621 809 πολὺ,
1680 745 1770 799 ὅτε
1826 743 1892 816 δὴ
1909 745 1940 777 ³¹

2072 748 2150 794 ler
2181 742 2517 810 prominens,
2562 742 2836 811 provectis
2880 757 3010 797 vero
3059 751 3218 797 relate
3268 742 3546 812 grandior,
3592 751 3648 795 et

366 832 570 902 πυρσοί
585 834 631 867 ³⁸
654 851 717 887 τε
749 836 843 888 καὶ
868 836 1165 907 πριονωτοὶ
1193 835 1459 905 γίνονται.
1510 828 1671 891 Οὗτοι
1721 838 1817 890 καὶ
1865 853 1942 904 γε·

2071 838 2223 893 valde
2243 852 2559 909 assurgens,
2596 848 2793 908 estque
2820 838 2987 909 ignita
3027 847 3081 893 et
3132 837 3358 893 ferrata.
3408 837 3472 891 lli
3516 832 3647 891 verb

366 926 704 991 νειάσκουσι,
734 928 833 981 καὶ¹
867 927 961 981 τὸν
1015 927 1222 999 αὐχένα
1271 927 1408 999 ὑψοῦ
1445 927 1687 999 αἴρουσι,
1725 929 1820 982 καὶ
1857 928 1942 997 rip

2072 929 2218 999 iubas
2252 940 2309 983 et
2331 930 2597 985 cervicem
2621 930 2784 985 altius
2799 930 3083 992 attollunt,
3105 939 3163 985 et
3189 946 3376 985 eorum
3408 945 3648 999 squama:

367 1017 561 1087 φολίδα
587 1018 863 1072 στίλϐουσι
885 1019 1042 1090 δίκην
1070 1020 1312 1091 ἀργύρου
1334 1035 1348 1050 ·
1372 1023 1428 1074 αἱ
1455 1021 1513 1074 δὲ
1528 1020 1636 1074 τῶν
1659 1020 1943 1091 ὀφθαλμῶπ

2072 1020 2240 1075 instar
2265 1022 2475 1091 argenti
2506 1022 2737 1090 fulgent.
2784 1020 3078 1077 Oculorum
3109 1030 3289 1075 autem
3328 1020 3543 1092 pupilla:
3570 1020 3648 1074 la-

367 1108 532 1179 κόραι
575 1107 720 1172 λίθος
749 1109 1167 1181 ὲστὶδιάπυρος.
1211 1110 1392 1181 Ἰσχὺν
1457 1110 1515 1164 δὲ
1569 1110 1753 1164 αὐτῶν
1802 1110 1943 1181 ἀμή-

2072 1112 2221 1183 pides
2251 1122 2378 1168 sunt
2412 1122 2670 1183 tanquam
2703 1113 2844 1184 ignis
2875 1113 3164 1185 fulgentes.
3193 1112 3396 1169 Horum
3421 1128 3648 1184 serpen-

366 1217 533 1271 χανον
558 1195 697 1255 εἷναί
719 1217 885 1272 φησιν
898 1201 943 1233 ³⁷
963 1202 1020 1265 ές
1048 1200 1221 1255 πολλά
1246 1201 1358 1256 τῶν
1383 1202 1692 1257 ἀποθέτων.
1738 1202 1942 1256 Γίνεται

2071 1216 2176 1259 tum
2207 1206 2314 1260 vim
2361 1206 2654 1259 maximam
2693 1221 2816 1262 esse
2857 1206 3038 1261 ferunt
3071 1206 3135 1260 ad
3185 1209 3404 1262 morbos
3440 1208 3647 1276 pericu-

363 1295 425 1348 δὲ
454 1298 566 1356 τοῖς
593 1293 836 1366 θηρῶσιν
866 1295 896 1348 ὀ
940 1295 1155 1360 πεδινὺς
1203 1294 1425 1368 εὕρημα
1443 1296 1511 1363 ³⁸,
1566 1296 1789 1350 ἑπειδάν
1844 1296 1939 1349 τῶπ

2071 1297 2372 1353 losissimos
2434 1298 2726 1354 tollendos.
2797 1300 2845 1352 A
2910 1299 3236 1353 venantibus
3298 1297 3647 1367 reperiuntur

364 1386 678 1454 ἐλεφάντων
702 1386 824 1440 τινά
851 1385 1225 1457 ἐπισπάσηται
1245 1403 1260 1418 ·
1315 1387 1471 1441 τουτὶ
1512 1387 1623 1458 γάρ
1648 1386 1940 1440 summa

2068 1400 2400 1458 catnpeSIres
2417 1390 2686 1445 dracones
2708 1390 2852 1461 (cum
2872 1393 3022 1445 enim
3051 1390 3396 1459 elephantem
3412 1389 3644 1459 aliquem

361 1481 535 1550 ἄμφω
564 1480 634 1533 τά
662 1480 844 1552 θηρία.
889 1480 1000 1534 Καὶ
1047 1481 1242 1553 κέρδος
1272 1483 1387 1545 τοῖς
1423 1481 1604 1535 ἑλοῦσι
1653 1481 1937 1553 δράκοντας

2068 1481 2473 1549 convulsernnl,
2510 1492 2742 1552 utraque
2774 1483 2950 1537 bellua
2979 1482 3193 1552 interit)
3220 1491 3276 1538 et
3298 1481 3644 1552 eos‘capien-

364 1569 637 1642 ὀφθαλμοὶ
659 1571 754 1624 καὶ
782 1570 916 1642 δορά
938 1572 1033 1624 καὶ
1055 1572 1272 1637 ὀδόντες
1302 1588 1317 1602 ·
1345 1573 1457 1627 sint
1483 1572 1541 1626 δὲ
1574 1575 1645 1628 τὰ
1688 1573 1785 1644 μὲν
1819 1573 1940 1628 ἀλλο

2065 1573 2209 1629 tibus
2239 1573 2393 1629 lucro
2425 1584 2553 1629 sunt
2593 1575 2760 1642 oculi,
2794 1575 2985 1643 pelles,
3031 1576 3243 1631 dentes.
3270 1574 3411 1630 Sunt
3459 1585 3641 1629 autem

362 1664 544 1734 ὅμοιοι
574 1664 687 1727 τοῖς
724 1663 833 1717 τῶν
857 1663 1134 1734 μεγίστων
1191 1665 1358 1729 συῶν,
1413 1664 1733 1737 λεπτότεροι
1764 1665 1821 1719 δὲ
1861 1665 1938 1719 κα¹

2069 1664 2327 1719 membris
2348 1666 2498 1734 apris
2534 1666 2843 1735 ingentibus
2876 1681 3060 1736 pares,
3111 1669 3207 1721 sed
3257 1680 3486 1736 corpore
3515 1681 3645 1735 gra-

361 1754 680 1827 διάστροφοι
709 1756 805 1809 καὶ
826 1757 925 1827 τὴν
951 1757 1160 1829 αἰχμὴν
1204 1756 1469 1828 ἀτρεπτοι
1498 1758 1567 1822 ³⁸,
1596 1759 1854 1829 καθάπερ
1905 1774 1934 1811 ο

2072 1758 2315 1815 ciliorem
2345 1767 2401 1814 et
2446 1759 2499 1812 in
2544 1773 2925 1828 quamcunque
2967 1770 3175 1828 partem
3199 1761 3500 1826 versatiles,
3535 1775 3648 1816 ros-

361 1846 479 1900 τῶν
508 1848 759 1919 μεγάλων
771 1846 818 1879 ’⁵⁸
860 1846 1083 1918 ἰχθύων.
1127 1849 1190 1901 Οἱ
1219 1848 1278 1903 δὲ
1295 1848 1339 1881 ⁵⁸
1362 1848 1533 1918 ὄρειοι
1547 1849 1841 1919 δράκοντες
1859 1848 1937 1920 τὴε

2065 1862 2148 1908 tro
2189 1862 2369 1908 autem
2428 1852 2771 1908 validissimo
2834 1862 3091 1921 tanquam
3148 1852 3394 1923 ingentes
3440 1854 3641 1923 pisces.

366 1940 470 2011 μὲν
498 1940 686 2010 φολίδα
718 1943 915 2011 χρυσοῖ
932 1940 1239 2012 φαίνονται,
1262 1940 1324 1994 τὸ
1355 1940 1413 1994 δὲ
1448 1940 1623 2011 μῆκος
1655 1940 1797 2012 ὑπὲρ
1831 1940 1942 2003 τοὺς

2063 1942 2300 1999 Montani
2334 1957 2465 1997 vero
2483 1942 2743 1998 dracones
2766 1956 3027 2011 squamas
3040 1939 3239 2015 habent
3260 1940 3457 1994 coloris
3483 1938 3639 2004 fulvi,

364 2031 650 2097 πεδινούςο
684 2034 871 2102 γένεια
896 2033 952 2087 δὲ
1003 2033 1189 2095 αὐτοῖς
1230 2032 1601 2104 βοστρυχώδη,
1642 2034 1823 2104 χρυσᾶ
1855 2036 1940 2087 κά-

2071 2033 2399 2103 longitudine
2422 2043 2629 2103 “autem
2680 2032 2953 2086 excedunt
3009 2038 3384 2098 campestres,
3448 2030 3647 2084 barba-

361 2127 542 2180 κείνα.
571 2126 681 2179 Καὶ
728 2124 1168 2195 κατωφρύωνται
1211 2124 1412 2195 μᾶλλον
1442 2125 1476 2196 ἢ
1507 2125 1560 2177 οἱ
1590 2125 1815 2191 πεδινοὶ,
1853 2124 1937 2195 6p.-

2071 2140 2166 2196 qne
2212 2125 2323 2180 illis
2365 2134 2450 2179 est
2489 2124 2826 2190 cincinnata,
2872 2130 2928 2177 et
2983 2123 3097 2191 ipsa
3142 2119 3342 2176 coloris
3376 2120 3549 2186 aurei,
3590 2127 3647 2175 et

366 2219 515 2289 μοιτά
543 2236 603 2271 τε
638 2218 982 2290 ὑποκάθηται
1038 2220 1105 2289 τῇ
1138 2218 1305 2289 ὀφρύϊ
1363 2217 1539 2272 δεινὸν
1592 2219 1688 2271 καὶ
1738 2217 1942 2281 ἀναιδὲς

2067 2216 2353 2286 supercilia
2409 2216 2614 2286 majora
2661 2214 2863 2270 habent
2894 2229 3059 2283 quam
3107 2224 3466 2281 campestres,
3502 2210 3643 2267 oculi

360 2310 674 2381 δεδορκότα.
723 2310 1061 2381 ’Υπόχαλκόν
1087 2326 1149 2363 τε
1180 2305 1312 2381 ἧχον
1328 2309 1374 2341 ⁸³
1413 2310 1690 2381 φέρουσιν,
1736 2309 1936 2363 ἐπειδὰε

2067 2320 2240 2365 autem
2271 2309 2579 2380 superciliis
2606 2308 2864 2371 subsunt,
2893 2316 3068 2371 torve,
3111 2305 3462 2376 graviterque
3495 2306 3643 2373 aspio

361 2404 431 2473 τῇ
462 2405 536 2473 γῇ
573 2402 1023 2473 ὐποκυμαίνωσιν
1051 2401 1118 2458 ⁸⁸.
1163 2401 1299 2456 Ἀπὸ
1345 2402 1401 2455 δὲ
1451 2402 1562 2455 τῶν
1605 2401 1782 2471 λόφων
1816 2418 1937 2473 πυρ·

2067 2404 2285 2473 εἰεηιθε,
2325 2403 2416 2472 qui
2444 2402 2710 2455 dracones
2749 2399 2975 2470 perinde
3001 2413 3066 2453 ac
3098 2398 3143 2451 si
3178 2405 3362 2452 essent
3402 2396 3537 2451 aenei
3563 2396 3643 2450 si-

366 2497 479 2550 σῶν
529 2497 699 2551 ὄντων
744 2496 857 2569 πῦρ
910 2497 1093 2561 αὐτοῖς
1144 2498 1295 2552 ἀττει
1356 2496 1641 2567 λαμπάδος
1668 2495 1715 2527 ⁸⁸
1771 2495 1942 2549 πλέον.

2070 2494 2252 2560 bilant,
2279 2493 2714 2562 quandocunque
2739 2505 2834 2560 per
2860 2497 3068 2543 terram
3104 2497 3351 2557 serpunt.
3389 2486 3435 2541 E
3464 2485 3646 2541 cristis

364 2585 531 2644 Οὗτοι
556 2590 651 2643 καὶ
698 2589 829 2652 τοὺς
867 2587 1170 2658 ἐλέφαντας
1211 2586 1482 2659 αἱροῦσιν.
1531 2587 1696 2641 Αὐτοὶ
1753 2586 1811 2641 δὲ
1851 2587 1940 2641 sua

2067 2603 2191 2644 vero
2220 2601 2340 2655 qua:
2369 2585 2549 2639 rubrae
2573 2592 2720 2648 sunt,
2743 2581 2891 2636 velut
2909 2582 3051 2652 ignis
3067 2580 3371 2635 scintillare
3398 2579 3643 2645 videtur;

362 2678 477 2733 τῶν
522 2677 702 2732 Ἰνδῶν
744 2676 918 2743 οὕτως
968 2679 1283 2732 ἁλίσκονται
1304 2693 1320 2709 ο
1375 2677 1731 2749 Κοκκοϐαφετ
1764 2678 1938 2749 πέπλιε

2069 2691 2113 2737 ει
2146 2680 2236 2735 isti
2270 2691 2486 2748 quoque
2521 2676 2843 2745 elephantos
2868 2673 3110 2743 capiunt.
3149 2673 3256 2742 ipsi
3296 2687 3429 2728 vero
3458 2672 3527 2727 ab
3560 2673 3645 2725 lu-

363 2771 545 2841 χρυσᾶ
593 2770 899 2841 ὲνείροντες
956 2771 1266 2842 γράμματα
1299 2770 1348 2803 ⁸⁸
1391 2769 1636 2825 τίθενται
1693 2771 1804 2842 πρὸ
1853 2770 1939 2840 τῆς

2069 2772 2142 2828 dis
2173 2773 2277 2826 boc
2306 2770 2465 2825 modo
2487 2768 2773 2837 capiuntur
2809 2784 2823 2821 :
2861 2765 3081 2837 pallium
3111 2764 3424 2821 coccineum
3446 2765 3645 2821 litteris

362 2865 541 2935 χειᾶς,
573 2862 741 2919 ὕπνον
781 2862 1256 2935 ὲγγοητεύσαντες
1305 2864 1421 2927 τοῖς
1468 2863 1819 2934 γράμμασιν,
1864 2864 1938 2932 ὑφ

2066 2864 2241 2919 aureis
2284 2863 2743 2932 superintextum,
2818 2866 2945 2914 ante
3003 2857 3249 2914 cubicula
3310 2858 3642 2925 extendunt;

362 2948 428 3008 οὗ
464 2956 683 3008 νικᾶται
714 2954 842 3019 τοὺς
871 2953 1188 3024 ὀφθαλμοὺς
1220 2954 1530 3024 ἀτρέπτους
1559 2954 1720 3018 ὂντας
1752 2956 1781 3007 ὁ
1829 2953 1938 3025 δρά·

2072 2957 2259 3026 scripta
2288 2966 2469 3010 autem
2502 2952 2870 3009 incantatoria
2900 2952 3068 3007 verba
3102 2966 3357 3007 somnum
3392 2953 3648 3007 videntur

363 3064 500 3111 κων,
526 3046 622 3102 καὶ⁵
669 3046 843 3101 πολλά
893 3046 995 3116 τῆς
1050 3046 1368 3119 ἀπορρήτου
1402 3044 1598 3115 σοφίας
1640 3046 1728 3098 ἐπ’
1786 3043 1939 3099 αύτδκ

2066 3050 2335 3112 inducere,
2381 3046 2578 3118 3261»
2629 3045 2711 3100 his
2760 3048 3060 3099 draconum
3100 3044 3283 3109 oculi,
3334 3059 3642 3113 quanquam

363 3140 603 3212 ᾅδουσιν,
635 3135 718 3203 οἷς
743 3137 940 3205 ἀγεταί
970 3154 1031 3192 τε
1060 3136 1267 3192 καὶτὸν
1287 3137 1493 3209 αὐχένα
1518 3135 1805 3191 ὑποϐαλὼν
1855 3135 1939 3206 τῆς

2066 3139 2366 3203 durissimi,
2408 3147 2759 3207 superantur.
2820 3136 2925 3208 lpsi
2960 3152 3179 3207 quoque
3208 3136 3441 3206 plurima
3479 3137 3642 3192 verba

363 3236 521 3305 χειᾶς
552 3230 905 3287 ἑπικαθεύδει
931 3234 1049 3295 τοῖς
1098 3232 1421 3303 γράμμασι.
1464 3232 1881 3301 Προσπεσόντες
1906 3230 1939 3262 δε

2066 3244 2126 3284 ex
2157 3243 2354 3284 arcana
2385 3228 2652 3298 sapientia
2682 3229 3226 3297 superincantantes,
3254 3243 3320 3281 eo
3352 3230 3642 3285 draconem

362 3324 460 3381 οῦν
480 3328 530 3379 οί
574 3326 723 3380 Ἰνδοὶ
755 3325 998 3398 κειμένῳ
1020 3325 1273 3389 πελέκεις
1324 3326 1706 3393 ὲναράττουσι,
1734 3326 1828 3376 καὶ
1856 3322 1938 3394 rip

2068 3322 2392 3391 perducunt,
2416 3328 2475 3373 ιιι
2504 3318 2910 3388 caputlatebris
2931 3327 3170 3382 exserat,
3204 3328 3259 3373 et
3301 3318 3497 3374 litteris
3538 3318 3644 3388 pal-

362 3420 610 3491 κεφαλὴν
634 3418 1009 3490 ἀποτεμόντες
1042 3416 1317 3489 ληϊζονται
1346 3416 1446 3480 τὰς
1478 3417 1536 3470 ἐν
1584 3415 1724 3486 αὐτῇ
1749 3415 1938 3479 λίθουςς

2066 3412 2134 3466 lio
2163 3412 2391 3467 intextis
2418 3409 2901 3479 superindormiat,
2920 3409 3209 3464 dormienti
3230 3419 3410 3464 autem
3428 3411 3642 3465 instan-

360 3514 519 3568 Λίθοι
551 3513 608 3567 δὲ
629 3512 844 3577 τούτοις
871 3511 1195 3567 ἀπόκεινται
1245 3509 1308 3575 τὸ
1368 3509 1469 3581 μὲν
1524 3506 1666 3573 είδος
1718 3507 1936 3579 ἁνθηρα¹

2068 3517 2145 3561 tes
2176 3506 2316 3572 indi,
2348 3504 2531 3560 securi
2582 3503 2851 3559 cervicem
2885 3503 3112 3573 feriunt,
3159 3506 3440 3573 scissaque
3466 3508 3644 3577 capite

361 3608 461 3659 καὶ
498 3606 678 3661 πάντα
701 3605 1127 3675 ἀπαυγάζουσαι
1158 3601 1431 3675 χρώματα
1462 3601 1531 3667 ⁸⁷,
1571 3602 1670 3672 τὴν
1717 3602 1773 3654 δὲ
1798 3601 1937 3671 ίσχὺη

2066 3596 2274 3665 lapillos
2315 3596 2462 3650 intus
2510 3604 2791 3650 exstantes
2828 3594 3106 3651 auferunt.
3147 3594 3457 3651 Traduntur
3495 3599 3642 3653 enim

362 3700 596 3771 ἄρῤητοι
631 3699 775 3753 κατὰ
832 3698 925 3752 τὸν
959 3696 1247 3751 δακτύλιον
1289 3694 1351 3749 δν
1395 3693 1652 3763 γενέσθαι
1707 3695 1840 3762 φασὶ
1875 3691 1938 3762 τᾷ

2066 3699 2443 3743 montanorum
2468 3688 2764 3743 draconum
2795 3685 3068 3755 capitibus
3096 3687 3275 3742 inesse
3297 3686 3488 3756 lapilli,
3517 3703 3642 3757 spe-

362 3793 537 3866 Γύγῃ.
557 3791 827 3855 Πολλάκις
854 3790 911 3845 δὲ
933 3789 1028 3844 τὸν
1074 3789 1234 3843 Ἰνδὸν
1256 3786 1408 3859 αὑτῷ
1439 3786 1662 3840 πελέκει
1692 3786 1790 3838 καὶ
1813 3785 1938 3856 αὐτῇ

2068 3779 2145 3834 cie
2170 3790 2225 3835 et
2254 3786 2479 3846 aspectu
2500 3776 2751 3843 jucundi,
2777 3785 2829 3829 et
2858 3776 3200 3845 splendorem
3236 3777 3523 3845 quemdam
3551 3791 3644 3833 co-

359 3886 527 3957 τέχνῃ
562 3882 843 3938 συλλαϐὼν
877 3884 935 3947 ἐς
955 3881 1054 3953 τὴν
1101 3880 1268 3935 αὑτοῦ
1312 3880 1469 3951 χειὰν
1529 3877 1713 3949 φέρων
1756 3874 1935 3948 ᾤχετο

2068 3871 2267 3924 [oribus
2304 3869 2625 3923 inducentes
2657 3886 2671 3921 :
2699 3867 2906 3921 viribus
2934 3878 3114 3923 autem
3144 3867 3505 3938 potentiaque
3541 3869 3644 3924 mi-

364 3980 529 4049 μόνον
559 3978 624 4032 οὐ
646 3976 809 4031 σείων
847 3976 909 4030 τὸ
937 3975 1085 4047 ὅρος.
1114 3966 1276 4029 Οὗτοι
1314 3973 1410 4027 καὶ
1446 3972 1515 4025 τά
1575 3971 1676 4042 ὅρη
1700 3970 1769 4023 τά
1822 3969 1940 4040 περῖ

2065 3963 2283 4028 rabiles,
2315 3961 2458 4016 sicut
2483 3959 2736 4027 annulus,
2770 3975 2930 4029 quem
2973 3960 3227 4014 habuisse
3271 3959 3502 4032 Gygem,
3523 3962 3641 4016 vul-

360 4068 461 4140 τὴν
498 4068 766 4141 Ἐρυθρὰν
795 4068 965 4121 οἰκεῖν
996 4066 1269 4135 λέγονται.
1288 4064 1369 4118 Τά
1406 4063 1451 4117 δ’
1478 4063 1576 4133 ἔτη
1611 4062 1721 4116 τῶν
1747 4061 1936 4133 θηρίωη

2065 4066 2246 4127 gatnm
2274 4063 2379 4108 est.
2416 4053 2610 4107 Evenit
2634 4063 2812 4108 autem
2843 4051 3137 4116 interdum,
3167 4062 3227 4106 ut
3253 4052 3422 4109 draco
3451 4052 3641 4108 indum

360 4161 572 4215 τούτων
637 4160 844 4229 γνῶναί
892 4176 952 4213 τε
1031 4158 1237 4229 ἄπορον
1286 4158 1379 4211 καὶ
1443 4157 1622 4209 εἰπεῖν
1696 4156 1936 4209 ἄπιστον⁴

2065 4164 2181 4203 cum
2222 4144 2399 4200 securi
2438 4152 2492 4199 et
2543 4152 2682 4208 arte,
2726 4144 2866 4195 intra
2912 4142 3091 4197 cubile
3136 4143 3360 4197 trahens
3397 4143 3641 4211 devoret,

361 4253 655 4325 Προϊόντες
672 4252 717 4285 ⁸⁸
736 4253 794 4306 δέ
823 4268 992 4321 φασιν
1008 4251 1053 4283 δ’
1084 4249 1251 4304 αὐλοῦ
1284 4250 1383 4320 μὲν
1410 4249 1643 4303 ἀκοῦσαι
1680 4248 1830 4312 δόξαι
1861 4265 1937 4300 νο-

2067 4241 2226 4297 etiam
2255 4240 2429 4308 ipsum
2456 4250 2591 4307 pene
2622 4245 2859 4289 tuentem
2890 4234 3230 4289 concutiens.
3264 4232 3427 4290 Tales
3463 4244 3643 4288 autem

364 4347 512 4416 μέως
542 4344 606 4417 δή
636 4362 785 4408 τινος
813 4344 1018 4414 ἀγέλην
1070 4342 1380 4403 τάττοντος,
1421 4339 1547 4411 [555
1572 4338 1666 4410 ΙΙ.]
1713 4339 1940 4407 ἐλάφους

2066 4332 2329 4387 dracones
2373 4338 2609 4389 mentes,
2634 4326 2725 4393 qui
2762 4326 2828 4380 ad
2861 4325 3108 4379 Rubrum
3158 4341 3307 4379 mare
3350 4325 3642 4393 pertinent,

360 4414 422 4493 δὲ
483 4414 605 4509 ἀρα-
638 4436 1014 4508 βουκολεῖσθαι
1058 4435 1257 4498 λευκάς
1282 4449 1295 4464 ο
1346 4432 1647 4503 ἀμέλγουσι
1698 4431 1756 4485 δὲ
1800 4430 1936 4483 Ἰνδοῖ

2069 4425 2312 4480 dicuntur
2337 4419 2596 4473 incolere.
2623 4416 2700 4471 De
2725 4415 3063 4486 longitudine
3094 4426 3276 4468 autem
3305 4416 3431 4470 vitae
3456 4414 3645 4481 hujus-

359 4506 587 4593 ταύτας,
612 4506 887 4598 εὐτραφὲς
912 4526 1211 4597 ἡγούμενοι
1237 4523 1299 4579 τὸ
1331 4524 1427 4578 ἀπ’
1450 4522 1632 4577 αὐτῶν
1679 4521 1839 4590 γάλα.

2064 4516 2205 4571 modi
2240 4513 2566 4577 belluarum,
2594 4518 2650 4564 et
2681 4522 3015 4578 cognoscere
3043 4506 3448 4575 difﬁcillimum,
3478 4521 3554 4576 et,
3593 4509 3640 4565 si

364 4624 602 4690 dicatur,
646 4622 990 4679 incredibile.
1041 4620 1260 4677 Fistula
1317 4624 1557 4674 sonitum
1614 4619 1806 4673 audire
1847 4616 1950 4671 visi
1988 4621 2137 4676 sunt,
2162 4610 2318 4681 quasi
2355 4606 2593 4677 pastoris
2624 4619 2842 4676 gregem
2879 4604 3221 4673 colligentis,
3285 4604 3378 4675 qui
3453 4620 3646 4662 cervas

361 4716 517 4771 aibas
545 4717 823 4783 pascebat.
856 4714 1099 4786 Mulgent
1134 4725 1317 4769 autem
1352 4714 1498 4783 ipsas
1529 4711 1668 4777 indi,
1695 4710 1839 4781 quod
1869 4710 1950 4765 lac
1989 4720 2179 4762 earum
2207 4704 2508 4757 maximum
2543 4699 2937 4756 nutrimentum
2965 4706 3181 4768 putant.

430 4809 718 4864 Ἐντεῦθεν
733 4811 961 4882 ἡμερῶν
977 4809 1256 4878 τεττάρων
1283 4809 1641 4880 πορευόμενοι
1672 4806 1742 4859 δι’
1761 4802 1946 4858 εὐδαί-

2122 4798 2251 4853 lude
2280 4806 2515 4867 quatuor
2554 4795 2765 4849 dierum
2819 4794 2931 4847 iter
2972 4791 3270 4861 progressi,
3300 4807 3397 4864 per
3427 4793 3641 4850 felicem

363 4920 525 4975 μονος
552 4902 647 4956 καὶ
671 4901 896 4972 ἐνεργοῦ
926 4901 1028 4972 τῆς
1043 4900 1253 4973 χώρας,
1281 4900 1604 4971 προσελθεῖν
1651 4896 1849 4969 φασι⁸⁰
1878 4899 1939 4967 τῇ

2069 4902 2102 4949 et
2139 4893 2277 4948 bene
2324 4888 2525 4944 cultam
2570 4888 2850 4957 regionem
2900 4887 2967 4940 ad
3002 4887 3283 4955 oppidum,
3320 4888 3371 4942 id
3411 4903 3522 4958 quo
3560 4905 3645 4944 sa-

359 4996 472 5049 τῶν
504 4993 685 5065 σοφῶν
715 4995 837 5065 ἦτοι
875 4992 987 5046 τῶν
1010 4994 1323 5064 λεγομένων
1345 4992 1691 5065 Βραχμάνων
1730 4988 1935 5059 τύρσει1

2064 4986 2257 5042 δίεηιες
2298 4980 2563 5043 habitant,
2608 4978 2701 5048 qui
2751 4978 2913 5046 vulgo
2948 4976 3309 5034 Brachmanae
3350 4989 3640 5047 vocantur,

362 5089 462 5144 καὶ
498 5088 858 5158 συγγενέσθαι
881 5086 1068 5150 αὐτοῖς
1096 5087 1183 5158 ἐφ’
1230 5087 1415 5142 ίκανόν
1435 5103 1450 5117 °
1496 5085 1628 5157 περὶ
1658 5083 1755 5149 οὓς
1772 5083 1814 5116 ⁸³
1847 5082 1938 5135 αὑ-

2068 5080 2432 5135 »ει-νειιενιιιιι,
2474 5078 2530 5125 et
2563 5085 2686 5125 cum
2726 5070 2792 5125 iis
2822 5071 2958 5126 satis
2996 5070 3090 5125 diu
3126 5070 3331 5126 versati
3371 5078 3499 5127 sunt
3530 5091 3542 5127 :
3578 5073 3644 5127 de

359 5180 487 5245 τούς
518 5196 683 5250 φησιν
701 5178 747 5212 ⁵⁸
778 5176 1069 5249 εἰρηκέναι
1096 5194 1158 5231 τε
1211 5179 1308 5231 καὶ
1344 5176 1472 5231 ίδεϊν
1498 5174 1593 5229 καὶ
1627 5174 1860 5227 ἀκοῦσαι
1912 5171 1935 5227 ἃ

2057 5168 2249 5239 quibus
2273 5180 2332 5221 se
2361 5164 2551 5219 dicunt
2575 5163 2798 5231 vidisse,
2831 5173 2887 5218 et
2916 5162 3162 5228 audisse,
3193 5176 3314 5231 quae
3352 5177 3514 5218 nemo
3538 5176 3633 5216 sa-

1647 5265 1886 5329 VARIAE
1923 5258 2325 5319 LECTIONES.

469 5376 514 5410 "
566 5373 973 5445 συναυξουμένη
1026 5371 1091 5427 Β.
1192 5369 1237 5404 ³⁸
1286 5370 1581 5445 ἀνίσχουσα
1613 5383 1721 5445 mg.
1778 5382 1792 5418 :
1836 5364 1988 5445 .libri
2020 5360 2265 5445 ἀνίουσα.
2328 5358 2404 5445 "1
2421 5358 2479 5422 ἐς
2506 5358 2559 5443 Α.
2590 5376 2603 5413 :
2642 5357 2737 5411 ἐπὶ
2769 5375 2884 5445 ςεΛ
2904 5354 3143 5445 "diales
3309 5352 3645 5445 πυρσοί

356 5462 419 5500 τε
454 5446 551 5499 κοιλ⁵
570 5423 1145 5516 ἶρῐδζρᾶἆξῆὼοῐέαι
1179 5423 1313 5516 ruga,
1334 5423 1458 5512 έτῡῖ»
1502 5455 1566 5516 τε
1597 5423 1699 5516 καῖ
1721 5436 2033 5516 πριόνωτοξ.
2044 5432 2286 5516 γίνονται
2315 5428 2405 5516 ᾼΒ
2443 5428 2756 5516 τλτύρσεται
2798 5426 2899 5516 κει).⁸
2944 5423 3280 5516 πρίργξυτρς-
3309 5423 3529 5516 γίνξξαξέ
3563 5442 3638 5516 ξς

357 5494 417 5548 ἶ
433 5494 1143 5586 eius???
1180 5494 2035 5586 ψξῗάτρεπτοιίάστρᾶπτουσιβ
2056 5494 2284 5586 etncorr.
2315 5501 2383 5553 A.
2457 5499 2504 5586 ις’
2542 5494 2901 5586 μεγάλωνμΛκε
3364 5565 3383 5586 Δ

358 5563 539 5652 ιιιῖ
554 5563 657 5627 ""3
672 5563 806 5657 ἦχον
839 5563 1066 5657 iis?»
1225 5563 1770 5657 ‘fioftottuua’ivooo'w
1797 5594 1859 5657 ςζ
1890 5578 1981 5631 sed
2006 5572 2205 5650 malim_
2227 5563 2741 5657 ἐπικυμαίνξεσινεί
2788 5563 3333 5657 ξιηλὲμπάδοςπλέον
3354 5563 3632 5657 λαμὶ

358 5635 556 5738 Eleis};
906 5635 1275 5738 ’ῙῖλαῖρξῦσινῙ
1312 5652 1442 5738 Ιὶὶὶιέ
1470 5635 1735 5738 αἴρουσιν.
1760 5718 1777 5738 ἱ
1806 5635 2332 5738 ἷξλῳυσπεξοξπξς
2366 5635 2445 5738 Si)
2523 5635 3135 5738 ⁴⁷Ιξριξῇαῖαλξέ³¹ίεθΐ
3154 5656 3166 5694 ε
3198 5636 3322 5694 “bri
3352 5636 3616 5711 Χρήματα»

355 5706 760 5791 ἆῂτὶόὸέάῦξέξῐ
791 5706 875 5795 fni,
917 5727 970 5785 9.
1008 5706 1322 5794 ""ii‘cpnec’w
1356 5722 1464 5776 AB.
1533 5706 1615 5755 ἰο
1648 5718 1783 5791 φησὶ
1817 5706 1950 5772 Ab.‘
2028 5714 2069 5747 σι
2100 5709 2219 5783 οὓς]
2265 5709 2330 5774 ἃς
2358 5708 2466 5764 AB.
2576 5706 2819 5795 περάσιν
2845 5706 2952 5763 AB.
