3990 6232
356 275 492 339 12Ξ3

1543 262 1808 324 ΡΗΟΤΙΙ
1846 259 2353 322 ΡΑΤΒΙΑΒΟΗᾹΞ
2391 259 2500 322 CP.

3493 254 3648 320 1224'

350 412 454 451 nus
494 394 762 450 crederet.
811 389 1035 461 lmpium
1097 390 1290 458 dogma
1339 384 1407 440 de
1462 383 1940 449 transmigratione

2049 377 2220 440 οὐδεὶς
2249 377 2360 432 τῶν
2411 374 2537 431 νοῦν
2576 375 2810 446 ἐχόντων
2855 371 3189 427 πιστεύσειε.
3225 370 3302 424 Τὸ
3359 369 3416 424 δὶ
3443 371 3492 402 ⁸³
3528 369 3630 436 τῆς

350 487 656 541 animarum
691 501 788 555 per
825 481 1114 553 IEgyptios
1146 479 1212 533 ad
1253 476 1620 548 Pythagoram
1661 475 1789 528 hinc
1812 488 1934 528 cre-

351 580 483 633 dunt
507 591 814 633 emanasse.
855 573 1058 628 Cumas
1087 582 1266 625 autem
1298 571 1564 633 nutriunt,
1599 568 1738 622 sicut
1767 581 1942 636 quon-

351 672 476 725 dam
511 667 927 730 Lacetlznmonii,
952 677 1006 721 et
1031 665 1223 720 Thurii
1247 682 1262 730 ;
1288 665 1476 716 vittam
1513 676 1726 731 quoque
1759 659 1939 714 albam

352 759 780 843 circumdabant,
817 767 871 813 et
899 757 1059 812 nudis
1101 755 1326 826 pedibus
1362 753 1726 807 ambulabant.
1769 751 1944 805 Vestis

353 859 532 903 autem
567 864 755 903 eorum
791 849 844 902 in
878 847 1354 917 superhumeralis
1378 845 1612 899 formam
1641 843 1940 912 composita

352 951 456 994 est.
498 941 669 1009 Ipsius
719 941 946 994 materia
985 941 1182 1009 lanugo
1215 948 1318 1003 est,
1355 952 1473 1006 quae
1520 945 1713 1004 sponte
1748 950 1844 988 sua
1887 933 1940 986 in

354 1032 460 1084 illis
490 1032 626 1086 locis
667 1033 886 1095 crescit,
915 1031 1034 1086 alba
1077 1031 1316 1099 quidem,
1352 1027 1514 1084 veluti
1546 1041 1662 1096 qua:
1704 1026 1755 1078 in
1778 1024 1941 1077 Pam-

355 1124 538 1193 phylia
577 1124 843 1177 nascitur.
883 1124 961 1177 Ex
1011 1138 1072 1176 ea
1123 1136 1335 1176 sacram
1368 1128 1576 1174 vestem
1624 1118 1938 1183 conficiunt,

353 1217 481 1284 quia
525 1215 742 1269 mollior
771 1225 877 1278 est,
931 1230 958 1268 a
985 1215 1116 1269 solis
1150 1229 1181 1269 e
1224 1220 1372 1268 terra
1422 1210 1662 1266 vellitur.
1715 1208 1944 1263 Gestant

355 1307 613 1361 annulum
641 1319 695 1361 et
736 1306 1014 1362 baculum.

424 1485 620 1540 Dicunt
648 1488 876 1555 lapidem
913 1485 1235 1556 pantarbem
1265 1484 1485 1538 nomine
1515 1481 1691 1544 nasci,
1725 1479 1939 1548 magni-

357 1577 541 1632 tudine
583 1577 782 1646 unguis
814 1578 906 1645 qui
947 1576 999 1630 in
1027 1575 1238 1645 pollice.
1272 1573 1528 1643 Gignitur
1571 1587 1700 1626 vero
1734 1572 1784 1625 in
1816 1586 1947 1624 con-

356 1669 504 1724 cavis
544 1678 722 1735 terrte,
761 1665 1405 1738 profunditatejugerum
1433 1676 1684 1734 quatuor.
1709 1665 1942 1718 Tantum

353 1777 488 1816 vero
544 1762 649 1832 ipsi
683 1764 910 1830 spiritus
941 1763 1106 1828 inest,
1148 1773 1206 1814 ut
1245 1761 1594 1824 intumescat,
1619 1769 1672 1812 et
1707 1760 1945 1828 pleruma

354 1874 460 1926 que
488 1859 766 1914 scindatur
793 1869 956 1922 terra,
985 1858 1076 1912 ubi
1135 1857 1399 1924 ejusmodi
1448 1856 1584 1924 lapis
1618 1857 1940 1925 concipitur.

356 1949 600 2005 Evellere
648 1960 826 2004 autem
855 1952 1047 2020 [ipsum
1099 1951 1298 2005 nemini
1337 1951 1486 2013 licet,
1543 1949 1645 2004 nisi
1691 1950 1782 2018 qui
1825 1947 1943 2018 ejus

357 2041 432 2096 sit
468 2043 640 2097 sacris
676 2043 873 2113 327a
931 2044 1218 2099 initiatus:
1251 2044 1340 2113 qui
1387 2052 1547 2097 noctu
1609 2042 1748 2096 diem
1798 2041 1944 2095 velut

357 2130 498 2202 ignis
522 2135 780 2201 ostendit,
818 2135 1074 2203 quoniam
1099 2135 1286 2204 igneus
1320 2143 1404 2187 est
1435 2149 1498 2186 ac
1541 2132 1793 2187 radiosus
1821 2149 1832 2184 :
1861 2133 1942 2184 sin

360 2237 488 2276 vero
534 2232 655 2290 post
691 2223 833 2277 diem
875 2225 1193 2292 aspiciatur,
1223 2223 1525 2278 innumeris
1551 2223 1948 2277 rutilationibus

362 2314 549 2368 oculos
578 2316 722 2373 ferit.
779 2318 834 2372 Id
882 2326 1062 2371 autem
1097 2317 1244 2385 quod
1281 2316 1332 2370 in
1374 2316 1493 2384 ipso
1534 2315 1712 2370 lumen
1759 2317 1945 2386 fulget,

357 2407 580 2475 spiritus
613 2419 695 2464 est
739 2411 996 2479 potentiae
1046 2409 1298 2465 occultm.
1347 2408 1578 2480 Lapides
1609 2410 1754 2464 enim
1789 2425 1945 2478 spar-

358 2499 458 2551 sim
481 2497 671 2566 jactat,
704 2510 758 2555 et
789 2501 841 2554 in
879 2515 1028 2555 mare
1058 2500 1242 2555 condit
1270 2516 1286 2555 :
1321 2503 1662 2568 postmodum
1701 2515 1828 2554 vero
1859 2500 1946 2554 hic

358 2589 496 2659 lapis
529 2595 592 2646 ad
627 2607 720 2648 eos
751 2593 1036 2658 dimissus,
1063 2591 1450 2648 distributione
1475 2593 1557 2647 sui
1587 2593 1808 2661 spiritus
1835 2591 1945 2646 col-

358 2682 514 2748 ligit,
555 2684 625 2737 ita
666 2693 724 2737 nt
765 2685 1069 2739 coacervati
1125 2683 1338 2753 lapides
1392 2693 1650 2752 tanquam
1709 2698 1942 2737 examen

357 2787 514 2841 apum
536 2774 610 2828 illi
639 2775 976 2843 subiaceant.
1010 2775 1151 2842 Quin
1205 2775 1372 2830 etiam
1409 2775 1558 2830 addit
1592 2775 1684 2830 ille
1709 2786 1942 2844 nugator

357 2865 739 2929 Philostratus.
765 2865 882 2922 hate
911 2866 964 2920 la
977 2868 1163 2921 rcham
1201 2866 1492 2938 Apollonio
1520 2867 1749 2933 dixisse,
1779 2876 1834 2920 et
1864 2865 1947 2919 la-

355 2955 534 3024 pidem
569 2955 644 3010 illi
669 2956 1001 3019 ostendisse,
1029 2965 1085 3011 et.
1113 2971 1305 3012 omnes
1331 2957 1449 3028 ejus
1484 2958 1773 3027 potentias.

427 3159 708 3232 Pygmaeos
755 3169 937 3216 autem
980 3161 1081 3216 sub
1146 3169 1293 3216 terra
1335 3163 1592 3234 degentes
1645 3163 1720 3217 ait
1781 3178 1941 3232 supra

356 3253 602 3319 Gangem
633 3255 808 3324 posita
835 3254 953 3308 loca
984 3255 1246 3322 incolere,
1286 3266 1341 3311 et
1368 3257 1508 3311 sicut
1539 3256 1676 3310 fama
1711 3258 1774 3312 de
1814 3259 1945 3326 ipsis

356 3345 615 3413 prtedicat
639 3344 839 3398 vivere.
881 3342 1181 3414 Sciapodes
1206 3361 1334 3400 vero
1354 3346 1430 3417 [id
1448 3357 1555 3410 est,
1584 3348 1673 3416 qui
1697 3348 1800 3400 sibi
1827 3363 1943 3400 um-

357 3436 505 3488 bram
532 3435 750 3505 pedibus
780 3434 1002 3508 parant]
1052 3445 1107 3491 et
1153 3437 1622 3505 macroeepltalus,
1658 3446 1713 3492 et.
1758 3437 1945 3506 hujus-

359 3526 501 3578 modi
547 3537 788 3581 monstra
835 3537 1190 3595 quotcunque
1243 3526 1488 3596 Scylacis
1542 3527 1653 3599 (95)
1705 3527 1944 3583 historia:

357 3617 673 3682 dccantant,
714 3632 815 3671 nec
848 3617 990 3687 apud
1024 3616 1205 3684 Indos,
1240 3634 1344 3673 nec
1389 3618 1517 3672 alibi
1555 3628 1823 3673 terrarum
1853 3635 1944 3674 us-

359 3726 524 3778 quam
555 3713 738 3765 vivere
771 3726 994 3767 censeo.
1023 3713 1234 3765 Aurum
1269 3727 1396 3766 vero
1422 3713 1565 3780 quod
1600 3713 1834 3782 gryplies
1866 3711 1943 3766 cf-

359 3802 548 3857 fodere
591 3802 878 3867 dicuntur,
913 3811 1078 3872 petrae
1111 3814 1239 3857 sunt
1265 3804 1445 3857 aureis
1479 3805 1647 3872 guttis
1693 3803 1945 3857 minutis-

358 3895 514 3948 simis
562 3909 894 3964 conspersus,
933 3909 1068 3964 quas
1117 3896 1228 3948 lizec
1276 3893 1387 3946 fera
1438 3905 1616 3948 rostro
1661 3895 1942 3950 discindit.

360 3985 500 4039 Sunt
530 3985 673 4041 enim
718 3985 1031 4053 liujusmodi
1079 4000 1208 4040 aves
1261 3986 1313 4040 in
1354 3984 1527 4049 India,
1575 3986 1946 4056 magnitudine

360 4087 538 4131 autem
571 4084 626 4130 et
649 4076 858 4132 viribus
889 4077 1136 4132 leonibus
1168 4092 1345 4147 pares,
1376 4086 1431 4130 et
1462 4077 1668 4132 alarum
1697 4079 1946 4148 praesidio

360 4169 413 4220 in
441 4167 650 4232 leones,
684 4167 1025 4236 elephantos,
1071 4180 1128 4223 et
1156 4169 1426 4224 dracones
1475 4170 1738 4239 involant,
1779 4187 1944 4242 supc-

362 4261 646 4332 rioresque
673 4262 930 4315 evadunt.
976 4260 1173 4315 Volant
1202 4273 1383 4316 autem
1418 4277 1523 4316 non
1558 4263 1804 4331 multum,
1849 4265 1944 4320 sed

359 4362 624 4423 quantum
668 4354 907 4422 parvula:
952 4369 1100 4408 aves.
1139 4352 1253 4409 Non
1294 4355 1437 4409 enim
1494 4365 1743 4422 pennata:
1790 4367 1940 4424 sunt,

2046 468 2522 540 μετεμψυχώσεως
2584 465 2870 536 βδελυκτδν
2944 464 3121 534 δόγμα
3172 461 3384 516 ἐκεῖθεν
3419 463 3489 516 δι’
3531 462 3630 516 Αί-

2042 563 2288 631 γυπτίων
2309 563 2517 632 ἔφασαν
2533 561 2628 615 καὶ
2645 560 2942 628 Πυθαγόρα
2959 559 3228 630 ἐνσκῆψαι
3243 562 3312 612 δι.
3335 556 3566 628 Κομῶσι
3584 557 3632 588 ⁵⁸

2040 656 2094 709 δὲ
2129 649 2275 710 οὗτοι
2325 656 2376 708 οἱ
2441 653 2616 718 Ἰνδοὶ,
2667 653 2856 723 ὥσπερ
2881 653 2928 684 ⁵⁸
2985 650 3405 720 Λακεδαιμόνιοι
3461 647 3632 703 πάλαι

2043 749 2139 802 καὶ¹
2180 748 2419 819 Θούριοι,
2487 747 2687 818 μίτραν
2737 762 2796 798 τε
2862 743 3188 798 ἀναδοῦνται
3261 741 3487 812 λευκὴν,
3534 741 3635 795 καὶ

2041 842 2248 913 γυμνὸν
2273 844 2458 905 αὐτοῖς
2490 840 2748 911 βάδισμα.
2803 838 2914 892 Καὶ
2931 837 3030 903 τὴν
3069 835 3274 906 ἐσθῆτα
3317 835 3630 906 ἐσχηματί-

2043 937 2197 999 ζοντο
2224 933 2608 1005 παραπλήσιον
2638 932 2681 963 ⁸⁷
2709 933 2836 993 ταῖς
2870 928 3155 998 ὲξωμίσιν.
3193 928 3258 980 Ἦ
3305 927 3360 982 δὲ
3395 926 3496 999 ὕλη
3531 927 3633 996 τῆς

2042 1026 2289 1096 ἐσθῆτος,
2351 1025 2500 1094 ἔριον
2543 1023 2812 1092 αὐτοφυὲς
2869 1025 2906 1092 ἠ
2961 1022 3033 1092 γῆ
3069 1019 3214 1091 φύει,
3268 1020 3462 1074 λευκὸν
3529 1019 3635 1089 μὲν

2043 1120 2234 1191 ὥσπερ
2259 1119 2323 1172 τὸ
2353 1118 2688 1190 Παμφύλων,
2737 1115 3123 1187 μαλακώτερον
3152 1113 3208 1166 δέ
3229 1131 3244 1144 ·
3281 1112 3439 1166 τοῦτο
3481 1112 3634 1183 ἱερὰν

2044 1212 2250 1280 ὲσθῆτα
2275 1211 2580 1272 ποιοῦνται,
2607 1209 2770 1282 [1005
2812 1206 2902 1280 B.]
2944 1208 3039 1260 καὶ
3068 1205 3253 1276 μόνοις
3277 1205 3462 1266 αὐτοῖς
3498 1203 3630 1256 ἀνα-

2047 1305 2252 1356 σπᾶται
2303 1305 2406 1374 τῆς
2461 1306 2584 1374 γῆς.
2633 1301 2863 1373 Φοροῦσι
2915 1299 2973 1352 δὲ
3029 1299 3126 1353 καὶ
3185 1297 3474 1352 δακτύλιον
3531 1295 3629 1349 καὶ

2047 1396 2261 1468 ῥάϐδον.
2353 1387 2355 1390 ί

2115 1489 2242 1542 Ὀτι
2273 1490 2319 1522 ⁸⁸
2353 1488 2502 1542 λίθον
2531 1489 2666 1558 φησι
2691 1489 2758 1553 ⁵⁸,
2791 1487 3113 1559 παντάρϐην
3149 1487 3340 1556 ὄνομα,
3383 1484 3632 1552 γίνεσθαι

2045 1583 2144 1654 τὴν
2185 1582 2450 1653 μεγίστην
2474 1583 2616 1635 κατὰ
2635 1581 2804 1650 ὄνυχα
2823 1580 3090 1634 δακτύλου
3115 1578 3208 1632 τοῦ
3225 1579 3270 1610 ⁸ο
3289 1577 3596 1647 ἀντίχειρος
3617 1592 3632 1606 ο

2047 1673 2371 1726 κυΐσκεσθαι
2402 1671 2460 1724 δὲ
2517 1671 2687 1740 αὐτὴν
2732 1672 2789 1723 ὲν
2820 1674 2892 1742 γῇ
2911 1672 2954 1703 ⁸⁸
2985 1670 3163 1742 κοίλῃ,
3224 1669 3386 1739 βάθος
3436 1665 3638 1738 όργυαὶ

2049 1765 2336 1833 τέσσαρες.
2363 1763 2631 1817 Τοσοῦτον
2651 1763 2709 1817 δὲ
2735 1764 2873 1834 αὐτῇ
2893 1765 3163 1833 περιεῖναι
3185 1759 3280 1814 τοῦ
3301 1759 3634 1829 πνεύματος,

2050 1858 2124 1920 ὡς
2180 1857 2420 1910 ὐποιδεῖν
2481 1857 2582 1928 τὴν
2621 1857 2727 1926 γῆν
2791 1857 2888 1909 καὶ
2939 1855 3082 1908 κατὰ
3133 1853 3302 1907 πολλὰ
3333 1851 3638 1922 ῥήγνυσθαι

2049 1949 2420 2019 κυῖσκομένης
2478 1951 2535 2002 ὲν
2566 1949 2702 2019 αὐτῇ
2750 1949 2850 2018 τῆς
2892 1946 3067 2001 λίθου.
3102 1947 3179 1999 Οὐ
3231 1947 3365 2000 πᾶσι
3393 1944 3450 1997 δὲ
3500 1946 3638 1997 ἅνα-

2051 2043 2314 2105 σπᾶσθαι,
2352 2041 2488 2096 ἀλλὰ
2528 2043 2642 2105 τοῖς
2665 2041 2762 2105 τὰς
2779 2041 2868 2094 ἐπ’
2899 2041 3061 2111 αὐτῇ·
3083 2039 3306 2103 τελετὰς
3336 2038 3625 2105 ὲπισταμέο

2048 2153 2178 2196 νοις.
2209 2135 2357 2206 Αὕτη
2391 2135 2607 2206 νύκτωρ
2642 2134 2740 2206 μὲν
2789 2133 3004 2206 ἡμέραν
3049 2131 3341 2200 ἀναφαίνει
3385 2129 3641 2199 καθάπερ

2047 2230 2108 2281 τὸ
2135 2229 2250 2300 πῦρ
2283 2228 2417 2298 (ἔστι
2457 2228 2568 2299 γὰρ
2595 2228 2781 2297 πυρσὴ
2815 2228 2911 2280 καὶ
2948 2224 3272 2296 ἀκτινώδης)
3300 2240 3316 2254 ο
3348 2225 3398 2277 εί
3428 2224 3486 2277 δὲ
3519 2223 3638 2292 μεθ’

2048 2321 2264 2390 ἡμέραν
2293 2318 2486 2389 ὁρῷτο,
2523 2318 2707 2389 βάλλει
2735 2319 2863 2382 τοὺς
2897 2317 3211 2388 ὀφθαλμοὺς
3243 2317 3639 2386 μαρμαρυγαῖς

2053 2413 2294 2484 μυρίαις.
2320 2413 2394 2466 Τὸ
2409 2412 2464 2465 δὲ
2500 2414 2558 2465 ὲν
2579 2412 2718 2483 αὐτῇ
2741 2412 2856 2481 φῶς
2893 2411 3114 2480 πνεῦμά
3141 2413 3288 2464 ἐστιν
3317 2411 3638 2480 ἀπορρήτου

2051 2507 2234 2575 ἰσχύος
2262 2523 2276 2537 °
2307 2506 2491 2569 λίθους
2513 2509 2622 2577 γὰρ
2657 2507 2862 2570 ὁπόσας
2889 2505 3070 2577 βούλει
3111 2504 3208 2558 καὶ
3239 2503 3518 2572 σποράδην
3539 2503 3639 2556 καὶ

2050 2600 2296 2672 θαλάσσῃ
2329 2599 2644 2670 διαρρίψας,
2671 2600 2766 2653 καὶ
2803 2599 3011 2670 ταύτην
3061 2599 3253 2660 αὑταῖς
3296 2596 3633 2668 καθιμήσας,

2049 2691 2327 2760 ξυλλέγοις
2357 2693 2402 2724 ⁸³
2433 2693 2502 2745 ἂν
2537 2691 2721 2754 πάσας
2745 2695 2812 2763 τῇ
2851 2692 2947 2745 τοῦ
3008 2692 3317 2761 πνεύματος
3360 2689 3634 2743 διαδόσειο

2049 2785 2428 2839 ὑποκείσονται
2450 2786 2496 2818 ”
2521 2786 2631 2856 γὰρ
2648 2786 2694 2818 ⁸⁸
2728 2786 2866 2856 αὐτῇ
2900 2785 3154 2856 βοτρυδὸν
3181 2785 3237 2838 al
3268 2783 3426 2844 λίθοι,
3464 2782 3638 2836 καθά-

2049 2896 2153 2948 περ
2201 2878 2427 2948 σμῆνος.
2480 2878 2592 2932 Καί
2627 2895 2795 2948 φησιν
2823 2879 2851 2932 ὁ
2907 2877 3258 2949 μυθογράφος
3283 2869 3442 2938 οὗτος
3483 2875 3638 2928 Φιλό-

2050 2984 2282 3038 στρατος
2334 2968 2410 3031 ὡς
2477 2966 2652 3021 ταῦτα
2705 2967 2878 3022 εἰπὼν
2915 2969 3136 3039 ἰάρχας
3169 2967 3248 3038 τῷ
3289 2965 3638 3037 Ἀπολλωνίῳ

1973 3075 2021 3136 ο
2050 3058 2217 3123 ἔδειξε
2248 3058 2346 3128 τὴν
2368 3059 2515 3112 λίθον
2549 3059 2721 3130 αὐτὴν
2740 3061 2836 3114 καὶ
2871 3060 3046 3113 ὁπόσα
3075 3058 3391 3130 ἐργάζεται.

2117 3151 2256 3214 Τοὺς
2288 3151 2334 3183 ⁸⁵
2362 3150 2421 3203 δὲ
2449 3152 2762 3222 πυγμαίους
2803 3147 2970 3223 φησὶν
2996 3153 3168 3205 οἰκεῖν
3210 3151 3308 3222 μὲν
3338 3152 3636 3219 ὑπογείους

2046 3244 2259 3298 κεῖσθαι
2295 3243 2352 3297 δὲ
2375 3244 2516 3313 ὑπὲρ
2536 3245 2630 3298 τὸν
2657 3245 2899 3314 Γάγγην,
2922 3247 3132 3310 ζῶντας
3165 3246 3366 3315 τρόπον
3387 3245 3446 3309 ὃς
3470 3247 3638 3299 πᾶσιν

2045 3337 2282 3407 εἴρηται.
2314 3336 2617 3400 Σκιάποδας
2652 3337 2707 3390 δὲ
2756 3336 3079 3410 ἀνθρώπους
3111 3338 3144 3409 ἢ
3184 3338 3638 3408 μακροκεφάλους

2047 3429 2079 3495 ἢ
2112 3428 2287 3482 ὁπόσα
2322 3427 2604 3491 Σκύλακος
2628 3427 2941 3500 ξυγγραφαὶ
2972 3431 3103 3501 περὶ
3136 3429 3344 3484 τούτων
3392 3429 3638 3500 ᾅδουσιν,

2047 3521 2172 3573 οὔτε
2199 3520 2393 3574 ἄλλοσέ
2416 3538 2506 3573 ποι
2539 3520 2802 3590 βιοτεύειν
2829 3522 2874 3553 ⁸⁸
2901 3522 3000 3591 τῆς
3026 3522 3132 3590 γῆς
3161 3520 3288 3575 οὔτε
3332 3523 3392 3574 ὲν
3432 3522 3636 3584 Ἰνδοῖς.

2049 3613 2172 3664 Ὅτι
2199 3613 2243 3644 ⁸⁷
2277 3612 2466 3683 φησιν,
2502 3614 2600 3666 Ὃν
2629 3613 2917 3684 ὀρύττουσι
2941 3613 3145 3685 χρυσὸν
3178 3617 3227 3668 οί
3258 3614 3492 3685 γρῦπες,
3543 3617 3638 3669 πέ-

2046 3721 2172 3774 τραι
2204 3706 2342 3758 εἰσιν
2399 3706 2563 3759 οἱονεὶ
2625 3706 2949 3777 σπινθῆρσιν
2996 3707 3323 3776 ἑστιγμέναι
3375 3710 3498 3771 ταῖς
3540 3707 3636 3760 τοῦ

2048 3800 2250 3868 χρυσοῦ
2280 3800 2514 3867 ῥανίσιν,
2545 3799 2610 3862 ἃς
2626 3800 2670 3831 ⁸⁸
2695 3799 3002 3869 λιθοτομεῖν
3053 3799 3116 3854 τὸ
3161 3800 3351 3871 θηρίον
3381 3800 3543 3853 τοῦτο
3567 3802 3632 3871 τῇ

2047 3889 2142 3944 τοῦ
2201 3891 2453 3961 ράμφους
2513 3891 2678 3961 ἰσχύϊ.
2739 3893 2820 3946 Τὰ
2862 3894 2972 3964 γὰρ
3015 3891 3181 3963 θηρία
3211 3893 3386 3947 ταῦτα
3413 3889 3634 3947 εἶναί-ιε

2049 3982 2107 4034 ὲν
2131 3982 2334 4048 Ἰνδοῖς,
2368 3984 2462 4037 καὶ
2525 3986 2754 4053 μέγεθος
2800 3986 2894 4038 καὶ
2927 3984 3101 4058 ἀλκὴν
3146 3987 3398 4040 είκάσθαι
3434 3987 3634 4050 αὐτοὺς

2046 4077 2160 4138 τοῖς
2195 4075 2431 4140 λέουσιν,
2457 4078 2560 4130 ὑπὸ
2590 4077 2646 4130 δὲ
2685 4077 3000 4143 πλεονεξίας
3057 4081 3169 4134 τῶν
3205 4081 3421 4153 πτερῶν
3447 4082 3634 4144 αὐτοῖς

2047 4185 2106 4221 τε
2133 4168 2362 4231 ἐκείνοις
2389 4168 2727 4222 ἐπιτίθεσθαι
2762 4171 2856 4224 καὶ
2889 4171 2996 4223 τῶν
3047 4171 3358 4241 ἐλεφάντων
3391 4174 3486 4227 καὶ
3509 4173 3638 4245 δρα-

2049 4260 2253 4313 κόντων
2311 4261 2648 4332 ὑπερτέρους
2707 4257 2868 4316 εἶναι.
2913 4263 3173 4318 Πέτονται
3203 4263 3261 4317 δὲ
3289 4263 3445 4318 οὔπω
3468 4265 3632 4333 μέγα,

2048 4353 2163 4404 ἀλλ’
2195 4353 2319 4404 ὅσον
2343 4353 2392 4405 oi
2419 4352 2753 4425 βραχύποροι
2777 4353 2990 4425 ὄρνιθες
3011 4370 3026 4384 ·
3059 4355 3133 4426 μὴ
3158 4357 3269 4426 γὰρ
3299 4356 3634 4410 ὲπτιλῶσθαι

360 4447 455 4499 sed
484 4445 642 4499 rubra
683 4445 933 4514 pellicula
961 4446 1169 4501 alarum
1205 4456 1369 4501 costa:
1397 4457 1816 4502 connectuntur.
1849 4449 1943 4503 So-

2049 4445 2279 4514 σφᾶςὼς
2308 4417 2486 4516 ὄρνισι
2511 4417 2763 4516 πατρίου,
2811 4417 2936 4499 ’ἀλλ’
2973 4417 3182 4516 δελιὲί
3222 4417 3350 4512 τοὺς
3396 4451 3634 4520 ταρσοὺς

359 4535 466 4589 lam
513 4553 640 4592 vero
677 4536 885 4607 Tigrim
931 4539 1358 4608 insuperabilem
1397 4539 1502 4594 illis
1555 4555 1676 4595 esse
1730 4541 1942 4605 dicunt,

358 4631 618 4698 quoniam
648 4629 887 4699 fugiendi
919 4633 1204 4686 celeritate
1233 4642 1424 4686 ventos
1471 4647 1691 4701 aequare
1721 4632 1942 4690 dicitur.

361 4719 460 4774 llic
494 4722 560 4774 dc
607 4719 866 4777 Phoenice
907 4738 1006 4776 ave
1044 4722 1235 4777 eadem
1261 4737 1384 4777 cum
1411 4722 1532 4779 aliis
1566 4723 1775 4779 scribit.
1803 4724 1948 4791 Qua-

361 4823 482 4866 tuor
525 4829 742 4868 menses
791 4816 932 4884 apud
970 4814 1134 4869 Indos
1164 4814 1504 4884 Apollonium
1558 4813 1725 4869 fuisse
1758 4817 1944 4882 tradit,

357 4905 484 4960 inde
521 4907 708 4960 dextra
744 4907 962 4977 quidem
987 4906 1254 4977 Gangem,
1291 4908 1516 4962 sinistra
1563 4922 1693 4961 vero
1725 4906 1941 4979 Hyplia-

2045 4538 2279 4606 ὐφάνθαι
2315 4541 2566 4609 πυρσοῖς.
2613 4538 2727 4609 Τὴν
2785 4538 2914 4610 [554-
2951 4535 3042 4611 H.]
3104 4539 3282 4609 τίγριν
3339 4541 3397 4593 δὲ
3442 4542 3630 4604 αὐτοῖς

2043 4627 2322 4682 ἀνάλωτον
2344 4624 2485 4681 εἶναι
2519 4629 2710 4699 μόνην,
2739 4629 2928 4700 ἐπειδὴ
2962 4630 3021 4682 τὸ
3044 4631 3204 4700 τάχος
3231 4631 3401 4702 αὐτὴν
3418 4635 3629 4686 ὲσποιεῖ

2041 4723 2155 4784 τοῖς
2188 4722 2431 4792 ἀνέμοις.
2476 4721 2598 4774 Ὅτι
2621 4723 2664 4753 ⁸⁸
2696 4722 2827 4794 περὶ
2866 4723 2960 4774 τοῦ
2993 4723 3235 4792 φοίνικος
3269 4718 3368 4795 τῆς
3417 4725 3630 4795 ὄρνιθος

2044 4815 2112 4867 τὰ
2138 4814 2277 4867 αύτὰ
2327 4816 2422 4867 καὶ
2470 4807 2628 4879 οὗτος
2677 4818 2793 4879 τοῖς
2823 4815 3028 4876 ’ἄλλοις
3063 4816 3266 4870 ἅπασιν
3296 4817 3628 4889 ἀναγράφει.

2050 4907 2174 4961 Ὅτι
2209 4911 2254 4941 ⁷⁰
2284 4905 2326 4961 δ’
2362 4908 2536 4978 μῆνας
2589 4911 2704 4972 τοῖς
2752 4908 2934 4972 Ἰνδοῖς
2973 4909 3064 4962 τὸν
3101 4909 3464 4964 ’Δπολλώνιον
3503 4928 3630 4964 συν-

1627 5059 1862 5118 νΑιιιᾹς
1899 5065 2310 5122 LECTIONES.

443 5173 489 5205 η
511 5171 580 5250 ’τδ
608 5171 686 5245 δὲ]
722 5174 920 5250 ".49,
975 5245 985 5250 _
1024 5174 1072 5210 ³⁸
1102 5176 1372 5250 ἐνσκῆψαι
1399 5175 1514 5230 AB:
1551 5177 1831 5250 ὲνσκῆψαν
1860 5201 1920 5247 ς.

355 5245 689 5317 πλησίωςλς.
809 5245 856 5317 εξ⁸
881 5245 986 5317 ὅτι]
1011 5263 1091 5311 ιιι,
1128 5249 1220 5303 46.

355 5318 398 5348 ⁶³
432 5314 837 5388 ὑποκείσονται]
867 5314 1046 5382 apti—us
1079 5317 1317 5372 fortasse
1342 5314 1734 5373 ἐπικείσονται.

355 5386 532 5439 τεύειν
559 5387 628 5439 Α.
736 5387 779 5418 ⁸⁷
811 5386 916 5439 ὅτι]
942 5404 1023 5439 ιιι.
1050 5387 1140 5439 48.
1217 5388 1261 5420 ⁶⁸
1282 5386 1370 5439 ἃς]
1396 5388 1468 5439 ὼε
1503 5387 1614 5439 AB.
1692 5392 1734 5424 ⁸³

2015 5187 2060 5218 ss
2089 5183 2328 5262 iopalm]
2367 5201 2454 5262 ut,
2493 5185 2582 5262 ιδ,
2627 5186 3135 5262 “ﬂammeum
3153 5190 3267 5248 AB.

1322 5249 1368 5279 ⁸ο
1399 5249 1535 5316 φησι
1565 5249 1683 5303 AB:
1711 5249 1869 5319 φασὶ
1921 5269 1980 5317 ς.
2086 5256 2130 5286 ⁶⁰
2163 5249 2258 5308 τοῦ
2280 5249 2445 5326 ,Ξιόώ
2481 5256 2546 5309 Α.
2623 5258 2665 5288 ⁶¹
2695 5260 2845 5382 γτζΑ
2880 5249 2984 5330 τ’τῇ

1342 5317 1734 5390 ἐπικείσονται.
1839 5323 1884 5356 ⁶⁴
1916 5321 2048 5390 γὰρ]
2078 5326 2171 5378 καὶ
2198 5325 2306 5390 γὰρ
2338 5345 2398 5390 ς.
2502 5330 2547 5360 ⁸⁸
2570 5329 2698 5390 τοὺς
2727 5331 2754 5382 δ
2789 5329 2807 5390 l
2842 5345 2925 5390 ιιι,
2958 5331 2984 5384 Δ

736 5321 837 5388 ται]
867 5321 1046 5382 aptius
1079 5321 1317 5372 fortasse
1342 5321 1734 5373 ἐπικείσονται.
1839 5323 1884 5356 ⁶⁴
1916 5321 2056 5448 γὰρλ
2078 5326 2171 5378 καὶ
2198 5321 2306 5394 γὰρ
2338 5345 2398 5391 ς.

736 5387 779 5418 ⁸⁷
811 5386 916 5460 ὅτι]
942 5404 1023 5452 ιιι,
1050 5387 1140 5442 48.
1217 5388 1261 5420 ⁶⁸
1282 5386 1370 5460 ἃς]
1396 5388 1468 5451 ὡς
1503 5387 1614 5443 AB.
1692 5392 1735 5424 ⁸³
1767 5391 1872 5464 ὅτι]
1912 5410 1991 5460 ιιι,
2060 5397 2113 5451 9.
2191 5397 2237 5428 ⁷ο
2266 5395 2371 5464 ὅτι]

3369 5194 3417 5267 _"_
3451 5211 3634 5267 παρα-

2959 5263 3081 5333 ῇμς.
3164 5263 3235 5333 7°!
3265 5263 3546 5333 ξυλλέγεις
3573 5284 3632 5331 ς,

2502 5329 2698 5402 “facile;
2727 5329 2807 5402 δὲ]
2842 5345 2925 5396 ιιι,
2958 5329 3046 5384 47.
3094 5381 3095 5384 η
3155 5332 3200 5364 ⁸⁸
3226 5333 3386 5398 ἄλλος
3415 5329 3630 5389 {mea}-

2060 5397 2113 5451 9.
2191 5397 2237 5428 ⁷ο
2266 5395 2371 5470 ὅτι]
2404 5412 2486 5462 ιιι,
2519 5395 2605 5451 50.

2086 5256 2130 5286 ⁶⁰
2163 5255 2440 5326 τοῦλιόιί.
2481 5256 2546 5309 Α.
2623 5258 2665 5288 ⁶¹
2695 5260 2764 5326 γῇ
2800 5260 2845 5311 Α
2880 5276 2892 5311 :

1838 5513 2078 5571 ΝΟΤᾹΞ.

2039 5622 2175 5690 Ξιιῳ.
2242 5608 2502 5690 marciani
2570 5610 3350 5690 lleracleotm,__al_iorumque
3435 5619 3632 5680 edente

353 5661 1237 5754 atl_:llalic2aiiqas.suni,historicus
1267 5661 1779 5754 etmalhenkaticus.
1802 5673 1931 5754 Qua:
2042 5677 2104 5733 D.
2131 5661 3102 5754 llmsChelie

353 5732 641 5802 scripserit
689 5733 894 5793 indicat
940 5737 1174 5809 Suidas,
1219 5749 1507 5810 exstatque
1557 5732 1929 5815 Geograpliica
