3990 6232
461 324 596 390 1227

1612 322 1869 384 PHOTII
1908 321 2416 384 ΡΑΤΒΙΑΒΟΗίΕ
2452 323 2560 385 CP.

3587 325 3722 393 1228

460 443 640 496 infuso
671 437 901 505 leniunt,
933 445 986 492 et
1021 443 1149 490 tunc
1179 433 1295 489 Indi
1322 436 1388 489 ad
1420 446 1601 491 ostrea
1630 437 1892 506 capienda
1927 437 2030 491 uri-

2143 437 2239 506 ροᾕ
2294 435 2389 489 τού
2451 435 2632 489 ἐλαίου
2679 433 2990 504 λεάναντες,
3015 436 3348 494 καταδύεται
3391 456 3476 502 τις
3508 439 3600 492 ἐπὶ
3623 441 3725 512 τὴν

455 535 636 589 nando
657 547 714 588 se
731 537 1074 598 demergunt,
1100 529 1172 582 ita
1201 529 1449 583 instructi
1476 530 1758 598 paratique
1788 540 1934 595 sunt,
1964 531 2038 583 si-

454 641 540 679 cm
577 626 607 676 ii
641 623 731 693 qui
773 622 1031 692 spongias
1067 629 1326 691 carpunt.
1368 621 1466 676 Est
1499 631 1680 676 autem
1715 621 1780 676 iis
1826 621 2039 678 ferreus

455 717 612 779 later,
667 723 722 768 et
785 713 1121 768 alabastrum
1185 713 1464 782 unguenti,
1523 723 1683 783 atque
1748 717 1819 768 ita
1874 729 2040 783 prope

451 819 631 861 ostrea
662 805 1009 860 considentes
1048 804 1164 858 Indi
1195 814 1487 874 unguento,
1507 807 1662 874 quasi
1681 820 1803 861 esca
1839 806 1905 860 ad
1941 805 2040 859 fad-

452 897 667 953 leudum
698 907 942 962 utuntur,
979 907 1107 951 tunc
1138 897 1455 966 aperiuntur
1493 909 1679 952 ostrea
1708 906 1764 952 et
1797 913 2040 970 unguen-

455 1000 508 1042 to
542 988 927 1042 iuchriantttr:
966 986 1092 1042 dein
1129 986 1312 1040 ferreo
1341 987 1798 1057 slylo'perforata
1826 988 2035 1043 Saniem

453 1062 742 1150 quamdam
781 1079 1060 1140 emittunt,
1101 1078 1240 1131 hanc
1272 1088 1502 1132 venator
1531 1077 1708 1134 ferreo
1749 1079 1920 1134 latere
1943 1094 2036 1133 ex-

453 1174 607 1244 cipit,
639 1173 731 1242 qui
769 1172 823 1225 in
853 1171 1034 1224 varias
1054 1169 1490 1239 multiplicesque
1523 1169 1730 1226 formas
1769 1185 2035 1226 concava-

457 1276 545 1320 tus
584 1274 706 1319 est:
739 1279 803 1318 ea
847 1277 976 1317 vero
1016 1270 1140 1330 post
1177 1262 1395 1315 modum
1431 1262 1612 1316 sanies
1653 1263 1936 1333 lapidescit
1977 1279 2033 1317 in

456 1359 672 1411 modum
706 1355 971 1408 naturalis
1001 1353 1330 1422 margaritae,
1362 1368 1483 1422 quae
1516 1352 1674 1407 albus
1698 1364 1782 1408 est
1813 1356 2034 1424 sanguis

454 1467 520 1506 ex
551 1452 738 1505 Rubro
778 1450 936 1504 mari.
972 1448 1201 1516 Reliqua
1238 1448 1405 1501 maris
1434 1448 1595 1516 hujus
1633 1463 1760 1518 pars
1789 1448 1903 1503 fera
1925 1459 2030 1516 est,

454 1547 723 1614 impacata
769 1550 903 1598 tota.
936 1539 1066 1596 Cete
1096 1539 1260 1594 etiam
1288 1539 1395 1593 illic
1444 1540 1728 1609 aggregari
1765 1539 2030 1596 feruntur.

455 1637 794 1704 Quapropter
821 1647 985 1688 naves
1015 1631 1195 1686 tutelae
1212 1646 1377 1687 causa
1397 1630 1758 1686 tintinnabula
1782 1631 2030 1700 quaedam

453 1742 564 1785 tam
591 1745 620 1783 a
646 1742 830 1798 prora,
854 1740 1015 1795 quam
1049 1739 1081 1778 a
1102 1723 1264 1794 puppi
1294 1722 1566 1788 deferunt,
1588 1737 1818 1788 quorum
1852 1723 2028 1776 sonitu

2149 527 2327 598 θήραν
2358 527 2453 582 τοῦ
2479 527 2728 599 ὀστρέου,
2748 527 2877 600 [555
2904 527 2996 602 H
3019 530 3086 584 τά
3105 530 3203 602 μὲν
3229 531 3364 584 ἄλλα
3385 548 3727 584 κατασκευα-

2144 618 2380 688 σάμενος
2408 616 2595 690 ὥσπερ
2627 619 2676 670 oi
2725 618 2826 684 τὰς
2883 621 3154 689 σπογγιᾶς
3189 622 3484 692 κείροντες,
3515 621 3634 675 ἔστι
3667 623 3725 675 δὲ

2139 707 2289 780 αὐτῷ
2313 709 2404 761 καὶ
2437 708 2652 774 πλινθὶς
2681 711 2879 783 σιδηρᾶ
2926 713 3022 766 καὶ
3071 713 3411 786 ἀλάϐαστρον
3447 715 3488 746 ⁹¹
3525 715 3726 785 μύρου.

2141 799 2461 874 Παριζήσας
2508 802 2603 859 οὖν
2637 807 2664 859 ὀ
2692 805 2853 870 Ἰνδὸς
2893 806 2973 876 τῷ
2997 807 3206 881 ὀστρέῳ
3246 808 3439 880 δέλεαρ
3473 808 3641 862 αὑτοῦ
3667 809 3730 861 τὸ

2142 895 2315 966 μύρον
2355 899 2590 952 ποιεῖται
2615 915 2629 932 ο
2654 898 2714 952 τὸ
2739 900 2796 953 δὲ
2845 899 3160 969 ἀνοίγνυται
3183 918 3242 954 τε
3269 901 3364 954 καὶ
3403 901 3595 970 μεθύει
3637 900 3730 953 ὑπ’

2143 987 2335 1052 αὐτοῦ,
2376 990 2587 1062 κέντρῳ
2613 1009 2672 1045 τε
2702 991 2980 1046 διελασθὲν
3015 993 3058 1025 θ’
3095 993 3362 1046 ἀποπτύει
3390 994 3481 1047 τὸν
3516 994 3689 1064 ἰχῶρα
3711 1008 3725 1022 ·

2137 1080 2165 1132 ὁ
2197 1079 2253 1133 δὲ
2281 1080 2554 1151 ἐνδέχεται
2597 1083 2764 1136 αὐτὸν
2817 1086 2884 1155 τῇ
2928 1085 3160 1138 πλινθίδι
3199 1083 3408 1148 τύπους
3437 1085 3482 1118 ’³
3511 1085 3727 1155 ὀρωρυο

2138 1170 2336 1243 γμένῃ.
2368 1173 2627 1227 Λιθοῦται
2650 1175 2706 1228 δὲ
2731 1175 2792 1228 τὸ
2821 1175 3070 1229 ἐντεῦθεν
3092 1177 3185 1230 καὶ
3212 1177 3531 1247 ῥυθμίζεται
3552 1177 3726 1230 καθά-

2139 1278 2244 1332 περ
2275 1263 2309 1332 ή
2337 1261 2497 1329 φύσει
2529 1267 2826 1336 μαργαρὶς,
2887 1262 3026 1337 αἷμα
3058 1269 3104 1298 οδ
3149 1268 3340 1321 λευκὸν
3379 1270 3440 1333 ἐξ
3484 1269 3725 1339 ἐρυθρᾶς

2137 1353 2234 1423 τῆς
2261 1352 2556 1428 θαλάσσης.
2586 1357 2660 1410 Τὸ
2686 1357 2743 1411 δὲ
2800 1359 3049 1412 ἐντεῦθεν
3088 1359 3332 1431 θηριώδη
3375 1361 3476 1431 μὲν
3502 1360 3603 1427 τὴν
3630 1362 3728 1414 θά-

2136 1441 2343 1498 λασσαν
2397 1439 2535 1499 εἶναι
2599 1449 2800 1511 πᾶσαν,
2853 1448 3219 1517 ἀγελάζεσθαι
3273 1450 3330 1502 δὲ
3369 1452 3427 1503 ἐν
3481 1451 3620 1522 αὐτῇ
3657 1451 3729 1504 τά

2137 1534 2300 1605 κήτη,
2336 1535 2435 1600 τάς
2455 1537 2512 1589 δὲ
2541 1538 2672 1601 ναῦς
2709 1538 2890 1610 ἔρυμα
2929 1540 3120 1593 τούτου
3149 1541 3556 1612 κωδωνοφορεῖν
3582 1543 3726 1595 κατὰ

2138 1624 2394 1696 πρύμναν
2430 1643 2492 1680 τε
2525 1629 2619 1682 καὶ
2649 1627 2899 1700 πρώραν,
2926 1629 3026 1700 τὴν
3061 1629 3117 1683 δὲ
3158 1629 3276 1702 ἠχὼ
3301 1632 3627 1702 ἐκπλήττειν
3657 1636 3727 1686 τά

2137 1716 2323 1788 θηρία.
2385 1719 2881 1784 Καταπλεύσαντες
2934 1722 2981 1753 ’⁸
3020 1721 3077 1774 δὲ
3114 1723 3192 1785 είς
3222 1721 3323 1785 τὰς
3367 1723 3598 1786 ἐκϐολὰς
3626 1723 3723 1775 τοῦ

458 1785 763 1877 terrefactae
805 1785 998 1872 bellua!
1027 1785 1253 1872 navibus
1279 1830 1384 1869 non
1420 1785 1872 1884 appropinquant.
1907 1813 2030 1869 Post

2138 1785 2426 1878 Εδιρράτου
2489 1811 2656 1879 φασὶν
2725 1814 2784 1874 ἐς
2856 1811 3153 1866 Βαϐυλῶνα
3213 1813 3282 1865 δι’
3343 1813 3513 1866 αὐτοῦ
3580 1785 3720 1867 άνα-

456 1915 572 1970 haec
599 1912 824 1982 ingressi
858 1910 996 1966 ostia
1035 1907 1351 1978 Euphratis,
1377 1907 1529 1962 aiunt
1557 1909 1682 1963 inde
1702 1905 2032 1976 Babylonem

457 2004 836 2073 adnavigasse.

526 2092 734 2160 Quarto
770 2092 907 2145 libro
943 2090 1075 2145 nihil
1106 2091 1249 2145 aliud
1274 2105 1435 2160 quam
1479 2089 1686 2144 fabulas
1719 2089 2033 2144 mendacia-

453 2201 558 2253 que
582 2187 647 2240 ad
682 2184 965 2254 Apollonio
985 2182 1424 2250 gratiﬁcandum,
1449 2197 1681 2250 eumque
1706 2181 2032 2236 laudandum

454 2278 720 2331 contiuxit
763 2273 1217 2347 [Philostratus].
1277 2273 1522 2341 Europae,
1552 2273 1858 2342 Africaeque
1910 2288 2035 2342 pro-

455 2370 723 2422 montoria
763 2368 1065 2421 stadiorum
1108 2366 1388 2433 sexaginta
1439 2367 1617 2418 sinum
1666 2365 2031 2430 continentia,

453 2459 725 2515 Oceanum
755 2457 830 2510 .ad
875 2467 1102 2509 externa
1142 2455 1312 2507 maria
1355 2453 1686 2517 immittunt,
1739 2463 1791 2506 et
1838 2453 2033 2508 Africa:

453 2555 668 2624 quidem
703 2552 1128 2623 promontorium
1166 2551 1387 2603 nomine
1416 2548 1609 2620 Abyla,
1642 2549 1828 2604 leones
1866 2549 2034 2604 conti-

455 2655 569 2712 net,
595 2646 648 2699 in
678 2641 984 2713 superciliis
1017 2642 1282 2696 montium
1319 2640 1645 2695 habitantes.
1673 2638 1804 2710 Ejus
1836 2639 2032 2694 montis

451 2737 683 2792 interior
701 2751 838 2804 pars
868 2736 934 2790 ad
965 2733 1194 2788 Getulos
1225 2731 1532 2801 Tingasque
1553 2732 1807 2800 pertinet,
1844 2741 2033 2798 gentes

449 2830 663 2895 efferas,
698 2842 861 2898 atque
890 2827 1140 2896 Libycas.
1171 2826 1278 2881 Per
1308 2824 1586 2880 Oceanum
1621 2841 1747 2880 vero
1779 2825 2035 2894 navigan-

453 2924 598 2978 tibus
629 2923 804 2976 stadia
868 2929 1139 2989 nongenta
1184 2917 1525 2987 protenditur
1563 2930 1735 2986 usque
1781 2919 1846 2971 ad
1887 2916 2033 2971 Sale-

449 3017 527 3069 cis
559 3014 798 3068 ﬂuminis
845 3012 1005 3066 ostia.
1053 3011 1206 3064 Illinc
1259 3017 1441 3063 autem
1485 3021 1749 3078 quantum
1804 3008 2031 3062 ulterius

449 3109 826 3174 protendatur,
855 3117 959 3157 non
989 3101 1150 3155 facile
1173 3100 1482 3168 conjectare
1506 3098 1631 3167 quis
1657 3105 1862 3167 posset.
1895 3095 2026 3148 Nam
2054 3121 2098 3183 ρ

450 3206 572 3264 post
594 3211 714 3248 eum
757 3191 977 3246 ﬂuvium
1019 3189 1230 3244 deserta
1279 3187 1463 3240 Al‘rica
1503 3195 1606 3252 est,
1644 3201 1742 3239 nec
1780 3186 2030 3239 homines

451 3287 590 3340 ultra
619 3287 957 3354 reperiuntur
993 3281 1111 3335 ulli.
1142 3279 1373 3348 Europae
1397 3277 1827 3348 promontorium
1847 3273 2030 3346 Calpis

451 3379 678 3441 dictum,
731 3376 958 3430 dextera
1004 3371 1400 3442 navigationem
1445 3369 1688 3423 continet
1730 3368 2027 3422 stadiorum

451 3478 864 3531 sescentorum,
909 3465 1337 3533 Ierminaturque
1361 3463 1427 3516 ad
1466 3461 1721 3532 antiquas
1758 3459 1958 3515 Gades.

525 3651 722 3708 Oceani
742 3647 1127 3705 conversiones
1149 3645 1264 3714 ipse
1290 3656 1506 3712 quoque
1534 3640 1674 3708 apud
1699 3639 1878 3695 Celtas
1898 3638 2031 3694 tales

451 3738 668 3808 aspexi,
711 3735 900 3806 quales
929 3734 1094 3788 etiam
1137 3732 1278 3784 farina
1319 3729 1592 3784 feruntur.
1633 3730 1867 3784 Causam
1901 3743 2030 3782 vero

450 3841 822 3896 scheuumero
853 3825 1191 3893 conjectans,
1232 3821 1302 3874 ob
1337 3829 1641 3888 quamdam
1686 3828 1897 3873 vastum
1934 3833 2029 3886 pe-

451 3923 604 3991 lagus
645 3919 867 3973 accedat
893 3917 1220 3984 recedatque
1247 3913 1515 3966 invenisse
1537 3910 1876 3980 Apollonium
1904 3925 2030 3962 cett-

451 4027 564 4073 seo,
598 4010 688 4076 qui
722 4009 774 4061 in
811 4022 997 4060 earum
1030 4021 1160 4068 una,
1193 4018 1327 4073 quas
1351 4002 1415 4055 ad
1453 4001 1610 4056 ludos
1645 3999 1882 4069 scripsit,
1917 3999 2031 4066 epi—

452 4104 612 4167 stola,
650 4104 726 4155 ait
763 4099 1036 4155 Oceanum
1065 4113 1092 4150 a
1131 4096 1305 4150 ventis
1334 4097 1433 4149 sub
1461 4109 1598 4164 aqua
1637 4092 2028 4147 exsistcutibus

452 4195 780 4264 impulsum,
826 4206 892 4246 ex
928 4189 1114 4243 multis
1158 4187 1394 4241 hiatibus
1423 4202 1560 4256 quos
1601 4193 1788 4238 ventos
1830 4184 2025 4252 partim

449 4288 550 4342 sub
596 4286 710 4353 ipso
740 4323 755 4347 ,
798 4281 993 4351 partim
1034 4279 1231 4350 328b
1270 4279 1320 4331 iu
1367 4288 1510 4332 terra
1552 4277 1694 4330 circa
1737 4275 1910 4342 ipsum
1960 4277 2026 4328 ad

449 4379 716 4432 exteriora
748 4374 990 4434 ditfundi,
1021 4389 1083 4425 ac
1109 4386 1298 4424 rursus
1335 4368 1699 4430 retrocedere,
1735 4375 2021 4436 postquam

2137 1896 2388 1954 πλεῦσαι.

2209 2073 2331 2127 Ὅτι
2371 2075 2400 2128 ὁ
2420 2074 2462 2128 δ’
2488 2074 2645 2144 λόγος
2672 2077 2825 2131 οὐδὲν
2850 2075 2967 2130 ἄλλ’
3001 2077 3035 2148 ἢ
3090 2077 3250 2148 μῦθοι
3278 2078 3373 2132 καλ⁵
3417 2079 3718 2150 πλάσματα

2136 2165 2195 2227 ἐς
2223 2167 2286 2218 τὸ
2337 2166 2683 2240 Ἀπολλωνίῳ
2739 2171 3137 2241 κεχαρισμένον
3203 2171 3298 2224 καὶ
3361 2173 3460 2224 σὺν
3513 2173 3723 2240 ἐπαίνῳ

2137 2256 2550 2330 θαυμαζόμενον
2576 2261 2655 2332 τῷ
2677 2261 3023 2334 Φιλοστράτῳ
3066 2263 3504 2332 συγγέγραπται.
3535 2264 3725 2319 "Ott"

2135 2347 2406 2420 Εὐρώπης
2452 2352 2548 2405 καὶ
2604 2352 2812 2424 Λιϐύης
2874 2354 3042 2425 ἄκραι
3107 2355 3338 2408 σταδίων
3375 2357 3418 2424 ξ’
3476 2358 3724 2431 πορθμὸν

2135 2441 2486 2513 ὲπέχουσαι⁹⁷
2518 2445 2608 2498 τὸν
2631 2446 2885 2499 Ὠκεανὸν
2913 2449 2970 2510 ὲς
3001 2446 3070 2501 τὰ
3097 2447 3202 2513 ἔξω
3230 2449 3441 2521 πελάγη
3460 2453 3720 2522 φέρουσιο

2094 2536 2098 2540 ’
2135 2534 2229 2585 καὶ
2254 2535 2355 2603 τὴν
2384 2535 2481 2605 τῆς
2508 2535 2715 2607 Λιϐύης
2744 2538 2921 2609 ἄκραν
2951 2537 3142 2608 (δνομα
3167 2539 3367 2610 δἀύτῇ
3391 2540 3620 2594 Ἀϐιννα
3649 2543 3716 2614 ⁸⁸)

2133 2623 2350 2689 λέοντες
2403 2627 2806 2698 ύπερνέμονται
2853 2630 2985 2700 περὶ
3014 2629 3112 2693 τὰς
3147 2629 3325 2701 ὀφρῦς
3359 2631 3466 2685 τῶν
3492 2632 3656 2702 ὀρῶν,
3686 2635 3722 2688 ἃ.

2134 2717 2265 2770 εἵσω
2285 2718 2700 2788 ὑπερφαίνεται,
2737 2720 3114 2774 συνάπτουσαν
3139 2723 3184 2754 θ’
3235 2723 3369 2794 πρὸς
3395 2725 3722 2790 Γαιτούλους

2133 2825 2191 2860 τε
2217 2811 2310 2862 καὶ
2339 2809 2570 2879 Τίγγας,
2628 2812 2796 2882 ἄμφω
2846 2812 3086 2885 θηριώδη
3153 2817 3249 2868 καὶ
3293 2815 3521 2877 Λιϐυκάη
3562 2819 3714 2890 ἔθνη.

2136 2903 2458 2972 Παρατείνει
2485 2903 2541 2956 δὲ
2566 2904 2850 2958 ἐσπλέοντι
2882 2905 2972 2958 τὸν
2999 2905 3251 2960 Ὠκεανὸν
3291 2909 3455 2980 μέχρι
3486 2911 3587 2980 μὲν
3611 2913 3717 2965 τῶν

2135 2993 2372 3046 ἐκϐολῶν
2400 2992 2494 3046 τοῦ
2530 2995 2772 3064 Σάληκος
2801 2997 3091 3050 ἐννακόσια
3114 2999 3337 3064 στάδια,
3359 3001 3418 3055 τὸ
3447 3003 3506 3056 δὲ
3528 3005 3714 3056 ἐντεῦ-

2133 3085 2222 3138 θεν
2255 3087 2354 3140 οὐκ
2391 3086 2459 3140 ἂν
2491 3088 2758 3158 συμϐάλοι
2788 3091 2804 3121 ⁸
2831 3107 2915 3153 τις
2942 3091 3114 3143 ὁπόσα
3133 3107 3146 3122 ·
3191 3092 3330 3162 μετὰ
3361 3093 3470 3165 γὰρ
3499 3095 3591 3148 τὸν
3618 3114 3712 3150 ποι

2133 3179 2306 3248 ταμὸν
2367 3180 2556 3232 τοῦτον
2605 3179 2758 3245 άϐιος
2793 3183 2826 3250 ἡ
2872 3183 3048 3252 Λιϐύη
3075 3183 3237 3255 [1009
3283 3183 3376 3257 11.]
3410 3189 3504 3240 καὶ
3535 3190 3716 3242 οὐκέτι

2133 3269 2433 3341 ἄνθρωποι.
2465 3272 2538 3323 Τὸ
2575 3272 2632 3326 δὲ
2669 3274 2768 3343 τῆς
2823 3274 3092 3346 Εὐρώπης
3125 3277 3493 3350 ἀκρωτήριον,
3520 3281 3549 3333 ὃ
3571 3283 3591 3312 ⁸
3621 3300 3717 3335 κα-

2131 3361 2300 3415 λεῖται
2366 3363 2605 3430 Κάλπις,
2658 3365 2808 3433 δεξιὰ
2866 3368 2966 3439 μὲν
3005 3369 3193 3440 ἐπέχει
3235 3371 3329 3424 τοῦ
3360 3372 3558 3427 ἐσπλου
3589 3393 3716 3430 στα-

2131 3451 2260 3506 δίων
2323 3454 2630 3520 ἑξακοσίων
2689 3459 2883 3529 μῆκος,
2912 3459 3069 3531 λήγει
3099 3462 3156 3516 δὲ
3197 3463 3254 3527 ἐς
3284 3463 3352 3518 τά
3380 3467 3587 3537 ἀρχαῖα
3617 3470 3716 3523 Γάο

2129 3543 2304 3616 δειρα.

2203 3635 2314 3700 τάξ
2338 3637 2358 3668 ³
2383 3638 2441 3691 δὲ
2469 3639 2563 3692 τοῦ
2593 3640 2848 3695 Ὠκεανοῦ
2897 3643 3108 3714 τροπὰς
3141 3647 3235 3700 καὶ
3260 3648 3424 3712 αὐτὸς
3457 3651 3559 3720 μὲν
3589 3655 3714 3723 περὶ

2130 3729 2390 3793 Κελτοὺς,
2419 3732 2607 3800 φησὶν,
2666 3730 2807 3787 εἶδον
2837 3735 2858 3766 ⁸
2889 3738 3071 3790 ὁποῖαι
3105 3737 3352 3808 λέγονται
3373 3758 3387 3773 ⁶
3417 3743 3518 3812 τὴν
3547 3745 3604 3798 δὲ
3631 3749 3713 3798 αἰ-

2127 3821 2250 3874 τίαν
2271 3824 2363 3875 ὲπὶ
2392 3824 2564 3878 πολλὰ
2589 3825 2846 3892 εἰκάζων,
2865 3827 2933 3881 δι’
2958 3829 3024 3899 ἢν
3050 3829 3278 3902 ἄπειρον
3305 3833 3448 3888 οὕτω
3479 3838 3714 3905 πέλαγος

2128 3912 2394 3983 ἐπιχωρεί
2440 3931 2498 3966 τε
2528 3915 2549 3947 ⁸
2579 3915 2675 3968 καὶ
2731 3915 3065 3985 ἀνασπᾶται,
3102 3918 3243 3973 δοκῶ
3267 3939 3359 3991 μοι
3392 3923 3482 3976 τὸν
3521 3927 3714 3978 Ἀπολ-

2128 4003 2319 4058 λώνιον
2350 4005 2692 4076 ἐπεσκέφθαι
2723 4008 2784 4060 τὸ
2806 4008 2886 4062 ὃν.
2930 4011 3018 4063 Ἐν
3041 4013 3141 4083 μιᾷ
3177 4014 3283 4085 γὰρ
3302 4017 3410 4068 τῶν
3444 4017 3582 4087 πρὸς
3626 4021 3717 4073 Ἰν·

2127 4096 2250 4160 δοὺς
2280 4099 2578 4151 ἐπιστολῶν
2608 4100 2699 4153 τὸν
2729 4101 2983 4156 Ὠκεανόν
3013 4121 3178 4175 φησιν
3211 4106 3462 4178 ὑφύδροις
3495 4109 3715 4165 ἐλαυνό·

2131 4206 2292 4258 μενον
2317 4190 2624 4260 πνεύμασιν
2644 4193 2708 4244 ὲκ
2742 4193 2954 4248 πολλῶν
2974 4198 3294 4267 χασμάτων,
3325 4199 3361 4253 ἃ
3383 4201 3474 4254 ὑπ’
3493 4204 3646 4275 αὐτῷ
3663 4224 3716 4258 τε

2128 4281 2224 4334 καὶ
2258 4283 2385 4353 περὶ
2411 4282 2576 4336 αὐτὸν
2607 4286 2640 4355 ὴ
2670 4286 2742 4355 γῆ
2791 4286 3115 4357 παρέχεται,
3159 4294 3359 4360 χωρεῖν
3399 4296 3457 4358 ἐς
3506 4297 3567 4348 τὸ
3590 4297 3712 4365 ἔξω,

2108 4363 2223 4425 ’καὶ
2242 4375 2546 4446 ἀναχωρεῖν
2587 4377 2769 4444 πάλιν,
2805 4378 3028 4431 ἐπειδάν
3074 4379 3264 4450 ὥσπερ
3311 4379 3499 4455 ἆσθμα
3533 4363 3718 4442 {move-

448 4481 699 4535 tauquam
745 4465 1054 4528 anhelitus,
1101 4471 1291 4515 ventus
1334 4461 1551 4513 resedit.
1602 4459 1737 4512 lluic
1781 4459 2023 4529 opinioni

2135 4466 2303 4540 στήσῃ
2337 4468 2357 4498 ⁸
2391 4467 2451 4518 τὸ
2510 4466 2750 4537 πνεῦμα.
2799 4469 3095 4526 Πιστοῦται
3162 4474 3220 4527 δὲ
3283 4476 3415 4530 αὐτὸ
3469 4481 3580 4532 κὰκ
3611 4482 3716 4534 τῶν

447 4562 608 4615 iidem
644 4559 792 4620 facit,
827 4557 971 4625 quod
1008 4569 1144 4623 apus
1176 4554 1354 4607 Gades
1387 4550 1774 4622 aegrotantibus
1804 4551 2020 4605 accidit.

447 4654 582 4708 Nam
609 4667 712 4720 quo
737 4659 978 4717 tempore
1013 4660 1270 4700 crescens
1295 4661 1432 4714 aqtta
1478 4645 1749 4712 regionem
1779 4644 2024 4706 inundat,

448 4744 640 4798 anima:
673 4740 1026 4794 moribundos
1049 4751 1154 4790 non
1181 4737 1457 4798 deserunt,
1484 4735 1625 4804 quod
1653 4734 1897 4804 profecto
1921 4749 2026 4788 non

445 4836 712 4896 eveniret,
738 4833 841 4904 nisi
870 4831 1094 4900 spiritus
1119 4829 1234 4898 ipse
1261 4829 1312 4881 iu
1345 4838 1544 4881 terram
1579 4827 1875 4881 secederet.
1900 4826 2030 4892 Qua:

447 4938 628 4982 autem
671 4925 821 4979 circa
874 4922 1056 4976 lunam
1107 4933 1370 4989 apparere
1421 4919 1640 4984 dicunt,
1690 4928 2025 4983 nascentem,

446 5021 658 5092 plenam
687 5028 740 5072 et
775 5017 1208 5076 decrescentem,
1243 5012 1429 5066 eadem
1466 5012 1644 5064 omnia
1678 5012 1824 5065 circa
1853 5011 2022 5066 Ocea-

448 5129 574 5168 num
613 5111 726 5166 tieri
765 5104 1146 5162 animadverti.
1191 5103 1321 5174 Ejus
1351 5103 1496 5157 enim
1529 5116 1818 5157 mensuras
1849 5102 2026 5170 sequi-

447 5214 538 5260 tur
566 5201 726 5259 simul
747 5217 868 5257 cum
897 5200 1010 5268 ipsa
1045 5197 1370 5252 decrescens
1395 5208 1817 5265 augesceusque.
1840 5207 1891 5250 et
1915 5211 2021 5248 nox

2124 4557 2454 4610 νοσούντωντ
2474 4559 2638 4629 περὶ,⁸
2666 4559 2901 4633 Γάδειρα
2925 4577 2940 4593 ο
2968 4563 3058 4616 τὸν
3090 4564 3199 4634 γάρ
3234 4568 3425 4638 χρόνον
3448 4571 3509 4623 ὃν
3540 4573 3720 4644 πλημ-

2119 4652 2301 4725 μυρεῖ
2330 4649 2390 4702 τὸ
2417 4649 2562 4720 ὕδωρ
2581 4689 2597 4716 ,
2627 4651 2727 4704 οὐκ
2750 4651 3138 4709 ἀπολείπουσιν
3158 4658 3212 4710 αἱ
3235 4659 3403 4729 ψυχαὶ
3432 4665 3559 4724 τοὺς
3586 4667 3717 4718 ἁπο-

2127 4741 2480 4810 θνήσκοντας,
2512 4743 2648 4815 ὅπερ
2669 4744 2770 4798 οὐκ
2788 4743 2856 4798 ἂν
2884 4745 3228 4815 συμϐαίνειν,
3260 4751 3307 4802 εἰ
3336 4751 3411 4820 μὴ
3443 4754 3463 4784 ³
3499 4757 3716 4826 πνεῦμα

2127 4833 2194 4902 τῇ
2221 4835 2292 4903 γῇ
2325 4834 2614 4903 ἐπεχώρει.
2657 4838 2723 4889 "A
2752 4836 2810 4889 δὲ
2832 4839 2962 4908 περὶ
3007 4839 3107 4910 τὴν
3143 4840 3372 4913 σελήνην
3420 4847 3555 4912 φασὶ
3590 4850 3714 4916 φαί-

2134 4923 2322 4978 νεσθαι
2348 4927 2670 4997 τικτομένην
2686 4945 2745 4981 τε
2766 4928 2863 4982 καὶ
2887 4929 3269 5003 πληρουμένην
3287 4935 3380 4987 καὶ
3403 4937 3714 5004 φθίνουσαν,

2131 5015 2303 5070 ταῦτα
2353 5019 2479 5088 περὶ
2526 5019 2617 5071 τὸν
2663 5019 2919 5074 Ὠκεανὸν
2957 5016 3072 5074 οἴδα
3102 5023 3181 5054 ’θ’
3231 5025 3300 5078 τὰ
3332 5029 3439 5096 γὰρ
3500 5032 3716 5101 ἐκείνης

2132 5108 2304 5162 ἄνεισι
2338 5108 2531 5178 μέτρα,
2567 5110 2916 5181 ξυμμινύθων
2935 5114 3072 5184 αὐτῇ
3092 5116 3186 5168 καὶ
3203 5115 3713 5190 ξυμπληρούμενος.

2142 5199 2357 5269 Ἡμέρα
2395 5200 2434 5229 ¹¹
2486 5200 2528 5251 δ’
2576 5200 2856 5270 ἐκδέχεται
2894 5202 3068 5256 νύκτα
3103 5205 3198 5258 καὶ
3246 5205 3342 5273 νὺξ
3367 5207 3467 5277 τὴν
3501 5209 3716 5281 ἡμέραν

1721 5331 1804 5386 VA
1814 5332 1954 5387 RUE
1997 5330 2406 5389 LECTIONES.

515 5475 560 5506 ⁹¹
592 5470 930 5538 άλάϐαστρος
961 5485 1024 5532 ς.

453 5542 741 5612 μαργαρὶς
761 5535 902 5612 αἷμα
928 5555 984 5612 ς’.
1051 5538 1140 5612 __"
1168 5535 1432 5612 καταπλη]
1462 5553 1543 5612 tu,
1582 5536 1670 5591 58.

450 5699 535 5753 pr.
563 5679 936 5753 A,_t6tbv_curr.
1030 5681 1064 5753 _"
1096 5677 1448 5753 ἐπιχωρεῖται
1481 5677 1662 5753 καὶξΑ.

1101 5467 1146 5498 ’⁸
1172 5484 1229 5520 τε
1261 5466 1537 5520 διελασθὲν
1565 5465 1638 5518 A:
1671 5466 1725 5518 δὲ
1758 5465 2040 5519 δελεασθὲν
2068 5483 2128 5530 ς.
2206 5468 2250 5499 ³³
2275 5465 2466 5530 τύποις
2496 5467 2535 5520 Β
2563 5478 2616 5523 et
2643 5483 2783 5524 corr.
2812 5471 2877 5524 A.

1101 5538 1140 5570 ⁹⁵
1168 5535 1432 5588 καταπλ.1
1462 5553 1543 5588 Ill.
1582 5536 1670 5588 58.
1775 5540 1820 5568 9"
1846 5534 1950 5588 aui
1980 5553 2031 5588 ν.
2062 5540 2084 5588 1
2202 5538 2246 5569 ⁹⁷
2285 5538 2580 5588 ἐπένουσαι
2636 5539 2680 5588 Α
2706 5557 2718 5588 :
2749 5539 2872 5588 ἔνου

453 5542 733 5612 μαργαρὶς
761 5534 902 5608 αἷμα
928 5555 984 5602 ς’.
1095 5538 1140 5570 ⁸⁵
1168 5535 1432 5608 καταπλ.]
1462 5553 1543 5602 ttt,
1582 5536 1670 5591 58.
1775 5540 1820 5568 9"
1846 5534 1950 5608 ὅτι]
1980 5553 2031 5596 ν,
2062 5540 2084 5588 1
2202 5538 2246 5569 ⁹⁷
2285 5538 2580 5606 ἐπέχουσαι
2636 5539 2680 5592 Α
2706 5557 2718 5593 :
2749 5539 2968 5610 ἔχουσαι
3000 5542 3067 5605 ς.’
3127 5534 3140 5544 ’
3163 5547 3208 5576 9⁸

453 5611 660 5665 Ἀϐυλα
697 5611 908 5663 dicitur.
944 5609 1203 5678 Scaliger.
1280 5610 1324 5640 ⁸⁸
1362 5608 1726 5660 συνάπτουσαι
1748 5607 1854 5661 ΑΒ.
1931 5611 1946 5636 ¹
1977 5606 2271 5675 συμϐάλλοι
2305 5609 2370 5659 Α.
2413 5610 2432 5639 ³
2459 5608 2487 5660 ὃ
2515 5609 2600 5661 ΑΒ
2625 5625 2638 5661 :
2668 5610 2700 5680 ἢ
2734 5627 2793 5674 ς.
2872 5611 2892 5641 ³
2923 5612 3044 5683 τὰς]
3101 5629 3151 5681 ν,
3186 5617 3241 5671 9.,

453 5699 535 5750 pr.
563 5683 624 5748 Α,
651 5679 773 5733 ἰδὼν
795 5696 936 5733 corr.
1044 5681 1064 5711 ⁵
1096 5681 1448 5749 ἐπιχωρεῖται
1481 5678 1575 5731 καὶ
1596 5677 1682 5750 Α..
1705 5745 1721 5750 _
1760 5679 1780 5709 ⁶
1809 5677 2299 5750 *ὑπονοστήσῃνΑβίε
2325 5679 2624 5750 -ύποστήσῃ
2655 5697 2715 5750 ς.
2819 5679 2839 5710 '
2871 5685 3192 5740 νοσούντων]
3220 5706 3241 5738 ι

1814 5692 2299 5752 ῡπογοεξτησῃωὲἑ
2325 5692 2624 5752 ,υτὶίὲστηέῖι
2655 5697 2714 5752 ςτ

2202 5469 2250 5569 ξς
2275 5469 2466 5550 τύποις
2496 5469 2535 5520 Β
2563 5478 2616 5523 et
2643 5483 2783 5569 corr;
2812 5471 2877 5524 A.
2986 5471 3031 5502 ’δ
3064 5469 3208 5569 uita:
3234 5475 3360 5569 ΑΒὲ
3388 5478 3482 5531 καὶ
3507 5479 3656 5534 ἔστιν
3681 5484 3709 5551 ή

2286 5553 2574 5569 "mm"--.
2706 5557 2718 5569 .
2777 5557 2964 5569 μη--.
3002 5559 3039 5569 -
3259 5549 3311 5569 ν.
3371 5568 3395 5569 η
3421 5567 3426 5569 Α
3457 5567 3478 5569 η
3528 5549 3540 5569 ι

2285 5539 2580 5606 ἐπέχουσαι
2636 5539 2680 5592 Α
2706 5557 2718 5593 :
2749 5539 2968 5610 ἔχουσαι
3000 5542 3067 5605 ς.
3128 5539 3208 5576 ’⁸³⁸
3259 5548 3484 5601 Ἀϐιννα
3591 5539 3713 5606 aliis

2305 5609 2370 5694 Α.
2413 5610 2432 5639 ³
2459 5608 2487 5660 ὃ
2515 5609 2600 5694 nl}
2625 5625 2638 5661 :
2668 5610 2700 5680 ἢ
2734 5627 2793 5674 ς.
2819 5679 2839 5694 ε
2872 5611 2892 5641 ³
2923 5612 3044 5694 τὰς]
3101 5629 3151 5681 ν,
3174 5617 3273 5694 ‘2,
3321 5618 3339 5648 ⁸
3381 5549 3546 5694 εἶδονῆ
3575 5622 3711 5675 ne»

3417 5639 3520 5672 ιοον
3535 5639 3546 5674 1
3575 5639 3679 5674 ινοο

2819 5679 2849 5756 '_
2871 5679 3192 5756 νοσούντωνῖ
3220 5691 3400 5756 νήσων
3427 5679 3545 5746 τῶν
3565 5707 3705 5748 corr.

451 5736 517 5808 λ.
610 5736 645 5782 ’⁸
670 5750 798 5819 περὶ
829 5750 893 5819 Α,
925 5751 1051 5821 περὶ
1079 5750 1146 5804 τὰ
1175 5736 1250 5805 li:
1275 5736 1378 5802 ’ἐπὶ
1412 5766 1471 5813 ς.
1510 5825 1518 5829 γ’
1543 5825 1548 5828 _
1576 5751 1595 5781 ⁹
1629 5745 1724 5820 μὴ]
1761 5748 1836 5818 μὴ
1864 5748 1955 5802 καὶ
1986 5736 2078 5802 Α.’
2127 5736 2175 5781 ῗο
2207 5743 2346 5818 οἶδα]
2375 5744 2512 5804 εἶδον
2537 5736 2624 5806 '8."
2663 5736 2718 5782 ’⁸³
2745 5750 2951 5823 ἡμέρα]
2984 5769 3035 5821 v,
3065 5755 3117 5810 5.
