3990 6232
341 265 483 333 1°29

1416 267 1938 334 BIBLIOTHECA.
1971 297 2041 308 --
2078 273 2241 336 COD.
2273 275 2514 337 CCXLI.

3492 281 3630 349 1230

341 386 472 454 περὶ
497 384 740 452 Κελτοὺς
783 387 880 458 μὲν
914 385 1038 440 κατ’
1068 385 1247 457 ὀλίγον
1278 387 1599 454 ὑπανιόντος
1618 392 1662 424 ³³
1685 390 1779 445 τοῦ
1809 391 1929 445 σκό-

2044 391 2192 459 dein,
2238 406 2538 462 rursusque
2584 391 2700 449 dies
2741 401 2954 450 noctem
2999 395 3224 466 excipit,
3271 397 3412 468 apud
3444 392 3628 458 Celtas

336 488 466 538 τους
524 476 556 547 ἢ
627 478 722 532 τοῦ
776 477 975 546 φωτὸς,
1014 477 1205 550 ὥσπερ
1247 479 1504 548 ἐνταῦθα,
1539 483 1668 552 περὶ
1695 483 1930 553 Γάδειρα

337 570 399 622 δὲ
425 570 521 623 καὶ
558 569 759 638 στήλας
790 569 1002 641 ἀθρόως
1027 571 1275 640 λέγονται
1295 575 1410 637 τοῖς
1429 573 1730 644 ὀφθαλμοῖς
1760 575 1930 645 ὲμπί-

340 674 520 726 πτειν,
557 660 746 732 ὥσπερ
800 663 858 715 αἰ
904 663 1204 734 ἀστραπαί.
1243 663 1380 719 Φασὶ
1427 665 1522 719 καὶ
1547 666 1646 730 τὰς
1676 663 1806 738 [556
1833 665 1926 741 H.]

343 755 612 824 μακάρων
649 756 844 825 νήσους
866 755 1147 827 ὁρίζεσθαι
1176 757 1254 828 τῷ
1272 757 1494 831 Λιϐυκῷ
1522 753 1760 832 τέρματι
1790 761 1929 831 πρὸς

339 846 404 898 τὸ
442 847 696 918 ἀοίκητον
727 847 1030 918 ἀνεχούσας
1051 850 1421 924 ἀκρωτήριον.

413 1027 496 1080 Τὰ
515 1028 572 1082 δὲ
588 1029 821 1100 Γάδειρα
850 1031 1030 1086 κεῖται
1067 1033 1166 1104 μὲν
1185 1034 1330 1089 κατὰ
1347 1035 1406 1088 τὸ
1426 1033 1701 1110 Εὐρώπης
1725 1039 1925 1109 τέρμα,

338 1123 588 1191 ’περιττοὶ
647 1123 690 1154 ¹³
721 1123 778 1177 δέ
815 1125 923 1178 εἰσι
951 1125 1020 1179 τὰ
1057 1126 1196 1182 θεῖα.
1253 1129 1448 1200 Γήρως
1498 1130 1590 1184 οὖν
1647 1131 1693 1164 ιδ
1745 1131 1930 1202 βωμὸν

339 1209 610 1284 ἵδρυνται,
640 1215 737 1268 καὶ
770 1215 862 1270 τὸν
893 1217 1125 1272 θάνατον
1155 1219 1305 1290 μόνοι
1345 1221 1651 1293 ἀνθρώπων
1702 1223 1932 1278 παιωνί-

340 1302 549 1368 ζονται.
583 1307 770 1378 Βωμοὶ
817 1308 874 1361 δὲ
925 1311 1044 1363 ἐκεῖ
1088 1313 1184 1365 καὶ
1218 1311 1412 1371 πενίας
1465 1312 1562 1367 κα)⁸
1606 1315 1803 1386 τέχνης
1837 1317 1931 1370 καὶ

351 1393 689 1467 Ἡρακλέους
735 1399 792 1453 δὲ
861 1402 1201 1471 Αἰγυπτίου,
1271 1405 1366 1459 καὶ
1432 1405 1610 1477 ἕτεροι
1654 1405 1926 1479 Θηϐαίου⁶

336 1489 434 1542 τὸν
472 1492 514 1523 ¹⁵
552 1491 653 1558 μὲν
678 1491 790 1564 γὰρ
822 1494 915 1547 ἐπὶ
939 1495 1038 1566 τὴν
1068 1497 1236 1567 ἐγγὺς
1278 1495 1562 1570 Ἐρύθειαν
1605 1500 1795 1556 ὲλάσαι
1828 1520 1932 1572 φα-

340 1583 449 1646 σὶν,
479 1583 568 1635 ὅτε
601 1585 642 1615 ⁸⁸
672 1585 736 1655 δὴ
762 1585 854 1638 τὸν
883 1585 925 1618 ⁸⁷
959 1587 1243 1661 Γηρυόνην
1275 1607 1336 1644 τε
1362 1591 1459 1645 καὶ
1479 1591 1577 1656 τὰς
1609 1592 1735 1664 βοῦς
1765 1593 1927 1662 ἑλεῖν,

337 1674 434 1728 τὸν
455 1676 513 1728 δὲ
547 1677 710 1750 σοφία
748 1679 792 1712 ⁸³
818 1679 978 1734 δόντα
1005 1681 1114 1750 γῆν
1139 1699 1199 1735 τε
1227 1682 1716 1757 ἁναμετρήσασθαι
1742 1690 1925 1744 πᾶσαν

2039 484 2256 552 quidem
2278 483 2540 554 paulatim
2565 484 2971 543 discedentibus
2993 496 3088 542 aut
3108 487 3313 543 lumine
3330 527 3346 553 ,
3364 498 3456 544 aut
3479 500 3630 545 tene-

2039 574 2156 631 bris
2215 576 2360 632 sicut
2411 577 2554 646 apud
2605 592 2706 634 nos
2748 578 2915 633 etiam
2968 579 3188 634 accidit.
3239 579 3397 635 Circa
3449 579 3630 637 Gades

2041 676 2222 722 autem
2265 675 2320 722 et
2344 665 2612 723 columnae
2641 667 2930 724 confertim
2962 677 3219 739 tanquam
3254 669 3468 739 fulgura
3503 680 3630 725 ante

2043 758 2234 815 oculos
2271 761 2468 816 cadere
2511 758 2787 816 dicuntur.
2838 758 3138 817 Perhibent
3181 775 3396 832 quoque
3425 762 3615 827 beatu-

2042 866 2161 906 rum
2180 851 2383 906 insulas
2406 851 2604 908 Africae
2631 852 2831 908 finibus
2854 854 3091 920 definiri,
3120 854 3187 908 all
3212 853 3625 909 inhabitabiletn

2037 943 2401 1011 promontorii
2433 952 2643 1012 partem
2676 953 2984 1015 vergentes.

2108 1032 2289 1088 Gades
2340 1041 2520 1086 autem
2583 1033 2637 1086 in
2678 1033 2906 1104 Europae
2946 1034 3206 1091 lateribus
3250 1035 3438 1106 positae
3477 1043 3626 1091 sunt.

2039 1121 2416 1192 Superstitiosi
2443 1131 2572 1180 sunt
2589 1124 2699 1178 illic
2721 1125 2866 1180 circa
2891 1125 3184 1181 sacrificia.
3207 1126 3455 1182 Seuecta:
3473 1140 3630 1180 nam-

2037 1227 2144 1282 que
2167 1228 2318 1268 aram
2339 1214 2592 1270 dicarunt
2615 1233 2629 1272 :
2654 1216 2861 1286 solique
2885 1218 3167 1273 hominum
3198 1217 3354 1274 festis
3373 1219 3628 1274 cantibus

2038 1313 2270 1359 mortem
2298 1304 2628 1360 collaudant.
2659 1306 2800 1362 Sunt
2824 1309 2963 1376 apud
2994 1308 3143 1378 ipsos
3166 1307 3287 1362 Ατιὶ
3312 1318 3367 1363 et
3389 1307 3630 1378 Pauper-

2041 1396 2134 1451 tati
2166 1412 2274 1452 ara:
2303 1398 2542 1467 positae,
2581 1399 2723 1453 sicut
2763 1395 3019 1471 Egyptio
3041 1438 3056 1465 ,
3093 1409 3149 1455 et
3175 1400 3330 1454 alteri
3366 1399 3628 1456 Thebano

2040 1489 2280 1546 Herculi.
2308 1491 2554 1546 Alterum
2583 1507 2824 1561 namque
2857 1491 3144 1546 finitimam
3186 1506 3360 1560 usque
3397 1493 3464 1547 ad
3499 1492 3630 1563 Ery-

2039 1582 2209 1637 thiam
2265 1593 2584 1654 penetrasse
2635 1583 2822 1639 ferunt
2875 1601 3000 1640 cum
3057 1585 3342 1656 Geryone,
3399 1585 3628 1653 ejusque

2039 1673 2207 1730 boves
2257 1674 2567 1731 sustulisse.
2599 1675 2842 1731 Alterum
2884 1692 3016 1732 vero
3053 1679 3318 1749 sapientia
3362 1679 3627 1736 excellen-

338 1767 401 1828 ἔς
429 1767 626 1838 τέρμα.
662 1771 772 1823 Καὶ
833 1770 938 1842 μὴν
985 1775 1080 1826 καὶ
1111 1771 1460 1846 Ἑλληνικοὺς
1511 1772 1650 1832 εἷναί
1679 1796 1814 1848 φασι
1860 1779 1929 1835 τὰ

2039 1776 2169 1832 tem,
2202 1775 2373 1823 totum
2409 1778 2568 1823 terrae
2601 1769 2863 1824 ambitum
2891 1771 3193 1824 dimensum
3229 1787 3372 1826 esse.
3394 1771 3627 1827 Praeter-

338 1857 594 1928 Γάδειρα,
624 1861 718 1913 καὶ
748 1861 1103 1917 παιδεύεσθαι
1136 1865 1227 1918 τὸν
1255 1865 1538 1937 ἡμεδαπὸν
1563 1869 1786 1940 τρόπον.
1820 1872 1930 1926 Καὶ

337 1948 532 2022 δένδρα
562 1951 604 1982 ¹⁹
633 1951 689 2004 δέ
717 1971 881 2020 φασιν
906 1954 1141 2010 ἐνταῦθα
1172 1949 1260 2010 οἷα
1293 1958 1393 2030 οὐχ
1419 1959 1651 2032 ἑτέρωθι
1669 1961 1770 2031 τῆς
1799 1961 1927 2031 γῆς’

337 2039 639 2112 Γηρυόνεια
693 2046 792 2115 μὲν
839 2047 948 2118 γὰρ
1013 2049 1301 2104 καλεῖσθαι
1353 2051 1515 2116 αὐτὰ,
1566 2052 1662 2106 δύο
1685 2053 1740 2106 δὲ
1765 2050 1926 2123 εἶναι,

341 2133 572 2201 φύεσθαι
606 2134 663 2188 δὲ
692 2136 787 2190 τοῦ
815 2139 1058 2209 σήματος
1108 2141 1136 2194 ὃ
1188 2144 1283 2196 ἐπὶ
1313 2143 1394 2214 τῷ
1423 2143 1677 2218 Γηρυόνῃ
1705 2145 1927 2213 ἔστηκε.

340 2224 794 2296 παραλλάττοντα
824 2230 889 2284 ἐκ
941 2232 987 2263 ’⁸
1046 2233 1236 2298 πίτυός
1257 2251 1314 2288 τε
1343 2237 1440 2290 καὶ
1463 2235 1676 2306 πεύκης
1702 2237 1761 2299 ὲς
1790 2231 1931 2299 εἶδος

337 2312 550 2384 ἕτερον,
587 2315 863 2372 λείϐεσθαι
888 2320 945 2374 δὲ
967 2321 1162 2393 αἵματι
1209 2324 1462 2397 καθάπερ
1489 2324 1570 2397 τῷ
1608 2311 1793 2396 χρυσῷ
1831 2325 1929 2396 τὴν

350 2406 582 2461 Ἠλιάδα
612 2411 876 2482 αἴγειρον.
920 2413 987 2467 Ἥ
1029 2415 1088 2469 δὲ
1137 2418 1298 2488 νῆσος
1330 2417 1387 2472 ἐν
1484 2418 1546 2472 τὸ
1597 2417 1763 2488 ἱερὸν,
1813 2415 1930 2468 ἔστι

338 2500 446 2570 μὲν
468 2501 640 2573 ὁπόση
668 2503 695 2555 ὁ
716 2504 874 2572 νεὼς,
926 2506 1223 2576 πετρῶδες,
1254 2508 1311 2561 δὲ
1357 2507 1530 2578 αὐτῆς
1584 2507 1760 2575 οὐδὲν,
1790 2506 1930 2561 ἀλλὰ

341 2592 554 2663 pulcra;
610 2589 772 2666 ξεστῇ
829 2599 1102 2653 εἴκασται.
1159 2600 1248 2654 Ἐν
1277 2600 1334 2654 δὲ
1361 2600 1440 2672 τῷ
1497 2599 1628 2671 ίερῷ
1663 2600 1929 2672 τιμᾶσθαι

342 2685 446 2756 μὲν
470 2680 639 2758 ἄμφω
661 2685 741 2743 τὼ
783 2691 1053 2764 Ἠρακλήέε
1081 2694 1266 2762 φασὶν,
1329 2695 1625 2763 ἀγάλματα
1659 2693 1715 2746 δὲ
1745 2695 1930 2747 αὐτοῖν

337 2783 442 2835 οὐκ
467 2779 626 2847 εἰναι,
655 2785 874 2857 βωμοὺς
896 2787 953 2841 δὲ
983 2787 1078 2840 τοῦ
1109 2789 1210 2859 μὲν
1246 2790 1548 2858 Αἰγυπτίου
1583 2791 1628 2822 ¹¹
1651 2790 1770 2857 δύο,
1793 2792 1928 2860 χαλ-

339 2877 472 2940 κοῦς
489 2878 582 2930 καὶ
609 2879 878 2950 ἀσήμους,
909 2882 1006 2936 ἕνα
1030 2881 1088 2935 δὲ
1113 2880 1208 2936 τοῦ
1239 2881 1498 2952 Θηϐαίου.
1533 2883 1646 2947 Τὰς
1675 2883 1730 2937 δὲ
1763 2882 1930 2954 ὕδρας

339 2985 402 3020 τε
429 2969 644 3032 καὶτὰς
697 2971 996 3042 Διομήδους
1045 2973 1246 3037 ἵππους
1292 2975 1390 3028 καὶ
1428 2976 1496 3029 τὰ
1521 2973 1729 3029 δώδεκα
1763 2976 1928 3047 Ἥρας

335 3059 534 3126 κλέους
556 3063 692 3134 ἔργα
720 3065 1131 3120 ὲκτετυπῶσθαι
1164 3066 1313 3120 λίθου
1339 3069 1383 3099 ’⁸
1414 3068 1564 3123 ὄντα.
1601 3070 1668 3123 Ἠ
1699 3071 1930 3140 Πυγμαο

340 3153 544 3218 λίωνος
573 3155 629 3208 δὲ
671 3157 826 3212 ἐλαία
850 3159 884 3230 ή
908 3159 1081 3229 χρυσῆ
1105 3156 1417 3230 (ἀνάκειται
1441 3161 1497 3215 δὲ
1525 3163 1753 3233 κάκείνη
1777 3163 1836 3226 ἐς
1870 3162 1932 3216 τὸ

354 3245 703 3319 Ἡράκλειον)
727 3249 854 3316 ἀξία
878 3252 998 3325 μὲν,
1027 3250 1103 3317 ὥς
1138 3269 1296 3321 φασι,
1329 3253 1426 3308 καὶ
1451 3253 1544 3308 τοῦ
1577 3253 1769 3307 θαλλοῦ
1798 3253 1930 3309 θαυ-

339 3338 539 3410 μάζειν
567 3333 612 3408 ᾦ
642 3342 914 3406 εἴκασται,
943 3343 1321 3415 θαυμάζεσθαι
1347 3345 1392 3398 δ’
1431 3345 1497 3399 ἂν
1513 3347 1605 3400 ἐπὶ
1629 3345 1709 3416 τῷ
1733 3346 1931 3418 καρπῷ

344 3432 585 3502 μᾶλλονο
617 3433 773 3504 βρύει
822 3436 931 3506 γὰρ
983 3437 1148 3491 αὑτὸν
1227 3437 1542 3508 σμαράγδου
1586 3436 1760 3492 λίθου.
1817 3439 1930 3492 Καὶ

341 3525 590 3596 Τεύκρου
625 3526 719 3578 τοῦ
776 3527 1129 3596 Τελαμωνίου
1182 3529 1441 3601 ζωστῆρα
1502 3530 1757 3602 χρυσοῦν,
1796 3549 1930 3599 φασι

340 3613 676 3680 δείκνυσθαι,
708 3615 825 3680 πῶς
857 3617 912 3671 δὲ
934 3619 992 3681 ἐς
1018 3618 1110 3671 τὸν
1133 3617 1389 3674 Ὠκεανὸν
1419 3619 1752 3682 πλεύσαντος
1779 3621 1813 3690 ἢ
1844 3621 1928 3688 ἐφ’

341 3706 372 3762 δ
419 3726 496 3773 τι,
561 3708 622 3762 ού
678 3727 842 3780 φασιν
892 3709 1113 3766 εἰδέναι.
1146 3712 1260 3775 Τὰς
1309 3712 1366 3765 δὲ
1387 3713 1445 3766 ὲν
1463 3711 1542 3782 τῷ
1574 3711 1705 3783 ἰερῷ
1727 3712 1930 3782 στήλας

337 3799 549 3870 χρυσοῦ
585 3801 682 3871 μὲν
713 3803 1048 3873 πεποιῆσθαι
1073 3803 1170 3856 καὶ
1208 3802 1457 3874 ἀργύρου
1517 3804 1932 3874 συντετηκότοιν

339 3892 423 3953 εἰς
452 3889 509 3941 ἓν
535 3891 751 3961 χρῶμα,
783 3892 952 3963 [Mle
988 3891 1081 3964 IL]
1113 3887 1254 3945 εἶναι
1278 3893 1333 3945 δὲ
1366 3892 1537 3957 αὐτὰς
1559 3893 1700 3964 ὑπὲρ
1725 3893 1928 3964 πῆχυν,

340 3983 688 4052 τετραγώνου
753 3985 1053 4054 σχήματος,
1109 3983 1298 4055 ὥσπερ
1345 3984 1395 4037 οἰ
1430 3985 1706 4054 ἄκμωνες,
1741 3987 1944 4060 ὲπιγεέ

341 4077 588 4148 γράφθαι
617 4076 673 4129 δὲ
712 4076 809 4138 τὰς
845 4075 1088 4144 κεφαλὰς
1112 4074 1236 4129 οὔτε
1269 4077 1593 4143 Αἰγυπτίοις
1618 4075 1742 4129 οὔτε
1785 4075 1932 4130 Ἰνδι-

341 4173 460 4234 κοῖς
495 4171 822 4240 γράμμασιν
847 4168 972 4222 οὔτε
1003 4169 1139 4233 οἵοις
1184 4168 1498 4238 ξυμϐαλεῖν.
1551 4168 1610 4222 ’0
1639 4169 1696 4222 δὲ
1739 4168 1931 4222 ’Λπολ-

340 4263 555 4326 λώνιος.
597 4263 672 4324 ὡς
699 4262 853 4314 οὐδὲν
875 4262 924 4314 οἰ
951 4261 996 4292 ’³
1029 4262 1193 4332 ἱερεῖς
1231 4262 1487 4330 ἔφραζον,
1517 4262 1598 4315 Οὐ
1633 4260 1939 4330 συγχωρεῖ

335 4372 461 4426 μοι,
513 4353 640 4422 ἔφη,
674 4357 707 4407 ό
755 4351 1058 4421 Ἡρακλῆς
1079 4355 1112 4406 d
1148 4354 1465 4423 Αἰγύπτιος
1484 4352 1571 4422 μὴ
1604 4356 1676 4408 οὐ
1731 4355 1931 4423 λέγειν

2036 1873 2100 1913 ea
2148 1859 2240 1928 qui
2289 1858 2468 1915 Gades
2525 1858 2770 1916 incolunt
2826 1860 3001 1916 (ἕτωοί
3058 1877 3179 1917 esse
3240 1863 3617 1933 perhibentur,

2038 1961 2334 2021 nostroque
2383 1966 2535 2006 more
2587 1951 2808 2007 eruditi.
2866 1953 3108 2007 Arbores
3149 1951 3260 2007 illic
3301 1952 3468 2007 etiam
3505 1966 3627 2008 esse

2036 2043 2280 2109 tradunt,
2314 2060 2436 2114 quae
2472 2060 2742 2116 nusquam
2774 2045 2904 2100 alibi
2935 2056 3204 2100 terrarum
3247 2045 3622 2111 inveniuntur,

2037 2136 2333 2207 appellatas
2365 2149 2549 2193 autem
2593 2134 2916 2210 Geryonias,
2957 2149 3014 2193 et
3051 2139 3185 2193 duas
3235 2149 3445 2194 tantum
3476 2154 3623 2195 esse.

2037 2226 2182 2283 Ome
2217 2239 2344 2284 sunt
2369 2237 2549 2284 autem
2571 2229 2726 2299 juxta
2758 2231 3092 2298 sepulcrum,
3119 2231 3260 2300 quod
3287 2230 3362 2284 illi
3386 2229 3624 2302 Geryoni

2037 2327 2380 2388 statuerunt,
2428 2325 2665 2393 speciem
2706 2338 2777 2378 ex
2826 2325 2952 2392 pinu
2983 2325 3247 2394 piceaque
3274 2326 3621 2379 commistam

2038 2411 2316 2468 habentes.
2351 2413 2682 2484 Sanguinem
2717 2429 2845 2467 vero
2879 2413 3085 2469 stillare
3111 2453 3128 2478 ,
3163 2414 3310 2470 sicut
3341 2413 3620 2469 Heliadem

2039 2503 2292 2573 populum
2325 2519 2458 2559 auro
2505 2520 2756 2569 manare,
2808 2505 3018 2560 dicunt.
3061 2506 3238 2560 Insula
3269 2521 3399 2561 vero
3437 2507 3488 2561 iu
3517 2521 3624 2576 qua

2041 2597 2298 2666 templum
2333 2598 2522 2664 situm,
2554 2599 2782 2667 aequalis
2815 2611 2900 2652 est
2934 2599 3307 2668 magnitudine
3345 2599 3446 2670 ipsi
3483 2609 3624 2655 tem-

2038 2687 2155 2757 plo;
2197 2687 2342 2742 nulla
2379 2697 2560 2742 autem
2600 2688 2719 2759 ejus
2761 2703 2888 2758 pars
2917 2701 3000 2744 est
3037 2698 3276 2759 petrosa,
3313 2692 3406 2744 sed
3438 2690 3624 2761 politis

2039 2780 2349 2836 carceribus
2391 2779 2604 2835 similis.
2637 2779 2839 2836 Colunt
2879 2781 2932 2834 in
2964 2788 3155 2837 eodem
3195 2781 3398 2852 templo
3433 2784 3624 2839 ambos

2025 2871 2322 2952 pllercules.
2361 2871 2668 2928 Simulacro
2699 2872 2804 2928 illis
2846 2873 2999 2928 nulla
3033 2884 3160 2928 sunt
3189 2893 3204 2930 :
3237 2875 3332 2928 sed
3369 2873 3624 2946 Egyptio

2039 2966 2255 3032 quidem
2312 2981 2422 3020 arte
2474 2974 2602 3022 sunt
2655 2967 2774 3022 duae
2821 2981 3006 3032 cenem,
3054 2968 3260 3036 absque
3304 2969 3620 3034 simulacro,

2039 3057 2302 3113 Thebano
2345 3067 2525 3113 autem
2578 3073 2683 3112 una
2741 3054 3002 3113 tantum:
3058 3059 3254 3131 Hydra:
3308 3061 3528 3129 insuper
3569 3071 3626 3116 et

1961 3125 2006 3184 (ἶ
2037 3149 2314 3207 Diomedis
2347 3152 2474 3222 equi
2508 3158 2562 3207 et
2593 3151 2877 3206 duodecim
2917 3125 3162 3208 Herculis
3209 3125 3510 3208 labores'in
3539 3154 3624 3208 la-

2035 3243 2214 3313 pidem
2260 3242 2436 3299 incisa
2467 3242 2921 3312 .conspiciuntur.
2973 3242 3342 3314 Pygmalionis
3402 3246 3625 3314 insuper

2035 3348 2202 3390 aurea
2229 3335 2370 3389 oliva
2395 3335 2450 3388 in
2487 3335 2606 3404 ipso
2640 3333 2888 3389 Herculis
2915 3335 3117 3406 templo
3146 3336 3390 3390 dedicata
3419 3355 3432 3390 :
3461 3337 3624 3406 digna

2035 3428 2276 3498 quidem,
2303 3436 2361 3482 ut
2389 3428 2579 3481 volunt
2607 3428 2977 3483 admiratione
3009 3429 3080 3482 ob
3107 3444 3319 3482 ramum
3349 3429 3435 3483 cui
3467 3429 3626 3485 simi-

2035 3519 2103 3574 lis
2139 3527 2243 3583 est,
2297 3517 2673 3574 admirabilior
2729 3533 2861 3572 vero
2920 3518 3133 3582 fructu,
3186 3533 3294 3588 quo
3327 3519 3623 3575 abumlate

2029 3611 2324 3686 smaragdo
2363 3610 2510 3664 ficto.
2543 3609 2610 3663 Et
2638 3608 2833 3665 Teucri
2877 3611 3048 3664 etiam
3086 3610 3386 3666 Telamouii
3420 3609 3623 3681 329a

2033 3703 2246 3760 balteus
2267 3719 2465 3760 aureus
2485 3703 2676 3760 eodem
2704 3704 2756 3757 in
2783 3702 2921 3768 loco,
2955 3712 3311 3759 monstratur.
3335 3702 3619 3770 Quomodo

2033 3806 2247 3862 autem,
2291 3806 2387 3852 aut
2425 3812 2531 3868 qua
2564 3797 2634 3852 de
2676 3811 2842 3851 causa
2873 3799 2938 3851 ad
2969 3796 3246 3851 Oceanum
3290 3797 3619 3866 pervenerit,

2033 3903 2093 3946 se
2121 3892 2331 3945 nescire
2353 3891 2564 3946 dicunt.
2588 3889 2722 3958 Qua:
2748 3899 2928 3945 autem
2957 3894 3012 3943 lu
3039 3889 3239 3958 templo
3268 3901 3389 3944 sunt
3412 3890 3624 3944 colum-

2033 3999 2138 4050 na»,
2166 4000 2232 4038 ex
2263 3999 2396 4039 auro
2426 3995 2761 4056 argentoque
2792 3983 2952 4039 simul
2989 3983 3127 4049 fuso,
3163 3994 3218 4036 et
3247 3983 3300 4036 in
3334 3999 3500 4036 unum
3531 3997 3623 4038 co-

2033 4076 2202 4131 lorem
2249 4077 2470 4132 redacto
2515 4077 2686 4134 factas
2720 4091 2842 4131 esse
2869 4084 3072 4130 narrat.
3108 4075 3238 4130 Esse
3271 4083 3451 4129 autem
3481 4090 3621 4144 qua-

2034 4169 2386 4238 draugulares
2424 4170 2572 4224 velut
2612 4170 2859 4232 incudes,
2895 4179 2947 4224 et
2983 4184 3170 4223 eorum
3206 4169 3388 4237 capita
3425 4168 3623 4222 litteris

2034 4260 2295 4329 inscripta
2337 4271 2464 4315 sunt
2497 4276 2604 4316 non
2639 4259 2935 4330 Egyptiis,
2975 4273 3150 4327 neque
3190 4258 3411 4321 Indicis,
3443 4272 3622 4326 neque

2036 4353 2102 4408 ab
2139 4353 2319 4424 aliquo
2357 4355 2571 4424 penitus
2613 4355 2866 4424 cognitis.
2905 4353 3224 4420 Apollonius
3256 4361 3458 4417 autem,
3493 4367 3618 4409 cum

341 4448 546 4502 ὁπόσα
565 4445 716 4498 οῖδα.
747 4444 877 4512 Γῆς
906 4443 1005 4497 καί
1035 4445 1323 4498 Ὠκεανοῦ
1357 4444 1669 4514 ξύνδεσμα
1711 4447 1843 4499 αἵδε
1867 4448 1929 4501 αἱ

2038 4447 2102 4500 de
2132 4446 2234 4500 hac
2267 4460 2328 4500 re
2365 4444 2678 4500 sacerdotes
2710 4444 2845 4498 nihil
2889 4445 3135 4498 dicereut
3174 4442 3331 4497 :Non
3360 4443 3618 4512 permittit

339 4535 737 4604 στῆλαιείσίν
765 4550 778 4565 ⁶
810 4533 1114 4604 ἐγράψατο
1135 4532 1204 4587 δὲ
1222 4536 1410 4600 αὐτὰς
1439 4534 1671 4601 ἐκεῖνος
1695 4536 1764 4589 ἐν
1787 4539 1929 4590 Μοι-

334 4625 464 4697 ρῶν
486 4626 648 4693 οἴκῳ,
680 4626 761 4691 ὡς
784 4624 935 4694 μήτε
972 4624 1172 4692 νεῖκος
1217 4625 1342 4692 τοῖς
1392 4627 1718 4694 στοιχείοις
1767 4624 1931 4694 ἐγγέ-

341 4735 529 4780 νοιτο,
547 4717 700 4786 μήτε
718 4715 1074 4788 ἀτιμάσειαν
1094 4717 1210 4786 τὴν
1217 4717 1513 4788 φιλότητα
1538 4717 1620 4787 ἣν
1637 4717 1930 4788 ἀλλήλων

341 4811 658 4880 ἴσχουσιν.

411 4989 536 5042 ’Ότι
569 4988 616 5020 ⁸⁸
663 4987 754 5041 τὸν
813 4986 1016 5058 Βαίτην
1058 4990 1102 5026 ³⁸
1148 4987 1240 5045 τὸν
1297 4989 1542 5058 ποταμὸν
1589 4989 1927 5045 ἀναπλεῦσαί

337 5098 524 5151 φασιν,
554 5080 614 5144 ὃς
667 5080 820 5150 δηλοῖ
855 5081 1093 5153 μάλιστα
1129 5081 1230 5153 τὴν
1273 5081 1368 5135 τοῦ
1409 5081 1668 5136 Ὠκεανοῦ
1728 5081 1923 5151 φύσιν*

339 5171 563 5226 ἐπειδὰν
597 5171 707 5241 γὰρ
732 5172 1038 5244 πλημμυρῇ
1065 5172 1110 5203 ⁸⁵
1131 5172 1193 5225 τὸ
1225 5172 1476 5241 πέλαγος,
1505 5173 1598 5225 ἐπὶ
1619 5175 1716 5236 τὰς
1741 5173 1928 5243 πηγὰς

335 5267 367 5318 ό
401 5265 644 5336 ποταμὸς
671 5264 974 5338 παλίρρους
1025 5265 1186 5331 ἵεται,
1215 5264 1527 5335 πνεύματος
1570 5265 1635 5336 δή
1663 5282 1769 5319 που
1816 5268 1926 5320 ἀπ-

2028 4553 2132 4600 me,
2173 4536 2270 4599 ait,
2313 4535 2602 4606 {Egyptius
2658 4533 2909 4590 Hercules
2939 4545 3111 4588 tacere
3142 4550 3260 4602 qua:
3295 4535 3484 4588 sciam.
3519 4531 3622 4587 Ha:

2027 4627 2288 4682 columnae
2327 4637 2588 4682 terrarum
2635 4625 2935 4696 Oceanique
2993 4624 3260 4680 vinculum
3310 4633 3479 4678 sunt:
3510 4625 3620 4693 ipse

2027 4735 2145 4774 vero
2181 4716 2432 4772 Hercules
2465 4718 2522 4772 in
2561 4717 2716 4772 domo
2745 4715 3044 4770 Parcarum
3083 4715 3395 4784 inscripsit:
3427 4730 3490 4769 ne
3513 4729 3618 4782 qua

2027 4811 2298 4865 elementis
2333 4795 2599 4864 contentio
2643 4809 2927 4871 accideret,
2956 4824 3120 4878 neque
3177 4807 3471 4862 amicitiam
3502 4805 3617 4858 dis-

2027 4903 2399 4974 jungant,qua
2426 4900 2642 4955 invicem
2669 4909 2929 4956 tenentur.

2110 4994 2442 5063 Navigarunt
2474 5007 2690 5062 quoque
2723 4991 2941 5046 fluvium
2992 4990 3200 5058 Baetim,
3239 4992 3332 5062 qui
3383 4993 3618 5050 maxime

2036 5096 2289 5142 naturam
2318 5084 2498 5139 fluxus
2519 5093 2578 5144 et
2606 5081 2847 5140 reﬂuxus
2875 5082 3076 5138 Oceani
3103 5083 3365 5139 declarat.
3409 5083 3616 5142 Excreo

2035 5185 2220 5232 scente
2255 5176 2398 5230 enim
2443 5175 2635 5245 pelago
2673 5173 2856 5229 fontes
2893 5173 3109 5244 repetit,
3142 5174 3332 5244 spiritu
3377 5176 3614 5245 quodam

2036 5269 2210 5337 ipsum
2253 5282 2280 5320 a
2324 5267 2461 5321 mari
2495 5265 2819 5334 depellente.
2847 5263 3140 5334 [legionem
3171 5280 3299 5320 vero
3329 5267 3397 5320 ab
3424 5281 3488 5321 eo
3515 5263 3618 5319 llu-

1590 5447 1830 5504 vauur:
1871 5449 2282 5508 LECTIONES.
2334 5424 2337 5425 ί

415 5592 457 5624 ¹¹
490 5587 824 5658 ὐπανιόντας
851 5583 973 5658 ΑΒ..
1033 5585 1374 5658 ¹ξμπεριττοη
1405 5601 1456 5650 ν,
1588 5655 1606 5658 _
1627 5585 1670 5618 “
1701 5582 1796 5658 οὖν
1816 5587 1862 5640 Α
1880 5604 1896 5658 ι
1927 5587 2029 5658 καῖ
2050 5568 2115 5651 νς.

782 5655 826 5687 ts
852 5656 1042 5724 σοφίαν
1069 5654 1130 5710 Β,
1183 5654 1251 5688 ’⁸³
1281 5654 1373 5710 καῖ
1395 5655 1608 5727 δένδρα]
1638 5671 1689 5715 V.
1718 5657 1773 5711 5.

341 5665 440 5733 μὲν
475 5662 606 5730 Γηρ.
641 5675 706 5724 ς.
782 5662 826 5687 ⁸⁵
852 5662 1042 5724 σοφίαν
1069 5662 1130 5710 Β.
1211 5662 1251 5688 ¹⁹

341 5734 474 5783 ωαοὶ
501 5732 649 5783 λίθου
681 5747 742 5783 ς’.
851 5727 897 5759 ’³
925 5728 973 5780 οἱ
1012 5741 1124 5783 om.
1161 5727 1268 5781 ΑΒ.

337 5732 474 5800 φασὶ
501 5732 649 5786 λίθου
681 5747 742 5794 ς.

1524 5657 1608 5729 pa]
1638 5671 1689 5715 ν.
1718 5657 1773 5711 5.
1849 5657 1894 5688 "
1916 5659 1980 5710 ἐκ
2007 5657 2088 5711 Ac
2119 5658 2175 5711 δὲ
2209 5660 2272 5711 ἐκ
2297 5676 2355 5723 ς’.
2436 5661 2478 5690 ’⁸
2508 5658 2603 5712 τοῦ
2635 5677 2684 5762 μ

1529 5727 1542 5762 l
1576 5743 1606 5762 ν
1662 5727 1695 5762 n
1817 5728 1862 5760 ar
1894 5727 2093 5762 mi"...
2121 5725 2237 5762 Δρ.
2274 5728 2441 5762 n.1,-..
2472 5745 2511 5762 ρ
2611 5730 2630 5760 ι

1373 5727 1542 5799 ’³6τι]
1576 5725 1627 5793 ν,
1662 5727 1734 5816 6..
1768 5805 1771 5808 ί
1817 5728 1862 5812 ξ’
1894 5727 2093 5808 Βαίτην
2115 5725 2237 5808 AB;
2272 5728 2441 5811 βέτην
2472 5725 2658 5808 ς.
2687 5727 3008 5802 πλημμυροῖ
3043 5745 3083 5793 ς·

2209 5589 2253 5619 ¹⁵
2282 5589 2374 5642 τὸν
2403 5589 2482 5642 A:
2515 5588 2610 5642 καί
2644 5588 2737 5642 τὸν
2765 5603 2825 5652 ς.
2906 5588 2948 5619 ⁸⁸
2975 5587 3062 5640 ὅτε
3086 5587 3130 5640 Α
3157 5602 3170 5640 :
3205 5587 3285 5640 ὅτι
3315 5602 3373 5651 ς.
3453 5584 3495 5617 ⁸⁷
3521 5587 3612 5642 τὸν

2688 5659 2745 5711 ὲν
2771 5659 2814 5711 Α
2850 5673 2864 5710 :
2895 5657 3024 5721 τοὺς
3056 5658 3154 5726 μὲν
3188 5675 3249 5723 ς.
3358 5659 3402 5690 ²²
3430 5656 3650 5713 Extat.»
