3990 6232
404 255 544 324 1235

1547 265 1806 328 PHOTII
1846 269 2349 334 PATRIARCHE
2377 276 2488 336 CP.

3528 281 3670 350 (1236

410 374 626 437 tberas,
675 380 730 427 et
769 370 902 428 alias
928 372 1236 443 lmjusmodi
1285 373 1448 440 feras,
1491 391 1722 446 quarum
1753 379 1897 434 nulla
1937 384 1991 435 in

2108 384 2215 438 5δοῦ
2241 387 2338 440 καὶ
2359 387 2656 459 παρδάλεις
2679 391 2774 444 καὶ
2797 390 3022 448 τοιαῦτα
3041 393 3205 465 θηρία
3227 410 3393 465 ετερα
3411 409 3428 426 ο
3451 394 3611 467 ἐπῄει
3626 397 3670 429 ⁵⁸

405 479 503 520 eos
532 463 793 536 impetum
821 463 1001 519 facere
1031 466 1277 531 tentavit,
1303 469 1395 522 sed
1422 475 1684 539 tanquam
1711 471 1990 528 hominum

406 569 762 628 conspectum
797 567 1078 627 stupentes
1111 559 1461 628 praeteribant
1502 579 1517 616 :
1549 577 1742 619 cervos
1774 565 1995 634 insuper

409 661 465 704 et
487 665 738 720 capreas,
764 650 1212 720 struthionesque
1233 661 1289 707 et
1318 653 1508 710 asinos
1537 655 1819 712 silvestres
1841 671 1994 711 com-

406 739 614 808 plures,
647 748 703 794 et
729 740 1048 794 animalium
1087 744 1236 796 varia
1265 757 1496 812 genera,
1524 743 1670 799 inter
1693 761 1817 816 quae
1845 745 1996 803 fuere

407 831 685 886 silvestres
731 833 896 888 boves
931 845 986 889 et
1029 835 1370 892 hircoboves.
1409 836 1546 894 Sunt
1574 851 1752 895 autem
1805 840 1996 910 hujus-

409 925 554 979 modi
583 924 883 980 belluarum
927 925 1047 980 alia:
1090 942 1154 981 ex
1192 941 1352 982 cervo
1373 928 1636 999 hircoque
1663 932 1994 1001 compositae,

411 1030 532 1085 qum
576 1031 642 1070 ex
673 1017 904 1071 diversis
937 1019 1432 1076 deuominationem
1466 1023 1688 1090 capiunt
1745 1024 1996 1078 animali-

411 1107 535 1163 bus.
587 1106 723 1163 Ossa
776 1109 996 1180 insuper
1049 1111 1354 1180 hujusmodi
1399 1112 1634 1168 ferarum
1684 1124 1738 1168 et
1785 1130 1996 1171 semesa

411 1201 726 1254 earumdem
750 1203 1015 1257 cadavera
1042 1202 1385 1258 invenerunt.
1421 1204 1629 1260 Leones
1655 1208 1799 1261 enim
1825 1207 1998 1261 calida

410 1291 594 1360 praeda
642 1291 807 1346 semel
860 1293 1126 1360 saturati,
1187 1293 1384 1364 330b
1453 1295 1714 1366 reliquias
1770 1297 2000 1367 amplius

417 1381 690 1451 attingere
711 1381 1092 1451 dedignantur,
1114 1385 1466 1454 confidentes,
1493 1398 1548 1443 ut
1569 1389 1780 1458 opinor,
1808 1405 1999 1444 novam

417 1486 610 1527 rursus
633 1488 691 1527 se
723 1475 958 1537 prmdam
990 1490 1147 1544 posse
1173 1477 1385 1531 venari.

490 1562 603 1617 Illic
656 1563 939 1636 Ethiopes
979 1567 1223 1621 habitant
1273 1568 1538 1625 Nomades
1586 1573 1862 1642 appellati,
1910 1575 2002 1644 qui

417 1655 668 1709 civitates
699 1655 751 1708 in
783 1657 1034 1712 curribus
1065 1660 1270 1728 positas
1308 1660 1527 1717 habent.
1563 1662 1800 1718 Proximi
1826 1677 2001 1720 autem

2093 476 2152 530 δὲ
2174 478 2327 533 οὐδὲν
2373 481 2579 546 αὐτοῖς,
2620 483 2737 536 ἀλλ’
2770 484 3028 556 ἀπεπήδα
3074 485 3224 555 σφῶν
3264 484 3456 560 ὥσπερ
3509 489 3673 542 ἐκπε-

2096 569 2389 640 πληγμένα
2417 572 2545 636 τοὺς
2579 573 2924 647 ἀνθρώπους.
2953 576 3181 646 Ἐλαφοι
3214 577 3269 631 δὲ
3303 579 3397 632 καὶ
3417 579 3674 650 δορκάδες

2096 662 2192 715 καὶ
2220 663 2470 734 στρουθοὶ
2497 667 2589 720 καὶ
2622 667 2754 732 ὄνοι,
2778 667 2948 722 πολλὰ
2977 670 3076 738 μὲν
3107 670 3199 722 καὶ
3234 671 3410 724 ταῦτα
3446 672 3675 740 ἑωρᾶτο,

2097 755 2326 810 πλεῖστα
2353 757 2410 812 δὲ
2437 759 2488 812 οὶ
2513 759 2737 832 βόαγροί
2764 780 2824 815 τε
2857 764 2948 816 καὶ
2979 762 3025 815 οἱ
3057 762 3376 834 βούτραγοι⁸
3405 762 3679 835 [10168.]

2100 845 2387 917 σύγκειται
2415 850 2472 903 δὲ
2503 851 2569 904 τὰ
2596 851 2758 923 θηρία
2797 852 2990 916 ταῦτα,
3023 854 3085 906 τὸ
3125 854 3224 924 μὲν
3260 855 3459 924 ἐλάφου
3493 873 3556 907 τε
3588 856 3681 908 καὶ

2095 941 2325 1011 τράγου,
2353 942 2413 996 τὸ
2445 943 2502 996 δὲ
2549 945 2641 1012 ἀφ’
2672 937 2844 1016 οὗπερ
2885 946 2986 1014 τὴν
3017 947 3333 1015 ἐπωνυμίαν
3384 944 3590 1017 εὕρηκε
3612 947 3678 1000 ³⁸.

2101 1035 2212 1088 Καὶ
2250 1036 2430 1099 ὀστοῖς
2463 1036 2521 1090 δὲ
2545 1037 2752 1091 τούτων
2787 1038 3150 1110 ἐνετύγχανον
3189 1039 3287 1092 καὶ
3345 1038 3682 1109 ἡμιϐρώτους

2104 1121 2352 1194 σώμασιν
2373 1141 2388 1156 °
2420 1125 2471 1179 οί
2497 1126 2606 1198 γὰρ
2632 1126 2866 1193 λέοντες,
2892 1129 3111 1184 ἐπειδὰν
3145 1130 3354 1200 θερμῆς
3385 1129 3484 1197 τῆς
3510 1129 3683 1199 θήρας

2100 1215 2512 1295 ἐμφορηθῶσιν,
2562 1221 2920 1292 ἀτιμάζουσιν
2955 1222 3129 1293 αὐτῆς
3172 1223 3242 1276 τὰ
3294 1221 3552 1293 περιττὰ,
3587 1240 3679 1274 πι-

2103 1307 2408 1375 στεύοντες,
2429 1306 2605 1382 οἶμαι,
2637 1313 2698 1366 τὸ
2723 1313 2769 1345 ⁸⁸
2801 1313 2897 1368 καὶ
2927 1311 3083 1378 αὖθις
3115 1314 3396 1386 θηράσειν.

2189 1571 2454 1628 Ἐνταῦθα
2469 1575 2512 1607 ⁶¹
2545 1573 2803 1645 νομάδες
2833 1575 3079 1630 οίκοῦσιν
3109 1575 3387 1640 Αἰθίοπες,
3420 1577 3508 1644 ἐφ’
3536 1576 3682 1646 ἁμα-

2110 1662 2217 1728 ξῶν
2265 1665 2658 1736 πεπολισμένοι
2686 1668 2752 1734 ⁸⁸,
2813 1669 2908 1720 καὶ
2952 1667 3182 1738 πλησίον
3219 1667 3425 1722 τούτων
3477 1670 3526 1721 oi
3556 1668 3682 1730 τοὺς

417 1745 526 1801 illis
553 1755 697 1814 sunt,
723 1748 812 1817 qui
842 1749 1158 1817 elephantes
1181 1763 1470 1818 venantur,
1497 1753 1724 1823 illosque
1756 1757 1808 1809 in
1829 1756 2000 1812 frusta

2108 1754 2405 1823 ἐλέφαντας
2450 1755 2764 1826 θηρῶντες·
2816 1754 2944 1828 [559
2995 1736 3086 1828 114]
3136 1756 3575 1818 κατακόπτοντες

415 1838 618 1894 divisos
677 1843 948 1907 vendunt,
991 1845 1134 1898 unde
1176 1859 1473 1915 cognomen
1517 1848 1695 1917 adepti
1739 1848 2002 1917 Elephan-

327 1954 329 1956 ·
417 1931 631 2000 topltagi
695 1944 978 1988 vocantur.
1043 1933 1380 1992 Nasamones
1431 1947 1486 1992 et
1532 1939 2000 2013 Anthropophagi,

415 2019 656 2091 Pygmaei
703 2036 916 2093 quoque
945 2034 1000 2080 et
1027 2024 1350 2096 Sciapodes,
1399 2029 1475 2093 hi,
1530 2031 1780 2100 inquam,
1814 2048 2002 2090 omnes

414 2110 707 2181 Ethiopiaa
735 2125 924 2185 gentes
948 2126 1072 2171 sunt
1093 2158 1109 2184 ,
1146 2120 1471 2186 perveniunt
1501 2131 1684 2175 autem
1729 2123 1795 2178 ad
1829 2125 2000 2179 Ocea-

411 2218 540 2258 num
591 2205 918 2277 rEthiopize,
963 2224 1074 2280 quo
1114 2210 1288 2268 solum
1339 2213 1389 2268 vi
1446 2217 1787 2286 tempestatis
1836 2217 2000 2272 delati

413 2295 573 2350 inviti
615 2297 911 2368 trajiciunt.

481 2386 616 2444 Cum
653 2388 728 2443 illi
770 2391 836 2444 de
877 2389 1014 2447 feris
1058 2408 1194 2464 quas
1234 2396 1484 2452 viderant
1522 2397 1901 2467 loquerentur,
1947 2409 2003 2455 et

411 2487 663 2534 naturam
702 2481 1128 2551 admirarentur,
1160 2502 1280 2557 qua:
1318 2499 1423 2543 tam
1478 2491 1628 2544 varia
1674 2493 2002 2563 diversaque

412 2572 725 2628 animalium
775 2589 974 2643 genera
1019 2580 1228 2646 pascit,
1288 2582 1497 2636 sonitus
1546 2583 1766 2653 quidam
1811 2599 1998 2640 eorum

413 2678 574 2718 aures
616 2667 919 2734 percussit,
968 2679 1225 2740 tanquam
1270 2675 1474 2728 tonitru
1519 2679 1757 2731 nondum
1797 2677 2000 2732 invale-

413 2756 641 2821 scentis,
674 2759 767 2812 sed
802 2759 982 2814 adhuc
1007 2762 1147 2816 intra
1177 2764 1335 2819 nubis
1359 2768 1754 2822 concavitatem
1784 2768 1998 2824 inclusi.

413 2844 552 2900 Tum
596 2845 872 2904 Timasiou
902 2866 917 2904 :
951 2849 1124 2920 Prope
1151 2863 1249 2916 est,
1284 2853 1479 2922 inquit,
1509 2858 1674 2923 oviri,
1703 2867 1996 2922 cataracta,

413 2953 534 3007 qua:
589 2940 986 2996 ascendentibus
1052 2945 1260 3012 prima,
1312 2947 1743 3002 descendentibus
1807 2951 2001 3003 ultima

415 3031 680 3097 occurrit,
731 3042 960 3101 quatuor
995 3035 1133 3088 enim
1168 3046 1312 3090 sunt.
1365 3037 1569 3092 Deinde
1611 3039 1786 3092 stadia
1833 3039 2001 3095 ferme

418 3121 603 3177 decent
629 3124 920 3193 progressi,
949 3126 1196 3181 viderunt
1217 3125 1436 3182 fluvium
1463 3144 1528 3182 ex
1554 3141 1735 3185 monte
1756 3129 1997 3186 deﬂuen-

420 3223 549 3280 tem,
577 3215 744 3271 nihilo
776 3215 1035 3284 majorem
1064 3233 1225 3288 qnam
1260 3218 1476 3292 Marsya
1499 3223 1587 3286 sit,
1618 3233 1783 3293 atque
1808 3221 2006 3278 Maian-

420 3305 538 3372 der,
577 3307 665 3361 ubi
703 3308 936 3376 primum
975 3310 1026 3362 in
1060 3325 1224 3365 unum
1260 3311 1574 3380 conﬂuunt,
1611 3312 1839 3369 ulterius
1877 3329 2005 3369 vero

419 3411 821 3468 processerunt,
846 3417 944 3457 nec
975 3403 1111 3458 ullas
1132 3405 1369 3472 amplius
1394 3404 1536 3461 feras
1565 3407 1838 3461 videbant.
1857 3403 2005 3462 Nam

372 3549 376 3555 _
421 3504 545 3544 cum
577 3491 684 3545 sint
717 3501 908 3547 natura
947 3494 1187 3563 pavidae,
1224 3495 1382 3565 juxta
1410 3497 1623 3567 quietas
1649 3513 1821 3568 aquas
1849 3499 2004 3554 habi-

420 3589 542 3637 tant
579 3585 779 3652 potius,
816 3601 975 3655 quam
999 3586 1154 3658 juxta
1184 3590 1534 3661 confragosas
1580 3600 1634 3646 et
1681 3593 2008 3662 obstrepen-

423 3683 526 3729 tes.
560 3673 686 3730 lnde
715 3689 838 3746 post
871 3679 1042 3732 stadia
1077 3678 1247 3734 ferme
1278 3681 1586 3750 quindecim
1628 3682 1788 3735 aliam
1821 3682 2008 3736 audie-

421 3774 551 3821 runt
604 3777 932 3822 cataractam
986 3769 1255 3838 difﬁcilem
1317 3787 1450 3827 sane
1505 3782 1560 3827 et
1617 3773 2008 3828 intolerabilem

422 3857 631 3922 auditu,
648 3869 701 3913 et
733 3874 852 3928 quae
871 3861 1105 3930 priorem
1131 3863 1290 3932 duplo
1318 3862 1488 3919 ferme
1505 3875 1788 3934 superaret
1813 3883 1826 3918 :
1847 3881 2008 3936 quam

423 3961 548 3999 cum
591 3961 658 4002 ex
692 3948 808 4002 loco
849 3950 1004 4019 longe
1045 3967 1207 4018 quant
1252 3954 1401 4021 prior
1446 3957 1639 4011 altiore
1683 3957 2008 4026 praecipitari

423 4038 650 4094 vidiSset
675 4040 880 4106 Darnis,
911 4045 1138 4098 coinites
1165 4045 1394 4113 aliquos,
1417 4055 1528 4100 tum
1554 4050 2007 4118 etiamjseipsum,

425 4130 503 4184 ita
548 4130 879 4200 stupefactos
916 4137 1140 4190 auribus
1184 4137 1384 4203 refert,
1432 4149 1492 4194 ut
1529 4155 1587 4194 se
1627 4142 1695 4194 ah
1727 4141 2011 4209 Apollonio

427 4232 794 4288 semoverent,
831 4238 1194 4298 rogaremque
1217 4244 1286 4283 ne
1311 4231 1541 4285 ulterius
1569 4235 2006 4302 progrederetur.

425 4313 624 4370 Verum
671 4318 762 4373 ille
809 4331 1125 4376 constanter
1169 4321 1289 4376 Nile
1333 4326 1565 4394 quodam
1617 4328 2008 4395 nominentur:-

2102 1849 2298 1912 αὐτοὺς
2349 1850 2631 1904 ποιοῦνται
2675 1850 2905 1921 ἀγορὰν,
2947 1849 3070 1903 ὅθεν
3117 1848 3397 1916 ἐπώνυμοί
3445 1849 3552 1900 εἰσι
3585 1846 3684 1915 τῆς

2100 1941 2212 1994 τῶν
2242 1941 2550 2010 ἐλεφάντων
2579 1941 2854 2014 βρώσεως.
2904 1942 3242 2013 Νασαμῶνες
3268 1941 3312 1973 ⁸⁸
3347 1940 3402 1993 δὲ
3440 1941 3535 1992 καὶ
3565 1939 3686 1992 Ἀν-

2101 2032 2362 2103 δροφάγοι
2411 2035 2507 2087 καὶ
2546 2035 2819 2106 Πυγμαῖοι
2869 2037 2966 2091 καὶ
3018 2035 3350 2096 Σκιάποδες,
3395 2031 3526 2100 ἔθνη
3586 2030 3685 2100 μὲν

2103 2125 2376 2178 Αἰθιόπων
2408 2125 2504 2179 καὶ
2552 2126 2683 2192 οἵδε,
2742 2126 3051 2196 καθήκουσι
3099 2125 3156 2178 δὲ
3204 2126 3262 2188 ὲς
3313 2124 3404 2176 τὸν
3448 2122 3689 2178 Αἰθίοπα

2102 2215 2362 2282 ὠκεανὸν,
2413 2217 2472 2270 ὃν
2532 2218 2692 2286 μόνον
2723 2217 3043 2273 ἐσπλέουσιν
3093 2215 3484 2286 ἀπενεχθέντες
3523 2215 3681 2268 ἄκον-

2103 2325 2217 2372 τες.

2173 2399 2602 2471 Διαλεγομένους
2622 2400 2669 2432 ⁸⁸
2692 2401 2747 2454 δὲ
2778 2399 2919 2469 ὑπὲρ
2942 2399 3051 2454 τῶν
3075 2399 3278 2471 θηρίων
3305 2399 3433 2461 τοὺς
3461 2397 3686 2468 ἄνδρας,

2103 2493 2198 2545 καὶ
2243 2491 2668 2562 φιλοσοφοῦντας
2718 2491 2860 2564 ὑπὲρ
2913 2491 3017 2561 τῆς
3062 2491 3280 2560 φύσεως
3332 2490 3460 2544 ἄλλο
3511 2489 3687 2549 ἄλλως

2106 2583 2429 2655 βοσκούσης,
2481 2586 2600 2655 ἠχὼ
2652 2585 3026 2654 προσέϐαλλεν
3085 2579 3196 2638 οἷον
3249 2582 3479 2654 βροντῆς
3534 2581 3688 2635 οὔπω

2106 2677 2348 2746 σκληρᾶς
2377 2675 2513 2729 ἀλλὰ
2543 2676 2730 2747 κοίλης
2785 2677 2866 2731 ἔτι
2913 2677 3010 2731 καὶ
3045 2678 3104 2730 ὲν
3140 2675 3218 2747 τῷ
3271 2679 3444 2744 νέφει.
3499 2676 3611 2729 Καὶ
3659 2675 3691 2727 ὁ

2104 2767 2389 2835 Τιμασίων
2414 2785 2428 2798 '
2475 2767 2709 2838 Ἐγγὺς,
2754 2767 2880 2838 ἔφη,
2921 2770 2955 2822 ό
3007 2766 3421 2837 κατιιρῤἀκτης
3461 2769 3494 2821 ό
3529 2764 3690 2833 πρῶ·

2103 2877 2207 2924 τος
2231 2859 2349 2929 μὲν
2376 2858 2692 2922 ἀνιόντων,
2719 2858 2981 2924 ὕστατος
3001 2857 3070 2911 δὲ
3096 2857 3443 2911 κατιόίιτων.
3475 2857 3689 2909 Τέσσα-

2107 2967 2199 3022 ρες
2241 2951 2284 3003 δ’
2326 2951 2435 3021 ἄρα
2463 2950 2512 3003 οἱ
2555 2950 2959 3020 καταρράκται.
3019 2949 3216 3003 Στάδια
3256 2949 3314 3002 δὲ
3370 2949 3497 3012 ἴσως
3552 2965 3691 3019 προ-

2105 3040 2349 3103 ελθόντες
2388 3039 2522 3094 δέκα
2574 3039 2703 3093 ἰδεῖν
2765 3057 2896 3108 φασι
2928 3041 3172 3110 ποταμὸν
3204 3040 3548 3111 ὲκδιδόμενον
3595 3037 3690 3092 τοῦ

2108 3134 2287 3205 ὅρους,
2319 3132 2458 3202 μείω
2487 3132 2639 3186 οὐδὲν
2667 3132 2700 3201 ἢ
2735 3133 2792 3185 ὲν
2829 3132 3072 3200 πρώταις
3108 3131 3404 3200 συμϐολαῖς
3424 3132 3453 3184 ὁ
3476 3132 3694 3186 Μαίαν-

2108 3223 2252 3292 δρος.
2278 3221 2596 3292 Χωροῦντες
2622 3223 2667 3254 ⁸⁵
2697 3221 2755 3275 δὲ
2779 3223 2967 3294 πρόσω
2993 3222 3158 3294 θηρία
3200 3223 3300 3292 μὲν
3337 3223 3521 3276 οὐκέτι
3555 3225 3693 3294 ὁρᾷν

2111 3313 2372 3383 (ψοφοδεᾶ
2408 3313 2517 3385 γὰρ
2553 3314 2714 3382 φύσει
2739 3314 2870 3368 ὄντα
2923 3317 3240 3385 προσοικεῖν
3287 3317 3399 3378 τοῖς
3437 3315 3693 3386 γαληνοῖς

2111 3403 2264 3456 ὕδασι
2303 3403 2506 3475 μᾶλλον
2557 3403 2590 3473 ἦ
2625 3406 2735 3467 τοῖς
2771 3404 3051 3473 ραγδαίοις
3079 3421 3138 3457 τε
3165 3405 3260 3457 καὶ⁵
3292 3405 3549 3475 ὲνήχοις),
3572 3405 3692 3457 ἑτέ-

2116 3515 2208 3568 ρου
2239 3497 2296 3550 δὲ
2326 3496 2712 3568 κάταρῤάκτου
2734 3496 2967 3550 ἀκοῦσαι
2999 3496 3137 3566 μετὰ
3167 3497 3564 3550 πεντεκαίδεκά
3588 3515 3692 3551 που

2115 3588 2326 3652 στάδια,
2377 3586 2617 3658 χαλεποῦ
2662 3586 2764 3657 ἤδη
2815 3587 2910 3640 καὶ
2945 3587 3045 3639 οὐκ
3090 3585 3316 3640 ἀνεκτοῦ
3350 3585 3581 3640 ἀκοῦσαι
3609 3587 3690 3619 “-

2111 3679 2392 3734 διπλάσιον
2425 3677 2525 3748 μὲν
2555 3678 2663 3750 γὰρ
2707 3673 2846 3732 εἶναι
2877 3678 3039 3731 αὐτὸν
3067 3676 3162 3732 τοῦ
3210 3680 3506 3750 προτέρου,
3550 3678 3694 3750 ὀρῶν

2111 3772 2168 3824 δὲ
2205 3771 2553 3842 ὑψηλοτέρων
2575 3771 2884 3825 ἐκπίπτειν.
2916 3770 3138 3824 Ἑαυτὸν
3174 3771 3272 3840 μὲν
3309 3770 3402 3826 οὖν
3423 3771 3516 3825 καί
3544 3789 3696 3833 τινας

2111 3864 2221 3918 τῶν
2253 3864 2484 3934 ἑταίρων
2508 3863 2552 3894 ⁸⁷
2579 3861 2722 3916 οὕτω
2753 3879 2806 3915 τι
2835 3861 3248 3930 ὲγκτυπηθῆναι
3279 3862 3348 3915 τὰ
3375 3855 3491 3916 ὦτά
3527 3878 3696 3942 φησιν

2113 3956 2142 4006 ὁ
2177 3955 2370 4026 Δάμις,
2407 3953 2482 4022 ῲς
2511 3953 2672 4016 αὑτός
2701 3950 2746 3984 ⁸⁸
2771 3969 2831 4004 τε
2871 3953 2916 3984 ⁸9
2956 3951 3250 4017 ἀναζεῦξαι
3274 3951 3367 4003 τοῦ
3402 3968 3460 4004 τε
3497 3951 3695 4004 Ἀπολ-

2113 4046 2308 4100 λωνίου
2339 4045 2545 4098 δεῖσθαι
2584 4043 2657 4114 μὴ
2689 4044 2876 4114 πρόσω
2901 4044 3121 4114 χωρεῖν.
3149 4043 3252 4096 Τὸν
3273 4043 3328 4095 δὲ
3364 4043 3697 4114 ὲῤῥωμένως

2114 4141 2208 4206 ξύν
2232 4157 2291 4192 τε
2313 4139 2389 4206 τῷ
2423 4137 2727 4208 Τιμασίωνι
2757 4138 2851 4189 καὶ
2879 4135 3052 4205 ἑτέρῳ
3095 4136 3202 4187 τινλ⁸
3241 4133 3479 4205 τοῠνομα
3517 4135 3698 4202 Νείλῳ

2113 4232 2206 4284 τοῦ
2263 4232 2448 4301 τρίτου
2507 4229 2890 4300 καταρράκτου
2952 4226 3199 4297 ἔχεσθαι.
3259 4227 3385 4298 περὶ
3449 4221 3510 4282 οὗ
3570 4228 3698 4280 τάδε

2114 4325 2446 4392 ἀπαγγεῖλαι
2497 4325 2725 4394 ἥκοντα.
2781 4321 3220 4391 Ἐπικρεμᾶσοαι
3252 4320 3352 4391 μὲν
3396 4321 3473 4390 τῷ
3518 4321 3700 4390 Νείλῳ

424 4419 595 4475 taxat,
633 4408 1055 4478 Timasioneqne
1087 4415 1507 4482 comitantibus,
1549 4427 1836 4473 cataracta:
1893 4427 2003 4474 ter-

2119 4416 2364 4486 κορυφὰς
2394 4417 2511 4468 ἐκεῖ
2563 4414 2794 4467 σταδίων
2825 4414 3060 4482 μάλιστα
3105 4412 3249 4466 ὀκτὼ
3295 4412 3449 4482 ὕψος,
3492 4412 3593 4484 τὴν
3641 4411 3700 4464 δὲ

428 4500 517 4554 tia:
553 4503 956 4572 prOpiuquavit,
989 4504 1112 4560 inde
1140 4507 1206 4560 ad
1231 4507 1410 4561 socios
1435 4523 1708 4575 reversus,
1740 4511 2003 4564 nuntiavit

2115 4508 2282 4578 ὄχθην
2317 4512 2417 4578 τὴν
2449 4504 2836 4576 ἀντικειμένην
2877 4507 2988 4567 τοῖς
3012 4505 3194 4574 ὄρεσιν
3233 4505 3406 4574 ὀφρὺν
3441 4499 3581 4557 εἶναι
3618 4505 3700 4557 λι-

427 4607 722 4661 suspensos
759 4595 868 4650 illic
911 4611 1033 4651 esse
1067 4597 1298 4653 vertices
1344 4597 1484 4662 Nili,
1527 4600 1813 4655 altitudine
1843 4601 2014 4656 ferme

429 4687 728 4740 stadiorum
777 4699 903 4744 octo
935 4707 949 4742 :
1000 4690 1170 4759 ripam
1209 4706 1339 4746 vero
1391 4708 1512 4762 quae
1539 4694 1812 4764 montibus
1849 4709 2014 4762 appo—

428 4778 605 4852 nitur,
642 4780 989 4848 supercilium
1042 4783 1242 4838 habere
1274 4783 1577 4855 lapicidinae
1612 4785 2011 4850 inenarrabilis,

431 4873 613 4927 fontes
637 4887 768 4943 vero
799 4887 866 4927 ex
903 4875 1178 4944 montibus
1213 4878 1512 4946 pendentes
1545 4877 1794 4932 decidere
1825 4879 1877 4931 in
1920 4894 2012 4945 pe-

432 4974 638 5019 trosam
683 4965 894 5035 ripam,
937 4967 1060 5022 inde
1098 4969 1149 5021 in
1191 4966 1372 5022 Nilum
1409 4968 1621 5023 refundi
1657 4985 1850 5037 aquam
1882 4984 2012 5037 spu-

2115 4597 2375 4668 θοτομίας
2401 4597 2670 4667 ἀρρήτου,
2695 4596 2793 4658 τὰς
2828 4593 2885 4647 δὲ
2920 4594 3102 4666 πηγὰς
3136 4597 3703 4665 ἁποκρεμαννυμένας

2111 4690 2221 4742 τῶν
2247 4689 2387 4760 ὀρῶν
2413 4687 2780 4758 ὑπερπίπτειν
2810 4688 2888 4751 εἰς
2917 4689 3016 4760 τὴν
3056 4687 3306 4759 πετρώδη
3335 4688 3524 4758 ὄχθην,
3566 4690 3702 4742 ἀνα·

2111 4781 2324 4852 χεῖσθαι
2345 4780 2403 4834 δὲ
2441 4780 2651 4833 ἐκεῖθεν
2679 4783 2736 4843 ἐς
2763 4782 2853 4833 τὸν
2890 4779 3083 4834 Νεῖλον
3117 4779 3490 4850 κυμαινούσας
3517 4797 3578 4832 τε
3608 4780 3705 4833 καὶ

2117 4872 2341 4938 λευκὰς,
2391 4871 2459 4933 τὰ
2505 4873 2562 4927 δὲ
2607 4872 2754 4943 πάθη
2803 4873 2868 4925 τὰ
2919 4873 3048 4942 περὶ
3122 4873 3291 4935 αὑτὰς
3338 4871 3705 4943 ξυμϐαίνοντα

2121 4963 2588 5037 πολλαπλασίαςῆ
2630 4965 2686 5018 αἱ
2720 4965 2986 5036 πρότεραι
3027 4965 3214 5027 οὔσας,
3253 4966 3346 5018 καὶ
3389 4965 3490 5035 τὴν
3522 4963 3705 5032 11.1156)-

430 5066 666 5108 tnautem
706 5065 762 5110 et
798 5067 1138 5111 aestuantem.
1184 5059 1501 5114 Accidentia
1551 5074 1716 5125 vero,
1746 5074 1865 5129 qua:
1896 5060 2003 5113 indt

2117 5074 2214 5110 σαν
2253 5058 2316 5110 ἐκ
2353 5055 2560 5111 τούτων
2596 5054 2713 5126 ἠχὼ
2744 5059 2800 5120 ἐς
2850 5058 2916 5109 τὰ
2942 5056 3044 5128 ὅρη
3074 5057 3337 5127 δυσήκοον
3367 5054 3706 5126 ἐργάζεσθαι

429 5147 682 5201 oriantur
733 5149 1052 5220 multiplicia
1103 5161 1262 5218 sunt,
1317 5152 1600 5221 magisque
1649 5153 1798 5206 varia
1853 5168 2016 5221 quam

431 5255 555 5309 qum
594 5241 645 5294 in
677 5240 797 5295 aliis
829 5242 1123 5297 cataractis
1147 5241 1424 5311 eveniunt,
1453 5253 1506 5297 et
1533 5244 1622 5312 qui
1655 5243 1766 5324 illic
1795 5258 1826 5298 e
1864 5259 2018 5300 mon:

2115 5149 2214 5220 τὴν
2242 5149 2490 5220 ἱστορίαν
2525 5148 2618 5203 τοῦ
2650 5149 2941 5218 ῥεύματος.
2977 5149 3087 5218 Τὴν
3125 5150 3182 5202 δὲ
3220 5149 3407 5219 πρόσω
3450 5146 3572 5202 ὁδὸν
3608 5148 3708 5217 τὴν

2119 5242 2211 5294 ἐπὶ
2235 5241 2335 5305 τὰς
2373 5241 2600 5313 πρώτας
2643 5241 2825 5312 πηγὰς
2863 5241 3105 5310 ἄγουσαν
3149 5242 3352 5312 ἄπορον
3383 5240 3486 5312 μὲν
3525 5239 3708 5294 ἐλθεῖν

1717 5423 1944 5478 ΥΑΠΙᾹΞ
1983 5422 2385 5480 LECTIONES.

501 5558 546 5590 ³³
571 5558 746 5633 εποίει
772 5576 811 5622 ς·
885 5559 931 5591 ⁸³
964 5559 1164 5633 εδρηκε
1199 5562 1258 5620 Β.
1287 5563 1482 5633 ῆιρηκε
1513 5563 1549 5612 Α
1575 5581 1585 5616 :
1619 5562 1806 5629 εἶρηκε
1844 5580 1903 5626 ς.

436 5630 912 5702 Ιςειιπολιωμένοις.
957 5632 1033 5702 ,⁸³
1079 5630 1451 5702 Νασσάμωνες
1488 5650 1545 5696 ς.
1647 5634 1692 5664 δ”
1721 5631 1950 5702 διαλεγ]

435 5696 480 5732 ⁸⁷
510 5696 739 5769 ἑταίρων
764 5715 906 5755 corr.
940 5700 1018 5756 A:
1051 5703 1250 5772 ἐτέρων
1277 5696 1340 5768 ἒς.
1418 5705 1462 5743 σε
1490 5703 1652 5757 αὐτόν
1683 5703 1738 5757 ll.

2017 5562 2062 5592 ⁶⁰
2092 5560 2174 5632 τὸ]
2209 5561 2388 5615 malim
2416 5561 2514 5632 τῷ.

1980 5647 2030 5684 ιί
2057 5673 2069 5692 ,
2098 5632 2188 5685 9.6.

1818 5703 1861 5735 ⁸³
1889 5701 1947 5754 τε
1981 5701 2055 5755 A:
2089 5719 2147 5771 γε
2181 5720 2238 5768 ς’.

2631 5561 2671 5591 ⁶ί
2700 5559 2953 5632 ἐνταῦθα]
2988 5577 3060 5621 Vl,
3091 5560 3208 5632 2%.,
3279 5559 3325 5632 ‘i
3361 5557 3448 5632 ἐπ’
3470 5556 3701 5632 ἁμαξῶν

2293 5633 2337 5663 ⁸⁵
2370 5627 2681 5705 χωροῦντας
2713 5649 2770 5702 ς’.
2849 5633 2894 5664 ⁸⁸
2927 5627 3156 5694 ἀκοῦσαι
3185 5630 3268 5684 A:
3302 5627 3602 5683 ἀκούεσθαι
3636 5643 3700 5694 ς’.
