3990 6232
343 162 480 232 1237
1384 173 1908 244 BIBLIOTHECA.
1948 206 2014 218 --
2050 183 2214 246 COD.
2246 184 2488 248 CCXLI.
3475 183 3617 253 1238

342 297 528 348 φασιν,
549 279 754 352 ἄπορον
780 280 837 336 δὲ
865 279 1240 354 ἐνθυμηθῆναι
1264 300 1280 316 ο
1307 285 1478 342 πολλά
1516 289 1628 360 γὰρ
1663 292 1759 346 καὶ
1794 292 1925 364 περὶ

2056 294 2185 350 ibus
2215 307 2432 351 resonat
2469 296 2652 368 fragor
2677 295 3012 366 asperrimus
3038 303 3144 364 est,
3171 303 3226 353 et
3263 295 3609 352 inenarrabi-

337 371 611 443 δαιμόνων
657 373 899 446 ᾄδουσιν,
953 371 1042 430 οἷα
1093 377 1190 431 καὶ
1242 378 1495 452 Πινδάρῳ
1545 384 1689 436 κατὰ
1737 385 1930 453 σοφίαν

2052 401 2142 440 ηθιιι
2190 385 2295 442 Nili
2339 400 2520 444 ortum
2563 390 2757 445 reddit.
2804 389 2910 446 lter
2945 405 3073 445 vero
3113 392 3256 460 quod
3301 389 3366 444 ad
3411 389 3617 457 primos

340 462 580 536 ὕμνηται
614 466 744 536 περὶ¹
791 465 887 520 τοῦ
915 465 1194 537 δαίμονος,
1219 467 1279 523 ὃν
1308 473 1426 535 ταῖς
1458 474 1666 543 πηγαῖς
1705 474 1926 540 ταύταις

2052 477 2213 534 .‘ontes
2271 481 2450 546 ducit,
2505 481 2832 550 perarduum
2868 489 2986 546 est,
3035 491 3089 536 et
3141 498 3246 537 non
3301 479 3474 535 solum
3531 494 3622 533 ac-

340 556 627 628 ὲφίστησιν
650 558 697 589 το
724 557 867 628 ὑπὲρ
896 558 1240 630 ξυμμετρίας
1268 561 1363 615 τοῦ
1390 563 1608 617 Νείλου.

2052 584 2217 635 :essu,
2270 573 2470 642 331a
2515 573 2620 638 sed;
2658 573 2895 642 cogitatu
2949 574 3132 644 etiam]
3171 573 3408 628 ditiicile.
3457 572 3621 625 Multa

337 649 506 702 etiam
547 652 614 705 de
655 650 991 707 dmmonibus
1025 651 1136 707 illic
1166 655 1566 720 :exsistentibus
1608 658 1934 726 prazdicant,
1972 661 2154 729 qualia
2175 664 2453 732 sapienter
2475 666 2529 719 in
2553 667 2670 722 suis
2703 667 2917 738 hymnis
2935 664 3205 722 Pindarus
3257 667 3323 721 de
3379 669 3624 722 daemone

340 744 565 809 cecinit,
598 759 757 813 quem
797 745 1104 813 bujusmodi
1138 749 1380 805 fontibus
1411 766 1646 819 praeesse
1673 753 1830 816 dixit.
1861 765 1921 809 ut
1956 754 2136 813 Nilum
2167 761 2565 816 moderaretur.

415 838 540 892 Ὅτι
565 839 608 870 ’⁸
638 841 964 911 Δομετιανόν
999 859 1130 912 φησι
1170 843 1260 897 τὸν
1305 843 1528 913 βασιλέα
1563 847 1922 918 νομοθετῆσαι

2101 853 2191 909 Ait
2255 856 2619 910 Domitianum
2682 858 3059 926 imperatorem
3088 855 3370 925 :vetuisse,
3407 870 3472 908 ne
3499 857 3624 924 quis

341 931 631 1000 εὐνούχους
658 948 718 984 τε
747 931 821 1002 μὴ
854 936 1028 986 ποιεῖν
1070 935 1165 987 καὶ
1203 935 1479 1005 ἀμπέλους
1522 937 1597 1008 μὴ
1649 938 1922 1007 φυτεύειν,

2052 953 2388 1009 :astraretur,
2414 962 2478 1000 ne
2506 947 2642 1002 vites
2666 947 2998 1016 plantentur,
3034 947 3129 1002 sed
3164 963 3284 1015 qua:
3311 948 3419 1014 jam
3468 948 3625 1016 plan-

339 1022 480 1074 ἀλλὰ
508 1023 599 1075 καὶ
641 1022 741 1086 τὰς
769 1022 933 1087 οὔσας
957 1026 1264 1097 ἐκτέμνειν.
1291 1027 1482 1081 Εἰπεῖν
1501 1027 1557 1081 δὲ
1591 1029 1728 1099 πρὸς
1755 1030 1931 1085 ταῦτα

2052 1044 2162 1088 ,οιαι
2180 1043 2361 1088 essent
2383 1035 2546 1090 etiam
2579 1038 3050 1101 exscinderentnr,
3079 1046 3132 1091 et
3181 1038 3519 1105 Apollonium
3553 1037 3620 1091 ad

338 1116 433 1166 τὸν
459 1113 819 1169 Ἀπολλώνιον
873 1117 950 1180 ὡς
981 1117 1124 1187 Ἐγὼ
1169 1119 1287 1187 μὲν
1328 1120 1481 1184 Ζσως
1526 1121 1665 1174 οὔτε
1691 1122 1935 1178 αἰδοίων

2052 1129 2155 1178 haec
2187 1124 2429 1181 dixisse:
2465 1124 2608 1190 Quia
2653 1143 2746 1196 ego
2785 1128 3014 1196 forsitan
3037 1144 3127 1180 nec
3146 1128 3423 1196 pudendis,
3459 1143 3622 1196 neque

339 1204 550 1276 δέομαι
587 1208 725 1261 οὔτε
753 1207 945 1274 οἴνου,
1000 1209 1221 1277 λέληθε
1267 1210 1338 1265 δὲ
1384 1214 1417 1266 ό
1450 1213 1938 1282 θαυμασιώτατος

2052 1214 2158 1267 vino
2199 1215 2430 1283 indigeo.
2465 1215 2740 1285 Ignoravit
2773 1235 2894 1272 vero
2925 1220 3005 1271 vir
3049 1218 3429 1284 admirandus,
3452 1219 3624 1272 homi-

341 1296 466 1350 τῶν
484 1298 601 1366 μὲν
629 1298 956 1366 ἀνθρώπων
982 1300 1336 1371 φειδόμενος
1355 1343 1370 1369 ,
1415 1302 1532 1371 τὴν
1567 1302 1638 1357 δὲ
1675 1303 1794 1374 γῆν
1835 1309 1939 1361 εὐ-

344 1389 659 1459 νουχίζων.

2041 1304 2196 1359 uibus
2227 1323 2281 1360 se
2301 1323 2538 1376 parcere,
2569 1319 2616 1363 et
2642 1318 2840 1362 terram
2869 1321 3122 1364 castrare.

419 1452 582 1552 [ίθΠ
610 1480 703 1553 Π.]
724 1481 843 1535 Ὀτι
876 1483 934 1535 ἐν
963 1483 1041 1553 τῷ
1075 1482 1118 1548 ζ’
1148 1484 1243 1537 καὶ
1275 1491 1324 1555 η’
1353 1484 1553 1556 λόγῳζὸ
1570 1452 1934 1557 Φιλόστρατος

2111 1482 2476 1540 Philostratus
2536 1485 2673 1540 libro
2725 1487 2960 1556 septimo
3002 1497 3057 1541 et
3088 1497 3282 1542 octavo
3311 1487 3621 1542 libertatem

338 1571 441 1644 τὴν
472 1574 608 1644 πρὸς
625 1574 751 1636 τοὺς
769 1575 1085 1645 τυράννους,
1119 1576 1213 1629 καὶ
1245 1576 1481 1646 μάλιστα
1515 1579 1652 1649 πρὸς
1675 1581 1938 1651 Δομετια-

342 1666 454 1728 νὸν,
493 1663 587 1716 τοῦ
627 1664 986 1718 Ἀπολλωνίου
1019 1665 1333 1736 παρρησίαν
1361 1666 1698 1738 ὲξυμνήσας,
1733 1672 1828 1724 καὶ
1872 1674 1942 1726 εἰ·

347 1752 470 1805 πὼν
495 1753 643 1816 ὅπως
673 1770 730 1805 τε
761 1753 978 1824 ἐγράφη
1012 1755 1105 1808 καὶ
1127 1754 1275 1818 ὅπως
1299 1755 1633 1828 αὐτόκλητος
1666 1758 1802 1828 πρὸς
1843 1759 1942 1831 τὴν

341 1843 502 1914 δίκην
529 1844 682 1914 ἧκεν,
709 1843 858 1908 ὅπως
887 1863 946 1898 τε
973 1846 1209 1914 γέγονεν
1248 1847 1305 1899 ὲν
1345 1847 1390 1878 ⁷³
1432 1847 1652 1917 ἀδέσμῳ
1702 1851 1938 1921 φρουρᾷ,

344 1937 447 1989 καὶ
485 1936 632 1998 ὅπως
664 1935 890 2006 ὕστερον
932 1937 1086 2008 ἐδέθη
1121 1937 1214 1990 καὶ
1238 1936 1404 2008 ἐλύθη
1431 1937 1526 1992 καὶ
1559 1939 1942 2010 ἀπελογήσατο

343 2029 442 2081 καὶ
504 2029 600 2081 τοῦ
660 2028 1016 2099 δικαστηρίου
1066 2029 1301 2100 ἀπέστη,
1351 2028 1528 2084 ταῦτα
1591 2030 1786 2099 εἰπὼν,
1846 2033 1942 2088 καὶ

346 2119 594 2189 μαγικῆς
610 2120 770 2173 αὑτὸν
797 2119 926 2192 [540
951 2119 1044 2193 Π.]
1079 2121 1187 2174 οὐδ’
1225 2120 1530 2177 ὁπωστιοῦν
1545 2122 1592 2154 ⁷⁸
1626 2125 1936 2194 μετασχεῖν,

343 2212 486 2266 ἀλλά
549 2212 646 2264 καὶ
681 2213 734 2266 εῐ
782 2230 866 2277 τις
915 2213 1075 2276 ἄλλος
1126 2214 1498 2283 μυσάττεσθαι
1554 2215 1760 2286 ταύτην
1813 2216 1942 2270 ἀπι-

346 2304 772 2375 σχυρισάμενος,
809 2306 986 2360 καίτοι
1024 2305 1194 2360 πολλά
1224 2306 1504 2378 τερατώδη
1544 2309 1775 2376 γράφων
1808 2308 1938 2378 περὶ

344 2394 538 2460 αὐτοῦ,
581 2397 672 2450 τὸν
717 2395 947 2451 θάνατον
990 2397 1182 2468 ἄδηλον
1211 2397 1306 2450 καὶ
1333 2398 1653 2469 πολύφημον
1701 2399 1941 2470 ἀναγρά-

345 2505 439 2555 φει
473 2487 520 2519 ⁷⁸
553 2487 833 2556 γενέσθαι,
881 2487 1048 2542 αὐτοῦ
1095 2489 1306 2542 ἐκείνου
1349 2489 1508 2544 τοῦτο
1537 2491 1582 2523 ⁷⁸
1614 2490 1709 2544 καὶ
1739 2491 1941 2554 ζῶντος

343 2580 406 2632 ἐν
451 2577 647 2648 μελέτῃ
700 2579 1050 2648 ποιουμένου.
1102 2580 1240 2648 Φησὶ
1270 2579 1378 2651 γὰρ
1428 2580 1590 2634 αὑτὸν
1629 2581 1808 2650 λέγειν
1853 2582 1940 2634 ἀεὶ

344 2667 505 2724 Adde
531 2668 766 2736 ,βιώσας
793 2686 807 2700 ο
833 2669 960 2723 εἰδὲ
999 2669 1094 2741 μὴ,
1123 2669 1280 2725 Adae
1302 2671 1644 2727 ἀποθανών.
1688 2673 1941 2742 Ἀρεταῐς

347 2759 498 2827 λέγει
549 2759 908 2831 συνεζηκέναι
946 2762 1039 2815 τὸν
1086 2763 1276 2832 ἄνδρα,
1321 2764 1417 2817 καὶ
1475 2765 1575 2835 τὴν
1617 2765 1938 2837 Πυθαγόρου

344 2852 438 2906 διὰ
470 2850 586 2921 βίου
613 2853 806 2922 σοφίαν
841 2851 1196 2924 ἐζηλωκέναι.

420 2937 588 3008 Οὗτος
617 2944 661 2998 δ’
688 2947 717 2998 ὁ
743 2945 1119 3016 ’Φιλόστρατος
1164 2947 1476 3019 ἀπαγγελίᾳ
1532 2947 1632 3018 μὲν
1673 2947 1938 3018 κέχρηται

345 3031 582 3104 γλυκείᾳ
620 3035 715 3086 καὶ
740 3035 1109 3107 ποικιλωτάτη
1141 3035 1236 3089 καὶ
1276 3035 1487 3100 λέξεσιν
1524 3036 1938 3107 ὲμπρεπούσαις

345 3121 549 3192 φράσει
580 3121 826 3192 τοιαύτῃ,
854 3121 1139 3187 συντάξεσι
1185 3123 1367 3194 μέντοι
1396 3140 1459 3193 γε
1493 3123 1771 3186 τοιαύταις
1798 3125 1941 3187 οἵαις

345 3213 449 3266 ούκ
470 3212 566 3283 πᾶν
621 3231 706 3277 τις
763 3212 920 3278 ἄλλος
951 3217 1008 3278 ὲς
1045 3215 1109 3268 τὸ
1171 3217 1516 3288 συγγράφειν
1569 3214 1935 3284 τεταγμένος’

343 3305 564 3360 δοκοῦσι
611 3306 716 3375 γάρ
771 3322 890 3368 πως
941 3305 1292 3371 ἀσυνταξίαις
1360 3307 1562 3376 μᾶλλον
1621 3306 1855 3358 ἐοικέναι
1902 3306 1936 3377 ἢ

348 3395 660 3460 συντάξεως
699 3395 878 3447 ὁτιοῦν
933 3395 1199 3465 μετέχειν.
1245 3391 1413 3458 οὗτος
1471 3395 1517 3448 δ’
1559 3397 1716 3468 ῐσμεν
1745 3398 1772 3447 ὁ
1801 3395 1939 3465 ἀνὴρ

345 3487 428 3550 ὡς
454 3488 934 3559 πολυμαθέστατος
977 3487 1053 3541 ὣν
1081 3489 1181 3542 οὐκ
1211 3488 1277 3542 ἂν
1314 3489 1612 3561 διαμαρτίᾳ
1652 3489 1746 3542 τοῦ
1775 3487 1937 3558 ὁρθοὖ

353 3579 438 3641 εἰς
465 3577 670 3649 ταύτην
721 3577 980 3649 ἐξηνέχθη
1030 3580 1129 3648 τὴν
1163 3579 1463 3650 ἰδιότροπον
1493 3580 1602 3633 τῶν
1633 3579 1938 3644 συντάξεων

347 3669 729 3738 καινοτομίαν,
773 3672 887 3725 ἀλλ’
913 3673 960 3703 ⁷⁸
995 3671 1030 3725 ἆ
1069 3688 1181 3724 τισι
1236 3671 1345 3724 τῶν
1395 3670 1767 3743 ἀρχαιοτέρων
1796 3689 1938 3726 σπα-

347 3762 533 3826 νιάκις
562 3761 692 3827 ἴσως
715 3762 949 3836 εἴρηται,
973 3763 1184 3828 τούτοις
1209 3754 1364 3828 οὗτος
1393 3765 1473 3827 είς
1498 3763 1660 3835 κόρον
1691 3765 1940 3833 ἀπεχρήα

353 3869 510 3920 σατο,
576 3856 1142 3927 πεπαρρησιασμένην
1186 3855 1365 3909 αὐτῶν
1410 3853 1509 3925 τὴν
1567 3853 1764 3925 χρῆσιν
1812 3855 1938 3906 ὲπι-

347 3943 724 4015 δεικνύμενος,
763 3946 858 3998 καὶ
914 3945 1023 3998 οὐδ’
1073 3947 1152 4007 εἰς
1209 3944 1408 4016 μάτην,
1461 3941 1596 3996 ἀλλὰ
1643 3940 1738 3994 τοῦ
1780 3942 1937 4011 ἡδέος

349 4033 542 4106 χάριν·
601 4034 783 4105 έχουσι
818 4034 927 4106 γάρ
981 4034 1075 4087 καὶ
1125 4033 1196 4086 τὰ
1236 4031 1457 4086 τοιαῦτα
1499 4030 1607 4084 τῶν
1653 4030 1828 4099 λόγων
1877 4029 1940 4084 τὸ

352 4124 646 4193 ἐπαγωγὸν
677 4125 768 4180 κα)⁵
797 4125 1177 4197 ἐπαφρόδιτον.

2045 1573 2256 1629 dicendi
2284 1576 2554 1645 Apollonii
2588 1593 2716 1646 erga
2758 1588 3042 1648 tyrannos,
3077 1591 3132 1633 et
3157 1581 3392 1634 maxime
3432 1578 3620 1634 Domi-

2043 1664 2313 1719 nitianum
2361 1665 2644 1734 describit,
2695 1677 2750 1722 et
2797 1671 3066 1736 quomodo
3107 1677 3393 1722 accusatus
3431 1668 3617 1732 fuerit,

2043 1761 2098 1806 et
2123 1751 2264 1807 ultro
2319 1753 2372 1807 in
2417 1753 2682 1824 judicium
2726 1756 2957 1810 venerit.
2989 1754 3271 1820 Quomodo
3304 1755 3357 1809 in
3397 1771 3620 1811 carcere

2042 1854 2316 1911 servatus,
2342 1854 2396 1900 et
2425 1847 2695 1916 quomodo
2719 1846 2997 1913 liberatus,
3025 1847 3235 1902 solutus
3264 1856 3320 1902 et
3343 1849 3623 1912 deiensus,

2043 1950 2111 1992 ex
2139 1937 2350 2006 judicio
2383 1939 2700 1995 decesserit.
2753 1937 2878 1994 Ha-c
2907 1941 3122 2005 asserit,
3149 1949 3205 1995 et
3223 1955 3486 2010 magnum
3517 1954 3623 1995 non

2043 2023 2234 2091 fuisse,
2263 2041 2448 2081 verum
2486 2029 2672 2091 etiam,
2704 2029 2750 2082 si
2782 2044 2942 2098 quem
2978 2029 3166 2094 alium,
3210 2031 3443 2098 magiam
3488 2030 3626 2084 abo-

2043 2117 2306 2172 minatum
2345 2131 2466 2174 esse
2514 2119 2730 2174 fortiter
2784 2121 2996 2188 probat,
3039 2123 3141 2176 etsi
3192 2122 3359 2174 multa
3399 2132 3625 2189 porten-

2043 2210 2158 2258 tosa
2210 2205 2277 2259 de
2330 2205 2420 2261 illo
2467 2206 2689 2260 scribat.
2720 2205 2863 2261 Dicit
2904 2208 3070 2262 etiam
3118 2208 3406 2263 obscuram
3450 2207 3624 2262 fuisse

2043 2301 2214 2372 ipsius
2243 2312 2500 2368 mortem,
2542 2313 2596 2358 et
2626 2305 2790 2358 vitam
2843 2305 3112 2360 celebrem
3144 2323 3158 2359 :
3193 2312 3249 2361 et
3277 2319 3396 2359 eam
3425 2305 3624 2373 ipsum,

2043 2392 2169 2446 dum
2204 2395 2430 2458 viveret,
2466 2404 2647 2450 mente
2675 2396 2930 2463 agitasse.
2971 2395 3162 2451 Dicere
3182 2395 3328 2450 enim
3359 2395 3576 2451 solitum
3605 2413 3621 2449 :

2048 2480 2238 2537 Vivens
2279 2483 2544 2547 late;sin
2594 2486 2794 2551 minus,
2853 2483 3086 2539 Moriens
3131 2485 3236 2540 late
3271 2501 3291 2540 :
3337 2485 3628 2542 virtutibus

2046 2578 2189 2632 hunc
2225 2577 2396 2632 refert
2428 2580 2724 2648 studuisse,
2755 2589 2812 2636 et
2837 2579 3202 2652 Pythagoram
3237 2581 3472 2636 maxime
3501 2579 3628 2636 imi-

2043 2676 2210 2722 tatutn
2242 2668 2413 2726 fuisse
2438 2671 2574 2739 (95).

2117 2938 2269 2993 Dnlci
2316 2947 2370 2994 et
2405 2939 2552 2994 varia
2605 2940 2864 2996 narrandi
2900 2939 3115 2995 ratione
3143 2954 3276 2995 usus
3320 2947 3408 2995 est
3437 2937 3625 2993 Philo-

2041 3039 2244 3085 stratus
2299 3030 2436 3103 (96),
2482 3042 2538 3087 et
2569 3033 2752 3087 verbis
2795 3033 2922 3088 huic
2954 3033 3028 3087 rei
3065 3033 3535 3108 convenientibus,
3568 3042 3626 3086 et

2041 3121 2203 3174 simili
2239 3123 2661 3190 constructione,
2695 3123 2910 3193 qualem
2945 3137 3103 3176 nemo
3131 3121 3419 3176 scribendo
3451 3121 3628 3175 inser-

2043 3213 2141 3266 vit.
2203 3211 2467 3271 Videntur
2511 3214 2658 3269 enim
2719 3213 2965 3270 nonnulli
3029 3213 3388 3280 incomposite
3454 3215 3627 3282 magis

2042 3304 2222 3358 dicere
2248 3319 2410 3373 quam
2454 3305 2775 3374 composite.
2817 3305 2970 3358 llunc
3019 3320 3148 3358 vero
3179 3306 3386 3360 scimus
3414 3307 3624 3358 doctis-

2041 3395 2237 3450 simum
2263 3396 2452 3462 fuisse,
2479 3405 2534 3449 et
2556 3412 2585 3448 a
2615 3404 2766 3451 recto
2797 3412 2904 3450 non
2943 3395 3313 3459 aberrantem,
3346 3397 3626 3464 propriam

2043 3489 2471 3542 constructionis
2509 3487 2799 3542 novitatem
2839 3487 3191 3554 adhibuisse;
3233 3488 3328 3542 sed
3373 3503 3492 3557 quae
3526 3503 3626 3542 an-

2044 3577 2176 3648 tiqni
2209 3578 2466 3633 dixerunt
2505 3581 2704 3643 rarius,
2759 3579 2826 3632 iis
2855 3578 3080 3633 liberius
3111 3592 3282 3647 usque
3308 3577 3375 3632 ad
3402 3579 3622 3632 satieta-

2045 3677 2148 3722 tem
2181 3683 2335 3721 usum
2368 3683 2490 3724 esse
2520 3687 2532 3721 :
2581 3668 2785 3723 licitum
2816 3683 2954 3724 esse.
2989 3684 3179 3724 eorum
3211 3685 3367 3724 usum
3401 3670 3620 3726 demon-

2041 3758 2269 3822 strans',
2305 3775 2402 3814 nec
2470 3760 2522 3813 id
2593 3759 2814 3822 frustra,
2889 3762 2992 3816 sed
3055 3760 3358 3816 dulcedinis
3428 3763 3627 3832 gratia.

2040 3848 2360 3918 Hnjusmodi
2397 3851 2540 3905 enim
2587 3853 2763 3908 oratio
2781 3851 3232 3913 conciliandivim
3261 3852 3424 3909 habet
3450 3861 3507 3908 et
3545 3867 3633 3907 ve-

2042 3944 2310 3992 nustatetn
2341 3939 2653 4007 quamdam.

368 4211 474 4266 Ἐκ
516 4211 626 4266 τοῦ
641 4213 828 4267 αὐτοῦ
856 4193 997 4278 βίού
1025 4213 1140 4266 ὅσα
1171 4211 1439 4283 παρεῖται
1468 4211 1690 4266 κάλλει
1732 4209 1934 4283 pauid-

2052 4209 2128 4264 Ea:
2178 4209 2360 4283 eadem
2401 4207 2518 4283 {ita
2551 4220 2790 4283 excerpta
2820 4227 2938 4281 quae
2986 4211 3340 4281 rrwlermissa
3382 4218 3525 4283 sunt,
3569 4225 3632 4264 ae

610 4299 730 4336 των
758 4284 856 4337 καὶ
888 4283 1205 4352 συνθήκης
1233 4282 1671 4351 διαλάμποντα.

429 4377 541 4431 Καὶ
562 4377 609 4410 ⁷⁷
642 4378 965 4448 Πυθαγόρας
1020 4377 1184 4441 αὐτὸς
1230 4376 1326 4429 καὶ
1370 4374 1715 4445 Δημόκριτος
1751 4373 1948 4445 ὁμιλή-

2117 4280 2509 4349 pulchritudine
2539 4280 2900 4335 verborum'et
2931 4280 3308 4349 campositione
3341 4280 3625 4334 excellunt.

2116 4370 2312 4440 3319
2347 4369 2685 4440 Pythagoras
2714 4370 2846 4438 ipse,
2880 4379 2935 4425 et
2985 4371 3328 4425 Democritus
3359 4382 3479 4425 cum
3514 4386 3632 4424 ma-

358 4485 557 4531 σαντες
609 4469 827 4537 μάγοις,
867 4469 962 4521 καὶ
1004 4465 1176 4520 πολλά
1205 4465 1457 4535 δαιμόνια
1487 4462 1755 4527 εἰπόντες,
1797 4459 1940 4514 οὔπω

2052 4463 2129 4532 gis
2176 4461 2402 4524 versati,
2441 4461 2721 4529 multaque
2772 4462 3035 4517 damonis
3075 4463 3234 4528 fassi,
3291 4460 3493 4518 nullam
3553 4471 3634 4516 ta—

357 4559 682 4630 ύπήχθησαν
725 4564 791 4630 τῇ
829 4559 1013 4630 τέχνῃ.
1049 4558 1161 4612 Καὶ
1208 4557 1292 4620 τίς
1323 4556 1367 4588 ⁷⁸
1401 4555 1502 4608 οὐκ
1533 4549 1641 4608 οἶδε
1687 4552 1782 4606 τὸν
1824 4552 1947 4605 Ἀν-

2052 4567 2174 4606 tnen
2201 4552 2320 4620 ejus
2350 4553 2487 4606 artis
2527 4561 2737 4620 partem
2777 4552 3094 4620 attigerunt.
3141 4551 3276 4620 Quis
3303 4553 3448 4608 enim
3480 4553 3636 4623 igno-

359 4649 639 4719 αξαγόραν
684 4649 1014 4720 Ὀλυμπιάσι
1049 4649 1150 4719 μὲν
1173 4689 1188 4714 ,
1225 4647 1387 4700 ὁπότε
1417 4646 1620 4717 ἥκιστα
1653 4643 1759 4708 ὕοι,
1804 4658 1940 4710 παρ-

2058 4654 2142 4699 rat
2195 4645 2574 4714 Anaxagoram
2629 4644 2684 4698 in
2732 4642 3003 4714 Olympia,
3053 4658 3174 4698 cum
3244 4643 3388 4698 nulla
3441 4644 3637 4711 pluvia:

361 4738 589 4793 ελθόντα
609 4741 656 4772 ⁷⁸
704 4740 809 4793 ὑπὸ
848 4739 1026 4809 κωδίῳ
1054 4739 1136 4802 είς
1160 4737 1220 4791 τὸ
1248 4737 1462 4790 στάδιον
1494 4734 1590 4788 ἐπὶ
1647 4732 1940 4805 προρρήσει

2057 4737 2293 4804 suspicio
2365 4736 2695 4798 immineret,
2765 4733 3048 4803 pelliceam
3116 4743 3319 4789 vestem
3391 4734 3634 4787 indutum

356 4831 605 4903 69.6900;
647 4832 767 4902 Ὑφ’
793 4827 869 4888 ὧν
897 4833 1102 4902 ἔψαυσε
1134 4831 1227 4885 τοῦ
1260 4829 1404 4893 θεῖός
1431 4845 1490 4882 τε
1541 4826 1639 4881 καὶ
1665 4825 1943 4896 δαιμόνιος

357 4915 520 4977 εἶναι.
547 4923 626 4995 Τῇ
652 4924 810 4995 μάγῳ
844 4923 1030 4997 τέχνῃ.
1078 4922 1380 4992 Μετέχοντι
1403 4919 1449 4952 ⁸⁰
1479 4918 1536 4973 δέ
1579 4935 1668 4989 μοι
1691 4916 1788 4970 τοῦ
1820 4917 1948 4988 περὶ

2059 4823 2393 4895 processisse
2429 4833 2487 4878 ut
2537 4823 2767 4876 imbrem
2815 4821 3186 4889 denuntiaret,
3224 4838 3324 4878 nec
3351 4823 3424 4876 ita
3469 4822 3638 4877 multo

2056 4926 2175 4983 post
2202 4917 2476 4985 ingentem
2507 4912 2744 4983 pluviam
2787 4921 3032 4968 secutam
3064 4929 3208 4980 esse,
3246 4915 3391 4968 unde
3417 4921 3638 4981 putatus

1650 5006 1882 5062 VAerE
1919 5005 2213 5063 LECTION
2219 5006 2324 5062 ES.

431 5107 481 5180 το
503 5107 796 5180 ἀφίστησιν
941 5109 1007 5180 *⁷⁸
1033 5106 1136 5180 ὃτι]
1170 5123 1245 5180 vi,
1280 5107 1368 5180 42:

360 5176 406 5210 ’δ
433 5171 738 5248 ἀναγράφει
770 5178 890 5232 AB:
924 5178 1027 5248 ἐφη
1061 5171 1146 5248 gf,
1181 5179 1246 5248 Λ⁷⁵
1279 5177 1436 5248 τοῦτο
1464 5174 1537 5229 B:
1572 5171 1762 5248 τούτου
1791 5189 1853 5248 ς.

1476 5105 1522 5136 ⁷²
1549 5105 1606 5155 ὲν
1634 5117 1745 5155 om.
1772 5100 1882 5155 AB.
1977 5101 2025 5132 "
2047 5100 2210 5152 αὐτὸν
2269 5101 2379 5154 οὐδ’
2441 5100 2744 5156 ὁπωστιοῦν
2800 5102 2880 5156 At
2909 5100 3019 5154 οὐδ’
3066 5099 3214 5161 ὅπως
3260 5115 3314 5151 τι
3381 5099 3544 5150 αὑτὸν
3574 5113 3635 5159 ς·

1931 5172 1976 5204 ⁷⁸
2000 5170 2116 5224 ἀλλ’
2137 5171 2172 5224 ἆ
2192 5188 2300 5224 τισι
2322 5171 2363 5224 Α
2390 5191 2403 5227 :
2433 5171 2568 5225 ἀλλά
2599 5189 2651 5224 τι
2676 5191 2736 5238 ς’.

2825 5173 2870 5204 ⁷⁷
2895 5172 2989 5226 καὶ
3018 5169 3112 5242 Π.]
3143 5185 3182 5237 1,
3207 5168 3274 5235 2,‘
3296 5184 3350 5239 p.
3373 5166 3554 5222 Olear.
3583 5167 3637 5219 5°

360 5249 407 5280 ⁷⁸
443 5240 673 5319 καῖ’τίς]
706 5267 758 5319 p.
795 5250 848 5302 6.
924 5240 979 5282 ’θ’
1002 5240 1334 5320 προελθόντα
1367 5247 1562 5300 Suidas
1585 5260 1638 5299 ν.
1669 5240 2061 5313 Ἀναξαγόρας.
2136 5241 2182 5272 ⁸ο
2216 5241 2517 5314 μετέχοντι]
2553 5258 2590 5310 ι,
2621 5243 2675 5297 5.

1861 5359 2097 5418 NOTAE.

434 5465 554 5590 s95)
599 5464 928 5523 Plutarchus
983 5465 1242 5538 singulari
1292 5463 1685 5520 commentario
1730 5462 1961 5534 Epicuro
2072 5459 2467 5541 sententiarum
2519 5472 2616 5540 pro
2662 5455 2843 5539 Photii
2889 5453 3302 5537 libitoiparum
3345 5450 3639 5520 cohaerent,

364 5537 435 5594 tri
462 5539 582 5594 mit.
2069 5539 2229 5584 erunt
2262 5531 2374 5584 haec
2419 5545 2473 5584 III
2509 5528 2821 5584 Plnlostratt
2872 5526 3027 5584 hbrts
3078 5523 3450 5594 investiganda
3480 5532 3639 5591 atque

391 5553 435 5593 1⁵1

462 5539 582 5595 mit.

2069 5539 2229 5584 erunt
2262 5531 2374 5584 haec
2419 5531 2473 5584 in
2509 5526 2821 5584 Philostrati
2872 5526 3027 5584 libris
3078 5523 3450 5596 investiganda
3480 5532 3643 5591 atque

452 5608 569 5682 (96)
625 5607 762 5680 Quia
794 5606 1076 5678 sequentia
1116 5606 1202 5677 (ut
1255 5612 1508 5673 excerpta
1559 5603 1836 5673 phrasium
1891 5616 1954 5657 ac
2064 5601 2408 5661 excutienda.
