3990 6232
436 177 573 244 1⁴ἑ47

1606 185 1865 266 ΡΗΟΤΙΙ
1903 187 2406 247 ΡΑΤΒΙΑΗΟΗιΕ
2441 190 2549 252 CP.

3563 196 3688 264 19.48

434 308 600 349 nosse
625 290 758 346 dicit
785 291 1149 362 Apollonium,
1179 302 1235 349 et
1263 295 1431 350 maris
1460 308 1769 350 mensuram
1799 311 2011 350 omnem

2120 296 2331 361 ξύνεσιν
2354 301 2404 352 οἱ
2429 301 2624 354 τοιοίδε
2658 301 2954 373 ἄνθρωποι,
2989 304 3408 376 καθαρωτέραις
3444 311 3682 377 ἑμιλοῦνυ

433 387 928 454 eomprehendisse.
959 388 1138 442 Videri
1176 400 1230 443 et
1263 389 1442 459 aliqua
1470 392 1610 460 apud
1645 391 1881 461 reliquos
1915 391 2013 445 mi-

435 479 646 543 rabilis,
681 479 732 531 in
770 479 964 546 quibus
1003 479 1222 536 fortiter
1258 489 1313 536 et
1353 482 1629 552 eleganter
1667 484 2009 551 Apollonium

435 581 745 625 nartantern
781 571 1146 626 audiverunt:
1203 573 1460 644 mitigans
1502 588 1631 629 vero
1672 575 1820 628 illum
1876 573 2014 629 The-

431 664 668 730 spesion.
726 661 937 718 Dicitur
986 673 1040 718 et
1082 665 1381 733 elegantias
1432 666 1721 721 verborum
1759 665 2011 722 Phraata:

430 754 500 808 ab
529 751 671 806 Indis
701 754 965 809 attulisse.
1013 753 1127 809 Hoc
1159 756 1305 809 enim
1343 765 1555 826 tempus
1585 767 1640 812 et
1669 757 1780 811 ludi
1817 759 1882 811 ad
1915 773 2006 811 sa-

431 846 700 900 cerdotes.
735 844 953 903 Videris
994 849 1128 901 mihi
1157 850 1294 902 bene
1337 864 1676 919 concoquere
1707 861 1762 903 et
1793 851 2009 921 egregie

428 939 830 994 comedere..Si
881 941 1024 994 enim
1075 942 1328 1011 antiquas
1375 942 1520 1011 leges
1574 953 1628 997 et
1679 945 2008 1000 vetustiores

427 1043 753 1098 cognoscere
774 1031 1034 1098 licuisset,
1051 1042 1298 1102 poteram
1328 1033 1445 1088 illas
1466 1036 1712 1090 severius
1731 1046 2004 1091 excutere.

427 1119 576 1172 Multi
595 1132 648 1174 ct
665 1123 880 1176 absurdi
899 1138 1177 1177 sermones
1203 1126 1342 1178 inter
1365 1126 1598 1195 aequales
1634 1137 2002 1182 renascentur.

2114 405 2205 452 τες
2244 391 2478 458 ἀκτῖσιν,
2531 393 2882 464 ἀληθέστεροι
2928 395 3112 460 δὲτὰς
3158 399 3286 468 περὶ
3342 399 3557 467 φύσεως
3599 422 3674 460 κα

2114 483 2249 538 θεῶν
2287 487 2462 554 δόξας,
2499 488 2594 541 ἆτε
2629 489 2873 558 ἀγχίθεοι
2903 491 2994 544 καὶ
3027 491 3164 561 πρὸς
3193 493 3390 562 ἀρχαῖς
3423 495 3521 563 τῆς
3557 496 3679 558 ζωο-

2111 575 2270 642 γόνου
2336 579 2430 633 καὶ
2485 579 2694 652 θερμῆς
2754 581 2939 644 οὐσίας
2981 581 3279 646 οἰκοῦντες.
3343 584 3542 638 Ἀλλὰ¹
3599 589 3684 656 siis

2110 667 2336 738 ψάμμον
2373 670 2570 727 εἰδέναι
2597 673 2760 740 φησὶν
2796 674 2824 724 ό
2866 673 3143 729 Ἀπόλλων
3164 675 3207 740 ⁸,
3248 675 3423 728 ὁπόσα
3457 679 3692 746 ἀριθμῆ‹

2116 776 2208 812 σαι
2238 761 2428 830 αὐτὴν,
2464 763 2559 814 καὶ
2589 763 2656 816 τὰ
2677 765 2774 833 τῆς
2801 764 3078 834 θαλάσσης
3112 766 3286 838 μέτρα
3313 767 3692 836 ξυνειληφέναι

2116 853 2314 906 πάντα.
2348 852 2514 925 [10⁸25
2541 855 2944 926 1ὶ.]Φαίνεσθαι
2990 858 3010 888 ⁷
3060 857 3118 910 δέ
3141 875 3264 913 τινα
3297 861 3543 929 καὶπερὶ
3571 860 3694 922 τοὺς

2114 943 2335 1008 λοιποὺς
2386 945 2646 1016 ἔκπληξιν
2701 948 2784 1016 ἐφ’
2816 942 2898 1011 οἷς
2947 949 3276 1020 ἐρρωμένως
3328 967 3388 1002 τε
3447 951 3544 1002 καὶ
3599 952 3694 1004 σὺν

2115 1037 2303 1109 εὐροίᾳ
2358 1038 2742 1109 διαλεγομένου
2810 1040 3166 1095 Ἀπολλωνίου
3225 1042 3488 1111 ἤκουσαν.
3565 1045 3690 1096 Δια-

2114 1130 2409 1199 πραΰνωνδ
2447 1131 2504 1183 δὲ
2553 1132 2714 1184 αὑτὸν
2753 1135 2781 1185 ὁ
2818 1131 3135 1186 Θεσπεσίων
3157 1135 3199 1186 ³.
3265 1133 3499 1201 Λέγεται
3524 1134 3565 1164 ¹⁰
3589 1134 3695 1201 γάρ

425 1214 652 1266 καὶτῶν
679 1216 924 1283 Φραάτου
960 1215 1132 1282 λόγων
1160 1217 1451 1286 ἀγάλματα
1481 1219 1588 1271 ἀπὸ
1627 1219 1800 1271 Ἰνδῶν
1855 1220 2030 1288 ἄγειν.
2062 1222 2166 1275 Τὸν
2221 1222 2329 1295 γὰρ
2407 1223 2603 1294 καιρὸν
2653 1223 2843 1277 τοῦτον
2891 1225 2986 1277 καὶ
3051 1225 3100 1276 ol.
3137 1224 3290 1278 Ἰνδοὶ
3343 1225 3479 1295 πρὸς
3532 1226 3694 1294 ἱεροῖς

425 1305 748 1372 γίνονται¹¹.
787 1308 1069 1368 Ἕοικας¹²
1107 1306 1320 1370 εὔσιτος
1369 1305 1510 1362 εἶναι
1571 1310 1668 1363 καὶ
1725 1310 1895 1374 δεινὸς
1957 1315 2174 1381 φαγεῖν.
2234 1313 2296 1366 Ei
2348 1313 2521 1384 γὰρ¹³
2544 1313 2613 1367 τὰ
2664 1315 2870 1368 παλαιά
2919 1315 3151 1385 νόμιμα,
3210 1315 3304 1368 καὶ
3333 1315 3692 1387 πολιώτεραῆ

423 1397 715 1462 γινώσκειν
772 1398 932 1464 αὐτὰ,
985 1400 1200 1471 πικρῶς
1265 1400 1613 1469 ὲξετάζοιμεν
1639 1441 1654 1464 ,
1707 1403 1892 1455 πολλοὶ
1925 1404 2020 1458 καὶ
2051 1405 2241 1459 ἄτοποι
2279 1404 2426 1473 λόγοι
2467 1405 2989 1474 άναφύσονται¹³·¹⁶.
3033 1407 3332 1477 Ἰσηλίκων.

490 1491 624 1543 Cum
687 1490 840 1546 Titus
912 1491 1280 1563 Hierosolyma
1332 1495 1648 1561 evertisset,
1705 1504 1760 1551 et
1823 1497 2004 1551 omnia

421 1583 752 1638 circumloca
797 1585 1153 1640 cadaveribus
1205 1586 1498 1655 opplesset,
1537 1603 1801 1643 coronare
1851 1589 2000 1644 illum

423 1673 648 1728 voluere
688 1712 706 1740 ,
759 1683 853 1730 sed
924 1677 1013 1730 ille
1092 1676 1330 1743 seipsum
1410 1680 1620 1746 putavit
1695 1680 1996 1750 indignum.

2197 1499 2348 1552 Ἐπεὶ
2381 1499 2424 1532 ⁸⁸
2469 1499 2524 1554 δὲ
2573 1499 2730 1561 Τίτος
2791 1500 2991 1570 ᾑρήκει
3055 1499 3126 1552 τὰ
3191 1498 3540 1570 Ἰεροσόλυμα
3601 1501 3698 1554 καὶ

2109 1591 2316 1660 νεκρῶν
2343 1590 2480 1643 πλέα
2505 1585 2574 1660 ἦν
2613 1592 2790 1645 πάντα
2813 1592 2876 1656 ⁸⁷,
2893 1593 2962 1646 τά
2988 1593 3166 1662 ὅμορα
3208 1590 3334 1662 ἔθνη
3364 1591 3697 1662 ἐστεφάνουν

2108 1679 2294 1732 αὐτόν.
2340 1679 2400 1732 Ὀ
2427 1678 2485 1731 δὲ
2551 1679 2653 1732 οὐκ
2713 1679 2868 1750 ἠξίου
2932 1681 3124 1734 ἑαυτὸν
3182 1679 3409 1734 τούτου·
3449 1681 3526 1751 μὴ
3584 1681 3696 1753 γάρ

422 1763 542 1819 Νοη
595 1768 737 1820 enim
780 1783 840 1822 se
872 1781 994 1823 esse
1049 1769 1234 1822 talium
1288 1783 1511 1836 operum
1559 1781 1856 1837 auctorem,
1910 1774 2004 1828 sed

2110 1768 2270 1832 αὐτὸς
2289 1767 2462 1823 ταῦτα
2483 1769 2772 1839 εἰργάσθαι
2788 1769 2851 1834 ¹⁸,
2883 1769 3004 1841 Θεῷ
3025 1769 3083 1823 δὲ
3105 1770 3274 1841 ὀργὴν
3307 1750 3537 1842 φήναντι
3570 1750 3694 1825 ὲπιξ

424 1856 537 1912 Deo
580 1858 917 1913 iracundiam
973 1869 1163 1914 contra
1213 1859 1431 1916 Judazos
1495 1865 1816 1919 monstranti
1876 1880 2004 1920 suas

424 1961 619 2001 manus
668 1947 1005 2017 praebuisse:
1057 1952 1155 2005 hos
1198 1951 1336 2006 tales
1365 1962 1716 2009 accusatores
1752 1955 2002 2022 irrident,

424 2040 479 2094 in
519 2040 638 2095 illos
679 2041 925 2096 stimulos
968 2043 1162 2111 lingua:
1211 2059 1324 2098 sua:
1359 2046 1660 2102 vibrantes.
1691 2048 1773 2101 Ad
1804 2064 2006 2118 praece-

421 2141 607 2200 ptores
657 2147 716 2187 se
759 2123 1006 2198 contulit,
1055 2136 1146 2203 qui
1197 2144 1433 2190 mentem
1484 2138 1628 2192 illius
1664 2149 1717 2193 et
1762 2140 2000 2210 linguam

421 2223 758 2276 erndierant.
828 2222 1098 2293 Magnum,
1166 2225 1362 2294 inquit,
1423 2229 1753 2282 mensarium
1802 2231 1999 2284 video:

419 2315 688 2370 infelicem
727 2315 944 2384 quidam
977 2316 1133 2380 dixit,
1169 2318 1255 2370 cui
1288 2317 1419 2371 nihil
1461 2330 1546 2372 est
1586 2327 1781 2388 praeter
1805 2334 1999 2388 pauca,

422 2424 543 2477 qua:
572 2423 676 2462 non
709 2406 979 2462 sufﬁciunt
1014 2409 1080 2461 ad
1121 2408 1338 2461 domum
1373 2411 1726 2478 pascendam.
1759 2409 1997 2465 Persna,

420 2504 512 2559 det
545 2504 745 2558 homini
789 2511 845 2558 ut
876 2504 1032 2557 daret
1079 2504 1180 2559 sibi
1224 2504 1390 2559 vicies
1426 2503 1592 2568 mille,
1633 2504 2000 2573 repositurum

408 2612 481 2657 'se
509 2597 767 2667 quinque.
820 2597 911 2653 Ille
945 2612 1072 2652 vero
1121 2599 1438 2652 thesaurum
1474 2611 1688 2662 amans,
1723 2611 2000 2665 nunquam

419 2690 622 2745 donare
655 2691 877 2745 omnino
923 2689 1217 2754 recusavit,
1263 2690 1357 2744 sed
1402 2689 1611 2758 putavit
1637 2689 1901 2757 aequalem
1941 2703 2000 2744 se

420 2782 623 2836 habere
679 2790 910 2849 partem,
950 2790 1102 2835 tanto
1137 2795 1266 2835 vero
1301 2781 1595 2842 minorem,
1627 2791 1832 2848 quanto
1867 2782 1999 2835 duas

419 2873 692 2944 myriades
731 2874 786 2927 in
821 2873 1068 2928 manibus
1101 2873 1448 2936 cxsislentes,
1475 2873 1528 2926 in
1565 2885 1662 2926 sua
1698 2885 1819 2926 esse
1848 2883 2000 2940 pote-

419 2973 560 3020 state
585 2983 598 3020 :
638 2981 824 3033 agrum
843 2981 972 3021 vero
995 2981 1090 3035 pro
1116 2966 1223 3021 illis
1258 2965 1309 3018 in
1329 2965 1518 3034 pruina
1540 2963 1744 3031 jacere,
1762 2975 1815 3019 et
1837 2980 1999 3036 gran-

418 3058 545 3112 dine
574 3067 628 3112 et
663 3057 784 3111 aliis
821 3057 1198 3121 incommodis,
1235 3072 1355 3125 quae
1389 3056 1596 3110 fructus
1621 3067 1995 3127 corrumpunt.
2026 3084 2069 3141 α

489 3148 684 3220 335.!)
713 3148 1058 3217 PhilosOphia
1084 3150 1162 3204 sic
1203 3149 1414 3216 aliquos
1443 3157 1768 3213 commovet,
1801 3160 1861 3202 ut
1901 3150 1999 3204 ha-

375 3284 395 3300 ,
421 3241 591 3294 hiturn
639 3240 978 3306 rejicientcs,
1022 3240 1096 3294 illi
1133 3240 1352 3310 quidem
1405 3243 1769 3308 occurrerint,
1800 3243 2000 3298 relictis

421 3333 532 3388 suis
567 3335 631 3386 ad
657 3332 1002 3387 Occidentem
1031 3334 1098 3387 ad
1128 3333 1328 3406 Celtas,
1377 3333 1452 3389 illi
1483 3336 1536 3390 in
1563 3334 1781 3389 deserta
1807 3335 2002 3390 Africa:

418 3437 474 3487 et
506 3427 772 3498 Scythiae,
805 3427 966 3495 aliqui
1003 3427 1056 3480 in
1088 3442 1180 3482 eos
1213 3442 1494 3484 sermones
1542 3426 1867 3494 inciderunt,
1911 3429 2000 3498 qui

418 3521 484 3587 ad
502 3521 702 3590 ﬂagitia
732 3522 1051 3575 accendunt.
1073 3518 1396 3575 Sedentibus
1443 3519 1565 3586 aliis
1624 3522 1724 3579 sub
1753 3521 1999 3589 platano,

416 3613 615 3684 cicadae
650 3613 701 3667 in
750 3624 910 3667 cantu
961 3623 1136 3676 erant,
1166 3628 1286 3667 cum
1314 3627 1411 3666 ver
1439 3626 1532 3672 eas
1569 3613 1634 3666 ad
1671 3614 2000 3668 cantandum

418 3707 697 3774 incitaret.
735 3702 850 3759 Hac
878 3706 1123 3758 oratione
1153 3704 1405 3758 Demetrii
1456 3713 1743 3774 superatus
1781 3703 1998 3758 Darnis:

417 3799 496 3854 Tu
531 3801 770 3869 quidem,
795 3799 988 3865 inquit,
1026 3812 1147 3852 cum
1172 3796 1263 3850 hic
1283 3797 1401 3850 viro
1424 3796 1572 3850 adsis
1597 3797 1824 3861 amicus,
1857 3812 2003 3851 nunc

417 3900 564 3959 certe
587 3906 838 3959 magnum
872 3890 942 3942 illi
965 3871 1160 3943 bonum
1196 3886 1396 3942 videris
1428 3885 1640 3942 aiTerre.
1695 3888 1825 3953 Quae
1857 3889 2001 3942 enim

417 4001 582 4056 parva
611 3986 747 4038 ratio
768 3984 1079 4045 haberetur,
1104 3981 1146 4034 si
1178 3981 1458 4044 suadeam,
1488 3995 1553 4034 ne
1585 3979 1636 4032 in
1669 3979 2000 4049 gladiosjam

418 4079 648 4132 nudatos
679 4079 997 4137 incurreret,
1048 4087 1184 4127 neve
1214 4073 1266 4126 in
1301 4073 1642 4144 tyrannidem
1677 4081 2002 4141 rueret,qua

417 4170 549 4224 nihil
594 4167 884 4222 crudelius.
927 4164 1066 4232 Quid
1106 4165 1171 4219 de
1211 4173 1262 4218 te
1315 4163 1716 4218 decernendum
1766 4164 1999 4219 nescio:

415 4262 622 4333 (judex)
641 4259 960 4315 allecmsest
986 4268 1236 4327 tanquam
1272 4255 1306 4310 ii
1337 4257 1428 4326 qui
1452 4258 1744 4312 decernere
1760 4257 2002 4326 capiunt,

415 4354 571 4410 veriti
635 4369 701 4408 ne
759 4367 861 4406 non
927 4365 1113 4405 verum
1172 4349 1432 4419 judicent,
1504 4358 1558 4406 et
1623 4364 1773 4403 reum
1824 4349 2004 4419 perdi-

2105 1859 2394 1919 δεδωκέναι
2433 1859 2532 1924 τὰς
2577 1858 2770 1922 ἑαυτοῦ
2830 1862 3038 1932 χεῖρας.
3093 1861 3232 1925 Τοὺς
3255 1862 3298 1894 ¹⁹
3321 1861 3379 1915 δὲ
3409 1861 3694 1924 τοιούτους

2107 1950 2519 2010 ὑποϐλίττουσιν
2573 1953 2624 2005 οἱ
2683 1952 3039 2020 συκοφάνται,
3094 1951 3296 2024 κέντρα
3344 1953 3430 2004 ἐπ’
3488 1953 3695 2016 αὐτοὺς

2105 2041 2333 2112 ἠρμένοι
2362 2042 2459 2112 τὴν
2489 2042 2754 2112 γλῶτταν.
2791 2044 2887 2106 Εἰς
2908 2043 3250 2098 διδασκάλων
3282 2043 3558 2108 ἐϐάδιζεν,
3599 2045 3694 2112 ὑφ’

2105 2124 2178 2185 ὧν
2198 2133 2345 2204 καὶὴ
2380 2134 2573 2208 γνώμη
2606 2134 2755 2206 αὗτῷ
2778 2138 2873 2189 καὶ
2895 2137 2928 2206 ὴ
2962 2134 3177 2205 γλῶττα
3207 2136 3417 2206 ἴσχυσε.
3443 2135 3628 2189 Δεινόν
3645 2136 3695 2169 ¹⁹

2104 2228 2249 2294 γεἰ,
2277 2225 2404 2297 ἔφη,
2440 2226 2815 2299 χρηματιστὴν
2843 2227 2975 2299 ὁρῶ.
3011 2229 3396 2297 Κακοδαίμονα
3437 2228 3538 2298 μὲν
3571 2229 3690 2294 οὖν,

2105 2315 2279 2383 εἶπεν,
2385 2336 2450 2388 γε
2480 2318 2628 2373 ἔστιν
2681 2321 2830 2374 οὐδὲν
2877 2319 3016 2391 πλὴν
3045 2321 3264 2389 ὀλίγων,
3301 2319 3336 2373 ἃ.
3366 2321 3440 2390 μὴ
3467 2323 3690 2391 ἀποχρῇ

2107 2411 2324 2480 βόσκειν
2379 2411 2470 2464 τὸν
2507 2408 2678 2466 οἷκον.
2707 2412 2893 2465 Πείθει
2926 2415 3020 2466 τὸν
3065 2412 3351 2483 ἄνθρωπον
3388 2412 3695 2465 ἀποδόσθαι

2105 2504 2154 2556 οἱ
2176 2503 2476 2575 δισμυρίων
2526 2504 2722 2569 αὐτὸν,¹
2749 2503 2969 2575 εὕρημα
3007 2503 3380 2574 ποιησάμενον
3424 2505 3524 2566 τὰς
3557 2520 3695 2555 πεν-

2103 2596 2464 2665 τακισχιλίας.
2512 2596 2569 2649 '0
2613 2596 2713 2666 μὲν
2761 2596 2827 2664 δὴ
2874 2596 2967 2648 τοῦ
3020 2595 3297 2667 θησαυροῦ
3353 2595 3494 2666 ἐρῶν
3534 2594 3696 2649 οὔπω

2105 2688 2274 2754 ξυνίει
2319 2690 2411 2741 τοῦ
2450 2687 2645 2756 δώρου,
2691 2687 2806 2738 ἀλλ’
2863 2684 3000 2756 ᾤετο
3042 2688 3135 2738 ῖσα
3184 2685 3328 2756 ἔχειν
3369 2685 3615 2755 τοσούτῳ
3648 2687 3697 2740 δ’

2103 2783 2329 2847 ἐλάττω,
2358 2782 2468 2852 ὅσῳ
2493 2781 2594 2844 τὰς
2638 2781 2735 2851 μὲν
2760 2779 3055 2851 δισμυρίας
3077 2782 3135 2834 ὲν
3156 2782 3277 2843 ταῖς
3307 2779 3497 2851 χερσὶν
3522 2779 3697 2846 οὔσας

2102 2875 2186 2942 ἐφ’
2221 2873 2399 2945 ἑαυτῷ
2449 2868 2590 2926 εἶναι
2651 2872 2738 2938 ἂν,
2788 2872 2880 2925 τὸν
2901 2873 2945 2925 δ’
2967 2872 3080 2927 ἀντ’
3138 2873 3321 2926 αὐτῶν
3365 2872 3537 2943 ἀγρὸν
3597 2875 3700 2925 ἐπὶ

2102 2965 2336 3035 πάχναις
2392 2964 2670 3034 κείσεσθρι
2727 2964 2822 3018 καὶ
2848 2965 3115 3036 χαλάζαις
3167 2965 3266 3019 καὶ⁵
3292 2967 3404 3027 τοῖς
3451 2964 3633 3027 ἄλλοις
3661 2963 3701 3024 ἃ.

2102 3058 2228 3121 τοὺς
2285 3059 2534 3127 καρποὺς
2584 3057 2819 3127 φθείρει.

2161 3151 2452 3220 Φιλοσοφία
2477 3153 2522 3182 ³³
2549 3150 2606 3204 δὲ
2634 3148 2779 3203 οὔτω
2811 3167 2864 3202 τι
2921 3149 3174 3222 ἔπτηξεν,
3198 3148 3275 3213 ὡς
3321 3147 3697 3212 ἀποϐαλόντες

2101 3245 2163 3298 τὸ
2202 3244 2389 3314 σχῆμα
2440 3243 2490 3296 οί
2539 3243 2638 3314 μὲν
2691 3242 2994 3313 ἀποδρᾶναι
3048 3241 3200 3311 σφῶν
3233 3242 3292 3305 ἐς
3339 3241 3438 3313 τὴν
3468 3240 3699 3294 Κελτῶν

2102 3337 2362 3406 ἑσπέραν,
2382 3335 2488 3388 οἶδ’
2508 3337 2566 3399 ὲς
2586 3334 2653 3388 τὰ
2669 3333 2852 3406 ἔρημα
2871 3333 3075 3404 Λιϐύης
3090 3350 3150 3387 τε
3171 3333 3267 3387 καὶ
3287 3333 3544 3398 Σκυθίας,
3561 3333 3700 3386 ἔνιοι

2103 3431 2158 3482 δὲ
2177 3432 2257 3492 είς
2274 3430 2463 3496 λόγους
2484 3428 2848 3498 ἀπενεχθῆναι
2873 3444 2936 3481 συ
2945 3426 3210 3496 μδούλους
3231 3426 3339 3480 τῶν
3352 3427 3580 3496 άμαρτη
3590 3427 3701 3494 μά-

2103 3541 2212 3576 των
2229 3524 2295 3576 ”.
2315 3521 2636 3594 Ὶζησᾲντων
2655 3521 2701 3552 ³⁵
2729 3520 2783 3572 δὲ
2807 3519 2911 3571 ὑπὸ
2941 3518 3198 3589 πλατάνῳ
3213 3520 3261 3571 οί
3291 3517 3390 3588 μὲν
3406 3517 3699 3583 τέττιγγες

2106 3617 2162 3668 ὲν
2183 3615 2345 3687 ᾠδαῖς
2366 3609 2529 3683 ἦσαν,
2543 3611 2959 3681 ὑποψαλλούσης
2982 3611 3164 3672 αὐτοῖς
3185 3610 3282 3680 τῆς
3307 3609 3475 3680 ὥρας.
3493 3611 3700 3679 Ἦττη-

2105 3707 2217 3770 Osi;
2233 3706 2278 3738 "
2307 3705 2364 3758 δὲ
2387 3707 2416 3759 ό
2453 3704 2625 3774 Δάμις
2654 3703 2763 3756 τῶν
2790 3702 2884 3756 τοῦ
2904 3703 3220 3772 Δημητρίου
3248 3701 3443 3769 λόγων,
3463 3699 3609 3754 ἀλλὰ
3631 3700 3699 3754 σύ

2103 3816 2168 3866 γε
2181 3798 2306 3866 ἔφη,
2327 3797 2481 3868 φίλος
2496 3796 2650 3866 ἀνδρὶ
2668 3794 2856 3864 παρὼν
2870 3793 3001 3866 [545
3019 3793 3060 3846 Η
3130 3795 3305 3862 γένοιο
3327 3793 3393 3846 ἂν
3417 3793 3628 3860 ἀγαθόν
3644 3807 3700 3846 τι

2103 3889 2276 3960 τούτῳ
2328 3889 2470 3959 μέγα
2520 3887 2656 3957 ἐμοῦ
2688 3886 2798 3957 γάρ
2823 3886 3054 3957 σμικρὸς
3078 3886 3254 3952 λόγος,
3275 3887 3324 3938 el.
3353 3883 3701 3954 συμϐουλεύο

2104 3998 2221 4051 οιμι
2272 3979 2425 4050 αὐτῷ
2457 3979 2532 4051 μὴ
2579 3979 2842 4050 κυϐιστᾷν
2895 3977 3143 4048 ἐπ’ὁρθά
3199 3977 3324 4046 ξίφη
3357 3977 3481 4047 μηδ’
3518 3977 3699 4047 ἀναρ-

2107 4073 2321 4144 ρίπτειν
2372 4070 2509 4140 πρὸς
2565 4069 2878 4140 τυραννίδα,
2919 4063 2989 4139 ἧς
3017 4066 3170 4122 οὔπω
3217 4067 3600 4139 χαλεπωτέρα.
3627 4068 3700 4121 Ὃ

2103 4163 2216 4215 τι¹⁶
2243 4162 2468 4232 μὲνγὰρ
2505 4161 2791 4230 ψηφιεῖται
2815 4161 2910 4215 ἐπὶ
2969 4163 3074 4227 σοὶ,
3101 4162 3200 4214 οὐκ
3233 4157 3349 4215 οἴδα
3371 4178 3384 4190 ·
3420 4162 3702 4215 διάκειται

2104 4256 2162 4310 δὲ
2203 4255 2391 4326 ὥσπερ
2435 4255 2485 4324 οξ
2546 4253 3040 4326 καταψηφίσασθαι
3109 4255 3208 4325 μὲν
3256 4253 3699 4322 ἐπιθυμοῦντες,

2107 4349 2486 4418 αἰσχυνόμενοι
2539 4347 2597 4400 δὲ
2644 4349 2705 4402 τὸ
2743 4348 2817 4417 μὴ
2848 4345 3201 4416 ὲπ“άληθέσι,
3264 4347 3360 4400 καὶ
3417 4345 3701 4416 πρόφασιν

416 4447 576 4502 tionis
607 4447 846 4514 ipsorum
880 4443 1005 4497 facit
1027 4450 1099 4498 te.
1130 4440 1257 4496 Vult
1295 4443 1437 4496 enim
1466 4457 1584 4512 quae
1613 4455 1718 4494 non
1775 4440 2002 4507 decent;

2110 4443 2384 4504 ἀπωλείας
2437 4440 2714 4496 ὑπάτων¹⁷
2742 4441 2952 4513 ἀνδρῶν
3011 4439 3247 4494 ποιεῖταί
3294 4456 3374 4493 σε.
3429 4439 3702 4492 Βούλεται

412 4539 655 4596 facienda
704 4553 831 4593 vero
860 4537 1095 4605 dirigens
1129 4535 1194 4589 ad
1221 4535 1361 4606 juris
1385 4536 1731 4590 sententiam.
1761 4532 1877 4588 Non
1916 4548 2007 4598 au,

412 4626 577 4689 dienti
600 4632 795 4687 similis
837 4630 1141 4687 disserebat
1171 4644 1291 4683 cum
1341 4627 1567 4682 Damide
1623 4643 1784 4696 supra
1819 4627 1961 4683 delta
1985 4669 2000 4694 ,

411 4724 504 4780 ubi
522 4722 698 4777 Nilum
722 4724 872 4777 aiunt
897 4718 1490 4788 dividi.1Verumtamen
1511 4717 1598 4772 hic
1619 4717 1836 4787 quidem
1866 4717 2006 4772 divi-

413 4817 514 4870 tias
549 4815 726 4870 valide
757 4814 1083 4877 munientes,
1115 4820 1168 4867 et
1203 4820 1308 4865 tam
1332 4809 1617 4878 diligenter
1640 4808 1802 4864 veluti
1845 4824 2002 4864 muro

410 4909 707 4979 cingeules,
755 4907 820 4961 de
843 4906 948 4961 illis
995 4919 1137 4959 nunc
1160 4901 1712 4973 periclitamurdomi,
1737 4901 1996 4970 placenta:

407 5009 575 5055 coctae
636 5008 782 5054 sunt.
823 4997 944 5052 lstri
971 4997 1114 5052 enim
1141 4995 1258 5050 illos
1285 5005 1340 5049 et
1393 4993 1664 5048 Danaides
1702 4994 1996 5048 Ierminant

407 5091 551 5147 ﬂuvii
585 5104 687 5146 non
715 5089 902 5144 faciles
941 5089 1007 5143 ad
1049 5085 1576 5154 transgrediendum.
1616 5085 1818 5141 Omnes
1835 5085 2000 5154 Apol-

2112 4532 2213 4602 μὲν
2238 4532 2347 4602 γὰρ
2366 4532 2402 4587 ά
2433 4533 2510 4603 μὴ
2529 4532 2628 4600 δεῖ,
2653 4533 2888 4603 πράττει
2905 4532 2950 4574 "-
2973 4531 3030 4586 δὲ
3061 4531 3202 4588 αὐτὰ
3227 4529 3704 4600 καταῤῥυθμίζων

2109 4627 2187 4688 είς
2215 4625 2334 4697 ,τὴν
2365 4625 2459 4680 τοῦ
2504 4626 2715 4680 δικαίου
2753 4625 2931 4692 δόξαν.
2965 4625 3160 4693 Ἔλεγε
3182 4627 3224 4657 ³³
3252 4624 3296 4677 δ’
3318 4623 3460 4677 αὐτὰ
3504 4621 3702 4691 μασὼ-

2112 4718 2270 4789 μενός
2289 4718 2333 4750 ³⁸
2359 4734 2418 4772 τε
2440 4719 2534 4772 καὶ
2577 4717 2873 4788 ξυγγελῶν.
2915 4717 2977 4771 '0
3007 4717 3065 4770 δὲ
3086 4717 3186 4770 οὐκ
3216 4715 3476 4784 ἀκηκοότι
3513 4715 3704 4784 ὅμοιος

2106 4810 2374 4880 διελέγετο
2423 4811 2559 4881 πρὸς
2623 4813 2714 4865 τὸν
2757 4811 2933 4882 Δάμιν
2990 4811 3132 4883 ὑπὲρ
3163 4809 3259 4863 τοῦ
3286 4809 3484 4874 Δέλτα,
3512 4809 3647 4879 περὶ
3672 4809 3705 4862 δ

2107 4921 2242 4972 φασι
2282 4905 2375 4957 τὸν
2429 4904 2621 4957 Νεῖλον
2668 4903 2973 4974 σχίζεσθαι.
3015 4902 3158 4954 Ἀλλ’
3201 4903 3372 4972 ὅμως,
3414 4900 3563 4955 οὔτω
3596 4900 3706 4970 μὲν

2106 4997 2533 5068 χαρακώσαντες
2589 4995 2681 5048 τὸν
2734 4993 2986 5060 πλοῦτον,
3052 4995 3194 5047 οῦτω
3247 4993 3304 5047 δὲ
3333 4993 3376 5024 ³¹
3437 4993 3708 5062 ἀσφαλῶς

2108 5088 2508 5157 τειχισάμεσοι,
2563 5085 2947 5156 κινδυνεύομεν
2987 5085 3117 5156 περὶ
3177 5082 3384 5155 αὑτῷ³¹
3443 5083 3561 5150 νῦν.
3605 5084 3706 5136 ΟΞ-

1775 5175 2006 5231 νΑιιιΑῑ

2110 5178 2444 5236 ΞΟἹἸΟΝΕΞ.
3725 5219 3734 5224 -

464 5273 487 5304 ⁸
512 5277 673 5347 ἀλλὰ]
705 5294 758 5348 p.
790 5275 917 5332 248.
960 5283 981 5314 ⁸
1020 5269 1376 5348 Ἀπολλώνιος
1399 5286 1546 5348 corr.
1576 5272 1640 5324 Α.
1690 5272 1719 5348 ,⁷
1751 5271 2014 5348 φαίνεσθα

2110 5290 2161 5348 τι,
2197 5275 2282 5348 1-2.
2336 5273 2713 5348 βδιαπρλγι,
2914 5270 3322 5348 ’ρεσπᾹίωνΑΛη
3371 5267 3415 5299 ¹⁶
3441 5250 3735 5348 λλέγξταιῙΙ

415 5367 487 5413 γι,
521 5349 616 5413 14,
653 5339 723 5379 λίί
753 5349 888 5416 πρὸς
906 5348 1071 5415 ἱεροῖς
1094 5339 1355 5412 γίνονται]
1383 5341 1458 5404 ὼς
1491 5342 1622 5410 ἱεροὶ
1645 5339 2015 5410 γίνονταιΑΒε
2040 5339 2184 5414 arpis;
2216 5345 2381 5415 ἱερεῖς
2407 5361 2466 5407 ς.
2528 5339 2821 5414 λίέοικας]
2842 5359 2914 5405 vr,
2944 5342 3030 5397 15.
3110 5341 3153 5374 ⁸³
3183 5342 3233 5394 εί
3256 5339 3368 5409 γάρ

417 5424 640 5466 «θύονται
672 5419 734 5466 Λ-
814 5420 857 5452 ¹⁶
885 5413 1028 5466 ἐπεὶ]
1063 5432 1134 5466 ιι.
1167 5412 1256 5465 ‘29.
1357 5411 1396 5442 "’
1428 5412 1644 5464 πάντων
1676 5414 1741 5466 Α.
1847 5414 1891 5445 ¹⁸
1921 5415 2206 5466 εἴργασται
2235 5431 2295 5466 ς.
2394 5415 2436 5446 ¹⁹
2460 5413 2607 5466 τοὺς]
2637 5431 2706 5466 vr.
2736 5415 2826 5466 56.
2927 5414 2971 5444 ³ο
2999 5409 3193 5466 δεινόν]
3223 5427 3300 5466 v1.
3327 5414 3368 5465 5!

1921 5431 2206 5484 ειργασται
2235 5431 2295 5477 ς.

417 5411 640 5489 φύονται
671 5419 737 5489 A._
800 5411 857 5452 ’¹⁶
878 5411 1030 5489 ἐπεὶ]
1056 5432 1134 5489 ⁸ιι,
1167 5412 1256 5489 ‘25):
1290 5482 1302 5489 _
1338 5411 1396 5442 7”
1428 5412 1644 5489 πάντων
1676 5414 1741 5489 Α,

418 5482 528 5559 τὰρ
577 5489 664 5559 ΑΒ
726 5482 783 5523 ’¹²
801 5482 1106 5559 κφιλοσοξοὲῖα

1206 5481 1252 5562 ’ξ
1279 5482 1693 5562 ἁμαρτημάτων
1722 5484 1843 5562 (vti,
1875 5485 1928 5554 4)
1961 5481 2072 5562 om.
2103 5484 2180 5562 Β.⁵
2239 5486 2287 5516 ⁸⁸
2323 5483 2504 5562 igne]
2537 5481 2630 5562 vri,

3445 5339 3570 5378 "-"
3597 5343 3704 5392 ἀνα

2927 5383 3416 5482 ’ἱυδεινόνῐτίῖὲα
3519 5410 3560 5441 ¹¹

2961 5482 3108 5550 ήττ.]
3137 5499 3234 5541 vn.
3272 5483 3362 5537 {5.
3472 5480 3574 5532 ὀδ
3621 5495 3670 5530 τι

2394 5415 2436 5446 ¹’
2460 5413 2607 5485 τοὺς]
2637 5431 2706 5474 vt,
2736 5413 2826 5469 56.
2927 5414 2971 5444 ³⁰
2999 5413 3193 5482 δεινόν]
3223 5427 3300 5475 v1,
3327 5414 3358 5465 5

2394 5483 2504 5553 ne]
2537 5501 2630 5546 vn,
2670 5485 2754 5538 ll.
2823 5488 2906 5554 7”
2961 5482 3234 5554 iis-1.]th
3272 5483 3362 5537 {5.

421 5551 515 5619 in,
556 5557 640 5612 18.
718 5562 761 5593 ³⁷
790 5551 1117 5630 ὑπάτωνίιλξε
1149 5551 1240 5630 iis?)
1272 5552 1452 5606 αὐτῶν
1487 5551 1548 5617 ς.
1623 5553 1667 5585 ⁸⁸
1697 5551 1928 5629 πράττει
1959 5555 2004 5608 Α

2110 5551 2417 5630 πράττεσθαι
2444 5551 2503 5620 ς.
2583 5556 2627 5588 ²⁹
2657 5553 2834 5626 ἔλεγε]
2870 5551 3106 5621 τιιίὲὶίξ
3167 5552 3211 5588 ³ο
3245 5551 3608 5623 μασσὼμενος
3631 5565 3703 5614 ς.

419 5630 463 5673 ⁸⁸
491 5628 547 5682 δὲ
585 5629 709 5684 add.
738 5629 802 5684 A.
897 5627 942 5659 ⁸³
965 5626 1126 5680 αὐτὸν
1164 5624 1221 5677 Β.
