3990 6232
441 309 578 376 1251
1539 298 1800 364 PHOTII
1837 297 2346 365 PATRIARCHIE
2387 305 2496 366 CP.
3562 299 3702 371 ωδε),

440 427 592 488 dere,
618 430 674 478 et
704 417 912 490 ﬁguris,
944 415 1290 485 numerisque
1319 413 1604 470 materiam
1636 416 1904 468 adornare
1932 429 2016 466 ar-

2127 413 2359 484 μάλιστά
2411 430 2576 486 φησιν
2627 414 2672 447 ⁸³
2729 409 2946 484 Ὄσιρίν
2997 430 3056 467 τε
3097 411 3192 469 καὶ
3237 408 3400 482 Ἶσιν,
3450 414 3545 468 τὸν
3603 416 3703 485 μὲν

441 513 668 578 bitrati;
704 511 846 565 hanc
873 521 1000 561 vero
1042 505 1317 560 immensis
1351 503 1605 572 perennis
1651 505 1775 558 vitae
1827 501 2016 557 rivulis

2128 507 2331 561 ἃπαντα
2358 507 2711 578 δημιουργεῖν
2744 506 3057 577 νομίζοντες
3081 547 3095 566 .
3120 507 3285 560 εῐδεσί
3331 523 3391 559 τε
3451 506 3546 560 καὶ
3583 507 3704 574 ἀρι-

423 605 584 657 illius
620 600 878 655 fabricam
927 597 1159 665 irrigare
1199 609 1264 649 ac
1300 594 1570 662 saginare.
1597 591 1778 646 Exliis
1805 601 1992 646 consta

2127 597 2275 668 θμοῖς
2321 599 2421 670 τήν
2464 598 2597 670 ὓλην
2631 599 3053 669 διακοσμοῦντα,
3086 597 3185 669 τὴν
3210 599 3268 652 δὲ
3324 597 3703 668 κατάρδουσάν

443 693 786 752 Theocrasia,
820 690 921 744 hoc
968 699 1052 743 est
1084 687 1264 740 divina
1299 683 1642 754 temperatio,
1695 693 1793 737 aut
1842 681 2018 752 potius

2129 705 2180 742 τε
2233 688 2327 743 καὶ
2383 692 2705 745 πιαίνουσαν
2746 690 2844 760 τὴν
2897 690 3086 743 τούτου
3114 689 3473 760 δημιουργίαν
3507 691 3705 741 ἀενάου

443 786 680 856 perfecta
709 784 836 836 uuio
861 791 963 843 est,
1006 779 1210 834 reditus
1254 777 1555 832 animarum
1599 783 1907 829 nostrarum
1949 773 2017 827 ad

2128 778 2268 848 ζωῆς
2311 779 2356 812 ⁸⁵
2389 779 2598 850 ὀχετοῖς
2643 781 2993 849 ἀμετρήτοις,
3061 777 3156 831 Ἕκ
3186 772 3386 847 τρίτων
3439 777 3562 828 ἀντὶ
3609 775 3704 827 τοῦ

442 879 608 936 Deum
635 888 992 930 reversarum,
1025 881 1081 924 et
1107 886 1136 924 e
1181 870 1345 923 multa
1382 867 1734 922 distractione
1765 866 1816 919 in
1853 880 2016 918 unum

2155 869 2695 941 ρίτον.Καὶτοῢτ’ἆν
2722 870 2806 939 εἴη
2839 868 3154 940 θεοκρασία,
3190 867 3390 939 μᾶλλον
3422 867 3476 920 δὲ
3510 867 3707 925 ἕνωσις

438 971 811 1025 callet-tarum.
829 967 1034 1019 Etenim
1055 964 1242 1018 nonde
1263 960 1538 1015 avulsione
1559 958 1857 1014 luculenter
1875 959 2014 1020 dico,

2131 962 2411 1031 παντελὴς,
2449 961 2706 1025 ἐπάνοδος
2757 961 2866 1014 τῶν
2902 963 3186 1032 ἡμετέρων
3236 959 3423 1028 ψυχῶν
3477 960 3616 1028 πρδς
3645 959 3707 1008 τὸ

443 1079 546 1130 qua
598 1063 703 1114 huc
727 1059 974 1113 demissas
1029 1065 1085 1109 et
1113 1062 1388 1108 terrenum
1421 1051 1620 1104 induta:
1650 1063 1868 1118 corpus,
1905 1063 1934 1102 a
1964 1064 2019 1100 se

2130 1052 2275 1104 Θεῖον
2329 1051 2808 1121 ὲπιστρεφομένων
2859 1053 2953 1106 καὶ
3029 1050 3531 1121 συναθροιζομένων
3597 1049 3706 1102 ἀπὸ

445 1155 673 1207 invicem
706 1150 808 1203 illa).
859 1146 1079 1201 divulsze
1123 1153 1271 1209 sunt,
1312 1152 1367 1196 et
1395 1156 1583 1196 revera
1615 1156 1644 1194 a
1687 1138 1936 1204 furiosis,
1967 1146 2021 1191 et

2129 1142 2227 1196 τοῦ
2258 1141 2455 1196 πολλοῦ
2483 1143 2750 1214 μερισμοῦ
2777 1143 2872 1197 καὶ
2907 1141 2960 1196 τί
2981 1143 3090 1214 γὰρ
3113 1143 3173 1195 οὗ
3201 1142 3346 1210 λέγω
3373 1135 3705 1209 σπαραγμοῦ

443 1243 636 1313 335i:
657 1257 686 1294 a
708 1240 938 1294 terrenis
957 1235 1237 1291 affectibus
1258 1248 1353 1302 per
1378 1232 1632 1285 mundum
1651 1244 1852 1298 sparsae
1871 1235 2019 1291 sunt,

2133 1237 2436 1310 διαρρήδην,
2462 1238 2521 1291 ὃν
2551 1238 2785 1293 ἐνταῦθα
2818 1241 3033 1310 ῥυεῖσαι
3062 1238 3157 1290 καὶ
3191 1238 3354 1307 σῶμα
3397 1237 3583 1307 γήϊνον
3611 1235 3709 1287 λα-

443 1341 532 1405 qui
567 1350 668 1388 ιιοιι
689 1333 846 1387 modo
885 1346 1006 1384 cum
1043 1327 1306 1397 Typhone
1325 1323 1696 1392 comparandi,
1731 1323 1825 1375 sed
1848 1320 2019 1374 adhuc

2133 1328 2744 1397 ῢοῢσαιδιεσπάσθησαν
2799 1329 2967 1383 αὐταὶ
3013 1328 3108 1397 ἀφ’
3164 1325 3393 1393 ἑαυτῶν,
3428 1328 3522 1379 καὶ
3575 1325 3709 1377 πολι

447 1429 633 1490 ιιιιιΙιο,
688 1435 746 1478 ut
789 1432 940 1492 puto,
985 1419 1410 1488 perturbatiores
1452 1426 1598 1473 sunt.
1635 1416 1834 1470 Verum
1867 1415 2022 1484 cujus

2134 1421 2653 1490 λαχῇδιῳκίσθησαν
2710 1421 2814 1473 ὑπὸ
2833 1421 2878 1452 ⁸⁸
2933 1419 3042 1473 τῶν
3085 1418 3409 1486 Τυφωνείων
3467 1416 3544 1486 τῷ
3593 1416 3710 1469 ὄντι

443 1519 613 1588 gratia
646 1521 757 1570 haec
782 1515 997 1569 omnia?
1019 1511 1135 1567 1am
1168 1521 1379 1578 tempus
1398 1509 1711 1578 adiungere,
1743 1517 1797 1562 et
1827 1509 2019 1561 iterum

2135 1512 2218 1564 καὶ
2243 1510 2415 1574 ἄλλως
2448 1511 2697 1582 γηγενῶν
2731 1511 3094 1582 παθημάτων,
3121 1511 3290 1563 ὄντων
3337 1526 3400 1577 γε
3443 1508 3505 1560 οὐ
3564 1507 3711 1560 κατᾶ

440 1611 812 1663 narrationem
853 1615 1002 1659 extra
1030 1612 1407 1667 argumentum
1439 1599 1832 1667 exspatiantem
1864 1607 2016 1648 revo-

2133 1604 2217 1655 τὸν
2249 1602 2488 1673 Τυφῶνα
2521 1602 2702 1674 μόνον,
2731 1602 2843 1656 ἀλλ’
2873 1603 2954 1656 ἔτι
2980 1597 3136 1672 οἶμαι
3186 1601 3280 1653 καὶ
3311 1600 3502 1652 τούτου
3536 1599 3709 1652 πολυ-

443 1717 569 1756 care
596 1719 611 1754 τ
640 1711 694 1753 et
723 1697 1066 1765 coniungitur
1097 1694 1186 1747 illa
1212 1708 1243 1746 e
1273 1691 1518 1746 terrestri
1549 1690 1648 1742 hac
1679 1687 1785 1741 vita
1819 1687 1884 1739 ad
1911 1697 2019 1738 cm-

2135 1687 2508 1765 πλοκωτέρων.
2537 1694 2678 1747 Ἀλλ’
2705 1685 2766 1747 οὗ
2788 1693 2852 1764 δή
2900 1692 3066 1746 ἕνεκα
3097 1691 3189 1745 τὸν
3219 1691 3378 1759 λόγον
3429 1690 3650 1745 ᾶπαντα
3664 1687 3711 1722 ⁸⁸

444 1796 630 1848 lestein
649 1793 796 1845 illum
824 1789 1080 1842 fornicem
1106 1782 1458 1837 avolaiis.Sed
1486 1781 1668 1833 statim
1693 1777 1813 1846 quis
1831 1776 2020 1830 existi-

2133 1785 2315 1839 τοῦτον
2367 1749 2694 1857 ήγείραμεν,
2743 1749 2930 1858 καιρὸς
2987 1784 3053 1839 ἂν
3109 1783 3193 1853 είη
3247 1749 3709 1854 προσαποδοῦναι,

443 1892 616 1938 maret
644 1897 706 1936 ea
756 1895 874 1948 qua:
901 1877 1041 1931 dicta
1101 1884 1244 1935 sunt,
1276 1871 1653 1925 beatitudinem
1714 1880 1931 1922 sonare.
1969 1865 2019 1919 In

2135 1879 2219 1931 καὶ
2248 1876 2364 1946 ἅμα
2387 1877 2828 1931 ἀνακαλέσασθαι
2876 1878 2974 1947 τὴν
3020 1877 3270 1946 διήγησιν
3301 1875 3406 1938 ἔξω
3469 1875 3711 1946 φερομέ-

444 1984 692 2044 promptu
716 1981 798 2024 est
821 1971 1154 2035 interrogare
1176 1985 1190 2019 :
1212 1963 1386 2022 Unde.
1407 1977 1438 2015 o
1471 1963 1662 2024 amice,
1683 1957 2020 2013 manifestum

2135 1986 2226 2040 νην
2253 1969 2354 2039 τῆς
2379 1968 2704 2032 ὑποθέσεως.
2728 1969 2840 2023 Καὶ
2867 1967 3049 2038 ἔχεται
3091 1966 3228 2035 αὕτη
3258 1970 3587 2020 καταπτᾶσα
3613 1967 3711 2036 τῆς

444 2077 548 2126 est.
607 2066 752 2119 dicat
779 2061 994 2130 aliquis,
1064 2067 1212 2110 tuum
1304 2055 1452 2108 illum
1508 2051 1888 2120 philosophum
1958 2049 2020 2102 ali

2139 2059 2184 2112 ii’i
2196 2059 2383 2128 ρανίας
2411 2058 2598 2128 ἁψῖδος
2626 2057 2721 2110 τοῦ
2733 2057 2948 2128 χθονίου
2981 2055 3098 2127 βίου
3117 2056 3160 2087 ⁸⁷
3189 2055 3348 2109 Ἀλλὰ
3374 2056 3513 2125 τάχα
3543 2057 3608 2108 ἄν
3627 2071 3715 2120 τις

445 2159 546 2212 bac
591 2156 744 2210 turba
799 2153 1098 2206 animarum
1143 2144 1326 2201 ortum
1387 2145 1647 2199 duxisse?
1699 2143 1810 2212 Ego
1847 2150 2021 2194 autem

2138 2153 2390 2207 ὅπολάϐοι
2447 2153 2508 2206 τὸ
2566 2153 2854 2223 λεγόμενον
2907 2152 3054 2224 ᾄδειν
3110 2152 3406 2222 μακαρίας.
3452 2151 3714 2221 Ἐτοιμον

442 2250 510 2303 ad
571 2247 656 2299 illa
725 2259 830 2297 non
880 2238 1228 2300 decertando,
1295 2250 1444 2289 more
1513 2233 1863 2303 iudiciorum,
1930 2227 2018 2283 sed

2215 2263 2235 2298 ο
2269 2247 2348 2309 εἰς
2385 2243 2683 2315 ἐρώτησιν·
2726 2244 2910 2310 πόθεν,
2943 2238 2988 2297 ὧ
3020 2246 3222 2316 ἑταῖρε,
3253 2245 3431 2314 δῆλον,
3467 2245 3713 2305 εῖποιτις

445 2341 628 2394 mitius
736 2333 1102 2404 respondebo,
1187 2343 1365 2398 neque
1456 2324 1873 2386 contendendo,
1965 2329 2021 2375 ut

2137 2337 2216 2401 ἂν,
2241 2337 2322 2390 ὅτι
2344 2336 2476 2400 ὀσὺς
2509 2336 2795 2405 φιλόσοφος
2826 2336 2933 2389 ἀπὸ
2964 2336 3117 2390 τοῦδε
3149 2337 3244 2390 τοῦ
3269 2337 3457 2398 ἔθνους
3487 2335 3713 2406 ὥρμητο

445 2433 517 2486 sit
597 2431 648 2484 in
739 2426 1131 2496 disputatione,
1226 2420 1314 2473 ubi
1397 2418 1664 2472 acerrime
1746 2421 2021 2480 certatur“,

2136 2429 2234 2482 τῶν
2265 2429 2487 2500 ψυχῶνς
2517 2429 2627 2498 ἐγὼ
2664 2430 2719 2483 δὲ
2761 2429 2896 2501 πρὸς
2949 2429 3119 2483 ταῦτα
3161 2428 3566 2500 ἀποκρινοῦμαι
3595 2427 3712 2482 οὔτι

443 2523 538 2578 sed
569 2531 626 2574 ut
659 2521 806 2584 leges
839 2527 962 2573 sunt
1005 2527 1215 2576 eorum,
1249 2510 1338 2579 qui
1385 2509 1532 2563 Vitas
1569 2507 1919 2568 describunt,
1960 2518 2019 2558 ea

2139 2539 2188 2591 re
2226 2521 2548 2593 μαχητικῶς
2611 2521 2800 2590 ὥσπερ
2838 2523 2896 2573 ὲν
2926 2518 3280 2592 δικαστηρίῳ,
3315 2521 3448 2574 ἀλλὰ
3479 2520 3715 2592 πραότε-

444 2615 557 2669 sola
600 2627 720 2682 quae
769 2625 892 2664 vera
937 2621 1060 2662 esse
1111 2605 1301 2669 credo,
1347 2602 1674 2671 produceus,
1722 2610 1954 2667 quaeque
1993 2610 2020 2648 a

2138 2631 2240 2682 ρον,
2276 2611 2396 2666 οὐδὲ
2429 2629 2492 2682 γε
2512 2613 2600 2665 διὰ
2639 2613 2872 2682 σπουδῆς
2902 2612 3021 2675 οἵας
3067 2614 3124 2666 ὲν
3165 2613 3429 2682 διαλέκτῳ
3477 2611 3615 2682 πρὸς
3654 2609 3714 2664 τδ

445 2713 777 2776 prmeeptore
824 2700 1029 2754 audivi.
1089 2698 1325 2750 Severus
1385 2695 1680 2762 imperator
1749 2690 2021 2746 Romanus

2138 2705 2518 2775 ἰκριὸἐστατον
2583 2703 2992 2774 ἁμιλλωμένης,
3028 2700 3286 2774 [10298]
3331 2696 3574 2755 Ἀ).λὀἷα
3617 2701 3714 2771 μέ-

445 2798 567 2860 fuit,
599 2796 1080 2860 Romanorumque
1121 2799 1276 2858 pater
1305 2787 1441 2856 legis
1472 2783 1809 2855 praescripto.
1840 2781 1942 2848 Qui
1973 2792 2021 2836 et

2139 2815 2230 2866 rpa
2260 2795 2607 2867 βιογραφίας,
2644 2795 2781 2848 αὐτὰ
2815 2795 2970 2864 μόνα,
3009 2793 3152 2864 άπερ
3204 2793 3380 2864 ἀληθῆ
3449 2789 3592 2846 εἶναι
3623 2809 3715 2845 πι-

444 2888 672 2955 lapidem
727 2900 785 2938 se
838 2884 916 2936 ait
961 2883 1181 2946 vidisse,
1239 2880 1289 2932 in
1344 2893 1452 2947 quo
1493 2877 1805 2930 continetur
1853 2875 2020 2943 ﬁgura

2139 2889 2303 2942 στεύω
2329 2888 2424 2941 καὶ
2449 2887 2542 2940 τοῦ
2573 2885 2706 2957 ἐμοῦ
2744 2886 3120 2956 καθηγεμόνος
3160 2886 3398 2956 ἀκήκοα,
3436 2880 3715 2957 προφερὼ

445 2981 585 3032 luna:
610 2977 760 3029 vario
794 2975 954 3029 modo
978 2981 1199 3025 ιιιιιιιιιιῐι
1221 2985 1288 3025 ex
1317 2971 1424 3024 alio
1455 2969 1508 3022 in
1543 2967 1712 3033 aliud,
1745 2974 1798 3021 et
1832 2975 2021 3020 contra

2141 2998 2290 3049 aevo;
2321 2981 2387 3035 ⁸⁸.
2438 2973 2546 3034 Ἦν
2565 2977 2610 3031 δ’
2635 2981 2663 3033 ὀ
2710 2977 2950 3050 Σεὸῆρος
3003 2979 3271 3048 Ῥωμαῖος
3299 2979 3394 3032 καὶ
3430 2973 3717 3047 Ῥωμαίων

443 3074 611 3127 solem
665 3077 836 3122 aucta:
895 3075 950 3121 et
1003 3067 1244 3128 iniuiitie,
1300 3071 1356 3116 et
1413 3059 1579 3130 lapidi
1637 3061 1798 3111 etiam
1855 3057 2019 3111 solem

2141 3069 2309 3138 πατὴρ
2339 3068 2481 3122 κατὰ
2511 3068 2608 3140 τήν
2655 3067 2750 3120 τοῦ
2783 3066 2829 3098 ⁸⁸
2857 3069 3024 3137 νόμου
3059 3067 3281 3132 ἀξίωσιν
3302 3083 3316 3097 ο
3347 3064 3405 3131 ὃς
3433 3067 3588 3134 ἔλεγε
3623 3069 3717 3119 καὶ

445 3166 643 3218 inesse.
681 3160 918 3214 Isidorus
954 3157 1117 3226 igitur
1149 3153 1499 3221 qumstionem
1546 3149 1688 3205 scire
1717 3148 2020 3215 videbatur,

2137 3158 2273 3211 λίθον
2300 3159 2455 3219 ἰδεῖν,
2487 3160 2546 3211 ἐν
2575 3153 2617 3226 ᾧ
2650 3159 2880 3228 σελήνης
2905 3158 3117 3226 ἐγίνετο
3145 3159 3399 3226 σχήματα
3431 3173 3713 3227 μεταμορ-

427 3257 624 3308 dicere
653 3267 778 3305 vero
825 3248 1015 3314 noluit,
1059 3258 1112 3300 et
1151 3247 1252 3300 lioc
1294 3260 1325 3298 e
1368 3257 1559 3298 somno
1595 3241 1829 3311 quodam
1861 3240 2003 3292 mira

2141 3251 2406 3322 ρουμένης
2432 3253 2662 3304 παντοῖα
2699 3251 2818 3322 μὲν,
2857 3248 3043 3304 ἄλλοτε
3105 3250 3162 3303 δὲ
3211 3250 3365 3314 ἄλλα,
3393 3249 3532 3321 πρὸς
3566 3250 3717 3320 ἥλιον

445 3349 537 3403 bili
583 3349 796 3401 discere
836 3359 996 3411 quam
1035 3338 1444 3394 accuratissime
1480 3347 1709 3390 conatus
1745 3343 1848 3388 est.
1891 3331 2021 3385 Tam

2144 3342 2430 3412 ιὺξομένης
2457 3343 2503 3375 ⁷⁸
2549 3343 2642 3396 καὶ
2700 3341 3048 3413 μειουμένης,
3085 3341 3272 3395 ὲνόντα
3326 3340 3405 3410 τῷ
3456 3339 3592 3411 λίθῳ
3629 3340 3720 3394 καὶ

443 3443 587 3495 enim
626 3445 876 3508 prompto
921 3432 1224 3490 somniandi
1261 3430 1478 3501 ingenio
1524 3439 1580 3484 et
1615 3439 1734 3480 arte
1769 3424 1864 3479 fuit
1910 3440 2019 3478 ina-

2142 3435 2290 3486 ιὺτὺν
2335 3435 2426 3487 τὸν
2481 3434 2655 3506 ἥλιον.
2701 3432 2762 3488 Ὀ
2806 3433 2938 3501 γοῦν
2999 3433 3268 3503 Ἰσίδωρος
3299 3431 3467 3502 ἐῴκει
3525 3435 3624 3503 μὲν
3657 3433 3718 3484 τὸ

444 3547 579 3600 guns
614 3530 873 3589 Isidorus,
914 3535 971 3579 ut
1003 3526 1199 3594 saepius
1237 3538 1400 3593 opera
1445 3536 1567 3590 quae
1601 3520 1784 3588 ,lipsius
1820 3516 2020 3586 pracdi-

2145 3523 2461 3593 ζητούμενον
2515 3523 2699 3590 είδότι,
2749 3521 2930 3591 λέγειν
2978 3521 3023 3574 δ’
3047 3523 3148 3574 οὐκ
3198 3523 3459 3590 ἠϐούλετο
3489 3523 3557 3576 τί.
3612 3523 3721 3575 Καὶ

444 3623 610 3678 ctioni
664 3618 1018 3688 respondent,
1064 3615 1344 3684 explorata
1394 3614 1652 3666 demirer.
1703 3609 1841 3664 Sunt
1892 3621 2020 3661 sane

2147 3613 2283 3668 :oiiro
2302 3613 2359 3666 δὲ
2393 3613 2583 3684 μαθεῖν
2631 3613 2689 3680 te
2721 3613 2931 3683 ὀνείρου
2972 3607 3279 3681 θαυμασίου
3309 3613 3453 3676 τινὸς
3497 3614 3723 3684 ἐναργέ-

443 3716 607 3770 etiam
657 3724 795 3780 pene
835 3723 1024 3763 omnes
1074 3705 1427 3758 Alexandrini
1472 3703 1656 3757 felices
1703 3710 1759 3756 et
1803 3701 1913 3769 apti
1968 3699 2019 3752 in

2144 3721 2296 3757 ττατα
2326 3703 2632 3758 διετείνετο.
2668 3705 2777 3757 Καὶ
2817 3704 2928 3776 γὰρ
2963 3700 3031 3776 ἦν
3063 3705 3092 3757 ὀ
3125 3705 3298 3775 μέγας
3337 3705 3613 3777 Ἰσίδωρος
3640 3707 3720 3771 είς

444 3805 784 3869 somniando,
817 3809 870 3854 et
907 3800 1028 3852 ideo
1058 3798 1132 3851 illi
1161 3799 1324 3852 etiam
1367 3812 1507 3850 nunc
1554 3795 1760 3848 somnia
1805 3791 2020 3848 oracula

2144 3796 2378 3850 τοσοῦτον
2405 3791 2463 3849 εὗ
2487 3796 2638 3866 ἥκων
2677 3795 2894 3865 φύσεώς
2917 3812 2976 3848 τε
3008 3796 3101 3848 καὶ
3145 3798 3316 3867 τύχης
3360 3797 3720 3868 ὀνειρωττού-

446 3898 847 3967 cognominant.
882 3891 1015 3944 Cum
1048 3905 1174 3942 vero
1205 3897 1559 3957 experrectus
1601 3894 1768 3950 esset,
1805 3898 1908 3936 non
1944 3882 2022 3934 vi-

2147 3906 2248 3961 ιης,
2277 3890 2416 3943 ὥστε
2445 3889 2632 3960 ἔμοιγε
2667 3887 2970 3958 θαυμάζειν
3034 3887 3211 3942 ἔπεισι
3267 3889 3548 3955 πολλάκις,
3583 3893 3723 3944 ἀπο-

445 3996 608 4048 debat
640 3988 786 4042 illam
831 3982 1264 4052 inexplicabilem
1324 3980 1609 4033 visionem.
1645 3974 1833 4045 Neque
1877 3972 2020 4027 enim

2148 3982 2455 4052 πειρωμένῳ
2481 3982 2590 4034 τῶν
2623 3981 2801 4053 ἔργων
2847 3980 3284 4043 ἀποϐαινόντων,
3318 3983 3419 4052 τῆς
3464 3985 3724 4054 τοιαύτης

446 4086 580 4136 adeo
623 4081 828 4134 clarum
885 4091 1057 4144 neque
1104 4073 1425 4144 profundum
1480 4070 1729 4122 vibrabat
1768 4066 2022 4135 splendo-

2148 4071 2296 4126 ιύτοῦ
2354 4073 2732 4144 προρρήσεως.
2774 4073 2896 4125 Εἰσὶ
2950 4073 3048 4142 μὲν
3089 4073 3153 4144 δὴ
3209 4074 3304 4126 καὶ
3349 4072 3724 4144 Ἀλεξανδρεῖς

447 4192 584 4239 rem,
619 4182 675 4225 ut
717 4180 999 4226 contectus
1045 4185 1072 4219 a
1121 4166 1469 4220 sensibilibus
1505 4162 1608 4214 alio
1641 4159 2021 4213 reverberarc-

2147 4164 2307 4233 ὶλίγου
2339 4165 2538 4228 πάντες
2569 4166 2790 4232 εὐφυεῖς
2817 4182 2875 4217 τε
2935 4164 3029 4217 καὶ
3074 4166 3322 4234 εὐτυχεῖς
3355 4166 3723 4236 ὀνειροπολεῖ-

449 4280 556 4334 tur,
605 4271 748 4319 intus
793 4273 970 4316 tamen
1022 4259 1357 4314 accendatur
1410 4265 1463 4308 et
1505 4255 1698 4306 luceat.
1750 4249 1854 4304 Sed
1901 4265 2023 4302 cum

2146 4256 2276 4309 ιθαιι
2306 4257 2548 4320 καὶτοὺς
2573 4256 2818 4326 ὀνείρους
2866 4258 3063 4310 ἐκεῖνοι
3117 4257 3203 4309 διὰ
3259 4257 3419 4310 τοῦτο
3472 4258 3570 4310 καὶ
3624 4258 3722 4310 νῦν

393 4409 395 4411 .
445 4371 594 4415 extra
625 4359 739 4410 liznc
771 4354 1017 4409 consistit
1048 4353 1251 4414 anima,
1294 4361 1455 4400 sensu
1490 4359 1595 4397 non
1638 4342 1868 4411 amplius
1897 4357 1969 4410 op

2148 4347 2414 4417 ίρησμοὺς
2434 4348 2810 4417 ὀνομάζουσιν.
2845 4348 3201 4419 Ἐγρηγορότι
3224 4350 3322 4419 μὲν
3341 4349 3418 4418 τῷ
3465 4351 3724 4423 Ἰσιδώρῳ

446 4466 602 4506 ranie
645 4451 693 4503 vi
744 4449 921 4502 somni
975 4443 1307 4504 remissiore,
1359 4449 1485 4492 tunc
1529 4436 1627 4491 soli
1670 4436 1771 4487 sibi
1821 4434 2020 4488 relictae

2225 4414 2406 4506 παρῆν
2434 4440 2468 4508 ή
2501 4414 2737 4509 άρῤητος
2791 4414 3056 4507 αὐτοῷίαῗο
3085 4414 3174 4491 ⁷οὐ
3225 4414 3348 4508 ⁷γὰρ
3385 4414 3528 4492 οὕτω
3578 4414 3724 4511 lup;

447 4547 642 4598 anima:
665 4543 818 4595 adest
844 4553 1058 4606 semper
1091 4534 1320 4588 interior
1354 4529 1448 4583 Dei
1491 4528 1602 4593 lux,
1634 4536 1684 4580 et
1731 4523 2020 4580 obSIaculis

2146 4527 2266 4598 τρὰν
2294 4529 2415 4582 οὐδὲ
2441 4528 2659 4599 βαθεῖαν
2682 4530 2970 4600 παρείχετο
3007 4529 3105 4600 τὴν
3155 4531 3543 4602 μαρμαρυγὴν,
3576 4534 3722 4587 ὥστε

437 4639 548 4705 jain
585 4638 776 4696 libera,
808 4631 977 4699 magis
1004 4627 1338 4687 accenditur,
1370 4630 1425 4675 et
1444 4619 1738 4688 smpissiine
1773 4617 1836 4670 ad
1871 4626 2013 4671 exte-

2149 4626 2218 4678 :ai.
2252 4623 2356 4676 ὑπὸ
2414 4622 2522 4674 τῶν
2573 4619 2850 4689 αἰσθητῶν
2904 4620 2998 4673 ἐπὶ
3057 4620 3259 4692 θάτερα
3301 4621 3725 4687 ἀνταυγούντων

444 4734 590 4787 riora
629 4727 941 4786 elfuuditur,
991 4721 1160 4773 donec
1209 4719 1423 4770 tandem
1472 4714 1640 4784 ipsam
1681 4709 2020 4778 imaginatio-

2157 4713 2608 4785 πηλυγαζομένην
2635 4710 2759 4782 [547
2777 4709 2870 4782 ιι]
2898 4712 3028 4764 εῖσω
3051 4711 3214 4780 εὸμως
3261 4711 3601 4764 ἀνάπτεσθαι
3630 4717 3724 4764 καί

444 4839 566 4879 nem
598 4821 898 4875 collustret.
928 4813 1203 4882 Duplicem
1234 4807 1397 4878 336
1427 4823 1456 4859 a
1489 4806 1612 4858 inde
1638 4803 1904 4856 rationem
1927 4800 2014 4854 di-

2145 4806 2467 4876 ;ια),ἀμπειν,
2509 4801 2648 4855 Ἀλλ’
2662 4803 2752 4855 ὅτε
2779 4801 2884 4865 ἔξω
2926 4799 3129 4853 τούτων
3159 4799 3512 4868 καθίστατοή
3551 4800 3721 4869 ψυχὴ.

441 4916 689 4968 vittarum
721 4909 986 4961 visionum
1035 4902 1170 4956 dixit
1215 4918 1229 4954 :
1277 4900 1415 4952 hanc
1459 4895 1673 4964 quidem
1703 4889 2012 4946 seusibileut

2146 4897 2328 4967 ιηκέτι
2353 4896 2454 4965 τῆς
2480 4895 2786 4963 αἰσθήσεως
2820 4892 3181 4963 ἐνεργούσης,
3205 4890 3304 4961 ήδη
3354 4891 3412 4942 δὲ
3452 4894 3722 4960 παρειμέ-

442 5005 804 5078 vigilantium,
860 4994 1234 5067 imaginariam
1289 4992 1512 5044 alteram
1570 4985 1949 5040 dormientium
1995 4999 2010 5036 :

2145 5008 2216 5058 ,ης
2249 4987 2354 5042 ὑπὸ
2385 4986 2480 5039 τοῦ
2504 4985 2697 5050 ὕπνου,
2729 4985 2852 5037 τότε
2887 4984 3191 5053 μονουμένη
3217 4980 3338 5035 καθ’
3367 4983 3568 5050 ἑαυτὴν
3615 4985 3647 5052 ἡ
3678 4985 3721 5015 ⁷⁸

443 5074 676 5166 utraque
708 5104 890 5146 autem
935 5101 1115 5141 veram
1147 5081 1532 5139 continentiam
1565 5078 1819 5148 postulat.
1849 5075 2008 5129 Vide-

2143 5082 2203 5133 is‘i.
2237 5079 2385 5132 ἔνδον
2415 5077 2628 5130 ἑστῶσα
2659 5077 2753 5129 τοῦ
2787 5077 2946 5128 Θείου
2995 5074 3272 5147 ἀστραπὴ,
3306 5075 3400 5152 καὶ
3433 5075 3719 5127 ἀπαλλατ-

441 5190 602 5243 batur
651 5185 867 5250 sapiens
921 5188 1274 5244 maturosque
1323 5172 1597 5236 Isidorus,
1657 5170 1785 5238 quin
1841 5166 2005 5222 etiam

2147 5169 2315 5239 ομένη
2331 5167 2440 5220 τῶν
2464 5165 2754 5235 ὲμποδίων,
2775 5165 2868 5217 ἐπὶ
2887 5163 3086 5235 μᾶλλον
3111 5164 3520 5234 ἀνεζωπυρεῖτο
3542 5165 3609 5228 ⁷³,
3632 5155 3721 5216 καί

440 5281 624 5351 gravis
651 5289 862 5329 morum
888 5269 1213 5332 constantia,
1238 5265 1404 5319 facies
1447 5277 1583 5333 pene
1617 5257 2006 5330 quadrangula,

2147 5256 2352 5328 ξεχεῖτο
2374 5257 2508 5326 πρὸς
2528 5257 2587 5308 τὸ
2607 5255 2764 5318 ἐκτὸς
2793 5256 2899 5308 ἐπὶ
2928 5256 2994 5310 ἂν
3010 5254 3279 5320 πλεῖστον,
3300 5256 3403 5319 ἕως
3435 5255 3531 5310 καὶ
3550 5257 3721 5326 αὐτὴν

441 5369 746 5440 eloquentis
783 5363 1031 5422 Mercurii
1064 5358 1330 5429 quoddam
1357 5369 1574 5411 sacrum
1612 5354 1962 5408 simulacrum
1994 5366 2008 5404 :

2143 5348 2559 5420 ιαταστράψειεν
2585 5346 2905 5418 ἐπ’ὲσχάτῳ
2939 5346 3039 5418 τὴν
3070 5347 3522 5416 φαντασίαν.”υτι
3545 5348 3719 5400 διττὸν

1723 5460 1956 5518 νΑῐὶιιΕ
1999 5457 2402 5517 LECTIONES.

464 5634 471 5641 .
544 5594 584 5625 ⁸³
615 5610 780 5663 φησιν
801 5607 911 5646 om.
942 5589 1005 5645 B.
1070 5589 1152 5663 _“
1176 5584 1355 5663 ζώσης
1382 5600 1480 5663 ς·ιῆ
1544 5581 1728 5663 {iane
1761 5582 1798 5632 Α
1837 5579 1995 5663 adii-.23
2013 5596 2086 5663 Ξ.
2158 5647 2170 5663 ο
2211 5579 2257 5610 ⁸⁸
2287 5575 2716 5663 ττοῦτονρᾶπαντα
2745 5595 2806 5642 ς.
2909 5577 2952 5663 ‘1
2980 5575 3111 5663 βίουὶ
3141 5575 3356 5663 (ἕρμ’,Δῖ
3378 5644 3392 5663 ι
3475 5567 3718 5663 tngo;-

438 5644 827 5734 magis};
936 5644 1099 5734 δεξίτοῦ
1130 5644 1242 5734 οιῖιἶ
1435 5652 1482 5682 "°
1513 5652 1818 5730 αὐξομένης
1845 5653 1909 5714 Α,
1937 5647 2271 5719 αὺξόυμένης
2302 5647 2377 5699 B-:
2410 5647 2776 5718 αὐξανομένης
2804 5665 2864 5712 ς.
2895 5644 3053 5717 ςίζι).
3073 5644 3302 5712 R.I065,
3329 5644 3418 5698 H.
3500 5645 3542 5675 ”
3571 5644 3720 5696 εϋού·

436 5701 562 5793 ἶεξο
715 5701 827 5803 πθὴ
856 5732 930 5786 A:
965 5727 1032 5798 ἦν
1060 5747 1120 5793 ς.
1199 5729 1244 5758 ⁷³
1274 5701 1685 5792 mecm-4906:;
1714 5737 1772 5784 ς.
