3990 6232
327 223 466 290 1253

1467 224 1988 287 BIBLIUTIIECA.
2028 248 2098 259 -
2136 226 2296 290 COD.
2340 231 2615 293 CCXLII.

3467 234 3603 300 1254

318 344 511 410 ἔλεγεν
538 341 603 393 ἐκ
628 338 822 395 τούτου
849 339 937 395 τὸν
966 341 1165 412 τρόπον
1191 340 1295 395 τῶν
1325 341 1484 396 θείων
1509 341 1803 413 αὐτοψιῶν,
1828 342 1907 394 tia

2021 346 2199 411 oculi,
2249 358 2310 404 ut
2357 350 2438 405 sic
2478 349 2692 421 loquar,
2731 362 2858 406 vere
2905 350 3201 420 gratiosam
3242 351 3296 407 in
3341 366 3400 409 se
3435 354 3600 410 sitam

323 435 424 506 μὲν
473 433 814 504 αἰσθητικὸν,
865 431 976 488 τῶν
1011 436 1416 506 ἐγρηγορότων,
1476 435 1822 505 φαντασιὼδη
1857 435 1916 488 δὲ

317 526 432 579 τῶν
467 525 864 590 καθευδόντων,
893 525 1069 597 ἀληθῆ
1095 526 1141 578 δ’
1159 527 1419 599 ἑκάτερον
1450 527 1521 583 ⁷⁸.
1567 526 1915 596 Ἀπαλλαγὴν

317 619 440 689 ᾔτει
470 621 515 651 ⁷⁵
542 618 636 672 τοῦ
681 618 1116 684 κατακλύζοντος
1149 620 1338 691 ὀχετοῦ
1369 624 1468 692 τῆς
1493 622 1780 690 γενέσεως.
1806 617 1916 674 1ΓΗν

316 711 374 762 δὲ
420 710 600 764 ίδείνό
647 711 916 782 Ἰσίδωρος
970 711 1199 784 ἔμφρων
1259 715 1354 768 καὶ
1406 715 1791 788 πρεσϐυτικὸς,
1835 713 1915 767 ἔτι

315 800 656 871 δ’ἐμϐριθὴς
722 803 818 854 καὶ
874 802 1284 874 βεϐαιότροπος.
1335 807 1408 860 Τὸ
1467 809 1566 878 μὲν
1624 809 1916 880 πρόσωπον

315 893 502 963 ὀλίγου
527 895 867 964 τετράγωνον
897 892 987 968 ἦν,
1024 897 1223 968 Ἑρμοῦ
1262 901 1443 968 λογίου
1462 902 1630 966 τύπος
1679 901 1842 972 ἱερός·
1866 907 1914 958 οἱ

313 985 375 1038 δὲ
400 986 694 1057 ὀφθαλμοὶ,
750 987 870 1049 πῶς
903 987 1001 1058 μὲν
1047 987 1114 1041 ἂν
1169 991 1442 1063 φράσαιμι
1476 994 1577 1062 τὴν
1621 995 1681 1046 ὲν
1731 993 1916 1056 αὐτοῖς

318 1077 616 1149 ἱδρυμένην
674 1080 976 1150 χαρίεσσαν
1027 1080 1242 1150 ἀληθῶς
1286 1085 1626 1157 Ἀφροδίτην,
1695 1085 1814 1149 πῶς
1867 1085 1914 1118 τι

314 1170 362 1222 δ’
383 1171 784 1241 ἀπαγγείλαιμι
813 1173 914 1241 τὴν
944 1172 1172 1229 ἐνοῦσαν
1216 1176 1410 1240 αὐταῖς
1445 1177 1679 1248 Ἀθηνᾶν
1739 1194 1914 1247 σοφω-

313 1262 489 1332 τάτην
523 1278 538 1328 ;
569 1263 672 1316 οὐκ
711 1262 776 1317 ἂν
801 1263 858 1317 δὲ
893 1263 1155 1336 φθάνοιμι
1181 1266 1360 1336 λέγων
1408 1270 1606 1332 αὐτοὺς
1663 1269 1772 1323 ἀπὸ
1803 1269 1914 1322 τῶν

313 1353 578 1430 ἐναντίων
609 1356 690 1418 είς
725 1355 788 1407 τὸ
815 1356 946 1409 αὐτὸ
988 1359 1474 1430 συνηρμοσμένους
1512 1359 1570 1413 ἓν
1594 1356 1735 1425 εἶδος
1767 1361 1914 1430 ἀμή-

312 1463 501 1514 χανον,
539 1445 782 1510 ἑστῶτας
815 1446 932 1518 διμα
983 1447 1237 1519 βεϐαίους
1287 1451 1382 1506 καὶ
1418 1451 1683 1523 ἐπίτροχα
1736 1469 1914 1506 κινου-

315 1539 518 1607 μένους
559 1557 676 1602 πως
706 1539 874 1607 φάναι
900 1541 963 1593 τὸ
996 1543 1104 1594 πᾶν
1125 1545 1183 1594 ἐν
1215 1541 1296 1612 τῷ
1347 1543 1496 1613 αὐτῷ
1525 1545 1622 1598 καὶ
1672 1546 1802 1617 περὶ
1851 1546 1912 1600 τὸ

313 1629 451 1684 αὐτὸ
489 1629 838 1699 δινουμένους
865 1630 982 1700 ἃμα
1015 1632 1114 1702 μὲν
1139 1633 1200 1685 τὸ
1231 1633 1426 1704 σεμνὸν
1463 1633 1582 1704 ἅμα
1609 1635 1666 1689 δὲ
1716 1637 1778 1689 τὸ
1805 1637 1909 1707 χά-

2023 437 2308 504 Venerem,
2356 448 2524 510 utque
2568 443 2650 498 sic
2688 441 2936 507 efferam,
2987 442 3210 498 infixam
3243 444 3347 499 sibi
3375 445 3600 515 sapien-

2021 530 2287 585 tissimam
2318 530 2590 588 Palladem
2619 535 2992 590 continebant.
3025 534 3160 590 Illud
3186 550 3292 590 non
3319 537 3597 601 omittam,

2020 623 2119 691 ipsi
2194 625 2334 680 oculi
2370 641 2399 677 a
2447 627 2738 681 contrariis
2784 626 2839 681 in
2873 643 3034 681 unam
3077 630 3435 698 eamdemque
3473 644 3601 698 spe-

2017 713 2156 768 ciem
2218 715 2654 784 inexplicabilem
2701 717 2863 770 simul
2924 717 3324 783 referebantur,
3384 720 3604 774 stabant

2017 806 2178 861 simul
2210 807 2457 872 ﬁrmiter,
2499 817 2554 862 et
2585 808 2846 862 velociter
2873 808 2944 862 ita
2981 809 3356 872 movebantur,
3391 817 3452 861 ut
3479 824 3601 863 vcr-

2017 898 2126 950 sari
2159 898 2477 953 viderentur
2524 900 2672 954 circa
2746 899 2992 954 eamdem
3039 901 3298 968 speciem,
3345 908 3402 953 et
3443 900 3600 966 quid-

2015 988 2099 1044 vis
2129 989 2183 1042 in
2205 989 2394 1043 eadem
2421 990 2910 1059 repraesentabatur
2940 1007 2954 1044 :
2988 990 3147 1044 simul
3170 1001 3223 1044 et
3251 991 3595 1059 gravitatem,

2014 1090 2467 1151 venustatemque
2498 1080 2880 1150 praeferebant,
2918 1089 2974 1135 et
3015 1081 3175 1134 iidem
3213 1095 3336 1134 cum
3371 1079 3594 1143 vellent,

2013 1170 2336 1240 profundius
2395 1171 2566 1226 abditi
2632 1178 2722 1224 aut
2774 1170 3136 1240 expeditiores
3173 1187 3187 1223 :
3220 1179 3387 1239 utque
3433 1170 3598 1223 verbo

2013 1264 2213 1332 dicam,
2258 1272 2415 1319 erant
2447 1262 2588 1316 oculi
2633 1262 2705 1316 illi
2750 1261 2986 1332 perfecta
3041 1261 3236 1315 anima:
3279 1260 3595 1323 simulacra,

2014 1371 2120 1410 non
2154 1354 2324 1411 solius
2355 1355 2550 1419 animi,
2600 1354 2695 1409 sed
2732 1363 2787 1408 et
2820 1352 3175 1408 inhabitantis
3205 1353 3257 1406 in
3300 1367 3364 1407 ea
3398 1353 3597 1406 divina:

2013 1447 2328 1502 inﬁuentim.
2367 1446 2572 1502 Sensus
2623 1445 2902 1500 moderate
2948 1443 3002 1498 in
3053 1444 3145 1498 illo
3192 1442 3367 1498 affecti
3413 1451 3594 1507 erant,

2014 1547 2073 1593 ut
2115 1538 2214 1593 soli
2260 1538 2577 1594 necessitati
2627 1537 2956 1601 servientes,
3001 1551 3100 1591 nec
3125 1535 3224 1592 soli
3259 1550 3472 1601 sensus,
3501 1533 3594 1589 sed

2011 1629 2176 1685 etiam
2202 1629 2538 1700 imaginatio,
2575 1643 2695 1699 qua:
2728 1635 2876 1683 certa
2904 1627 3085 1697 imago
3110 1636 3194 1682 est
3228 1639 3246 1682 :
3275 1641 3450 1695 neque
3481 1642 3597 1681 me-

315 1731 434 1784 ριεν
492 1716 904 1784 ἐπιφαίνοντας,
975 1695 1309 1791 βαθυτέρους
1375 1695 1518 1784 τοὺς.
1553 1725 1749 1789 αὖτοὺς
1807 1695 1907 1782 καὶ

2013 1722 2183 1777 moria
2214 1695 2743 1777 admodumivalens
2783 1736 2948 1788 supra
2987 1695 3176 1790 vulgus
3201 1759 3216 1784 ,
3256 1728 3310 1773 et
3358 1720 3428 1773 ab
3458 1719 3596 1772 obli-

309 1806 720 1880 ἁπλουστέρους
773 1806 912 1865 εἶναι
962 1812 1340 1885 βουλομένους.
1393 1817 1610 1882 Ἀπλῶς
1652 1819 1901 1888 δἐἰπεῖν,

309 1899 606 1970 ἀγάλματα
637 1896 778 1973 ἦσαν
803 1903 1074 1975 ὀφθαλμοὶ
1118 1907 1315 1961 ἐκεῖνοι
1345 1908 1446 1978 τῆς
1472 1908 1651 1982 ψυχῆς
1681 1913 1902 1985 ἀκριϐῆ,

313 1990 378 2044 οὐ
413 1990 585 2062 μόνης
617 2009 703 2062 γε,
733 1993 871 2048 ἀλλά
908 1997 1004 2050 καὶ
1054 1997 1152 2068 τῆς
1193 2000 1509 2072 ἐνοικούσης
1559 2003 1697 2074 αὐτῇ
1755 2003 1904 2069 Θείας

310 2081 617 2153 ἀπορροῆς.
655 2085 722 2137 Δί
739 2085 796 2138 δὲ
821 2103 885 2154 γε
912 2087 1192 2158 αἰσθήσεις
1235 2092 1473 2163 μετρίως
1502 2093 1651 2164 αὑτῷ
1671 2094 1901 2149 διέκειν-

2009 1815 2169 1870 vione
2187 1829 2294 1869 non
2317 1814 2538 1870 omnino
2568 1821 2798 1869 remota.
2822 1812 3058 1877 Etenim,
3091 1811 3457 1866 ntverisimile
3487 1820 3590 1874 est,

2008 1907 2175 1962 voluit
2196 1907 2341 1962 illum
2360 1906 2500 1962 Deus
2523 1907 2764 1961 animum
2788 1906 2967 1976 potius
2983 1905 3259 1960 declarare
3277 1903 3409 1974 (99).
3429 1919 3593 1972 quam

2011 2009 2304 2068 utrumque
2341 2013 2466 2053 cum
2496 2012 2765 2068 corpore,
2808 2005 2863 2051 et
2910 1995 3310 2065 philosophiam
3347 1996 3399 2049 in
3441 2005 3595 2050 utro-

2010 2104 2118 2160 que
2147 2104 2251 2144 non
2285 2088 2612 2158 relinquere,
2643 2089 2737 2143 sed
2771 2086 2872 2142 soli
2906 2087 3089 2140 animo
3122 2087 3368 2155 infigere.
3399 2086 3470 2142 Ut
3493 2101 3594 2156 ego

307 2189 372 2224 το
396 2213 413 2240 ,
446 2174 594 2243 πρὸς·
623 2176 792 2247 μόνην
823 2177 1192 2248 ύπηρετοῦσαι
1220 2182 1322 2252 τὴν
1358 2183 1569 2253 χρείαν.
1623 2186 1734 2240 Καὶ
1780 2187 1903 2258 οὐχὶ

2013 2184 2118 2254 iam
2161 2182 2424 2252 quosdam
2467 2182 2670 2251 reperi,
2707 2181 2798 2250 qui
2849 2179 3092 2234 exterius
3141 2178 3596 2249 philosophantur

308 2264 370 2316 αί
395 2264 680 2335 αἰσθήσεις
707 2267 887 2335 μόναι,
919 2268 1056 2322 ἀλλά
1084 2269 1176 2323 καὶ
1201 2270 1262 2323 τὸ
1309 2271 1532 2341 κήρινον
1583 2272 1900 2343 ἐκμαγεῖον,

309 2356 345 2425 ή
379 2357 672 2424 φαντασία,
695 2357 818 2410 οὔτε
841 2360 981 2430 πρὸς
1016 2363 1238 2431 μνήμην
1268 2379 1320 2414 τι
1350 2363 1460 2416 τῶν
1514 2364 1727 2419 πολλῶν
1779 2367 1899 2422 δια-

308 2447 575 2517 φέρουσα,
596 2451 688 2503 καὶ
713 2451 813 2520 τῆς
841 2450 1011 2522 λήθης
1029 2454 1088 2506 οὑ
1112 2454 1174 2506 τὸ
1195 2455 1460 2524 παράπαν
1476 2456 1897 2531 ἀπηλλαγμένη.

309 2540 423 2592 Καὶ
474 2542 583 2611 γὰρ
611 2542 883 2613 ἠϐουλήθη
932 2545 1094 2597 αὑτὸν
1120 2547 1147 2598 6
1198 2545 1351 2611 Θεὸς,
1385 2547 1460 2611 ὡς
1489 2548 1655 2617 ἔοικε,
1719 2552 1898 2622 ψυχὴν

313 2635 516 2703 μᾶλλον
540 2636 668 2688 ὅντα
700 2635 986 2700 ἐπιδεῖξαι.
1018 2635 1136 2706 ήτὸ
1169 2640 1579 2711 συναμφότερον
1629 2646 1770 2712 μετὰ
1803 2645 1897 2700 τοῦ

314 2727 589 2797 σώματος,
637 2728 734 2781 καὶ
792 2729 892 2799 τὴν
950 2727 1270 2798 φιλοσοφίαν
1316 2732 1376 2783 ού
1404 2731 1482 2802 τῷ
1501 2737 1898 2808 συναμφοτέρῳ

311 2819 681 2887 ἐναποθείναι,
715 2819 850 2874 ἀλλά
886 2821 1025 2892 αὐτῇ
1077 2822 1216 2894 μόνῃ
1266 2825 1333 2893 τῇ
1397 2825 1544 2896 ψυχῇ
1597 2828 1893 2899 ἐνιδρῦσαι.

323 2913 412 2977 Ὠς
444 2913 618 2981 ἔγωγε
650 2913 814 2978 ἐνίοις
843 2913 945 2984 ήδη
971 2914 1379 2986 περιτετύχηκα
1405 2917 1476 2971 τὰ
1512 2919 1614 2988 μὲν
1657 2919 1764 2986 ἔξω
1803 2941 1896 2991 φι-

2012 2277 2338 2342 luculenter,
2391 2285 2448 2330 et
2493 2282 2718 2329 utuntur
2756 2272 3019 2327 memoria
3064 2271 3355 2325 multarum
3403 2271 3592 2338 capaci

2011 2369 2351 2438 opinionum,
2374 2376 2428 2421 et
2460 2365 2620 2420 facile
2652 2365 2832 2419 valent
2857 2363 3268 2434 inexplicabiles
3295 2371 3593 2418 contexere

2011 2463 2382 2533 syllogismos,
2453 2461 2734 2530 multaque
2792 2459 2845 2512 in
2878 2458 2944 2512 iis
2991 2457 3224 2512 facultas
3271 2466 3355 2512 est
3384 2458 3595 2512 divino-

2013 2571 2131 2610 rum
2169 2569 2459 2617 sensuum,
2501 2554 2646 2607 intus
2693 2567 2818 2606 vero
2860 2551 3036 2605 anima
3077 2559 3268 2619 egent,
3313 2558 3367 2602 et
3407 2550 3596 2618 inopes

2009 2656 2136 2701 sunt
2165 2660 2307 2700 vera:
2345 2644 2612 2699 scientiae.
2663 2642 2758 2696 Sin
2800 2643 3125 2710 quandoque
3163 2642 3336 2695 iratus
3367 2640 3592 2694 videba-

2012 2745 2126 2798 tur,
2165 2735 2305 2788 ratio
2343 2734 2682 2803 imperabat,
2723 2742 2778 2787 et
2813 2733 2893 2786 ira
2936 2732 3186 2799 parebat.
3227 2729 3413 2799 Neque
3445 2731 3591 2784 enim

2007 2836 2219 2897 poterat
2252 2840 2654 2891 mansuescere,
2701 2840 2877 2895 neque
2918 2825 3251 2879 iracundiam
3317 2825 3370 2878 in
3419 2823 3594 2877 homi-

2007 2934 2138 2973 num
2177 2918 2328 2973 vitiis
2368 2917 2835 2987 reprehendendis
2871 2931 3092 2971 exuere.
3139 2916 3592 2986 Fromptissimus

309 3005 602 3074 λοσοφοῦσι
659 3006 928 3076 λαμπρῶς
963 3006 1021 3059 ἐν
1079 3024 1142 3060 τε
1198 3010 1388 3082 μνήμῃ
1443 3010 1638 3084 βαθείᾳ
1685 3014 1898 3070 πολλῶν

2013 3019 2130 3065 erat
2158 3011 2294 3066 hene
2319 3010 2386 3064 de
2415 3009 2536 3063 aliis
2563 3009 2842 3072 merendo,
2865 3023 3052 3061 verum
3089 3009 3266 3062 adhuc
3296 3008 3598 3075 promptior

309 3097 662 3168 δοξασμάτων
687 3099 782 3152 καὶ
816 3101 873 3152 ἐν
943 3102 1297 3172 ἀγχιστρόφῳ
1336 3104 1604 3176 δεινότητι
1665 3110 1907 3180 συλλογι-

2013 3103 2066 3157 ἰιι
2097 3101 2318 3173 ﬂagitiis
2368 3099 2658 3170 carpendis
2706 3116 2721 3153 :
2770 3100 3001 3168 ideoque
3048 3100 3339 3154 multorum
3383 3102 3594 3155 animos

311 3189 468 3259 σμῶν
491 3190 814 3261 ἀπεράντων
869 3192 962 3245 καὶ
1021 3194 1080 3245 ἐν
1133 3193 1361 3263 δυνάμει
1409 3200 1576 3268 συχνῇ
1623 3197 1907 3270 δαιμονίας

2013 3212 2156 3266 saepe
2192 3195 2456 3259 oﬂ‘endit,
2488 3209 2677 3250 eorum
2717 3195 2924 3250 scelera
2971 3195 3180 3248 blandis
3222 3196 3400 3249 verbis
3443 3205 3596 3249 este-

309 3282 639 3353 αίσθήσεως,
673 3281 804 3336 είσω
853 3282 910 3336 δὲ
964 3283 1034 3335 τά
1087 3285 1188 3354 τῆς
1236 3285 1415 3357 ψυχῆς
1471 3289 1739 3359 ἀποροῦσι
1805 3293 1903 3346 καὶ

2013 3301 2181 3344 nuare
2219 3301 2325 3342 non
2358 3286 2659 3351 sustinens,
2694 3299 2798 3340 nec
2825 3284 2946 3339 loco
2978 3299 3120 3339 verae
3155 3285 3410 3340 amicitia}
3441 3285 3596 3339 valde

307 3375 630 3444 πενομένοις
653 3373 883 3441 ἀληθοῦς
910 3375 1242 3446 ἐπιστήμης.
1276 3378 1338 3430 El
1382 3379 1439 3431 δέ
1466 3396 1572 3434 που
1613 3379 1776 3453 [1052
1806 3384 1900 3456 IL]

2013 3376 2382 3434 detestandam
2410 3374 2776 3429 adulationem
2797 3373 3088 3428 adhibens.
3121 3373 3366 3442 Sic"erga
3404 3389 3594 3429 omnes

309 3467 654 3538 θυμούμενος
706 3468 916 3537 ἑωρᾶτο
955 3467 1048 3520 καὶ
1095 3468 1441 3536 ἀγανακτῶν,
1491 3471 1628 3525 ἀλλά
1687 3474 1780 3526 τοῦ
1816 3475 1902 3528 λο-

2013 3468 2235 3525 aﬁ‘eclus
2260 3476 2400 3532 erat,
2434 3475 2494 3520 ut
2533 3479 2708 3536 neque
2751 3466 3132 3519 contentiones
3175 3465 3340 3536 336
3371 3465 3400 3518 ὸ
3443 3480 3598 3519 ama-

305 3557 514 3629 γισμοῦ
551 3558 856 3629 ἡγουμένου
890 3558 986 3612 καὶ
1013 3559 1042 3612 6
1090 3558 1260 3630 θυμὸς
1311 3559 1376 3630 δὴ
1424 3562 1657 3615 κατόπιν
1692 3558 1898 3620 εἵπετο.

2013 3572 2112 3629 ret,
2138 3576 2312 3630 neque
2337 3557 2651 3614 inimicitias
2677 3566 2871 3629 sponte
2899 3558 3223 3626 susciperet,
3254 3574 3374 3628 quae
3403 3559 3585 3612 omnia

306 3651 447 3704 Οὐδὲ
477 3651 586 3722 γὰρ
607 3645 719 3714 οἷός
743 3667 804 3704 τε
850 3647 918 3722 ἦν
963 3650 1212 3720 γίνεσθαι
1239 3653 1416 3724 πρᾶος
1445 3654 1566 3707 οὐδὲ
1599 3655 1807 3725 ἄθυμος
1836 3663 1894 3711 ἐν

2013 3656 2119 3726 rjus
2145 3655 2318 3709 forma
2353 3652 2514 3722 digna
2545 3661 2725 3706 erant.

304 3745 386 3816 τῷ
416 3747 624 3819 ἐλέγχῳ
647 3747 755 3799 τῶν
775 3746 1130 3818 ἀνθρωπίνων
1174 3749 1626 3818 πονηρευμάτων.
1661 3751 1756 3804 ’Ὧν
1779 3752 1884 3824 γὰρ
1924 3753 2278 3824 ἑτοιμότατος
2303 3749 2384 3811 είς
2432 3746 2759 3818 εὐεργεσίαν
2788 3747 2857 3812 ⁸³⁷,
2889 3746 2971 3800 ἔτι
3025 3747 3122 3800 καὶ
3189 3744 3379 3799 τούτου
3461 3763 3596 3816 προ-

303 3839 618 3910 χειρότερος
648 3834 716 3910 ἦν
744 3840 823 3901 είς
848 3838 1165 3909 ἐπιτίμησιν
1231 3838 1332 3910 τῆς
1395 3840 1684 3910 πονηρίας.
1731 3844 1823 3896 Διὸ
1871 3845 1966 3900 καὶ
2007 3843 2158 3914 θαμά
2240 3841 2305 3912 δή
2360 3839 2581 3904 πολλοῖς
2657 3839 3050 3911 προσέκρουεν,
3104 3838 3206 3892 οὐκ
3271 3839 3595 3911 ἀνεχόμενος

196 3981 200 3984 .
304 3932 488 3987 αὐτῶν
530 3933 628 4004 τὴν
685 3933 886 3986 κακίαν
946 3933 1460 4005 ὑπονορίζεσταιη,
1516 3937 1639 3990 οὐδὲ
1689 3938 1928 4009 μελετῶν
1967 3941 2089 3995 ἀντὶ
2153 3942 2253 4011 τῆς
2309 3937 2572 4008 ἀληθινῆς
2627 3936 2810 4006 φιλίας
2868 3935 2968 4007 τὴν
3026 3935 3364 4008 πολυάρατον
3437 3938 3598 3990 κολα-

303 4029 464 4084 κείαν
495 4028 563 4082 ⁷9.
594 4026 730 4080 Οὔτε
761 4028 1046 4096 φιλαιτίως
1089 4028 1213 4082 οὕτε
1262 4029 1598 4102 ἐθελέχθρως
1639 4035 1776 4106 πρὸς
1805 4036 1994 4092 οὐδένα
2024 4035 2150 4109 [568
2169 4034 2262 4106 IL]
2291 4035 2546 4087 διέκειτο.

377 4122 620 4178 Τοιαῦτα
633 4122 678 4154 ⁸⁰
701 4124 729 4175 6
746 4123 1012 4194 ἡμέτερος
1036 4123 1324 4177 ἐπεπόνθει
1346 4125 1634 4196 φιλόσοφος
1664 4128 1758 4183 ὑπ’
1777 4130 1907 4196 ἔρω-

2081 4131 2204 4186 llrec
2241 4141 2428 4186 noster
2469 4129 2819 4199 philosophus
2870 4127 2940 4182 ob
2983 4127 3160 4183 zelum
3204 4131 3269 4184 ad
3310 4131 3591 4189 hominum

301 4234 396 4283 τος
423 4216 524 4288 μὲν
553 4216 653 4286 τῆς
678 4215 864 4287 napi.“
895 4220 963 4268 τὰ
990 4215 1307 4287 ἀνθρώπινα
1330 4218 1636 4288 πράγματα
1675 4221 1907 4293 διορθώ-

2013 4238 2189 4277 mores
2243 4223 2617 4292 corrigendos,
2672 4229 2728 4274 et
2783 4221 2852 4275 ob
2907 4220 3222 4275 inimicitias
3277 4223 3590 4292 odiumque.

305 4326 466 4376 σεως,
502 4308 704 4378 ἔχθρας
742 4307 798 4360 δὲ
827 4307 918 4361 καὶ
949 4308 1140 4377 μίσους
1167 4308 1538 4364 ἀδιαλλάκτου
1557 4311 1667 4366 τῶν
1702 4315 1907 4384 κακοή-

2013 4316 2204 4384 quibus
2245 4314 2446 4381 flagitia
2483 4313 2766 4368 hominum
2797 4313 3248 4381 prosequebatur.
3285 4311 3467 4368 Solers
3495 4315 3594 4368 fuit

303 4405 414 4458 θων
437 4401 904 4474 ἐπιτηδευμάτων.
945 4401 1294 4472 Ἀγχίνουςδὲ
1313 4402 1388 4455 ὢν
1403 4403 1450 4434 θ’
1462 4405 1556 4456 καὶ
1574 4405 1907 4477 ἐπιστρεφὴς

2013 4416 2061 4460 et
2101 4407 2423 4472 industrius,
2465 4411 2520 4459 et
2565 4403 2780 4458 facilem
2830 4418 2888 4457 se
2931 4417 3251 4470 comemque
3297 4395 3589 4472 praebebat.

301 4497 455 4565 ὅμως
481 4513 535 4548 τι
580 4495 677 4548 καὶ
737 4493 1130 4564 εὐπαράγωγον
1189 4494 1555 4550 ἐπεδείκνυτο.
1617 4494 1739 4547 Τῶν
1796 4497 1895 4566 μὲν

2013 4499 2184 4553 Facile
2233 4497 2376 4552 enim
2420 4495 2866 4549 adnumeraverit
2913 4495 3036 4563 quis
3095 4508 3220 4548 eum
3271 4497 3587 4562 mansuetis,

303 4591 414 4658 γὰρ
455 4587 714 4640 ἐπιεικῶν
764 4581 903 4640 εἶναι
958 4585 1445 4657 προσ-ποιουμένων
1467 4586 1518 4618 ⁸³
1577 4585 1778 4658 ῥᾳδίως
1831 4587 1897 4642 ἄν

2013 4589 2156 4654 quasi
2191 4602 2295 4640 non
2330 4595 2588 4641 accurate
2620 4587 2736 4641 hmc
2767 4585 3144 4653 investigaret,
3189 4587 3329 4652 quod
3374 4601 3483 4655 pra:
3517 4589 3590 4639 le-

301 4699 386 4742 τις
425 4679 588 4732 αὐτὸν
624 4678 972 4749 παρήγαγεν,
1056 4677 1151 4730 ἅτε
1233 4677 1335 4730 οὐκ
1409 4677 1741 4746 ἐπιφέροντα
1803 4678 1896 4731 ἐπὶ

2013 4679 2175 4734 nitate
2209 4681 2390 4734 minus
2417 4687 2563 4734 esset
2603 4679 2881 4746 suspicax,
2912 4678 2956 4732 si
2998 4678 3127 4748 quid
3180 4686 3361 4732 tamen
3396 4694 3588 4746 suspe-

301 4772 461 4825 τούτο
489 4771 537 4804 ³⁸
566 4771 730 4843 ἀριδῆ
758 4771 1008 4834 ἐξέτασιν
1057 4769 1144 4822 διὰ
1183 4767 1245 4822 τὸ
1298 4767 1401 4838 τῆς
1452 4767 1754 4832 ἐπιεικείας
1799 4770 1898 4823 ἀν-

2013 4770 2187 4824 ctione
2225 4768 2404 4823 futura
2456 4779 2832 4824 antevertente
2871 4769 3092 4839 dignum
3125 4769 3333 4834 fuisset,
3374 4771 3418 4825 si
3460 4769 3589 4838 quid

303 4863 566 4916 ύποπτοψ
635 4865 664 4916 6
702 4863 759 4916 δὲ
781 4863 880 4930 τῆς
906 4857 1398 4931 προλαμϐανούσης
1421 4860 1656 4930 ὑποψίας
1687 4861 1836 4927 ἄξιος
1853 4861 1902 4902 ⁸³

2013 4862 2114 4915 doli
2146 4872 2239 4915 aut
2266 4862 2584 4916 insidiarum
2615 4871 2781 4928 esset,
2810 4861 3032 4913 minime
3057 4876 3177 4914 eum
3210 4861 3418 4915 fefellit.
3449 4860 3586 4916 Cum

299 4955 402 5005 οὐκ
433 4953 500 5007 ἀν
543 4953 706 5006 αὑτὸν
738 4952 923 5006 ἐλαθεν
970 4950 1276 5022 ἐνεδρεύων
1300 4952 1420 5006 οὐδὲ
1455 4951 1669 5004 πλέκων
1696 4951 1901 5015 δόλους.

2013 4959 2117 5005 tres
2140 4951 2249 5006 sint
2271 4959 2456 5021 partes
2491 4950 2576 5004 vel
2600 4951 2810 5019 species
2841 4951 3056 5016 animae,
3093 4951 3172 5004 vel
3205 4961 3263 5004 ut
3291 4951 3376 5006 cui
3413 4952 3589 5022 placet

303 5042 488 5113 Ἰριῶν
541 5045 597 5099 δέ
653 5045 821 5098 ὄντων
884 5042 1069 5114 μερῶν
1149 5042 1183 5112 ἢ
1249 5041 1408 5097 εἰδῶν
1473 5041 1573 5113 τῆς
1602 5041 1650 5074 ⁸⁸
1680 5041 1899 5112 ψυχῆς,

2013 5042 2304 5112 appellare,
2338 5043 2603 5111 triplicem
2633 5040 2749 5096 ﬁeri
2784 5042 3050 5096 rationem
3079 5042 3203 5097 vitae
3231 5043 3389 5110 dixit,
3423 5060 3585 5114 quam

284 5147 290 5173 ἶ
1654 5137 1897 5194 VARUE
1933 5138 2349 5198 LECTIONES.

374 5234 732 5306 ’δέκατέρων
757 5232 822 5306 A_,
850 5230 1118 5303 ἑκατέραν
1281 5229 1328 5262 ⁷⁸
1355 5227 1503 5306 ᾔτει]
1520 5230 1643 5306 ξήτοι
1815 5230 1861 5264 ⁷⁸
1892 5229 2010 5306 πῶς
2038 5231 2078 5284 Δ
2103 5247 2117 5306 :_
2152 5232 2254 5286 ποῦ
2280 5250 2340 5306 ς.
2417 5231 2462 5306 ’ἶ
2486 5227 2810 5306 εὐεργεσίαν
2838 5228 2918 5306 ΔΞ
2949 5230 3214 5306 ἐργασίαν
3251 5250 3331 5306 ς..
3374 5232 3432 5306 ,τε
3454 5231 3586 5286 ὐπο-

376 5251 424 5269 "
451 5251 612 5288 σκατε
651 5251 727 5288 ων
757 5251 820 5294 A,
850 5251 1118 5303 εκατεριν
1147 5251 1209 5284 ι).
1286 5251 1328 5262 ’⁸
1355 5251 1498 5302 ῃτειμι
1525 5251 1643 5354 Ἤτοι
1677 5251 1737 5282 D.
1818 5251 1861 5264 ’ν
1892 5251 2010 5293 πως
2038 5251 2078 5284 rt
2103 5251 2115 5282 :
2152 5251 2254 5286 που
2280 5251 2340 5296 ς’.
2423 5251 2457 5264 ⁸·
2486 5251 2810 5302 ευεργεσιαν
2838 5251 2912 5283 ra:
2949 5251 3214 5306 ἐργασιαν
3251 5251 3310 5297 ς.
3392 5251 3432 5264 ’³
3454 5251 3583 5286 οπο·

301 5251 650 5387 κορὲζεσθαιῖ
676 5304 747 5359 cf.
767 5303 956 5387 .Toup.
977 5303 1264 5387 emendat.
1297 5315 1359 5355 ll.
1389 5317 1441 5387 ρ.
1473 5303 1574 5387 51ξΓ
1589 5341 1598 5356 ε
1664 5304 1710 5381 'f
1739 5309 1861 5369 post
1894 5299 2185 5387 κολακείαν
2214 5303 2374 5387 vulgo
2397 5301 2600 5387 addunt
2631 5303 2744 5355 haec
2769 5300 2918 5387 δοκεῖ
2953 5300 3244 5387 μοιὶταῦτα
3265 5299 3583 5387 ἀξιόμομφα

303 5367 657 5438 καθεστάναί,
687 5376 779 5454 sed
813 5367 924 5441 mg.
965 5373 1006 5427 A
1030 5389 1043 5422 :
1059 5373 1126 5454 ἐν
1150 5371 1228 5442 τῷ
1271 5367 1518 5454 μετώπῳ.
1546 5367 1613 5440 ἦν
1641 5367 1749 5439 τῆς
1767 5370 2123 5440 πρωτοτύπου
2153 5367 2380 5442 βιελιᾱυ-
2414 5373 2444 5426 6
2491 5371 2547 5426 δὲ
2581 5371 2937 5458 μεταγράψας
2954 5367 3069 5453 ςκαὶ
3121 5369 3278 5424 τοῦτο
3322 5367 3477 5435 ἐντὸς
3497 5367 3586 5426 τέ-

303 5448 476 5502 θιικε.
554 5446 599 5478 ⁸⁸
623 5462 851 5499 τοιαυτα
878 5443 924 5498 Δ
947 5461 961 5498 :
985 5459 1158 5496 ταυτα
1190 5460 1251 5506 ς.
1328 5442 1374 5474 ⁸³
1402 5457 1530 5512 περι
1564 5443 1606 5494 Λ
1634 5459 1646 5495 :
1683 5442 1819 5511 πρὸς
1853 5459 1912 5504 ς.
1990 5441 2034 5472 θ’
2063 5445 2186 5512 ἀγχ.
2215 5443 2270 5498 δὲ
2306 5442 2410 5515 ῶν]
2444 5443 2472 5496 6
2506 5441 2563 5496 δὲ
2588 5445 2714 5513 ἀγχ.
2747 5459 2822 5494 ων
2875 5441 3073 5497 Surdas
3103 5457 3153 5495 ν.
3193 5441 3579 5510 Ἐπιστρεφής,

303 5519 397 5569 συί
445 5531 567 5569 mox
618 5531 728 5569 om.
776 5515 890 5569 καί.
962 5513 1009 5546 ⁸³
1038 5513 1377 5569 ποιουμένων
1408 5513 1472 5566 Α.
1547 5511 1592 5542 ⁸⁸
1627 5511 1816 5564 τοῦτον
1845 5511 1912 5569 Α.
1944 5510 2149 5567 τούτων
2180 5515 2243 5569 Β.
2318 5516 2364 5547 ⁸⁸
2401 5517 2429 5567 6
2457 5543 2525 5554 —
2557 5513 2705 5569 ἄξιος
2733 5543 2802 5554 —
2831 5512 3125 5569 ἐνεδρεύων
3155 5543 3228 5554 -
3254 5509 3469 5566 πλέκων
3491 5513 3580 5567 A:

345 5519 397 5572 ui
445 5531 567 5570 mox
618 5531 728 5572 om.
776 5515 890 5569 καί.
962 5513 1009 5546 ⁸³
1038 5513 1377 5582 ποιουμένων
1408 5513 1472 5566 Α.
1547 5513 1592 5542 ⁸⁵
1627 5513 1816 5564 τοῦτον
1845 5513 1912 5574 A,
1944 5513 2149 5567 τούτων
2180 5515 2243 5569 Β.
2318 5516 2364 5547 ⁸⁸
2394 5513 2429 5567 6
2457 5543 2525 5554 —
2557 5513 2705 5580 ἄξιος
2733 5543 2802 5554 —
2831 5513 3125 5585 ἐνεδρεύων
3155 5543 3228 5554 -
3254 5513 3469 5566 πλέκων
3491 5513 3580 5567 A:

364 5616 433 5628 —
453 5586 611 5652 ἄξεον
643 5616 712 5633 -—-
741 5583 1019 5656 ἐνεδρεῦον
1045 5614 1114 5624 --
1137 5583 1338 5636 πλέκον
1372 5600 1434 5648 ς.
1511 5583 1555 5616 ⁸⁸
1579 5582 1677 5652 τῆς
1718 5580 1844 5637 add.
1877 5581 1947 5634 Α.
1976 5583 2051 5636 cf.
2085 5582 2284 5643 Suidas
2314 5602 2366 5642 v.
2396 5585 2582 5656 Ψυχή·

379 5747 493 5822 (99)
524 5748 601 5805 Ex
626 5747 1033 5806 Platonicorum
1066 5747 1358 5805 sententia.
1848 5671 2081 5735 NOTAE-
