1995 3116
180 76 248 107 1Ξ57

704 70 965 101 BIBLIOTHECA.
980 82 1015 87 --
1034 69 1115 100 COD.
1136 70 1273 100 CCXLII.

1738 73 1805 106 12.38

172 132 227 158 τῶν
241 129 331 157 καλῶν
346 130 393 156 καὶ
410 128 521 163 ἀγαθῶν
529 127 679 155 δεινότατον
688 128 814 162 ίχνευτήν
828 136 834 143 ·
845 125 934 158 ὀξεῖαν
950 126 960 141 ⁸

1015 132 1133 152 amorem
1148 125 1253 153 honesti
1269 129 1297 153 et
1311 126 1372 153 boni
1388 126 1584 161 peritissimum
1600 128 1802 163 indagatorem.

171 178 218 203 καὶ
235 175 362 210 ἀγχίνουν
381 174 489 208 φύσεως
503 174 624 208 δύναμιν.
646 173 693 199 ἐπὶ
717 172 802 198 πολλὰ
820 172 852 199 δι’
873 171 963 205 ὀλίγου

172 222 304 257 φέρεσθαι
317 220 478 256 δυναμένην,
494 219 671 254 ἑτοιμοτάτην
687 218 805 245 συνιέναι
834 218 881 243 καὶ
895 225 965 250 γνω-

172 268 258 303 ρίζειν
270 268 304 294 τὰ
324 267 383 301 ἴχνη
402 266 457 293 τῶν
477 265 655 300 θηραμάτων,
674 264 725 291 ὅσα
741 272 770 290 τε
783 264 794 280 ⁸
813 263 900 297 ἀληθῆ
917 263 964 289 καὶ

171 315 223 340 ὅσα
239 313 323 347 ψευδῆ
341 314 400 339 ἐστι
414 312 482 348 προς
496 313 546 347 τὴν
567 311 655 345 ἄγραν
668 319 676 326 ·
692 311 724 338 ἐκ
739 311 768 337 δὲ
787 309 820 337 αὖ
839 310 938 345 τρίτων
954 311 965 326 ⁸

171 358 330 393 φιλοπονίαν
349 357 480 391 ἄτρυτον,
498 357 549 383 οὐκ
569 356 657 384 ἐῶσαν
676 356 725 391 τὴν
747 356 834 391 ψυχὴν
850 356 964 391 ἠρεμεῖν

171 405 223 437 ἕως
242 405 275 431 ἂν
291 404 337 430 ἐπὶ
349 404 423 435 τέλος
438 403 502 439 ἔλοῃ
521 402 567 430 τοῦ
594 404 754 438 κυνηγεσίου
766 421 773 434 ,
797 402 811 428 ὃ
829 402 888 428 ἐστι
914 401 964 436 τῆς

170 450 302 486 ἀληθείας
315 451 332 485 ἠ
347 449 466 485 εὕρεσις.

210 498 272 523 Ὀτι
300 495 438 531 ἀγχίνοιαν
465 495 512 522 καὶ
534 493 651 529 ὀξύτητα
667 494 682 519 ὁ
710 493 853 528 Ἰσίδωρος,
870 493 962 528 φησὶν,

171 540 264 573 ἔλεγεν
279 540 309 566 οὐ
326 541 375 575 τὴν
389 539 531 574 εὐκίνητον
554 538 704 573 φαντασίαν
717 558 723 570 ,
742 538 802 564 οὐδὲ
822 537 871 572 τὴν
886 537 964 569 δοξα-

174 587 271 622 στικὴν
292 586 417 620 εὐφυΐαν,
435 585 494 611 οὐδὲ
515 585 598 620 μόνην
616 585 664 619 (ὡς
679 585 710 612 ἄν
721 593 763 615 τις
775 584 891 619 οἰηθείη)
904 583 963 610 διά-

171 641 247 659 νοιαν
259 631 385 666 εὔτροχον
401 632 449 658 καὶ
469 631 580 665 γόνιμον
601 630 731 664 ἀληθείας
742 638 749 645 ·
766 630 796 656 οὐ
812 630 865 665 γὰρ
893 628 962 657 εἶναι

170 680 273 711 ταύτας
287 679 388 710 αἰτίας,
410 678 478 705 ἀλλά
489 679 522 713 τῇ
546 677 619 713 αἰτίᾳ
633 677 769 703 δουλεύειν
791 678 830 708 είς
844 677 936 712 νόησιν
955 684 962 691 ·

170 726 221 759 τὴν
244 725 272 752 δὲ
291 723 359 751 εἶναι
381 724 456 751 θείαν
478 723 641 758 κατοκωχὴν
665 723 685 754 ⁷,
704 723 795 759 ἡρέμα
814 723 963 757 διανοῖγον-

172 781 223 798 σαν
248 772 295 798 καὶ
314 771 552 806 ἁποκαθαίρουσαν
575 770 586 785 ⁸
610 769 645 796 τὰ
669 769 718 804 τῆς
732 770 821 805 ψυχῆς
840 769 961 804 ἤμματα,

171 819 220 844 καὶ
243 818 281 853 τῷ
301 815 393 853 νοερῷ
414 817 483 851 φωτὶ
505 816 745 851 καταλάμπουσαν,
763 816 802 847 εἰς
826 815 891 842 θέαν
915 815 962 842 καὶ

171 863 303 898 γνὼρισιν
322 863 332 879 ⁸
353 862 401 889 τοῦ
413 861 529 896 ἀληθοῦς
542 861 588 887 καὶ
603 860 650 887 τοῦ
669 860 794 895 ψεύδους,
813 860 960 896 Εὐμοιρῖαν

171 909 277 943 ταύτην
301 908 403 939 ἐκεῖνος
429 907 565 942 ὠνόμαζε,
583 907 629 933 καὶ
644 906 681 938 ὡς
707 906 783 933 οὐδὲν
806 907 904 940 γένοιτ’
928 907 961 933 ἂν

172 954 267 988 ὖφελος
284 952 347 981 ἄνευ
362 953 515 989 εὐμοιρίας,
529 944 565 984 ῶς
583 952 643 979 οὐδὲ
656 952 804 987 ὀφθαλμῶν
829 953 962 986 ὑγιαινόν-

171 1009 227 1027 των
240 1000 339 1036 βφελος
358 1001 423 1027 ἄνευ
437 1000 485 1026 τοῦ
501 999 628 1033 οὐρανίου
644 999 741 1033 φωτὸς,
758 998 910 1026 διετείνετο.
926 999 962 1025 Τὺ

171 1046 322 1081 ὑψηλόνουν
338 1045 358 1060 '°
372 1045 419 1072 καὶ
434 1044 622 1080 τελεσιουργὸν
633 1041 717 1078 εἶχεν,
727 1044 757 1069 οὐ
771 1052 821 1079 περ
829 1043 875 1070 tta
886 1044 961 1070 κάτω

174 1092 367 1127 στρεφόμενον,
391 1091 449 1117 ἀλλ*
470 1090 551 1121 εὐθὺς
580 1090 757 1125 ὰναθρῶσκον
783 1090 836 1116 ἀπὸ
861 1091 961 1125 μικρᾶς

172 1138 299 1172 ἀφορμῆς
320 1138 366 1164 ἐπὶ
386 1137 420 1164 τὰ
436 1137 609 1172 πρεσϐύτατα
629 1135 683 1163 τῶν
697 1136 850 1171 θεαμάτων,
867 1137 961 1168 αὑταῖς

172 1192 204 1217 γε
223 1185 284 1215 ταῖς
306 1184 450 1214 Πλάτωνος
476 1184 626 1217 ἀκηράτοις
642 1183 756 1213 ἐννοίαις
775 1183 804 1209 οὐ
828 1182 898 1209 κατὰ
913 1183 961 1214 τὰς

174 1230 299 1265 συνήθεις
318 1229 372 1255 τῶν
392 1228 497 1256 πολλῶν
512 1229 664 1263 φιλοσόφων
682 1228 809 1259 amona;
824 1228 960 1263 ἐνεφύετο,

174 1277 244 1310 μετὰ
258 1276 286 1302 δέ
304 1284 336 1309 γε
351 1275 481 1301 Πλάτωνα
500 1274 547 1301 καὶ
563 1275 622 1305 ταῖς
648 1273 818 1308 θαυμασταῖς
846 1274 962 1309 Ίαμελί-

173 1330 221 1356 you
239 1320 399 1356 περινοίαις.
418 1320 478 1349 Ὀτι
492 1320 541 1346 οὐκ
557 1319 663 1353 ὀλίγους
675 1320 729 1345 τῶν
744 1320 962 1354 φιλοσοφούντων

172 1367 281 1401 ὁρῶμεν
305 1366 352 1392 καὶ
376 1365 529 1400 ἀκούομεν,
544 1366 607 1396 τοὺς
625 1366 673 1401 μὲν
697 1364 796 1392 ἄϐατον
820 1363 889 1392 εἶναι
916 1366 961 1392 τὸν

179 1411 331 1446 Ἰάμϐλιχον
352 1411 500 1445 οἰομένους,
520 1411 582 1442 τοὺς
597 1410 625 1437 δὲ
647 1410 757 1438 αὐθάδει
775 1410 962 1446 μεγαληγορίᾳ

153 1458 259 1491 ,λόγων
278 1458 309 1484 τὺ
322 1457 402 1484 πλέον
419 1457 436 1493 ἢ
453 1458 566 1492 ἀληθείᾳ
584 1458 755 1493 πραγμάτων
770 1458 960 1492 ἐπαιρόμενον.
975 1471 996 1499 c

176 1503 340 1539 Ῥητορικῆς
370 1503 418 1529 καὶ
447 1503 590 1538 ποιητικῆς
624 1503 794 1537 πολυμαθίας
822 1504 842 1518 “
876 1502 962 1538 μικρὰ

171 1550 270 1585 ἥψατο,
295 1550 334 1581 είς
359 1549 389 1575 δὲ
410 1549 460 1584 τὴν
484 1549 624 1584 θειοτέραν
641 1549 800 1583 φιλοσοφίαν
818 1548 962 1583 ἐξώρμησε

172 1595 222 1630 τὴν
236 1595 446 1631 Ἀριστοτέλους.
469 1594 556 1629 Ὁρῶν
581 1594 608 1621 δὲ
631 1593 734 1630 ταύτην
759 1594 798 1629 τῷ
821 1594 963 1629 ἀναγκαίῳ

174 1641 273 1675 μᾶλλον
294 1640 310 1675 ἢ
334 1639 372 1675 τῷ
392 1639 486 1674 οἰκείῳ
504 1639 542 1674 νῷ
561 1639 754 1672 πιστεύουσαν,
772 1640 820 1666 καί
834 1640 962 1675 τεχνικὴν

175 1687 223 1721 μὲν
240 1686 338 1717 ἱκανῶς
353 1683 422 1712 εἶναι
440 1685 655 1718 σπουδάζουσαν,
672 1686 701 1711 τὸ
714 1685 743 1711 δὲ
762 1685 853 1712 ἔνθεον
873 1686 888 1720 ἢ
905 1694 964 1712 νοε-

173 1732 220 1767 ρὶλν
237 1732 267 1758 οὐ
286 1732 355 1758 πάνυ
382 1730 614 1766 προϐαλλομένην,
638 1730 728 1764 ὀλίγον
751 1730 798 1756 καὶ
822 1730 923 1765 ταύτης
949 1731 963 1756 ὁ

179 1778 314 1811 Ἰσίδωρος
331 1777 479 1810 ἐποιήσατο
505 1775 595 1810 λόγον.
619 1776 663 1807 Ὦς
688 1776 716 1802 δὲ
741 1775 795 1802 τῶν
819 1776 962 1806 Πλάτωνος

172 1822 306 1857 ἐγεύσατο
313 1822 468 1857 νοημάτων,
477 1822 569 1848 οὐκέτι
581 1821 743 1848 παπταίνειν
753 1821 828 1854 ἠξίου
840 1822 962 1857 πόρσιον,

170 1869 209 1900 ὡς
225 1869 277 1902 ἔφη
293 1868 434 1903 Πίνδαρος,
451 1868 518 1894 ἀλλά
535 1867 610 1899 τέλος
631 1867 703 1902 ἔχειν
724 1867 847 1902 ἧλπιζεν,
868 1867 893 1892 εἰ
912 1866 962 1900 τῆς

174 1915 316 1945 Πλάτωνος
332 1914 451 1946 διανοίας
473 1914 540 1940 είσω
554 1913 609 1940 τῶν
629 1913 732 1940 ἀδύτων
752 1912 879 1948 δυνηθείη
906 1912 964 1939 δια-

173 1961 274 1992 ϐαλεῖν,
289 1962 334 1986 καὶ
348 1960 416 1996 πρδς
432 1960 511 1986 τοῦτο
523 1961 544 1976 ¹²
557 1961 571 1987 ὁ
588 1960 641 1991 πᾶς
656 1959 731 1995 αὐτῷ
741 1959 841 1994 δρόμος
852 1959 963 1985 ὲτέτατο

172 2007 221 2039 τῆς
239 2005 367 2040 σπουδῆς.
393 2006 455 2031 ὀτι
482 2005 536 2031 τῶν
566 2005 614 2040 μὲν
639 2004 792 2031 παλαίτατα
816 2004 962 2039 φιλοσοφη-

173 2053 279 2078 σάντων
298 2051 457 2086 Πυθαγόραν
474 2051 520 2077 καὶ
542 2051 672 2078 Πλάτωνα
698 2051 811 2083 θειάζει,
835 2051 883 2077 καὶ
907 2051 961 2077 τῶν

172 2097 373 2131 ὶπτερωμένων
393 2097 415 2112 ⁸³
445 2096 558 2123 ἐκείνων
579 2096 673 2130 ψυχῶν
701 2094 782 2127 εἶναι,
804 2097 831 2123 αἶ
858 2098 896 2129 εἰς
914 2097 960 2123 τὸν

1016 176 1124 198 aculam
1139 171 1323 206 solertemque
1343 173 1442 208 ingenii
1460 173 1627 208 facultatem,
1654 183 1714 210 qute
1730 176 1804 203 brevi

1016 215 1049 243 ad
1068 216 1150 243 multa
1167 216 1230 243 ferri
1259 219 1354 251 possit,
1383 219 1615 253 promptissimam
1643 221 1677 246 ad
1704 220 1806 248 intelli-

1016 262 1132 296 gendum
1157 267 1184 289 et
1209 265 1423 296 cognoscendum
1449 265 1560 299 vestigia
1576 273 1666 293 rerum
1681 274 1806 301 quaeren-

1016 308 1119 339 darnm,
1133 315 1194 342 quae
1211 315 1285 340 vera,
1301 309 1437 344 quaaiaisa
1461 311 1494 338 ad
1508 311 1712 345 adipiscendum
1730 313 1803 340 sint:

1016 361 1031 380 e
1046 353 1134 381 tribus
1149 354 1191 381 his
1210 354 1313 381 laboris
1337 363 1415 383 amor
1443 356 1595 385 indefessus
1621 358 1720 390 oritur,
1750 366 1804 385 non

1016 400 1177 433 permittens
1196 400 1317 427 animum
1348 402 1504 436 quiescere,
1525 404 1611 431 donec
1633 404 1666 430 ad
1693 404 1805 431 investi-

1016 446 1096 479 gandi
1116 446 1197 473 ﬁnem
1211 448 1326 479 venerit,
1346 448 1391 481 qui
1406 453 1448 475 est
1468 448 1591 476 veritatis
1613 449 1735 477 inventio
1750 450 1802 486 (5).

1053 489 1198 518 Solertiam
1210 492 1420 519 etacrimoniant
1433 493 1551 520 Isidorus
1559 493 1627 520 dixit
1637 501 1697 521 esse
1711 495 1804 529 imagi-

1015 536 1150 564 nationem
1170 545 1222 564 non
1235 537 1315 565 facile
1325 539 1462 572 mobilem,
1474 547 1560 574 neque
1574 540 1710 575 ingenium
1725 538 1805 569 facile

1015 582 1156 616 opiniones
1169 583 1392 616 comminiscens,
1420 592 1509 619 neque
1537 585 1635 620 solani,
1663 593 1691 614 ut
1707 587 1811 622 aliquis

1017 628 1130 662 putarit,
1164 629 1374 664 intelligentiam
1401 631 1561 665 volubilem,
1595 637 1623 659 et
1649 633 1805 668 gignentem

1015 675 1170 702 veritatem.
1186 675 1282 710 Neque
1297 676 1368 703 enim
1384 676 1432 704 has
1455 685 1514 704 esse
1530 686 1637 712 causas,
1655 681 1702 707 sed
1714 681 1747 707 ad
1762 681 1804 708 in-

1017 721 1189 756 lelligcndum
1213 730 1301 749 causa:
1316 723 1419 750 servire
1439 733 1445 750 ι
1464 724 1584 752 divinum
1600 733 1663 754 vero
1676 734 1735 754 esse
1763 728 1805 754 itt-

1016 769 1155 800 stinctum,
1172 768 1266 795 sedate
1279 769 1445 803 aperientem
1462 775 1489 797 et
1502 775 1691 805 rcpurgantem
1706 772 1802 799 anima:

1014 814 1118 847 oeulos,
1148 819 1176 840 et
1208 814 1371 849 intelligibili
1403 815 1506 842 lumine
1539 816 1734 850 illustrantem,
1771 819 1804 845 ad

1014 867 1105 887 verum
1128 858 1277 894 falsumque
1297 865 1325 887 et
1352 860 1496 888 videndutn
1520 866 1547 888 et
1577 864 1804 898 cognoscendum.

1013 907 1113 934 Bonam
1135 906 1357 934 constitutionem
1384 907 1441 942 ipse
1462 907 1623 942 appellavit,
1648 909 1806 944 nullumque

1012 952 1072 979 sine
1092 958 1123 978 ea
1143 959 1203 979 esse
1225 952 1449 985 emolumentum,
1480 960 1566 984 neque
1592 954 1731 981 oculorum
1761 963 1806 982 sa-

1013 1005 1109 1025 norum
1123 998 1296 1025 comtnodum
1327 998 1386 1026 sine
1414 999 1518 1026 caelesti
1547 999 1650 1026 lumine
1679 1001 1806 1028 asseruit.

1014 1044 1198 1078 Speculationi
1208 1049 1299 1079 aptum
1311 1045 1432 1072 animum
1449 1045 1565 1072 habebat
1581 1045 1660 1073 simul
1677 1051 1704 1073 et
1724 1048 1806 1074 rebus

1014 1090 1139 1124 gerendis
1158 1110 1166 1122 ,
1183 1097 1235 1118 nou
1249 1090 1348 1126 337b
1363 1091 1395 1118 ad
1416 1091 1472 1118 haec
1489 1091 1617 1119 inferiora
1636 1093 1803 1124 inclinatum.

1012 1136 1061 1163 sed
1078 1136 1170 1163 statim
1186 1144 1216 1164 se
1240 1137 1392 1164 elevantem
1410 1137 1492 1164 etiam
1507 1145 1589 1171 parva
1611 1139 1755 1166 occasione
1772 1140 1805 1166 ad

1013 1182 1251 1217 praestantissimas
1260 1182 1318 1210 illas
1327 1183 1577 1217 contemplationes.
1587 1184 1706 1218 lpsisque
1717 1184 1801 1212 Plato-

1014 1230 1056 1255 nis
1066 1228 1192 1263 perfectis
1202 1229 1357 1257 notionibus
1367 1237 1419 1256 non
1431 1231 1578 1257 secundum
1589 1236 1729 1258 consuetos
1740 1232 1805 1258 nlio-
1840 1248 1845 1253 ν

1013 1282 1073 1301 rum
1086 1274 1309 1309 philosophorum
1322 1280 1435 1302 conatus
1457 1275 1573 1302 inhausit.
1588 1276 1648 1302 Post
1663 1275 1802 1303 Platonem

1014 1327 1079 1346 vero
1095 1320 1177 1347 etiam
1196 1320 1342 1347 Jamblichi
1356 1320 1526 1347 mirabilibus
1539 1322 1709 1348 commentis.
1728 1322 1805 1349 Vide-

1016 1373 1077 1392 mus
1095 1366 1197 1393 ntultos
1210 1366 1432 1401 philosophorum
1444 1367 1612 1400 etaudimus,
1626 1368 1674 1395 hos
1695 1368 1804 1402 quidem

1014 1417 1140 1447 putantes
1156 1411 1339 1439 Jamblichum
1355 1413 1492 1440 intellectu
1503 1413 1636 1441 difﬁcilem
1652 1422 1724 1446 esse,
1746 1415 1805 1441 illos

1016 1466 1079 1484 vero
1096 1459 1168 1485 hunc
1177 1458 1293 1492 superba
1305 1459 1540 1493 grandiloquentia
1558 1460 1699 1487 verborum
1719 1462 1805 1495 magis

1014 1511 1095 1538 quam
1121 1511 1213 1531 rertttn
1247 1504 1365 1531 veritate
1392 1511 1422 1531 se
1450 1503 1615 1532 efferentem.
1646 1504 1804 1532 llltetorlcas

1015 1549 1187 1584 poeticasque
1201 1554 1274 1577 artes
1291 1557 1387 1584 parum
1401 1550 1502 1585 attigit,
1519 1551 1566 1577 sed
1589 1551 1622 1577 ad
1642 1552 1803 1578 sanctiorem

1013 1596 1171 1623 Aristotelis
1193 1596 1392 1630 philosophiam
1421 1603 1451 1623 se
1480 1597 1626 1629 convertit,
1658 1597 1806 1631 vidensque

1015 1641 1088 1668 illam
1119 1642 1287 1669 necessariis
1321 1641 1578 1669 ratiocinationibus
1613 1643 1698 1677 magis
1723 1651 1804 1677 quam

1015 1687 1123 1721 proprio
1139 1688 1230 1715 sensui
1255 1688 1386 1720 credere,
1417 1692 1444 1714 et
1463 1693 1491 1714 ut
1506 1689 1549 1714 via
1577 1697 1607 1715 ac
1625 1689 1729 1715 t'tttiune
1745 1698 1806 1723 pru-

1014 1733 1103 1764 cedat,
1120 1732 1219 1759 divinis
1231 1738 1322 1760 autem
1339 1733 1582 1767 imaginationibus
1596 1741 1648 1760 non
1673 1734 1739 1761 adeo
1755 1735 1804 1766 uti,

1014 1784 1108 1811 parum
1124 1778 1205 1804 etiam
1221 1778 1254 1804 de
1270 1778 1321 1804 hac
1335 1777 1467 1804 sollicitus
1479 1777 1530 1804 fuit
1544 1786 1552 1804 :
1575 1777 1620 1804 ubi
1635 1782 1724 1805 autent
1743 1778 1805 1805 Pla-

1014 1823 1083 1850 tonis
1098 1823 1249 1850 sententias
1269 1823 1403 1857 gustavit,
1420 1830 1472 1849 non
1492 1823 1549 1857 jam
1565 1823 1697 1858 aspicere,
1725 1828 1754 1850 ut
1767 1825 1806 1850 ait

1015 1867 1147 1894 Pindarus
1162 1867 1213 1902 (4),
1233 1867 1363 1901 dignatus
1375 1872 1416 1894 est
1429 1868 1552 1895 ulteritts.
1568 1867 1621 1895 Sed
1648 1868 1727 1895 linem
1742 1876 1808 1896 cun-

1014 1917 1173 1941 sccuturum
1198 1913 1339 1947 speravit,
1360 1913 1382 1940 si
1408 1913 1435 1940 in
1464 1913 1585 1941 Platonis
1611 1915 1806 1942 sententiarum

1014 1961 1093 1994 adyta
1118 1963 1264 1993 penetrare
1278 1958 1422 1993 potuisset,
1440 1963 1466 1985 et
1488 1966 1521 1986 eo
1539 1967 1618 1986 omne
1641 1967 1721 1987 suum
1748 1965 1802 1987 stu-

1013 2007 1109 2037 dium,
1134 2006 1318 2041 impetumque
1334 2007 1478 2033 convertit.
1494 2007 1706 2041 Antiquissimos
1719 2007 1807 2042 philo-

1013 2052 1112 2087 sophos
1128 2050 1309 2086 Pythagoram
1327 2056 1354 2079 et
1372 2051 1510 2079 Platonem
1533 2057 1562 2079 ut
1576 2052 1642 2080 deos
1662 2053 1762 2084 coluit,
1779 2058 1807 2081 et

1013 2105 1107 2125 eorum
1136 2097 1241 2123 animas
1266 2096 1363 2129 alatus,
1393 2104 1460 2131 quas
1487 2097 1514 2123 in
1544 2097 1633 2124 loeutn
1666 2105 1804 2131 superetn-

171 2143 368 2178 ὺπερουράνιον
381 2144 473 2174 τόπον,
492 2143 533 2174 είς
554 2143 583 2168 τὺ
606 2142 696 2168 πεδίον
710 2142 759 2176 τῆς
773 2142 909 2178 ἀληθείας,
925 2143 962 2174 είς

1019 2143 1125 2174 lcstem,
1136 2142 1219 2177 inque
1229 2149 1353 2176 catnpttm
1366 2142 1497 2173 veritatis,
1513 2146 1541 2169 et
1570 2147 1674 2176 pratum
1688 2143 1806 2170 elevatas

170 2190 216 2216 τὸν
230 2189 351 2224 λειμῶνα
367 2189 420 2215 τῶν
439 2188 519 2215 θείων
539 2189 666 2223 νέμονται
682 2188 770 2220 εἱδῶν,
789 2188 843 2215 τῶν
865 2191 962 2216 νεωστὶ

169 2237 198 2262 δὲ
220 2235 374 2271 Πορφύριον
389 2236 435 2262 καί
451 2234 606 2269 Ὶάμῦλιχον
620 2234 669 2260 καὶ
684 2235 815 2269 Συριανὸν
829 2234 876 2261 καὶ
891 2235 962 2270 Πρό-

171 2282 235 2308 κλον
247 2290 254 2297 ·
277 2282 324 2307 καὶ
338 2281 434 2312 ἄλλους
450 2281 479 2306 δὲ
500 2281 528 2306 ὲν
548 2280 622 2315 μέσῳ
638 2279 684 2306 τοῦ
703 2279 798 2315 χρόνον
817 2280 900 2307 πολὺν
914 2280 962 2315 θη·-

172 2328 273 2363 σαυρὸν
292 2327 416 2359 συλλέξαι
440 2326 505 2362 [550
525 2325 572 2362 H.]
590 2326 663 2360 λέγει
679 2326 833 2361 ἐπιστήμης
849 2325 963 2361 θεοπρε-

173 2374 252 2406 ποῦς.
270 2374 339 2405 Τοὺς
358 2374 449 2408 μέντοι
462 2373 548 2407 θνητά
567 2373 614 2399 καὶ
631 2371 789 2407 ἀνθρώπινα
804 2372 963 2405 φιλο-πονου-

172 2422 270 2457 μένους
297 2420 380 2457 [Ιυόϐ
407 2419 453 2456 3.]
477 2419 649 2454 ῆσυνιέντας
668 2419 751 2452 ὀξέως
769 2419 785 2454 ἢ
805 2418 964 2453 φιλομαθεῖς

1017 2188 1117 2215 divinis
1137 2188 1248 2222 ptttavit
1276 2187 1344 2214 ideis
1363 2188 1448 2221 pasci.
1464 2187 1500 2214 De
1521 2188 1719 2216 recentioribus
1741 2196 1806 2217 vero

1016 2233 1208 2269 Porphyrium,
1223 2232 1417 2266 Jamblichum,
1432 2233 1588 2268 Syrianum,
1616 2234 1755 2267 Proclum,
1778 2240 1806 2263 et

1017 2280 1087 2306 alios
1102 2279 1198 2305 media:
1218 2278 1318 2309 atatis,
1339 2286 1466 2313 magnum
1484 2279 1639 2307 thesaurum
1660 2281 1806 2316 collegisse

1016 2326 1112 2352 divinae
1138 2324 1259 2352 scientiae
1278 2323 1354 2351 dicit.
1374 2324 1427 2352 Eos
1450 2330 1539 2353 autent
1565 2327 1610 2361 qui
1640 2327 1666 2354 in
1696 2329 1807 2356 caducis

1015 2376 1042 2398 ct
1068 2371 1194 2398 humanis
1218 2369 1317 2396 studiis
1346 2370 1464 2398 libenter
1487 2378 1669 2406 occupantur,
1694 2374 1736 2401 vel
1760 2375 1806 2407 qui

1019 2415 1170 2449 intelligere
1185 2418 1266 2442 acute
1282 2421 1315 2442 ac
1326 2414 1396 2442 scire
1412 2418 1496 2444 multa
1507 2418 1616 2450 volunt,
1627 2427 1679 2446 non
1696 2427 1807 2454 magno-

799 2477 914 2505 VARUE
934 2476 1138 2505 LECTIONES.

191 2530 317 2565 ,δόξεῖαν
329 2529 357 2556 δὲ
376 2529 423 2555 καὶ
449 2528 547 2565 Suidas
563 2535 590 2565 v.
613 2525 813 2565 ’AYXE‘IPIJLCL
844 2526 915 2552 idem
929 2534 955 2565 ις.
974 2526 1063 2561 Ἔρως
1077 2525 1260 2565 ους-Στοιχεῐα-
1271 2526 1366 2561 ἀρχαί.
1390 2561 1396 2565 _
1417 2526 1468 2565 ’ξε
1480 2525 1505 2565 Ἀ
1521 2532 1527 2550 :
1544 2525 1590 2565 τοῦ
1604 2533 1633 2565 ς.
1672 2525 1726 2565 “Rep.

366 2568 375 2583 ⁷
393 2563 551 2598 κατοκωχὴν
564 2563 587 2589 Α
617 2559 788 2598 mimae:
806 2561 970 2598 xafthmxip
986 2559 1083 2598 g'cuut
1098 2559 1189 2598 _Stt_ida'
1201 2559 1415 2598 ν.-1(ιιιτοιξιω)(ήἶ
1474 2559 1625 2598 ἀποκαθηΑ
1638 2564 1664 2586 et
1677 2559 1806 2598 §tiitl:ts_3

383 2599 393 2615 ’
408 2595 549 2635 γνώρισιν]
571 2598 664 2635 νόησιν
676 2595 780 2635 _Su_idas
796 2605 821 2623 v.
840 2595 984 2635 Εὐμοιρία.

173 2566 273 2592 τούτων
286 2564 314 2591 Β.

171 2600 289 2627 ὖττοκαθ.
309 2608 328 2631 ς

171 2637 194 2652 ¹³
208 2636 297 2670 τούτῳ
400 2630 421 2651 ’⁵
432 2630 642 2668 ἐπτερωμένοὶν]
657 2633 692 2659 cl.
711 2631 798 2666 Toup.
818 2639 848 2663 ll,
864 2639 889 2665 p.
905 2630 965 2658 ΗΒ.

1417 2526 1429 2541 ⁸
1439 2533 1468 2561 τε
1481 2524 1505 2561 ,Α
1521 2532 1527 2550 :
1544 2524 1590 2561 τοῦ
1604 2533 1633 2556 ς.
1672 2524 1805 2561 [τρίτων]

1034 2597 1055 2613 ιο
1073 2594 1238 2631 ὑψηλόνουν]
1273 2594 1433 2631 ὑφηλὸύὀύν
1445 2595 1477 2622 Α.
1531 2595 1551 2609 ¹¹
1566 2594 1751 2629 πολυμαθείας
1776 2596 1806 2622 Β.

911 2677 1025 2705 NUT/E.

206 2729 244 2764 (ὅ)
258 2728 354 2755 Suitlas
369 2727 485 2764 dictione
501 2725 638 2760 ἀγχίνοος,
651 2729 677 2751 et
690 2724 773 2751 llcnr.
784 2724 878 2759 Steph.
894 2724 966 2751 Thc-

170 2762 266 2791 szuirus
284 2764 308 2789 in
325 2762 501 2796 ἐπιστρεφὴς.

205 2799 244 2835 (4)
260 2799 315 2827 Oda
338 2799 354 2824 Δ
373 2794 476 2831 Οίξμιιρζ
494 2795 591 2830 μηκέτι
614 2796 748 2821 πάπταινε
774 2795 896 2830 πόρσιον.
925 2794 963 2821 Ne

330 2845 463 2875 PATRUL.
487 2844 544 2873 Gn.
569 2844 644 2873 tllll.

1024 2724 1138 2756 nntplius
1158 2724 1327 2756 circumspice
1336 2723 1447 2758 longius.
1462 2722 1554 2750 Utitur
1564 2721 1649 2749 rtOIIa
1662 2721 1678 2747 3
1687 2726 1807 2758 extrema

1020 2765 1045 2785 et
1062 2760 1087 2785 iit
1102 2760 1203 2793 Pythiis
1218 2759 1266 2785 oda
1282 2759 1306 2785 5.
1318 2756 1412 2789 ’Ὀστις
1425 2759 1561 2793 αίσχήνων
1575 2764 1622 2783 etc.
1636 2761 1664 2783 ut
1674 2756 1807 2791 proverbii

1019 2796 1134 2828 speciem
1143 2795 1265 2822 obtinere
1279 2794 1412 2821 videatur.

1573 2839 1610 2869 1ιο
