3990 6232
456 199 590 260 1259

1624 189 1886 250 ΡΙΙΟΤΙΙ
1920 185 2431 248 PATRIARCIL'E
2471 187 2582 246 (ΣΡ.

3574 179 3709 244 1⁵260

450 325 578 380 pere
617 307 865 366 conferre
901 310 968 363 ad
1001 307 1286 363 sublimem
1322 321 1386 362 ac
1411 307 1650 362 divinam
1677 307 2020 378 sapientiam.

2129 300 2270 358 εἶναι
2329 303 2686 376 βουλομένους
2740 299 2893 354 οὐδὲν
2944 298 3088 370 μέγα
3132 295 3349 352 ἀνύτειν
3393 295 3443 328 ⁸⁸
3484 296 3561 360 είς
3615 297 3717 367 τὴν

455 404 816 474 Antiquorum
855 402 1000 457 enim
1033 400 1387 455 Aristotelem
1441 408 1496 456 et
1546 399 1914 472 Chrysippum
1944 401 2030 454 in-

448 495 855 568 geniosissimos
897 501 952 548 et
993 492 1232 548 discendi
1265 493 1666 563 cupidissimos,
1698 494 1826 564 quin
1862 492 2027 548 etiam

454 587 774 650 laboriosos,
807 599 905 640 nec
935 595 1114 638 tamen
1159 583 1382 638 omnino
1417 584 1484 638 ad
1521 599 1794 640 summum
1827 598 2023 638 ascen-

451 681 612 734 disse.
650 676 964 733 lteccntium
993 691 1124 731 vero
1143 675 1476 740 Hieroclem,
1509 682 1564 729 et
1587 675 1816 740 similes,
1847 676 2029 731 scien-

452 769 540 824 tiis
570 768 823 824 humanis
852 768 981 822 nulli
1011 768 1230 838 quidem
1271 766 1446 823 fuisse
1500 767 1809 832 inferiores,
1845 770 1937 824 sed
1974 769 2026 822 in

468 861 668 916 divinis
723 862 1032 917 notionibus
1065 875 1170 916 non
1228 861 1517 916 admodum
1563 861 1734 917 fuisse
1782 873 2028 918 versatos

453 953 637 1007 tradit.
663 951 952 1007 Librorum
983 951 1197 1022 copiam
1235 953 1603 1022 reprehendit,
1665 968 1785 1023 quae
1838 954 2021 1023 potius

449 1045 740 1099 multarum
792 1044 1130 1114 opinionum,
1188 1059 1349 1113 quam
1401 1045 1780 1114 cognitionum
1859 1061 2026 1101 causa

451 1147 554 1192 est.
607 1135 726 1194 Uno
780 1153 909 1192 vero
963 1137 1079 1194 solo
1126 1147 1459 1208 praeceptore
1521 1138 1905 1209 acquiescens,
1961 1139 2028 1193 ad

445 1229 588 1284 hunc
609 1245 775 1283 unum
799 1229 997 1300 338a
1024 1230 1261 1300 seipsum
1287 1230 1595 1302 elIingebat,
1637 1231 1783 1287 illius
1825 1232 2028 1286 dictata

443 1324 822 1380 exscribenda.
854 1322 1166 1390 Praesentia,
1187 1333 1247 1377 ut
1273 1335 1516 1394 apparet,
1536 1326 1650 1381 haec
1672 1340 1779 1380 non
1803 1325 2025 1389 amavit,

447 1433 546 1472 nee
587 1427 796 1472 statuas
849 1417 1079 1471 adorare
1135 1414 1390 1472 volebat:
1439 1419 1534 1472 sed
1585 1415 1700 1487 jam
1745 1417 1811 1471 ad
1875 1418 2027 1485 ipsos

444 1511 679 1566 accessit
714 1513 841 1565 deos
889 1509 1035 1564 intus
1061 1510 1314 1576 latentes,
1361 1525 1469 1566 non
1511 1510 1562 1565 in
1595 1509 1783 1582 adyto,
1831 1509 1926 1564 sed
1963 1509 2015 1562 in

443 1617 642 1658 arcano
672 1600 780 1667 sui,
817 1601 958 1671 quod
995 1601 1285 1672 aliquando
1315 1615 1540 1656 summae
1568 1601 2020 1671 estignorantiae.

2133 395 2416 468 θεοπρεπῆ
2449 395 2543 448 καὶ
2589 393 2833 465 μεγάλην
2873 393 3087 460 σοφίαν.
3138 391 3260 444 Τῶν
3311 387 3422 459 γὰρ
3471 387 3717 441 παλαιῶν

2143 484 2498 556 Ἀριστοτέλη
2540 484 2634 537 καὶ
2675 482 3001 552 Χρύσιππον
3050 479 3451 548 εὐφυεστάτους
3489 477 3719 546 γενομέ-

2131 589 2277 636 νους,
2321 571 2454 625 ἀλλά
2498 572 2591 624 καὶ
2631 568 3130 640 φιλομαθεστάτους
3173 566 3498 634 γεγονότας,
3545 565 3625 617 ἔτι
3662 563 3721 618 δὲ

2132 664 2227 716 καὶ
2272 661 2618 734 φιλοπόνους,
2653 662 2754 715 οὐκ
2784 659 3051 730 ἀναϐῆναι
3085 659 3236 729 ὅμως
3275 658 3374 728 τὴν
3416 656 3547 726 ὅλην
3586 655 3722 708 ἀνά-

2131 756 2313 811 6ασιν.
2369 755 2491 808 Τῶν
2539 754 2596 808 δὲ
2629 753 2908 824 νεωτέρων
2961 750 3235 822 Ἱεροκλέα
3285 766 3344 802 τε
3389 749 3486 802 καὶ
3535 748 3589 800 εί
3638 764 3722 811 τις

2132 848 2339 918 ὅμοιος,
2368 847 2521 901 οὐδὲν
2564 846 2662 918 μὲν
2699 845 3048 907 ἐλλείποντας
3093 843 3175 907 είς
3214 841 3314 912 τὴν
3369 838 3722 910 ἀνθρωπίνην

2131 939 2512 1012 παρασκευὴν,
2550 941 2659 994 τῶν
2689 938 2747 992 δέ
2797 937 3087 1008 μακαρίων
3138 923 3426 1005 νοημάτων
3469 932 3721 1003 πολλαχῆ

2130 1029 2343 1084 πολλῶν
2371 1030 2571 1093 ἐνδεεῖς
2610 1028 2935 1099 γενομένους
2977 1025 3163 1096 φησίν.
3206 1025 3331 1077 Ὀτι
3379 1023 3476 1078 καὶ
3525 1023 3568 1056 ¹⁸
3611 1022 3722 1076 τῶν

2133 1120 2353 1190 βιϐλίων
2383 1122 2474 1175 τὸν
2524 1120 2726 1191 ὀμαδὸν
2777 1119 3096 1190 παρῃτεῖτο,
3146 1114 3466 1180 πολυδοξίας
3517 1112 3721 1185 μᾶλλον

2129 1213 2303 1268 αἴτιον
2328 1213 2460 1267 ὄντα
2487 1213 2520 1283 ἢ
2550 1211 2860 1275 πολυνοίας.
2903 1210 3016 1263 Ἑνὶ
3037 1209 3093 1262 δὲ
3125 1209 3273 1278 μόνῳ
3302 1206 3379 1277 τῷ
3409 1206 3720 1275 διδασκάλῳ

2130 1304 2622 1374 ἐπαναπαυόμενος
2653 1303 2791 1373 πρὸς
2827 1301 2990 1371 μόνον
3029 1301 3237 1354 ἐκεῖνον
3271 1298 3554 1352 ἀπετύπου
3587 1300 3722 1352 ἐαυ-

2127 1394 2242 1462 τὸν,
2269 1392 2337 1446 τά
2367 1392 2498 1462 παρ’
2525 1389 2692 1444 αὐτοῦ
2721 1389 2995 1460 λεγόμενα
3024 1389 3068 1420 ¹⁶
3099 1387 3577 1458 ἀπογραφόμενος.
3618 1387 3720 1457 Δῆ-

2128 1485 2219 1549 λος
2255 1484 2300 1538 δ’
2327 1478 2396 1556 ἦν
2434 1483 2533 1536 οὐκ
2555 1481 2784 1552 ἀγαπῶν
2803 1481 2873 1536 τὰ
2897 1479 3145 1552 παρόντα
3181 1476 3305 1532 οὕτε
3335 1477 3404 1531 τὰ
3425 1478 3726 1548 ἀγάλματα

2129 1577 2456 1649 προσκυνεῖν
2491 1575 2712 1640 ἐθέλων,
2759 1573 2895 1629 ἀλλά
2933 1573 3036 1644 ἤδη
3065 1571 3154 1625 ἐπ’
3187 1569 3384 1634 αὐτοὺς
3407 1571 3534 1633 τοὺς
3563 1569 3725 1634 θεοὺς

441 1696 555 1760 Qua
594 1695 806 1749 ratione
864 1693 1031 1762 igitur
1059 1694 1124 1748 ad
1150 1708 1267 1759 eos,
1309 1708 1431 1748 cum
1478 1693 1559 1747 sic
1601 1704 1800 1760 essent,
1846 1693 2020 1748 adiit?

2134 1669 2347 1740 ἰέμενος
2380 1667 2513 1721 εἵσω
2542 1665 2973 1738 κρυπτομένους,
3004 1663 3104 1716 οὐκ
3151 1663 3208 1717 ἐν
3251 1659 3490 1726 ἀδύτοις,
3512 1660 3628 1714 ἀλλ’
3663 1662 3725 1714 ἐν

440 1787 748 1846 vehementi
774 1801 980 1850 amore,
1007 1801 1180 1856 eoque
1202 1786 1430 1841 latente.
1462 1785 1529 1841 Et
1560 1786 1680 1856 quis
1693 1786 1830 1842 alius
1860 1801 2016 1841 amor

442 1881 547 1935 nisi
596 1877 885 1935 occultus?
918 1888 973 1934 et
1005 1893 1296 1948 quemnam
1351 1879 1495 1933 hunc
1532 1878 1783 1947 dicimus,
1841 1879 2023 1933 sciunt

442 1975 536 2044 qui
562 1974 769 2042 experti
805 1981 965 2026 sunt:
1001 1972 1184 2027 dicere
1211 1979 1388 2025 autem
1442 1985 1546 2025 non
1595 1985 1904 2040 possumus,
1957 1985 2023 2026 ac

444 2083 512 2122 ne
553 2067 794 2137 cogitare
830 2067 1072 2136 quidem.
1131 2065 1337 2120 Dixerit
1393 2064 1662 2135 quispiam
1714 2065 1864 2120 illum
1914 2079 2020 2120 non

440 2157 630 2222 verba,
659 2158 752 2214 sed
779 2172 962 2212 rerum
994 2157 1175 2210 dicere
1209 2155 1565 2210 substantias.
1601 2152 2014 2224 Promptissime

438 2247 749 2303 inveniebat
781 2247 844 2302 de
875 2247 1072 2316 quibus
1101 2246 1215 2314 ipse
1243 2245 1526 2300 dubitabat
1570 2244 1724 2314 apud
1775 2244 1934 2309 alios,
1967 2252 2023 2299 et

438 2340 506 2395 de
539 2339 735 2409 quibus
766 2337 855 2391 alii
888 2337 1028 2406 apud
1068 2335 1242 2405 ipsum
1281 2334 1681 2404 disceptabant,
1718 2349 1824 2388 non
1885 2332 2024 2387 mul-

441 2442 617 2486 tarum
644 2430 862 2499 quidem
896 2443 1075 2484 rerum
1103 2428 1430 2498 cognitione,
1474 2434 1531 2481 et
1583 2425 1886 2481 alienarum
1922 2426 2020 2481 do-

349 2571 364 2584 .
438 2524 738 2578 etrinarum
771 2522 996 2576 scientia
1023 2520 1303 2574 obruendo
1339 2521 1648 2585 veritatem,
1697 2519 2011 2575 dubitantes

437 2621 620 2670 autem
666 2611 1016 2676 coniutando,
1067 2611 1163 2666 sed
1220 2611 1541 2665 excellentis
1565 2611 1767 2681 ingenii
1823 2611 1899 2677 vi,
1957 2626 2023 2666 ae

439 2709 599 2778 plane
625 2707 845 2770 divina;
897 2715 952 2760 et
987 2705 1258 2760 immenso
1311 2704 1588 2760 desiderio
1643 2704 1828 2759 divina
1885 2719 2014 2775 per-

437 2795 735 2866 vestigandi
771 2794 1058 2849 veritatem
1085 2802 1440 2864 compertam,
1469 2794 1786 2849 vaticinanti
1825 2793 2021 2850 similis

435 2893 574 2942 erat.
627 2885 847 2940 Poterat
905 2885 1214 2954 perspicere
1258 2885 1386 2955 quid
1418 2886 1759 2940 reconditum
1809 2895 2016 2956 tegeret

434 2980 631 3043 oratio,
678 2978 876 3047 quidve
909 2992 1100 3032 sanum
1147 2976 1372 3033 inesset.
1411 2976 1676 3046 Marinus,
1711 2979 1803 3047 qui
1829 2977 2006 3033 Procli

2129 1763 2279 1835 αύτῷ
2317 1761 2397 1832 τῷ
2441 1763 2760 1833 ἀπορρήτῳ,
2806 1757 3026 1812 ὁτιποτέ
3077 1756 3214 1824 ἐστι,
3263 1755 3364 1826 τῆς
3412 1749 3720 1819 παντελοῦς

2127 1856 2423 1925 ἀγνωσίας.
2455 1853 2580 1918 Πῶς
2609 1849 2705 1907 οὖν
2734 1852 2820 1905 ἐπ’
2849 1849 3050 1913 αὐτοὺς
3085 1849 3194 1902 ἵετο
3215 1846 3492 1909 τοιούτους
3520 1847 3724 1912 hunc;

2129 1951 2334 2021 Ἔρωτι
2359 1946 2538 2018 δεινῷ,
2563 1946 2859 2019 ἀπορρήτῳ
2881 1941 2978 1996 καὶ
3003 1939 3198 2011 τούτῳ.
3223 1940 3337 1994 Καὶ
3361 1939 3447 2004 τις
3465 1938 3525 1992 δὲ
3554 1939 3724 2002 ἀλλος

2123 2040 2156 2111 ἢ
2194 2040 2473 2109 ἄγνωστος
2507 2037 2603 2090 καὶ
2635 2038 2664 2090 ό
2694 2035 2832 2107 ἔρως
2863 2051 2878 2102 ;
2924 2033 3035 2087 Καὶ
3087 2031 3210 2086 τίνα
3256 2023 3446 2085 τοὶτόν
3506 2047 3719 2100 φαμεν,

2125 2130 2303 2185 ἴσασιν
2347 2131 2398 2182 οἱ
2443 2127 2816 2200 πειραθέντες,
2844 2127 3018 2178 εἰπεῖν
3057 2123 3114 2176 δὲ
3147 2123 3428 2186 ἀδύνατον,
3461 2125 3559 2177 καὶ
3597 2123 3726 2194 νοῆ-

2125 2224 2214 2278 σαί
2250 2240 2314 2291 γε
2352 2223 2506 2276 οὐδὲν
2539 2221 2738 2292 μᾶλλον
2778 2219 2982 2291 ῥᾴδιον.
3017 2214 3187 2271 Εἶπεν
3213 2217 3279 2271 ἄν
3309 2234 3393 2280 τις
3418 2217 3478 2270 ού
3527 2215 3726 2286 λόγους

2123 2318 2317 2382 αὑτὸν,
2351 2315 2489 2370 ἁλλά
2518 2314 2863 2386 πραγμάτων
2893 2310 3227 2380 φθέγγεσθαι
3260 2309 3468 2373 οὐσίας.
3505 2305 3618 2363 Ἦν
3663 2309 3725 2362 δὲ

2124 2411 2220 2466 κοιλ⁴
2263 2409 2492 2482 εὑρετὴς
2531 2408 2882 2478 ἑτοιμότατος
2926 2397 3000 2458 ὧν
3041 2421 3102 2457 τε
3135 2401 3295 2467 αὐτὸς
3334 2402 3532 2474 ἠπόρει
3583 2401 3724 2473 πρὸς

2123 2505 2366 2574 ἐτέρους,
2396 2502 2490 2556 καὶ
2504 2497 2579 2558 ὧν
2601 2501 2778 2571 έτεροι
2803 2497 2939 2568 πρὸς
2969 2496 3153 2561 αὑτὸν,
3181 2495 3242 2548 ού
3277 2492 3593 2565 πολυμαθία
3622 2493 3722 2546 καὶ

2122 2600 2416 2672 ἀλλοτρίων
2453 2596 2808 2668 δοξασμάτων
2849 2594 2892 2625 ¹⁷
2945 2589 3156 2662 ἱστορίᾳ
3209 2587 3559 2660 καταχωννὺς
3613 2585 3717 2657 μὲν

2119 2693 2218 2765 τὴν
2249 2692 2510 2764 ἀλήθειαν
2551 2691 2596 2724 ¹⁸
2618 2731 2634 2756 ,
2665 2684 3031 2758 ἐπιστομίζων
3071 2683 3126 2736 δὲ
3157 2683 3284 2745 τοὺς
3325 2681 3670 2752 ἀποροῦντας
3700 2692 3716 2707 ⁶

2122 2788 2258 2844 ἀλλὰ
2276 2785 2437 2859 ῥώμῃ
2455 2784 2710 2855 γενναίας
2743 2781 2958 2852 φύσεως
2990 2779 3084 2832 καὶ
3107 2775 3245 2831 θεῶν
3270 2773 3611 2844 ἀγχισπόρου
3632 2772 3715 2859 1’,

2124 2853 2288 2948 «usqu
2316 2853 2376 2928 τε
2402 2853 2671 2944 ἀμηχάνῳ
2701 2871 2800 2938 τῆς
2831 2867 2961 2938 περὶ
3003 2866 3066 2919 τὸ
3101 2865 3242 2918 θεῖον
3283 2860 3568 2932 βακχείας,
3603 2853 3718 2912 οἷον

2124 2967 2627 3040 ἀπομαντευομένῳ
2679 2963 2840 3035 ἐῴκει
2886 2961 2986 3032 τὴν
3018 2960 3118 3030 τῆς
3154 2955 3414 3026 ἀληθείας
3470 2953 3718 3025 εὕρεσιν.

435 3081 722 3121 successor
745 3065 844 3136 (5),
873 3073 928 3120 et
959 3063 1151 3121 lsidori
1181 3081 1302 3121 cum
1329 3066 1545 3120 caeteris
1574 3069 1626 3120 in
1666 3030 2016 3124 Aristoteleis

2127 3030 2254 3116 Ἦν·
2275 3062 2320 3115 δ’
2354 3030 2543 3122 litavi);
2575 3030 2759 3111 διιδεῖν
2789 3055 2835 3088 ²⁰
2861 3030 2972 3124 ὅπη
3003 3069 3064 3105 τε
3097 3048 3298 3119 σαθρὸν
3334 3048 3377 3079 ²¹
3409 3046 3716 3114 φθέγγεται

437 3161 648 3225 doctor,
674 3175 795 3215 cum
827 3157 1021 3213 librum
1068 3157 1362 3213 multorum
1389 3174 1646 3214 versuum
1693 3160 2014 3230 scripsisset

433 3253 491 3307 in
536 3251 818 3307 Philebum
848 3250 1109 3314 Platonis,
1152 3264 1390 3320 eumque
1433 3249 1613 3318 legere
1652 3249 1870 3318 jnberet
1901 3251 2005 3306 lsi-

437 3351 653 3413 dorum,
688 3357 743 3403 et
785 3346 1052 3418 judicium
1088 3346 1232 3402 ferre
1276 3362 1349 3400 an
1385 3347 1626 3416 evulgari
1661 3355 1864 3415 posset,
1922 3347 2013 3402 ille

434 3443 576 3498 libro
599 3443 762 3509 lecto,
796 3440 1120 3497 sententiam
1144 3455 1298 3494 suam
1331 3439 1496 3495 libere
1519 3439 1794 3508 patefecit,
1815 3439 2017 3494 nullam

436 3548 614 3592 tamen
662 3535 1044 3590 incencinnam
1103 3547 1288 3588 vocem
1341 3530 1545 3595 emisit,
1579 3530 1720 3586 hane
1767 3540 2012 3585 tantum:

432 3629 604 3683 videri
665 3627 925 3696 magistro
983 3624 1166 3693 digna.
1227 3621 1472 3678 Marinus
1536 3622 1642 3678 hoc
1688 3621 2014 3692 intelligens,

429 3719 626 3774 librum
664 3719 774 3788 igni
812 3716 1053 3772 tradidit.

2121 3159 2150 3210 ό
2187 3154 2365 3220 λόγος,
2397 3150 2494 3206 καὶ
2516 3150 2625 3219 ὅπη
2659 3149 2829 3217 ὑγιές.
2872 3146 3114 3217 Μαρϊνος
3152 3141 3210 3194 δὲ
3249 3140 3278 3192 ὁ
3317 3137 3567 3208 Πρόκλου
3595 3136 3717 3190 διά-

2121 3249 2295 3319 δοχος,
2345 3248 2374 3300 ὁ
2411 3246 2456 3277 ²²
2504 3245 2601 3298 καὶ
2647 3238 2920 3311 Ἰσιδώρου
2977 3235 3145 3306 (μετά
3201 3233 3296 3286 καὶ
3341 3229 3541 3300 ἀλλων)
3603 3230 3714 3282 τῶν

2138 3337 2545 3412 Ἀριστοτέλους
2597 3333 2772 3402 λόγων
2828 3328 3170 3393 διδάσκαλος,
3215 3325 3517 3412 ὑπόμνημα
3555 3321 3716 3375 πολύ-

2124 3407 2305 3503 στιχον
2330 3433 2411 3494 είς
2439 3428 2670 3499 Φίληϐον
2703 3423 2968 3490 συντάξας
2996 3418 3089 3474 τοῦ
3118 3418 3426 3481 Πλάτωνος,
3456 3407 3614 3477 οὗτος
3636 3413 3715 3484 τῷ

2137 3523 2396 3597 Ἰσιδώρῳ
2429 3523 2674 3592 ἐντυχεῖν
2717 3535 2776 3572 τε
2807 3516 2887 3588 τῷ
2935 3513 3287 3583 ὑπομνήματι
3329 3507 3566 3570 κελεύει,
3617 3507 3714 3560 καὶ

2123 3621 2403 3688 ἐπικρῖναι
2445 3618 2493 3669 εί
2534 3611 2824 3679 ἐξοιστέον.
2883 3607 2943 3662 Ὀ
2985 3605 3043 3660 δέ
3083 3602 3350 3671 ἀναγνοὺς
3389 3600 3543 3654 οὐδὲν
3606 3599 3714 3652 ἀπ-

2126 3712 2404 3784 εκρύψατο
2436 3709 2546 3763 τῶν
2570 3704 2719 3776 αὑτῷ
2747 3700 3067 3764 δοκούντων,
3084 3699 3146 3752 ού
3176 3696 3356 3767 μέντοι
3381 3692 3504 3746 ούδέ
3530 3691 3709 3760 ἀμου-

430 3835 522 3871 σον
565 3786 746 3885 ἀφῆκε
806 3813 1011 3883 φωνὴν,
1042 3809 1296 3865 τοσοῦτον
1322 3809 1378 3863 δὲ
1411 3809 1572 3880 μόνον
1605 3807 1733 3880 ἔφη,
1766 3808 1927 3864 ίκανά
1957 3807 2097 3865 εἶναι
2153 3809 2222 3864 τὰ
2266 3807 2362 3862 τοῦ
2399 3801 2739 3859 διδασκάλου.
2783 3798 2841 3852 Ὁ
2894 3795 2952 3849 δὲ
3013 3793 3257 3864 Μαρῖνος
3325 3787 3505 3850 συνεὶς
3574 3786 3711 3857 πυρὶ

427 3909 704 3979 διέφθειρε
728 3908 790 3961 τὸ
830 3906 1055 3978 βιϐλίον.

501 3966 617 4054 [ioc
644 3966 808 4054 etiam
830 3966 1093 4052 ae'eteris
1123 3994 1458 4066 philosophis
1491 3993 1724 4049 distabat
1753 3992 2012 4059 Isidorus,

2201 3987 2513 4059 Ἐξαίρετον
2538 3982 2582 4036 δ’
2609 3977 2678 4049 ἦν
2706 3975 2854 4048 αύτῷ
2875 3973 3027 4046 παρὰ
3055 3972 3181 4036 τοὺς
3209 3969 3403 4032 ἄλλους
3427 3967 3522 4022 καὶ
3547 3966 3709 4020 τοῦτο

430 4093 573 4163 quod
605 4107 712 4146 non
741 4092 856 4146 sola
891 4089 1342 4160 syllogismorum
1373 4087 1427 4142 vi
1455 4103 1512 4142 se
1543 4097 1637 4141 aut
1698 4102 1828 4143 suos
1853 4087 2014 4143 vellet

2127 4082 2442 4155 φιλοσόφους
2465 4094 2476 4106 ι
2501 4077 2601 4128 οὐκ
2639 4070 2898 4143 ἠϐούλετο
2929 4065 3306 4133 συλλογισμοῖς
3361 4059 3704 4163 ἀναγκάξειν

429 4184 708 4240 adhaerere
747 4181 963 4236 veritati
993 4199 1010 4237 :
1043 4194 1278 4250 cumque
1319 4179 1518 4234 veritas
1545 4195 1652 4232 non
1691 4193 1796 4232 una
1822 4179 2008 4234 videa-

2127 4149 2275 4245 iévov
2303 4149 2427 4224 οὔτε
2462 4166 2652 4236 ἑαυτὸν
2689 4161 2814 4217 οὔτε
2845 4159 2972 4222 τοὺς
3005 4155 3261 4216 συνόντας
3314 4149 3705 4205 ἐπακολουθεῖν

431 4291 517 4332 ιιιι·
556 4279 664 4339 via,
699 4276 915 4331 nolebat
945 4289 1040 4329 eos
1076 4275 1308 4337 ratione,
1342 4272 1506 4326 veluti
1541 4287 1683 4327 caeca
1712 4273 1765 4326 in
1803 4281 2006 4327 rectam

2127 4242 2178 4337 ἑῇ
2212 4261 2441 4334 ἀληθείᾳ
2475 4259 2548 4330 μὴ
2589 4255 2844 4328 όρωμένῃ
2881 4252 2947 4315 ⁸³,
2981 4246 3123 4302 κατά
3156 4242 3438 4339 μίαν-ὁδὸν
3470 4242 3704 4339 πορεύε-

426 4373 567 4428 viam
599 4371 861 4432 ductrice,
889 4365 1112 4435 impelli.
1141 4364 1248 4419 Sed
1281 4365 1606 4435 persuadere
1640 4376 1860 4432 semper
1911 4362 2007 4416 ad-

2127 4357 2239 4412 :0at
2282 4351 2776 4420 συνελαυνομένους
2802 4344 2906 4398 ὑπὸ
2935 4341 3029 4395 τοῦ
3051 4339 3232 4408 λόγου,
3256 4331 3366 4390 οἷον
3395 4333 3634 4404 τυφλοὺς
3658 4335 3702 4366 ’⁸

2153 4451 2164 4462 .
2256 4450 2267 4462 .
2316 4447 2364 4462 ι..
2448 4447 2460 4462 ,
2654 4459 2740 4462 ,..-
2787 4435 3049 4462 ..-,-ι-...
3089 4430 3220 4462 nn.
3265 4427 3475 4462 πεῖρε...
3506 4429 3702 4462 Anq-md-

428 4466 580 4520 nisus
624 4474 728 4531 est,
763 4471 820 4517 et
860 4461 1046 4516 oculos
1093 4460 1159 4513 ad
1213 4459 1451 4512 animam
1501 4456 1759 4512 referre:
1818 4464 1912 4509 aut
1956 4454 2002 4509 si

2127 4451 2213 4522 τὴν
2245 4447 2413 4520 ὀρθὴν
2438 4443 2741 4515 ἀγομένους
2784 4435 3013 4508 πορείαν
3036 4453 3049 4465 ·
3087 4430 3222 4486 ἀλλά
3265 4427 3475 4481 πείθειν
3504 4429 3705 4480 ἐσπού-

424 4559 690 4620 inessent,
726 4565 1042 4625 repurgare.
1078 4550 1214 4607 Cum
1252 4553 1641 4619 imperatorum
1678 4562 1764 4602 res
1820 4554 2005 4616 gestas

2127 4520 2274 4607 Βαζεν
2324 4541 2413 4594 ἀεὶ
2448 4538 2542 4591 καὶ
2581 4535 2702 4605 iiIi/tv
2758 4529 3022 4584 ἐντιθέναι
3069 4527 3138 4628 τῇ
3178 4523 3354 4628 ψυχῇ,ἶ
3395 4521 3602 4628 μᾶλλον
3647 4520 3703 4628 δέ

424 4605 690 4620 '""""'v
729 4605 975 4625 "r“'0"'
1002 4605 1039 4607 η
1093 4605 1105 4607 -
1327 4605 1345 4619 ι
1821 4605 1851 4616 υ

423 4651 662 4707 scribere
682 4651 887 4720 jussus,
931 4649 1220 4703 obsecutus
1246 4653 1368 4698 est:
1400 4645 1466 4696 de
1493 4657 1601 4712 quo
1617 4654 1782 4710 opere
1801 4639 2002 4702 dicam,

2127 4605 2340 4688 ἐνοῦσαν
2399 4625 2792 4696 διακαθαίρειν.
2848 4614 3186 4689 Ὑπηρεσίαν
3246 4605 3513 4684 ἐτέλει,ᾗ
3565 4611 3704 4678 πρὸς

421 4744 564 4814 quod
614 4744 750 4804 scio,
776 4755 900 4795 cum
937 4753 1003 4794 eo
1038 4738 1298 4808 perducta
1331 4736 1435 4790 erit
1464 4735 1682 4790 oratio:
1741 4747 1846 4787 non
1881 4731 2004 4786 dico

2127 4726 2276 4796 τάχος
2327 4721 2657 4776 ἐπετέτακτο
2689 4717 2735 4748 ’⁸
2797 4713 3028 4783 γράφειν
3073 4711 3143 4762 τά
3188 4708 3293 4761 ὑπὸ
3343 4705 3450 4761 τῶν
3499 4705 3699 4776 ἀρχόν-

2573 4811 2586 4819 ·
2774 4808 2818 4819 -ι
2920 4807 2963 4819 r-
3031 4804 3043 4819 \
3143 4793 3171 4819 τ
3251 4803 3264 4819 ν
3290 4800 3350 4819 _-,
3416 4800 3554 4819 ,κῃ-λ-
3611 4797 3698 4819 -λ,

422 4839 602 4901 modo,
636 4833 788 4904 quasi
845 4847 911 4886 ne
960 4830 1148 4885 audire
1182 4829 1398 4897 quidem
1449 4825 1753 4881 debuerim.
1806 4824 2001 4893 Neque

2127 4838 2220 4874 ιων
2283 4811 2732 4888 προσταττόμενα
2774 4808 2843 4863 ⁸⁸.
2920 4804 3055 4875 Περὶ
3114 4797 3176 4855 οὗ
3247 4800 3358 4871 ἐρῶ
3412 4800 3558 4904 κατά
3608 4797 3700 4894 τδν

421 4887 702 4988 Leontius,
737 4923 826 4993 qui
857 4921 1058 4992 optime
1087 4919 1254 4992 338
1277 4919 1305 4972 b
1336 4917 1439 4973 sibi
1491 4915 1796 4972 consultum
1829 4925 1983 4984 puta-

2127 4905 2240 4960 ινού
2250 4887 2410 4976 μενον
2433 4900 2611 4967 λόγον.
2640 4899 2707 4950 Ὃ
2732 4893 2888 4958 εἰδὼς
2909 4893 2971 4946 οὐ
2997 4892 3158 4961 λέγω,
3215 4889 3291 4953 ὡς
3339 4887 3473 4959 μηδέ
3535 4887 3700 4941 ἀκού-

1727 5031 1956 5087 VARIIE
1994 5021 2399 5084 LECTlONES.

491 5162 535 5192 "
557 5160 774 5215 ἀνύτειν
809 5159 879 5214 B:
907 5157 1156 5212 ἁνύττειν
1189 5174 1249 5220 ς.
1358 5155 1401 5186 ¹³
1431 5154 1525 5207 καὶ
1575 5153 1701 5211 add.
1727 5154 1793 5205 Α.
1899 5151 1940 5181 ¹⁶
1965 5148 2048 5203 Cf.
2091 5145 2287 5220 Suidas
2321 5127 2901 5220 νηῙδνῙαρῖνςζςίοξτθξςοΑ
2927 5120 3695 5220 --¹⁷,ξ<ξξαιεξίξξιῖφγ],ξξξίῇέ⁶

414 5249 521 5285 των
1198 5202 1246 5265 ῗα
1266 5195 1546 5296 άλήθεῖαν]
1570 5195 1828 5300 ἀληθειαν
1854 5221 1949 5300 καί
1983 5217 2356 5300 ἀποκρύπτων
2384 5195 2684 5300 id.a"f’ICl'-
3022 5195 3696 5300 :AYEffﬁo‘ﬁoizn'fiﬁizf:

554 5272 1168 5372 ἥὲᾖῆζεόὁςΪ⁷⁵²ο⁷ίὲέῖν
1193 5272 1386 5350 διιὶιίέδ
1417 5313 1468 5349 v.
1503 5272 1787 5366 ιῖρόσοιτο.
1895 5293 1940 5322 ²¹
1969 5272 2167 5372 σαθρὸν
2195 5289 2237 5338 Α
2287 5299 2413 5372 cu‘m
2469 5280 2669 5364 Snida:
2702 5272 2998 5372 ὺησρυρὸνι
3020 5275 3473 5372 Ξωεῗιὲιζίξρΐὶιιιι
3510 5274 3694 5372 ³(ξιισῗιξῐι

420 5341 960 5427 ίῖέέιιιέιὲιῖίίιξῖὖζοό
992 5341 1197 5423 Polluc.
1223 5341 1498 5432 Ηυξ-104,
1534 5341 1587 5418 οἳ
1624 5363 1902 5426 Lcichius,
1931 5378 1981 5430 p.
2011 5341 2121 5412 V'l'l.
2222 5365 2270 5432 εξ
2311 5355 2540 5407 alterum
2569 5351 2597 5401 ὁ
2635 5341 2842 5402 οιῐιζίὶ.
2888 5341 2897 5342 ί
2949 5341 2998 5375 ³³
3034 5341 3319 5412 ὁρωμένην
3363 5353 3426 5401 ςο
3510 5341 3555 5367 ³⁵
3600 5348 3694 5385 τυ-

1424 5437 1469 5475 ³⁸
1487 5427 1831 5488 ἀπετέτακτο
1861 5427 1944 5487 Δί
1994 5436 2039 5468 ³⁸
2065 5427 2415 5499 πραττόμενα
2462 5439 2523 5485 ς.

1941 5519 2170 5579 NOTAE.
2735 5583 2745 5585 _
2814 5580 2895 5585 ___
2955 5577 3053 5585 _-_.
3127 5576 3157 5585 ,.
3207 5575 3255 5585 ..
3372 5571 3385 5584 .
3457 5567 3499 5585 ..
3549 5569 3587 5585 με

486 5605 564 5672 (ὅ)
596 5606 766 5676 Cujus
801 5617 855 5662 et
906 5607 1072 5662 vitam
1099 5601 1340 5658 Marinus
1367 5597 1702 5670 Neapolitcs,
1740 5614 1858 5668 quite
1899 5567 2472 5658 cisia-tricenscripsit
2495 5601 2612 5656 sup.
2651 5583 2770 5639 cod.
2809 5580 2927 5636 lSl.
2955 5577 3090 5634 Vide
3126 5575 3346 5632 Suidam
3372 5571 3424 5626 in
3457 5567 3691 5624 Marino.

419 5443 553 5510 φλοῦ
581 5459 724 5507 τινος
750 5441 914 5514 ὀρθὴν
939 5439 1208 5511 ἀγομένου
1262 5455 1323 5501 ς.
