3990 6232
349 155 477 218 1261

337 283 431 322 σαι
497 262 725 332 ώφελον.

337 358 465 411 σθαι
505 356 627 396 ’τι-³⁸
675 351 910 424 νομίζων
959 349 1140 405 οἴκαδε
1190 347 1417 420 ἐπανῄει
1463 348 1600 420 μετά
1651 347 1773 420 [551
1824 343 1922 416 Η.]

342 445 657 517 παρρησίας
721 441 956 512 ἀτυχοῦς
1017 441 1112 494 καὶ
1165 439 1589 509 κακοδαίμονος,
1644 439 1706 491 οὐ
1765 437 1924 489 πλου-

334 538 510 607 τήσας
561 534 680 587 οὐδέ
730 531 946 595 σωθεὶς,
1002 532 1077 594 ὡς
1107 529 1268 601 ᾤετο,
1321 531 1459 583 ἀλλά
1490 528 1786 600 σημιωθεὶς
1824 526 1923 597 μὲν

335 627 621 690 εὐσεϐείας
660 623 960 694 θεοφιλοῦς,
1012 621 1359 693 πανωλεθρίᾳ
1385 621 1444 675 δὲ
1469 621 1566 690 τὴν
1597 621 1776 690 ψυχὴν
1809 619 1924 671 δια-

339 721 591 792 φθαρείς.
658 719 716 770 '0
771 717 873 787 μὲν
905 713 998 770 οὖν
1026 717 1072 747 ²⁹
1101 713 1246 767 οὕτω
1271 713 1556 784 διήντλησε
1599 712 1777 764 πάντα
1833 711 1925 763 τὸν

341 811 462 882 βίον
492 811 550 863 ἐν
586 811 913 879 συμφοραῖς.
948 806 1134 868 Οὐδεὶς
1162 805 1207 857 δ’
1240 803 1413 867 οὕτως
1441 798 1511 874 ἦν
1551 803 1647 872 τὴν
1675 801 1852 872 ψυχὴν
1879 801 1922 833 ³ο

335 885 634 973 ἀτεράμων
656 901 750 952 καὶ
773 899 1066 970 βάρϐαρος,
1103 897 1162 961 ὃς
1197 897 1294 950 οὐκ
1312 895 1556 949 ἐπείθετο
1585 895 1628 927 ⁸¹
1659 893 1756 947 καὶ
1785 909 1924 946 κατ-

338 994 591 1064 εκηλεῖτο
614 994 726 1054 τοῖς
763 990 870 1045 ἀπὸ
899 989 994 1044 τοῦ
1031 989 1176 1060 ἱεροῦ
1209 989 1474 1058 στόματος
1505 986 1710 1040 ἐκείνου
1743 987 1926 1056 ῥέουσι

339 1086 524 1155 λόγοις
555 1101 570 1117 ο
601 1085 777 1137 τοιάδε
797 1101 880 1148 τις
912 1081 1222 1152 ἐπεκάθητο
1260 1079 1432 1134 πειθὼ
1462 1081 1573 1142 τοῖς
1601 1078 1805 1148 χείλεσι
1831 1075 1925 1128 τοῦ

340 1179 558 1249 ἀνδρὸς,
587 1176 753 1249 μοἨ
782 1173 877 1246 IL]
919 1176 1018 1228 οὐκ
1064 1172 1403 1242 ἀνθρώπειόν
1444 1190 1497 1224 τι
1547 1171 1759 1241 χρῆμα,
1791 1167 1928 1222 ἀλλὰ

344 1269 640 1339 θειότερον.
675 1267 842 1320 Φύσιν
873 1266 1222 1335 ἀξιάγαστος,
1271 1264 1442 1335 μέγας
1499 1263 1595 1332 μὲν
1646 1261 1710 1314 τὸ
1767 1259 1927 1327 σῶμα

339 1362 440 1416 καὶ
469 1362 722 1432 εὐμήκης
755 1360 908 1422 ἰδεῖν,
942 1358 1104 1422 καλὸς
1142 1357 1196 1410 δὲ
1229 1357 1323 1410 καὶ
1348 1352 1551 1423 ἀγαθὸς
1577 1351 1675 1423 τήν
1706 1350 1749 1384 ³³
1780 1350 1923 1417 ὄψιν,

338 1455 442 1524 τῆς
495 1454 540 1508 δ’
589 1455 808 1526 ἡλικίας
845 1456 901 1507 ἐν
946 1453 1025 1522 τῷ
1064 1450 1462 1522 φρονιμωτάτῳ
1494 1447 1614 1500 τότε
1665 1442 1924 1514 γεγονὼς,

343 1545 601 1616 εὐόμιλός
627 1563 688 1598 τε
725 1545 820 1599 καὶ¹
845 1544 994 1614 ἡδὺς,
1028 1543 1208 1604 ἱκανὸς
1233 1542 1326 1594 καὶ
1369 1537 1644 1607 ὠφέλιμος
1687 1536 1796 1597 τοῖς
1841 1533 1928 1584 ἐν-

1405 146 1927 207 BIBLIOTHECA.
1956 168 2020 178 *-
2043 145 2207 205 COD.
2238 146 2513 207 CCXLII.

807 260 866 313 '0
930 257 990 312 δὲ
1053 257 1302 320 Λεόντιος
1388 256 1588 328 ἄριστα
1653 252 1934 325 βεϐουλεῦ-

2046 255 2148 321 bal,
2181 269 2305 310 cum
2341 255 2552 311 dicendi
2595 252 2845 310 libertate
2897 252 3097 308 infelici
3150 266 3214 307 ac
3274 251 3606 308 infortunata

3466 132 3602 196 1262

2028 345 2244 398 domum
2282 346 2524 409 revertit,
2547 359 2722 414 neque
2752 346 2902 401 dives
2925 343 3122 410 factus,
3174 356 3272 398 nec
3330 355 3604 411 servatus,

2027 445 2085 490 ut
2117 437 2360 504 putabat,
2385 438 2483 493 sed
2509 437 2691 492 divina
2713 438 2959 506 privatus
2977 436 3198 504 pietate,
3222 434 3406 491 animo
3421 451 3610 490 corru-

2029 526 2277 594 ptissimo
2316 541 2380 581 ac
2411 524 2783 595 perditissimo
2810 523 2932 577 fuit.
2997 522 3098 576 Sic
3144 521 3360 591 quidem
3389 534 3606 579 omnem

2029 618 2192 671 vitam
2248 618 2300 670 in
2335 616 2649 671 infortuniis
2688 614 2970 682 transegit.
3004 613 3172 668 Nemo
3218 612 3354 666 adeo
3409 610 3604 665 immiti

2029 707 2128 762 fuit
2171 708 2351 761 animo
2404 715 2458 762 et
2499 708 2756 773 barbaro,
2797 707 2889 776 qui
2936 721 3094 760 sacro
3149 704 3336 759 lsidori
3396 703 3464 758 ab
3513 717 3611 757 ore

2029 798 2208 853 verbis
2243 799 2585 854 manantibus
2613 813 2718 852 non
2750 811 3040 865 persuasus
3075 795 3181 851 fuit
3221 804 3276 850 et
3312 793 3610 864 mitigatus.

2030 890 2150 944 talis
2183 891 2235 943 in
2266 889 2430 944 labris
2470 889 2572 943 viri
2603 888 2873 943 insidebat
2892 887 3274 964 suadelannon
3306 886 3608 940 humanum

2028 995 2182 1050 opus,
2221 980 2314 1035 sed
2350 981 2614 1046 divinum,
2639 989 2835 1034 natura
2869 993 2966 1034 sua
2995 977 3362 1033 admiratione
3413 976 3608 1046 dignus

2030 1080 2164 1123 erat.
2192 1067 2407 1140 Ingenti
2443 1069 2658 1137 quidem
2687 1082 2918 1136 corpore
2944 1074 2997 1122 et
3037 1065 3317 1136 spectabili
3368 1065 3612 1134 proceri-

2032 1169 2161 1224 tate,
2191 1160 2306 1214 visu
2325 1158 2550 1228 pulcher
2571 1167 2625 1213 et
2644 1157 2844 1222 facilis,
2872 1158 2938 1211 ad
2967 1165 3233 1211 maturam
3255 1163 3469 1210 aetatem
3487 1167 3611 1206 cum

2031 1251 2386 1319 pervenisset,
2440 1250 2613 1306 comis
2645 1258 2702 1304 et
2729 1250 2936 1314 suavis,
2967 1248 3308 1314 commodus,
3343 1257 3399 1301 et
3437 1246 3609 1301 collo-

2030 1343 2323 1410 quentibus
2377 1342 2579 1396 utilis:
2617 1341 2872 1397 mediocri
2930 1355 3032 1395 nec
3084 1339 3315 1395 delicato
3372 1353 3502 1393 usus
3527 1346 3613 1392 est

2028 1435 2170 1498 cibo,
2197 1449 2370 1504 neque
2391 1441 2610 1504 pr0pter
2623 1441 2986 1502 paupertatem
3006 1433 3185 1496 noxio,
3207 1447 3383 1501 neque
3401 1439 3616 1500 propter

2031 1525 2245 1581 divitias
2267 1527 2524 1595 opipare:
2561 1527 2655 1582 sed
2685 1534 2739 1580 et
2764 1526 3026 1580 musicam
3057 1524 3302 1579 adhibuit
3338 1534 3612 1592 tempera-

340 1613 695 1708 τυγχάνουσι.
729 1613 962 1706 Kal.
989 1636 1032 1667 ³³
1066 1633 1270 1705 τροφὴν
1308 1629 1660 1702 ἐκληρώσατο
1695 1626 1922 1699 μετρίαν

2048 1618 2515 1689 am,etDorico(6)
2540 1621 2699 1673 modo
2724 1633 2909 1674 revera
2935 1618 3420 1672 accommodatam.
3457 1615 3618 1671 Solus

340 1728 466 1782 τινὰ
495 1730 588 1782 καὶ
616 1728 912 1798 ἄθρυπτον,
941 1724 1064 1779 οὐτε
1107 1722 1522 1796 κακουργοῦσαν
1565 1721 1652 1774 διὰ
1708 1717 1921 1782 πενίαν,

346 1821 476 1876 οὔτε
503 1822 591 1874 διὰ
623 1810 851 1873 πλοῦτον
882 1817 1273 1888 βλακεύουσαν,
1299 1814 1434 1868 ἀλλὰ
1471 1813 1643 1884 μέσην
1671 1809 1767 1863 καλ⁸
1795 1825 1925 1877 μου·

344 1914 530 1984 σικὴν,
560 1913 651 1966 τὸν
700 1911 744 1943 ³⁵
791 1911 997 1980 Δώριον
1024 1909 1224 1979 τρόπον
1254 1907 1300 1940 ⁸⁵
1336 1907 1440 1976 τῆς
1462 1905 1631 1976 τύχης
1671 1903 1716 1934 ³⁸
1765 1901 1842 1961 ὼς
1891 1898 1935 1930 ³⁷

2027 1709 2141 1779 ipse
2170 1709 2312 1764 inter
2332 1710 2602 1776 homines,
2626 1725 2762 1779 quos
2783 1709 3088 1764 audivimus
3121 1749 3135 1770 ,
3168 1708 3450 1776 antiquum
3485 1722 3614 1776 pro-

2039 1800 2287 1854 verbium
2326 1799 2404 1873 (7)
2438 1816 2495 1856 re
2525 1801 2645 1872 ipsa
2699 1801 2966 1870 coarguit,
3004 1815 3108 1854 non
3151 1800 3464 1869 juvenibus,
3523 1797 3618 1854 sed

2043 1893 2264 1950 senibus
2294 1910 2358 1950 ac
2386 1910 2578 1950 senum
2607 1911 2900 1964 congressu
2931 1893 3325 1949 delectabatur.

342 1983 559 2078 ἀληθῶς
605 2005 984 2076 ἡρμοσμένην.
1024 2003 1200 2066 Μόνος
1229 2001 1285 2054 δὲ
1321 1998 1648 2069 ἀνθρώπων,
1683 1987 1757 2050 ὧν
1785 1993 1922 2062 ἀκοῇ
1963 1989 2142 2078 ἴσμεν.
2199 1986 2300 2059 τὴν
2363 1988 2598 2043 παλαιὰν
2644 1987 2946 2060 παροιμίαν
2998 1987 3044 2019 ³⁸
3095 1985 3243 2058 ἔργω
3308 1983 3621 2057 διήλεγξεν.

342 2077 445 2168 οὐχ
466 2079 665 2168 ἧλιξιν,
703 2093 841 2148 ἀλλὰ
872 2093 1205 2165 πρεσϐύταις
1229 2092 1324 2145 καὶ
1344 2089 1724 2162 πρεσϐυτικοῖς
1747 2083 1927 2152 λόγοις
1963 2077 2320 2150 τερπόμενος.

415 2193 604 2256 Είποις
631 2191 674 2244 δ’
700 2191 767 2245 ἂν
795 2191 889 2246 καὶ
934 2192 1094 2260 μόνος
1124 2188 1428 2260 ἀνθρώπων
1452 2186 1548 2252 οὓς
1590 2184 1732 2257 ἀκοὴ
1776 2183 1935 2253 ἔσχεν

2140 2173 2377 2243 Dixeris,
2405 2184 2458 2231 et
2517 2175 2663 2230 solus
2709 2175 2848 2230 inter
2905 2174 3152 2230 homines
3203 2188 3341 2245 quos
3392 2173 3622 2240 audivit,

345 2287 381 2358 ἢ
411 2285 553 2354 ἔγνω
576 2301 588 2314 ο
617 2285 651 2354 ἢ
703 2283 798 2337 καὶ
839 2282 1033 2346 οὕτως,
1079 2281 1128 2336 οἳ
1166 2283 1301 2353 πρὸς
1343 2281 1514 2351 ἀκοὴν
1554 2275 1721 2350 ἦλθον
1750 2318 1766 2342 ,
1795 2279 1829 2348 ἢ
1862 2273 1938 2332 ὧν

2046 2266 2128 2323 vel
2157 2265 2432 2338 cognovit,
2460 2265 2544 2322 vel
2573 2266 2736 2322 etiam
2752 2267 2854 2332 sic,
2885 2266 2976 2335 qui
3005 2269 3073 2320 ad
3109 2265 3304 2320 famam
3334 2273 3622 2328 venerunt,

347 2382 428 2443 είς
459 2379 765 2449 κατάληψιν
819 2377 956 2448 ἀκοὴ
986 2372 1148 2450 ἧκεν,
1195 2374 1227 2446 ἢ
1257 2373 1351 2438 οὒς
1379 2375 1448 2427 δι’
1473 2375 1643 2444 ἀκοῆς
1687 2373 1867 2443 ἴσμεν,
1900 2373 1935 2442 ἡ

2046 2360 2131 2417 vel
2157 2376 2387 2430 quorum
2439 2363 2580 2415 fama
2622 2360 2877 2424 innotuit,
2939 2360 3044 2425 vel,
3076 2374 3212 2430 quos
3267 2358 3408 2414 fama
3467 2359 3628 2414 novi-

343 2470 445 2533 οὐς
492 2467 750 2532 διασώζει
805 2449 1078 2539 μνήμη,ἤ
1132 2465 1226 2530 οὓς
1254 2466 1354 2518 οὐκ
1407 2465 1600 2519 ἔσϐεσε
1651 2465 1813 2535 λήθη,
1847 2465 1938 2518 καὶ

2047 2468 2190 2519 mus,
2229 2467 2366 2523 quos
2399 2452 2658 2508 memoria
2681 2451 2946 2517 servavit}
2973 2451 3059 2506 vel
3091 2465 3228 2520 quos
3264 2449 3466 2506 oblivio
3498 2464 3606 2504 non

349 2562 523 2618 πολλά
555 2560 802 2614 τοιαῦτα.

2048 2543 2266 2610 delevit,
2295 2543 2510 2614 aliaque
2540 2543 2763 2598 similia.

424 2633 550 2685 Ὅτι
579 2631 847 2701 φυλακεῖα
875 2628 926 2682 οἱ
980 2626 1348 2699 Ἀλεξανδρεῖς
1386 2627 1617 2682 ἐκάλουν
1649 2626 1718 2681 τὰ
1762 2627 1936 2696 ἐκμα-

2115 2633 2467 2687 Alexandrini
2510 2648 2718 2703 pannos
2751 2632 2994 2688 sordium
3041 2630 3386 2686 muliebrium
3441 2632 3621 2685 nomi-

350 2722 477 2788 γεῖα
516 2721 624 2773 τῶν
666 2719 994 2787 γυναικείων
1025 2719 1341 2790 μολυσμῶνζ
1375 2719 1488 2772 Οὐκ
1519 2713 1587 2789 ἦν
1625 2717 1683 2771 δὲ
1717 2718 1938 2789 γνήσιος

2047 2722 2253 2778 nabant
2282 2719 2569 2792 Phylacea.
2621 2719 2740 2775 Non
2774 2731 2930 2776 erant
2969 2721 3222 2791 legitima:
3273 2723 3493 2790 nuptias,
3522 2721 3629 2776 nisi

351 2815 381 2866 6
411 2813 610 2882 γάμος,
642 2814 690 2864 εί
724 2811 799 2882 μὴ
825 2814 852 2866 6
880 2811 1058 2882 ίερεύς
1087 2813 1116 2864 6
1160 2811 1258 2880 τῆς
1296 2810 1418 2864 θεοῦ
1450 2812 1507 2863 ἐν
1536 2812 1646 2869 τοῖς
1683 2811 1938 2879 γαμικοῖς

2046 2812 2300 2867 sacerdos
2329 2811 2416 2866 dei
2444 2811 2788 2866 matrimonia
2823 2826 2982 2866 manu
3029 2827 3129 2866 sua
3186 2819 3449 2866 notasset.
3506 2809 3634 2864 Hie.-

356 2903 709 2973 συμϐολαίοις
744 2901 1137 2973 ὐπεσημήνατο
1157 2902 1300 2972 χειρὶ
1330 2903 1395 2971 τῇ
1431 2899 1645 2954 ἑαυτοῦ.
1691 2901 1812 2953 Ὅτι
1845 2899 1938 2952 Ἱε-

2048 2904 2241 2970 rocles,
2275 2903 2365 2972 qui
2398 2903 2614 2958 scholas
2640 2903 2981 2958 Alexandria:
3007 2902 3261 2967 instituit,
3291 2913 3546 2958 constans
3577 2912 3636 2958 et

359 2995 559 3066 ροκλῆς
606 2996 650 3029 ³⁸
699 2997 726 3048 ό
764 2994 862 3058 τὰς
899 2997 956 3047 ἐν
1007 2993 1385 3065 Ἀλεξανδρείᾳ
1411 2993 1695 3064 διατριϐὰς
1745 2991 1919 3064 ὐψηλο

2057 2994 2374 3064 magniﬁcus
2398 2994 2685 3050 excellenti
2721 2995 2936 3066 ingenio
2974 3003 3026 3050 et
3055 2993 3308 3050 facundia
3337 2994 3632 3064 pulcherri-

355 3084 603 3158 φροσῦνῃ
630 3085 723 3138 καὶ
759 3084 1141 3156 μεγαληγορίᾳ
1171 3085 1477 3156 κοσμήσας,
1531 3083 1672 3154 μετά
1717 3081 1811 3136 τοῦ
1854 3099 1938 3134 σε-

2055 3101 2265 3140 morum
2299 3087 2602 3152 nominum,
2628 3096 2683 3141 et
2729 3088 3022 3141 verborum
3051 3085 3311 3142 facilitate
3369 3095 3424 3141 et
3452 3087 3630 3154 copia,

356 3175 493 3228 πτοῦ
522 3175 564 3206 *θ
586 3175 679 3228 καὶ
718 3173 1168 3245 μεγαλοπρεποῦς
1201 3172 1394 3247 εὐρους
1423 3175 1465 3206 ⁸¹
1487 3191 1543 3226 τε
1581 3174 1677 3243 τὴν
1707 3172 1938 3226 διάνοιαι

2055 3180 2107 3232 in
2141 3180 2222 3232 sui
2257 3179 2680 3233 admirationem
2732 3178 3009 3232 auditores
3051 3178 3322 3247 rapiebat,
3352 3193 3474 3232 cum
3513 3177 3636 3231 Pla-

355 3266 438 3330 εἰς
487 3265 801 3338 ὑπερϐολὴν
838 3260 906 3336 ἦν
957 3265 1040 3331 ⁸⁸,
1091 3266 1186 3318 καὶ
1235 3265 1504 3335 διαφέρων
1526 3263 1826 3334 εὐγλωττίᾳ
1855 3264 1938 3316 καὶ

2057 3269 2200 3324 tonis
2227 3271 2475 3324 oratione
2499 3278 2725 3325 venusta
2753 3279 2811 3325 et
2837 3271 2993 3324 docta
3034 3284 3250 3337 semper
3276 3271 3632 3325 contendens.

357 3359 588 3430 εὐπορίᾳ
633 3357 740 3411 τῶν
770 3357 1070 3411 καλλίστων
1098 3356 1376 3426 ὀνομάτων
1411 3357 1502 3408 καὶ
1523 3355 1782 3427 ῥημάτων
1813 3371 1949 3408 κατ-

357 3450 594 3519 έπληττε
642 3449 891 3519 πανταχῆ
941 3448 986 3480 ⁸³
1034 3449 1159 3510 τούς
1208 3448 1618 3519 ἀκροωμένους,
1661 3447 1797 3516 πρὸς
1851 3445 1950 3516 τὴν

364 3541 655 3604 Πλάτωνος
716 3541 1090 3611 ἁμιλλώμενος
1143 3539 1230 3591 ἀεὶ
1289 3536 1804 3610 καλλιρρημοσύνην
1855 3537 1950 3590 καὶ

364 3633 678 3686 πολύνοιαν.
734 3625 903 3696 Οὗτός
943 3648 1072 3683 ποτε
1120 3631 1210 3683 τὸν
1241 3629 1526 3693 Πλάτωνος
1559 3628 1788 3701 Γοργίαν
1838 3629 1950 3692 τοῖς

364 3724 606 3794 ἑταίροις
636 3722 888 3792 ἐξηγεῖτο
913 3738 927 3752 ⁸
960 3716 1041 3784 εἷς
1069 3721 1126 3774 δέ
1156 3739 1240 3784 τις
1281 3722 1388 3775 τῶν
1421 3721 1724 3790 ἀκροατῶν.
1755 3719 1950 3772 Θεοσέ-

363 3815 504 3880 ϐιος,
563 3815 924 3884 ἀπεγράψατο
977 3814 1022 3846 δ’*
1066 3814 1164 3883 τὴν
1213 3813 1492 3883 ἐξήγησιν.
1551 3811 1718 3864 Πάλιν
1767 3810 1825 3863 δ’
1866 3805 1953 3863 οἷα

365 3906 536 3970 είκδς,
587 3907 650 3958 ἐκ
696 3906 948 3976 δευτέρου
977 3905 1069 3958 τοῦ
1106 3904 1432 3973 Ἱεροκλέους
1461 3904 1542 3967 είς
1568 3903 1661 3956 τὸν
1718 3901 1951 3972 Γοργίαν

370 3998 858 4066 καταϐαλλομένου
912 3997 1052 4066 μετά
1093 4013 1216 4049 τινα
1258 3996 1450 4065 χρόνον
1480 3995 1577 4066 τὴν
1619 3994 1876 4065 ἐξήγησιν
1927 3995 1956 4047 ὁ

369 4090 542 4154 αὐτὸς
603 4089 806 4160 ταύτην
841 4089 1220 4160 ἀπεγράψατο,
1257 4088 1351 4140 καὶ
1403 4084 1858 4160 ἀντιπαραϐαλὼν
1909 4087 1954 4119 ⁸³

367 4182 442 4235 τὰ
490 4181 734 4251 πρότερα
782 4181 878 4234 καὶ
925 4181 995 4232 τὰ
1026 4179 1226 4251 ὕστερα.
1255 4173 1415 4250 εὗρεν
1453 4179 1604 4231 οὐδὲν
1637 4178 1747 4230 τῶν
1776 4177 1956 4232 αὐτῶν

371 4274 450 4336 ώς
475 4271 604 4335 ἕπος
633 4273 825 4334 εἰπεῖν,
857 4269 1096 4340 ἑκάτερα
1125 4269 1182 4322 δὲ
1225 4270 1396 4339 ὅμως,
1440 4269 1468 4322 ὃ
1517 4270 1610 4321 καὶ
1645 4267 1956 4339 παράλογον

371 4362 630 4428 ἀκοῦσαι,
664 4363 763 4429 τῆς
806 4361 1091 4423 Πλάτωνος
1140 4359 1375 4430 ἐχόμενα
1408 4359 1526 4412 καθ’
1563 4359 1685 4411 ὅσον
1732 4352 1844 4411 οἷόν
1898 4376 1957 4410 τε

374 4454 774 4527 προαιρέσεως.
823 4452 1010 4522 Τούτῳ
1049 4451 1094 4484 ⁸⁸
1150 4453 1246 4521 μὲν
1305 4450 1398 4504 οῦν
1447 4451 1815 4504 ἐπιδείκνυται
1863 4453 1956 4506 τοῦ

371 4549 569 4617 ἀνδρὸς
599 4546 786 4618 ἡλίκον
809 4542 877 4618 ἦν
911 4546 1021 4615 ἀρα
1057 4545 1118 4598 τὸ
1165 4545 1274 4597 τῶν
1319 4543 1534 4614 φρενῶν
1566 4543 1820 4612 πέλαγος.
1853 4545 1956 4598 Γυ-

373 4641 540 4692 ναῖκα
571 4638 887 4692 παιδοποιὸν
917 4637 1130 4705 ἄγεται.
1179 4634 1268 4696 Ὠς
1290 4634 1334 4686 δ’
1361 4635 1460 4687 οὐκ
1499 4633 1745 4688 ἐπείθετο
1766 4634 1825 4687 τὸ
1846 4635 1957 4687 δαιο

376 4730 562 4801 μόνιον
613 4731 712 4799 τῆς
758 4729 1016 4799 γυναικὸς
1060 4726 1296 4794 ἐξελθεῖν
1345 4725 1524 4795 λόγοις
1555 4727 1953 4798 ἡμερωτέροις,

2057 3359 2155 3414 llic
2183 3359 2473 3429 aliquando
2507 3357 2750 3414 Platonis
2781 3357 3033 3428 Gorgiam
3088 3358 3256 3412 sociis
3302 3357 3634 3428 explicabat.

2059 3452 2209 3508 Unus
2265 3466 2396 3506 vero
2445 3451 2755 3506 auditorum
2824 3448 3160 3505 Theosebius
3214 3450 3631 3517 explicationem

2056 3544 2364 3612 descripsit.
2397 3542 2598 3598 Iterum
2619 3557 2766 3608 vero,
2799 3551 2857 3596 ut
2881 3541 3180 3596 verisimile
3202 3551 3306 3606 est,
3337 3543 3636 3597 secundam

2055 3637 2468 3707 explicationem
2521 3633 2790 3690 Hieroclis
2887 3632 3144 3704 Gorgiam
3204 3633 3403 3704 339a
3465 3636 3642 3705 expli-

2057 3729 2232 3782 cantis
2256 3735 2380 3798 post
2411 3727 2627 3798 aliquod
2664 3736 2876 3796 tempus
2926 3725 3181 3783 similiter
3229 3727 3542 3796 descripsit,
3577 3737 3635 3780 et

2059 3819 2270 3873 collatis
2315 3819 2586 3888 prioribus
2614 3831 2736 3872 cum
2773 3817 3048 3880 secundis,
3076 3816 3230 3881 nihil,
3258 3825 3316 3871 ut
3341 3817 3419 3872 sic
3440 3817 3639 3883 dicam,

2059 3910 2372 3964 eorumdem
2448 3909 2674 3963 invenit.
2732 3906 2976 3978 Utraque
3035 3918 3239 3974 tamen,
3305 3907 3448 3976 quod
3507 3922 3639 3962 sane

2061 4002 2246 4054 auditu
2282 4016 2476 4054 novum
2500 3999 3086 4068 eSt,Platouis,quoad
3111 3997 3227 4067 ejus
3257 3997 3375 4053 fieri
3399 4008 3638 4068 poterat.

2063 4094 2367 4148 institutum
2402 4095 2731 4148 continebat.
2769 4091 2908 4146 llinc
2961 4091 3234 4160 colligitur
3289 4100 3491 4161 quanta
3542 4091 3643 4144 viri

2063 4186 2203 4239 illius
2232 4186 2284 4238 in
2318 4185 2606 4240 sententiis
2660 4185 2837 4253 copia.
2877 4181 3112 4238 Uxorem
3165 4197 3386 4252 quoque
3413 4197 3478 4237 ex
3535 4198 3645 4251 qua

2065 4278 2266 4332 liberos
2301 4278 2626 4347 susciperet,
2682 4278 2852 4340 ducit,
2911 4274 3065 4343 cujus
3119 4285 3408 4344 postquam
3436 4277 3642 4328 dazmo-

2069 4369 2215 4422 nium
2250 4368 2712 4422 mansuetioribus
2735 4366 2917 4420 verbis
2945 4367 3130 4434 egredi
3159 4375 3461 4432 recusaret,
3484 4365 3646 4436 jura-

2071 4461 2268 4516 mentis
2294 4460 2422 4514 illud
2452 4458 2809 4524 Theosebius,
2841 4459 3094 4526 quamvis
3142 4475 3243 4513 nec
3286 4459 3478 4529 magia:
3497 4470 3644 4515 esset

2082 4551 2312 4619 peritus,
2354 4564 2453 4604 nec
2499 4548 2761 4603 miracula
2796 4557 3092 4618 patrasset,
3145 4548 3298 4602 exire
3362 4549 3642 4618 compulit.

2069 4643 2282 4696 Juravit
2309 4641 2437 4696 solis
2479 4641 2661 4695 radios
2689 4641 3050 4710 praetendens,
3104 4655 3201 4710 per
3224 4642 3387 4696 Deum
3424 4641 3649 4697 llebrze-

2068 4750 2222 4786 orum
2263 4732 2360 4803 (8).
2408 4731 2624 4787 Daemon
2681 4747 2809 4787 vero
2838 4732 3098 4802 expulsus
3144 4742 3230 4788 est
3280 4733 3540 4797 clamans,
3587 4751 3650 4791 se

1642 4819 1874 4878 VARI/13
1909 4825 2310 4882 LECTIONES.

473 4916 593 4950 ςγδι
623 4917 650 4968 ὁ
773 4944 838 4954 _

879 4909 1259 4982 βεϐουλεῦσθαι
1295 4910 1368 4982 ᾼε
1422 4910 1543 4982 οὐδὲ
1599 4911 2014 4974 -βοιιλεύεσθαι

2074 4936 2132 4983 ς.
2211 4910 2379 4990 ’βοῦν
2412 4924 2640 4990 οιῌιηοξι
2674 4916 2748 4990 6‘_
2766 4917 2897 4990 add.
2957 4917 3023 4970 Δ.
3102 4915 3150 4990 ³ξ³
3169 4915 3268 4990 τὴν
3313 4916 3492 4990 ψυχὴν
3531 4933 3650 4990 post

377 4988 653 5070 βάρξαρος
679 4983 830 5070 mut
856 4978 1026 5070 “a'f
1075 4978 1933 5070 έτεξίεὲξἯἒῖέῖιξτξδὲἱιξιιυιεςη·
1954 4978 2102 5070 Tim?
2124 5003 2178 5058 ρο
2218 4987 2448 5070 ειεξαλ-
2473 4986 2516 5016 ³¹
2577 4985 2756 5070 ,β
2799 4987 3021 5070 εξίςς·
3166 4978 3556 5070 κςίὶ-τῆ;ί’ί’ῖὴίι
3591 4990 3650 5070 at

380 5053 580 5113 Siridas
605 5073 658 5112 v.
680 5053 1030 5123 ‘AOpumoc.

381 5269 665 5341 εγράψατο
685 5266 750 5320 Α.
826 5264 871 5296 ’⁸⁸
902 5261 1382 5334 ἀντιπαραϐάλλων
1415 5263 1474 5317 Β.
1551 5261 1596 5293 ⁸⁸
1626 5262 1784 5317 τοῦτο
1815 5283 1874 5330 ς.

606 5047 658 5139 ν,
680 5047 1030 5139 ’Ἅθρμπτοᾳ
1120 5052 1165 5139 εἶ
1198 5047 1437 5139 segnia).
1469 5051 1752 5139 sgvgeijlem.
1807 5054 2106 5139 τρόπον
2126 5047 2488 5139 ’ροειὲληθῶς
2509 5047 2659 5139 ponit
2829 5057 2874 5089 ³⁸
3032 5055 3326 5139 τύχηςᾸΞῆς
3580 5062 3647 5124 A,

377 5146 491 5186 om.
526 5128 738 5198 Suidas.
883 5123 957 5184 ὡς
985 5139 1094 5198 oin.
1128 5122 1237 5198 Α..Δ
1277 5117 1334 5198 ³³*
1495 5120 1692 5198 Suidas
1722 5139 1773 5176 v.
1807 5117 1970 5198 'HltE
2002 5117 2188 5198 ἥλικα.
2230 5129 2308 5198 ﬂ"
2342 5117 2422 5178 ὅτι
2447 5117 2479 5177 ό
2508 5117 2776 5198 ᾎεροκλῆς
2807 5145 2868 5191 ς.

379 5216 504 5255 cum
538 5197 788 5270 Suidav.
829 5193 1123 5270 Ἱεροκλῆς.
1183 5191 1510 5270 Ῐξῇεὖρῤ-ους
1663 5207 1786 5270 cum
1833 5190 2044 5254 eodem.
2123 5200 2168 5231 “
2225 5193 2295 5270 ἦν
2331 5210 2441 5252 om.
2503 5190 2719 5253 Suidas.

2945 5123 2990 5155 "°
3027 5123 3250 5199 σεέἐῖοῦ]
3283 5123 3556 5199 ἀτρέπτου
3581 5134 3647 5185 Α.

2814 5200 2862 5237 ⁸³
2902 5195 3174 5264 πανταχοῦ
3232 5195 3406 5254 idem.
3455 5201 3506 5233 ⁸⁸
3549 5203 3650 5254 ἐπ-

1923 5355 2151 5416 NOTAE.

457 5451 536 5521 (6)
578 5449 777 5506 Suidzts
801 5451 854 5506 in
900 5451 1110 5504 Dorico.

463 5516 540 5591 (7')
574 5522 739 5576 Arist.
780 5523 874 5578 lib.
907 5521 1162 5577 IIl/actor.
1221 5535 1342 5590 cap.
1399 5517 1470 5572 De
1519 5516 1796 5586 voluptate,
1847 5517 1968 5593 ἧλιξ

386 5594 548 5657 ἥλικα
582 5594 791 5661 τέρπει.

2152 5452 2226 5521 (8)
2257 5451 2537 5505 Christum
2600 5450 2868 5517 intelligit.
2920 5449 3092 5522 ιιιιὰξί
3140 5450 3283 5508 enim
3334 5463 3396 5516 et.
3441 5453 3650 5514 Hebraei

2077 5525 2230 5578 initio
2258 5532 2383 5578 sunt
2406 5522 3013 5593 appeilatl’Christiani.
