3990 6232
357 371 498 438 1265

1452 383 1978 446 BlBLlOTIIECA.
1995 412 2062 423 -
2088 387 2252 450 COD.
2290 392 2562 458 CCXL“.

3478 397 3612 465 1266

360 491 621 556 γώτατον,
644 487 724 542 ὅτι
762 487 948 557 φασὶν,
979 489 1168 561 ἐπειδὴ
1205 491 1560 548 πεπτώκασιν
1594 496 1640 547 0i
1689 497 1933 567 μαχόμε-

2042 499 2280 571 integras
2317 516 2504 562 noctes
2537 516 2591 562 et
2619 507 2757 572 dies,
2822 509 2961 564 nihil
2995 510 3300 565 viventibus
3327 514 3611 580 pugnando

350 596 455 644 νοι,
481 580 592 641 τοῖς
610 576 856 648 σώμασιν
871 581 1220 646 ἀπειπόντες,
1235 582 1315 636 ἔτι
1338 587 1478 648 ταῖς,
1501 585 1702 656 ψυχαῖς
1722 587 1940 641 ἵσταντο

351 668 722 739 πολεμοῦντες
775 671 868 724 ἐπὶ
911 672 1062 742 τρεῖς
1114 672 1330 744 ἡμέρας
1383 674 1512 737 ὅλας
1570 677 1665 730 καὶ
1712 676 1938 746 νύκτας,

350 762 506 815 οὐδὲν
533 762 640 816 τῶν
687 761 906 826 ζώντων
957 765 1039 826 εἰς
1079 764 1270 831 ἀγῶνα
1317 767 1781 837 ἀπολειπόμενοι,
1813 767 1938 823 οὗτε

351 853 500 907 κατὰ
547 855 736 922 χεῖρας
789 851 914 905 οὔτε
963 854 1105 906 κατὰ
1139 854 1331 924 θυμόν.
1375 856 1618 928 Ἐωρᾶτο
1663 857 1796 926 γοῦν
1842 861 1940 913 καὶ

349 945 588 1016 ἠκούετο
617 945 684 998 τὰ
704 943 903 998 εἴδωλα
935 945 1042 998 τῶν
1070 945 1257 1016 ψυχῶν
1283 948 1682 1020 ἀντιφερόμενα
1699 950 1794 1003 καὶ
1823 953 1939 1014 τοῖς

349 1036 540 1099 ὅπλοις
581 1036 1054 1106 ἀντιπαταγοῢντα
1079 1038 1148 1092 ⁸³.
1179 1039 1290 1092 Καὶ
1321 1040 1525 1110 ἀρχαῖα
1574 1039 1631 1094 δὲ
1661 1040 1798 1095 ἄλλα
1828 1059 1940 1096 τοι-

350 1127 494 1182 αῦτα
548 1129 808 1199 φάσματα
867 1130 914 1161 ⁶⁴
967 1129 1220 1200 πολέμων
1281 1130 1442 1202 μέχρι
1503 1131 1598 1185 νῦν
1645 1133 1935 1201 φαίνεσθαί

351 1239 488 1290 φησι
506 1221 575 1284 ⁸⁸,
607 1221 747 1293 πλὴν
777 1223 860 1275 ὅτι
901 1221 1074 1276 ταῦτα
1103 1222 1175 1276 τὰ
1213 1223 1258 1254 ⁸⁸
1285 1223 1383 1294 μὲν
1411 1223 1568 1288 ἄλλα,
1599 1226 1700 1279 ὅσα
1733 1225 1936 1291 ζῶντες

349 1313 629 1384 ἄνθρωποι
679 1315 823 1368 κατὰ
875 1313 1114 1384 πόλεμον
1161 1314 1400 1386 δρῶσιν,
1453 1317 1608 1372 οὐδὲν
1661 1317 1931 1390 ὑστερεῖν,

349 1405 688 1475 φθέγγεσθαι
707 1406 762 1460 δὲ
795 1405 915 1459 οὐδὲ
944 1406 988 1438 ⁸⁷
1015 1408 1106 1459 ἐπὶ
1129 1407 1345 1478 μικρόν.
1371 1408 1482 1462 Καὶ
1505 1407 1563 1461 ἓν
1596 1408 1694 1480 μὲν
1717 1411 1938 1480 ἐπιφαί-

348 1499 539 1552 νεσθαι
581 1501 638 1551 ὲν
660 1497 706 1530 ⁸³
735 1497 814 1570 τῷ
857 1499 986 1569 περὶ
1026 1499 1231 1568 Σόγδαν
1253 1500 1301 1532 ⁸⁸
1350 1501 1482 1554 ποτὲ
1525 1501 1724 1571 λίμνην
1767 1501 1934 1558 οὖσαν

347 1589 541 1658 πεδίῳ,
567 1589 853 1657 φαίνεσθαι
900 1590 945 1644 δ’
975 1590 1080 1644 ὑπὸ
1105 1591 1206 1659 τὴν
1238 1590 1313 1645 ἕω
1347 1592 1409 1645 τὸ
1430 1592 1476 1624 "°
1505 1594 1715 1663 φάσμα,
1757 1594 1934 1665 φωτὸς

348 1681 454 1752 ἢδη
488 1681 620 1754 [555
651 1681 745 1756 Η.]
778 1683 877 1754 τὴν
909 1684 1014 1755 γῆν
1047 1685 1477 1754 ὐπαυγάξοντος,
1509 1687 1762 1758 δεύτερον
1793 1689 1836 1743 δ’
1873 1691 1933 1743 ὲν

350 1769 621 1842 Κούρὸοις
667 1773 711 1804 ⁷⁸
755 1773 1015 1844 χωρίῳτί
1065 1775 1167 1844 τῆς
1217 1777 1464 1846 Καρίαςο
1505 1778 1563 1829 ὲν
1602 1776 1776 1849 τούτῳ
1823 1778 1932 1850 γὰρ

2045 586 2356 654 inferiores,
2416 607 2594 662 neque
2659 597 2930 660 manibus,
2987 614 3160 667 neque
3221 599 3423 652 animo.
3471 597 3609 654 Visa:

2043 675 2209 746 igitur
2253 691 2306 736 et
2345 682 2546 738 audita:
2589 685 2893 740 animarum
2948 686 3134 743 forma:
3177 697 3499 758 pugnantes,
3551 699 3607 745 et

2043 771 2214 827 armis
2243 783 2569 844 strepentes,
2601 785 2656 830 et
2684 778 2956 847 antiquas,
2989 780 3305 849 similesque
3343 781 3604 835 bellorum

2040 859 2207 915 facies
2226 861 2278 916 in
2301 864 2441 919 hunc
2468 873 2639 934 usque
2654 867 2800 921 diem
2813 868 2980 924 videri
3005 870 3178 935 aiunt,
3201 870 3302 924 nisi
3324 871 3464 938 quod
3487 885 3606 924 om-

2043 953 2128 1006 nia
2166 954 2252 1008 illa
2282 955 2552 1022 faciendo,
2575 972 2695 1027 qua
2720 959 2826 1014 vivi
2851 959 3100 1014 homines
3121 961 3369 1015 bellando
3401 960 3602 1025 solent,

2040 1056 2110 1096 ne
2141 1058 2366 1112 parvam
2397 1045 2616 1114 quidem
2645 1048 2805 1101 edere
2851 1063 3036 1104 vocem
3073 1049 3306 1118 possint,
3361 1057 3415 1104 et
3443 1064 3610 1103 unum

2039 1144 2313 1200 spectrum
2342 1135 2557 1203 quidem
2586 1137 2755 1191 videri
2806 1137 2856 1191 in
2876 1153 3068 1206 campo
3089 1139 3243 1206 juxta
3277 1139 3478 1194 Sudam
3513 1137 3610 1209 [αι.

2039 1224 2293 1299 Soedant]
2321 1265 2336 1290 ,
2368 1227 2458 1296 qui
2477 1227 2604 1281 olim
2642 1229 2793 1299 palus
2820 1228 2962 1286 fuit:
3000 1232 3166 1286 videri
3216 1240 3394 1286 autem
3452 1245 3612 1285 mane

2039 1317 2330 1383 visionem,
2359 1333 2558 1372 aurora
2603 1317 2717 1387 jam
2755 1329 2956 1375 terram
2983 1322 3310 1380 illustrante.
3361 1322 3611 1378 Secundo

2037 1405 2091 1460 in
2115 1406 2284 1462 Cubis
2314 1422 2506 1478 campo
2541 1405 2740 1466 Cariae.
2770 1410 2849 1466 lbi
2900 1413 3044 1467 enim
3080 1428 3184 1469 non
3215 1414 3476 1482 quotidie,
3517 1414 3610 1469 sed

2038 1497 2308 1552 interdum
2357 1499 2635 1570 aliquibus
2677 1501 2887 1568 diebus,
2951 1518 3051 1559 nec
3082 1504 3188 1563 illis
3210 1504 3398 1571 certis,
3466 1503 3611 1559 circa

2036 1589 2415 1658 crepusculum
2463 1592 2794 1646 matutinum
2853 1607 3047 1647 aurora
3098 1593 3331 1658 oriente,
3365 1595 3419 1648 in
3485 1605 3612 1649 aere

2034 1676 2340 1748 frequentia
2365 1680 2670 1736 animarum
2701 1691 2918 1753 spectra
2948 1684 3258 1738 umbrarum
3284 1684 3452 1755 ﬁgura
3473 1684 3614 1738 inter

2036 1785 2096 1828 se
2117 1774 2416 1843 pugnantia
2445 1774 2637 1830 videri.
2662 1776 2726 1830 Et
2751 1785 2937 1832 nostra
2962 1785 3282 1847 tempestate
3311 1777 3462 1832 multi
3489 1791 3613 1830 nar-

350 1836 641 1930 φαίνεσθαι
668 1862 728 1916 ού
757 1836 886 1917 καθ’
912 1836 1159 1936 έκάστην
1205 1836 1445 1936 ἡμέραν,
1471 1867 1586 1920 ἀλλ’
1617 1836 1788 1922 ἐνίοτε
1815 1836 1933 1925 διαζ

2042 1875 2224 1919 rarunt
2261 1865 2506 1922 homines
2531 1867 2685 1921 bona:
2718 1867 2862 1933 lldei,
2886 1867 3038 1934 juxta
3064 1869 3307 1923 Siciliam
3343 1867 3395 1921 in
3413 1881 3605 1936 campo

348 1952 612 2009 λείποντα
640 1955 829 2021 ὀλίγας
859 1957 1031 2022 τινάς,
1054 1957 1176 2011 οὐδὲ
1202 1958 1518 2029 ὡρισμένας
1539 1961 1586 1994 ⁷³
1615 1978 1680 2029 γε
1705 1961 1932 2028 ταύτας,

351 2043 483 2114 περὶ
520 2043 718 2116 ὄρθρον
775 2047 881 2110 ἕως
910 2047 1062 2118 ἡλίου
1099 2047 1360 2120 λαμπρᾶς
1392 2051 1660 2122 ἀνατολῆς
1700 2054 1759 2105 ὲν
1811 2054 1934 2123 ἀέρι

347 2135 708 2204 διαφοιτῶντα
763 2137 952 2209 ψυχῶν
1008 2140 1144 2194 ἄττα
1205 2143 1444 2212 σκιοειδῆ
1501 2144 1866 2211 φαντάσματα
1891 2145 1937 2176 ⁷⁵

350 2225 695 2295 πολεμοῦντα
728 2228 1000 2300 ἀλλήλοις.
1032 2232 1142 2286 Καὶ
1173 2233 1231 2286 ὲν
1257 2234 1370 2293 τοῖς
1400 2233 1522 2286 καθ’
1546 2236 1696 2308 ἡμᾶς
1727 2237 1783 2288 δὲ
1812 2235 1937 2306 χρόα

2034 1958 2312 2012 nominato
2331 1955 2543 2029 340a
2575 1956 2955 2030 Tetrapyrgio,
2985 1969 3038 2014 et
3067 1962 3119 2013 in
3147 1959 3269 2013 aliis
3292 1975 3397 2015 non
3424 1957 3615 2028 paucis

2035 2048 2170 2105 locis
2202 2050 2372 2104 videri
2413 2052 2656 2118 equitum
2704 2050 3066 2121 pugnantium
3099 2050 3414 2115 simulacra,
3443 2049 3606 2120 idque

2035 2141 2273 2198 maxime
2301 2143 2510 2197 aestatis
2565 2152 2824 2214 tempore,
2874 2159 2998 2198 cum
3061 2142 3485 2199 ardentissimus
3525 2152 3612 2198 est

2038 2234 2314 2290 meridies.

349 2334 462 2383 νοις
489 2319 672 2373 πολλοὶ
700 2322 1054 2392 διηγήσαντο,
1089 2323 1186 2393 οὐχ
1207 2319 1310 2376 οἷοί
1339 2340 1399 2376 τε
1427 2323 1579 2389 ὄντες
1607 2324 1920 2395 ψεύδεσθαι,
1963 2328 2106 2383 κατὰ
2139 2328 2388 2382 Σικελίαν
2430 2331 2489 2382 ὲν
2552 2325 2631 2398 τῷ
2668 2325 2946 2398 λεγομένῳ
2983 2325 3148 2396 πεδίῳ
3229 2323 3618 2396 τετραπυργίω

350 2409 448 2465 καὶ
479 2413 539 2465 ὲν
567 2412 746 2477 ἄλλοις
774 2414 873 2466 οὐκ
907 2413 1109 2480 ὀλίγοις
1159 2415 1328 2485 αὐτῆς
1349 2414 1394 2447 ⁷⁸
1428 2416 1653 2486 μέρεσιν
1699 2419 1927 2488 ὁρᾶσθαι
1971 2418 2214 2472 ίπποτῶν
2243 2418 2520 2490 πολεμίων
2553 2416 2960 2472 ἐπελαυνόντων
2990 2416 3274 2486 φάσματα,
3316 2413 3459 2467 κατά
3517 2415 3612 2468 τὸν

348 2503 442 2559 τοῦ
479 2503 670 2575 θέρους
703 2506 937 2576 μάλιστα
971 2511 1186 2576 καιρὸν.
1220 2509 1565 2581 μεσημϐρίας
1599 2512 1872 2584 σταθηρᾶς
1887 2513 1933 2545 ’⁷⁸
1971 2514 2285 2585 ἱσταμένης.

422 2595 546 2650 Ὀτι
589 2597 682 2650 τὸν
711 2597 952 2668 Σεόήρου
983 2598 1027 2629 ⁷⁷
1069 2597 1233 2651 ἵππον
1271 2599 1408 2669 φησὶ
1436 2599 1744 2670 (Ῥωμαῖος
1785 2601 1832 2653 δ’
1857 2598 1927 2672 ἦν

348 2679 544 2754 οὗτος,
591 2689 689 2742 καὶ
741 2689 1028 2758 Ἀνθεμίου
1080 2691 1454 2762 παρασχόντος
1500 2692 1723 2754 ἐλπίδας
1767 2693 1844 2756 ὡς
1893 2694 1928 2764 ἡ

361 2777 552 2850 Ῥώμη
601 2779 843 2833 πεσοῦσα
902 2780 1063 2833 πάλιν
1105 2779 1173 2832 δι’
1205 2779 1371 2833 αὐτοῦ
1419 2781 1804 2852 ἀναστήσεται,
1836 2781 1929 2835 ἐπὶ

363 2868 606 2942 Ῥώμην,
627 2871 832 2939 ταύτης
853 2874 1348 2943 προαναχωρὴσας,
1373 2873 1616 2944 ἐπανῆκε
1647 2873 1740 2926 καὶ
1760 2873 1927 2944 τιμῆς

347 2961 625 3034 ὑπατικῆς
645 2962 848 3033 ἔτυχε),
891 2964 1082 3017 τούτου
1109 2964 1290 3017 τοίνυν
1311 2966 1340 3017 ό
1368 2964 1552 3032 ἵππος,
1582 2958 1627 3034 ᾧ
1650 2965 1719 3018 τά
1757 2965 1931 3018 πολλὰ

351 3055 591 3126 ἐχρῆτο,
652 3055 961 3125 ψηχόμενος
1014 3057 1320 3128 σπινθῆρας
1368 3057 1478 3110 άπὸ
1524 3057 1620 3110 τοῦ
1680 3057 1932 3128 σώματος

351 3146 580 3208 πολλούς
595 3163 655 3199 τε
674 3147 768 3200 καὶ
800 3147 1066 3218 μεγάλους
1087 3149 1258 3216 ὴφίει,
1280 3148 1384 3213 ἕως
1407 3147 1555 3219 αὐτῷ
1583 3148 1643 3202 τὸ
1662 3151 1828 3219 τέρας
1852 3150 1932 3212 εἰς

2107 2603 2293 2660 Severi
2321 2619 2494 2674 equus
2527 2604 2638 2676 (qui
2668 2603 2948 2660 Romanus
2983 2612 3123 2667 erat,
3171 2616 3321 2671 spem
3379 2601 3614 2659 faciente

2034 2691 2347 2756 Anthemio,
2378 2691 2603 2746 Romam
2634 2705 2879 2746 eversam
2924 2691 3119 2745 iterum
3153 2703 3250 2756 per
3295 2691 3469 2758 ipsum
3493 2690 3607 2744 eri-

2037 2783 2267 2853 gendam
2304 2781 2557 2847 Romam,
2591 2781 2698 2836 hac
2743 2795 2839 2850 spe
2867 2793 2991 2834 cum
3042 2781 3194 2848 prius
3246 2779 3610 2842 discessisset,

2038 2892 2290 2933 reversus
2313 2879 2650 2932 consulatuum
2683 2875 2931 2945 adeptus)
2966 2891 2979 2929 :
3012 2875 3173 2943 hujus
3201 2875 3367 2944 igitur
3417 2889 3612 2942 equus,

2039 2983 2146 3041 quo
2171 2968 2397 3023 multum
2429 2983 2558 3023 usus
2589 2978 2693 3033 est,
2718 2977 2980 3022 tractatus
3022 2968 3288 3022 scintillas
3319 2982 3350 3023 e
3379 2981 3608 3036 corpore

2040 3059 2258 3125 multas,
2286 3067 2342 3114 et
2367 3073 2596 3127 magnas
2628 3057 2813 3127 ejecit,
2853 3059 3021 3112 donec
3047 3056 3122 3111 illi
3178 3067 3486 3127 portentum
3516 3058 3618 3112 hoc

2041 3151 2106 3206 ad
2132 3150 2480 3206 consularem
2509 3150 2831 3218 dignitatem
2868 3147 3052 3203 Romae
3093 3147 3242 3203 illum
3272 3148 3452 3203 evexit
3478 3148 3615 3219 (ll).

349 3237 450 3310 τὴν
471 3238 742 3309 ὑπατικὴν
771 3239 948 3310 ἀρχὴν
965 3240 1021 3291 ὲν
1040 3242 1105 3310 τῇ
1134 3238 1323 3312 Ῥώμῃ
1351 3239 1662 3310 κατηνύσθη
1685 3241 1749 3296 ⁷⁸.
1777 3241 1934 3294 Ἀλλά

2042 3241 2148 3297 Sed
2175 3251 2231 3297 et
2257 3239 2476 3296 Tiberio
2501 3242 2714 3304 asinus,
2745 3249 2806 3294 ut
2837 3239 3002 3294 refert
3036 3238 3362 3294 Plutarchus
3393 3237 3616 3294 Charo-

349 3327 451 3382 καὶ
473 3327 710 3400 Τιϐερίῳ
735 3329 873 3394 ὄνος,
893 3331 968 3393 ὼς
991 3329 1338 3400 Πλούταρχος
1358 3332 1386 3384 ὁ
1404 3330 1719 3401 Χαιρωνεύς
1746 3347 1932 3400 φησιν,

351 3417 435 3472 ἔτι
464 3420 733 3490 μειρακίῳ
761 3421 876 3474 δντι
904 3423 995 3474 καὶ
1049 3423 1106 3474 ἐν
1141 3421 1324 3492 Ῥώδῳ
1355 3423 1448 3474 ἐπὶ
1490 3421 1669 3489 λόγοις
1715 3425 1935 3492 ῥητορι-

351 3512 472 3574 κοῖς
523 3511 852 3582 διατρίϐοντι
885 3512 1042 3584 [1041
1077 3513 1194 3584 3.],
1235 3513 1334 3585 τὴν
1387 3513 1666 3584 βασιλείαν
1701 3514 1791 3567 διὰ
1841 3513 1935 3566 τοῦ

353 3601 523 3656 αὐτοῦ
548 3604 596 3634 ⁷⁹
636 3603 960 3674 παθήματος
991 3607 1394 3675 προεμήνυσεν.
1437 3605 1600 3658 Ἀλλὰ
1633 3607 1862 3658 καὶτῶν
1890 3606 1937 3638 ⁸⁸

354 3694 491 3764 περὶ
542 3693 791 3749 ’Δττίλαν
823 3694 920 3749 ἕνα
962 3694 1091 3749 ὄντα
1139 3696 1232 3749 τὸν
1271 3695 1567 3766 Βαλίμεριν
1608 3697 1652 3728 ⁸¹
1690 3697 1798 3750 ἀπὸ
1842 3697 1936 3750 τοῦ

353 3786 556 3839 οἰκείου
587 3786 839 3855 σώματος
883 3787 1216 3842 ἀποπάλλειν
1274 3789 1610 3860 σπινθῆρας*
1642 3791 1671 3844 ὁ
1710 3790 1767 3843 δὲ
1811 3786 1881 3860 ἦν
1909 3789 1938 3842 ὁ

355 3874 650 3949 Βαλίμερις
701 3878 1026 3950 Θευδερίχου
1063 3879 1284 3951 πατὴρ,
1338 3879 1397 3944 ὃς
1449 3879 1544 3933 νῦν
1573 3880 1633 3934 τὸ
1679 3881 1938 3951 μέγιστον

356 3965 474 4038 ἔχει
508 3968 708 4040 κράτος
744 3970 975 4033 Ἰταλίας
1021 3974 1204 4042 πάσης
1231 3972 1299 4024 ⁸⁸.
1352 3971 1518 4039 Λέγει
1561 3971 1620 4024 δὲ
1675 3973 1770 4024 καὶ
1811 3972 1940 4042 περὶ

357 4056 552 4110 ἑαυτοῦ
587 4060 616 4111 ό
656 4060 1005 4129 συγγραφεὺς
1058 4061 1134 4124 ὼς
1170 4061 1280 4115 Καὶ
1318 4061 1450 4130 ἐμοὶ
1490 4061 1835 4130 ἐνδυομένῳ
1875 4078 1940 4115 τε

355 4146 458 4201 καὶ
478 4147 836 4218 ἐκδυομένῳ,
862 4153 916 4204 εί
948 4151 1048 4206 καὶ
1091 4151 1354 4206 σπάνιον
1386 4151 1563 4206 τοῦτο
1590 4153 1932 4221 συμϐαίνει,

355 4241 676 4308 συμϐαίνει
697 4242 750 4294 δ’
772 4238 887 4297 οὖν
905 4242 1245 4312 σπινθῆρας
1263 4241 1586 4312 ἀποπηδᾷν
1606 4243 1937 4309 ἐξαισίους,

357 4331 488 4386 ἔσθ’
523 4332 621 4386 ὅτε
651 4335 750 4389 καὶ
780 4335 1011 4389 κτύπον
1031 4335 1428 4406 παρέχοντας,
1459 4335 1654 4389 ἐνίοτε
1682 4335 1749 4388 δὲ
1770 4336 1818 4368 ⁸³
1839 4335 1942 4389 καὶ

357 4425 592 4493 φλόγας
621 4427 771 4494 ὅλας
800 4428 1214 4497 καταλάμπειν
1245 4429 1312 4482 τὸ
1341 4427 1597 4498 ἱμάτιον,
1629 4427 1708 4496 μὴ
1732 4427 1942 4496 μέντοι

359 4519 675 4586 καιούσας.
703 4521 814 4574 Καὶ
845 4522 906 4576 τὸ
937 4521 1103 4593 τέρας
1155 4523 1370 4590 ἀγνοεῖν
1415 4523 1496 4584 είς
1541 4520 1571 4573 ὃ
1600 4520 1939 4590 τελευτήσει,

361 4609 494 4664 ἰδεῖν
546 4612 605 4666 δὲ
656 4613 805 4681 λέγει
864 4614 961 4666 καὶ
1006 4612 1296 4684 ἄνθρωπόν
1349 4629 1472 4666 τινα
1535 4610 1644 4666 ἀπὸ
1698 4611 1800 4680 τῆς
1850 4628 1942 4664 κε-

361 4701 540 4772 φαλῆς
593 4703 822 4773 ἀφιέντα
889 4704 1193 4774 σπινθῆρας
1224 4745 1237 4767 ,
1296 4703 1432 4756 ἀλλὰ
1479 4702 1576 4756 καὶ
1636 4701 1808 4771 φλόγα
1851 4701 1946 4753 ἅν-

361 4792 630 4859 άπτοντα,
660 4796 750 4849 ὅτε
783 4794 1044 4866 βούλοιτο,
1079 4797 1278 4866 ίματίῳ
1304 4796 1412 4848 τινὶ
1442 4796 1632 4866 τραχεῖ
1670 4809 1943 4863 παρατρι-

362 4887 619 4958 ϐομένης.
654 4887 890 4944 Ἦλαυνε
920 4890 1010 4943 τὸν
1042 4889 1228 4952 ἵππον,
1260 4890 1383 4942 ὅσον
1414 4884 1526 4958 εἶχε
1553 4887 1751 4956 τάχους
1774 4902 1789 4917 ο
1830 4881 1945 4954 εἶχε

363 4980 420 5033 δὲ
448 4979 558 5032 τῶν
587 4979 762 5035 ἄλλων
792 4981 1153 5053 ἐνδεέστερον.
1195 4980 1317 5034 Τῶν
1353 4978 1646 5034 πολιτικῶν
1679 4977 1945 5047 πραγμά-

367 5089 479 5126 των
502 5072 814 5145 ἀποτυχὼν,
842 5075 936 5126 ἐπὶ
970 5074 1062 5129 τὸν
1097 5073 1318 5145 ἡσύχιον
1344 5074 1440 5126 καὶ
1465 5072 1800 5144 ἀπράγμονα
1830 5070 1944 5140 βίον

2039 3336 2242 3401 nensis,
2285 3335 2462 3390 adhuc
2512 3334 2695 3404 juveni
2727 3373 2741 3398 ,
2770 3342 2826 3388 et
2867 3333 2920 3386 in
2974 3331 3165 3386 Rhodo
3191 3346 3410 3401 operam
3469 3333 3617 3386 danti

2037 3426 2382 3494 eloquentiae,
2408 3425 2694 3493 imperium
2716 3424 2905 3478 eodem
2935 3431 3128 3477 eventu
3153 3421 3612 3491 praesigniticavit.

2043 3513 2152 3569 Sed
2187 3523 2242 3568 et
2271 3513 2578 3568 Balemerin
2626 3529 2791 3566 unum
2820 3527 2887 3566 ex
2942 3512 3124 3566 Attilae
3169 3510 3362 3566 aulicis
3399 3510 3467 3566 de
3515 3525 3616 3566 suo

2040 3619 2270 3673 corpore
2297 3603 2500 3674 jecisse
2527 3603 2821 3658 scintillas.
2855 3602 2952 3657 llic
2985 3602 3286 3657 Balemeris
3335 3611 3488 3669 pater
3518 3601 3616 3656 fuit

2041 3697 2364 3752 Theoderici
2400 3697 2539 3767 ejus,
2583 3697 2675 3765 qui
2727 3710 2870 3751 nunc
2915 3711 3184 3751 summum
3246 3697 3410 3751 totius
3452 3693 3616 3749 Italia:

2042 3789 2325 3858 imperium
2365 3798 2531 3844 tenet.
2564 3787 2704 3844 Dicit
2732 3799 2909 3842 autem
2929 3789 3092 3842 etiam
3121 3791 3186 3842 de
3203 3789 3383 3857 seipso
3400 3798 3612 3843 auctor:

2042 3883 2216 3936 Etiam
2267 3882 2396 3935 mihi
2445 3898 2567 3935 cum
2601 3889 2658 3936 et
2686 3881 2906 3947 induor,
2939 3891 2994 3935 et
3023 3896 3191 3936 exuor
3217 3921 3232 3946 ,
3263 3880 3363 3934 etsi
3409 3878 3460 3933 id
3492 3893 3616 3934 raro

2041 3972 2331 4026 admodum
2377 3971 2601 4036 accidit,
2656 3972 2858 4026 accidit
2902 3981 3106 4036 tamen,
3137 3979 3196 4024 ut
3254 3969 3503 4025 scintillae
3531 3971 3618 4024 in-

2041 4073 2229 4132 gentes
2259 4062 2534 4128 exsiliant,
2567 4062 2863 4133 aliquando
2921 4078 3044 4118 cum
3098 4062 3299 4130 sonitu,
3345 4062 3614 4117 interdunt

2041 4151 2206 4205 etiam
2231 4148 2462 4205 ﬂamma:
2479 4151 2704 4220 integrae
2733 4161 2940 4206 vestem
2963 4152 3256 4220 illustrem,
3278 4153 3411 4206 nihil
3436 4161 3616 4206 tamen

2041 4252 2295 4302 exurant.
2329 4251 2385 4298 et
2435 4257 2495 4298 se
2535 4243 2787 4310 ignorare
2831 4260 2939 4312 quo
2982 4245 3083 4299 hoc
3129 4253 3441 4312 portentum
3497 4251 3616 4295 ten-

2042 4332 2214 4385 deret.
2246 4329 2461 4386 Vidisse
2485 4345 2543 4386 se
2565 4332 2640 4386 ait
2673 4339 2728 4386 et
2756 4332 3029 4386 hominem
3065 4333 3350 4400 quemdam
3380 4345 3411 4386 e
3445 4331 3621 4397 capite

2043 4421 2304 4476 scintillas
2349 4422 2710 4486 evibrautem,
2766 4432 2820 4475 et
2853 4421 3148 4489 ﬂairimant,
3208 4435 3330 4476 cum
3378 4419 3559 4482 vellet,
3589 4432 3622 4472 e

2049 4515 2226 4584 capite
2254 4521 2404 4569 veste
2454 4515 2730 4582 asperiore
2757 4514 2946 4566 attrito
2991 4512 3342 4565 excitantem.
3405 4509 3622 4578 Impulit

2052 4621 2248 4674 equum
2298 4620 2459 4673 quam
2497 4605 2673 4673 p0tuit
2740 4603 3044 4665 celerrime,
3104 4603 3335 4672 indiguit
3396 4611 3451 4655 et
3500 4600 3621 4653 aliis

2053 4697 2233 4750 rebus.
2277 4694 2610 4764 Reipublicae
2684 4692 3156 4748 administratione
3215 4691 3500 4754 excidens,
3555 4690 3622 4742 ad

2051 4789 2293 4855 quietam
2323 4785 2664 4854 0tiosamque
2691 4784 2854 4837 vitam
2905 4798 2963 4837 se
2993 4781 3245 4847 contulit,
3285 4782 3411 4835 odio
3437 4793 3621 4834 eorum

2049 4876 2146 4946 qui
2170 4877 2223 4930 in
2245 4873 2522 4944 republica
2546 4873 2757 4928 molesti
2778 4881 2951 4926 erant.
2980 4871 3260 4926 Venerunt
3276 4871 3342 4925 ad
3362 4870 3622 4924 Severum

2052 4965 2417 5021 Brachmanni
2446 4965 2601 5034 juxta
2629 4963 3036 5028 Alexandriam,
3069 4973 3122 5014 et
3145 4960 3365 5030 proprio
3387 4958 3625 5026 hospitio
3711 4983 3715 4987 -

2055 5061 2173 5114 illos
2195 5065 2252 5111 et
2301 5056 2485 5112 debito
2523 5054 2670 5110 cultu
2723 5054 2982 5124 suscepit.
3031 5051 3098 5106 Hi
3143 5053 3210 5108 de
3257 5050 3434 5121 gentis
3477 5062 3625 5103 more

1644 5200 1874 5257 VARI/ﬁ
1913 5193 2316 5254 LECTIONES.

473 5318 518 5350 ⁸³
539 5316 725 5379 ὅπλοις
751 5317 847 5371 κα)⁵
869 5318 990 5372 αντ.
1019 5318 1086 5372 Δ.
1191 5316 1236 5349 ⁸⁵
1261 5315 1628 5386 φαντάσματα
1660 5385 1665 5386 ί
1692 5331 1752 5378 ς.

1826 5311 1872 5344 ⁸⁸
1903 5327 2032 5377 φασι
2064 5326 2124 5373 ς.

2203 5305 2251 5335 ⁶⁶
2276 5303 2344 5357 τά
2367 5303 2490 5357 add.
2511 5301 2578 5356 Α.
2652 5300 2695 5332 ⁸⁷
2719 5298 2842 5353 οὐδέ
2886 5296 2964 5351 A:
2997 5296 3096 5349 οὐκ
3117 5313 3177 5360 ς.
3253 5294 3299 5325 ⁸⁸
3325 5295 3382 5345 ὲν
3404 5292 3526 5348 add.
3554 5291 3617 5343 Α.

370 5396 416 5430 ον
457 5364 729 5454 Σὸἧδᾶἷᾶ
753 5364 1115 5452 Ἑῖἆὲέᾶᾱξ.
1191 5387 1238 5417 το
1263 5364 1626 5440 ἑιῖέιέῐζιζῖῐῘ
1649 5364 1936 5454 τιᾭούεοιξ
1962 5397 2022 5454 ς.
2041 5364 2144 5454 ,ἶν’
2172 5375 2370 5454 χῳβίογ
2390 5374 2454 5454 Α,-
2525 5372 2579 5454 ⁷³,
2602 5371 2661 5424 οὺ
2689 5367 3257 5454 διωριετμέξᾳςηςςιζῖ
3273 5364 3535 5454 vim“?
3558 5377 3596 5454 ς

369 5463 419 5497 ⁷³
475 5456 646 5524 αὐτῆς
681 5457 720 5509 Α
788 5473 802 5510 :
849 5459 1032 5522 αὐτοῖς
1061 5475 1120 5522 ς.
1197 5456 1243 5489 ⁷⁸
1273 5455 1689 5525 σταθηρᾶςίοιιι.
1739 5456 1806 5508 Δ.

372 5531 536 5583 ltum.
562 5520 688 5593 515,
714 5528 780 5581 2):
805 5529 957 5593 cujus
981 5520 1221 5582 errorem
1252 5520 1464 5580 notavit
1491 5524 1760 5588 Leichius,
1787 5540 1838 5592 p.
1861 5520 1979 5593 xv.

1881 5433 1936 5484 ’δῖ
1961 5433 2234 5517 Ξῖεόήροῧ]
2256 5433 2509 5517 Τιϐερίου
2535 5453 2588 5496 et
2616 5457 2741 5517 mox
2771 5433 3262 5517 ύφίέι-ξὶιιεῐιιιίιίυε
3287 5433 3355 5517 ad
3393 5433 3530 5517 ll.“v,
3562 5448 3619 5510 Ρ.

2055 5501 2184 5570 ’δ’ὲν
2211 5501 2410 5586 Ῥώμῄ
2432 5511 2765 5582 κατηνύσθαι
2793 5501 2852 5574 ς.
2927 5507 2972 5539 ⁷⁸
2994 5506 3157 5559 αὑτοῦ
3187 5521 3296 5559 om.
3326 5504 3393 5557 A.
3442 5502 3488 5534 '°
3517 5501 3628 5554 τιίν

369 5599 453 5652 A:
485 5598 576 5651 τὸν
600 5589 684 5662 ς(
759 5597 802 5630 ⁸⁸
831 5589 1131 5672 Βαλέμεριν
1166 5615 1227 5661 ς.
1319 5597 1365 5628 ⁸²
1399 5594 1617 5665 ἁπάσης
1662 5611 1722 5658 ς.
1788 5589 1801 5592 ⁷
1830 5593 1875 5624 ⁸³
1896 5591 1954 5644 δὲ
1984 5604 2095 5645 om.
2129 5589 2195 5640 A.

1913 5700 2118 5757 ἰΟΤΑς.

621 5712 628 5719 '
1913 5703 1927 5716 ’
1980 5702 2118 5757 ΤΑς.

452 5804 568 5874 (ll)
600 5803 770 5873 Quem
806 5802 1006 5861 Tiberii
1046 5802 1176 5872 itnp.
1219 5803 1416 5867 Vitam,
1453 5799 1548 5858 sed
1585 5815 1702 5870 quae
1759 5702 2055 5861 intercidit,
2087 5790 2474 5864 conscripsisse
2514 5787 2680 5845 refert
2704 5787 2755 5843 in
2783 5783 3040 5854 Catalogo
3061 5778 3335 5850 Lamprid.
