3990 6232
415 373 550 437 1207

1571 376 1833 438 ΡΗΟΤΙΙ
1864 377 2368 440 PATRIARCH/E
2397 378 2506 437 (ΖΡ.

3509 371 3654 438 1268

413 487 556 547 domi
621 484 910 542 admodum
945 486 1182 557 graviter
1235 485 1508 556 vixerunt,
1557 504 1734 560 neque
1785 491 1974 546 balnea

2088 490 2369 560 ἐτράπετο,
2427 487 2576 558 μίσει
2631 486 2738 540 τῶν
2767 488 2824 540 ἐν
2865 489 2929 556 τῇ
2975 485 3219 556 πολιτείᾳ
3270 486 3654 558 δυσχερασμά-

413 579 646 648 publici,
687 592 857 646 neque
897 589 1248 646 conspectum
1301 578 1467 634 ullum
1508 580 1778 635 urbanum
1828 597 1975 651 quaa-

411 677 614 732 rentes,
646 668 739 719 sed
769 676 1052 722 exter-num
1095 684 1256 725 omne
1290 669 1560 740 fugerunt.
1612 671 1978 727 Comedehant

390 757 626 825 palmas
654 764 707 808 et
733 771 979 826 oryzam,
1006 773 1201 827 aquam
1244 759 1521 814 bibebant.
1560 760 1732 816 Erant
1759 761 1838 817 illi
1872 778 1976 816 non

407 862 438 899 e
476 846 893 914 Brachmannis,
921 849 1012 917 qui
1046 850 1098 903 in
1144 852 1418 906 montibus
1445 853 1665 922 degunt,
1709 868 1884 924 neque
1911 870 1976 909 ex

405 937 576 1002 ludis,
607 941 696 1007 qui
729 939 890 994 urbes
938 939 1222 996 incolunt:
1266 943 1359 996 sed
1389 950 1743 1014 utrorumque
1807 946 1975 1000 vitam

406 1043 630 1096 prorsus
654 1031 1030 1099 sectabantur,
1063 1030 1558 1087 Brachmannorum
1588 1033 1783 1106 “ab
1839 1034 1978 1104 apud

410 1118 664 1186 populum
697 1121 934 1189 negotia,
968 1121 1011 1177 si
1071 1122 1266 1190 quibus
1317 1122 1645 1189 indigerent,
1704 1134 1760 1178 et
1797 1123 1979 1193 p0puli

408 1209 548 1278 apud
609 1209 1015 1268 Brachmaunos
1063 1224 1414 1283 peragenles.
1476 1214 1736 1270 Dixerunt
1781 1216 1856 1269 illi
1912 1217 1979 1269 de

407 1297 805 1357 Brachmannis
827 1303 1121 1367 montanis,
1144 1319 1478 1374 quaecunque
1507 1307 1570 1359 de
1597 1306 1660 1359 iis
1682 1307 1978 1376 scriptores

409 1388 690 1459 divulgant
724 1407 737 1443 :
777 1390 979 1447 imbres
1017 1395 1267 1462 precibus
1313 1393 1432 1448 illos
1465 1404 1666 1462 petere,
1712 1407 1766 1449 et
1814 1396 1978 1449 etiam

407 1480 624 1534 eosdem
645 1491 914 1550 avertere,
942 1483 1162 1549 famem,
1204 1494 1540 1554 pestemque.
1578 1486 1790 1555 aliaque
1819 1487 1977 1552 mala,

407 1584 529 1638 quae
558 1573 738 1625 curarl
774 1588 878 1626 non
929 1585 1175 1642 possunt,
1209 1574 1455 1642 precibus
1483 1591 1640 1643 posse
1684 1577 1976 1646 depellere.

409 1657 670 1714 Dixerunt
691 1660 850 1714 iidem
877 1663 1135 1731 nnipedes
1176 1665 1427 1720 homines
1453 1665 1594 1734 apud
1630 1680 1691 1719 se
1721 1680 1840 1721 esse
1859 1707 1875 1732 ,
1928 1679 1983 1721 et

405 1749 674 1805 dracones
705 1753 941 1821 ingentis
978 1755 1364 1822 magnitudinis
1387 1754 1744 1824 septicipites,
1773 1766 1827 1812 et
1877 1756 1979 1812 alia

405 1840 562 1895 valde
587 1842 863 1896 inusitata.

2076 599 2183 635 των
2206 582 2274 636 ⁸⁸,
2300 574 2474 633 Ἧκον
2492 579 2548 632 δὲ
2585 579 2720 650 πρὸς
2751 579 2842 633 τὸν
2873 578 3107 649 Σεϐῆρον
3138 579 3235 631 καὶ
3265 578 3584 648 Βραχμᾶνες
3605 574 3654 608 ⁸⁸

2081 671 2226 726 κατὰ
2276 671 2374 743 τὴν
2429 669 2856 740 Ἀλεξάνδρειαν,
2907 671 3002 722 καὶ
3049 669 3266 736 ἐδέξατο
3322 670 3462 738 σφᾶς
3519 669 3657 737 οίκῳ

2085 765 2202 835 ίδίῳ
2231 765 2328 818 καὶ
2375 763 2642 834 θεραπείᾳ
2691 765 2757 832 τῇ
2789 761 3176 833 προσηκούσῃο
3209 760 3258 813 οἳ
3295 760 3436 814 κατὰ
3473 761 3659 829 χώραν

2078 857 2165 908 ἐπ’
2192 855 2344 908 οίκου
2383 853 2533 925 μάλα·
2568 851 2778 922 σεμνῶς
2809 852 3022 923 έμενον,
3049 851 3172 904 οὐτε
3202 849 3444 922 λουτρῶν
3469 850 3660 918 δεόμε-

2079 945 2233 1015 νοιδη
2244 947 2466 1015 μοσίων,
2492 944 2618 1000 οὐτε
2638 945 2804 1016 ἄλλης
2824 943 3070 1012 ἐπόψεως
3098 943 3359 1011 οὐδεμιᾶς
3381 941 3488 994 τῶν
3513 941 3658 992 κατά

2079 1038 2215 1091 ἄστυ
2240 1036 2564 1107 γινομένων,
2609 1035 2749 1091 ἀλλά
2792 1036 2898 1088 πᾶν
2925 1035 2970 1066 ⁸⁸
2997 1032 3058 1086 τὸ
3104 1031 3324 1104 θυραῖον
3351 1030 3397 1062 ⁸⁷
3445 1029 3662 1098 ἐξετρέ-

2081 1143 2267 1180 ποντο.
2306 1126 2612 1179 Ἐσιτοῦντο
2649 1126 2704 1178 δὲ
2745 1125 2994 1195 φοίνικας
3046 1123 3141 1177 καὶ
3187 1122 3418 1192 ὄρυζαν,
3462 1122 3554 1174 καὶ
3589 1114 3661 1186 ἦν

2080 1217 2260 1279 αὐτοῖς
2284 1217 2438 1286 πόμα
2486 1217 2548 1269 τὸ
2579 1215 2753 1287 ὓδωρ.
2784 1212 2968 1270 Ἦσαν
2997 1215 3053 1268 δέ
3099 1207 3244 1268 οὗτοι
3274 1212 3398 1267 οὐτε
3443 1211 3552 1264 τῶν
3599 1213 3661 1262 ἐν

2080 1306 2231 1378 ὄρεσι
2246 1307 2292 1339 ⁸⁸
2313 1307 2690 1378 διατριϐόντων
2713 1305 3068 1376 Βραχμάνων,
3102 1304 3228 1356 οὐτε
3258 1303 3366 1356 τῶν
3388 1305 3446 1355 ἐν
3470 1300 3660 1353 πόλεσι

2084 1397 2492 1468 κατῳκημένων
2533 1398 2731 1463 Ἰνδῶν,
2771 1397 2885 1450 ἀλλ’
2935 1394 3174 1464 ἀτεχνῶς
3229 1392 3502 1462 ἀμφίϐιοι,
3545 1393 3662 1453 τοῖς

2085 1487 2436 1557 Βραχμάνοις
2477 1486 2912 1558 ὐπηρετούμενοι
2945 1485 3013 1538 τὰ
3046 1485 3182 1556 πρὸς
3221 1484 3321 1546 τὰς
3359 1482 3566 1545 πόλεις,
3609 1480 3664 1531 εἰ

2087 1596 2190 1632 που
2218 1578 2488 1649 δεήσειεν,
2527 1579 2624 1632 καὶ
2672 1580 2794 1641 ταῖς
2833 1577 3051 1630 πόλεσιν
3075 1574 3140 1630 αὖ
3162 1577 3208 1609 ⁸⁸
3238 1575 3308 1628 τὰ
3347 1573 3485 1644 πρὸς
3530 1573 3663 1634 τοὺς

2087 1667 2504 1738 Βραχμᾶναςοθ⁸
2539 1667 2764 1736 Ἔλεγον
2802 1666 2974 1720 δὲκαὶ
2995 1661 3137 1720 οὗτοι
3172 1664 3301 1737 περὶ
3326 1662 3434 1716 τῶν
3460 1660 3663 1732 ὀρείων

2083 1759 2422 1829 Βραχμάνων
2460 1760 2559 1812 ὅσα
2591 1759 2640 1811 οἱ
2694 1761 3030 1828 συγγραφεῖς
3071 1757 3198 1827 περὶ
3223 1755 3402 1808 αὐτῶν
3441 1751 3667 1824 θρυλοῦ-

2010 1837 2052 1896 Β
2083 1866 2188 1915 σιν,
2220 1849 2460 1920 ὄμϐρους
2496 1867 2554 1902 τε
2591 1850 2686 1903 καὶ
2713 1848 3010 1921 ἀνομϐρίας
3037 1848 3220 1918 εὐχαῖς
3258 1845 3666 1915 καταπράττειν

405 1929 504 1982 καὶ
531 1930 707 2001 λιμῶν
733 1933 828 1987 καὶ
864 1933 1068 2006 λοιμῶν
1105 1934 1233 2010 [554
1256 1937 1349 2010 Η.]
1378 1939 1696 2006 ἀποδιώξεις
1725 1938 1900 1995 ἄλλων
1925 1956 1986 1992 τε
2026 1940 2210 1993 κακῶν
2236 1941 2574 2011 ἀποτροπὰς,
2607 1940 2706 1993 ὅσα
2744 1939 2820 2011 μὴ
2863 1939 3079 1992 ἀνίατον
3151 1937 3263 2007 ἔχει
3330 1937 3429 2004 τὴν
3467 1934 3667 2002 εἱμαρ-

410 2022 601 2092 μένην.
635 2025 858 2093 Ἔλεγον
896 2026 953 2079 δὲ
991 2020 1134 2082 οὗτοι
1185 2030 1279 2084 καὶ
1328 2032 1625 2100 μονόποδας
1696 2031 2017 2102 ἀνθρώπους
2091 2031 2245 2101 παρὰ
2300 2032 2481 2101 σφίσιν
2531 2030 2847 2101 ἱστορῆσαι,
2889 2029 2986 2083 καὶ
3045 2029 3342 2100 δράκοντας
3391 2023 3666 2092 ἐξαισίους

406 2115 550 2169 κατά
592 2115 819 2185 μέγεθος
847 2119 1281 2186 έπτακεφάλους,
1311 2123 1404 2175 καὶ
1425 2122 1560 2176 ἀλλα
1595 2124 1732 2178 ἄττα
1757 2123 1891 2176 πολὺ
1921 2122 1981 2175 τὸ
2013 2122 2322 2194 παράλογον
2348 2121 2538 2192 έχοντα
2567 2123 2632 2176 ⁹¹.

478 2209 624 2262 Dixit
665 2207 899 2262 Severus
928 2208 1099 2264 videri
1130 2209 1527 2276 Gorgoniadem
1557 2215 1804 2279 herbam,
1834 2215 1980 2284 ejus-

406 2312 513 2366 que
557 2299 796 2352 radicem
835 2297 1057 2352 omnino
1102 2299 1332 2354 similem
1382 2315 1502 2357 esse
1549 2301 1760 2370 puellae,
1819 2312 1981 2373 caput

407 2389 650 2446 crinibus
681 2399 884 2444 tectum
919 2391 1246 2456 serpentinis
1296 2391 1538 2446 habenti.
1579 2390 1974 2447 Divinationem

407 2494 439 2534 e
467 2480 721 2543 nubibus,
753 2480 990 2548 antiquis
1013 2496 1080 2534 ne
1107 2481 1290 2534 auditu
1315 2481 1532 2551 quidem
1559 2493 1764 2546 notam,
1791 2498 1980 2552 quam-

407 2572 533 2626 dam
566 2574 846 2626 mulierem
886 2572 1185 2626 Anthusam
1223 2573 1555 2641 temporibus
1585 2570 1783 2627 Leonis
1811 2573 1981 2640 impe-

406 2663 609 2718 ratoris
635 2662 863 2718 Romani
915 2665 1080 2719 relert
1115 2665 1413 2720 invenisse.
1445 2663 1576 2730 Quae
1604 2665 1656 2719 in
1697 2663 1852 2734 IEgis
1889 2664 1983 2718 Ci-

409 2754 548 2810 liciis
585 2765 713 2809 nata
743 2754 1047 2822 dicebatur,
1081 2755 1343 2824 originem
1377 2755 1606 2825 primam
1639 2771 1670 2809 a
1703 2755 1982 2825 Cappado-

405 2846 561 2901 cibus
577 2847 950 2901 habitantibus
975 2846 1038 2900 ad
1059 2846 1352 2900 Comanum
1381 2856 1615 2901 montem
1639 2844 1979 2900 Orestiadum

407 2938 654 3002 trahens,
686 2937 924 2992 referens
947 2953 1113 3006 genus
1131 2953 1286 2992 suum
1316 2938 1381 2993 ad
1414 2937 1688 3008 Pelopem.
1723 2937 1848 2993 Haec
1874 2941 1981 2994 sol-

404 3027 554 3082 licita
597 3028 664 3083 de
695 3028 834 3094 viro,
866 3029 951 3082 cui
999 3029 1231 3082 militare
1267 3029 1481 3099 aliquod
1523 3045 1720 3085 munus
1752 3032 1978 3084 deman-

406 3118 616 3183 datum,
645 3121 845 3188 quique
882 3120 948 3173 ad
989 3119 1186 3174 bellum
1219 3117 1457 3174 Siculum
1490 3135 1612 3174 cum
1634 3119 1756 3176 aliis
1786 3121 1984 3176 missus

2159 2212 2280 2265 Ὀτι
2312 2210 2497 2278 ἔλεγεν
2535 2211 2564 2264 ὁ
2593 2209 2831 2280 Σεϐῆρος
2873 2207 3166 2262 τεθεᾶσθαι
3198 2205 3533 2278 Γοργονιάδα
3573 2204 3666 2274 βο·

2083 2301 2270 2371 τάνην,
2304 2296 2373 2373 ἦς
2401 2294 2542 2354 εἶναι
2575 2302 2676 2371 τὴν
2703 2302 2856 2371 ῥίζαν
2887 2300 3144 2370 ἄντικρυς
3168 2297 3360 2368 ὁμοίαν
3407 2295 3665 2364 παρθένῳ

2087 2394 2186 2463 τὴν
2211 2392 2452 2464 κεφαλὴν
2479 2391 2673 2462 ἐχούσῃ
2695 2392 2980 2462 κατηρεφῆ
3001 2391 3050 2423 ⁸⁸
3069 2387 3431 2459 δρακοντείοις
3452 2385 3664 2438 πλοκάο

2087 2501 2226 2555 μοις.
2255 2483 2380 2536 Ὀτι
2403 2483 2504 2554 τὴν
2528 2484 2574 2516 ⁹³
2605 2483 2693 2536 διὰ
2723 2483 2831 2536 τῶν
2863 2481 3044 2551 νεφῶν
3100 2479 3368 2550 μαντικὴν
3407 2475 3664 2545 οὐδαμῶς

2082 2577 2196 2638 τοῖς
2222 2574 2475 2638 παλαιοῖς
2500 2575 2610 2628 οὐδ’
2643 2576 2782 2644 ἀκοῇ
2829 2571 3177 2642 ἐγνωσμένην
3208 2567 3509 2623 Ἀνθουσάν
3537 2582 3664 2620 τινα

2083 2669 2317 2734 γυναῖκα
2383 2667 2625 2736 ἐξευρεῖν
2682 2667 2740 2719 ἐν
2788 2666 2912 2728 ταῖς
2983 2664 3218 2734 ἡμέραις
3271 2661 3497 2723 Λέοντος
3563 2657 3665 2712 τοῦ

2099 2756 2387 2828 Ῥωμαίων
2439 2758 2740 2828 βασιλέως⁸
2776 2755 2834 2821 ἐξ
2881 2753 3062 2823 Αἰγῶν
3126 2753 3185 2806 δὲ
3232 2755 3502 2822 κατήγετο
3550 2751 3664 2804 τῶν

2089 2849 2354 2904 Κιλικίων
2379 2852 2413 2920 ἡ
2432 2850 2589 2918 γυνὴ,
2621 2849 2680 2902 τὸ
2707 2849 2765 2900 δὲ
2786 2847 3048 2901 ἀνέκαθεν
3077 2846 3183 2901 ἀπὸ
3209 2845 3317 2899 τῶν
3344 2846 3402 2897 ἐν
3426 2846 3666 2897 Καππα-

2089 2939 2245 3009 δοκία
2279 2940 2732 2994 κατοικισθέντων
2757 2940 2850 2992 ἐπὶ
2878 2939 2968 2992 τὸν
2991 2939 3242 3010 Κομανδν
3271 2938 3332 2991 τὸ
3357 2938 3481 3008 ὅρος
3516 2939 3668 3008 Ὀρε-

2092 3031 2322 3084 στιαδῶν
2345 3047 2361 3062 ·
2410 3032 2506 3085 καὶ
2555 3031 2775 3099 ἀνάγειν
2813 3031 2873 3084 τὸ
2906 3030 3064 3099 γένος
3112 3031 3193 3093 είς
3230 3030 3468 3083 Πέλοπα.
3509 3027 3664 3094 Αὕτη

2091 3123 2456 3194 φροντίζουσα
2479 3123 2610 3193 περὶ
2646 3123 2870 3194 τάνδρὸς
2899 3122 2946 3156 ⁸⁸
2978 3121 3450 3193 ἐπιτετραμμένου
3491 3137 3661 3190 στρα-

406 3216 548 3275 erat,
591 3210 766 3264 oravit
807 3211 860 3264 in
905 3225 1120 3274 somno,
1173 3222 1231 3264 ut
1279 3209 1460 3265 futura
1515 3222 1886 3280 cognosceret,
1930 3222 1981 3266 et

2088 3213 2345 3283 τιωτικήν
2365 3229 2486 3266 τινα
2511 3213 2684 3284 ἀρχὴν
2715 3214 2811 3267 καὶ
2842 3213 2936 3266 ἐπὶ
2966 3213 3059 3268 τὸν
3093 3212 3236 3268 κατὰ
3275 3213 3528 3266 Σικελίαν
3557 3213 3667 3265 ἀπ-

408 3301 586 3356 oravit
616 3302 680 3356 ad
703 3302 869 3357 solem
898 3303 1163 3356 orientem
1194 3316 1384 3370 versa;
1423 3309 1578 3371 pater
1617 3317 1748 3357 vero
1781 3299 1896 3370 ejus
1931 3304 1981 3358 in

409 3393 617 3450 somnis
663 3395 828 3464 jussit
881 3395 1024 3450 illam
1081 3395 1148 3448 ad
1199 3394 1368 3450 solem
1424 3395 1586 3449 etiam
1642 3395 1982 3449 occidentem

407 3498 590 3549 orare,
639 3495 693 3540 et
744 3485 833 3539 illa
886 3497 1101 3553 orante,
1152 3502 1248 3556 per
1281 3501 1535 3542 serenum
1583 3487 1762 3542 subito
1816 3491 1985 3544 nubes

408 3574 557 3629 circa
582 3576 750 3631 solem
784 3587 902 3632 orta
949 3588 1053 3644 est,
1099 3591 1155 3632 et
1193 3578 1386 3633 deinde
1428 3587 1589 3634 aucta
1627 3579 1680 3633 in
1713 3579 1982 3634 hominem

406 3669 640 3724 formata
673 3679 796 3738 est;
832 3669 935 3724 alia
977 3684 1106 3725 vero
1151 3669 1322 3725 nubes
1363 3680 1508 3737 orta,
1536 3679 1591 3727 et
1634 3673 1688 3727 in
1721 3673 1982 3742 aequalem

409 3774 664 3816 crescens
705 3761 1154 3830 magnitudinem,
1203 3762 1256 3815 in
1298 3761 1506 3816 leonem
1553 3762 1728 3816 ferum
1777 3769 1984 3816 mutata

409 3860 514 3905 cst.
545 3850 653 3906 Leo
676 3867 807 3906 vero
839 3853 1040 3921 ingenti
1072 3855 1218 3908 hiatu
1253 3853 1366 3909 oris
1412 3853 1555 3908 facto
1582 3853 1851 3908 hominem
1887 3855 1985 3908 de-

411 3938 590 4009 glutit.
624 3938 845 4008 Species
879 3940 965 3993 illa
998 3941 1236 3996 hominis
1267 3956 1300 3996 e
1333 3941 1473 3997 nube
1503 3942 1647 3996 facta
1680 3941 1856 3997 Gotho
1881 3942 1985 3998 fuit

411 4028 632 4084 similis.
659 4029 797 4084 Nam
829 4039 951 4098 post
983 4032 1141 4100 paulo
1174 4031 1284 4087 Leo
1330 4047 1423 4087 rex
1453 4033 1645 4088 ducem
1685 4033 1984 4089 Gothorum

409 4121 692 4188 Asperem,
721 4128 776 4174 et
808 4120 942 4176 lilios
968 4121 1347 4182 fraudulenter
1367 4125 1596 4178 necavit.
1620 4122 1700 4178 Ex
1728 4123 1820 4179 illo
1851 4133 1984 4179 tem-

411 4225 544 4281 pore
578 4211 629 4265 in
659 4212 799 4266 hunc
833 4226 1005 4281 usque
1050 4213 1191 4268 diem
1245 4214 1491 4269 Anthusa
1542 4213 1758 4269 assidue
1813 4217 1986 4271 medi-

413 4308 524 4352 tata
553 4308 655 4362 est,
691 4315 797 4368 qua
824 4302 1033 4356 ratione
1059 4315 1089 4355 e
1119 4301 1348 4358 nubibus
1379 4303 1670 4371 praedicere
1697 4304 1986 4359 divinando

410 4398 613 4457 posset.
664 4389 902 4460 Ᾰέεγριίἱ
963 4391 1153 4448 Sothin
1211 4391 1316 4447 Isin
1360 4393 1473 4464 (12)
1523 4409 1642 4450 esse
1707 4404 1982 4458 asserunt,

410 4479 584 4534 Graeci
625 4480 765 4534 hanc
796 4482 864 4536 ad
910 4480 1110 4537 Sirium
1144 4484 1356 4539 stellam
1403 4485 1665 4551 referunt,
1697 4497 1751 4540 et
1779 4486 1982 4540 Sirium

2084 3305 2414 3375 εσταλμένου
2442 3307 2579 3376 μετά
2611 3307 2704 3360 καὶ
2761 3305 2936 3360 ἄλλων
2970 3306 3246 3375 πόλεμον,
3277 3304 3470 3369 εὔξατο
3525 3322 3667 3375 προ-

2085 3399 2218 3451 ϊδεῖν
2273 3397 2468 3467 ὀνείρῳ
2517 3397 2587 3451 τὰ
2639 3397 3052 3466 συμϐησόμενα,
3102 3396 3295 3463 εὐξατο
3339 3398 3386 3429 ⁸⁸
3420 3396 3479 3450 δὲ
3528 3398 3669 3466 πρὸς

2084 3488 2233 3560 ἣλιον
2265 3487 2574 3557 ἀνίσχοντα.
2615 3488 2674 3540 '0
2710 3487 2765 3540 δὲ
2798 3487 2980 3558 πατὴρ
3011 3487 3147 3558 δναρ
3186 3488 3322 3557 αὐτῇ
3363 3486 3594 3548 ἐπιστὰς
3619 3487 3670 3518 ⁹⁶

2085 3577 2304 3631 ἐκέλευε
2338 3579 2431 3630 καὶ
2464 3577 2599 3648 πρὸς
2627 3576 2884 3646 δυόμενον
2914 3575 3196 3643 εὔξασθαι.
3231 3577 3338 3629 Καὶ
3360 3575 3670 3645 εὐχομένης

2084 3671 2145 3734 ἐξ
2171 3669 2386 3740 αἰθρίας
2410 3669 2554 3732 τινὸς
2580 3669 2740 3737 νέφος
2763 3669 3025 3738 συστῆναι
3055 3671 3182 3739 περὶ
3204 3669 3294 3722 τὸν
3319 3668 3492 3738 ἥλιον,
3520 3669 3671 3721 ἐκεῖ-

2085 3761 2176 3814 θεν
2209 3760 2252 3813 δ’
2290 3759 2592 3830 αὐξηθῆναι
2621 3760 2717 3814 καὶ
2751 3760 2830 3822 είς
2871 3759 3158 3830 ἄνθρωπον
3204 3758 3667 3826 διατυπωθῆναιο

2085 3851 2275 3921 ἕτερον
2304 3852 2348 3905 δ’
2375 3850 2540 3904 αὐτοῦ
2572 3851 2731 3920 νέφος
2762 3851 3116 3905 ἀποσπασθὲν
3143 3852 3187 3883 ⁸⁷
3219 3851 3460 3904 ἐπεδίδου
3490 3867 3548 3902 τε
3585 3853 3668 3916 εἰς

2090 3941 2321 4011 μέγεθος
2351 3942 2484 4004 ἴσον,
2528 3940 2623 3994 καὶ
2655 3941 2740 4003 εἰς
2767 3939 2958 3993 λέοντα
2995 3939 3445 4010 διεσχηματίζετο
3482 3942 3528 3972 9'
3571 3939 3671 4009 θη-

2091 4033 2205 4102 ρίον
2232 4049 2245 4062 ·
2277 4032 2306 4084 ό
2338 4031 2395 4084 δὲ
2444 4030 2720 4100 ἡγρίαινε,
2753 4030 2847 4084 καὶ
2889 4029 3032 4100 μέγα
3077 4029 3263 4099 χάσμα
3295 4029 3670 4099 πεποιημένος

2089 4126 2119 4177 ὁ
2149 4125 2287 4178 λέων
2339 4122 2630 4176 καταπίνει
2673 4121 2764 4176 τὸν
2817 4121 3135 4192 ἀνθρωπονο
3165 4122 3347 4191 Γότθῳ
3402 4121 3565 4190 ἐῴκει
3608 4121 3672 4173 τὸ

2087 4214 2428 4284 ἀνθρώπειον
2469 4211 2565 4265 καὶ
2598 4210 2951 4280 νεφοποίητον
2978 4209 3216 4264 εἴδωλον.
3275 4207 3398 4262 Ἐπὶ
3443 4207 3501 4260 δὲ
3554 4210 3671 4271 τοῖς

2091 4306 2372 4374 φάσμασιν
2403 4303 2608 4370 ὀλίγον’
2638 4299 2828 4354 ἔπειτα
2881 4301 2972 4354 τὸν
3015 4301 3258 4370 ἡγεμόνα
3303 4301 3412 4354 τῶν
3450 4299 3671 4352 Γότθων

2093 4397 2343 4466 Ἀσπερα
2367 4397 2412 4428 ⁹⁹
2458 4395 2713 4464 βασιλεὺς
2751 4395 2904 4450 Λέων
2950 4395 3332 4464 ἐδολοφόνησεν
3374 4393 3537 4446 αὐτὸν
3573 4391 3673 4444 καὶ

2087 4485 2300 4549 παῖδας.
2327 4483 2488 4557 HO“
2510 4483 2600 4555 R.]
2618 4484 2707 4549 Ἐξ
2731 4485 2935 4538 ἐκείνου
2949 4481 3041 4538 οὖν
3061 4485 3156 4538 τοῦ
3179 4485 3371 4555 χρόνου
3397 4483 3671 4552 διέμεινεν

411 4579 667 4640 tanquam
713 4587 904 4626 canem
964 4573 1182 4630 Orionis
1236 4579 1514 4633 venatoris
1569 4577 1823 4633 comitem
1863 4578 1981 4645 pin-

2093 4578 2128 4646 ἡ
2163 4575 2434 4627 Ἀνθουσα
2462 4573 2591 4643 ἄχρι
2616 4572 2774 4644 δεῦρο
2802 4573 2891 4626 ἀεὶ
2915 4574 3308 4643 ἐπιτηδεύουσα
3342 4573 3434 4625 τὸν
3463 4574 3671 4642 τρόπον

408 4670 586 4730 gnnt:
644 4663 775 4730 quin
831 4665 1009 4734 potius
1063 4666 1117 4720 in
1154 4667 1292 4723 coelo
1340 4668 1611 4738 depictum
1669 4670 1982 4724 ostendunt.

407 4752 607 4824 341α
625 4753 800 4822 Aliqui
845 4770 944 4824 per
990 4757 1378 4826 impudentiam
1416 4768 1622 4814 statuas
1644 4761 1986 4830 iregeruntet

409 4842 787 4908 perdiderunt,
810 4853 864 4896 et
883 4858 1039 4899 sacro
1062 4845 1264 4900 auxilio
1287 4847 1528 4901 destituti
1562 4848 1730 4910 cives,
1751 4849 1984 4903 humana

409 4944 574 4999 opera
613 4940 669 4986 et
715 4942 834 4987 arte
863 4943 1076 5003 portum
1105 4937 1194 4990 vix
1224 4937 1327 4991 sibi
1365 4947 1580 4992 servant
1622 4935 1882 5007 IEgyptii.
1921 4937 1984 4992 Hi

408 5021 894 5091 persequebantur,
941 5025 1146 5090 uxoris,
1187 5025 1429 5095 inquam,
1483 5027 1737 5090 ministri,
1795 5041 1984 5081 canem

411 5127 479 5166 ex
521 5111 704 5168 Africa
749 5113 1042 5185 fugientem
1083 5118 1405 5172 struthionis
1457 5118 1801 5186 diripientem
1862 5132 1988 5172 car-

2089 4666 2192 4736 τῆς
2223 4665 2310 4718 διά
2330 4664 2437 4716 τῶν
2478 4662 2652 4730 νεφῶν
2693 4663 2962 4733 μαντικῆς
3009 4663 3392 4732 προγνώσεως.
3415 4665 3541 4716 Ὀτι
3570 4663 3671 4729 τὴν

2090 4756 2264 4812 Σῶθιν
2305 4757 2597 4824 Αἰγύπτιοι
2635 4755 2734 4826 τὴν
2771 4750 2914 4808 Ἶσιν
2951 4751 3088 4808 εἶναι
3122 4756 3485 4824 θεολογοῦσιν,
3525 4756 3577 4807 οἱ
3609 4755 3671 4806 δὲ

2091 4847 2353 4914 Ἕλληνες
2385 4847 2465 4910 εἰς
2491 4847 2583 4898 τὸν
2615 4847 2828 4916 Σείριον
2867 4847 3130 4914 ἀνάγουσι
3172 4846 3331 4899 τοῦτο
3358 4846 3420 4898 τὸ
3445 4847 3668 4916 ἄστρον,

2092 4939 2188 4992 καὶ
2217 4938 2293 5001 ὡς
2329 4939 2468 4992 κύνα
2499 4939 2590 4992 τὸν
2629 4939 2857 5008 Σείριον,
2892 4918 3089 4993 όπαδὸν
3125 4940 3219 4992 τοῦ
3253 4941 3507 5010 Ὠρίωνος
3536 4940 3668 4992 ὅντα

2097 5030 2553 5100 κυνηγετοῦντος,
2608 5030 2750 5083 οὓτω
2809 5032 3246 5101 διαζωγραφοῦσι
3273 5073 3290 5099 ,
3347 5033 3548 5102 μᾶλλον
3609 5031 3670 5085 δὲ

2099 5121 2540 5192 ἐντετυπωμένον
2613 5121 2690 5192 τῷ
2726 5121 2942 5194 οὐρανῷ
2978 5123 3300 5178 δεικνύουσι.
3356 5123 3517 5188 Τινὲς
3563 5122 3620 5176 δὲ
3646 5125 3664 5154 ί

1683 5266 1922 5323 νΑΙιιΑΞ
1961 5267 2365 5326 LECTIONES.

566 5377 1009 5472 δυῖχερῧνεξντων
1130 5468 1141 5472 μ
1170 5386 1232 5472 ⁸⁸,
1264 5386 1586 5472 Βραχμᾶνες
1624 5390 1739 5472 ῬΒ-ε
1797 5391 2117 5472 Βραχμάναι
2161 5391 2344 5472 g._‘°
2407 5393 2515 5472 '1th
2567 5407 2677 5472 om.
2714 5390 2791 5472 Bﬁ.‘
2940 5391 3185 5472 θυραῖον]
3243 5394 3470 5472 θεωρεῖν
3526 5393 3566 5445 Β
3612 5405 3669 5472 et

414 5452 683 5524 cort'._A=
757 5450 822 5524 “_
851 5451 1002 5524 δρεσι
1040 5452 1143 5524 ll_:
1208 5450 1324 5524 ὄρει

1505 5458 1550 5488 ⁸⁸
1586 5455 1649 5511 αὖ
1683 5463 1721 5512 Α
1771 5477 1782 5512 :
1817 5455 1993 5514 αὐτῶν
2025 5479 2083 5525 ς.

2161 5463 2206 5535 έθ
2237 5461 2676 5535 Βραχμάνους-Β.
2748 5461 2794 5493 ⁹¹
2834 5463 2951 5535 li_lt_ri
2983 5461 3223 5532 ἔχοντας.
3313 5461 3664 5535 ’ίκατερεφῇ

418 5529 482 5605 (Ξ.
634 5517 730 5605 τῂν
761 5517 986 5605 θάόίΙᾼ.
1048 5517 1327 5605 ,θξὶάνδρὸς
1494 5528 1539 5559 ³³
1567 5529 1764 5598 ηὔξατο
1792 5550 1852 5596 ς.
1927 5532 1973 5563 ’⁸
2004 5517 2227 5595 ἐπιστὰς
2248 5517 2455 5587 δίιιιῗλ.
2532 5517 2950 5585 θίὺποσπασθέν
2976 5517 3043 5596 ςῗ
3112 5535 3158 5565 9⁸
3183 5517 3352 5602 διεσχ.
3381 5535 3442 5586 τὸ
3473 5517 3667 5605 θὴρίὶιΰ

418 5598 478 5645 ς.
553 5585 598 5618 ⁸³
635 5585 892 5660 Ἃσπαρα
910 5589 970 5645 Β.
1048 5595 1063 5623 ¹
1087 5592 1143 5645 δὲ
1162 5585 1268 5648 oni.
1300 5585 1367 5650 Ᾱ.

1929 5694 2158 5751 NOTAE.

1929 5697 2158 5751 NOTAE.

491 5770 601 5837 (ΡΞ)
643 5773 743 5829 Isis
783 5775 901 5832 dea.
943 5775 1195 5835 Canicula
1218 5821 1232 5847 ,
1282 5780 1558 5837 Plutarch.
1600 5784 1687 5838 lib.
1729 5785 1803 5840 De
1840 5785 1982 5842 Iside
2019 5799 2068 5842 ct
2100 5789 2326 5844 Osiride.
2363 5789 2665 5862 llorapollo,
2697 5794 2791 5850 lib.
2827 5809 2867 5861 I,
2907 5792 3250 5866 Ilieroglyph.
3277 5808 3398 5866 cap.
3437 5795 3492 5850 5.
