3990 6232
367 353 506 418 1269

1429 357 1956 418 BIBLIOTIIECA.
1998 386 2065 394 —
2103 361 2267 422 COD.
2306 363 2579 422 CCXLII.

3504 357 3632 420 1270

357 467 550 520 ἔλαθον
576 465 634 520 τὸ
668 467 881 538 ίέρωμα
909 466 1241 532 κατάξαντες
1270 468 1362 522 καὶ
1385 469 1817 542 διαφθείραντες,
1844 470 1940 524 καὶ

2050 487 2140 527 nes
2181 491 2194 528 :
2233 474 2560 528 ludieulihus
2606 487 2732 526 vero
2767 480 3017 542 apparet,
3047 469 3423 540 prominetque
3493 469 3633 521 anti-

352 559 726 631 ἀπορούμενοι
757 558 1076 630 τελεστικῆς
1120 559 1372 632 βοηθείας
1417 564 1465 615 οἱ
1515 561 1799 634 ἐπιχώριοι
1844 563 1939 615 ἀν-

2049 565 2296 634 quissimi
2329 566 2512 636 templi
2547 565 2917 636 piunaculum.

355 653 604 724 θρωπίνῃ
631 651 834 745 σπουδῇ
863 653 958 705 καὶ
987 655 1152 725 τέχνῃ
1183 653 1274 707 τὸν
1307 654 1503 725 λιμένα
1534 656 1689 726 μόλις
1719 657 1934 720 ἑαυτοῖς
1973 658 2372 728 περισώζουσιν
2414 660 2464 712 oi
2505 657 2815 727 Αἰγύπτιοι.
2869 658 2931 709 Οἱ
3002 656 3058 710 δὲ
3115 655 3358 714 ἐδίωκον,
3410 654 3462 733 oi
3531 657 3631 726 τῆς

354 746 615 810 γυναικὸς
645 743 996 824 θεράποντες,
1035 744 1126 797 τὸν
1155 745 1294 799 κύνα
1326 746 1621 816 φεύγοντα,
1682 748 1782 817 τῆς
1849 748 2096 823 Λιϐυκῆς
2137 749 2399 824 στρουθοῦ
2473 750 2543 803 τὰ
2594 749 2727 821 κρέα
2786 749 3129 819 ἁρπάσαντα.
3173 744 3538 817 Ὀρυττὸντων
3570 750 3629 802 δὲ

355 837 659 891 ἀνακύπτει
693 838 787 890 καὶ
821 836 1138 904 ὲκφαίνεται
1184 839 1518 893 παλαιτάτου
1556 840 1659 894 νεὼ
1691 842 1941 912 ἀέτωμα.

429 933 552 985 Ὅτι
583 934 610 984 ὁ
646 932 941 1003 Ἑρμείας¹
981 936 1136 1000 γένος
1167 933 1268 1003 μὲν
1295 929 1363 1004 ἦν
1397 933 1803 1006 Ἀλεξανδρεὺς,
1830 955 1937 989 παι

353 1024 461 1092 τὴρ
491 1023 535 1076 δ’
553 1025 864 1093 Ἀμμωνίου
894 1025 988 1076 καὶ
1022 1023 1370 1094 Ἡλιοδώρου.
1403 1019 1572 1090 Οὗτος
1601 1029 1852 1097 ἐπιεικὴς
1871 1024 1940 1098 ἦν

353 1115 458 1184 τὴν
484 1113 644 1183 φύσιν
675 1116 765 1168 καὶ
791 1114 993 1176 ἁπλοῦς
1025 1114 1086 1168 τὸ
1116 1111 1270 1186 ἦθος,
1295 1118 1602 1188 ἠκροάσατο
1629 1120 1684 1172 δὲ
1713 1119 1810 1172 καὶ
1834 1121 1940 1172 Συ-

359 1204 548 1276 ριανοῦ
597 1206 695 1259 σὺν
723 1205 968 1278 Πρόκλῳ.
1001 1207 1292 1278 Φιλοπονία
1326 1209 1423 1277 μὲν
1448 1203 1601 1274 οὗτος
1630 1209 1846 1274 οὐδενὸς
1872 1206 1940 1281 ἦν

355 1297 630 1368 δεύτερος,
680 1299 934 1366 ἀγχίνους
983 1298 1040 1350 δὲ
1077 1297 1228 1351 ούτι³
1256 1299 1460 1370 σφόδρα
1501 1295 1588 1372 ἦν,
1615 1302 1734 1356 οὐδὲ
1766 1301 1940 1369 λόγων

355 1389 590 1459 εὑρετής
641 1389 1069 1453 ἀποδεικτικῶν,
1115 1391 1235 1444 οὐδὲ
1269 1393 1516 1460 γενναῖος
1551 1392 1659 1461 ἄρα
1705 1391 1946 1464 ζητητὴς

355 1479 650 1551 ἀληθείας·
702 1481 897 1534 οὔκουν
949 1482 1058 1534 οὐδ’
1093 1477 1203 1546 οἶός
1253 1501 1312 1536 τε
1359 1485 1599 1552 ἐγεγόνει
1629 1484 1768 1556 πρὸς
1809 1487 1944 1538 ἀπο-

358 1572 589 1640 ροῦντας
611 1572 749 1626 κατά
771 1573 830 1625 τὸ
856 1575 1123 1645 καρτερὸν
1144 1575 1822 1643 ἀνταγωνίζεσθαι,καίτοι
1839 1579 1942 1647 ὲμ-

355 1661 564 1732 έμνητο
580 1665 655 1728 ὡς
684 1667 856 1717 εἰπεῖν
889 1667 1105 1719 πάντων
1133 1660 1208 1720 ὧν
1239 1683 1298 1720 τε
1313 1667 1540 1737 ἀκηκόει
1567 1667 1663 1720 τοῦ
1691 1666 1821 1739 [555
1848 1667 1939 1741 Η.]

352 1757 678 1812 διδασκάλου
727 1759 1093 1829 ἐξηγουμένου
1153 1765 1247 1814 καὶ
1309 1761 1418 1814 τῶν
1449 1765 1506 1816 ὲν
1563 1762 1788 1832 βιϐλίοις
1811 1765 1941 1818 ἀνα-

2117 933 2366 989 Hermias
2388 932 2607 986 natione
2633 930 3060 994 Alexandrinus,
3097 940 3247 1000 paler
3275 931 3549 985 Ammonii
3577 942 3632 985 et

2046 1027 2341 1082 Heliodori.
2378 1025 2476 1080 Hic
2501 1023 2601 1077 fuit
2634 1032 2826 1076 natura
2859 1021 3038 1076 bonus
3059 1032 3112 1076 et
3138 1022 3387 1090 simplex,
3417 1025 3633 1083 auditor

2046 1118 2259 1192 Syriani
2293 1117 2405 1187 (l3)
2445 1131 2566 1170 cum
2599 1114 2814 1169 Proclo.
2847 1113 3074 1167 Laboris
3116 1114 3295 1169 studio
3330 1113 3458 1167 nulli
3494 1113 3633 1168 inl‘e-

2043 1213 2156 1266 rior
2181 1229 2194 1264 :
2235 1209 2407 1263 solers
2444 1215 2624 1260 tamen
2650 1221 2754 1259 non
2785 1205 3072 1258 admodum
3101 1203 3221 1268 fuit,
3258 1219 3357 1258 nec
3383 1205 3535 1257 lirma
3565 1206 3630 1257 ad

2046 1317 2158 1358 rem
2185 1308 2506 1370 argumenta
2531 1298 2774 1351 invenire
2795 1306 3028 1365 poterat,
3067 1311 3242 1366 neque
3272 1312 3499 1366 magnus
3531 1313 3628 1352 vc-

2043 1392 2221 1448 ritatis
2251 1390 2624 1460 investigator.
2662 1387 2842 1454 Quare
2872 1403 2978 1442 non
3011 1397 3224 1458 poterat
3254 1399 3444 1443 contra
3473 1388 3632 1442 dubi-

2045 1489 2220 1536 tantes
2241 1479 2458 1536 fortiter
2492 1480 2776 1544 dimicare,
2810 1479 3060 1547 quamvis
3095 1494 3158 1533 ea
3189 1479 3450 1534 memoria
3483 1480 3634 1534 vale-

2045 1582 2146 1637 ret,
2179 1585 2238 1630 ut
2279 1573 2534 1628 recitaret
2584 1587 2920 1642 qua-cunque
2963 1587 2992 1625 a
3034 1582 3362 1641 pra‘ceptore
3405 1573 3633 1627 docente

2041 1667 2375 1731 audivisset,
2431 1680 2658 1736 quasque
2707 1665 2926 1734 scriptis
2987 1666 3239 1718 mandata
3271 1674 3474 1720 essent.
3524 1665 3631 1720 Sed

2047 1759 2245 1813 mentis
2291 1759 2542 1814 celeritas
2591 1772 2713 1812 cum
2742 1755 2988 1811 discendi
3024 1753 3204 1811 studio
3241 1773 3345 1812 non
3390 1758 3628 1828 vigebat.

353 1851 782 1920 γεγραμμένων.
802 1851 962 1904 Ἀλλά
992 1853 1052 1904 τὸ
1086 1852 1441 1924 αὐτοκίνητον
1465 1853 1526 1906 ού
1556 1829 1850 1926 προσήνθει
1871 1859 1937 1926 τῇ

2051 1850 2252 1906 Virtuti
2300 1852 2571 1920 egregiam
2625 1864 2847 1918 operam
2901 1849 3140 1912 navavit,
3199 1857 3258 1902 ut
3304 1848 3438 1902 nihil
3480 1850 3631 1904 ineo

355 1941 669 2011 πολυμαθία
687 1942 728 1995 ⁸.
769 1943 849 1996 Td:
897 1942 953 1996 δὲ
998 1942 1133 2011 πρὸς
1185 1945 1386 2015 ἀρετὴν
1430 1941 1489 1999 εὗ
1539 1945 1767 2016 ήσκητο,
1799 1947 1939 2001 ὥστε

356 2031 483 2102 μηδ’
513 2033 578 2085 ἂν
610 2033 701 2087 τὸν
744 2033 934 2104 μῶμον
979 2033 1142 2088 αὐτὸν
1174 2036 1636 2108 ὲπιμωμήσασθαι
1673 2039 1808 2108 μηδὲ
1853 2057 1943 2110 μι-

355 2127 520 2195 σῆσαι
568 2123 660 2178 τὸν
711 2125 926 2193 φθόνον.
975 2117 1144 2190 Οὗτος
1197 2126 1408 2180 ίδιώτου
1457 2129 1586 2182 ποτὲ
1635 2131 1942 2196 πωλοῦντος

353 2216 504 2286 αύτῷ
531 2217 756 2288 βιϐλίον,
789 2218 882 2272 καὶ
910 2218 1130 2272 ἔλαττον
1160 2219 1306 2290 ήπερ
1347 2214 1415 2290 ἦν
1461 2220 1611 2285 ἄξιον
1636 2223 1939 2290 αἰτοῦντος,

353 2307 723 2378 ὲπηνώρθωσέ
767 2327 827 2362 τε
872 2312 970 2380 τὴν
1014 2310 1224 2380 πλάνην
1267 2312 1361 2364 καὶ
1395 2311 1639 2376 πλείονος
1672 2314 1940 2385 ὠνήσατο.

353 2401 466 2454 Καὶ
499 2403 595 2470 οὐχ
630 2401 777 2465 ἅπαξ
810 2401 904 2471 τήν
934 2401 1281 2473 δικαιοσύνην
1320 2403 1560 2473 ταύτην,
1587 2400 1655 2478 ἧς
1694 2410 1803 2471 τοῖς
1848 2410 1942 2463 άλ-

353 2489 466 2554 λοις
490 2491 611 2544 ούδέ
643 2509 724 2555 τις
751 2488 856 2563 ἦν’
889 2493 1214 2564 ἐπιστροφή,
1237 2493 1373 2546 ἀλλά
1401 2495 1660 2560 πολλάκις
1685 2499 1725 2563 ⁸,
1753 2499 1943 2562 ὁσάκις

357 2583 672 2636 συνέϐαινεν
707 2586 924 2652 ἀγνοεῖν
969 2584 1060 2638 τὸν
1105 2586 1490 2656 πιπράσκοντα
1518 2588 1579 2640 τὸ
1604 2589 1815 2643 δίκαιον
1857 2591 1942 2644 τί-

359 2689 434 2742 μη
446 2690 545 2742 μα,
581 2673 948 2736 ἐπεδείκνυτο,
978 2675 1038 2726 οὑ
1072 2675 1211 2727 κατά
1235 2675 1362 2738 τοὺς
1391 2673 1585 2740 ἄλλους
1625 2679 1855 2746 ἀγαπῶν
1884 2682 1944 2734 τὸ

354 2764 604 2835 ἕρμαιον,
629 2765 748 2818 οὐδὲ
773 2764 1006 2835 οἰηθεὶςτ
1026 2765 1135 2835 ἄρα
1153 2766 1319 2836 μηδὲν
1344 2767 1570 2834 ἀδικεῖν,
1589 2773 1636 2822 εἰ
1651 2769 1792 2824 ἑκὼν
1806 2789 1916 2842 παρ
1931 2774 1946 2792 '

355 2855 574 2917 ἑκόντος
615 2856 794 2909 ὁτιοῦν
833 2859 1110 2926 ἐωνήσατο
1135 2873 1148 2888 °
1184 2860 1414 2929 καὶγὰρ
1453 2859 1675 2931 ἔνεδράν
1710 2879 1831 2916 τινα
1864 2859 1944 2917 εἷ-

357 2947 486 3000 ναιθ
521 2947 598 3018 τῷ
629 2949 916 3019 πράγματι
944 2951 1038 3003 καὶ
1069 2950 1310 3021 ἀπάτην,
1341 2953 1402 3005 ού
1431 2952 1696 3022 λέγουσαν
1726 2956 1786 3007 τὸ
1811 2954 1946 3025 ψεῦ-

355 3037 471 3100 δος,
506 3038 642 3092 ἀλλά
673 3040 966 3094 σιωπῶσαν
995 3041 1091 3112 τὴν
1118 3041 1396 3112 ἀλήθειαν,
1431 3045 1754 3112 καὶξὰδικίαν
1780 3042 1946 3102 οὖσαν

2047 1945 2255 2000 Momus
2283 1943 2398 2013 ipse
2425 1941 2844 2010 reprehendere,
2889 1954 2988 1993 nec
3029 1939 3167 1995 livor
3205 1941 3387 1996 odisse
3425 1951 3628 2010 posset.

2043 2041 2177 2096 Cum
2208 2038 2489 2108 imperitus
2517 2037 2564 2091 ei
2594 2036 2789 2090 librum
2813 2036 3088 2102 venderet,
3113 2045 3164 2089 et
3191 2035 3426 2105 pretium
3455 2036 3631 2090 minus

2045 2148 2204 2201 quam
2237 2131 2442 2186 valeret
2497 2130 2760 2200 exigeret,
2795 2129 3032 2183 hominis
3081 2144 3324 2183 errorem
3369 2128 3627 2189 correxit,

2045 2235 2099 2280 et
2128 2224 2297 2294 pluris
2346 2222 2496 2278 emit.
2558 2221 2667 2277 Nec
2717 2222 2887 2276 semel
2945 2221 3090 2274 hanc
3131 2219 3420 2289 justitiam,
3476 2219 3631 2290 cujus

2046 2314 2245 2368 nullam
2289 2314 2379 2367 alii
2424 2313 2686 2367 rationem
2737 2311 2959 2377 habent,
2987 2326 3172 2364 verum
3201 2311 3364 2363 etiam
3398 2308 3621 2378 sacpius,

2045 2406 2255 2476 quoties
2279 2405 2614 2460 venditorem
2659 2402 2900 2457 debitum
2939 2403 3174 2471 pretium
3205 2403 3456 2471 ignorare
3493 2416 3628 2453 cou-

2047 2492 2278 2565 tigisset,
2309 2495 2548 2549 ostendit
2584 2513 2597 2548 :
2629 2509 2736 2548 non
2766 2494 2994 2548 aliormn
3035 2509 3186 2548 more
3215 2492 3439 2546 fortuito
3479 2491 3630 2546 lucro

2045 2589 2278 2655 deditus,
2315 2597 2464 2641 ratus
2492 2588 2729 2654 aliquam
2755 2601 2815 2642 se
2847 2586 3098 2656 iniuriam
3129 2585 3423 2649 facturi-1,
3453 2583 3501 2639 si
3531 2598 3626 2637 vo-

2044 2682 2160 2737 lens
2190 2696 2219 2735 a
2252 2680 2464 2735 volente
2501 2679 2666 2734 etiam
2697 2680 2890 2750 quovis
2923 2679 3083 2732 modo
3113 2688 3338 2732 emeret.
3372 2675 3504 2730 Nam
3536 2676 3630 2729 do-

2047 2777 2155 2828 lum
2196 2773 2484 2844 quemdam
2515 2787 2637 2828 esse
2684 2773 2736 2826 in
2785 2782 3068 2827 contraetu
3121 2781 3176 2825 et
3216 2770 3485 2835 fraudem,
3520 2783 3630 2822 non

2046 2866 2290 2920 indicare
2317 2879 2586 2930 errorem,
2631 2863 2724 2918 sed
2755 2863 3040 2918 veritatem
3071 2861 3373 2926 occultare,
3419 2871 3474 2915 et
3505 2877 3629 2914 cum

2048 2957 2122 3012 sit
2155 2955 2352 3025 injuria
2397 2971 2502 3011 non
2534 2955 2770 3010 violenta
2814 2957 2908 3010 sed
2950 2952 3194 3019 fortuita,
3231 2954 3517 3022 plerosque
3547 2951 3632 3004 la-

2049 3058 2188 3115 tere,
2215 3064 2315 3104 nec
2339 3049 2509 3103 furari
2547 3048 2771 3118 aliquid,
2809 3047 2980 3102 instar
3011 3046 3302 3104 latronum,
3333 3060 3453 3098 cum
3487 3043 3638 3111 peri-

357 3131 641 3184 λανθάνειν
671 3133 798 3196 τοὺς
825 3134 1072 3201 πολλοὺς,
1097 3137 1157 3189 οὐ
1183 3137 1378 3208 βίαιον,
1405 3139 1539 3193 ἀλλά
1552 3139 1883 3210 κλοπιμαίαν
1901 3143 1944 3208 ⁸,

2053 3141 2194 3205 culo,
2234 3142 2329 3197 sed
2385 3156 2414 3194 a
2465 3139 2582 3209 lege
2628 3139 2846 3208 quidem
2888 3137 3118 3202 absolvi,
3150 3137 3416 3206 justitiam
3450 3143 3629 3188 autem

357 3221 467 3273 οὐδ’
494 3221 536 3251 ¹⁰
580 3222 917 3275 ἐπικίνδυνόν
963 3241 1084 3278 τινα
1129 3225 1325 3297 λῃστοῦ
1379 3229 1536 3298 δίκην
1586 3227 1944 3294 κλέπτουσαν,

357 3311 477 3365 ἀλλ’
499 3312 603 3364 ὑπὸ
635 3312 733 3382 μὲν
763 3313 855 3366 τοῦ
883 3315 1048 3384 νόμου
1085 3318 1412 3389 ἀφειμένην,
1433 3319 1494 3372 τὸ
1515 3319 1570 3372 δὲ
1592 3319 1794 3372 δίκαιον
1820 3319 1948 3372 ἀνα-

357 3403 686 3474 τρέπουσαν.
753 3405 877 3458 Ὅτι
927 3411 954 3460 ὀ
990 3408 1030 3438 ¹¹
1085 3409 1312 3479 ἀδελφὸς
1357 3409 1616 3480 Ἑρμείου
1648 3410 1950 3481 Γρηγόριος

359 3495 509 3548 ἅπαν
533 3490 605 3565 ἦν
635 3497 968 3561 τούναντίον,
999 3499 1257 3569 ὀξύτατος
1291 3501 1390 3572 μὲν
1412 3503 1490 3564 είς
1521 3502 1826 3572 ὑπερϐολήν
1854 3501 1952 3555 καὶ

268 3648 286 3654 ,κ
359 3586 648 3657 εὐκίνητος
681 3589 835 3640 ὲπὶ¹¹
869 3591 967 3652 τὰς
997 3590 1253 3662 ζητήσεις
1286 3593 1380 3647 καὶ
1404 3593 1502 3656 τὰς
1531 3592 1792 3664 μαθήσεις
1812 3632 1827 3657 ,
1857 3592 1953 3647 άλ-

359 3678 473 3742 λως
491 3678 548 3733 δὲ
567 3681 664 3750 οὐχ
694 3681 916 3752 ἡσύχιος
939 3685 1059 3736 οὐδὲ
1090 3687 1334 3758 γαλήνην
1360 3689 1419 3740 ὲν
1447 3690 1560 3751 τοῖς
1583 3689 1740 3759 ἤθεσι
1768 3688 1951 3759 φέρων

359 3769 505 3835 τινὰ,
535 3770 671 3824 ἀλλά
695 3789 746 3825 τι
772 3774 864 3827 καὶ
887 3779 1346 3848 παρακεκινηκὼς
1364 3780 1410 3812 ¹³
1427 3797 1440 3811 ι
1465 3779 1692 3851 ὕστερον
1711 3780 1755 3810 ¹¹⁵
1779 3779 1833 3830 δὲ
1859 3778 1952 3831 καὶ

359 3863 430 3931 τῇ
459 3862 598 3933 νόσῳ
621 3864 764 3918 ἑάλω
785 3866 877 3918 ἐπὶ
906 3867 1087 3932 πλέον,
1111 3869 1251 3922 ὥστε
1272 3869 1608 3942 δύσχρηστον
1637 3869 1803 3924 αὑτοῦ
1840 3870 1950 3931 τοῖς

359 3954 647 4025 λογισμοῖς
668 3957 762 4010 καὶ
785 3958 918 4010 πολὺ
944 3959 1317 4028 παραλλάττον
1338 3962 1592 4030 γενέσθαι
1613 3962 1672 4014 τὸ
1693 3962 1944 4032 ὄργανον.

365 4045 488 4100 Ὅτι
533 4046 610 4116 τῷ
641 4048 869 4120 Ἑρμείᾳ
913 4051 977 4104 ὲκ
1021 4052 1121 4122 τῆς
1152 4053 1402 4117 Αίδεσίας
1435 4053 1808 4125 πρεσϐύτερον
1841 4054 1951 4105 τῶν

363 4137 675 4208 φιλοσόφων
710 4139 871 4192 υἱέων
901 4140 1141 4194 τίκτεται
1177 4141 1410 4207 παιδίον,
1444 4142 1538 4195 καὶ
1565 4144 1597 4213 ή
1629 4143 1846 4195 Λίδεσία
1875 4142 1952 4212 τῷ

363 4231 474 4310 υἱεῖ
503 4230 641 4283 ἑπτὰ
666 4231 842 4300 μῆνας
872 4233 979 4286 ἀπὸ
1010 4233 1277 4300 γενέσεως
1308 4234 1495 4302 ἄγοντι
1526 4234 1862 4304 προσέπαιζέ
1893 4253 1949 4287 τε

361 4315 453 4373 οἷα
479 4320 647 4384 εἰκὸς,
678 4323 770 4374 καὶ
799 4322 986 4392 βάϐιον
1021 4325 1115 4377 καὶ
1146 4325 1356 4379 παιδίον
1381 4326 1632 4380 ἀνεκάλει
1656 4327 1720 4391 ¹⁵,
1753 4327 1955 4380 ὑποκοο·

364 4412 591 4482 ρίζουσα
618 4412 718 4484 τὴν
747 4415 1030 4484 φωνήν.⁹0
1074 4415 1131 4468 δὲ
1179 4416 1418 4480 ἀκούσας
1465 4417 1814 4488 ἠγανάκτησε
1860 4418 1954 4470 καὶ

2050 3245 2418 3300 corrumpere.
2481 3229 2682 3283 Habuit
2743 3228 2968 3282 fratrem
3028 3227 3353 3296 Gregorium
3405 3225 3631 3280 omnino

2051 3328 2394 3390 dissimilem,
2443 3325 2565 3396 plus
2612 3325 2778 3378 nimio
2821 3334 3064 3388 acutum,
3097 3334 3150 3377 et
3195 3322 3261 3376 ad
3305 3323 3633 3392 quaestiones

2051 3430 2105 3475 et
2151 3417 2470 3487 disciplinas
2515 3417 2864 3486 expeditum;
2926 3415 3259 3481 caeteroquin
3305 3413 3631 3483 inquietum,

2053 3525 2153 3566 nec
2179 3509 2406 3580 placidis
2449 3507 2710 3571 moribus,
2757 3507 2850 3560 sed
2885 3505 3127 3560 nonnihil
3178 3515 3370 3558 emotae
3416 3503 3632 3559 mentis.

2052 3603 2179 3658 Post
2201 3610 2384 3657 autem
2417 3599 2610 3655 crebro
2644 3599 2834 3652 morbo
2865 3607 3149 3667 correptus
3177 3606 3281 3657 est,
3314 3605 3372 3650 ut
3407 3597 3635 3650 rationis

2053 3709 2151 3748 usu
2183 3707 2373 3762 parum
2401 3690 2625 3755 valeret,
2651 3687 2846 3760 34H
2885 3697 2941 3743 et
2977 3703 3239 3759 organum
3272 3686 3425 3741 valde
3455 3695 3633 3740 muta-

2055 3795 2222 3840 retur.
2255 3783 2424 3839 Natus
2457 3789 2540 3838 est
2567 3781 2800 3835 Hermia:
2831 3796 2898 3836 ex
2955 3780 3176 3836 IEdesia
3211 3782 3376 3848 lilius,
3409 3790 3636 3835 creteros

2054 3874 2497 3942 philosophorum
2527 3872 2667 3927 lilios
2695 3886 2998 3941 superans:
3025 3881 3080 3926 et
3113 3871 3332 3927 Εὐθεῖα
3367 3886 3489 3926 cmn
3525 3871 3637 3924 lilio

2047 3965 2162 4035 jam
2191 3973 2401 4032 septem
2436 3972 2565 4016 nato
2594 3975 2830 4028 menses,
2864 3969 2923 4015 ut
2968 3961 3084 4016 ﬁeri
3131 3971 3298 4027 amat,
3325 3961 3633 4028 iocabatur.

2051 4065 2106 4108 et
2147 4054 2370 4108 Bahium
2415 4061 2469 4107 et
2503 4051 2738 4122 puellum
2783 4065 2914 4105 voce
2955 4050 3277 4106 diminutiva
3311 4050 3634 4120 appellabat.

2052 4147 2214 4202 Pater
2260 4144 2484 4200 audiens
2549 4153 2886 4212 conquestus
2929 4151 3034 4208 est,
3076 4154 3132 4197 et
3177 4143 3448 4210 increpuit
3496 4143 3637 4197 hanc

2056 4237 2317 4308 puerilem
2360 4237 2801 4299 diminutionem,
2841 4245 2896 4288 et
2930 4235 3272 4289 articulatam
3311 4233 3636 4300 increpando

2054 4345 2239 4386 vocem
2277 4327 2546 4398 protulit:
2593 4326 2808 4395 aliaque
2851 4326 3017 4378 multa
3049 4324 3116 4379 de
3163 4324 3255 4378 illo
3298 4337 3466 4392 puero
3497 4323 3634 4376 mira

2055 4425 2328 4486 dicuntur,
2377 4433 2500 4473 eum
2550 4417 2761 4473 scilicet
2812 4417 2977 4469 vitam
3023 4417 3076 4468 in
3110 4429 3338 4484 corpore
3363 4429 3470 4468 non
3497 4414 3633 4468 tole-

362 4505 665 4576 ἐπετίμησε
705 4506 797 4560 τὸν
844 4507 1092 4560 παιδικὸν
1118 4511 1304 4561 τοῦτον
1337 4509 1707 4580 ὑποκορισμὸν
1734 4549 1748 4570 ,
1789 4511 1884 4562 καὶ
1910 4511 1945 4540 ¹⁶

2063 4525 2230 4576 rasse,
2278 4509 2374 4564 sed
2409 4507 2638 4576 septimo
2677 4521 2820 4560 anno
2862 4497 3048 4560 vivere
3093 4504 3342 4569 desiisse,
3381 4519 3481 4559 nec
3517 4504 3636 4573 eius

360 4596 778 4668 διηρθρωμένην
816 4597 915 4670 τὴν
951 4601 1267 4672 ἐπιτίμησιν
1301 4600 1622 4670 ὲξενεγκών.
1660 4601 1772 4655 Καὶ
1814 4601 1952 4655 ἄλλα

361 4687 420 4740 δὲ
447 4687 618 4741 πολλά
647 4689 776 4759 περὶ
805 4690 898 4741 τοῦ
924 4691 1114 4753 παιδὸς
1142 4691 1333 4744 τούτου
1355 4691 1720 4761 τερατολογεῖ,
1747 4693 1841 4744 καὶ
1868 4693 1950 4744 ὅτι

362 4781 463 4831 οὐκ
494 4780 818 4851 ἀνεχόμενος
844 4781 944 4853 τήν
990 4784 1050 4836 ὲν
1098 4784 1310 4854 σώματι
1341 4784 1486 4855 ζωὴν
1515 4785 1654 4837 ἑπτὰ
1682 4784 1820 4838 ἐτῶν
1855 4783 1948 4839 τοῦ

365 4870 481 4940 βίου
510 4872 720 4946 ἀπέστη
740 4890 756 4905 ο
783 4874 844 4926 ού
870 4875 978 4944 γάρ
1009 4873 1205 4945 ἐχώρει
1239 4877 1404 4929 αὑτοῦ
1436 4876 1535 4944 τὴν
1559 4876 1736 4946 ψυχήν
1764 4879 1791 4929 ὁ
1821 4877 1949 4947 περὶ

362 4963 468 5032 γῆν
499 4964 584 5016 ὂδε
611 4964 792 5028 τόπος.
823 4965 996 5019 Βάϐια
1027 4967 1084 5019 δὲ
1116 4968 1162 5019 οἱ
1193 4966 1390 5037 Σύροι,
1419 4967 1512 5020 καὶ
1545 4968 1779 5037 μάλιστα
1803 4970 1854 5021 οἱ
1887 4969 1946 5022 ὲν

304 5053 323 5072 ’
365 5056 661 5128 Δαμασκῷ,
689 5060 756 5113 τὰ
787 5060 978 5127 νεογνά
1024 5060 1248 5114 καλοῦσι
1282 5061 1486 5128 παιδία,
1520 5061 1618 5134 ἤδη
1649 5062 1705 5115 δὲ
1743 5061 1837 5115 καὶ
1879 5061 1949 5115 τὰ

2055 4603 2292 4655 animam
2326 4605 2638 4663 terrestrem
2670 4597 2903 4666 aliquem
2957 4596 3135 4649 locum
3168 4595 3465 4664 excepisse.
3511 4595 3632 4666 Syri

2055 4703 2110 4748 et
2139 4693 2372 4745 maxime
2397 4691 2487 4759 qui
2523 4690 2575 4744 in
2613 4688 2876 4742 Damasco
2911 4688 3179 4751 habitant,
3225 4702 3420 4756 pueros
3446 4701 3644 4742 recens.

2054 4794 2213 4838 natos
2257 4782 2423 4836 Babia
2476 4791 2688 4836 vocant.
2737 4779 2856 4835 .Iam
2913 4794 3040 4834 vero
3085 4789 3138 4835 et
3191 4779 3560 4834 adolescentes
3603 4795 3633 4832 ιι

2053 4877 2154 4930 dea
2189 4874 2372 4938 Babin,
2408 4886 2531 4941 qua:
2559 4871 2699 4940 apud
2732 4871 2852 4926 illos
2883 4880 3104 4940 putatur
3129 4885 3270 4935 esse,
3309 4869 3388 4924 sic
3417 4877 3629 4923 vocant.

2054 4965 2173 5020 Jam
2209 4965 2353 5020 enim
2384 4962 2623 5017 nonnulli
2646 4978 2856 5026 eorum,
2888 4962 2978 5032 qui
3002 4976 3161 5018 aures
3184 4961 3386 5014 fractas
3410 4959 3632 5026 habent,

2055 5043 2108 5114 et
2149 5072 2372 5112 sensum
2406 5056 2776 5122 depravatum,
2822 5055 2874 5108 in
2908 5055 3232 5108 comtediam
3275 5062 3332 5106 et
3375 5052 3426 5104 in
3467 5052 3631 5105 risum

1645 5171 1872 5228 VARIIE
1907 5168 2314 5227 LECTIONES.

485 5263 506 5292 .
547 5262 642 5333 Ἑρ

367 5332 491 5386 add.
559 5336 614 5389 A.

365 5405 591 5471 πιμαῖον
616 5403 678 5458 Α.
759 5404 802 5435 ¹⁰
835 5403 946 5457 οὗθ’
977 5422 1037 5468 ς.

365 5490 396 5524 e
433 5475 697 5544 llamascii
728 5475 950 5544 historia
992 5476 1355 5543 philosophica
1384 5476 1625 5544 apponit.

651 5261 827 5333 μείας]
867 5262 935 5316 cf.
964 5261 1158 5318 Suidas
1215 5264 1270 5318 h.
1328 5280 1381 5318 ν.

731 5335 752 5364 ⁸
786 5334 921 5386 ἀλλὰ
949 5337 1043 5387 καὶ
1082 5334 1236 5389 πολλ.
1293 5352 1350 5398 ς.

366 5613 530 5667 ὑποκ.
564 5613 720 5684 τορὸν
751 5613 813 5667 Β.

1513 5264 1534 5294 ⁸
1555 5262 1671 5316 οὔτι
1691 5295 1761 5304 -
1783 5262 1902 5315 οὐδέ
1924 5263 2002 5315 A:
2033 5259 2158 5314 οὔτε
2195 5290 2260 5302 -
2286 5255 2408 5311 οὕτε
2434 5273 2496 5322 ς.

1470 5335 1490 5365 “’
1519 5334 1626 5403 ἄρα
1653 5337 1692 5386 Α
1721 5348 1842 5403 cum
1901 5333 2063 5403 Suida
2083 5348 2144 5403 ην.
2183 5330 2324 5403 Έρμ

1117 5407 1159 5437 ¹¹
1191 5407 1218 5458 ὁ
1243 5393 1351 5459 om.
1393 5405 1458 5458 Α.
1537 5393 1578 5434 ’³
1609 5403 1722 5468 ἐπὶ]
1753 5402 1845 5455 ἐπί
1876 5420 1935 5455 τε
1963 5402 2158 5454 Suidas
2182 5393 2259 5468 (νζ
2288 5393 2592 5468 Γρηγόριος
2623 5395 2901 5468 ἀδελφός),
2957 5394 3197 5468 qui__|to_c
3236 5393 3628 5468 fragmentum

1729 5475 1747 5504 ³
1774 5472 2216 5542 παρακεκινηκός
2253 5469 2310 5522 Β.

364 5544 444 5615 εἰς
463 5542 874 5615 Ἀλεξάνδρειαν
911 5543 1140 5615 ὕστερον
1175 5541 1370 5600 Suidas
1397 5541 1581 5600 {idem
1607 5559 1728 5599 mox
1761 5541 1868 5597 om.
1897 5544 2007 5604 τοῖς
2029 5541 2332 5610 λογισμοῖς.

3514 5255 3536 5284 6
3563 5248 3632 5326 ἦν

2613 5258 2636 5287 δ
2691 5252 2988 5324 φιλομαθίᾳ
3019 5271 3080 5317 ς.
3109 5253 3202 5325 τὰ]
3237 5253 3298 5306 τὸ
3319 5253 3379 5306 Β.
3514 5252 3597 5326 δή

2638 5343 2701 5378 ς.
2843 5327 2864 5356 ⁸
2899 5339 3076 5378 nOune
3104 5324 3344 5378 éveivatt?
3449 5325 3468 5355 ⁹
3501 5323 3598 5378 κλο

2329 5330 2440 5380 αῖον
2483 5344 2494 5379 :
2529 5327 2610 5380 ὅτι
2638 5343 2701 5389 ς.
2843 5327 2864 5356 ⁸
2899 5339 3076 5379 nOnne
3104 5324 3344 5378 ὲνεῖναιῗ

2426 5458 3002 5536 δι’ὓστερονίδὲίέπει
3053 5465 3112 5536 δέ
3167 5458 3463 5536 Ἀθήνηθεν
3495 5458 3630 5536 ἧκεν

2412 5538 2455 5569 ³⁵
2486 5532 2762 5609 ἀνεκάλει]
2787 5532 2854 5590 αὖ
2884 5533 3068 5589 ἐκάλει
3098 5534 3159 5588 Β.
3239 5532 3293 5564 ¹⁶“
3313 5535 3474 5588 ὑποκ.
3514 5532 3629 5608 icui}

1879 5677 2112 5734 ΝΟΤᾸΞ.

439 5777 552 5846 (15)
593 5776 784 5833 Suidas
826 5779 878 5834 in
912 5776 1130 5832 Hermia
1165 5773 1442 5845 legendus.
