3990 6232
404 303 541 371 12ἶ⁹5

1563 317 1825 380 ΡΗΟΤΙΙ
1869 322 2371 384 ΡΑΤΒΙΑΠΟΙΙᾸΞ
2411 326 2519 385 CP.

3507 329 3642 394 1276

402 429 506 482 cim
539 437 782 500 tempora
811 429 927 487 l‘elis
959 432 1509 506 distinguit,singulas
1546 451 1795 500 nocteset
1825 448 1939 502 dies

2055 441 2214 495 ὠδέν.
2263 442 2373 505 Τὰς
2419 441 2625 496 δώδεκα
2673 443 2878 514 ὥραςή
2913 443 3159 514 αἴλουρος
3207 445 3510 513 διακρίνει,
3549 445 3642 499 νύ-

399 522 610 576 urinam
654 524 881 592 singulis
919 527 1064 582 horis
1091 528 1364 598 eminens,
1403 546 1616 604 semper
1647 536 1817 594 instar
1852 541 1962 596 ins-

401 615 658 667 trumenti
683 614 959 684 cujusdam
982 619 1143 673 horas
1170 619 1447 690 dirigens:
1480 625 1609 693 quin
1631 629 1792 682 etiam
1820 629 1962 687 lunae

398 703 514 754 dies
549 705 624 756 ait
659 719 942 759 numerare
993 709 1210 778 proprio
1276 710 1409 767 fetu.
1445 713 1750 786 Quinetiam
1802 719 1958 776 felem

394 804 598 861 septem
640 798 835 865 primo,
885 813 978 853 sex
1019 804 1268 856 secundo
1296 815 1477 873 partu,
1509 809 1666 863 tertio
1697 813 1957 881 quinque,

395 897 590 952 quarto
637 899 895 956 quatuor,
953 891 1136 958 quinta
1176 901 1306 959 tres,
1346 907 1497 952 sexto
1538 899 1696 966 duos,
1733 905 1959 970 septimo

395 991 558 1028 ntnnn
593 979 774 1042 edere,
813 990 867 1031 et
905 990 981 1034 tot
1011 996 1129 1036 esse
1155 983 1294 1038 letus
1325 985 1466 1052 felis,
1487 999 1614 1057 quot
1647 990 1805 1047 habet
1833 993 1956 1049 luna

391 1070 524 1124 dies.
557 1069 730 1124 Cebus
761 1081 844 1127 est
878 1073 1049 1129 simiae
1085 1078 1298 1146 species
1327 1088 1381 1133 et
1423 1095 1607 1135 semen
1653 1084 1795 1138 circa
1829 1085 1956 1141 solis

388 1171 443 1217 et
473 1163 611 1216 lunae
642 1180 990 1234 congressum
1013 1170 1230 1224 emittit.
1257 1169 1403 1241 Oryx
1435 1175 1633 1228 animal
1669 1176 1716 1245 (l
1731 1176 1783 1246 7)
1812 1188 1956 1233 ster-

387 1264 581 1309 nutans
653 1259 888 1312 ostendit
938 1259 1128 1314 Sothin
1203 1264 1355 1317 oriri.
1418 1265 1496 1319 Ne
1535 1268 1697 1323 duces
1769 1283 1953 1323 eorum

385 1346 704 1413 perniciosis
730 1348 938 1402 civitati
984 1353 1429 1408 contentionibus
1489 1355 1947 1422 distraherentur,

385 1437 709 1506 praedicebat
751 1455 813 1493 ex
849 1449 1057 1495 secreta
1092 1444 1324 1512 quadam
1377 1446 1608 1502 visione.
1655 1449 1709 1504 In
1741 1453 1946 1520 pariete

385 1530 563 1585 lumen
629 1536 846 1588 densum
908 1545 1173 1606 apparet,
1229 1538 1651 1595 transformatur
1695 1552 1950 1613 tanquam

383 1635 668 1678 concretus
697 1627 749 1679 in
780 1625 973 1681 {aciem
1007 1643 1192 1682 revera
1215 1629 1454 1684 divinam
1483 1640 1540 1686 et
1569 1644 1951 1701 supernatnra-

382 1714 507 1779 letn,
550 1731 656 1770 non
703 1717 843 1772 dulci
877 1730 1178 1786 venustate,
1211 1720 1304 1775 sed
1363 1735 1551 1775 severa
1581 1721 1942 1788 edormatam,

2066 550 2198 596 κτας
2231 535 2322 587 καί
2356 534 2569 604 ἡμέρας
2617 534 2851 604 οὐροῦσα
2893 533 3012 586 καθ’
3049 535 3286 604 ἑκάστην
3329 534 3438 599 ἀεὶ,
3485 534 3644 603 δίκην

2063 623 2292 695 ὀργάνου
2327 624 2468 688 τινὸς
2496 623 3161 696 ώρογνωμονοῦσα.Ἀλλά
3197 625 3290 677 καὶ
3339 626 3439 695 τῆς
3480 623 3643 696 σελή-

2062 730 2192 783 νης,
2225 714 2408 784 φησὶν,
2441 715 2832 784 ἀπαριθμεῖται
2877 712 2946 767 τὰ
2989 714 3144 782 φῶτα
3191 717 3303 777 τοῖς
3349 715 3619 775 οἰκείοις⁸

2061 807 2384 876 γεννήμασι.
2416 808 2524 859 Καὶ
2545 808 2652 874 γὰρ
2679 806 2777 878 τὴν
2804 805 3054 876 αἴλουρον
3083 807 3125 870 ζ’
3156 806 3253 876 μὲν
3285 806 3376 859 τὸν
3400 804 3641 871 πρῶτον,

2061 897 2116 962 ς’
2137 898 2192 949 δὲ
2223 897 2348 970 [558
2375 897 2466 970 Η.]
2497 897 2586 951 τὸν
2605 899 2855 967 δεύτερον
2873 898 3046 963 τόκον,
3071 897 3162 950 τὸν
3182 898 3364 965 τρίτον
3392 904 3455 960 ε’,
3481 896 3576 948 καὶ
3594 897 3641 926 ⁵⁸

2061 989 2102 1042 δ’
2128 990 2218 1042 τὸν
2249 988 2526 1060 τέταρτον,
2558 991 2652 1042 καί
2685 995 2734 1058 γ’
2757 990 2848 1042 τδν
2893 988 3161 1058 πέμπτον,
3191 990 3273 1057 ἐφ’
3302 982 3384 1050 οἷς
3414 986 3508 1039 δύο
3546 986 3643 1038 τὸν

2059 1082 2216 1134 ’ἐκτον
2245 1085 2339 1136 καί
2373 1082 2468 1136 Eva
2496 1084 2584 1135 ἐπὶ
2623 1083 2756 1135 πᾶσι
2785 1081 2876 1134 τὸν
2899 1080 3125 1152 ἕϐδομον
3149 1097 3162 1111 ·
3205 1080 3302 1132 xal.
3332 1077 3472 1131 εἶναι
3519 1093 3640 1130 τοσο

2059 1173 2194 1226 αὔτα
2229 1175 2542 1243 γεννήματα
2573 1175 2671 1243 τῆς
2708 1171 2983 1242 αἰλούρου,
3012 1173 3111 1225 ὅσα
3140 1171 3235 1224 καὶ
3261 1169 3328 1223 τὰ
3349 1172 3448 1240 τῆς
3483 1168 3636 1238 σελή-

2058 1283 2152 1335 νης
2187 1266 2358 1335 φῶτα.
2378 1266 2434 1320 'O
2458 1267 2626 1336 κῆδος
2658 1266 2793 1335 (ἔστι
2821 1266 2878 1320 δὲ
2909 1264 3142 1334 πιθήκου
3175 1259 3336 1329 εἶδος)
3361 1262 3620 1332 ἀποσπερ

2059 1358 2239 1428 μαίνει
2289 1359 2432 1413 κατά
2479 1358 2577 1430 τὴν
2631 1359 2849 1412 σύνοδον
2911 1357 3062 1427 ήλίου
3138 1356 3230 1408 καὶ
3281 1355 3532 1425 σελήνης.
3581 1353 3640 1406 Ὁ

2055 1449 2186 1519 ὅρυξ
2232 1448 2292 1501 τὸ
2321 1447 2460 1512 ζῶον
2507 1449 2883 1520 πταρνύμενος
2933 1446 3245 1501 ἀνατέλλειν
3287 1445 3640 1516 διασημαίνει

2053 1541 2152 1610 τὴν
2201 1540 2392 1595 Σῶθιν.
2437 1542 2582 1604 Ἕως
2618 1543 2666 1594 οἰ
2711 1539 2978 1611 ἡγεμόνες
3027 1538 3206 1592 αὐτῶν
3235 1537 3526 1608 διέστησαν
3558 1537 3638 1599 εἰς

2061 1633 2178 1703 ἔριν
2211 1631 2617 1702 πολιτοφθόρον.
2647 1631 2757 1684 Καὶ
2786 1629 3052 1700 προέλεγε
3082 1629 3226 1682 κατὰ
3259 1629 3359 1700 τὴν
3391 1627 3638 1699 ἀπόρρη-

2051 1741 2142 1778 τον
2188 1723 2334 1778 θέαν.
2395 1721 2557 1796 [1049
2593 1722 2686 1795 R.]
2740 1721 2798 1776 Ὀ
2834 1721 2878 1775 δ’
2916 1723 2974 1774 ἐν
3013 1721 3091 1790 τῷ
3119 1720 3280 1790 τοίχῳ
3333 1717 3428 1772 τοῦ
3454 1716 3636 1788 φωτὸς
3705 1761 3716 1767 -

381 1807 499 1862 visu
535 1807 982 1876 pulcherrimam,
1032 1820 1209 1865 tamen
1245 1813 1296 1866 in
1344 1814 1632 1869 severitate
1675 1815 1761 1868 illa
1799 1817 1948 1870 blan-

2058 1815 2243 1884 φανεὶς
2268 1816 2430 1885 όγκος
2459 1809 2570 1868 οἷον
2608 1813 2804 1882 παγεὶς
2837 1815 2916 1877 εἰς
2941 1813 3230 1884 πρόσωπον
3251 1809 3636 1882 διεμορφοῦτο,

380 1898 505 1950 dum
536 1898 661 1967 quid
696 1900 966 1968 ostendit;
1007 1902 1148 1956 hunc
1181 1903 1529 1957 Alexandrini
1571 1905 1687 1959 loco
1716 1903 1948 1960 Osiridis

377 1997 430 2042 et
457 1987 720 2044 Adonidis
747 1991 797 2044 in
831 1993 1052 2046 deorum
1097 1997 1372 2064 mysteriis
1399 1996 1704 2051 coluerunt.
1739 1997 1869 2051 Erat
1894 1998 1946 2051 in

377 2078 622 2134 lleraisci
666 2083 969 2152 philosophi
1015 2093 1206 2138 natura
1253 2085 1454 2154 aliquid
1499 2089 1642 2156 quod
1690 2088 1948 2156 inquina-

376 2178 558 2222 menta
593 2173 958 2239 generationis
998 2173 1267 2228 aboleret.
1306 2172 1362 2228 Si
1399 2191 1560 2244 quam
1615 2175 1824 2246 impura
1869 2177 1948 2230 lo-

374 2274 628 2328 quentem
670 2266 948 2320 mulierem
1001 2267 1067 2321 de
1107 2283 1426 2336 quacunque
1466 2266 1680 2322 tandem
1745 2284 1804 2323 re
1849 2285 1946 2323 au-

375 2357 567 2418 disset,
605 2358 786 2411 statim
838 2359 885 2413 ei
937 2367 1100 2428 caput
1143 2360 1345 2415 doluit:
1403 2371 1564 2431 atque
1608 2362 1683 2416 ita
1738 2363 1942 2419 viventi

374 2463 588 2520 semper
639 2452 882 2520 quadam
937 2453 1191 2508 divinitas
1237 2455 1463 2521 aderat;
1516 2465 1732 2512 mortuo
1785 2473 1937 2522 vero,

372 2555 496 2594 cum
531 2540 644 2610 lege
677 2542 876 2596 usitata
908 2543 1281 2598 sacerdotibus
1315 2545 1668 2616 Asclepiades
1727 2551 1942 2603 tradere

370 2639 609 2699 pararet,
660 2645 781 2685 cum
833 2640 1049 2698 caetera,
1076 2644 1186 2687 tum
1230 2633 1460 2690 Osiridis
1506 2646 1704 2704 vestes,
1747 2637 1942 2708 quibus

373 2731 647 2791 tegeretur
673 2738 892 2792 corpus,
929 2724 1136 2786 statim,
1167 2739 1286 2779 cum
1323 2725 1528 2781 lumine
1561 2741 1592 2780 e
1618 2728 1940 2784 sindonibus

367 2813 607 2882 undique
676 2829 889 2869 arcana:
941 2816 1338 2882 descriptiones
1393 2815 1700 2883 elueebant,
1742 2831 1794 2876 et
1831 2824 1940 2877 cir-

368 2919 490 2958 cum
545 2906 644 2961 has
695 2906 901 2975 species
960 2907 1203 2976 quaedam
1258 2908 1561 2964 divinorum
1613 2910 1937 2966 simulacro-

365 3013 487 3053 rum
533 2999 872 3054 videbantur.
924 2999 1049 3054 Fuit
1095 3009 1148 3054 et
1181 3001 1389 3069 primus
1448 3000 1567 3071 ejus
1613 3013 1764 3059 ortus
1781 3018 1940 3060 sacer

365 3101 421 3147 et
482 3093 766 3165 mysticus.
801 3092 997 3147 Fertur
1063 3095 1206 3148 enim
1252 3108 1316 3149 ex
1367 3103 1526 3150 utero
1563 3098 1755 3152 matris
1813 3113 1938 3166 pro-

2057 1909 2343 1979 πρόσωπον
2375 1906 2612 1977 ἀτεχνῶς
2643 1906 2925 1960 Θεσπέσιον
2951 1906 3014 1975 δή
3045 1922 3096 1958 τι
3126 1904 3219 1957 κα)⁵
3250 1903 3544 1973 ὑπερφυὲς,
3570 1900 3636 1956 οὐ

2055 1999 2336 2067 γλυκείαις
2360 1999 2593 2069 χάρισιν,
2613 1998 2746 2051 ἀλλά
2764 1997 3049 2068 βλοσυραῖς
3075 1994 3464 2063 ἀγαλλόμενον,
3497 1992 3635 2046 κάλ-

2056 2093 2233 2143 λιστον
2266 2089 2310 2144 δ’
2337 2091 2484 2159 ὅμως
2512 2089 2640 2142 ἰδεῖν
2667 2089 2762 2142 καί
2789 2088 2940 2142 οὐδὲν
2965 2081 3126 2158 ἦττον
3158 2086 3250 2138 ἐπὶ
3279 2084 3358 2154 τῷ
3385 2082 3633 2155 βλοσυρῷ

2053 2183 2113 2234 τδ
2153 2182 2314 2252 ἤπιον
2359 2179 2816 2251 ἐπιδεικνύμενον.
2875 2181 2980 2232 -Ὃν
3024 2175 3391 2250 Ἀλεξανδρεῖς
3439 2175 3632 2246 ἐτίμη-

2057 2289 2156 2324 σαν
2185 2273 2399 2340 Ὄσιριν
2443 2271 2575 2324 δντα
2625 2270 2720 2324 καὶ
2746 2269 2974 2322 Ἀδωνιν
3021 2267 3161 2322 κατά
3202 2267 3302 2334 τὴν
3357 2269 3630 2335 μυστικὴν

2054 2361 2528 2431 θεοκρασίαν.”οτι
2571 2360 2719 2431 ἐνῆν,
2751 2359 2906 2429 φησί,
2957 2358 3024 2428 τῇ
3086 2354 3181 2409 τοῦ
3213 2355 3508 2426 Ἦραῖσκου
3531 2353 3629 2407 τοῦ

2053 2451 2344 2522 φιλοσόφου
2381 2451 2542 2520 φύσει
2591 2451 2687 2504 καί
2718 2467 2772 2503 τι
2802 2448 2929 2513 τοὺς
2972 2446 3281 2518 μολυσμοὺς
3329 2445 3428 2514 τῆς
3474 2445 3631 2513 γενέ-

2053 2560 2191 2607 σεως
2233 2543 2582 2613 ἀναινόμενον
2601 2543 2676 2576 ⁸⁸⁸
2724 2542 2773 2594 εἰ
2823 2540 2954 2610 γοῦν
2978 2537 3218 2591 αἴσθοιτο
3247 2534 3629 2606 φθεγγομένης

2049 2639 2197 2703 ὅπως
2242 2638 2306 2708 δὴ
2355 2638 2451 2692 καὶ
2476 2638 2598 2692 ὅθεν
2633 2636 2892 2707 γυναικὸς
2925 2635 3238 2706 ἀκαθάρτου
3266 2633 3433 2696 τινος,
3469 2633 3628 2702 ήλγει

2049 2732 2390 2802 παραχρῆμα
2417 2730 2517 2802 τὴν
2548 2729 2790 2800 κεφαλήν
2807 2728 2872 2782 ⁵⁸.
2909 2726 3068 2781 Οὕτω
3117 2725 3216 2796 μέν
3255 2723 3418 2788 ζῶντι
3459 2721 3627 2791 συνῆν

2045 2825 2131 2878 ἀεί
2161 2842 2212 2876 τι
2241 2823 2472 2886 θεοειδές
2490 2837 2504 2851 ·
2537 2820 2862 2876 ἀποθανόντι
2898 2819 2954 2873 δέ
2981 2817 3171 2887 ἐπειδὴ
3199 2815 3266 2870 τὰ
3295 2813 3628 2884 νομιζόμενα

2045 2914 2155 2976 τοῖς
2185 2911 2418 2980 ἱερεῦσιν
2446 2913 2474 2964 ὁ
2494 2909 2898 2980 Ἀσκληπιάδης
2943 2907 3252 2962 ἀποδιδόναι
3286 2907 3628 2975 παρεσκευὰ’

2045 3003 2188 3068 ζετο,
2219 3002 2290 3056 τά
2315 3019 2373 3055 τε
2402 3001 2539 3056 ἀλλα
2563 3001 2659 3054 καὶ
2685 3000 2783 3064 τὰς
2802 2998 3114 3070 Ὀσιριάδας
3133 2998 3178 3032 ⁸⁵
3206 2997 3300 3051 ἐπὶ
3328 2997 3406 3066 τῷ
3437 2996 3627 3067 σώμαι

2043 3094 2156 3147 “es
2185 3091 2508 3163 περιϐολὰς,
2553 3091 2751 3146 αὐτίκα
2779 3089 2920 3160 φωτὶ
2953 3089 3333 3158 κατελάμπετο
3371 3085 3626 3157 πανταχῆ

364 3184 553 3248 diisse,
589 3183 768 3238 indice
807 3183 1007 3238 silentii
1049 3184 1216 3253 digito
1249 3183 1406 3239 labiis
1458 3185 1790 3251 adhaerente,
1820 3203 1928 3257 quo

2055 3185 2142 3238 πῶν
2161 3185 2410 3238 σινδόνων
2427 3185 2712 3256 ἀπόρρητα
2729 3183 3144 3254 διαγράμματα,
3159 3183 3253 3235 καί⁵
3270 3183 3397 3254 περὶ
3419 3183 3564 3236 αὑτά
3579 3183 3622 3213 ⁵⁷

365 3277 527 3332 modo
559 3283 614 3331 et
657 3275 895 3347 Egyptii
941 3275 1250 3330 fabulantur
1297 3277 1488 3342 Orum,
1534 3288 1588 3334 et
1616 3289 1742 3336 ante
1772 3279 1936 3335 Orum

2055 3276 2354 3346 ιαθεωρᾶτο
2402 3276 2704 3346 φασμάτων
2751 3276 2864 3346 εῖδη
2911 3270 3358 3346 θεοπρεπῶνῙΗν
3386 3275 3432 3330 δ’
3457 3273 3624 3328 αὐτοῦ

365 3369 531 3423 solem
573 3379 755 3423 natum
791 3383 931 3426 esse.
964 3368 1150 3440 Itaque
1175 3385 1295 3425 cum
1327 3371 1525 3443 digitus
1555 3371 1712 3427 labiis
1749 3372 1940 3426 adlue-

2055 3370 2132 3422 ca’t
2157 3370 2190 3438 ή
2209 3369 2254 3400 ⁵⁸
2281 3367 2474 3438 πρώτη
2506 3368 2721 3435 γένεσις
2753 3367 2871 3438 ἱερά
2900 3367 2993 3420 καί
3009 3367 3055 3399 ⁸³
3093 3368 3327 3438 μυστική
3355 3381 3370 3397 ⁸
3402 3365 3623 3434 λέγεται

365 3469 530 3522 reret,
587 3461 823 3514 sectione
869 3460 942 3515 illi
1003 3461 1102 3516 fuit
1162 3476 1318 3531 opus,
1356 3473 1410 3517 et
1463 3462 1673 3516 labrum
1727 3477 1940 3530 semper

2055 3462 2093 3515 ἰὲ
2113 3462 2157 3493 ⁶⁰
2195 3460 2474 3514 κατελθεῖν
2519 3459 2628 3514 ἀπὺ
2661 3460 2759 3531 τῆς
2805 3460 3012 3531 μητρὸς
3054 3461 3132 3524 εἰς
3161 3459 3222 3512 τὸ
3256 3460 3369 3528 φῶς
3396 3460 3488 3512 ἐπὶ
3509 3462 3625 3522 τοῖς

363 3550 556 3604 leviter
613 3550 805 3623 3431)
864 3551 1094 3606 incisum
1165 3551 1501 3617 permansit,
1583 3555 1937 3623 conspicuum

2055 3557 2270 3627 (εἰλεσιν
2301 3555 2439 3627 ἔχων
2466 3555 2557 3608 τὸν
2586 3553 3022 3621 κατασιγάζοντα
3051 3550 3309 3605 δάκτυλον
3329 3591 3345 3616 ,
3375 3547 3487 3606 οἷον
3525 3553 3625 3604 Αἰ-

363 3639 615 3694 omnihus
632 3641 841 3711 signum
873 3642 1251 3698 inenarrabilis
1299 3643 1444 3698 illius
1489 3643 1806 3698 nativitatis.
1843 3643 1936 3698 Di-

2055 3648 2263 3717 γύπτιοι
2297 3645 2651 3718 μυθολογοῦσι
2680 3643 2932 3714 γενέσθαι
2955 3643 3048 3697 τὸν
3063 3638 3250 3714 Ὦρον,
3282 3643 3378 3697 καὶ
3401 3642 3509 3712 πρὸ
3528 3643 3624 3697 τοῦ

363 3733 507 3788 citur
562 3732 784 3789 Proclus
843 3733 1155 3790 lleraiscum
1197 3751 1258 3792 se
1299 3737 1594 3792 doctiorem
1654 3736 1938 3792 confessus

2055 3742 2213 3811 Ὤρου
2238 3739 2328 3792 τὸν
2361 3739 2569 3794 Ἥλιον.
2599 3738 2712 3790 Kal.
2753 3736 2926 3789 ἐπείθι
2965 3733 3329 3802 συνεπεφύκει
3368 3735 3478 3797 τοῖς
3507 3735 3623 3804 χεί-

362 3838 506 3880 esse.
585 3825 715 3890 Quae
772 3826 912 3880 enim
967 3826 1057 3880 ille
1104 3828 1284 3892 scivit,
1319 3838 1375 3882 et
1413 3827 1704 3883 lleraiscus
1740 3839 1936 3894 norat;

2055 3835 2189 3885 tactv
2214 3834 2242 3885 ό
2263 3830 2548 3895 δάκτυλος,
2582 3827 2774 3898 ἐδεήθη
2801 3827 2995 3898 τομῆς,
3028 3825 3122 3878 xal.
3153 3825 3420 3895 διέμεινεν
3449 3827 3538 3880 del.
3560 3827 3624 3879 τὸ

363 3917 457 3972 sed
505 3931 624 3985 qum
661 3917 972 3982 lleraiscus,
1007 3933 1112 3972 non
1144 3919 1272 3973 item
1327 3919 1579 3973 Proclus.

2055 3922 2214 3993 [εἶλος
2263 3919 2708 3990 ὑποτετμημένον
2755 3918 2902 3982 ἰδεῖν,
2931 3915 3200 3988 φανεροῦν
3218 3917 3262 3948 ⁸³
3291 3917 3352 3969 τὸ
3391 3920 3620 3987 σημεῖον

362 4011 462 4078 τῆς
491 4011 800 4084 ἀπορρήτου
834 4013 1117 4081 γενέσεως.
1149 4014 1380 4082 Λέγεται
1408 4013 1463 4067 δὲ
1494 4013 1589 4066 καὶ
1621 4015 1650 4067 ό
1693 4014 1932 4085 Πρόκλος
1969 4014 2163 4068 ἑαυτοῦ
2191 4015 2453 4087 ἀμείνω⁶³
2472 4014 2565 4068 τὸν
2591 4013 2882 4086 Ἠραῒσκον
2935 4014 3246 4084 ὁμολογεῖνο
3273 4013 3310 4068 ἃ
3351 4012 3453 4085 μέν
3507 4013 3622 4086 γὰρ

363 4107 526 4170 αὐτὸς
550 4106 686 4177 ⁴ᾔδει,
722 4108 816 4160 καὶ
848 4109 1054 4160 ἐκεῖνον
1081 4106 1301 4171 εἰδέναι,
1335 4107 1371 4162 ἀ
1395 4107 1452 4160 δὲ
1481 4107 1796 4178 Ἠρατσκος,
1821 4108 2002 4162 οὐκέτι
2043 4108 2305 4180 Πρόκλον.

431 4200 572 4255 Dicit
603 4201 949 4255 Anthemium
995 4200 1182 4258 Romae
1223 4203 1602 4273 imperatorem
1650 4204 1923 4275 gentilem,

2105 4204 2228 4258 ..οτι
2283 4202 2562 4273 Ἀνθέμιον
2604 4193 2758 4266 οὗτος
2803 4201 2894 4255 τὸν
2939 4201 3153 4273 Ῥώμης
3221 4201 3616 4272 βασιλεύσαντα

359 4307 415 4349 et.
456 4309 578 4348 eum
609 4293 832 4356 Severo,
874 4295 965 4364 qui
992 4293 1132 4348 idola
1185 4296 1456 4361 adoraret,
1481 4298 1738 4362 sensisse,
1769 4311 1925 4364 quem

2055 4295 2392 4367 λληνόφρονα
2413 4296 2507 4348 καὶ
2520 4292 2948 4365 όμόφροναΙΣεϐή
2959 4310 3049 4362 ρου
3078 4291 3168 4345 τοῦ
3189 4293 3426 4357 εἰδώλοις
3452 4313 3618 4366 προσ-

359 4383 474 4452 ipse
509 4384 783 4436 consulem
834 4382 1101 4450 designat,
1147 4391 1200 4437 et
1241 4384 1382 4437 inter
1427 4398 1485 4438 se
1538 4384 1746 4438 occulta
1786 4399 1919 4438 con-

2055 4384 2390 4454 ινακειμένου
2415 4383 2540 4423 θδ-οθ
2568 4382 2713 4448 λέγει
2736 4381 2794 4434 ὃν
2819 4380 2980 4442 αὐτὸς
3010 4379 3212 4433 ὕπατον
3264 4384 3565 4450 χειροτονεῖ
3589 4423 3605 4447 ,

357 4477 476 4529 silia
522 4476 758 4543 agitasse
799 4475 866 4528 de
905 4473 1228 4528 exsecrabili
1271 4474 1534 4530 idolorum
1568 4476 1713 4531 cultu
1755 4477 1926 4531 redin-

2055 4478 2128 4531 cal
2161 4477 2360 4546 ἀμφοῖν
2391 4470 2528 4528 εἶναι
2555 4472 2786 4544 κρυφίαν
2809 4470 3002 4542 βουλὴν
3045 4470 3106 4523 τὸ
3139 4471 3184 4502 ⁸⁸
3229 4471 3336 4523 τῶν
3367 4469 3606 4525 εἰδώλων

361 4571 636 4636 legrando.
685 4566 834 4620 l‘llum
879 4577 932 4621 et
997 4565 1304 4630 Leontium,
1361 4582 1520 4632 quem
1589 4567 1704 4635 ipse
1764 4566 1925 4634 elegit

2055 4567 2204 4630 ιύσος
2227 4565 2654 4621 ἀνανεώσασθαι.
2724 4564 2848 4616 Ὀτι
2903 4562 2998 4616 καὶ
3043 4561 3256 4614 Ἱλλουν
3307 4557 3462 4625 οὗτος
3515 4563 3615 4616 καὶ

357 4675 476 4713 eum
549 4657 764 4712 Zenone
823 4659 1148 4725 imperatore
1217 4658 1406 4711 eadem
1467 4665 1522 4712 et
1571 4657 1812 4712 sensisse
1867 4666 1921 4711 et

2055 4661 2306 4723 \éOVTtOV,
2333 4658 2392 4710 ὃν
2406 4659 2608 4719 ἐκεῖνος
2627 4655 3044 4725 ἀντιχειροτονεῖ
3066 4655 3108 4686 ⁸⁷
3129 4655 3336 4724 Ζήνωνι
3361 4653 3609 4723 βασιλέα,

358 4750 590 4804 voluisse
632 4765 675 4804 .n
733 4750 1032 4818 impietate,
1082 4749 1147 4804 ad
1188 4763 1306 4802 eam
1338 4749 1566 4804 ducente
1595 4746 1915 4817 Pamprepio

2055 4751 2103 4803 τὰ
2133 4748 2275 4802 αὐτὰ
2299 4748 2392 4802 καὶ
2418 4750 2636 4818 φρονεῖν
2691 4747 2787 4800 καὶ
2819 4745 3103 4816 βούλεσθαι
3150 4746 3286 4818 πρὸς
3323 4745 3604 4815 ἀσέϐειαν,

1622 4859 1859 4914 ἾΑΠΙᾸΕ
1895 4859 2304 4916 LECTIONES.

453 4958 494 4989 ³¹
515 4957 840 5032 γεννήμασι-
866 4957 978 5018 τοῖς
1035 4953 1253 5032 οἰκείοις
1271 4972 1347 5032 ξς.
1395 5025 1406 5032 _
1447 4955 1494 5032 ξ’
1523 4953 1875 5032 καί-ξιιιιθηδζ
1904 4970 2012 5032 om.
2049 4953 2132 5032 B._
2186 4952 2646 5032 __‘_'_d'vatvéttevov
2702 4949 2768 5016 Α,
2829 4958 2886 5004 ιιι
2919 4949 3144 5032 e§ttida
3173 4949 3245 5032 (γε
3293 4946 3612 5032 ξΗραΐσξιρς)

355 5016 590 5104 correijt
630 5016 912 5104 Fabricius
936 5016 1140 5104 prolng
1178 5016 1245 5079 ad
1271 5016 1466 5104 βαι-ἰςιί
1489 5025 1586 5104 vit.
1617 5023 1798 5104 .Proeli
1830 5021 2377 5104 _B_uisso_nad.__X.I:V.:
2408 5016 2891 5104 ἀναιρουμένους.
2966 5021 3018 5104 δῖ
3047 5016 3321 5104 κεφρζλήνὶ
3341 5016 3607 5104 κεφαλὴν,

354 5101 445 5151 καὶ
473 5098 628 5149 τοῦτο
683 5100 908 5167 σημεῖον
936 5088 1198 5149 ἐποιεῖτο
1247 5094 1374 5167 τῆςᾷ
1403 5094 1696 5167 ἁφεδρείας
1749 5093 2004 5167 διιίιλίιιελι.
2025 5095 2082 5167 |._
2155 5093 2203 5126 ⁸⁵
2232 5093 2494 5167 ’ρσίριδος
2526 5088 2604 5167 id1
2643 5088 2650 5090 ⁷
2677 5089 2962 5167 "Aelianas:
2989 5088 3053 5167 ΑΣ
3130 5090 3173 5123 ⁸⁷
3201 5088 3364 5167 αὐτὸν
3393 5100 3446 5141 et
3474 5102 3609 5167 litos

356 5157 894 5238 φαντασμάτωεῖεῐδη
927 5165 1229 5234 θεοπρεπῆ,
1264 5157 1686 5239 ἐπιδεικνύντων
1715 5163 2044 5239 τῂνὲξμυχὴν,
2069 5157 2691 5239 ἐναργῶςιξποίοιςιᾶρα.
2720 5157 2861 5222 θεοῖς
2895 5160 3137 5239 ἐγεγόνει
3173 5158 3448 5239 συνέστιος
3473 5157 3602 5236 ὃρὶ-

355 5226 474 5295 clas.
565 5226 610 5270 ⁸⁸
649 5240 742 5291 καὶ
768 5239 798 5305 ἡ
824 5241 861 5288 Α
884 5226 904 5290 ἐ
937 5236 965 5287 ὃ
999 5226 1089 5289 καὶ
1122 5238 1154 5305 ή
1337 5235 1386 5264 ⁶⁹
1409 5234 1535 5305 ἱερὰ
1557 5231 1672 5303 καὶ]
1701 5226 1948 5312 τῷ-ό’ντῖ
1975 5226 1984 5228 -
2013 5226 2227 5312 Suidas.
2333 5230 2482 5312 °°_6s]
2504 5226 2780 5312 γάρ’ἰιίειιι
2808 5271 2822 5295 ,
2851 5230 3230 5312 ιλιιιιξείδιιιοξ.
3255 5229 3340 5312 εἰς
3373 5226 3435 5312 τὸ
3467 5226 3604 5312 quia?

356 5313 396 5342 “
438 5312 532 5364 καὶ
580 5307 736 5375 ἐπεὶ]
774 5295 1064 5377 τοιγαροῦν
1113 5295 1232 5359 ἐπεί
1257 5305 1306 5356 οἰ
1337 5305 1410 5357 id.
1469 5295 1480 5305 ’
1585 5295 1856 5377 φανεροῦν
1894 5307 1969 5377 A__:
2007 5303 2239 5377 φανερὸν
2270 5319 2328 5365 ς,
2377 5295 2551 5377 diuidi.
2580 5295 2812 5369 φανερὸν
2861 5298 3074 5352 Suidas.
3186 5297 3232 5330 ⁸³
3260 5297 3523 5368 ἀμείνονα
3547 5295 3606 5348 Β.

355 5382 472 5412 ⁶⁵·“
504 5373 886 5449 ἐλληνὸφαρον.
938 5373 948 5377 ’
980 5375 1340 5446 ἀνακειμένου
1369 5392 1430 5438 ς.
1509 5374 1553 5405 ⁸⁸
1574 5373 1633 5424 τὸ
1660 5389 1769 5426 out.
1799 5390 1881 5442 pr.
1920 5373 1977 5425 li.
2053 5373 2097 5404 ⁶⁷
2119 5373 2416 5441 χειροτονεῖ
2446 5387 2507 5434 ς.

1882 5465 2113 5520 NOTAE.

427 5571 538 5640 (l7)
587 5569 859 5642 Plutarch.
893 5568 964 5621 De
997 5567 1208 5622 solertia
1238 5565 1438 5642 animal
1461 5605 1474 5620 .
1502 5564 1821 5642 etIElianus
1842 5563 1938 5618 lib.
2044 5573 2101 5642 et
2127 5562 2226 5616 lib.
2260 5577 2380 5642 vttt,
2412 5576 2459 5642 c.
2584 5574 2599 5623 ;
2642 5556 2911 5642 Aristoteli
2933 5557 3354 5642 ttovéxspwﬁgesl

354 5623 474 5701 ηδ,
507 5623 619 5708 cap.
656 5641 707 5693 8.
743 5640 972 5707 Orygetn
1034 5639 1400 5708 sternnlando
1438 5635 1698 5708 canicula:
1745 5645 1921 5708 ortum
2038 5635 2107 5685 De
2153 5623 2569 5708 purgaui-mal.
2625 5645 2744 5708 cap.
2798 5628 2856 5690 2,
2888 5623 3069 5708 _e_t'|ib.
3100 5623 3346 5708 Il,.1“ﬂ.
3380 5623 3605 5678 animal.

357 5693 518 5764 veluti
567 5693 1081 5774 venet‘at-iIVauctm'
1137 5719 1219 5763 est
1272 5706 1471 5761 Plinius
1499 5705 1590 5761 lib.
1631 5720 1692 5769 tt,
1727 5720 1775 5759 c.
1805 5703 1874 5758 40
1907 5719 1920 5768 ;
2031 5693 2232 5773 (πίνη.
2279 5701 2402 5756 Vide
2438 5693 2857 5771 llerapollinem,
2888 5697 2977 5752 ἰὼ.
3013 5714 3050 5762 t,
3081 5712 3128 5751 c.
3159 5693 3244 5751 49.
