3990 6232
358 338 379 403 1
393 342 493 403 277

1381 348 1904 414 BIBLIOTHECA.
1946 379 2014 390 -
2053 355 2218 418 COD.
2249 357 2525 420 CCXLII.

3487 361 3626 426 1273

357 454 721 525 Ιῐαμπρεπίου
754 454 889 527 πρὸς
937 455 1144 524 ταύτην
1194 457 1390 521 αὐτοὺς
1433 459 1780 527 ἐλκύσαντος,
1817 464 1938 517 δια-

2078 469 2258 524 sserit.
2290 470 2598 541 Pamprepii
2633 484 2805 541 nugas
2839 478 2894 524 et
2925 468 3299 526 inﬁdelitatem
3334 483 3460 540 erga
3490 475 3632 528 ami-

357 547 615 600 τείνεται.
649 547 772 601 Ὅτι
829 548 1194 618 Παμπρεπίου
1257 551 1301 581 ⁶⁸
1348 551 1410 603 τὸ
1466 555 1819 623 τερατολόγον
1857 557 1951 611 καὶ

2075 575 2169 628 :os,
2222 562 2625 633 violentamque
2657 573 2909 628 mortem,
2963 566 3152 620 eodem
3192 579 3298 633 quo
3327 564 3417 619 alii
3472 567 3632 622 modo

355 642 719 695 ἀπιστότατον
741 641 933 712 φίλοις,
962 643 1057 696 καὶ
1109 642 1200 696 τὸν
1236 645 1413 711 βίαιον
1452 645 1703 711 θάνατον,
1739 650 1948 718 ὁμοίως

2075 664 2112 710 ιι
2149 655 2290 710 idem
2320 657 2543 710 scribit:
2588 656 2687 710 fuit
2736 671 2932 726 genere
2958 655 3272 726 Egyptius,
3310 668 3426 710 arte
3456 672 3634 723 gram-

359 735 477 796 τοῖς
509 733 691 796 ἄλλοις
718 735 812 786 καὶ
834 733 994 795 αὐτὸς
1026 736 1235 805 ἱστορεῖ
1255 753 1268 766 ο
1285 731 1354 806 ἦν
1377 737 1421 790 δ’
1455 738 1751 807 Αἰγύπτιος
1771 740 1950 806 γένος,

358 825 560 895 τέχνην
628 826 1010 896 γραμματικὸς
1085 827 1115 880 6
1198 829 1584 900 Παμπρὲπιος.
1659 833 1774 886 Οὐκ
1830 833 1946 904 είμὶ

2057 747 2311 804 maticus.
2373 749 2488 804 Non
2525 764 2642 804 sum
2679 762 2962 820 promptus
3000 752 3066 804 ad
3123 765 3235 804 rem
3281 751 3629 815 narrandam,

2063 839 2220 910 cujus
2268 841 2488 896 incerta
2539 851 2624 896 est
2677 844 2899 906 veritas,
2936 853 2991 896 et
3020 851 3143 912 apta
3200 843 3266 896 ad
3319 842 3632 896 inimicitias

363 917 648 987 πρόθυμος
696 919 928 989 πρᾶγμα
964 919 1145 989 λέγειν
1197 923 1291 974 καὶ
1349 921 1544 992 ἄδηλον
1593 925 1672 988 εἰς
1692 924 1952 995 ἀλήθειαν

2075 929 2432 985 :oncitandas.
2499 930 2830 1001 Relinquens
2866 933 3032 1002 igitur
3087 931 3368 1003 Pythium,
3421 932 3485 986 ad
3525 930 3632 985 lle-

365 1010 462 1061 xui.
532 1010 826 1079 πρόχειρον
889 1014 968 1076 είς
1039 1013 1610 1086 φιλαπεχθημοσύνην.
1683 1015 1951 1088 Βούλομαι

2075 1019 2287 1075 'aiscutn
2353 1023 2551 1077 reverti
2621 1024 2743 1078 volo
2812 1022 3075 1078 Eubmum
3109 1062 3125 1088 ,
3201 1025 3288 1079 cui
3357 1023 3635 1094 promissa:

367 1097 425 1150 δὲ
477 1098 573 1152 καὶ
635 1100 791 1166 ἀφεὶς
847 1101 946 1170 ἤδη
1006 1103 1096 1156 τὸν
1145 1103 1419 1176 [5591].]
1472 1106 1669 1160 Πύθιον
1715 1108 1806 1160 ἐπὶ
1861 1107 1954 1160 τὸν

2075 1111 2248 1182 mpitis
2278 1127 2446 1168 coma:
2491 1114 2544 1168 in
2593 1113 2850 1170 humeros
2889 1115 3270 1169 demittuntur.

381 1191 670 1261 Ἦρατστον
707 1194 1024 1250 ἐπανελθεῖν
1057 1196 1150 1250 τὸν
1208 1199 1438 1252 σκύϐιέα
1471 1201 1514 1232 ⁸⁸

367 1288 480 1340 τῶν
510 1287 554 1339 ὦ
561 1306 696 1357 μων.

444 1379 569 1431 Ὅτι
597 1379 841 1444 Φοίνικες
890 1382 982 1434 καὶ
1033 1381 1195 1452 Σύροι
1226 1383 1320 1437 τὸν
1352 1384 1564 1456 Κρόνον
1588 1385 1690 1439 Ἦλ
1715 1386 1811 1440 καὶ
1842 1384 1954 1458 Βὴλ

1525 1239 1542 1266 ,
1602 1200 1858 1254 ἀνεϐόατθ
1900 1201 2160 1273 μέγιστον
2214 1205 2358 1261 ὅσον.
2405 1207 2518 1278 Τῆς
2549 1208 2591 1241 ⁷⁸
2619 1209 2862 1278 κεφαλῆς
2888 1209 2944 1261 αἱ
2971 1209 3136 1278 κόμαι
3178 1206 3425 1260 καθεῖντο
3475 1205 3634 1276 μέχρι

2127 1386 2416 1446 Phtnnices
2461 1395 2516 1442 et
2552 1385 2674 1457 Syri
2703 1384 3018 1450 Saturnum,
3055 1383 3139 1448 El,
3172 1393 3226 1440 et
3252 1383 3364 1450 Bel,
3397 1391 3452 1438 et
3487 1383 3639 1438 Bola-

378 1475 476 1526 καὶ⁸
537 1474 796 1546 Βωλαθὴν
823 1477 871 1508 ⁷³
935 1477 1382 1549 ἐπονομάζουσιν.
1456 1480 1750 1550 Ἐνέϐησαν
1771 1481 1817 1513 ⁷³
1857 1482 1956 1553 μὲν

2075 1477 2190 1532 ;lten
2251 1475 2553 1532 nominant.
2618 1473 2738 1543 Ipse
2759 1483 2814 1530 et
2864 1474 3278 1544 Asclepiodotus
3337 1473 3462 1526 olim
3521 1471 3640 1542 ejus

371 1568 452 1629 είς
481 1567 540 1620 τὺ
572 1569 788 1640 ῥεῖθρον
815 1569 909 1622 τοῦ
960 1571 1279 1642 Μαιάνδρου
1325 1573 1684 1644 διανήξασθαι
1709 1575 1956 1645 ποταμοῦ

371 1655 537 1719 αὑτός
565 1674 625 1709 τε
671 1661 764 1711 καὶ
808 1661 836 1712 6
886 1659 1340 1729 Ἀσκληπιόδοτος
1377 1661 1423 1693 ⁷⁸
1468 1664 1496 1715 6
1526 1663 1694 1718 πάλαι
1723 1663 1960 1732 γεγονὼς

373 1748 723 1816 παιδαγωγὸς
763 1751 926 1804 αὑτοῦ
947 1768 961 1783 °
992 1753 1019 1804 6
1054 1751 1110 1805 δὲ
1158 1754 1298 1823 σφᾶς
1326 1755 1383 1808 ἐν
1417 1756 1608 1824 μέσαις
1641 1759 1761 1818 ταῖς
1788 1757 1960 1820 δίναις

1986 1796 2034 1856 Β

2062 1569 2326 1639 magister
2391 1567 2459 1621 ad
2531 1565 2824 1620 natandum
2861 1567 2913 1620 in
2950 1564 3288 1619 Maeandrum
3345 1563 3640 1618 descende-

2063 1667 2206 1714 rant.
2267 1657 2538 1713 Mmander
2588 1665 2846 1726 utrosque
2905 1655 3100 1710 mediis
3151 1655 3453 1710 verticibus
3509 1655 3643 1708 ltau-

2064 1751 2213 1805 riens
2252 1750 2352 1804 sub
2391 1763 2588 1818 aquam
2629 1749 2812 1812 traxit,
2855 1747 3028 1801 donec
3057 1746 3470 1815 Asclepiodotus
3504 1761 3634 1816 pau-

373 1839 686 1902 ἀπολαϐὼν,
733 1843 762 1894 6
801 1843 1130 1912 Μαίανδρος,
1183 1845 1547 1916 ὑποϐρυχίους
1582 1847 1774 1910 ἐποίει,
1800 1847 1902 1911 ἕως
1932 1851 1960 1902 6

2075 1843 2177 1898 lum
2237 1842 2515 1905 elevatus,
2587 1849 2647 1894 ut
2711 1840 2883 1909 possit
2939 1841 3106 1894 solem
3168 1840 3404 1902 intueri,
3473 1839 3644 1892 Mori-

387 1929 836 1999 ’Λσκληπιόδοτος
869 1933 962 1984 ἐπὶ
1000 1933 1199 2004 μικρὸν
1244 1935 1463 1999 ἀναδὺς,
1509 1936 1630 1990 ὅσον
1663 1936 1959 1991 θεάσασθαι

371 2025 467 2077 τὸν
489 2025 660 2094 ἥλιον,
690 2026 1200 2097 Ἀποθνήσκομεν,
1225 2029 1328 2100 ἔφη
1348 2029 1441 2084 καί
1457 2047 1509 2083 τι
1534 2029 1842 2102 προσθεῖναι
1867 2032 1960 2084 καὶ

372 2116 686 2188 ἀπόρρητον
710 2118 972 2188 ἠδυνήθη,
1011 2121 1145 2174 Τότε
1175 2121 1231 2176 δέ
1275 2122 1554 2192 ἐξαίφνης,
1582 2123 1678 2176 ἀπ’
1704 2123 1961 2194 οὐδεμιᾶς

373 2209 617 2277 φανερᾶς
668 2209 1040 2279 προμηθείας,
1087 2211 1182 2264 Eni.
1231 2213 1330 2282 τῆς
1392 2212 1558 2283 ὄχθης
1610 2213 1820 2266 ἔκειντο
1865 2213 1958 2267 τοῦ

373 2299 644 2370 ποταμοῦ,
676 2301 976 2372 ἡμιθνῆτες
1000 2321 1014 2334 ο
1040 2299 1160 2357 εἶτα
1185 2305 1628 2374 ἀνακτησάμενοι
1655 2305 1756 2368 τὰς
1779 2305 1959 2375 ψυχάς

375 2389 736 2460 ἀνεχώρησαν
765 2391 822 2458 ἐξ
846 2392 1026 2445 αὐτῶν
1061 2393 1168 2448 τῶν
1188 2410 1252 2462 γε
1271 2393 1365 2446 τοῦ
1386 2393 1511 2464 ᾆδου
1533 2396 1836 2464 ῥευμάτων.
1857 2393 1962 2447 Οὓ-

371 2498 484 2544 τως
521 2482 702 2536 ἔνθεον
734 2485 1001 2554 ἐκτήσατο
1045 2484 1274 2553 δύναμιν
1313 2487 1340 2537 6
1373 2485 1842 2555 Ἀσκληπιόδοτος,
1870 2487 1962 2539 καὶ

373 2573 549 2627 ταῦτα
585 2575 722 2644 μετὰ
774 2574 870 2627 τοῦ
908 2574 1157 2643 σώματος
1179 2573 1258 2627 ἐτι
1295 2573 1390 2629 ῶν.
1443 2573 1772 2637 Ἀπόλλωνος
1793 2573 1962 2639 αὐλάς

373 2663 535 2718 τοῦτο
559 2664 615 2718 δὲ
653 2665 713 2717 τὸ
743 2665 940 2736 χωρίον
989 2667 1039 2718 οἱ
1075 2666 1256 2736 Κᾶρες
1295 2664 1576 2722 καλοῦσιν.
1633 2666 1692 2720 Ὀ
1733 2667 1964 2736 Ἀσκλη-

375 2756 623 2819 πιόδοτος
643 2756 824 2810 τοίνυν
858 2756 968 2810 ἀπὸ
1010 2756 1119 2809 τῶν
1166 2757 1345 2809 αὐλῶν
1369 2759 1445 2820 είς
1471 2757 1853 2827 Ἀφροδισιάδα
1878 2759 1960 2811 οῐ-

375 2846 508 2900 καδε
541 2847 997 2919 ἐπανερχόμενος,
1025 2847 1128 2918 ’ήδη
1161 2848 1258 2919 μὲν
1297 2849 1326 2900 6
1381 2848 1534 2918 ἥλιος
1563 2848 1821 2913 ἐδεδύκει,
1851 2851 1879 2902 6
1906 2849 1962 2902 δὲ

375 2938 719 3010 παραχρῆμα
773 2939 1170 2994 ἀνατέλλουσαν
1235 2940 1498 2995 ἐθεάσατο
1574 2942 1674 3012 τὴν
1731 2942 1962 3012 σελήνην

375 3032 544 3106 [1052
576 3031 668 3106 R.]
696 3031 783 3088 οἶα
814 3034 1149 3104 πανσέληνον
1174 3032 1357 3088 οὖσαν.
1393 3034 1584 3087 Καίτοι
1613 3034 1714 3087 οὐκ
1737 3028 1804 3105 ἦν
1840 3036 1897 3088 ἐν
1917 3035 1961 3067 ⁷⁸

2067 1951 2207 2000 mur,
2253 1934 2463 2004 inquit,
2502 1941 2556 1988 et
2586 1931 2789 2002 aliquid
2846 1930 3126 1986 infandum
3185 1932 3384 1986 addere
3447 1931 3642 2000 potuit.

2067 2025 2203 2080 Tum
2259 2041 2388 2080 vero
2439 2034 2681 2094 repente,
2729 2023 2872 2078 nulla
2907 2032 3091 2093 aperta
3133 2023 3378 2078 adhibita
3429 2037 3551 2092 ope,
3590 2023 3645 2077 in

2064 2119 2180 2187 'ripa
2215 2116 2452 2171 ﬂuminis
2478 2117 2732 2187 jacebant
2760 2115 3140 2169 semimortui:
3189 2115 3385 2170 deinde
3447 2115 3643 2171 animis

2069 2209 2302 2276 receptis
2332 2223 2362 2264 e
2397 2207 2585 2262 mortis
2628 2206 2883 2261 ﬂuctibus
2942 2205 3157 2260 liberati
3186 2216 3332 2260 sunt.
3384 2207 3533 2260 Adeo
3565 2206 3650 2258 di-

2067 2301 2247 2354 vinam
2300 2299 2556 2363 virtutem
2606 2300 2660 2352 in
2695 2313 2754 2354 se
2820 2297 3259 2367 Asclepiodotus,
3322 2306 3376 2352 et
3423 2297 3644 2366 quidem

2069 2391 2122 2446 in
2151 2407 2378 2460 corpore
2407 2391 2582 2448 adhuc
2613 2392 2902 2456 exsistens,
2931 2387 3267 2444 continebat.
3293 2387 3461 2442 Cares
3495 2387 3644 2442 illam

2067 2485 2342 2554 regionem
2404 2484 2668 2554 Apollinis
2734 2483 2901 2537 Aulas
2932 2481 3009 2553 [id
3051 2491 3153 2546 est,
3195 2481 3383 2553 tibias]
3409 2481 3646 2550 appella-

2068 2577 2216 2632 bant.
2249 2576 2657 2645 Asclepiodotus
2692 2575 2856 2644 igitur
2880 2573 3030 2629 Aulis
3063 2574 3284 2630 domum
3308 2575 3376 2629 ad
3427 2572 3650 2629 Veneris

2068 2671 2280 2736 urbem,
2318 2670 2430 2724 sole
2461 2669 2761 2734 occidente,
2797 2683 3050 2723 reversus
3104 2677 3209 2724 est.
3265 2668 3463 2724 Statim
3521 2682 3651 2720 vero

2070 2760 2250 2814 lunam
2284 2761 2548 2815 orientem
2577 2759 2689 2830 jam
2737 2760 2952 2829 plenam
3003 2761 3158 2822 vidit,
3199 2775 3509 2829 quanquam
3542 2775 3648 2814 non

2069 2862 2214 2907 esset
2257 2853 2310 2906 in
2358 2850 2532 2922 signa,
2564 2852 2705 2921 quod
2735 2850 2928 2923 344a
2957 2867 2988 2905 e
3021 2852 3288 2906 diametro
3337 2850 3435 2904 soli
3485 2864 3652 2918 oppo-

2070 2945 2171 2998 sita
2223 2953 2380 2999 erata
2403 2943 2509 2998 Sed
2565 2943 2809 3014 profecto
2837 2953 2890 2997 et
2925 2943 3063 2997 Itanc
3111 2943 3396 3010 imaginem
3472 2941 3652 2996 abole-

2071 3037 2166 3100 vit,
2195 3050 2314 3106 quae
2342 3037 2520 3090 omnia
2554 3037 2732 3091 abolet
2759 3035 3075 3091 necessitas.
3105 3033 3505 3089 Alexandrinus
3529 3043 3650 3088 erat

372 3123 454 3193 τῷ
482 3123 862 3195 διαμετροῦντι
914 3123 1090 3195 ζωδίῳ
1132 3125 1224 3178 τὸν
1297 3124 1471 3193 ἣλιον.
1527 3124 1690 3179 Ἀλλά
1736 3125 1801 3196 δὴ
1868 3127 1962 3179 καὶ⁵

2075 3128 2290 3181 natione
2333 3146 2346 3182 ε
2391 3127 2566 3196 quoad
2601 3127 2829 3182 fortunae
2876 3127 3014 3182 bona
3069 3125 3335 3192 obscuris,
3370 3134 3528 3180 natus
3559 3139 3654 3194 pa-

372 3215 536 3270 τοῦτο
562 3215 624 3269 τὸ
647 3217 868 3287 ἄγαλμα
897 3215 1148 3270 καθεῖλεν
1201 3217 1232 3287 ή
1275 3216 1452 3269 πάντα
1495 3216 1566 3270 τά
1589 3217 1791 3287 ἀρχαῖα
1814 3216 1950 3271 καθ-

2082 3219 2349 3285 rentibus,
2393 3220 2629 3288 alioquin
2671 3221 2856 3290 probis
2882 3227 2938 3274 et
2969 3220 3093 3289 piis.

372 3309 572 3372 ελοῦσα
621 3308 856 3378 ἀνάγκη.
927 3308 1311 3380 Ἀλεξανδρεὺς
1362 3302 1430 3380 ἦν
1491 3309 1552 3362 τὸ
1608 3310 1788 3378 γένος,
1829 3308 1931 3363 οὐκ
1996 3309 2278 3380 ἐπιφανῶν
2335 3312 2537 3380 γονέων
2598 3313 2668 3366 τά
2721 3312 2830 3367 ἀπὸ
2867 3311 2966 3381 τῆς
3005 3311 3201 3382 τύχης,
3277 3311 3538 3365 ἐπιεικῶν
3605 3311 3654 3365 δ’

372 3402 552 3466 ἄλλως
586 3403 681 3458 καὶ
721 3402 905 3472 ἱερῶν.

448 3491 574 3546 Ὀτι
605 3492 735 3563 περὶ
771 3490 1028 3546 Ἰακώϐου
1057 3490 1151 3544 τοῦ
1185 3489 1392 3562 ἰατροῦ,
1423 3491 1482 3555 ὃς
1503 3491 1549 3524 ⁷⁸
1575 3492 1744 3561 ἐγγὺς
1773 3492 1871 3562 μὲν
1903 3491 1962 3545 τὸ

373 3584 534 3655 γένος
563 3583 947 3653 Ἀλεξανδρεὺς
975 3579 1063 3652 ἦν,
1094 3581 1448 3654 πορρώτερον
1486 3583 1530 3635 δ’
1562 3584 1626 3636 ἐκ
1647 3582 1964 3653 Δαμασκοῦ,

376 3677 495 3742 υίὸς
517 3676 561 3730 δ’
595 3675 780 3748 ίατροῢ
814 3683 866 3746 μ’
892 3675 986 3747 ἐτη
1036 3677 1104 3747 τῇ
1134 3676 1303 3748 πείρᾳ
1351 3675 1716 3745 σχολάσαντος
1743 3677 1837 3728 καὶ
1873 3693 1964 3746 μι-

375 3767 516 3840 κροῦ
553 3769 654 3840 τὴν
712 3768 1045 3840 οἰκουμένην
1073 3767 1167 3822 ἐπὶ
1218 3767 1499 3838 γυμνασία¹
1545 3767 1638 3820 καὶ
1667 3766 1847 3840 κρίσει
1870 3767 1970 3838 τῆς

377 3861 577 3932 τέχνης
606 3861 948 3927 ἐπελθόντος,
981 3861 1039 3924 ὃς
1066 3860 1160 3914 καὶ
1212 3861 1304 3912 τὸν
1355 3858 1614 3913 Ἰάκωϐον
1637 3859 1738 3928 τὴν
1781 3860 1969 3930 ἰατρι-

378 3954 486 4024 κὴν
515 3955 561 3985 ⁷⁷
593 3954 685 4006 τὸν
714 3954 878 4006 παῖδα
905 3954 998 4005 ἐπὶ
1025 3952 1121 4022 ἐτη
1147 3953 1216 4005 τὰ
1243 3953 1335 4005 ῐσα
1379 3951 1676 4016 ἐδιδάξατο,
1706 3951 1833 4021 περὶ
1860 3949 1971 4003 τοί-

379 4060 476 4099 νυν
506 4045 660 4098 τοῦδε
690 4045 786 4098 τοῦ
826 4045 1113 4110 Ἰακώϐου,
1167 4043 1354 4113 ῶσπερ
1384 4043 1478 4095 καὶ
1517 4041 1689 4108 ἄλλοι,
1729 4041 1898 4094 πολλὰ
1919 4042 1964 4073 ⁷⁸

379 4137 663 4208 παράδοξα
690 4138 859 4204 λέγει,
879 4137 972 4189 καὶ
1011 4135 1086 4197 ὠς
1117 4134 1358 4198 ἀκούσας
1393 4136 1625 4202 γυναῖκα
1670 4134 1970 4202 πταρεῖσαν

381 4231 725 4303 ἁθροώτερον
744 4233 950 4293 πάντας
982 4229 1278 4284 ἀποϐαλεῖν
1320 4228 1446 4290 τοὺς
1474 4227 1714 4290 ὀδόντας,
1748 4227 1812 4279 ἐκ
1837 4223 1964 4278 τού-

379 4341 474 4377 του
509 4325 671 4395 μόνου
722 4321 816 4376 τοῦ
877 4320 1286 4391 συμϐεϐηκότος
1331 4321 1572 4372 ἀνειπεῖν
1604 4319 1672 4371 τά
1703 4316 1836 4388 περὶ
1867 4314 1969 4385 τῆς

380 4419 639 4488 γυναικὸς
661 4416 898 4480 ἅπαντα,
935 4411 1075 4476 εἶδός
1113 4431 1170 4466 τε
1223 4414 1317 4466 καὶ
1343 4411 1539 4482 χρῶμα
1576 4409 1826 4480 σώματος
1872 4407 1970 4462 καὶ

2147 3493 2222 3549 De
2288 3491 2489 3547 Jacobo
2550 3490 2762 3546 medico
2792 3490 2904 3559 (qui
2937 3493 3160 3559 propius
3199 3489 3417 3561 quidem
3457 3505 3657 3562 genere

2075 3584 2476 3640 Alexandrinus
2523 3594 2662 3650 erat,
2699 3582 2912 3653 longius
2940 3581 3336 3650 Damascenus,
3371 3583 3513 3638 ﬁlius
3541 3598 3657 3638 me-

2075 3676 2204 3741 dici,
2234 3676 2324 3746 qui
2365 3675 2724 3745 quadraginta
2785 3690 2956 3728 annos
2999 3675 3050 3728 in
3081 3674 3418 3743 experientia
3465 3690 3661 3745 posue-

2075 3778 2196 3834 rat,
2227 3779 2283 3823 et
2311 3781 2448 3836 pene
2501 3767 2687 3821 orbem
2739 3776 3006 3822 terrarum
3066 3767 3454 3821 exercitatione
3495 3767 3658 3821 artis-

2078 3875 2182 3930 que
2236 3857 2440 3927 judicio
2493 3860 2751 3928 pervasit,
2801 3859 2891 3929 qui
2931 3868 2988 3913 et
3029 3857 3290 3913 Jacobum
3334 3858 3500 3912 lilium
3540 3872 3658 3912 me-

2079 3953 2252 4007 dicam
2304 3961 2474 4006 artem
2544 3950 2764 4005 totidem
2837 3965 3006 4005 annos
3062 3949 3288 4019 docuit),
3337 3949 3407 4005 de
3459 3948 3662 4005 Jacobo

2081 4045 2265 4113 igitur,
2289 4043 2741 4113 quemadmodum
2784 4051 2838 4096 et
2877 4042 2991 4108 alii,
3027 4042 3294 4096 mirabilia
3329 4042 3479 4106 dicit,
3515 4041 3658 4111 quod

2080 4135 2304 4190 audiens
2328 4135 2611 4189 mulierem
2638 4143 3036 4188 sternutantetn
3073 4134 3431 4202 frequentius,
3467 4147 3657 4187 onmes

2080 4227 2324 4280 amiserit
2358 4229 2567 4292 dentes,
2595 4227 2803 4294 hocque
2837 4226 2952 4280 solo
2987 4225 3288 4289 accidente,
3324 4225 3504 4279 omnia
3535 4239 3656 4295 quac

2079 4315 2144 4369 ad
2176 4315 2452 4369 mulierem
2493 4324 2762 4383 spectant,
2798 4323 2854 4368 et
2881 4314 3109 4368 formam
3148 4314 3496 4381 coloremque
3531 4328 3654 4366 cor-

2071 4412 2242 4477 poris,
2301 4417 2351 4461 et
2413 4407 2858 4476 magnitudinem,
2915 4416 2970 4460 et
3017 4405 3280 4458 inanima
3349 4407 3660 4474 quicunque

385 4511 616 4584 μέγεθος
649 4511 744 4564 καὶ
773 4510 870 4579 τῆς
903 4507 1081 4578 ψυχῆς
1131 4507 1230 4559 ὅσα
1280 4505 1628 4574 φυσικώτερα
1657 4503 1765 4555 τῶν
1798 4502 1962 4571 ἠθῶν.

2077 4509 2284 4552 natum
2333 4513 2514 4552 mores
2547 4498 2720 4565 magis
2759 4497 3132 4561 convenirent,
3185 4497 3503 4551 enuntiarit.
3565 4492 3658 4548 Ja-

384 4605 556 4658 Ὅτιὸ
587 4602 683 4658 τοῦ
725 4601 981 4656 Ἰακώϐου
1014 4601 1195 4670 πατὴρ
1225 4599 1363 4668 μετὰ
1396 4596 1492 4670 τὴν
1537 4594 1738 4666 πολλὴν
1768 4595 1867 4664 τῆς
1893 4595 1969 4646 ol-

381 4697 656 4766 κουμένης
687 4695 895 4766 πλάνην
926 4689 1058 4765 ἦλθε
1119 4692 1212 4744 καὶ
1237 4693 1315 4753 είς
1362 4690 1424 4742 τὸ
1470 4687 1781 4752 Βυζάντιον,
1813 4684 1966 4752 φησὶ,

383 4789 631 4850 καὶτοὺς
658 4785 894 4840 ἐνταῦθα
941 4783 1238 4838 κατέλαϐεν
1274 4781 1511 4852 ἰατροὺς,
1549 4778 1700 4831 οὐδὲν
1735 4776 1838 4848 ἀρα
1871 4776 1969 4845 τῆς

381 4879 582 4949 τέχνης
614 4877 1012 4947 ἐπισταμένους
1050 4873 1279 4945 ἀκριϐὲς
1305 4872 1427 4925 οὐδὲ
1454 4871 1800 4940 αύτόπειρον,
1830 4869 1970 4921 ἀλλὰ

385 4969 493 5024 ἀπὸ
537 4968 632 5023 τῶς
681 4967 976 5040 ἀλλοτρίων
1014 4950 1389 5036 δοξασμάτων,
1434 4963 1493 5016 οὐ
1534 4961 1964 5032 θεραπεύοντας,

384 5061 522 5115 ἀλλά
544 5059 946 5131 φλυαροῦντας.
975 5059 1204 5126 (Ἄμφω
1233 5057 1310 5121 δὲ,
1330 5056 1424 5108 καὶ
1449 5055 1476 5108 6
1505 5057 1634 5116 παῖς
1667 5055 1762 5107 καὶ
1790 5055 1818 5106 6
1840 5055 1965 5122 φὺς,

385 5152 581 5206 ἀσεϐἐε
611 5154 654 5184 ⁷³
689 5153 859 5224 ἤστην
879 5151 967 5219 ⁸⁵.)
1011 5150 1135 5203 Ὀτι
1187 5147 1424 5218 ἐχρῶντο
1476 5147 1617 5199 κατά
1644 5145 1751 5198 τῶν
1796 5147 1968 5198 νόσων

385 5239 533 5298 οὗτοι
563 5243 883 5314 καθαρσίοις
904 5241 1116 5304 πολλοῖς
1147 5242 1237 5294 καὶ
1268 5239 1594 5310 βαλανείοις,
1623 5239 1967 5307 χειρουριίείν

2077 4589 2218 4650 cobi,
2272 4589 2465 4656 inquit,
2506 4599 2658 4656 pater
2682 4599 2804 4657 post
2837 4587 3032 4641 multos
3084 4603 3179 4655 per
3223 4590 3408 4642 orbem
3445 4603 3662 4643 errores

2076 4679 2391 4749 Byzantium
2418 4680 2586 4744 venit,
2611 4691 2664 4733 et
2698 4679 2933 4734 tttedicos
2965 4679 3036 4732 ibi
3073 4680 3290 4749 reperit,
3321 4679 3411 4748 qui
3441 4680 3572 4733 nihil
3603 4680 3657 4735 itt

2076 4781 2191 4824 arte
2248 4787 2344 4826 sua
2396 4769 2633 4840 perfecte
2689 4772 2914 4836 scirent,
2976 4786 3074 4825 nec
3133 4771 3230 4840 ipsi
3288 4773 3652 4840 experientia,

2077 4863 2169 4917 sed
2214 4878 2278 4916 ex
2339 4863 2564 4916 aliorum
2615 4863 2858 4916 doetrina
2918 4864 3336 4932 cognovissent:
3417 4879 3521 4916 non
3575 4880 3665 4918 sa-

2081 4967 2294 5018 ltantes,
2333 4955 2426 5009 sed
2481 4966 2775 5024 ltugautcs:
2825 4955 2983 5009 atttbo
3044 4971 3188 5015 vero,
3230 4965 3382 5024 pater
3425 4968 3478 5008 et
3524 4954 3666 5009 ﬁlius

2081 5047 2228 5117 impii
2274 5054 2455 5103 erant.
2528 5048 2825 5101 Utebantur
2879 5049 2954 5102 illi
3000 5050 3260 5102 adversus
3298 5049 3514 5102 morbos
3547 5063 3672 5116 pur_

2077 5141 2381 5207 gationibns
2427 5141 2606 5195 multis
2649 5149 2703 5195 et
2743 5141 2966 5195 balneis.
3031 5141 3110 5194 Ad
3145 5144 3504 5210 cltirurgicam
3561 5141 3664 5195 fer-

2081 5248 2140 5286 ro
2193 5234 2420 5301 igneque
2480 5246 2583 5286 non
2635 5233 2923 5287 admodum
2966 5242 3126 5286 erant
3169 5233 3423 5302 prompti.
3479 5231 3582 5286 Sed
3612 5238 3670 5286 et

1673 5353 1910 5408 νΑιιιιΕ
1948 5346 2350 5404 LECTIONES.

491 5456 536 5488 ⁸⁸
562 5457 812 5525 Παμπρμ
848 5453 910 5506 τὸ
963 5448 1341 5525 τερατολόγον]

1396 5449 1526 5517 περὶ
1567 5449 1792 5518 Παμπρ.
1843 5448 1962 5498 τότε
2018 5446 2218 5518 ῥᾶστον
2395 5457 2484 5495 an.
2524 5440 2854 5518 τεράστιε)νῖ
2893 5513 2904 5518 _
2945 5439 2999 5518 δῖ
3048 5439 3275 5518 βύϐοέαῆ
3305 5439 3357 5518 ΒΛ
3398 5449 3669 5518 ethcorr.

391 5530 461 5593 Α,
499 5509 922 5580 εῠῖονίέίειιίυε
953 5539 1004 5588 p.
1028 5509 1178 5576 'XVI.
1234 5509 1300 5552 ’⁷ο
1324 5509 1525 5574 ἀνεϐόα
1573 5509 1680 5572 om.
1723 5509 1788 5572 Α.
1867 5517 1907 5548 τί
1936 5509 2040 5593 τῆξ.
2081 5520 2121 5566 Α
2145 5509 2355 5593 εχξιτῇέ
2387 5529 2444 5576 ς’.
2524 5514 2566 5543 ⁷¹
2600 5509 2850 5593 βυζᾎῆθῂςθ
2883 5513 2943 5593 Ᾱρ
2974 5509 3208 5593 βωῆεξθίν
3240 5512 3298 5573 Β,
3333 5511 3666 5593 βοξξοοὴΥ-(ξι

394 5582 630 5670 βολάθην
692 5615 751 5660 ς.
793 5582 1038 5664 Θολάθην
1065 5592 1351 5649 l-lantaker.
1380 5591 1714 5670 Mouttnten‘l.
1738 5589 1868 5670 Pun.
1905 5604 1960 5670 ιιἰ
1983 5586 2066 5670 ιιι.
2144 5587 2189 5666 ⁷3
2221 5585 2496 5670 ἁίθέϐησαν
2521 5600 2578 5645 ς.
2661 5582 3234 5670 ⁷”]ὁν’ᾼσκληπιρδοτος
3266 5582 3587 5670 Ott-1391""
3613 5585 3669 5634 ἐν

389 5653 446 5722 et
467 5653 597 5720 mox.
622 5653 938 5721 τάίιίὶιΙωΑ.
994 5653 1060 5696 ’⁷⁸
1093 5663 1150 5726 ὃς
1184 5665 1223 5714 A
1245 5681 1258 5716 :
1279 5664 1398 5714 ὅσον
1420 5679 1480 5725 ς.
1557 5659 1600 5690 ⁷⁷
1624 5658 1720 5727 τὴν
1753 5653 2002 5728 ἰατρικήν
2025 5655 2098 5710 A:
2125 5657 2220 5727 τῆς
2250 5656 2501 5726 ίατρικῆς
2537 5669 2596 5717 ς,
2665 5653 2862 5709 additis
2887 5654 2984 5723 τὴν
3004 5653 3200 5722 τέχνην
3228 5662 3347 5722 post
3371 5653 3668 5720 ἐδιδάξατο.

415 5738 462 5770 ⁷⁸
493 5737 668 5791 πολλὰ
699 5737 824 5793 add.
863 5738 927 5791 A.
1006 5735 1052 5767 ⁷⁹
1079 5732 1298 5804 ἀσεϐἐε]
1323 5732 1467 5786 ἄϐιοι
1497 5729 1558 5787 Β.
1637 5730 1681 5762 ⁸⁰
1715 5729 1886 5800 ἥσθην
1913 5745 1952 5792 ς
