3990 6232
375 309 514 376 1279

1510 311 1770 371 PIIOTII
1811 311 2320 372 PATRIARCHZE
2359 311 2468 372 CP.

3489 315 3633 381 1980

368 428 604 498 pessima
651 425 833 480 ulcera
861 424 1014 480 diaeta
1045 423 1340 494 pellebant,
1367 436 1624 476 venarum
1671 423 1942 477 sectiones

2062 421 2107 475 53-:
2155 423 2355 493 σιδήρῳ
2385 423 2479 475 καὶ
2506 419 2643 492 πυρὶ
2670 421 2732 473 οὑ
2785 420 2906 474 λίαν
2937 415 3078 492 ἦσαν
3124 422 3352 494 ἕτοιμοι,
3382 425 3519 480 ἀλλά
3547 427 3646 483 καὶ

372 517 744 588 repudiabant.
804 517 1007 571 Divites
1060 529 1259 571 sanans
1315 515 1561 570 hortatus
1593 525 1700 579 est,
1733 522 1785 567 ut
1813 529 1949 583 pau-

369 613 590 682 peribus
630 610 1016 680 aegrotantibus
1061 623 1218 678 Opem
1274 607 1500 673 ferrent,
1552 616 1608 660 et
1650 607 1739 662 ille
1800 605 1946 660 nulla

375 704 621 757 mercede
660 702 892 763 sanavit,
940 701 1155 770 publico
1186 710 1474 754 contentus
1530 699 1826 752 lrumento.
1858 696 1948 751 Ait

371 803 581 852 aut-tor,
638 793 835 846 vidisse
873 807 930 846 se
969 792 1198 844 Athenis
1235 800 1475 843 statuam
1524 785 1711 842 Jacobi
1766 795 1820 841 et
1865 786 1945 840 vi-

371 896 482 933 s:uu
517 878 684 934 fuisse
739 882 839 934 sibi
888 881 1176 934 admodum
1240 879 1508 949 ingeniosi
1560 879 1816 943 hominis,
1862 893 1951 932 se-

370 972 507 1033 veri,
569 982 624 1024 et
677 974 876 1039 gravis.
943 971 1044 1026 llic
1103 970 1342 1026 Jacobus
1406 971 1641 1025 celebris
1699 969 1949 1024 Proclnm

368 1062 595 1116 Athenis
647 1073 906 1131 aegrotum
964 1078 1183 1129 curans,
1221 1063 1382 1132 jussit
1435 1061 1584 1114 illum
1641 1075 1672 1115 a
1728 1061 1951 1115 crambe

370 1153 667 1219 abstinere,
699 1154 851 1208 olera
876 1155 1103 1222 plurima
1133 1153 1436 1208 comedere.
1508 1152 1625 1219 Hic,
1678 1167 1828 1207 more
1851 1150 1953 1223 Py-

370 1243 631 1314 thagorae,
693 1246 919 1299 malvam
979 1247 1265 1300 comedere
1320 1245 1512 1300 noluit.

2057 513 2127 568 τά
2155 513 2531 586 μοχθηρότερά
2569 514 2677 567 τῶν
2707 513 2882 568 ὲλκῶν
2934 514 3116 586 διαίτῃ
3163 518 3607 588 κατηγωνίζοντο
3628 538 3642 552 ·

2057 604 2421 675 φλεϐοτομίαν
2464 606 2510 659 δ’
2557 605 2619 659 οὑ
2670 605 2943 674 προσίετο.
3003 605 3260 661 Ἐπειθεν
3315 610 3344 661 6
3387 609 3650 676 Ἰάκωϐος

2055 698 2180 760 τοὺς
2211 698 2499 762 πλουσίους
2529 697 2795 769 ἰατρεύων
2814 699 3027 770 βοηθεῖν
3048 701 3114 771 τῇ
3142 700 3374 775 νοσούσῃ
3397 700 3527 774 ζὸϐο
3552 703 3646 776 IL]

2056 791 2236 862 πενίᾳ,
2266 791 2360 846 καὶ
2394 793 2555 856 αὐτὸς
2585 793 2782 862 προῖκα
2819 792 3056 862 ίάτρευε,
3096 793 3174 863 τῷ
3200 793 3445 866 δημοσίῳ
3501 796 3652 866 μόνῳ

2055 884 2391 954 ἀρκούμενος
2423 884 2734 954 σιτηρεσίῳ.
2783 885 2906 938 Ὀτι
2948 886 3135 962 ’φησὶν
3178 887 3208 939 6
3270 887 3646 957 συγγραφεὺς,

2060 971 2213 1027 Εἶδον
2246 977 2432 1028 εἰκόνα
2463 975 2558 1028 τοῦ
2600 973 2862 1029 Ἰακώϐου
2894 976 3178 1048 Ἀθήνῃσι,
3207 978 3302 1030 καί
3342 996 3434 1048 μοι
3464 979 3648 1045 ἔδοξεν

2056 1066 2085 1118 6
2115 1065 2256 1137 ἀνὴρ
2285 1067 2490 1137 εὐφυὴς
2523 1067 2618 1138 μὲν
2655 1067 2717 1119 οὐ
2767 1069 2912 1120 πάνυ
2945 1063 3105 1134 εἶναι,
3142 1068 3338 1137 σεμνὸς
3379 1069 3438 1122 δέ
3471 1069 3515 1101 ⁸⁸
3546 1071 3649 1123 καὶ

2056 1157 2343 1228 ἐμϐριθὴς.
2402 1150 2570 1220 Οὗτος
2620 1157 2676 1210 δὲ
2709 1159 2738 1210 6
2786 1158 3042 1222 Ἰάκωϐος
3109 1158 3337 1228 Πρόκλῳ
3379 1159 3648 1225 νοσοῦντι,

2055 1249 2113 1300 ἐν
2163 1249 2414 1320 Ἀθήναις
2439 1251 2485 1282 ⁸⁸
2525 1248 2814 1320 διατρίϐων
2843 1251 2936 1303 καὶ
2979 1250 3434 1319 θαυμαζόμενος,
3475 1269 3650 1314 προσ-

370 1335 562 1402 έταξεν
593 1337 893 1408 ἀπέχεσθαι
937 1338 1034 1408 μὲν
1083 1337 1370 1408 κράμϐης,
1405 1334 1768 1408 ἐμφορεῖσθαι
1820 1334 1879 1390 δὲ
1905 1335 2014 1391 τῶν
2043 1338 2328 1412 λαχάνωνο
2361 1344 2389 1396 6
2426 1341 2482 1395 δὲ
2519 1343 2661 1396 κατὰ
2688 1343 2778 1395 τὸν
2810 1340 3176 1414 Πυθαγόρειον
3240 1342 3401 1412 νόμον
3439 1341 3487 1374 ⁸³
3548 1344 3654 1397 οὐκ

367 1427 629 1497 ἠνέσχετο
661 1429 909 1500 μαλάχην
935 1431 983 1463 ⁸⁸
1013 1430 1236 1486 ἐσθίειν.

444 1519 864 1589 Asclepiodotus
911 1538 1013 1576 non
1056 1522 1280 1576 omnino
1313 1521 1650 1591 ingeniosus,
1681 1530 1738 1576 ut
1767 1521 1952 1578 multis

2140 1515 2252 1572 Ἦν
2275 1517 2332 1572 δὲ
2386 1517 2416 1571 6
2482 1517 2931 1588 Ἀσκληπιόδοτος
2976 1520 3076 1590 οὐχ
3114 1520 3407 1592 ὁλόκληρος
3433 1523 3533 1595 τὴν
3558 1522 3624 1576 εὐ

369 1608 680 1667 hominibus
733 1615 908 1667 visum
940 1625 1044 1680 est,
1085 1616 1178 1669 sed
1229 1614 1283 1667 in
1343 1613 1771 1669 dubitationibus
1821 1629 1953 1669 acu-

2062 1611 2241 1681 φυῖαν,
2267 1612 2342 1676 ὡς
2367 1612 2480 1673 τοῖς
2509 1611 2785 1674 πλείστοις
2830 1611 2975 1678 ἔδοξε
3007 1612 3115 1666 τῶν
3170 1613 3494 1684 ἀνθρώπων,
3529 1613 3654 1668 ἀλλ’

372 1701 635 1769 tissimus,
668 1706 734 1757 ad
769 1705 1176 1775 intelligendum
1230 1720 1332 1760 non
1371 1707 1508 1760 adeo
1539 1707 1735 1772 solcrs,
1783 1721 1953 1776 neque

2062 1703 2286 1772 ἀπορεῖν
2323 1701 2422 1772 μὲν
2457 1699 2735 1767 ὀξύτατος,
2774 1704 3013 1755 συνεῖναι
3037 1703 3093 1755 δὲ
3125 1704 3187 1757 ού
3228 1704 3348 1758 λίαν
3384 1704 3650 1774 ἀγχίνους

373 1794 488 1863 ipse
519 1797 600 1850 sui
653 1797 868 1862 similis,
915 1799 1150 1868 alioquin
1183 1809 1237 1854 et
1269 1813 1356 1854 res
1391 1799 1637 1863 divinas,
1670 1801 1953 1862 obscuras,

2062 1793 2184 1847 οὐδὲ
2211 1791 2372 1856 αὐτὸς
2402 1792 2580 1863 ἑαυτῷ
2624 1794 2832 1862 ὅμοιος,
2886 1793 3127 1848 ἄλλωστε
3157 1796 3252 1848 καὶ
3280 1796 3353 1850 τά
3401 1795 3654 1866 θειότερα

372 1897 426 1941 et
465 1887 660 1959 3M6
715 1889 814 1942 sub
864 1890 1274 1958 intelligentiam
1309 1890 1590 1954 cadentes,
1635 1901 1691 1945 el
1730 1890 1959 1946 exitltios

373 1977 494 2032 illus
548 1995 744 2034 sensus
787 1979 1032 2035 Platonis
1085 1981 1420 2050 intelligebat
1473 1997 1487 2034 :
1538 1983 1603 2037 ad
1663 1981 1956 2052 Orphicam

374 2063 835 2135 Chaldaicamque
898 2068 1146 2122 altiorem
1199 2070 1592 2139 cognitionem,
1631 2085 1752 2140 qua:
1805 2085 1957 2126 com-

373 2169 591 2210 munem
651 2157 1088 2226 philosophorum
1159 2168 1377 2228 captum
1442 2162 1752 2229 excederet,
1805 2163 1961 2233 longe

373 2261 494 2301 erat
543 2248 788 2302 inferior.
815 2248 876 2304 ln
913 2253 1158 2321 physicis
1203 2254 1445 2309 omnium
1499 2256 1580 2311 sui
1612 2255 1795 2311 saeculi
1843 2267 1961 2312 erat

372 2340 754 2399 doctissimus:
805 2345 1056 2401 similiter
1083 2356 1138 2401 et
1167 2347 1220 2402 in
1254 2350 1509 2412 mathesi,
1549 2350 1688 2404 unde
1733 2359 1790 2405 et
1821 2365 1959 2419 prae-

373 2442 455 2487 ter
497 2434 602 2488 alia
665 2451 913 2506 magnam
971 2438 1166 2505 ingenii
1196 2440 1422 2510 gloriam
1465 2449 1792 2497 consecutus
1842 2449 1949 2498 est.

371 2525 430 2579 ln
477 2527 665 2581 morali
716 2529 1080 2600 philosophia,
1117 2541 1172 2586 et
1201 2548 1319 2601 qua:
1371 2533 1437 2588 de
1495 2533 1790 2588 virtutibus
1850 2543 1954 2599 est,

373 2632 590 2684 semper
632 2635 828 2674 novum
881 2621 1012 2689 quid
1054 2623 1318 2687 invenire,
1349 2633 1402 2678 et
1447 2625 1956 2694 contemplationem

371 2710 440 2764 ad
475 2709 727 2765 inferiora
779 2714 1115 2784 visibiliaque
1171 2719 1389 2772 trahere
1434 2718 1731 2771 conabatur
1775 2717 1958 2772 :nihil

372 2802 613 2869 quidem,
657 2814 716 2856 ut
766 2805 839 2858 ita
895 2808 1104 2876 loquar,
1155 2824 1221 2862 ex
1272 2809 1508 2878 antiquis
1578 2810 1955 2879 intelligentiis

369 2904 616 2956 servans,
674 2893 855 2946 omnia
913 2897 1260 2953 condensans
1299 2909 1353 2952 et
1399 2899 1659 2967 colligens
1691 2900 1743 2953 in
1797 2911 1957 2954 natu-

368 2996 485 3036 ram
547 2985 754 3039 mundi.
825 2985 1106 3041 Natusad
1170 2990 1432 3043 musicam
1496 2991 1953 3060 Asclepiodotus,

373 3071 710 3141 deperditum
749 3084 926 3128 tamen
975 3077 1369 3131 enarmonicum
1427 3095 1535 3134 non
1576 3083 1750 3150 potuit
1808 3096 1958 3135 revo-

2060 1885 2172 1940 τῶν
2201 1883 2565 1954 πραγμάτων,
2588 1884 2688 1937 ὅσα
2721 1883 2904 1954 ἀφανῆ
2929 1885 3024 1938 καὶ
3045 1887 3212 1957 νοητά
3235 1887 3329 1940 καὶ
3356 1887 3456 1956 τῆς
3498 1888 3650 1940 Πλά-

2060 1991 2229 2038 τωνος
2250 1973 2505 2044 ἐξαίρετα
2540 1972 2818 2036 ιδιανοίας.
2856 1973 3001 2043 Πρὸς
3053 1975 3111 2030 δὲ
3149 1975 3248 2046 τὴν
3287 1977 3549 2046 Ὀρφικήν
3585 1992 3654 2030 τε

2061 2067 2154 2121 καὶ
2180 2065 2493 2137 Χαλδαῖκὴν
2539 2064 2637 2137 τὴν
2689 2065 2736 2096 ⁸⁸
2793 2063 3136 2136 ὑψηλοτέραν
3182 2067 3392 2136 σοφίαν,
3434 2069 3655 2123 καὶτὸν

2061 2159 2242 2212 κοινὸν
2293 2156 2612 2226 φιλοσοφίας
2653 2153 2778 2208 νοῦν
2822 2155 3251 2226 ὑπεραίρουσαν,
3314 2157 3394 2211 ἔτι
3445 2158 3652 2227 μᾶλλον

2065 2251 2327 2304 ἐλείπετο.
2360 2248 2501 2320 Πρὸς
2530 2249 2587 2302 δὲ
2622 2247 2975 2318 φυσιολογίαν
3002 2249 3110 2301 τῶν
3139 2248 3261 2302 καθ’
3291 2250 3480 2302 ἐαυτὸν
3509 2250 3652 2304 πάν-

2059 2359 2171 2396 των
2205 2337 2273 2412 ἦν
2306 2340 2816 2412 ὲρῤωμενέστατοςο
2844 2339 3106 2403 ὡσαύτως
3134 2339 3227 2392 καὶ
3250 2341 3306 2392 ἐν
3328 2342 3438 2402 τοῖς
3473 2340 3656 2411 μαθή-

2064 2451 2251 2506 μασιν,
2289 2434 2382 2500 ἀφ⁹
2419 2425 2493 2488 ὧν
2525 2433 2617 2484 καὶ
2649 2433 2742 2485 ἐπὶ
2778 2433 2848 2486 τὰ
2881 2433 3017 2486 ἄλλα
3046 2430 3107 2484 τὸ
3129 2430 3272 2499 μέγα
3302 2431 3401 2502 τῆς
3435 2432 3654 2501 φύσεως

2061 2527 2412 2595 ἀπηνέγκατο
2443 2524 2618 2587 κλέος.
2657 2525 2746 2578 Ἐν
2769 2526 2880 2588 τοῖς
2913 2541 2979 2576 πε
2990 2526 3042 2596 pi.
3059 2523 3207 2594 ἠθῶν
3226 2523 3283 2576 δέ
3305 2525 3400 2577 καὶ
3434 2524 3654 2593 ἀρετῶν

2059 2619 2145 2672 ἀεί
2165 2635 2218 2670 τι
2249 2618 2598 2688 καινουργεῖν
2622 2616 2920 2686 ἐπεχείρει,
2959 2617 3052 2670 καὶ
3091 2617 3226 2687 πρὸς
3256 2616 3324 2669 τὰ
3368 2616 3522 2669 κάτω
3551 2615 3654 2668 καὶ

2059 2709 2128 2762 τὰ
2162 2709 2206 2741 ⁸⁸
2229 2707 2533 2776 φαινόμενα
2565 2707 2874 2760 συστέλλειν
2900 2708 2998 2778 τὴν
3033 2707 3292 2778 θεωρίαν,
3358 2707 3511 2761 οὐδὲν
3545 2707 3650 2776 μὲν

2061 2801 2159 2873 (ὡς
2193 2800 2320 2862 έπος
2338 2798 2536 2868 εἰπεῖν)
2593 2799 2702 2853 τῶν
2742 2800 2985 2870 ἀρχαίων
3031 2800 3318 2867 νοημάτων
3364 2800 3656 2852 ἀποικονο-

2071 2893 2362 2963 μούμενος,
2391 2892 2570 2946 πάντα
2599 2891 2656 2944 δὲ
2690 2891 2948 2944 συνωθῶν
2979 2894 3074 2945 καὶ
3101 2893 3354 2960 κατάγων
3382 2894 3460 2955 είς
3490 2891 3651 2964 τήνδε

2058 2984 2347 3055 τὴνφύσιν
2416 2983 2514 3054 τὴν
2585 2983 2962 3053 περικόσμιον.
3014 2984 3137 3036 Ὅτι
3209 2983 3572 3053 εὐφυέστατος
3621 2984 3653 3034 ό

2071 3078 2523 3150 Ἀσκληπιόδοτος
2555 3079 2684 3148 περὶ¹
2714 3078 2979 3148 μουσικὴν
3015 3077 3256 3145 γεγονὼς
3302 3077 3363 3130 τὸ
3395 3075 3652 3143 ἐναρμόο

371 3177 520 3228 care,
572 3178 884 3232 quanquam
940 3167 1041 3220 alia
1085 3169 1189 3223 duo
1240 3181 1438 3225 cantus
1491 3187 1690 3242 genera
1748 3175 1953 3227 rescin-

2062 3189 2192 3224 νιον
2240 3171 2396 3240 γένος
2427 3168 2705 3231 ἀπολωλὸς
2753 3171 2852 3238 οὐχ
2885 3164 3060 3221 οἷόστε
3114 3167 3330 3236 ἐγένετο
3363 3165 3652 3219 ἀνασώσα-

344 3253 523 3308 .dcret
565 3264 619 3309 et
669 3259 1013 3325 reprimeret,
1056 3261 1285 3315 alterum
1338 3263 1722 3317 cltromaticum
1778 3265 1954 3334 appel-

372 3344 563 3414 latum,
604 3347 833 3404 alterum
878 3351 1245 3419 diatonicum;
1276 3353 1615 3408 harmoniam
1645 3363 1952 3409 tamennon

374 3435 602 3501 invenit,
658 3441 906 3506 quamvis
963 3444 1240 3510 magades,
1301 3454 1361 3499 ut
1401 3445 1562 3511 dixit,
1609 3447 1851 3509 mutarit,
1900 3457 1957 3501 et

373 3533 801 3596 lransposuerit,
859 3549 962 3587 non
1017 3536 1195 3590 minus
1251 3551 1412 3604 quam
1463 3537 1652 3605 viginti
1701 3549 1757 3592 et
1797 3539 1950 3592 duas.

371 3615 546 3671 Causa
575 3633 673 3673 cur
705 3637 806 3675 non
862 3606 1148 3691 inveniret,
1205 3626 1318 3680 haec
1371 3636 1457 3680 est
1483 3645 1496 3680 :
1527 3627 1803 3680 minimam
1840 3643 1956 3682 rno-

372 3713 709 3766 derationem
775 3715 1209 3771 barmonicarum
1292 3719 1712 3783 dimensionum,
1787 3735 1946 3789 quam

369 3803 544 3857 diesin
593 3804 718 3875 (hoc
754 3817 858 3870 est,
907 3809 1140 3877 primum
1198 3825 1415 3877 sonum,
1471 3813 1563 3882 qui
1608 3813 1662 3866 in
1696 3813 1948 3867 cantibus

370 3896 688 3966 percipitur)
751 3910 966 3964 vocant,
1001 3915 1033 3956 e
1095 3912 1284 3957 nostro
1362 3918 1524 3958 sensu
1583 3904 1838 3972 perdidit,
1898 3913 1953 3958 et

371 3988 536 4042 etiam
601 3989 745 4043 aliud
781 4005 951 4058 genus
1000 3996 1407 4048 enarmonicum
1465 3996 1625 4050 simul
1688 3995 1952 4066 corrupit.

371 4076 784 4145 Asclepiodotus
815 4095 843 4133 a
891 4079 1091 4135 Jacobo
1136 4084 1453 4138 medicinam
1504 4085 1722 4140 discens
1756 4085 1824 4141 ad
1871 4101 1957 4142 ve-

372 4169 592 4238 stigium
642 4169 788 4223 illum
847 4172 1111 4241 sequitur,
1168 4174 1219 4228 in
1272 4174 1456 4229 multis
1486 4175 1648 4230 etiam
1709 4187 1952 4248 superat.

275 4291 277 4294 ι
373 4256 506 4311 Nam
538 4261 799 4314 amissum
828 4263 954 4316 olim
1005 4279 1162 4318 usum
1197 4264 1310 4319 albi
1371 4265 1617 4330 ellebori,
1644 4281 1746 4322 nec
1790 4270 1953 4322 etiam

372 4365 404 4403 ει
453 4349 660 4405 Jacobo
717 4353 1085 4418 observatum,
1139 4357 1251 4425 ipse
1303 4358 1603 4425 renovavit,
1643 4367 1698 4414 et
1755 4358 1846 4413 illo
1874 4361 1956 4412 in-

374 4443 647 4499 sanabiles
687 4446 904 4502 morbos
966 4440 1225 4502 inusitato
1289 4449 1452 4504 modo
1500 4451 1731 4504 sanavit.
1768 4449 1950 4505 Ascle-

2063 3262 2207 3329 σθαι,
2243 3262 2419 3316 καίτοι
2451 3260 2620 3317 τᾶλλα
2645 3261 2738 3314 δύο
2759 3261 2888 3332 γένη
2911 3259 3232 3329 κατατεμὼν
3263 3260 3356 3312 καὶ
3377 3259 3652 3328 ἀνακρου-

2063 3355 2318 3424 σάμενος,
2378 3353 2439 3406 τό
2486 3369 2547 3406 τε
2610 3351 2984 3422 χρωματικὸν
3020 3347 3422 3419 ὀνομαζόμενον
3458 3348 3551 3401 καὶ
3587 3350 3652 3401 th

2060 3445 2427 3498 6:aroru¢o’r.
2462 3444 2535 3497 T6
2572 3443 2628 3497 δὲ
2675 3442 2996 3512 ἐναρμόνιον
3018 3442 3118 3511 οὐχ
3145 3435 3292 3511 εὗρε,
3322 3440 3501 3493 καίτοι
3545 3458 3653 3510 μα-

2062 3539 2254 3606 γάδας,
2315 3537 2392 3600 ώς
2447 3537 2657 3604 ἔλεγεν,
2731 3533 3046 3600 ὑπαλλάξας
3109 3534 3206 3587 καὶ
3249 3533 3504 3603 μεταθεὶς
3549 3534 3653 3586 οὐκ

2063 3630 2317 3692 ἐλάττους
2337 3627 2512 3682 εἴκοσι
2560 3627 2654 3681 καὶ
2709 3626 3017 3680 διακοσίων.
3065 3622 3229 3696 [1055
3263 3622 3354 3695 IL]
3389 3625 3571 3678 Αἴτιον
3593 3623 3654 3676 δὲ

2063 3723 2163 3791 τῆς
2195 3721 2270 3790 μὴ
2307 3719 2583 3791 εὑρέσεως
2635 3720 2696 3771 τὸ
2725 3716 3007 3786 ἐλάχιστον
3040 3716 3239 3786 μέτρον
3273 3715 3383 3767 τῶν
3415 3717 3655 3786 ἐναρμο-

2064 3813 2191 3866 νίων
2212 3810 2619 3881 διαστημάτων,
2654 3809 2790 3879 ὅπερ
2819 3808 2986 3861 δίεσιν
3016 3806 3362 3875 ὀνομάζουσι.
3401 3806 3573 3858 Τοῦτο
3589 3806 3655 3874 δὴ

2065 3903 2344 3968 ἀπολωλὸς
2372 3907 2438 3957 ἐκ
2466 3903 2566 3972 τῆς
2586 3901 2861 3972 ἡμετέρας
2884 3899 3190 3970 αἰσθήσεως
3212 3899 3306 3951 καὶ
3323 3897 3382 3950 τὸ
3403 3897 3530 3950 ἄλλο
3557 3898 3654 3964 γέ-

2063 4016 2152 4062 νος
2187 3998 2249 4052 τδ
2302 3996 2623 4068 ἐναρμόνιον
2671 3992 3093 4064 προσαπώλεσεν
3117 3991 3185 4044 ⁸⁷.
3237 3990 3359 4043 Ὀτι
3411 3989 3654 4058 Ἰακώϐῳ

2061 4091 2133 4146 τὰ
2168 4091 2308 4145 κατά
2331 4089 2428 4160 τὴν
2494 4086 2746 4158 ἰατρικὴν
2792 4084 3155 4155 μαθητευθεὶς
3188 4085 3217 4137 6
3259 4081 3656 4152 Ἀσκληπιάδο-

2062 4201 2153 4246 τος
2182 4182 2248 4247 ⁸⁸,
2281 4183 2377 4236 καὶ
2405 4179 2526 4234 κατ’
2563 4179 2682 4250 ῐχνη
2720 4177 2921 4247 βαίνων
2970 4176 3204 4243 ἐκείνου,
3263 4175 3410 4228 ἐστιν
3453 4167 3536 4235 οἷς
3559 4173 3656 4225 καὶ

2064 4274 2434 4346 ὑπερεϐάλετο
2457 4273 2524 4326 ⁸⁸.
2565 4270 2680 4324 Καὶ
2732 4269 2841 4340 γὰρ
2888 4268 2982 4321 καὶ
3013 4266 3110 4320 τοῦ
3137 4265 3334 4319 λευκοῦ
3367 4264 3652 4335 ἐλλεϐόρου

2065 4367 2234 4420 πάλαι
2287 4366 2387 4436 τὴν
2449 4365 2646 4436 χρῆσιν
2696 4363 3041 4417 ἀπολωλυῖαν
3091 4363 3184 4414 καὶ
3225 4360 3346 4429 μηδ’
3407 4359 3655 4426 Ἰακώϐῳ

2065 4453 2439 4510 ἀνασωθεῖσαν
2480 4452 2645 4515 αὐτὸς
2702 4449 3033 4516 ἀνεκαίνισε,
3065 4451 3160 4503 καὶ
3189 4450 3257 4503 δι’
3300 4448 3464 4501 αὑτοῦ
3497 4450 3657 4502 ἀνιά-

374 4535 627 4601 piodotus
679 4537 881 4590 nullum
917 4552 947 4592 e
987 4541 1140 4594 novis
1199 4540 1452 4606 medicis,
1525 4551 1727 4609 praeter
1794 4539 1951 4596 Jaco-

2062 4565 2182 4609 τους
2209 4547 2394 4608 νόσους
2433 4544 2752 4614 παραδόξως
2795 4543 3047 4607 ἐξιάσατο
3072 4544 3139 4598 ’°.
3194 4543 3315 4596 Ὀτι
3355 4542 3384 4593 ὁ
3420 4541 3655 4608 Ἀσκλη-

374 4625 522 4691 hum,
565 4628 832 4696 probavit,
865 4645 930 4683 ex
963 4632 1202 4700 antiquis
1261 4642 1382 4700 post
1407 4633 1812 4704 Hippocratem,
1845 4635 1944 4690 So-

375 4732 566 4772 ranum
601 4719 844 4786 Cilicem,
881 4721 1163 4778 Maleoten.
1219 4722 1488 4790 Quocirca
1520 4742 1741 4782 uxorem
1799 4742 1954 4782 suam

366 4808 672 4866 .Damianen
705 4813 1120 4883 Asclepiodotus
1151 4817 1577 4886 pudicissimam,
1607 4828 1663 4872 et
1689 4819 1835 4889 quod
1863 4835 1954 4874 ra-

374 4918 495 4957 rum
542 4913 648 4970 est,
697 4905 1114 4973 magnanimam,
1167 4907 1455 4978 virilisque
1514 4919 1714 4967 mentis
1761 4912 1814 4965 in
1856 4913 1954 4966 ad-

378 4996 787 5051 ministratione
820 4997 1058 5062 familize,
1085 5000 1540 5068 quemadmodum
1582 5001 1638 5056 in
1678 5014 1963 5058 consuetu-

377 5087 500 5141 dine
557 5096 764 5142 castam
813 5103 912 5143 nec
950 5089 1342 5159 voluptuariam
1403 5094 1656 5150 reddidit.
1691 5096 1964 5164 Hierapoli

378 5183 436 5238 in
492 5180 725 5252 Phrygia
783 5181 1038 5251 templum
1101 5192 1220 5236 erat
1262 5184 1560 5253 Apollinis;
1623 5185 1820 5240 subtus
1850 5184 1963 5254 spi-

2063 4637 2304 4699 πιόδοτος
2325 4635 2430 4686 τῶν
2456 4635 2552 4703 μὲν
2570 4633 2849 4702 νεωτέρων
2869 4631 3068 4703 ἰατρῶν
3088 4633 3181 4686 τὸν
3211 4630 3468 4685 Ἰάκωϐον
3491 4630 3654 4700 μόνον

2067 4728 2384 4797 ἀπεδέχετο,
2425 4725 2535 4778 τῶν
2574 4725 2632 4777 δὲ
2671 4724 3057 4795 πρεσϐυτέρων
3116 4723 3254 4794 μετά
3299 4725 3392 4777 τὸν
3465 4724 3653 4775 Ἰππο-

2063 4821 2272 4892 κράτην
2294 4817 2542 4889 Σωρανὸν
2586 4817 2675 4870 τὸν
2702 4817 2901 4869 Κίλικα
2934 4816 3026 4868 τὸν
3075 4814 3377 4884 Μαλεώτην
3407 4815 3476 4868 ⁹¹.
3524 4811 3654 4865 To:-

2072 4913 2266 4982 γάρτοι
2303 4910 2396 4962 καὶ
2426 4907 2753 4962 ἀπετέλεσεν
2785 4910 2813 4960 6
2841 4907 3296 4979 Ἀσκληπιόδοτος
3323 4905 3420 4976 τὴν
3444 4907 3656 4974 Δαμια-

2071 5005 2169 5074 νὴν
2194 5000 2657 5071 αἰδημονεστάτην
2687 5001 2782 5052 καὶ
2799 4999 3108 5070 παράλογον
3131 5000 3175 5031 ³⁸
3201 4996 3387 5060 οὖσαν,
3410 4997 3506 5068 τὴν
3527 4997 3655 5048 ἐαυ-

2071 5093 2165 5148 τοῦ
2197 5091 2442 5163 γαμετὴν
2464 5131 2477 5152 ,
2511 5090 2860 5161 ὑψηλόφρονα
2894 5091 2991 5144 καὶ
3011 5089 3363 5159 ἀνδρόϐουλον
3389 5090 3466 5149 εἰς
3505 5088 3654 5140 οἰκο-

2071 5185 2284 5256 νομίαν,
2306 5183 2494 5253 ὥσπερ
2517 5183 2769 5253 σώψρονα
2800 5184 2895 5236 καὶ
2929 5181 3205 5253 ἄθρυπτον
3223 5182 3299 5244 είς
3321 5177 3649 5250 συμϐίωσιν.

1674 5317 1910 5373 VARUE
1954 5317 2363 5374 LECTIONES.

454 5462 496 5493 ⁸⁸
521 5459 577 5511 δὲ
607 5459 797 5515 om.C.
872 5460 918 5490 ⁸²
963 5461 1220 5530 ’Λθήναις
1243 5458 1282 5511 Β
1314 5475 1327 5512 :
1364 5458 1666 5526 Ἀθηναίοις
1682 5475 1743 5522 ς.
1774 5529 1795 5530 η
1819 5458 1865 5491 ⁸³
1891 5458 2053 5530 νόμον
2093 5473 2200 5511 om.
2224 5458 2305 5530 Δ.
2338 5458 2413 5530 7"?

2459 5456 2718 5526 μαλακῶν
2745 5458 2805 5510 Α.
2841 5457 2908 5511 de
2930 5473 2986 5511 re
3007 5455 3079 5511 ρι’.
3107 5457 3399 5513 Jamblich.
3445 5455 3512 5510 de
3535 5454 3651 5513 vita

382 5527 704 5599 Pythagora»:
732 5547 784 5599 p.
813 5530 1034 5586 liustrr.
1065 5526 1117 5598 μ.
1151 5531 1241 5585 9i.
1272 5533 1614 5599 etiprotrcipt.
1648 5544 1700 5598 p.
1735 5529 1856 5584 l59.
1933 5528 2099 5599 εδτὴν
2131 5541 2256 5581 ante
2286 5529 2627 5599 ὑψηλοτέραν
2662 5528 2788 5582 add.
2815 5528 2876 5582 Α.
2953 5529 3092 5599 οιτά
3121 5544 3230 5584 om.
3264 5529 3326 5580 Λ.
3404 5526 3449 5599 εἶ
3473 5543 3648 5599 προστ-

383 5597 571 5672 απώλε
579 5616 670 5672 σεν
707 5597 1057 5670 άγυμνάστου
1069 5597 1085 5672 ί
1101 5601 1246 5672 πρὸς
1258 5669 1286 5672 _
1301 5602 1400 5654 αὐτ
1410 5599 1438 5651 6

384 5670 539 5740 Suid.
578 5671 630 5724 b.
657 5687 708 5740 ν.
783 5669 829 5704 δέ
857 5669 1222 5740 ὑπερεϐάλετο
1258 5669 1334 5723 B:
1385 5669 1787 5740 ὑπερεϐάλλετο
1816 5686 1904 5740 ς.κ
1954 5669 1999 5702 ⁹⁰
2037 5669 2227 5721 ἰάσατο
2250 5686 2309 5732 ς.

383 5753 442 5793 v.
475 5738 724 5809 Σωρανδς
803 5738 1068 5810 Ἐφέσιος.

1491 5598 1592 5667 τῆς
1640 5597 1810 5667 ἀκοῆς
1872 5597 2345 5668 ἀπολελειμμένης
2383 5597 2579 5668 Suidas
2624 5615 2675 5652 v.
2702 5599 2900 5652 Διέσιν.
2976 5598 3022 5630 ⁸⁸
3049 5601 3116 5652 de
3166 5597 3648 5668 Asclepimln‘torf.

2410 5671 2452 5740 ’ᾖ
2479 5667 2802 5740 Μαλεώτην]
2835 5669 2942 5724 imo
2970 5668 3273 5738 Μαλλώτην
3330 5682 3453 5721 cum
3481 5665 3651 5720 Snida

1161 5742 1205 5773 θ’
1248 5737 1588 5812 παράλογον]
1629 5741 1858 5796 fortasse
1893 5738 2178 5810 legendum
2215 5737 2365 5808 mpii
2393 5737 2569 5807 λόγον.
