3990 6232
345 191 480 256 1981

1342 187 1869 249 BIBLIOTHECA.
1901 210 1974 228 -·-
2010 189 2174 252 COD.
2210 193 2484 258 CCXLli.

3486 209 3625 275 1282

353 305 480 356 ’Ὁτι
542 303 602 356 ὲν
665 299 965 370 Ἱεραπόλει
1038 300 1138 371 τῆς
1175 302 1416 371 Φρυγίας
1474 301 1620 372 ἱερὸν
1652 298 1921 372 ἦνἈπόλι

2050 304 2293 361 raculum
2371 311 2789 368 erat'lethiferi
2866 314 3112 384 spiritus.
3172 314 3440 384 Spelunca
3515 325 3632 382 haec

341 395 537 458 λωνος,
571 393 678 448 ὑπὸ
702 393 758 447 δὲ
795 393 890 446 τὸν
915 393 1042 447 ναὸν
1073 394 1408 448 καταϐάσιον
1463 394 1722 450 ὑπέκειτο
1774 394 1939 447 θαναο

344 491 540 559 σίμους
569 487 846 549 ἀναπνοὰς
909 485 1308 556 παρεχόμενον.
1361 487 1564 540 Τοῦτον
1615 486 1707 542 τὸν
1747 486 1940 558 βόθρον

341 584 454 637 οὐδ’
496 581 702 637 ἄνωθέν
736 582 884 633 ἐστιν
917 578 1038 652 [561
1073 579 1163 652 11.]
1195 580 1476 634 ἀκίνδυνον
1500 580 1621 635 οὐδὲ
1649 582 1762 644 τοῖς
1795 599 1935 650 πτη-

341 678 452 738 νοῖς
475 675 581 729 τῶν
612 672 767 738 ζώων
799 673 1051 732 διελθεῖν,
1088 674 1320 728 ἀλλ’ὃσα
1355 673 1477 728 κατ’
1510 675 1675 728 αὐτὸν
1697 674 1934 742 γίνεται,

338 770 664 825 ἀπόλλυται.
692 768 819 829 Τοῖς
852 767 908 819 δὲ
947 765 1388 837 τετελεσμένοις,
1420 766 1577 834 φησὶ,
1617 765 1846 819 δυνατὸν
1867 760 1936 836 ἦν

338 862 628 922 κατιόντας
669 858 766 912 καὶ
792 860 870 921 εἰς
901 856 1064 913 αὑτὸν
1095 857 1186 910 τὸν
1227 858 1395 928 μυχὸν
1418 857 1673 922 ἀϐλαϐῶς
1702 857 1933 925 διάγειν.

335 957 508 1023 Λέγει
531 954 575 1007 δ’
625 954 654 1006 6
707 953 1062 1024 συγγραφεὺς
1088 952 1166 1016 ὡς
1205 953 1370 1016 αὑτός
1395 969 1454 1005 τε
1487 953 1584 1006 καὶ
1616 953 1800 1022 Δῶρος
1829 951 1876 985 ⁸³
1905 953 1934 1005 6

337 1049 650 1117 φιλόσοφος,
680 1046 788 1100 ὑπὸ
811 1045 1122 1117 προθυμίας
1169 1044 1573 1116 έκνικηθέντες,
1618 1044 1932 1115 κατέϐησάν

333 1158 398 1193 τε
424 1140 517 1192 καὶ
547 1138 780 1201 ἀπαθεῖς
806 1137 995 1191 κακῶν
1025 1137 1321 1208 ἀνέϐησαν.
1365 1137 1530 1206 Λέγει
1561 1137 1605 1191 δ⁹
1627 1139 1655 1191 6
1683 1155 1928 1206 συγγρα-

333 1234 474 1302 φεὺς
505 1233 587 1286 ὅτι
627 1232 763 1284 Τότε
797 1234 862 1302 τῇ
915 1231 1212 1300 Ἱεραπόλει
1262 1231 1670 1300 ἐγκαθευδήσας
1703 1232 1921 1286 ἐδόκουν

331 1328 467 1396 ὄναρ
500 1327 528 1380 6
589 1326 794 1395 Ἄττης
838 1323 1112 1394 γενέσθαι,
1145 1322 1238 1377 καί
1265 1341 1355 1394 μοι
1385 1324 1746 1378 ἐπιτελεῖσθαι
1775 1324 1929 1394 παρά

330 1419 436 1487 τῆς
474 1420 676 1488 μητρὸς
689 1418 798 1472 τῶν
824 1417 961 1471 θεῶν
990 1417 1088 1488 τὴν
1114 1416 1224 1470 τῶν
1257 1417 1479 1487 ίλαρίων
1502 1417 1854 1486 καλουμένων
1878 1417 1925 1448 ⁸⁸

253 1560 256 1563 .
331 1513 531 1581 ἑορτήν
554 1527 566 1540 ·
601 1512 738 1581 ὅπερ
805 1510 994 1580 ἐδήλου
1053 1509 1153 1580 τὴν
1182 1510 1241 1575 ἐξ
1281 1511 1406 1582 ᾅδου
1453 1514 1740 1580 γεγονυῖαν
1766 1511 1924 1580 ἡμῶν

334 1603 634 1673 σωτηρίαν.
649 1602 1012 1672 Διηγησάμην
1028 1601 1084 1654 δὲ
1106 1601 1184 1672 τῷ
1213 1602 1674 1674 Ἀσκληπιοδότῳ,
1694 1603 1924 1656 ἐπανελ-

2043 410 2277 467 superne
2310 414 2410 457 nec
2463 404 2652 460 avibus
2698 409 3209 475 prmtervolantibus
3240 413 3357 466 sine
3386 417 3628 484 periculo

2041 499 2150 553 est,
2202 491 2296 545 sed
2344 509 2683 566 quaecunque
2742 499 2865 553 illac
2909 502 3122 566 volant,
3175 507 3499 562 moriuntur.
3555 510 3627 563 At

2041 577 2129 645 iis,
2186 583 2274 650 qui
2327 586 2612 642 sacriﬁciis
2645 600 2769 644 sunt
2816 591 3013 646 initiati
3041 635 3055 658 ,
3088 593 3284 667 355a
3320 595 3476 652 facile
3525 599 3629 653 fttit

2043 673 2273 742 ingredi,
2300 684 2354 729 et
2393 677 2446 732 iu
2491 678 2583 732 illa
2625 681 2883 750 spelunca
2911 685 3029 738 sine
3063 686 3167 738 ulla
3223 702 3359 740 noxa
3395 690 3612 757 degere.

2039 761 2228 818 Refert
2280 776 2472 822 auctor
2498 783 2560 824 se
2585 778 2640 824 et
2665 770 2862 825 Dorum
2896 774 3298 844 philosophum,
3328 780 3628 847 cupiditate

2037 864 2225 922 captos
2287 857 2538 926 intrasse,
2604 871 2658 915 et
2717 862 2913 918 illaesos
2969 879 3216 934 egressos
3275 883 3415 925 esse.
3485 872 3626 927 Dicit

2037 947 2268 1016 Scriptor
2313 963 2434 1003 cum
2488 959 2616 1006 tunc
2681 951 2954 1024 Hierapoli
3001 958 3286 1025 dormiret,
3322 961 3374 1014 in
3415 964 3628 1019 somnis

2035 1038 2138 1092 sibi
2191 1041 2364 1094 visum
2435 1056 2561 1099 esse
2606 1043 2781 1108 Attin,
2838 1049 3050 1118 sibique
3094 1065 3122 1102 a
3173 1063 3350 1108 matre
3397 1056 3625 1109 deorum

2033 1129 2256 1196 festum,
2300 1133 2442 1200 quod
2484 1134 2684 1189 dicitur
2723 1135 3072 1207 llilariorum,
3105 1145 3442 1212 mandatum,
3479 1147 3626 1215 quod

2034 1220 2309 1279 indicabat
2343 1235 2587 1281 nostram
2647 1233 3121 1288 conservationem
3157 1238 3227 1290 ab
3257 1237 3468 1294 inferis.
3516 1239 3624 1296 Re-

2032 1328 2224 1370 versus
2266 1317 2450 1387 itaque
2489 1321 2539 1373 iu
2589 1319 2818 1378 Veneris
2850 1326 3036 1378 urbem
3075 1330 3288 1382 narravi
3339 1330 3623 1400 Asclepio-

2030 1407 2154 1460 doto
2187 1407 2492 1464 visionem:
2546 1410 2635 1465 ille
2672 1414 2745 1468 rei
2783 1413 3046 1470 miraculo
3073 1419 3372 1488 obstupuit,
3408 1431 3463 1476 et
3489 1423 3622 1477 mihi

2027 1512 2126 1567 pro
2158 1499 2259 1554 hoc
2292 1503 2502 1557 somnio
2529 1519 2632 1558 non
2673 1507 2944 1560 somnium
2976 1510 3235 1574 narravit,
3274 1512 3371 1565 sed
3397 1514 3624 1570 minoris

2027 1589 2104 1643 rei
2137 1593 2501 1647 narrationem
2538 1598 2785 1665 rependit
2816 1599 3039 1667 majore.
3072 1600 3216 1656 Dixit
3242 1617 3301 1658 se
3321 1605 3617 1661 etiamnum

330 1694 443 1749 θὼν
474 1672 562 1758 is;
617 1691 1024 1766 Ἀφροδισιάδα,
1084 1693 1184 1762 τὴν
1222 1694 1315 1748 τοῦ
1337 1672 1548 1765 ὀνείρου
1592 1694 1734 1764 ὄψιν.
1778 1691 1836 1747 '0
1861 1693 1919 1748 δὲ

2028 1678 2274 1748 iuvenem
2309 1684 2361 1736 in
2388 1684 2525 1739 hanc
2560 1687 2832 1755 regionem
2863 1691 3100 1754 venisse.
3131 1702 3185 1746 et
3214 1703 3460 1750 naturam
3501 1696 3617 1764 ejus

329 1787 615 1858 ἐθαύμασέ
666 1788 880 1840 1:5”16
927 1788 1295 1857 συμϐεϐηκὸς,
1340 1789 1434 1842 καὶ
1480 1788 1780 1859 διηγήσατο
1819 1787 1920 1841 οὐκ

327 1879 466 1948 ὄναρ
495 1880 616 1932 ἀντὶ
639 1878 941 1949 ὀνείρατος,
995 1878 1132 1933 ἀλλά
1177 1877 1363 1947 θαῦμα
1392 1879 1578 1950 μεῖζον
1615 1880 1734 1932 ἀντὶ
1761 1879 1919 1933 ἐλάτ-

326 1989 503 2033 τονος.
543 1970 824 2042 Νεώτερος
883 1972 993 2043 γὰρ
1048 1971 1236 2041 ἔλεγεν
1287 1974 1369 2036 εἰς
1418 1971 1480 2025 τὸ
1515 1972 1716 2042 χωρίον
1743 1971 1920 2024 ἐλθεῖν

327 2061 508 2129 τοῦτο,
561 2063 654 2118 καὶ
705 2063 1154 2134 ἀποπειραθῆναι
1221 2062 1388 2117 αὑτοῦ
1426 2062 1526 2132 τῆς
1555 2064 1791 2131 φύσεως.
1827 2061 1920 2125 Δὶς

327 2152 422 2207 οὖν
457 2154 547 2207 καὶ
603 2154 723 2224 τρὶς
777 2154 1087 2222 ἐπιπτύξας
1115 2155 1176 2208 τὸ
1222 2153 1438 2224 ἱμάτιον
1461 2153 1590 2224 περὶ
1619 2153 1717 2216 τὰς
1743 2155 1917 2223 ῥῖνας,

327 2247 441 2313 ἵνα,
474 2247 575 2301 κᾶν
595 2248 839 2320 ἀναπνέῃ
878 2247 1162 2312 πολλάκις,
1188 2247 1262 2317 μὴ
1293 2245 1384 2300 τὸν
1412 2245 1807 2317 διεφθαρμένον
1827 2245 1920 2298 καὶ

327 2337 661 2409 λυμαντικὸν
691 2339 829 2409 ἀέρα
898 2339 944 2372 ⁹⁶
1000 2341 1238 2410 ἀναπνῇ,
1282 2338 1418 2392 ἀλλά
1470 2338 1564 2391 τὸν
1602 2337 1790 2406 ἀπαθῆ
1825 2336 1920 2390 καὶ

331 2430 622 2498 σωτήριον,
646 2429 705 2482 ὃν
743 2429 944 2495 ἔξωθεν
985 2431 1250 2500 εἰσήγαγε
1272 2427 1586 2500 περιλαϐὼν
1614 2430 1671 2480 ὲν
1687 2428 1766 2498 τῷ
1793 2429 1920 2498 ίμα-

329 2518 453 2589 τίῳ,
477 2518 620 2572 οὕτω
636 2521 850 2590 πράξας
882 2521 1056 2593 είσῄει
1077 2539 1136 2574 τε
1162 2523 1220 2574 ὲν
1239 2523 1304 2592 τῇ
1328 2521 1642 2586 καταδύσει,
1663 2523 1728 2591 τῇ
1753 2523 1916 2592 ὲκροῇ

329 2609 441 2663 τῶν
477 2610 697 2683 θερμῶν
723 2613 931 2666 ὑδάτων
962 2613 1372 2677 ἐπακολουθῶν,
1420 2614 1515 2666 ἐπὶ
1537 2613 1790 2666 πλεῖστον
1818 2612 1913 2666 τοῦ

331 2701 538 2756 ἀϐάτου
578 2704 772 2774 μυχοῦ,
827 2706 888 2757 οὐ
924 2704 1034 2774 μὴν
1063 2705 1140 2767 είς
1160 2704 1314 2766 τέλος
1365 2703 1592 2772 ἀφίκετο
1615 2701 1718 2772 τῆς
1745 2719 1918 2756 κατα-

332 2795 544 2859 ϐάσεως
563 2812 576 2825 ·
635 2799 666 2867 ἡ
713 2799 822 2868 γὰρ
851 2797 1055 2860 εἴσοδος
1105 2795 1422 2868 ἀπερρώγει
1448 2797 1494 2829 ’⁷
1517 2795 1652 2866 πρὸς
1677 2795 1839 2867 βάθος
1870 2795 1916 2829 ⁸⁸

331 2887 431 2958 ήδη
463 2887 600 2941 πολὺ
639 2890 746 2942 τῶν
769 2889 997 2954 ὑδάτων,
1027 2890 1123 2944 καὶ
1173 2889 1448 2960 ἀνθρώπῳ
1473 2905 1536 2958 γε
1568 2889 1630 2941 οὐ
1665 2886 1921 2941 διαϐατὸν

330 2975 420 3049 ῆν,
451 2979 566 3034 ἀλλ’
586 2982 614 3034 6
644 2982 980 3052 καταιϐάτης
1009 2983 1054 3015 θ’
1075 2982 1369 3035 ἐνθουσιῶν
1389 2981 1614 3052 ἐφέρετο
1637 2981 1798 3051 μέχρι
1823 2979 1916 3032 τοῦ

331 3072 590 3144 πέρατος.
628 3075 686 3127 '0
720 3075 905 3145 μέντοι
950 3073 1405 3144 Ἀσκληπιόδοτος
1465 3073 1675 3126 ἐκεῖθεν
1721 3071 1919 3143 ἀνῆλθε

332 3166 496 3237 σοφίᾳ
536 3168 604 3236 τῇ
652 3166 819 3219 αὐτοῦ
878 3165 1070 3219 κακῶν
1131 3163 1370 3235 ἀπαθής.
1396 3162 1558 3217 Ἀλλά
1603 3164 1699 3217 καί⁷
1753 3163 1922 3235 πνοὴν

330 3257 726 3329 παραπλησίαν
755 3255 984 3327 ὕστερον
1015 3259 1082 3327 τῇ
1113 3255 1402 3327 θανασίμῳ
1432 3257 1495 3308 ὲκ
1532 3254 1804 3324 διαφόρων
1844 3254 1922 3307 είο

329 3349 436 3404 δῶν
490 3349 1043 3419 κατασκευασάμενος
1099 3349 1504 3420 ἐμηχανήσατο.
1564 3347 1749 3416 Χωρὶς
1799 3346 1816 3376 ⁸
1852 3344 1924 3401 τὰ

329 3437 637 3509 φιλοσόφων
674 3441 766 3494 καὶ
800 3438 868 3492 τὰ
895 3439 1002 3493 τῶν
1041 3439 1234 3510 ἱερέων
1262 3439 1556 3510 ὁρίσματα,
1579 3437 1732 3490 οὐδὲν
1757 3431 1936 3508 ἦττον

328 3530 460 3602 ῆτὰ
489 3531 758 3602 λεγόμενα
807 3532 1011 3585 Μυσῶν
1062 3531 1160 3586 καὶ
1203 3531 1454 3603 Φρυγῶν.
1511 3529 1654 3583 Ἀλλ’
1699 3531 1850 3598 ὅμως
1890 3532 1920 3583 6

330 3625 628 3696 Πατρίκιος
657 3623 946 3694 ἐτόλμησε,
977 3625 1129 3696 παρὰ
1150 3624 1314 3694 νόμον
1331 3623 1423 3676 τὸν
1453 3622 1791 3692 φιλοσοφίας,
1826 3621 1919 3674 ἐπὶ

326 3715 500 3769 ταῦτα
514 3715 686 3786 ρυείς.
705 3717 768 3769 Ἡ
784 3717 840 3770 δὲ
858 3716 981 3788 ἔφη,
1000 3715 1142 3785 Ἐγὼ
1155 3716 1377 3787 χωρῖτίς
1393 3716 1508 3785 είμι
1528 3715 1622 3767 καὶ
1635 3714 1914 3785 ἄγροικος.

327 3806 489 3859 Ἀλλά
510 3807 802 3870 διαναστὰς
831 3808 939 3861 ἀπὸ
971 3807 1064 3860 τοῦ
1096 3805 1267 3860 ὕπνου
1288 3807 1384 3860 καὶ
1416 3806 1918 3874 διαγκωνισάμενος

325 3899 419 3952 ἐπὶ
448 3897 544 3950 τοῦ
570 3899 867 3970 σκίμποδος
913 3898 1038 3968 ἔφη.
1073 3897 1311 3962 Ἀστεϊός
1340 3914 1400 3950 τε
1427 3892 1495 3968 ἦν
1515 3897 1609 3950 καὶ
1639 3895 1914 3967 εὐόμιλος,

323 3990 386 4043 οὐ
423 3991 582 4059 μόνον
612 3991 748 4062 πρὸς
775 3991 876 4061 τὴν
907 3989 1336 4054 σπουδάζουσαν,
1368 3989 1503 4042 ἀλλά
1530 3990 1625 4042 καὶ
1658 3988 1794 4060 πρὸς
1815 3989 1916 4061 τὴν

326 4082 626 4147 παίζουσαν
657 4082 826 4136 ἐνίοτε
873 4082 1182 4143 συνουσίαν.
1221 4081 1361 4135 ὥστε
1393 4081 1488 4135 καὶ
1523 4081 1742 4151 ἥδιστος
1775 4076 1914 4133 εἶναι

324 4178 439 4239 τοῖς
474 4176 835 4248 πλησιάζουσι
867 4175 1005 4247 πρὸς
1034 4175 1112 4246 τῷ
1139 4174 1423 4246 ὠφελίμῳ.
1452 4174 1556 4228 Τὸν
1589 4172 1720 4227 Θεὸν
1744 4171 1912 4242 πρού-

325 4269 546 4322 καλεῖτο
593 4269 683 4322 ἐπὶ
727 4267 892 4322 πάθει
923 4267 1239 4338 περιωδύνῳ
1281 4270 1382 4339 τῆς
1429 4267 1537 4321 τῶν
1584 4266 1845 4320 ὀπισθίων
1892 4267 1913 4297 ⁸

2031 1779 2338 1840 expertum.
2391 1774 2482 1829 Bis
2509 1776 2690 1847 itaque
2739 1789 2794 1833 et
2826 1790 2907 1835 ter
2937 1792 3140 1836 vestem
3193 1785 3420 1841 naribus
3453 1788 3624 1856 appli-

2027 1879 2181 1931 cans,
2230 1881 2320 1931 ne,
2365 1866 2490 1922 licet
2533 1869 2832 1938 respiraret
2867 1873 3090 1942 saepius,
3146 1886 3462 1945 corruptum
3521 1895 3623 1935 uo-

2029 1956 2287 2025 xiumque
2344 1973 2524 2012 aerem
2555 1962 2880 2026 attraheret,
2931 1967 3024 2018 sed
3087 1981 3268 2022 aerem
3328 1967 3530 2024 bonum
3559 1981 3620 2025 et

2027 2049 2344 2113 salutarem,
2389 2066 2548 2120 quem
2578 2046 2798 2109 aliunde
2845 2057 3144 2113 adduxerat
3194 2059 3246 2114 in
3295 2070 3444 2115 veste
3481 2075 3621 2117 con-

2028 2142 2286 2208 cludens,
2344 2143 2621 2213 ingressus
2679 2155 2764 2202 est
2832 2149 2883 2201 iu
2941 2149 3251 2220 speluncam
3310 2162 3612 2210 scatentem

2029 2236 2220 2290 calidis
2248 2238 2424 2306 aquis,
2473 2253 2708 2308 sequens
2765 2254 2984 2310 semper
3036 2243 3234 2298 inviam
3271 2247 3614 2316 voraginem,

2027 2336 2082 2382 et
2131 2331 2196 2382 ad
2247 2329 2406 2385 linem
2467 2332 2761 2388 descensus
2813 2337 3080 2402 pervenit.
3122 2337 3219 2391 Via
3275 2341 3420 2392 enim
3467 2340 3617 2397 circa

2028 2417 2450 2488 profunditatem
2499 2426 2726 2493 abrupta
2769 2437 2885 2480 est:
2921 2434 2974 2480 at
3029 2437 3156 2482 tunc
3189 2427 3260 2482 ob
3314 2428 3617 2485 multitudi-

2029 2525 2148 2564 nem
2211 2528 2477 2582 aquarum
2537 2517 2702 2572 etiam
2754 2517 2961 2574 homini
3010 2520 3152 2576 invia
3197 2532 3334 2578 erat.
3383 2522 3489 2580 Sed
3525 2525 3620 2580 de-

2028 2616 2250 2657 scensor
2276 2604 2496 2663 fatidico
2548 2607 2732 2664 furore
2791 2624 3070 2680 correptus
3111 2614 3176 2669 ad
3215 2615 3376 2672 linem
3432 2632 3616 2674 acces-

2029 2696 2117 2750 sit.
2179 2697 2595 2764 Asclepiodotus
2646 2701 2809 2774 igitur
2859 2706 3121 2776 sapieutia
3177 2722 3274 2762 sua
3329 2709 3616 2766 incolumis

2036 2790 2159 2844 hinc
2217 2792 2410 2858 evasit,
2469 2793 2564 2848 scd
2593 2803 2647 2848 et
2678 2807 2859 2866 postea
2910 2799 3160 2866 spiritum
3221 2799 3409 2855 lethali
3465 2803 3620 2856 siuti-

2031 2881 2132 2936 lem
2161 2897 2192 2937 e
2222 2886 2386 2940 variis
2425 2887 2707 2955 speciebus
2745 2890 3080 2946 miscendum
3133 2893 3478 2962 excogitavit,
3514 2909 3614 2949 ne-

2030 2974 2236 3044 gligeus
2263 2987 2319 3029 et
2350 2976 2793 3046 philosophorum
2859 2983 3318 3054 s-.:cerdotumque
3345 2987 3611 3051 rationes,

2028 3066 2160 3119 nihil
2199 3081 2356 3122 secus
2407 3077 2569 3137 atque
2633 3067 2905 3140 Mysorum
2970 3071 3354 3148 Phrygemque
3414 3078 3610 3135 dicta:

2025 3159 2118 3213 sed
2164 3168 2340 3214 tamen
2391 3161 2661 3218 Patricius
2715 3178 2880 3219 ausus
2914 3164 3015 3220 fuit
3045 3169 3236 3223 eodem
3268 3181 3454 3226 contra
3486 3172 3612 3244 phi-

2023 3251 2376 3322 losophorum
2429 3254 2645 3310 decreta
2703 3271 2949 3329 pergere.
3003 3259 3256 3327 Quaedam
3293 3265 3459 3320 dixit:
3498 3264 3612 3334 Ego

2023 3345 2257 3411 agrestis
2300 3352 2356 3398 et
2415 3345 2614 3400 rustica
2663 3362 2805 3404 sum.
2861 3347 2966 3404 Sed
3025 3366 3254 3420 surgens
3286 3367 3317 3407 e
3367 3368 3606 3422 somno,

2024 3443 2078 3490 et
2109 3438 2364 3503 ittuitcus,
2399 3440 2597 3510 inquit,
2653 3443 2886 3497 scabello
2913 3483 2928 3509 ,
2971 3445 3146 3501 civilis
3179 3457 3234 3502 et
3279 3448 3448 3504 comis
3481 3446 3606 3512 fuit,

2023 3544 2128 3582 non
2164 3529 2337 3584 solum
2369 3533 2418 3584 iu
2451 3534 2618 3596 serio,
2663 3535 2758 3590 sed
2787 3535 2948 3589 etiam
2982 3538 3035 3590 in
3078 3537 3272 3608 puerili
3315 3539 3609 3609 aliquando

2022 3621 2312 3691 colloquio,
2370 3633 2431 3678 ut
2463 3623 2978 3692 etjucuudissimus
3039 3641 3163 3680 cum
3222 3629 3422 3697 quibus
3474 3645 3604 3686 ver-

2021 3722 2258 3779 saretur,
2320 3729 2442 3770 cum
2495 3716 2731 3770 utilitate
2768 3726 2932 3772 esset.
3002 3717 3168 3773 Deum
3237 3720 3511 3776 invocavit
3552 3722 3605 3776 in

2023 3807 2176 3874 gravi
2232 3807 2494 3875 periculo,
2527 3817 2586 3862 ut
2620 3817 2930 3865 cataractas
2983 3825 3249 3878 aquarum
3282 3828 3404 3884 qua:
3425 3813 3607 3868 adhuc

2025 3907 2318 3965 restarent,
2349 3899 2917 3956 amoveret.Uxoreut
2965 3904 3198 3960 vicinam
3248 3906 3429 3974 partui
3498 3921 3605 3962 nua

2018 3988 2266 4046 adduxit.
2331 3991 2521 4047 Adhuc
2572 3991 2624 4046 in
2664 3993 2869 4061 sponda
2915 3993 3116 4063 jacenti
3167 3994 3394 4064 contigit
3452 3995 3532 4052 iili
3573 4012 3607 4052 e

2017 4085 2246 4154 vestigio
2317 4084 2476 4137 Diceu
2536 4083 2743 4150 videre,
2798 4086 3074 4156 egregiam
3131 4087 3389 4156 puellam,
3448 4105 3612 4160 expe-

2015 4178 2204 4242 ditam,
2259 4175 2456 4249 3&5b
2519 4177 2704 4232 tunica
2756 4179 2874 4233 sine
2913 4177 3162 4246 manicis,
3211 4179 3337 4236 lutei
3385 4183 3606 4247 coloris,

2015 4278 2070 4322 et
2115 4270 2402 4339 purpureis
2443 4269 2614 4325 clavis
2647 4270 2985 4325 exstantibus
3039 4273 3346 4327 decoratam
3384 4288 3401 4329 :
3444 4285 3614 4344 caput

323 4360 530 4430 ὀχετῶν
581 4361 849 4430 ἀφέσεως.
890 4357 1056 4432 [1056
1087 4357 1181 4432 3.]
1225 4361 1485 4413 Ἑπίτεκα
1535 4359 1555 4390 ³
1593 4354 1760 4413 οὖσαν
1807 4357 1906 4428 τὴν

2028 4359 2148 4413 vitta
2173 4358 2419 4429 ligatum,
2453 4360 2572 4415 sine
2599 4360 2853 4425 amiculo,
2891 4362 3038 4414 vultu
3070 4362 3315 4416 nonnihil
3345 4379 3534 4420 severo
3550 4376 3610 4419 ct.

324 4452 575 4524 γαμετὴν
635 4451 962 4522 συνεπῆγεν.
1021 4451 1146 4506 Ἐπὶ¹
1186 4452 1285 4521 τῆς
1321 4450 1511 4522 κλίνης
1565 4450 1910 4522 ἀνακειμένῳ

325 4547 590 4617 ἐξαπίνης
605 4547 702 4617 τὴν
719 4546 872 4618 δίκην
889 4547 1018 4600 ίδεῖν
1038 4545 1258 4616 συνέϐη,
1273 4545 1535 4616 λαμπρὰν
1551 4543 1738 4613 κόρην,
1752 4542 1916 4607 εὑζω-

329 4659 454 4707 νον,
503 4640 726 4693 κολοϐὸν
776 4637 1382 4717 χιτῶνφμηλινόχρουν
1418 4639 1441 4668 ⁵
1496 4634 1910 4706 ἀνεζωσμένην,

327 4735 629 4804 πορφυροῖς
658 4731 886 4785 πλατέσι
919 4730 1204 4802 σημαδίοις
1254 4727 1688 4800 κεκοσμημένον,
1718 4725 1912 4780 ἀναδε-

323 4827 559 4896 δεμένην
586 4824 686 4896 μὲν
711 4825 809 4894 τὴν
830 4823 1070 4895 κεφαλὴν
1101 4821 1402 4892 ἀναδέσμῃ,
1431 4820 1646 4891 γυμνὴν
1674 4818 1732 4872 δὲ
1759 4835 1916 4887 περι-

325 4916 570 4982 ϐολαὶου,
614 4915 874 4988 βλοσυρόν
915 4932 969 4967 τι
1002 4913 1216 4986 δρῶσαν
1257 4911 1354 4966 καὶ
1398 4909 1870 4980 συνωφρυωμένον
1895 4948 1910 4974 ,

325 5009 446 5064 οὔτι
472 5025 536 5078 γε
581 5009 714 5079 πρὸς
750 5007 912 5063 αὑτὸν
938 5047 953 5071 ,
985 5007 1122 5060 ἀλλά
1161 5005 1298 5076 πρὸς
1326 5005 1348 5036 ⁵
1401 5003 1502 5074 τὴν
1530 5001 1757 5058 εἴσοδον.
1786 4999 1912 5054 Ὀτι

340 5102 793 5175 Ἀσκληπιόδοτος
842 5102 886 5190 6.
927 5100 1235 5171 φιλόσοφος,
1276 5099 1305 5152 6
1352 5096 1596 5169 Πρόκλου
1644 5093 1918 5165 μαθητὴς,

2025 4451 2201 4506 fronte
2226 4461 2531 4507 contracta.
2575 4451 2690 4507 Non
2720 4452 2920 4522 aliquid
2948 4453 3013 4506 ad
3041 4453 3211 4516 illum,
3236 4455 3328 4509 sed
3355 4463 3408 4509 et
3433 4455 3498 4510 ad
3523 4456 3610 4512 iu-

2024 4546 2267 4599 troitum.
2295 4541 2709 4614 Asclepiodotus
2747 4544 2921 4600 Procli
2960 4546 3275 4616 discipulus,
3299 4547 3351 4602 iu
3380 4551 3620 4606 summis

2026 4635 2265 4690 tenebris
2295 4636 2412 4689 sine
2445 4634 2649 4688 lumine
2682 4634 2827 4704 legit,
2853 4642 3204 4704 astantesque
3240 4636 3485 4710 homines
3523 4636 3617 4692 di-

2023 4727 2231 4795 guovit.
2255 4724 2560 4796 Aliquando
2590 4725 2773 4794 itaque
2795 4725 2848 4780 in
2881 4725 3038 4781 Caria
3078 4728 3157 4780 ait
3184 4742 3244 4782 se
3277 4737 3439 4798 caput
3479 4728 3608 4782 dra-

2021 4820 2177 4876 conis
2201 4820 2252 4873 in
2279 4835 2466 4891 agrum
2487 4818 2706 4892 Pytheze
2723 4821 2876 4875 Caris
2891 4819 3112 4886 cadens,
3130 4832 3186 4877 et
3209 4821 3429 4876 allatum
3452 4837 3482 4877 a
3505 4821 3616 4895 Py-

2025 4911 2148 4964 thea
2182 4911 2324 4980 ipso,
2355 4912 2724 4978 magnitudine
2789 4912 3008 4966 maximi
3061 4913 3261 4968 taurini
3289 4916 3484 4984 capitis
3531 4917 3618 4973 vi-

2026 5001 2192 5056 disse.
2224 5001 2594 5056 Refertetiam
2647 5003 3090 5073 Asclepiodotum
3121 5007 3322 5063 vidisse
3347 5017 3396 5063 et
3430 5009 3618 5064 vivum

2027 5096 2314 5151 draconem
2338 5095 2624 5150 sublimem
2653 5097 2704 5151 iu
2724 5111 2848 5154 aere
2867 5108 3200 5167 concretum,
3229 5115 3259 5156 a
3283 5111 3444 5157 vento
3473 5117 3616 5159 con-

1630 5292 1870 5350 VARl/E
1912 5291 2318 5350 LECTIONES.

399 5416 448 5450 ”
474 5417 542 5471 de
573 5417 715 5472 DOro
730 5417 854 5472 vide
881 5415 1100 5472 Suidam
1133 5415 1188 5469 It.
1215 5429 1269 5468 ν.
1344 5412 1390 5447 ⁸⁸
1414 5410 1758 5481 καλουμένην
1792 5410 1851 5464 Β.
1900 5410 1972 5483 ,⁸⁸
2003 5427 2062 5463 τε
2088 5425 2225 5483 ‘om.
2252 5407 2315 5464 Β.
2367 5410 2439 5483 _"
2467 5406 2802 5483 λυμαντικὸν
2830 5407 2968 5483 ἀέρα
2998 5408 3094 5483 καὶ
3116 5408 3512 5483 διεφθαρμένον
3539 5411 3606 5468 Β.

328 5487 698 5570 "essem
727 5487 824 5570 ,ίὲν
885 5487 1138 5570 issam
1172 5493 1257 5570 ς,.η
1283 5484 1645 5570 οοετθσιρ).Α;

1745 5483 1792 5516 ³⁸
1819 5481 1956 5551 πρὸς
1988 5483 2048 5534 τὸ
2082 5479 2132 5550 β.
2164 5497 2222 5544 ς.

2337 5481 2384 5514 ⁹⁹
2415 5479 2731 5554 κριταϐάτης
2779 5497 2837 5544 ς.
2904 5479 2909 5480 “
2942 5481 2959 5554 ξ
2995 5481 3084 5554 _cf.
3115 5479 3387 5554 Sui_das'v.
3417 5483 3606 5554 Χωρὶς

328 5493 374 5520 ’⁷
401 5493 698 5558 ἀπερράγη
764 5493 824 5550 Β,
885 5493 1138 5559 ἀπεραγη
1223 5502 1257 5553 η
1283 5493 1552 5546 correctO)
1580 5493 1645 5535 A.
1745 5493 1792 5516 "
1819 5493 1956 5551 προς
1988 5493 2048 5534 τὸ
2082 5493 2132 5550 p.
2164 5497 2222 5544 ς.
2337 5493 2384 5514 ν’
2415 5493 2731 5568 κειταοατης
2779 5497 2837 5544 ς.
2942 5493 2958 5512 ι
3013 5493 3084 5535 ct.
3115 5493 3311 5536 sumas
3337 5497 3387 5536 v.
3417 5493 3606 5554 Ᾱωρις

326 5559 400 5612 τὰ
423 5557 651 5612 Μυσῶν.
727 5559 748 5590 ³
775 5557 1063 5627 ὀπισθίων]
1096 5493 1305 5610 militum
1425 5623 1463 5627 __
1481 5553 1776 5627 finieszg
1795 5549 1962 5627 οὖσαν
1985 5567 2131 5627 Διηεη
2159 5549 2394 5606 ἐπίτοκα
2410 5566 2579 5604 ουσαν
2613 5549 2678 5618 (κ,
2708 5549 3238 5606 ἓπειτακλάουσανΒ
3272 5563 3328 5609 et
3353 5567 3505 5609 corr.
3533 5557 3608 5608 Α.

322 5626 350 5662 ⁸
375 5627 721 5702 μιλινόχρουν
746 5629 792 5684 Α
819 5648 830 5684 :
865 5621 1203 5701 μιλινόχρουν
1225 5643 1285 5690 ς.
1363 5626 1383 5656 ⁸
1413 5622 1550 5678 ἀλλὰ
1576 5624 1711 5694 πρὸς
1746 5624 1786 5677 Β
1819 5642 1832 5679 :
1874 5622 2008 5677 ἀλλά
2031 5621 2121 5675 καί
2153 5638 2212 5684 ς.
