  <div class='ocr_page' id='page_1' title='image "/cluster/home/n/w/nwhite01/storage/ocr_20150623/103 pt.3/mdp.39015061933738/659.png"; bbox 0 0 3990 6232; ppageno 0'>
   <div class='ocr_carea' id='block_1_1' title="bbox 371 179 517 246">
    <p class='ocr_par' dir='ltr' id='par_1_1' title="bbox 371 179 517 246">
     <span class='ocr_line' id='line_1_1' title="bbox 371 179 517 246; baseline -0.021 0"><span class='ocrx_word' id='word_1_1' title='bbox 371 179 517 246; x_wconf 72' lang='lat'><strong>1283</strong></span> 
     </span>
    </p>
   </div>
   <div class='ocr_carea' id='block_1_2' title="bbox 1437 173 2377 238">
    <p class='ocr_par' dir='ltr' id='par_1_2' title="bbox 1437 173 2377 238">
     <span class='ocr_line' id='line_1_2' title="bbox 1437 173 2377 238; baseline -0.005 -1"><span class='ocrx_word' id='word_1_2' title='bbox 1437 175 1702 237; x_wconf 88' lang='lat' dir='ltr'><strong>PHOTII</strong></span> <span class='ocrx_word' id='word_1_3' title='bbox 1724 173 2237 238; x_wconf 77' lang='lat' dir='ltr'><strong>PATRIARCIL‘E</strong></span> <span class='ocrx_word' id='word_1_4' title='bbox 2268 174 2377 234; x_wconf 89' lang='lat' dir='ltr'><strong>CP.</strong></span> 
     </span>
    </p>
   </div>
   <div class='ocr_carea' id='block_1_3' title="bbox 3488 163 3635 229">
    <p class='ocr_par' dir='ltr' id='par_1_3' title="bbox 3488 163 3635 229">
     <span class='ocr_line' id='line_1_3' title="bbox 3488 163 3635 229; baseline 0.014 -2"><span class='ocrx_word' id='word_1_5' title='bbox 3488 163 3635 229; x_wconf 70' lang='grc'>1284</span> 
     </span>
    </p>
   </div>
   <div class='ocr_carea' id='block_1_4' title="bbox 372 274 1958 363">
    <p class='ocr_par' dir='ltr' id='par_1_4' title="bbox 372 286 1949 363">
     <span class='ocr_line' id='line_1_4' title="bbox 372 286 1949 363; baseline -0.007 -11"><span class='ocrx_word' id='word_1_6' title='bbox 372 302 612 363; x_wconf 89' lang='lat' dir='ltr'><strong>ceptum,</strong></span> <span class='ocrx_word' id='word_1_7' title='bbox 656 290 887 347; x_wconf 85' lang='lat' dir='ltr'><strong>nubibus</strong></span> <span class='ocrx_word' id='word_1_8' title='bbox 926 287 1270 344; x_wconf 86' lang='lat' dir='ltr'><strong>condensatis</strong></span> <span class='ocrx_word' id='word_1_9' title='bbox 1307 286 1637 344; x_wconf 86' lang='lat' dir='ltr'><strong>immobilem</strong></span> <span class='ocrx_word' id='word_1_10' title='bbox 1673 300 1841 352; x_wconf 85' lang='lat' dir='ltr'><strong>stare,</strong></span> <span class='ocrx_word' id='word_1_11' title='bbox 1893 297 1949 342; x_wconf 90' lang='lat' dir='ltr'><strong>et</strong></span> 
     </span>
    </p>
   </div>
   <div class='ocr_carea' id='block_1_5' title="bbox 2062 274 3643 363">
    <p class='ocr_par' dir='ltr' id='par_1_5' title="bbox 2062 274 3643 353">
     <span class='ocr_line' id='line_1_5' title="bbox 2062 274 3643 353; baseline -0.004 -16"><span class='ocrx_word' id='word_1_12' title='bbox 2062 285 2108 338; x_wconf 73' lang='grc' dir='ltr'>ὲν</span> <span class='ocrx_word' id='word_1_13' title='bbox 2144 283 2321 353; x_wconf 84' lang='grc' dir='ltr'><strong>σκότῳ</strong></span> <span class='ocrx_word' id='word_1_14' title='bbox 2371 279 2529 353; x_wconf 88' lang='grc' dir='ltr'>βαθεῖ</span> <span class='ocrx_word' id='word_1_15' title='bbox 2552 275 2858 352; x_wconf 88' lang='grc' dir='ltr'>γράμματά</span> <span class='ocrx_word' id='word_1_16' title='bbox 2897 293 2956 331; x_wconf 89' lang='grc' dir='ltr'><strong>τε</strong></span> <span class='ocrx_word' id='word_1_17' title='bbox 2988 274 3372 345; x_wconf 71' lang='grc' dir='ltr'><strong>ἀνεγίνωσκεν,</strong></span> <span class='ocrx_word' id='word_1_18' title='bbox 3406 279 3573 348; x_wconf 74' lang='grc' dir='ltr'>φησὶν</span> <span class='ocrx_word' id='word_1_19' title='bbox 3596 278 3643 343; x_wconf 81' lang='grc'>⁸,</span> 
     </span>
    </p>
   </div>
   <div class='ocr_carea' id='block_1_6' title="bbox 379 379 1949 454">
    <p class='ocr_par' dir='ltr' id='par_1_6' title="bbox 379 379 1949 454">
     <span class='ocr_line' id='line_1_6' title="bbox 379 379 1949 454; baseline -0.001 -17"><span class='ocrx_word' id='word_1_20' title='bbox 379 384 555 440; x_wconf 83' lang='lat' dir='ltr'><strong>instar</strong></span> <span class='ocrx_word' id='word_1_21' title='bbox 599 383 781 454; x_wconf 91' lang='lat' dir='ltr'><strong>magni</strong></span> <span class='ocrx_word' id='word_1_22' title='bbox 815 381 960 437; x_wconf 92' lang='lat' dir='ltr'><strong>conti</strong></span> <span class='ocrx_word' id='word_1_23' title='bbox 1001 389 1304 435; x_wconf 81' lang='lat' dir='ltr'><strong>extensum.</strong></span> <span class='ocrx_word' id='word_1_24' title='bbox 1361 379 1513 436; x_wconf 90' lang='lat' dir='ltr'><strong>Hunc</strong></span> <span class='ocrx_word' id='word_1_25' title='bbox 1549 381 1733 451; x_wconf 89' lang='lat' dir='ltr'><strong>itaque</strong></span> <span class='ocrx_word' id='word_1_26' title='bbox 1784 391 1839 435; x_wconf 88' lang='lat' dir='ltr'><strong>et</strong></span> <span class='ocrx_word' id='word_1_27' title='bbox 1869 380 1949 435; x_wconf 84' lang='lat' dir='ltr'><strong>vi-</strong></span> 
     </span>
    </p>
   </div>
   <div class='ocr_carea' id='block_1_7' title="bbox 377 473 1954 542">
    <p class='ocr_par' dir='ltr' id='par_1_7' title="bbox 377 473 1954 542">
     <span class='ocr_line' id='line_1_7' title="bbox 377 473 1954 542; baseline -0.004 -13"><span class='ocrx_word' id='word_1_28' title='bbox 377 476 546 540; x_wconf 82' lang='lat' dir='ltr'><strong>disse,</strong></span> <span class='ocrx_word' id='word_1_29' title='bbox 575 475 985 542; x_wconf 84' lang='lat' dir='ltr'><strong>astantibusque</strong></span> <span class='ocrx_word' id='word_1_30' title='bbox 1019 483 1343 540; x_wconf 89' lang='lat' dir='ltr'><strong>montrasse,</strong></span> <span class='ocrx_word' id='word_1_31' title='bbox 1373 487 1604 542; x_wconf 89' lang='lat' dir='ltr'><strong>cumque</strong></span> <span class='ocrx_word' id='word_1_32' title='bbox 1635 473 1808 528; x_wconf 90' lang='lat' dir='ltr'><strong>nubes</strong></span> <span class='ocrx_word' id='word_1_33' title='bbox 1839 487 1954 525; x_wconf 89' lang='lat' dir='ltr'><strong>ma-</strong></span> 
     </span>
    </p>
   </div>
   <div class='ocr_carea' id='block_1_8' title="bbox 378 562 1950 634">
    <p class='ocr_par' dir='ltr' id='par_1_8' title="bbox 378 562 1950 634">
     <span class='ocr_line' id='line_1_8' title="bbox 378 562 1950 634; baseline -0.001 -17"><span class='ocrx_word' id='word_1_34' title='bbox 378 566 462 633; x_wconf 86' lang='lat' dir='ltr'><strong>gis</strong></span> <span class='ocrx_word' id='word_1_35' title='bbox 527 564 809 634; x_wconf 80' lang='lat' dir='ltr'><strong>magisque</strong></span> <span class='ocrx_word' id='word_1_36' title='bbox 868 562 1328 632; x_wconf 88' lang='lat' dir='ltr'><strong>constiparentur,</strong></span> <span class='ocrx_word' id='word_1_37' title='bbox 1388 562 1561 617; x_wconf 80' lang='lat' dir='ltr'><strong>feram</strong></span> <span class='ocrx_word' id='word_1_38' title='bbox 1642 563 1950 618; x_wconf 86' lang='lat' dir='ltr'><strong>evanuisse.</strong></span> 
     </span>
    </p>
   </div>
   <div class='ocr_carea' id='block_1_9' title="bbox 379 654 1955 727">
    <p class='ocr_par' dir='ltr' id='par_1_9' title="bbox 379 654 1955 727">
     <span class='ocr_line' id='line_1_9' title="bbox 379 654 1955 727; baseline -0.001 -18"><span class='ocrx_word' id='word_1_39' title='bbox 379 655 624 710; x_wconf 83' lang='lat' dir='ltr'><strong>Marinus</strong></span> <span class='ocrx_word' id='word_1_40' title='bbox 660 655 799 727; x_wconf 71' lang='lat'><strong>(18),</strong></span> <span class='ocrx_word' id='word_1_41' title='bbox 828 655 1022 723; x_wconf 77' lang='lat' dir='ltr'><strong>inquit,</strong></span> <span class='ocrx_word' id='word_1_42' title='bbox 1077 654 1249 710; x_wconf 83' lang='lat' dir='ltr'><strong>l’rocli</strong></span> <span class='ocrx_word' id='word_1_43' title='bbox 1298 671 1598 718; x_wconf 90' lang='lat' dir='ltr'><strong>successor,</strong></span> <span class='ocrx_word' id='word_1_44' title='bbox 1630 670 1803 725; x_wconf 86' lang='lat' dir='ltr'><strong>genus</strong></span> <span class='ocrx_word' id='word_1_45' title='bbox 1856 656 1955 710; x_wconf 87' lang='lat' dir='ltr'><strong>du—</strong></span> 
     </span>
    </p>
   </div>
   <div class='ocr_carea' id='block_1_10' title="bbox 378 744 1956 816">
    <p class='ocr_par' dir='ltr' id='par_1_10' title="bbox 378 744 1956 816">
     <span class='ocr_line' id='line_1_10' title="bbox 378 744 1956 816; baseline 0.002 -17"><span class='ocrx_word' id='word_1_46' title='bbox 378 745 540 799; x_wconf 86' lang='lat' dir='ltr'><strong>cebat</strong></span> <span class='ocrx_word' id='word_1_47' title='bbox 596 744 815 816; x_wconf 81' lang='lat' dir='ltr'><strong>Neapoli</strong></span> <span class='ocrx_word' id='word_1_48' title='bbox 871 745 923 799; x_wconf 93' lang='lat' dir='ltr'><strong>in</strong></span> <span class='ocrx_word' id='word_1_49' title='bbox 978 745 1298 811; x_wconf 66' lang='lat' dir='ltr'><strong>Palaestina,</strong></span> <span class='ocrx_word' id='word_1_50' title='bbox 1348 747 1502 816; x_wconf 82' lang='lat' dir='ltr'><strong>juxta</strong></span> <span class='ocrx_word' id='word_1_51' title='bbox 1567 757 1801 803; x_wconf 88' lang='lat' dir='ltr'><strong>montem</strong></span> <span class='ocrx_word' id='word_1_52' title='bbox 1864 745 1956 802; x_wconf 90' lang='lat' dir='ltr'><strong>cui</strong></span> 
     </span>
    </p>
   </div>
   <div class='ocr_carea' id='block_1_11' title="bbox 377 835 1955 907">
    <p class='ocr_par' dir='ltr' id='par_1_11' title="bbox 377 835 1955 907">
     <span class='ocr_line' id='line_1_11' title="bbox 377 835 1955 907; baseline 0.001 -17"><span class='ocrx_word' id='word_1_53' title='bbox 377 851 572 892; x_wconf 81' lang='lat' dir='ltr'><strong>nomen</strong></span> <span class='ocrx_word' id='word_1_54' title='bbox 624 835 952 906; x_wconf 82' lang='lat' dir='ltr'><strong>llargarizus</strong></span> <span class='ocrx_word' id='word_1_55' title='bbox 983 836 1117 904; x_wconf 77' lang='lat' dir='ltr'><strong>(l9).</strong></span> <span class='ocrx_word' id='word_1_56' title='bbox 1155 836 1357 891; x_wconf 81' lang='lat' dir='ltr'><strong>Deinde</strong></span> <span class='ocrx_word' id='word_1_57' title='bbox 1409 836 1814 907; x_wconf 85' lang='lat' dir='ltr'><strong>blasphemans,</strong></span> <span class='ocrx_word' id='word_1_58' title='bbox 1851 838 1955 891; x_wconf 91' lang='lat' dir='ltr'><strong>im-</strong></span> 
     </span>
    </p>
   </div>
   <div class='ocr_carea' id='block_1_12' title="bbox 377 926 1958 998">
    <p class='ocr_par' dir='ltr' id='par_1_12' title="bbox 377 926 1958 998">
     <span class='ocr_line' id='line_1_12' title="bbox 377 926 1958 998; baseline 0.003 -19"><span class='ocrx_word' id='word_1_59' title='bbox 377 927 520 996; x_wconf 90' lang='lat' dir='ltr'><strong>pius,</strong></span> <span class='ocrx_word' id='word_1_60' title='bbox 585 927 782 996; x_wconf 83' lang='lat' dir='ltr'><strong>inquit,</strong></span> <span class='ocrx_word' id='word_1_61' title='bbox 828 926 921 982; x_wconf 91' lang='lat' dir='ltr'><strong>ille</strong></span> <span class='ocrx_word' id='word_1_62' title='bbox 966 929 1201 997; x_wconf 84' lang='lat' dir='ltr'><strong>scriptor</strong></span> <span class='ocrx_word' id='word_1_63' title='bbox 1253 927 1435 983; x_wconf 84' lang='lat' dir='ltr'><strong>addit:</strong></span> <span class='ocrx_word' id='word_1_64' title='bbox 1493 927 1551 983; x_wconf 89' lang='lat' dir='ltr'><strong>In</strong></span> <span class='ocrx_word' id='word_1_65' title='bbox 1605 943 1714 998; x_wconf 93' lang='lat' dir='ltr'><strong>quo</strong></span> <span class='ocrx_word' id='word_1_66' title='bbox 1776 937 1958 983; x_wconf 90' lang='lat' dir='ltr'><strong>monte</strong></span> 
     </span>
    </p>
   </div>
   <div class='ocr_carea' id='block_1_13' title="bbox 376 1013 1959 1086">
    <p class='ocr_par' dir='ltr' id='par_1_13' title="bbox 376 1013 1959 1086">
     <span class='ocr_line' id='line_1_13' title="bbox 376 1013 1959 1086; baseline 0.003 -17"><span class='ocrx_word' id='word_1_67' title='bbox 376 1014 525 1069; x_wconf 82' lang='lat' dir='ltr'><strong>Jovis</strong></span> <span class='ocrx_word' id='word_1_68' title='bbox 566 1013 765 1069; x_wconf 90' lang='lat' dir='ltr'><strong>summi</strong></span> <span class='ocrx_word' id='word_1_69' title='bbox 808 1016 1238 1071; x_wconf 87' lang='lat' dir='ltr'><strong>sacratissimum</strong></span> <span class='ocrx_word' id='word_1_70' title='bbox 1313 1015 1569 1086; x_wconf 88' lang='lat' dir='ltr'><strong>templum</strong></span> <span class='ocrx_word' id='word_1_71' title='bbox 1629 1026 1733 1084; x_wconf 91' lang='lat' dir='ltr'><strong>est,</strong></span> <span class='ocrx_word' id='word_1_72' title='bbox 1783 1017 1855 1072; x_wconf 89' lang='lat' dir='ltr'><strong>ibi</strong></span> <span class='ocrx_word' id='word_1_73' title='bbox 1904 1026 1959 1073; x_wconf 88' lang='lat' dir='ltr'><strong>et</strong></span> 
     </span>
    </p>
   </div>
   <div class='ocr_carea' id='block_1_14' title="bbox 375 1106 1958 1177">
    <p class='ocr_par' dir='ltr' id='par_1_14' title="bbox 375 1106 1958 1177">
     <span class='ocr_line' id='line_1_14' title="bbox 375 1106 1958 1177; baseline 0.003 -16"><span class='ocrx_word' id='word_1_74' title='bbox 375 1108 649 1162; x_wconf 81' lang='lat' dir='ltr'><strong>Abraham</strong></span> <span class='ocrx_word' id='word_1_75' title='bbox 698 1106 812 1177; x_wconf 66' lang='lat'><strong>(20)</strong></span> <span class='ocrx_word' id='word_1_76' title='bbox 846 1107 1057 1176; x_wconf 78' lang='lat' dir='ltr'><strong>primus</strong></span> <span class='ocrx_word' id='word_1_77' title='bbox 1114 1109 1461 1177; x_wconf 88' lang='lat' dir='ltr'><strong>antiquorum</strong></span> <span class='ocrx_word' id='word_1_78' title='bbox 1512 1107 1820 1163; x_wconf 73' lang='lat' dir='ltr'><strong>Judzeorum</strong></span> <span class='ocrx_word' id='word_1_79' title='bbox 1866 1124 1958 1165; x_wconf 83' lang='lat' dir='ltr'><strong>sa-</strong></span> 
     </span>
    </p>
   </div>
   <div class='ocr_carea' id='block_1_15' title="bbox 376 1199 1959 1263">
    <p class='ocr_par' dir='ltr' id='par_1_15' title="bbox 376 1199 1959 1263">
     <span class='ocr_line' id='line_1_15' title="bbox 376 1199 1959 1263; baseline 0.001 -11"><span class='ocrx_word' id='word_1_80' title='bbox 376 1207 560 1253; x_wconf 89' lang='lat' dir='ltr'><strong>cratus</strong></span> <span class='ocrx_word' id='word_1_81' title='bbox 605 1199 727 1263; x_wconf 82' lang='lat' dir='ltr'><strong>fuit,</strong></span> <span class='ocrx_word' id='word_1_82' title='bbox 761 1209 819 1253; x_wconf 93' lang='lat' dir='ltr'><strong>ut</strong></span> <span class='ocrx_word' id='word_1_83' title='bbox 849 1200 987 1254; x_wconf 86' lang='lat' dir='ltr'><strong>idem</strong></span> <span class='ocrx_word' id='word_1_84' title='bbox 1036 1200 1169 1254; x_wconf 82' lang='lat' dir='ltr'><strong>dixit</strong></span> <span class='ocrx_word' id='word_1_85' title='bbox 1253 1199 1517 1255; x_wconf 80' lang='lat' dir='ltr'><strong>Marinus.</strong></span> <span class='ocrx_word' id='word_1_86' title='bbox 1580 1199 1959 1254; x_wconf 79' lang='lat' dir='ltr'><strong>Samaritanus</strong></span> 
     </span>
    </p>
   </div>
   <div class='ocr_carea' id='block_1_16' title="bbox 378 1288 1957 1358">
    <p class='ocr_par' dir='ltr' id='par_1_16' title="bbox 378 1288 1957 1358">
     <span class='ocr_line' id='line_1_16' title="bbox 378 1288 1957 1358; baseline 0 -15"><span class='ocrx_word' id='word_1_87' title='bbox 378 1288 536 1343; x_wconf 86' lang='lat' dir='ltr'><strong>initio</strong></span> <span class='ocrx_word' id='word_1_88' title='bbox 576 1288 752 1344; x_wconf 84' lang='lat' dir='ltr'><strong>factus</strong></span> <span class='ocrx_word' id='word_1_89' title='bbox 794 1304 913 1345; x_wconf 90' lang='lat' dir='ltr'><strong>cum</strong></span> <span class='ocrx_word' id='word_1_90' title='bbox 945 1300 1094 1345; x_wconf 88' lang='lat' dir='ltr'><strong>esset</strong></span> <span class='ocrx_word' id='word_1_91' title='bbox 1126 1289 1385 1355; x_wconf 85' lang='lat' dir='ltr'><strong>Marinus,</strong></span> <span class='ocrx_word' id='word_1_92' title='bbox 1417 1305 1602 1345; x_wconf 89' lang='lat' dir='ltr'><strong>eorum</strong></span> <span class='ocrx_word' id='word_1_93' title='bbox 1648 1290 1957 1358; x_wconf 92' lang='lat' dir='ltr'><strong>opinionem</strong></span> 
     </span>
    </p>
   </div>
   <div class='ocr_carea' id='block_1_17' title="bbox 2054 364 3648 443">
    <p class='ocr_par' dir='ltr' id='par_1_17' title="bbox 2054 364 3648 443">
     <span class='ocr_line' id='line_1_17' title="bbox 2054 364 3648 443; baseline -0.006 -14"><span class='ocrx_word' id='word_1_94' title='bbox 2054 374 2183 430; x_wconf 76' lang='grc' dir='ltr'>ἄνευ</span> <span class='ocrx_word' id='word_1_95' title='bbox 2243 366 2421 443; x_wconf 71' lang='grc' dir='ltr'>φωτὸς</span> <span class='ocrx_word' id='word_1_96' title='bbox 2491 373 2587 425; x_wconf 64' lang='grc' dir='ltr'><strong>καὶ⁵</strong></span> <span class='ocrx_word' id='word_1_97' title='bbox 2669 371 2795 433; x_wconf 83' lang='grc' dir='ltr'>τοὺς</span> <span class='ocrx_word' id='word_1_98' title='bbox 2846 368 3120 438; x_wconf 64' lang='grc' dir='ltr'>παρόντας</span> <span class='ocrx_word' id='word_1_99' title='bbox 3173 365 3302 439; x_wconf 71' lang='grc'><strong>[562</strong></span> <span class='ocrx_word' id='word_1_100' title='bbox 3370 364 3466 438; x_wconf 83' lang='grc' dir='ltr'><strong>Η.]</strong></span> <span class='ocrx_word' id='word_1_101' title='bbox 3532 366 3648 419; x_wconf 89' lang='grc' dir='ltr'><strong>τῶν</strong></span> 
     </span>
    </p>
   </div>
   <div class='ocr_carea' id='block_1_18' title="bbox 2057 457 3649 535">
    <p class='ocr_par' dir='ltr' id='par_1_18' title="bbox 2057 457 3649 535">
     <span class='ocr_line' id='line_1_18' title="bbox 2057 457 3649 535; baseline -0.007 -15"><span class='ocrx_word' id='word_1_102' title='bbox 2057 465 2363 535; x_wconf 80' lang='grc' dir='ltr'>ἀνθρώπιον</span> <span class='ocrx_word' id='word_1_103' title='bbox 2421 463 2761 531; x_wconf 86' lang='grc' dir='ltr'>διεγίνωσκε.</span> <span class='ocrx_word' id='word_1_104' title='bbox 2830 459 3088 530; x_wconf 83' lang='grc' dir='ltr'>Κεφαλὴν</span> <span class='ocrx_word' id='word_1_105' title='bbox 3138 457 3268 527; x_wconf 80' lang='grc' dir='ltr'>γοῦν</span> <span class='ocrx_word' id='word_1_106' title='bbox 3330 475 3458 512; x_wconf 78' lang='grc' dir='ltr'>ποτε</span> <span class='ocrx_word' id='word_1_107' title='bbox 3514 458 3649 529; x_wconf 85' lang='grc' dir='ltr'>δρα-</span> 
     </span>
    </p>
   </div>
   <div class='ocr_carea' id='block_1_19' title="bbox 2058 548 3647 625">
    <p class='ocr_par' dir='ltr' id='par_1_19' title="bbox 2058 548 3647 625">
     <span class='ocr_line' id='line_1_19' title="bbox 2058 548 3647 625; baseline -0.007 -13"><span class='ocrx_word' id='word_1_108' title='bbox 2058 558 2309 611; x_wconf 87' lang='grc' dir='ltr'>κοντείαν</span> <span class='ocrx_word' id='word_1_109' title='bbox 2368 556 2428 610; x_wconf 86' lang='grc' dir='ltr'><strong>ἐν</strong></span> <span class='ocrx_word' id='word_1_110' title='bbox 2487 554 2671 625; x_wconf 73' lang='grc' dir='ltr'>Καρίᾳ</span> <span class='ocrx_word' id='word_1_111' title='bbox 2735 552 2815 616; x_wconf 89' lang='grc' dir='ltr'><strong>είς</strong></span> <span class='ocrx_word' id='word_1_112' title='bbox 2882 551 3050 622; x_wconf 82' lang='grc' dir='ltr'>ἀγρὸν</span> <span class='ocrx_word' id='word_1_113' title='bbox 3103 548 3376 602; x_wconf 80' lang='grc' dir='ltr'><strong>πεσοῦσαν</strong></span> <span class='ocrx_word' id='word_1_114' title='bbox 3432 549 3647 601; x_wconf 81' lang='grc' dir='ltr'><strong>Πυθέου</strong></span> 
     </span>
    </p>
   </div>
   <div class='ocr_carea' id='block_1_20' title="bbox 2055 640 3648 718">
    <p class='ocr_par' dir='ltr' id='par_1_20' title="bbox 2055 640 3648 718">
     <span class='ocr_line' id='line_1_20' title="bbox 2055 640 3648 718; baseline -0.004 -17"><span class='ocrx_word' id='word_1_115' title='bbox 2055 646 2150 701; x_wconf 77' lang='grc' dir='ltr'>τοῦ</span> <span class='ocrx_word' id='word_1_116' title='bbox 2210 647 2428 718; x_wconf 77' lang='grc' dir='ltr'>Καρὸς,</span> <span class='ocrx_word' id='word_1_117' title='bbox 2485 646 2796 717; x_wconf 85' lang='grc' dir='ltr'>ἐνεχθεῖσαν</span> <span class='ocrx_word' id='word_1_118' title='bbox 2841 643 2899 697; x_wconf 88' lang='grc' dir='ltr'><strong>δέ</strong></span> <span class='ocrx_word' id='word_1_119' title='bbox 2950 642 3099 713; x_wconf 79' lang='grc' dir='ltr'><strong>αὐτῷ</strong></span> <span class='ocrx_word' id='word_1_120' title='bbox 3158 642 3238 711; x_wconf 84' lang='grc' dir='ltr'>τῷ</span> <span class='ocrx_word' id='word_1_121' title='bbox 3281 640 3497 712; x_wconf 79' lang='grc' dir='ltr'>Πυθέᾳ,</span> <span class='ocrx_word' id='word_1_122' title='bbox 3548 640 3648 695; x_wconf 73' lang='grc' dir='ltr'>καὶ</span> 
     </span>
    </p>
   </div>
   <div class='ocr_carea' id='block_1_21' title="bbox 2058 731 3648 810">
    <p class='ocr_par' dir='ltr' id='par_1_21' title="bbox 2058 731 3648 810">
     <span class='ocr_line' id='line_1_21' title="bbox 2058 731 3648 810; baseline -0.004 -15"><span class='ocrx_word' id='word_1_123' title='bbox 2058 741 2220 803; x_wconf 84' lang='grc' dir='ltr'>αὐτὸς</span> <span class='ocrx_word' id='word_1_124' title='bbox 2245 739 2350 810; x_wconf 77' lang='grc' dir='ltr'>ἔφη</span> <span class='ocrx_word' id='word_1_125' title='bbox 2373 738 2671 795; x_wconf 85' lang='grc' dir='ltr'>Θεάσασθαι</span> <span class='ocrx_word' id='word_1_126' title='bbox 2695 737 2924 808; x_wconf 82' lang='grc' dir='ltr'>μέγεθος</span> <span class='ocrx_word' id='word_1_127' title='bbox 2953 731 3118 790; x_wconf 80' lang='grc' dir='ltr'>οὖσαν</span> <span class='ocrx_word' id='word_1_128' title='bbox 3144 733 3348 806; x_wconf 81' lang='grc' dir='ltr'><strong>ταύρου</strong></span> <span class='ocrx_word' id='word_1_129' title='bbox 3384 733 3648 803; x_wconf 85' lang='grc' dir='ltr'>μεγίστου</span> 
     </span>
    </p>
   </div>
   <div class='ocr_carea' id='block_1_22' title="bbox 2059 825 3648 903">
    <p class='ocr_par' dir='ltr' id='par_1_22' title="bbox 2059 825 3648 903">
     <span class='ocr_line' id='line_1_22' title="bbox 2059 825 3648 903; baseline -0.006 -15"><span class='ocrx_word' id='word_1_130' title='bbox 2059 832 2203 889; x_wconf 84' lang='grc' dir='ltr'><strong>κατά</strong></span> <span class='ocrx_word' id='word_1_131' title='bbox 2252 831 2519 903; x_wconf 84' lang='grc' dir='ltr'>κεφαλήν.</span> <span class='ocrx_word' id='word_1_132' title='bbox 2580 831 2731 885; x_wconf 80' lang='grc' dir='ltr'>Ἰδεῖν</span> <span class='ocrx_word' id='word_1_133' title='bbox 2790 829 2847 883; x_wconf 85' lang='grc' dir='ltr'>δὲ</span> <span class='ocrx_word' id='word_1_134' title='bbox 2896 828 2987 881; x_wconf 88' lang='grc' dir='ltr'><strong>τδν</strong></span> <span class='ocrx_word' id='word_1_135' title='bbox 3035 825 3492 896; x_wconf 76' lang='grc' dir='ltr'>Ἀσκλτιιπιόδοτον</span> <span class='ocrx_word' id='word_1_136' title='bbox 3546 827 3648 881; x_wconf 81' lang='grc' dir='ltr'>καὶ</span> 
     </span>
    </p>
   </div>
   <div class='ocr_carea' id='block_1_23' title="bbox 2056 918 3647 994">
    <p class='ocr_par' dir='ltr' id='par_1_23' title="bbox 2056 918 3647 994">
     <span class='ocr_line' id='line_1_23' title="bbox 2056 918 3647 994; baseline -0.005 -16"><span class='ocrx_word' id='word_1_137' title='bbox 2056 923 2238 990; x_wconf 79' lang='grc' dir='ltr'>ζῶντα</span> <span class='ocrx_word' id='word_1_138' title='bbox 2267 923 2537 994; x_wconf 89' lang='grc' dir='ltr'>δράκοντα</span> <span class='ocrx_word' id='word_1_139' title='bbox 2583 919 2855 993; x_wconf 88' lang='grc' dir='ltr'>μετέωρον</span> <span class='ocrx_word' id='word_1_140' title='bbox 2895 919 2955 972; x_wconf 93' lang='grc' dir='ltr'><strong>ἐν</strong></span> <span class='ocrx_word' id='word_1_141' title='bbox 2999 918 3122 988; x_wconf 86' lang='grc' dir='ltr'><strong>ἀέρι</strong></span> <span class='ocrx_word' id='word_1_142' title='bbox 3171 919 3426 988; x_wconf 87' lang='grc' dir='ltr'>συννεφεῖ</span> <span class='ocrx_word' id='word_1_143' title='bbox 3459 933 3647 988; x_wconf 87' lang='grc' dir='ltr'>πεπη-</span> 
     </span>
    </p>
   </div>
   <div class='ocr_carea' id='block_1_24' title="bbox 2057 1013 3647 1088">
    <p class='ocr_par' dir='ltr' id='par_1_24' title="bbox 2057 1013 3647 1088">
     <span class='ocr_line' id='line_1_24' title="bbox 2057 1013 3647 1088; baseline -0.005 -15"><span class='ocrx_word' id='word_1_144' title='bbox 2057 1019 2193 1088; x_wconf 89' lang='grc' dir='ltr'>γότα</span> <span class='ocrx_word' id='word_1_145' title='bbox 2223 1020 2320 1072; x_wconf 77' lang='grc' dir='ltr'>καὶ</span> <span class='ocrx_word' id='word_1_146' title='bbox 2352 1014 2782 1088; x_wconf 78' lang='grc' dir='ltr'><strong>συνειλημμένον</strong></span> <span class='ocrx_word' id='word_1_147' title='bbox 2821 1014 2927 1067; x_wconf 82' lang='grc' dir='ltr'>ὑπὸ</span> <span class='ocrx_word' id='word_1_148' title='bbox 2954 1013 3050 1068; x_wconf 82' lang='grc' dir='ltr'><strong>τοῦ</strong></span> <span class='ocrx_word' id='word_1_149' title='bbox 3081 1014 3397 1083; x_wconf 80' lang='grc' dir='ltr'>πνεύματος</span> <span class='ocrx_word' id='word_1_150' title='bbox 3426 1056 3442 1075; x_wconf 89' lang='lat'><strong>,</strong></span> <span class='ocrx_word' id='word_1_151' title='bbox 3482 1014 3541 1068; x_wconf 91' lang='grc' dir='ltr'><strong>ἐν</strong></span> <span class='ocrx_word' id='word_1_152' title='bbox 3576 1016 3647 1086; x_wconf 77' lang='grc' dir='ltr'><strong>τῇ</strong></span> 
     </span>
    </p>
   </div>
   <div class='ocr_carea' id='block_1_25' title="bbox 2061 1103 3647 1178">
    <p class='ocr_par' dir='ltr' id='par_1_25' title="bbox 2061 1103 3647 1178">
     <span class='ocr_line' id='line_1_25' title="bbox 2061 1103 3647 1178; baseline -0.001 -18"><span class='ocrx_word' id='word_1_153' title='bbox 2061 1107 2358 1178; x_wconf 77' lang='grc' dir='ltr'>πυκνότητι</span> <span class='ocrx_word' id='word_1_154' title='bbox 2380 1106 2491 1160; x_wconf 88' lang='grc' dir='ltr'><strong>τῶν</strong></span> <span class='ocrx_word' id='word_1_155' title='bbox 2519 1105 2698 1176; x_wconf 86' lang='grc' dir='ltr'>νεφῶν</span> <span class='ocrx_word' id='word_1_156' title='bbox 2722 1103 2980 1174; x_wconf 90' lang='grc' dir='ltr'>ἀκίνητον</span> <span class='ocrx_word' id='word_1_157' title='bbox 3010 1105 3243 1171; x_wconf 79' lang='grc' dir='ltr'>ἑστῶτα,</span> <span class='ocrx_word' id='word_1_158' title='bbox 3273 1104 3397 1157; x_wconf 75' lang='grc' dir='ltr'>ὅσον</span> <span class='ocrx_word' id='word_1_159' title='bbox 3421 1103 3486 1174; x_wconf 82' lang='grc' dir='ltr'>δὴ</span> <span class='ocrx_word' id='word_1_160' title='bbox 3515 1121 3647 1158; x_wconf 82' lang='grc' dir='ltr'>κον·</span> 
     </span>
    </p>
   </div>
   <div class='ocr_carea' id='block_1_26' title="bbox 2059 1192 3651 1266">
    <p class='ocr_par' dir='ltr' id='par_1_26' title="bbox 2059 1192 3651 1266">
     <span class='ocr_line' id='line_1_26' title="bbox 2059 1192 3651 1266; baseline -0.001 -18"><span class='ocrx_word' id='word_1_161' title='bbox 2059 1196 2151 1248; x_wconf 88' lang='grc' dir='ltr'><strong>τόν</strong></span> <span class='ocrx_word' id='word_1_162' title='bbox 2182 1213 2305 1250; x_wconf 84' lang='grc' dir='ltr'>τινα</span> <span class='ocrx_word' id='word_1_163' title='bbox 2337 1196 2512 1266; x_wconf 86' lang='grc' dir='ltr'>μέγαν</span> <span class='ocrx_word' id='word_1_164' title='bbox 2547 1192 2983 1266; x_wconf 71' lang='grc' dir='ltr'>ἀποτεταμένον.</span> <span class='ocrx_word' id='word_1_165' title='bbox 3040 1195 3194 1248; x_wconf 86' lang='grc' dir='ltr'>Ἰδεῖν</span> <span class='ocrx_word' id='word_1_166' title='bbox 3223 1212 3281 1248; x_wconf 86' lang='grc' dir='ltr'><strong>τε</strong></span> <span class='ocrx_word' id='word_1_167' title='bbox 3309 1194 3519 1259; x_wconf 79' lang='grc' dir='ltr'>τοῦτον,</span> <span class='ocrx_word' id='word_1_168' title='bbox 3551 1195 3651 1248; x_wconf 78' lang='grc' dir='ltr'>καὶ</span> 
     </span>
    </p>
   </div>
   <div class='ocr_carea' id='block_1_27' title="bbox 2062 1283 3652 1356">
    <p class='ocr_par' dir='ltr' id='par_1_27' title="bbox 2062 1283 3652 1356">
     <span class='ocr_line' id='line_1_27' title="bbox 2062 1283 3652 1356; baseline 0.001 -19"><span class='ocrx_word' id='word_1_169' title='bbox 2062 1284 2328 1349; x_wconf 79' lang='grc' dir='ltr'>ἐπιδεῖξαι</span> <span class='ocrx_word' id='word_1_170' title='bbox 2352 1286 2581 1350; x_wconf 77' lang='grc' dir='ltr'>καὶτοῖς</span> <span class='ocrx_word' id='word_1_171' title='bbox 2604 1284 2860 1356; x_wconf 83' lang='grc' dir='ltr'>παροῦσι,</span> <span class='ocrx_word' id='word_1_172' title='bbox 2883 1283 3281 1339; x_wconf 87' lang='grc' dir='ltr'>πυκνωθέντων</span> <span class='ocrx_word' id='word_1_173' title='bbox 3309 1285 3366 1338; x_wconf 90' lang='grc' dir='ltr'><strong>δέ</strong></span> <span class='ocrx_word' id='word_1_174' title='bbox 3398 1284 3489 1338; x_wconf 63' lang='grc' dir='ltr'><strong>ἐπὶ¹</strong></span> <span class='ocrx_word' id='word_1_175' title='bbox 3512 1283 3652 1354; x_wconf 78' lang='grc' dir='ltr'>μᾶλ-</span> 
     </span>
    </p>
   </div>
   <div class='ocr_carea' id='block_1_28' title="bbox 2062 1376 3651 1449">
    <p class='ocr_par' dir='ltr' id='par_1_28' title="bbox 2062 1376 3651 1449">
     <span class='ocr_line' id='line_1_28' title="bbox 2062 1376 3651 1449; baseline 0.002 -21"><span class='ocrx_word' id='word_1_176' title='bbox 2062 1377 2151 1429; x_wconf 88' lang='grc' dir='ltr'><strong>λον</strong></span> <span class='ocrx_word' id='word_1_177' title='bbox 2172 1376 2282 1449; x_wconf 82' lang='grc' dir='ltr'><strong>τῶν</strong></span> <span class='ocrx_word' id='word_1_178' title='bbox 2314 1376 2490 1445; x_wconf 82' lang='grc' dir='ltr'>νεφῶν</span> <span class='ocrx_word' id='word_1_179' title='bbox 2516 1376 2877 1447; x_wconf 84' lang='grc' dir='ltr'>ἀφανισθῆναι</span> <span class='ocrx_word' id='word_1_180' title='bbox 2916 1377 2979 1430; x_wconf 82' lang='grc' dir='ltr'>τὸ</span> <span class='ocrx_word' id='word_1_181' title='bbox 3010 1376 3218 1446; x_wconf 85' lang='grc' dir='ltr'>θηρίον.</span> <span class='ocrx_word' id='word_1_182' title='bbox 3254 1376 3379 1430; x_wconf 85' lang='grc' dir='ltr'>Ὅτι</span> <span class='ocrx_word' id='word_1_183' title='bbox 3406 1379 3435 1431; x_wconf 95' lang='lat'><strong>6</strong></span> <span class='ocrx_word' id='word_1_184' title='bbox 3467 1376 3651 1431; x_wconf 77' lang='grc' dir='ltr'>διάδο-</span> 
     </span>
    </p>
   </div>
   <div class='ocr_carea' id='block_1_29' title="bbox 2063 1464 3651 1540">
    <p class='ocr_par' dir='ltr' id='par_1_29' title="bbox 2063 1464 3651 1540">
     <span class='ocr_line' id='line_1_29' title="bbox 2063 1464 3651 1540; baseline 0.002 -20"><span class='ocrx_word' id='word_1_185' title='bbox 2063 1485 2157 1538; x_wconf 86' lang='grc' dir='ltr'><strong>χος</strong></span> <span class='ocrx_word' id='word_1_186' title='bbox 2187 1468 2455 1539; x_wconf 83' lang='grc' dir='ltr'><strong>Πρόκλου,</strong></span> <span class='ocrx_word' id='word_1_187' title='bbox 2487 1468 2674 1538; x_wconf 76' lang='grc' dir='ltr'>φησὶν,</span> <span class='ocrx_word' id='word_1_188' title='bbox 2702 1470 2730 1522; x_wconf 85' lang='grc' dir='ltr'>ὁ</span> <span class='ocrx_word' id='word_1_189' title='bbox 2756 1470 3019 1539; x_wconf 86' lang='grc' dir='ltr'>Μαρῖνος,</span> <span class='ocrx_word' id='word_1_190' title='bbox 3047 1469 3202 1535; x_wconf 84' lang='grc' dir='ltr'>γένος</span> <span class='ocrx_word' id='word_1_191' title='bbox 3237 1464 3307 1539; x_wconf 77' lang='grc' dir='ltr'>ἦν</span> <span class='ocrx_word' id='word_1_192' title='bbox 3332 1469 3441 1522; x_wconf 74' lang='grc' dir='ltr'>ἀπὸ</span> <span class='ocrx_word' id='word_1_193' title='bbox 3467 1471 3567 1540; x_wconf 85' lang='grc' dir='ltr'>τῆς</span> <span class='ocrx_word' id='word_1_194' title='bbox 3590 1471 3651 1523; x_wconf 88' lang='grc' dir='ltr'><strong>ἐν</strong></span> 
     </span>
    </p>
   </div>
   <div class='ocr_carea' id='block_1_30' title="bbox 378 1380 1961 1450">
    <p class='ocr_par' dir='ltr' id='par_1_30' title="bbox 378 1380 1961 1450">
     <span class='ocr_line' id='line_1_30' title="bbox 378 1380 1961 1450; baseline 0.001 -16"><span class='ocrx_word' id='word_1_195' title='bbox 378 1380 703 1450; x_wconf 72' lang='lat' dir='ltr'><strong>repudiavit,</strong></span> <span class='ocrx_word' id='word_1_196' title='bbox 762 1380 914 1449; x_wconf 89' lang='lat' dir='ltr'><strong>quasi</strong></span> <span class='ocrx_word' id='word_1_197' title='bbox 973 1382 1040 1435; x_wconf 92' lang='lat' dir='ltr'><strong>ab</strong></span> <span class='ocrx_word' id='word_1_198' title='bbox 1092 1381 1367 1436; x_wconf 83' lang='lat' dir='ltr'><strong>Abraham</strong></span> <span class='ocrx_word' id='word_1_199' title='bbox 1439 1380 1723 1436; x_wconf 77' lang='lat' dir='ltr'><strong>sacrificiis</strong></span> <span class='ocrx_word' id='word_1_200' title='bbox 1774 1395 1961 1435; x_wconf 87' lang='lat' dir='ltr'><strong>recens</strong></span> 
     </span>
    </p>
   </div>
   <div class='ocr_carea' id='block_1_31' title="bbox 380 1472 1964 1543">
    <p class='ocr_par' dir='ltr' id='par_1_31' title="bbox 380 1472 1964 1543">
     <span class='ocr_line' id='line_1_31' title="bbox 380 1472 1964 1543; baseline 0 -17"><span class='ocrx_word' id='word_1_201' title='bbox 380 1472 433 1526; x_wconf 92' lang='lat' dir='ltr'><strong>in</strong></span> <span class='ocrx_word' id='word_1_202' title='bbox 474 1488 665 1527; x_wconf 81' lang='lat' dir='ltr'><strong>novam</strong></span> <span class='ocrx_word' id='word_1_203' title='bbox 722 1475 1108 1543; x_wconf 78' lang='lat' dir='ltr'><strong>degenerasset</strong></span> <span class='ocrx_word' id='word_1_204' title='bbox 1176 1474 1523 1542; x_wconf 90' lang='lat' dir='ltr'><strong>opinionem:</strong></span> <span class='ocrx_word' id='word_1_205' title='bbox 1591 1480 1646 1526; x_wconf 91' lang='lat' dir='ltr'><strong>et</strong></span> <span class='ocrx_word' id='word_1_206' title='bbox 1677 1473 1742 1527; x_wconf 90' lang='lat' dir='ltr'><strong>ad</strong></span> <span class='ocrx_word' id='word_1_207' title='bbox 1788 1472 1964 1542; x_wconf 91' lang='lat' dir='ltr'><strong>genti-</strong></span> 
     </span>
    </p>
   </div>
   <div class='ocr_carea' id='block_1_32' title="bbox 380 1557 1958 1631">
    <p class='ocr_par' dir='ltr' id='par_1_32' title="bbox 380 1562 1958 1620">
     <span class='ocr_line' id='line_1_32' title="bbox 380 1562 1958 1620; baseline 0.001 -3"><span class='ocrx_word' id='word_1_208' title='bbox 380 1564 593 1620; x_wconf 89' lang='lat' dir='ltr'><strong>lismum</strong></span> <span class='ocrx_word' id='word_1_209' title='bbox 665 1580 724 1619; x_wconf 88' lang='lat' dir='ltr'><strong>se</strong></span> <span class='ocrx_word' id='word_1_210' title='bbox 774 1566 1066 1620; x_wconf 84' lang='lat' dir='ltr'><strong>convertit.</strong></span> <span class='ocrx_word' id='word_1_211' title='bbox 1123 1562 1509 1619; x_wconf 77' lang='lat' dir='ltr'><strong>Verumtamen</strong></span> <span class='ocrx_word' id='word_1_212' title='bbox 1562 1562 1732 1619; x_wconf 88' lang='lat' dir='ltr'><strong>labori</strong></span> <span class='ocrx_word' id='word_1_213' title='bbox 1785 1573 1839 1618; x_wconf 92' lang='lat' dir='ltr'><strong>et</strong></span> <span class='ocrx_word' id='word_1_214' title='bbox 1878 1579 1958 1620; x_wconf 91' lang='lat' dir='ltr'><strong>as-</strong></span> 
     </span>
    </p>
   </div>
   <div class='ocr_carea' id='block_1_33' title="bbox 2062 1557 3651 1631">
    <p class='ocr_par' dir='ltr' id='par_1_33' title="bbox 2064 1557 3651 1631">
     <span class='ocr_line' id='line_1_33' title="bbox 2064 1557 3651 1631; baseline 0.001 -21"><span class='ocrx_word' id='word_1_215' title='bbox 2064 1557 2393 1629; x_wconf 77' lang='grc' dir='ltr'><strong>Παλαιστίνῃ</strong></span> <span class='ocrx_word' id='word_1_216' title='bbox 2438 1558 2585 1618; x_wconf 82' lang='grc' dir='ltr'><strong>Νέας</strong></span> <span class='ocrx_word' id='word_1_217' title='bbox 2618 1559 2849 1625; x_wconf 87' lang='grc' dir='ltr'>πόλεως,</span> <span class='ocrx_word' id='word_1_218' title='bbox 2897 1558 3034 1627; x_wconf 83' lang='grc' dir='ltr'>πρὸς</span> <span class='ocrx_word' id='word_1_219' title='bbox 3073 1557 3189 1630; x_wconf 79' lang='grc' dir='ltr'>ὄρει</span> <span class='ocrx_word' id='word_1_220' title='bbox 3228 1559 3651 1631; x_wconf 81' lang='grc' dir='ltr'><strong>κατῳκισμένης</strong></span> 
     </span>
    </p>
   </div>
   <div class='ocr_carea' id='block_1_34' title="bbox 378 1642 1958 1724">
    <p class='ocr_par' dir='ltr' id='par_1_34' title="bbox 378 1655 1958 1724">
     <span class='ocr_line' id='line_1_34' title="bbox 378 1655 1958 1724; baseline 0 -14"><span class='ocrx_word' id='word_1_221' title='bbox 378 1655 547 1710; x_wconf 90' lang='lat' dir='ltr'><strong>siduis</strong></span> <span class='ocrx_word' id='word_1_222' title='bbox 610 1656 755 1712; x_wconf 88' lang='lat' dir='ltr'><strong>euris</strong></span> <span class='ocrx_word' id='word_1_223' title='bbox 818 1657 1175 1721; x_wconf 91' lang='lat' dir='ltr'><strong>incumbens,</strong></span> <span class='ocrx_word' id='word_1_224' title='bbox 1226 1656 1517 1712; x_wconf 92' lang='lat' dir='ltr'><strong>multorum</strong></span> <span class='ocrx_word' id='word_1_225' title='bbox 1596 1657 1758 1712; x_wconf 90' lang='lat' dir='ltr'><strong>etiam</strong></span> <span class='ocrx_word' id='word_1_226' title='bbox 1810 1656 1958 1724; x_wconf 83' lang='lat' dir='ltr'><strong>inge-</strong></span> 
     </span>
    </p>
   </div>
   <div class='ocr_carea' id='block_1_35' title="bbox 2062 1642 3652 1724">
    <p class='ocr_par' dir='ltr' id='par_1_35' title="bbox 2067 1644 3652 1721">
     <span class='ocr_line' id='line_1_35' title="bbox 2067 1644 3652 1721; baseline 0.001 -20"><span class='ocrx_word' id='word_1_227' title='bbox 2067 1648 2147 1718; x_wconf 81' lang='grc' dir='ltr'>τῷ</span> <span class='ocrx_word' id='word_1_228' title='bbox 2180 1649 2492 1721; x_wconf 80' lang='grc' dir='ltr'>’Δργαρίζῳ</span> <span class='ocrx_word' id='word_1_229' title='bbox 2515 1649 2858 1720; x_wconf 82' lang='grc' dir='ltr'><strong>καλουμένῳ.</strong></span> <span class='ocrx_word' id='word_1_230' title='bbox 2885 1644 3019 1703; x_wconf 77' lang='grc' dir='ltr'>Εἶτα</span> <span class='ocrx_word' id='word_1_231' title='bbox 3046 1648 3380 1719; x_wconf 79' lang='grc' dir='ltr'>βλασφημῶν</span> <span class='ocrx_word' id='word_1_232' title='bbox 3401 1652 3429 1704; x_wconf 98' lang='lat'><strong>6</strong></span> <span class='ocrx_word' id='word_1_233' title='bbox 3453 1650 3652 1703; x_wconf 80' lang='grc' dir='ltr'>δυσσε-</span> 
     </span>
    </p>
   </div>
   <div class='ocr_carea' id='block_1_36' title="bbox 376 1732 1958 1820">
    <p class='ocr_par' dir='ltr' id='par_1_36' title="bbox 376 1748 1956 1820">
     <span class='ocr_line' id='line_1_36' title="bbox 376 1748 1956 1820; baseline 0.001 -19"><span class='ocrx_word' id='word_1_234' title='bbox 376 1748 810 1803; x_wconf 88' lang='lat' dir='ltr'><strong>niosissimorum</strong></span> <span class='ocrx_word' id='word_1_235' title='bbox 872 1757 949 1809; x_wconf 81' lang='lat' dir='ltr'><strong>et,</strong></span> <span class='ocrx_word' id='word_1_236' title='bbox 996 1748 1495 1817; x_wconf 87' lang='lat' dir='ltr'><strong>antiquissimorum</strong></span> <span class='ocrx_word' id='word_1_237' title='bbox 1563 1748 1789 1820; x_wconf 77' lang='lat' dir='ltr'><strong>gloriam</strong></span> <span class='ocrx_word' id='word_1_238' title='bbox 1855 1762 1956 1802; x_wconf 93' lang='lat' dir='ltr'><strong>suo</strong></span> 
     </span>
    </p>
   </div>
   <div class='ocr_carea' id='block_1_37' title="bbox 2062 1732 3653 1820">
    <p class='ocr_par' dir='ltr' id='par_1_37' title="bbox 2068 1732 3653 1810">
     <span class='ocr_line' id='line_1_37' title="bbox 2068 1732 3653 1810; baseline 0.001 -17"><span class='ocrx_word' id='word_1_239' title='bbox 2068 1740 2172 1809; x_wconf 81' lang='grc' dir='ltr'>6ης</span> <span class='ocrx_word' id='word_1_240' title='bbox 2201 1756 2367 1810; x_wconf 84' lang='grc' dir='ltr'>φησιν</span> <span class='ocrx_word' id='word_1_241' title='bbox 2387 1742 2415 1793; x_wconf 81' lang='grc' dir='ltr'>ὁ</span> <span class='ocrx_word' id='word_1_242' title='bbox 2454 1740 2826 1810; x_wconf 85' lang='grc' dir='ltr'>συγγραφεὺς,</span> <span class='ocrx_word' id='word_1_243' title='bbox 2855 1741 2912 1793; x_wconf 86' lang='grc' dir='ltr'><strong>ἐν</strong></span> <span class='ocrx_word' id='word_1_244' title='bbox 2935 1732 2979 1808; x_wconf 83' lang='grc' dir='ltr'><strong>ᾧ</strong></span> <span class='ocrx_word' id='word_1_245' title='bbox 3007 1740 3129 1803; x_wconf 86' lang='grc' dir='ltr'>Διὸς</span> <span class='ocrx_word' id='word_1_246' title='bbox 3149 1739 3373 1809; x_wconf 73' lang='grc' dir='ltr'>ὑψίστου</span> <span class='ocrx_word' id='word_1_247' title='bbox 3405 1739 3653 1808; x_wconf 76' lang='grc' dir='ltr'>ἁγιώτα-</span> 
     </span>
    </p>
   </div>
   <div class='ocr_carea' id='block_1_38' title="bbox 376 1820 1958 1900">
    <p class='ocr_par' dir='ltr' id='par_1_38' title="bbox 376 1835 1958 1893">
     <span class='ocr_line' id='line_1_38' title="bbox 376 1835 1958 1893; baseline 0 -3"><span class='ocrx_word' id='word_1_248' title='bbox 376 1835 595 1890; x_wconf 90' lang='lat' dir='ltr'><strong>nomine</strong></span> <span class='ocrx_word' id='word_1_249' title='bbox 638 1837 882 1891; x_wconf 83' lang='lat' dir='ltr'><strong>Marinus</strong></span> <span class='ocrx_word' id='word_1_250' title='bbox 909 1837 1236 1892; x_wconf 79' lang='lat' dir='ltr'><strong>obscuravit.</strong></span> <span class='ocrx_word' id='word_1_251' title='bbox 1282 1837 1462 1893; x_wconf 84' lang='lat' dir='ltr'><strong>Noluit</strong></span> <span class='ocrx_word' id='word_1_252' title='bbox 1504 1853 1632 1892; x_wconf 82' lang='lat' dir='ltr'><strong>vero</strong></span> <span class='ocrx_word' id='word_1_253' title='bbox 1678 1837 1825 1892; x_wconf 91' lang='lat' dir='ltr'><strong>illum</strong></span> <span class='ocrx_word' id='word_1_254' title='bbox 1858 1836 1958 1891; x_wconf 90' lang='lat' dir='ltr'><strong>lsi-</strong></span> 
     </span>
    </p>
   </div>
   <div class='ocr_carea' id='block_1_39' title="bbox 2062 1820 3652 1900">
    <p class='ocr_par' dir='ltr' id='par_1_39' title="bbox 2063 1820 3652 1900">
     <span class='ocr_line' id='line_1_39' title="bbox 2063 1820 3652 1900; baseline 0.001 -18"><span class='ocrx_word' id='word_1_255' title='bbox 2063 1845 2155 1882; x_wconf 85' lang='grc' dir='ltr'><strong>τον</strong></span> <span class='ocrx_word' id='word_1_256' title='bbox 2187 1827 2352 1898; x_wconf 80' lang='grc' dir='ltr'>ἱερὸν,</span> <span class='ocrx_word' id='word_1_257' title='bbox 2376 1820 2421 1896; x_wconf 81' lang='grc' dir='ltr'>ᾧ</span> <span class='ocrx_word' id='word_1_258' title='bbox 2445 1828 2747 1900; x_wconf 83' lang='grc' dir='ltr'>καθιέρωτο</span> <span class='ocrx_word' id='word_1_259' title='bbox 2785 1829 3070 1899; x_wconf 74' lang='grc' dir='ltr'>Ἅϐραμος</span> <span class='ocrx_word' id='word_1_260' title='bbox 3106 1831 3133 1883; x_wconf 92' lang='lat'><strong>6</strong></span> <span class='ocrx_word' id='word_1_261' title='bbox 3172 1830 3283 1883; x_wconf 88' lang='grc' dir='ltr'><strong>τῶν</strong></span> <span class='ocrx_word' id='word_1_262' title='bbox 3328 1829 3494 1884; x_wconf 89' lang='grc' dir='ltr'>πάλαι</span> <span class='ocrx_word' id='word_1_263' title='bbox 3557 1828 3652 1884; x_wconf 82' lang='grc' dir='ltr'><strong>Ἐ-</strong></span> 
     </span>
    </p>
   </div>
   <div class='ocr_carea' id='block_1_40' title="bbox 376 1919 1958 1998">
    <p class='ocr_par' dir='ltr' id='par_1_40' title="bbox 376 1925 1952 1998">
     <span class='ocr_line' id='line_1_40' title="bbox 376 1925 1952 1998; baseline 0.002 -19"><span class='ocrx_word' id='word_1_264' title='bbox 376 1925 545 1979; x_wconf 89' lang='lat' dir='ltr'><strong>dorus</strong></span> <span class='ocrx_word' id='word_1_265' title='bbox 582 1927 916 1998; x_wconf 85' lang='lat' dir='ltr'><strong>interrogare</strong></span> <span class='ocrx_word' id='word_1_266' title='bbox 951 1928 1266 1984; x_wconf 84' lang='lat' dir='ltr'><strong>inﬁrmitate</strong></span> <span class='ocrx_word' id='word_1_267' title='bbox 1302 1930 1546 1998; x_wconf 86' lang='lat' dir='ltr'><strong>corporis</strong></span> <span class='ocrx_word' id='word_1_268' title='bbox 1593 1930 1952 1993; x_wconf 87' lang='lat' dir='ltr'><strong>laborantem,</strong></span> 
     </span>
    </p>
   </div>
   <div class='ocr_carea' id='block_1_41' title="bbox 2062 1919 3650 1998">
    <p class='ocr_par' dir='ltr' id='par_1_41' title="bbox 2065 1919 3650 1992">
     <span class='ocr_line' id='line_1_41' title="bbox 2065 1919 3650 1992; baseline 0.002 -19"><span class='ocrx_word' id='word_1_269' title='bbox 2065 1920 2273 1992; x_wconf 89' lang='grc' dir='ltr'>6ραίων</span> <span class='ocrx_word' id='word_1_270' title='bbox 2304 1921 2590 1990; x_wconf 86' lang='grc' dir='ltr'>πρόγονος,</span> <span class='ocrx_word' id='word_1_271' title='bbox 2614 1919 2690 1984; x_wconf 83' lang='grc' dir='ltr'>ὡς</span> <span class='ocrx_word' id='word_1_272' title='bbox 2716 1919 2879 1985; x_wconf 78' lang='grc' dir='ltr'>αὐτὸς</span> <span class='ocrx_word' id='word_1_273' title='bbox 2903 1920 3090 1989; x_wconf 79' lang='grc' dir='ltr'>ἔλεγεν</span> <span class='ocrx_word' id='word_1_274' title='bbox 3120 1923 3147 1975; x_wconf 94' lang='lat'><strong>6</strong></span> <span class='ocrx_word' id='word_1_275' title='bbox 3168 1922 3430 1992; x_wconf 74' lang='grc' dir='ltr'>Μαρίνος.</span> <span class='ocrx_word' id='word_1_276' title='bbox 3456 1923 3650 1991; x_wconf 85' lang='grc' dir='ltr'>Σαμα-</span> 
     </span>
    </p>
   </div>
   <div class='ocr_carea' id='block_1_42' title="bbox 377 2008 1958 2085">
    <p class='ocr_par' dir='ltr' id='par_1_42' title="bbox 377 2020 1958 2077">
     <span class='ocr_line' id='line_1_42' title="bbox 377 2020 1958 2077; baseline 0.002 -6"><span class='ocrx_word' id='word_1_277' title='bbox 377 2026 630 2073; x_wconf 85' lang='lat' dir='ltr'><strong>metuens</strong></span> <span class='ocrx_word' id='word_1_278' title='bbox 676 2034 744 2074; x_wconf 93' lang='lat' dir='ltr'><strong>ne</strong></span> <span class='ocrx_word' id='word_1_279' title='bbox 798 2020 961 2076; x_wconf 90' lang='lat' dir='ltr'><strong>homo</strong></span> <span class='ocrx_word' id='word_1_280' title='bbox 1021 2022 1350 2077; x_wconf 89' lang='lat' dir='ltr'><strong>turbaretur.</strong></span> <span class='ocrx_word' id='word_1_281' title='bbox 1392 2020 1435 2075; x_wconf 87' lang='lat' dir='ltr'><strong>E</strong></span> <span class='ocrx_word' id='word_1_282' title='bbox 1492 2021 1651 2075; x_wconf 90' lang='lat' dir='ltr'><strong>dictis</strong></span> <span class='ocrx_word' id='word_1_283' title='bbox 1693 2031 1869 2075; x_wconf 91' lang='lat' dir='ltr'><strong>tamen</strong></span> <span class='ocrx_word' id='word_1_284' title='bbox 1901 2028 1958 2074; x_wconf 88' lang='lat' dir='ltr'><strong>et</strong></span> 
     </span>
    </p>
   </div>
   <div class='ocr_carea' id='block_1_43' title="bbox 2062 2008 3652 2085">
    <p class='ocr_par' dir='ltr' id='par_1_43' title="bbox 2066 2008 3652 2085">
     <span class='ocr_line' id='line_1_43' title="bbox 2066 2008 3652 2085; baseline 0.003 -21"><span class='ocrx_word' id='word_1_285' title='bbox 2066 2012 2249 2084; x_wconf 87' lang='grc' dir='ltr'>ρείτης</span> <span class='ocrx_word' id='word_1_286' title='bbox 2282 2008 2375 2065; x_wconf 79' lang='grc' dir='ltr'><strong>οὖν</strong></span> <span class='ocrx_word' id='word_1_287' title='bbox 2400 2012 2460 2065; x_wconf 83' lang='grc' dir='ltr'>τὸ</span> <span class='ocrx_word' id='word_1_288' title='bbox 2487 2012 2584 2065; x_wconf 85' lang='grc' dir='ltr'><strong>ἀπ’</strong></span> <span class='ocrx_word' id='word_1_289' title='bbox 2609 2012 2786 2083; x_wconf 84' lang='grc' dir='ltr'>ἀρχῆς</span> <span class='ocrx_word' id='word_1_290' title='bbox 2814 2014 2843 2066; x_wconf 80' lang='lat'><strong>6</strong></span> <span class='ocrx_word' id='word_1_291' title='bbox 2870 2014 3114 2085; x_wconf 87' lang='grc' dir='ltr'>Μαρίνος</span> <span class='ocrx_word' id='word_1_292' title='bbox 3134 2013 3373 2082; x_wconf 86' lang='grc' dir='ltr'>γεγονὼς</span> <span class='ocrx_word' id='word_1_293' title='bbox 3399 2052 3414 2077; x_wconf 87' lang='grc'><strong>,</strong></span> <span class='ocrx_word' id='word_1_294' title='bbox 3440 2013 3652 2068; x_wconf 83' lang='grc' dir='ltr'>ἀπετά-</span> 
     </span>
    </p>
   </div>
   <div class='ocr_carea' id='block_1_44' title="bbox 270 2102 1958 2181">
    <p class='ocr_par' dir='ltr' id='par_1_44' title="bbox 270 2107 1958 2181">
     <span class='ocr_line' id='line_1_44' title="bbox 270 2107 1958 2181; baseline 0.001 -20"><span class='ocrx_word' id='word_1_295' title='bbox 270 2124 274 2135; x_wconf 73' lang='grc'><em>’</em></span> <span class='ocrx_word' id='word_1_296' title='bbox 375 2107 598 2177; x_wconf 83' lang='lat' dir='ltr'><strong>scriptis</strong></span> <span class='ocrx_word' id='word_1_297' title='bbox 651 2107 767 2177; x_wconf 84' lang='lat' dir='ltr'><strong>ejus</strong></span> <span class='ocrx_word' id='word_1_298' title='bbox 805 2109 945 2179; x_wconf 66' lang='lat' dir='ltr'><strong>(quas</strong></span> <span class='ocrx_word' id='word_1_299' title='bbox 966 2125 1073 2165; x_wconf 92' lang='lat' dir='ltr'><strong>non</strong></span> <span class='ocrx_word' id='word_1_300' title='bbox 1105 2112 1391 2167; x_wconf 86' lang='lat' dir='ltr'><strong>admodum</strong></span> <span class='ocrx_word' id='word_1_301' title='bbox 1422 2110 1587 2165; x_wconf 87' lang='lat' dir='ltr'><strong>multa</strong></span> <span class='ocrx_word' id='word_1_302' title='bbox 1614 2109 1762 2181; x_wconf 87' lang='lat' dir='ltr'><strong>sunt)</strong></span> <span class='ocrx_word' id='word_1_303' title='bbox 1801 2108 1958 2164; x_wconf 81' lang='lat' dir='ltr'><strong>facile</strong></span> 
     </span>
    </p>
   </div>
   <div class='ocr_carea' id='block_1_45' title="bbox 2062 2102 3655 2181">
    <p class='ocr_par' dir='ltr' id='par_1_45' title="bbox 2066 2102 3655 2176">
     <span class='ocr_line' id='line_1_45' title="bbox 2066 2102 3655 2176; baseline 0.002 -19"><span class='ocrx_word' id='word_1_304' title='bbox 2066 2104 2194 2170; x_wconf 81' lang='grc' dir='ltr'>ξατο</span> <span class='ocrx_word' id='word_1_305' title='bbox 2237 2104 2334 2175; x_wconf 80' lang='grc' dir='ltr'>μὲν</span> <span class='ocrx_word' id='word_1_306' title='bbox 2379 2102 2515 2176; x_wconf 76' lang='grc' dir='ltr'>πρὸς</span> <span class='ocrx_word' id='word_1_307' title='bbox 2552 2103 2650 2174; x_wconf 82' lang='grc' dir='ltr'>τὴν</span> <span class='ocrx_word' id='word_1_308' title='bbox 2685 2104 2910 2159; x_wconf 75' lang='grc' dir='ltr'>ἐκείνων</span> <span class='ocrx_word' id='word_1_309' title='bbox 2939 2105 3119 2171; x_wconf 80' lang='grc' dir='ltr'>δόξαν,</span> <span class='ocrx_word' id='word_1_310' title='bbox 3151 2107 3246 2160; x_wconf 71' lang='lat' dir='ltr'><strong>am</strong></span> <span class='ocrx_word' id='word_1_311' title='bbox 3278 2108 3358 2169; x_wconf 80' lang='grc' dir='ltr'><strong>είς</strong></span> <span class='ocrx_word' id='word_1_312' title='bbox 3402 2121 3655 2160; x_wconf 75' lang='grc' dir='ltr'>καινοτο-</span> 
     </span>
    </p>
   </div>
   <div class='ocr_carea' id='block_1_46' title="bbox 374 2195 1958 2271">
    <p class='ocr_par' dir='ltr' id='par_1_46' title="bbox 374 2198 1958 2269">
     <span class='ocr_line' id='line_1_46' title="bbox 374 2198 1958 2269; baseline 0.002 -19"><span class='ocrx_word' id='word_1_313' title='bbox 374 2207 493 2250; x_wconf 88' lang='lat' dir='ltr'><strong>erat</strong></span> <span class='ocrx_word' id='word_1_314' title='bbox 548 2198 803 2266; x_wconf 87' lang='lat' dir='ltr'><strong>colligere</strong></span> <span class='ocrx_word' id='word_1_315' title='bbox 856 2199 1119 2254; x_wconf 81' lang='lat' dir='ltr'><strong>Marinum</strong></span> <span class='ocrx_word' id='word_1_316' title='bbox 1192 2216 1300 2256; x_wconf 91' lang='lat' dir='ltr'><strong>non</strong></span> <span class='ocrx_word' id='word_1_317' title='bbox 1355 2199 1642 2256; x_wconf 81' lang='lat' dir='ltr'><strong>fecundum</strong></span> <span class='ocrx_word' id='word_1_318' title='bbox 1692 2209 1747 2255; x_wconf 89' lang='lat' dir='ltr'><strong>et</strong></span> <span class='ocrx_word' id='word_1_319' title='bbox 1795 2200 1958 2269; x_wconf 90' lang='lat' dir='ltr'><strong>probe</strong></span> 
     </span>
    </p>
   </div>
   <div class='ocr_carea' id='block_1_47' title="bbox 2062 2195 3652 2271">
    <p class='ocr_par' dir='ltr' id='par_1_47' title="bbox 2068 2195 3652 2271">
     <span class='ocr_line' id='line_1_47' title="bbox 2068 2195 3652 2271; baseline 0.003 -23"><span class='ocrx_word' id='word_1_320' title='bbox 2068 2195 2200 2268; x_wconf 90' lang='grc' dir='ltr'>μίαν</span> <span class='ocrx_word' id='word_1_321' title='bbox 2221 2196 2329 2250; x_wconf 83' lang='grc' dir='ltr'>ἀπὸ</span> <span class='ocrx_word' id='word_1_322' title='bbox 2355 2196 2453 2266; x_wconf 82' lang='grc' dir='ltr'>τῆς</span> <span class='ocrx_word' id='word_1_323' title='bbox 2491 2196 2768 2267; x_wconf 77' lang='grc' dir='ltr'>Ἀϐράμου</span> <span class='ocrx_word' id='word_1_324' title='bbox 2798 2196 3094 2269; x_wconf 86' lang='grc' dir='ltr'>θρησκείας</span> <span class='ocrx_word' id='word_1_325' title='bbox 3118 2198 3139 2229; x_wconf 86' lang='grc'><strong>⁷</strong></span> <span class='ocrx_word' id='word_1_326' title='bbox 3160 2199 3553 2271; x_wconf 75' lang='grc' dir='ltr'>ἀπορῤυεῖσαν,</span> <span class='ocrx_word' id='word_1_327' title='bbox 3577 2198 3652 2253; x_wconf 81' lang='grc' dir='ltr'>τὰ</span> 
     </span>
    </p>
   </div>
   <div class='ocr_carea' id='block_1_48' title="bbox 375 2286 1958 2362">
    <p class='ocr_par' dir='ltr' id='par_1_48' title="bbox 375 2288 1958 2362">
     <span class='ocr_line' id='line_1_48' title="bbox 375 2288 1958 2362; baseline 0.002 -22"><span class='ocrx_word' id='word_1_328' title='bbox 375 2288 661 2342; x_wconf 83' lang='lat' dir='ltr'><strong>subactum</strong></span> <span class='ocrx_word' id='word_1_329' title='bbox 689 2301 997 2345; x_wconf 85' lang='lat' dir='ltr'><strong>noematum</strong></span> <span class='ocrx_word' id='word_1_330' title='bbox 1029 2308 1214 2361; x_wconf 84' lang='lat' dir='ltr'><strong>agrum</strong></span> <span class='ocrx_word' id='word_1_331' title='bbox 1247 2290 1415 2348; x_wconf 79' lang='lat' dir='ltr'><strong>fuisse</strong></span> <span class='ocrx_word' id='word_1_332' title='bbox 1437 2333 1452 2359; x_wconf 90' lang='lat'><strong>,</strong></span> <span class='ocrx_word' id='word_1_333' title='bbox 1482 2293 1573 2362; x_wconf 89' lang='lat' dir='ltr'><strong>qui</strong></span> <span class='ocrx_word' id='word_1_334' title='bbox 1600 2299 1837 2362; x_wconf 89' lang='lat' dir='ltr'><strong>segetem</strong></span> <span class='ocrx_word' id='word_1_335' title='bbox 1868 2305 1958 2345; x_wconf 87' lang='lat' dir='ltr'><strong>sa-</strong></span> 
     </span>
    </p>
   </div>
   <div class='ocr_carea' id='block_1_49' title="bbox 2062 2286 3653 2362">
    <p class='ocr_par' dir='ltr' id='par_1_49' title="bbox 2063 2286 3653 2360">
     <span class='ocr_line' id='line_1_49' title="bbox 2063 2286 3653 2360; baseline -0.001 -18"><span class='ocrx_word' id='word_1_336' title='bbox 2063 2288 2121 2342; x_wconf 82' lang='grc' dir='ltr'><strong>δέ</strong></span> <span class='ocrx_word' id='word_1_337' title='bbox 2192 2286 2460 2355; x_wconf 74' lang='grc' dir='ltr'>Ἑλλήνων</span> <span class='ocrx_word' id='word_1_338' title='bbox 2501 2289 2807 2359; x_wconf 71' lang='grc' dir='ltr'>ἠγάπησεν.</span> <span class='ocrx_word' id='word_1_339' title='bbox 2840 2286 3032 2357; x_wconf 84' lang='grc' dir='ltr'><strong>Ὅμως</strong></span> <span class='ocrx_word' id='word_1_340' title='bbox 3076 2288 3361 2360; x_wconf 78' lang='grc' dir='ltr'>φιλοπονίᾳ</span> <span class='ocrx_word' id='word_1_341' title='bbox 3402 2291 3424 2322; x_wconf 79' lang='grc'>⁸</span> <span class='ocrx_word' id='word_1_342' title='bbox 3454 2308 3515 2342; x_wconf 88' lang='grc' dir='ltr'><strong>τε</strong></span> <span class='ocrx_word' id='word_1_343' title='bbox 3552 2289 3653 2343; x_wconf 72' lang='grc' dir='ltr'><strong>καὶ</strong></span> 
     </span>
    </p>
   </div>
   <div class='ocr_carea' id='block_1_50' title="bbox 377 2377 1958 2453">
    <p class='ocr_par' dir='ltr' id='par_1_50' title="bbox 377 2377 1958 2453">
     <span class='ocr_line' id='line_1_50' title="bbox 377 2377 1958 2453; baseline 0.004 -24"><span class='ocrx_word' id='word_1_344' title='bbox 377 2377 575 2445; x_wconf 84' lang='lat' dir='ltr'><strong>pientis</strong></span> <span class='ocrx_word' id='word_1_345' title='bbox 604 2395 785 2434; x_wconf 89' lang='lat' dir='ltr'><strong>rerum</strong></span> <span class='ocrx_word' id='word_1_346' title='bbox 808 2383 1131 2437; x_wconf 83' lang='lat' dir='ltr'><strong>naturalium</strong></span> <span class='ocrx_word' id='word_1_347' title='bbox 1159 2384 1637 2453; x_wconf 90' lang='lat' dir='ltr'><strong>contemplationis</strong></span> <span class='ocrx_word' id='word_1_348' title='bbox 1666 2380 1958 2453; x_wconf 84' lang='lat' dir='ltr'><strong>proferret.</strong></span> 
     </span>
    </p>
   </div>
   <div class='ocr_carea' id='block_1_51' title="bbox 2062 2377 3651 2453">
    <p class='ocr_par' dir='ltr' id='par_1_51' title="bbox 2063 2378 3651 2452">
     <span class='ocr_line' id='line_1_51' title="bbox 2063 2378 3651 2452; baseline 0.001 -20"><span class='ocrx_word' id='word_1_349' title='bbox 2063 2378 2317 2451; x_wconf 85' lang='grc' dir='ltr'><strong>ἀτρύτοις</strong></span> <span class='ocrx_word' id='word_1_350' title='bbox 2338 2379 2517 2442; x_wconf 87' lang='grc' dir='ltr'>πόνοις</span> <span class='ocrx_word' id='word_1_351' title='bbox 2539 2379 2856 2450; x_wconf 80' lang='grc' dir='ltr'>ἐγκείμενος</span> <span class='ocrx_word' id='word_1_352' title='bbox 2891 2380 3266 2452; x_wconf 86' lang='grc' dir='ltr'>εύφυεστέρων</span> <span class='ocrx_word' id='word_1_353' title='bbox 3295 2382 3400 2452; x_wconf 76' lang='grc' dir='ltr'>ἤδη</span> <span class='ocrx_word' id='word_1_354' title='bbox 3434 2379 3651 2434; x_wconf 80' lang='grc' dir='ltr'>πολλῶν</span> 
     </span>
    </p>
   </div>
   <div class='ocr_carea' id='block_1_52' title="bbox 374 2469 3652 2547">
    <p class='ocr_par' dir='ltr' id='par_1_52' title="bbox 374 2469 3652 2547">
     <span class='ocr_line' id='line_1_52' title="bbox 374 2469 3652 2547; baseline 0.001 -25"><span class='ocrx_word' id='word_1_355' title='bbox 374 2469 620 2524; x_wconf 75' lang='grc' dir='ltr'>καὶτῶν</span> <span class='ocrx_word' id='word_1_356' title='bbox 681 2473 1068 2545; x_wconf 75' lang='grc' dir='ltr'>πρεσϐυτέρων</span> <span class='ocrx_word' id='word_1_357' title='bbox 1129 2478 1408 2547; x_wconf 79' lang='grc' dir='ltr'>κατέχωσε</span> <span class='ocrx_word' id='word_1_358' title='bbox 1453 2475 1609 2540; x_wconf 82' lang='grc' dir='ltr'>δόξας</span> <span class='ocrx_word' id='word_1_359' title='bbox 1659 2473 1738 2546; x_wconf 84' lang='grc' dir='ltr'><strong>τῷ</strong></span> <span class='ocrx_word' id='word_1_360' title='bbox 1782 2471 1977 2527; x_wconf 86' lang='grc' dir='ltr'>ἐαυτοῦ</span> <span class='ocrx_word' id='word_1_361' title='bbox 2037 2471 2262 2541; x_wconf 83' lang='grc' dir='ltr'>ὀνόματι</span> <span class='ocrx_word' id='word_1_362' title='bbox 2326 2472 2355 2523; x_wconf 91' lang='lat'><strong>6</strong></span> <span class='ocrx_word' id='word_1_363' title='bbox 2418 2472 2682 2540; x_wconf 85' lang='grc' dir='ltr'>Μαρῖνος.</span> <span class='ocrx_word' id='word_1_364' title='bbox 2729 2472 2843 2525; x_wconf 85' lang='grc' dir='ltr'>Οὐκ</span> <span class='ocrx_word' id='word_1_365' title='bbox 2904 2471 2990 2524; x_wconf 77' lang='grc' dir='ltr'>εἴα</span> <span class='ocrx_word' id='word_1_366' title='bbox 3026 2470 3082 2525; x_wconf 85' lang='grc' dir='ltr'>δὲ</span> <span class='ocrx_word' id='word_1_367' title='bbox 3140 2472 3302 2525; x_wconf 77' lang='grc' dir='ltr'>αὐτὸν</span> <span class='ocrx_word' id='word_1_368' title='bbox 3354 2473 3565 2542; x_wconf 79' lang='grc' dir='ltr'>ἐρωτᾷν</span> <span class='ocrx_word' id='word_1_369' title='bbox 3620 2475 3652 2526; x_wconf 96' lang='lat'><strong>6</strong></span> 
     </span>
    </p>
   </div>
   <div class='ocr_carea' id='block_1_53' title="bbox 387 2560 3657 2640">
    <p class='ocr_par' dir='ltr' id='par_1_53' title="bbox 387 2560 3657 2640">
     <span class='ocr_line' id='line_1_53' title="bbox 387 2560 3657 2640; baseline 0 -23"><span class='ocrx_word' id='word_1_370' title='bbox 387 2563 654 2635; x_wconf 84' lang='grc' dir='ltr'>Ἰσίδωρος</span> <span class='ocrx_word' id='word_1_371' title='bbox 706 2566 958 2639; x_wconf 79' lang='grc' dir='ltr'>ἀσθενείᾳ</span> <span class='ocrx_word' id='word_1_372' title='bbox 993 2567 1243 2638; x_wconf 83' lang='grc' dir='ltr'>σώματος</span> <span class='ocrx_word' id='word_1_373' title='bbox 1302 2568 1719 2640; x_wconf 89' lang='grc' dir='ltr'>ἐνοχλούμενον,</span> <span class='ocrx_word' id='word_1_374' title='bbox 1754 2566 2012 2637; x_wconf 75' lang='grc' dir='ltr'>εὐλαϐείᾳ</span> <span class='ocrx_word' id='word_1_375' title='bbox 2043 2564 2137 2618; x_wconf 83' lang='grc' dir='ltr'><strong>τοῦ</strong></span> <span class='ocrx_word' id='word_1_376' title='bbox 2178 2563 2464 2635; x_wconf 83' lang='grc' dir='ltr'>ὀχλώδους.</span> <span class='ocrx_word' id='word_1_377' title='bbox 2501 2564 2648 2634; x_wconf 83' lang='grc' dir='ltr'>Πλὴν</span> <span class='ocrx_word' id='word_1_378' title='bbox 2693 2566 2723 2618; x_wconf 95' lang='lat'><strong>6</strong></span> <span class='ocrx_word' id='word_1_379' title='bbox 2768 2567 3012 2637; x_wconf 85' lang='grc' dir='ltr'>Μαρῖνος</span> <span class='ocrx_word' id='word_1_380' title='bbox 3051 2566 3111 2632; x_wconf 84' lang='grc' dir='ltr'>ἐξ</span> <span class='ocrx_word' id='word_1_381' title='bbox 3134 2560 3208 2620; x_wconf 86' lang='grc' dir='ltr'>ὧν</span> <span class='ocrx_word' id='word_1_382' title='bbox 3236 2583 3296 2618; x_wconf 89' lang='grc' dir='ltr'><strong>τε</strong></span> <span class='ocrx_word' id='word_1_383' title='bbox 3325 2567 3345 2599; x_wconf 86' lang='grc'><strong>⁹</strong></span> <span class='ocrx_word' id='word_1_384' title='bbox 3379 2566 3657 2634; x_wconf 81' lang='grc' dir='ltr'>διελέγετο</span> 
     </span>
    </p>
   </div>
   <div class='ocr_carea' id='block_1_54' title="bbox 376 2649 3655 2731">
    <p class='ocr_par' dir='ltr' id='par_1_54' title="bbox 376 2649 3655 2731">
     <span class='ocr_line' id='line_1_54' title="bbox 376 2649 3655 2731; baseline 0.001 -22"><span class='ocrx_word' id='word_1_385' title='bbox 376 2654 475 2709; x_wconf 81' lang='grc' dir='ltr'>καὶ</span> <span class='ocrx_word' id='word_1_386' title='bbox 502 2655 562 2720; x_wconf 82' lang='grc' dir='ltr'>ἐξ</span> <span class='ocrx_word' id='word_1_387' title='bbox 584 2649 658 2710; x_wconf 83' lang='grc' dir='ltr'>ὧν</span> <span class='ocrx_word' id='word_1_388' title='bbox 682 2656 918 2727; x_wconf 78' lang='grc' dir='ltr'>ἔγραψεν</span> <span class='ocrx_word' id='word_1_389' title='bbox 944 2658 1122 2727; x_wconf 81' lang='grc' dir='ltr'>(ὀλίγα</span> <span class='ocrx_word' id='word_1_390' title='bbox 1148 2660 1205 2714; x_wconf 88' lang='grc' dir='ltr'>δὲ</span> <span class='ocrx_word' id='word_1_391' title='bbox 1248 2660 1423 2715; x_wconf 79' lang='grc' dir='ltr'>ταῦτά</span> <span class='ocrx_word' id='word_1_392' title='bbox 1478 2660 1615 2730; x_wconf 90' lang='grc' dir='ltr'>ἐστι)</span> <span class='ocrx_word' id='word_1_393' title='bbox 1636 2661 1792 2728; x_wconf 82' lang='grc' dir='ltr'>δῆλος</span> <span class='ocrx_word' id='word_1_394' title='bbox 1814 2655 1882 2731; x_wconf 78' lang='grc' dir='ltr'>ἦν</span> <span class='ocrx_word' id='word_1_395' title='bbox 1916 2659 1978 2712; x_wconf 81' lang='grc' dir='ltr'><strong>οὐ</strong></span> <span class='ocrx_word' id='word_1_396' title='bbox 2015 2658 2232 2728; x_wconf 83' lang='grc' dir='ltr'>βαθεῖαν</span> <span class='ocrx_word' id='word_1_397' title='bbox 2253 2655 2467 2711; x_wconf 74' lang='grc' dir='ltr'>αὔλακα</span> <span class='ocrx_word' id='word_1_398' title='bbox 2491 2654 2598 2710; x_wconf 82' lang='grc' dir='ltr'><strong>τῶν</strong></span> <span class='ocrx_word' id='word_1_399' title='bbox 2624 2657 2912 2727; x_wconf 84' lang='grc' dir='ltr'>νοημάτων</span> <span class='ocrx_word' id='word_1_400' title='bbox 2940 2657 3321 2729; x_wconf 85' lang='grc' dir='ltr'>καρπούμενος</span> <span class='ocrx_word' id='word_1_401' title='bbox 3344 2694 3358 2721; x_wconf 88' lang='grc'><strong>,</strong></span> <span class='ocrx_word' id='word_1_402' title='bbox 3391 2655 3454 2723; x_wconf 79' lang='grc' dir='ltr'>ἐξ</span> <span class='ocrx_word' id='word_1_403' title='bbox 3473 2649 3551 2711; x_wconf 80' lang='grc' dir='ltr'>ὧν</span> <span class='ocrx_word' id='word_1_404' title='bbox 3578 2655 3655 2710; x_wconf 82' lang='grc' dir='ltr'>τὰ</span> 
     </span>
    </p>
   </div>
   <div class='ocr_carea' id='block_1_55' title="bbox 380 2744 1863 2818">
    <p class='ocr_par' dir='ltr' id='par_1_55' title="bbox 380 2744 1863 2818">
     <span class='ocr_line' id='line_1_55' title="bbox 380 2744 1863 2818; baseline 0.003 -21"><span class='ocrx_word' id='word_1_405' title='bbox 380 2745 521 2813; x_wconf 79' lang='grc' dir='ltr'>σοφά</span> <span class='ocrx_word' id='word_1_406' title='bbox 562 2744 850 2814; x_wconf 84' lang='grc' dir='ltr'>βλαστάνει</span> <span class='ocrx_word' id='word_1_407' title='bbox 896 2745 1145 2816; x_wconf 85' lang='grc' dir='ltr'>θεάματα</span> <span class='ocrx_word' id='word_1_408' title='bbox 1175 2748 1271 2818; x_wconf 81' lang='grc' dir='ltr'>τῆς</span> <span class='ocrx_word' id='word_1_409' title='bbox 1299 2748 1408 2802; x_wconf 87' lang='grc' dir='ltr'><strong>τῶν</strong></span> <span class='ocrx_word' id='word_1_410' title='bbox 1435 2747 1603 2802; x_wconf 75' lang='grc' dir='ltr'>ὄντων</span> <span class='ocrx_word' id='word_1_411' title='bbox 1629 2752 1863 2818; x_wconf 82' lang='grc' dir='ltr'>φύσεως.</span> 
     </span>
    </p>
   </div>
   <div class='ocr_carea' id='block_1_56' title="bbox 452 2835 1958 2915">
    <p class='ocr_par' dir='ltr' id='par_1_56' title="bbox 452 2835 1955 2912">
     <span class='ocr_line' id='line_1_56' title="bbox 452 2835 1955 2912; baseline 0.004 -23"><span class='ocrx_word' id='word_1_412' title='bbox 452 2835 773 2893; x_wconf 72' lang='lat' dir='ltr'><strong>Ptolemaeus</strong></span> <span class='ocrx_word' id='word_1_413' title='bbox 822 2838 933 2909; x_wconf 74' lang='lat'><strong>(2|)</strong></span> <span class='ocrx_word' id='word_1_414' title='bbox 987 2842 1364 2897; x_wconf 79' lang='lat' dir='ltr'><strong>astronomicae</strong></span> <span class='ocrx_word' id='word_1_415' title='bbox 1418 2841 1659 2897; x_wconf 67' lang='lat' dir='ltr'><strong>scientia:</strong></span> <span class='ocrx_word' id='word_1_416' title='bbox 1705 2842 1955 2912; x_wconf 75' lang='lat' dir='ltr'><strong>princeps</strong></span> 
     </span>
    </p>
   </div>
   <div class='ocr_carea' id='block_1_57' title="bbox 2062 2835 3658 2915">
    <p class='ocr_par' dir='ltr' id='par_1_57' title="bbox 2154 2840 3658 2915">
     <span class='ocr_line' id='line_1_57' title="bbox 2154 2840 3658 2915; baseline 0.001 -20"><span class='ocrx_word' id='word_1_417' title='bbox 2154 2840 2215 2895; x_wconf 85' lang='lat'><strong>&#39;0</strong></span> <span class='ocrx_word' id='word_1_418' title='bbox 2247 2841 2462 2913; x_wconf 81' lang='grc' dir='ltr'>ἄριστος</span> <span class='ocrx_word' id='word_1_419' title='bbox 2490 2842 2713 2912; x_wconf 82' lang='grc' dir='ltr'>ἡγεμὼν</span> <span class='ocrx_word' id='word_1_420' title='bbox 2736 2842 3070 2913; x_wconf 88' lang='grc' dir='ltr'>Πτολεμαῖος</span> <span class='ocrx_word' id='word_1_421' title='bbox 3087 2841 3191 2912; x_wconf 83' lang='grc' dir='ltr'>τῆς</span> <span class='ocrx_word' id='word_1_422' title='bbox 3213 2843 3658 2915; x_wconf 88' lang='grc' dir='ltr'>ἀστροθεάμονος</span> 
     </span>
    </p>
   </div>
   <div class='ocr_carea' id='block_1_58' title="bbox 378 2924 1960 3001">
    <p class='ocr_par' dir='ltr' id='par_1_58' title="bbox 378 2924 1960 3001">
     <span class='ocr_line' id='line_1_58' title="bbox 378 2924 1960 3001; baseline 0.005 -23"><span class='ocrx_word' id='word_1_423' title='bbox 378 2925 620 2993; x_wconf 86' lang='lat' dir='ltr'><strong>scripsit,</strong></span> <span class='ocrx_word' id='word_1_424' title='bbox 653 2933 711 2979; x_wconf 93' lang='lat' dir='ltr'><strong>ut</strong></span> <span class='ocrx_word' id='word_1_425' title='bbox 745 2924 983 2995; x_wconf 90' lang='lat' dir='ltr'><strong>loquitur</strong></span> <span class='ocrx_word' id='word_1_426' title='bbox 1014 2927 1189 2992; x_wconf 85' lang='lat' dir='ltr'><strong>Plato,</strong></span> <span class='ocrx_word' id='word_1_427' title='bbox 1234 2929 1428 2997; x_wconf 88' lang='lat' dir='ltr'><strong>placita</strong></span> <span class='ocrx_word' id='word_1_428' title='bbox 1478 2930 1840 3001; x_wconf 90' lang='lat' dir='ltr'><strong>interpretum</strong></span> <span class='ocrx_word' id='word_1_429' title='bbox 1893 2932 1960 2986; x_wconf 91' lang='lat' dir='ltr'><strong>ad</strong></span> 
     </span>
    </p>
   </div>
   <div class='ocr_carea' id='block_1_59' title="bbox 379 3015 1961 3089">
    <p class='ocr_par' dir='ltr' id='par_1_59' title="bbox 379 3015 1961 3089">
     <span class='ocr_line' id='line_1_59' title="bbox 379 3015 1961 3089; baseline 0.003 -18"><span class='ocrx_word' id='word_1_430' title='bbox 379 3015 678 3071; x_wconf 84' lang='lat' dir='ltr'><strong>senectutis</strong></span> <span class='ocrx_word' id='word_1_431' title='bbox 736 3017 1086 3083; x_wconf 75' lang='lat' dir='ltr'><strong>oblivionem,</strong></span> <span class='ocrx_word' id='word_1_432' title='bbox 1131 3019 1444 3089; x_wconf 89' lang='lat' dir='ltr'><strong>relinquens</strong></span> <span class='ocrx_word' id='word_1_433' title='bbox 1485 3022 1587 3077; x_wconf 88' lang='lat' dir='ltr'><strong>sibi</strong></span> <span class='ocrx_word' id='word_1_434' title='bbox 1621 3032 1675 3077; x_wconf 90' lang='lat' dir='ltr'><strong>et</strong></span> <span class='ocrx_word' id='word_1_435' title='bbox 1723 3023 1961 3078; x_wconf 89' lang='lat' dir='ltr'><strong>condens</strong></span> 
     </span>
    </p>
   </div>
   <div class='ocr_carea' id='block_1_60' title="bbox 379 3109 1961 3181">
    <p class='ocr_par' dir='ltr' id='par_1_60' title="bbox 379 3109 1961 3181">
     <span class='ocr_line' id='line_1_60' title="bbox 379 3109 1961 3181; baseline 0.004 -19"><span class='ocrx_word' id='word_1_436' title='bbox 379 3117 755 3163; x_wconf 77' lang='lat' dir='ltr'><strong>monumenta.</strong></span> <span class='ocrx_word' id='word_1_437' title='bbox 806 3109 1002 3181; x_wconf 61' lang='lat' dir='ltr'><strong>346a</strong></span> <span class='ocrx_word' id='word_1_438' title='bbox 1036 3111 1262 3167; x_wconf 87' lang='lat' dir='ltr'><strong>Proclus</strong></span> <span class='ocrx_word' id='word_1_439' title='bbox 1284 3113 1476 3168; x_wconf 87' lang='lat' dir='ltr'><strong>videns</strong></span> <span class='ocrx_word' id='word_1_440' title='bbox 1506 3115 1668 3169; x_wconf 91' lang='lat' dir='ltr'><strong>istum</strong></span> <span class='ocrx_word' id='word_1_441' title='bbox 1691 3113 1961 3169; x_wconf 81' lang='lat' dir='ltr'><strong>deﬂuxum</strong></span> 
     </span>
    </p>
   </div>
   <div class='ocr_carea' id='block_1_61' title="bbox 381 3200 1959 3274">
    <p class='ocr_par' dir='ltr' id='par_1_61' title="bbox 381 3200 1959 3274">
     <span class='ocr_line' id='line_1_61' title="bbox 381 3200 1959 3274; baseline 0.007 -24"><span class='ocrx_word' id='word_1_442' title='bbox 381 3200 647 3266; x_wconf 89' lang='lat' dir='ltr'><strong>corporis,</strong></span> <span class='ocrx_word' id='word_1_443' title='bbox 700 3200 1032 3256; x_wconf 89' lang='lat' dir='ltr'><strong>adolescenti</strong></span> <span class='ocrx_word' id='word_1_444' title='bbox 1089 3203 1301 3259; x_wconf 90' lang='lat' dir='ltr'><strong>metuit.</strong></span> <span class='ocrx_word' id='word_1_445' title='bbox 1353 3203 1450 3261; x_wconf 86' lang='lat' dir='ltr'><strong>llic</strong></span> <span class='ocrx_word' id='word_1_446' title='bbox 1492 3206 1658 3274; x_wconf 84' lang='lat' dir='ltr'><strong>igitur</strong></span> <span class='ocrx_word' id='word_1_447' title='bbox 1697 3216 1959 3274; x_wconf 87' lang='lat' dir='ltr'><strong>mortuus,</strong></span> 
     </span>
    </p>
   </div>
   <div class='ocr_carea' id='block_1_62' title="bbox 383 3291 1962 3371">
    <p class='ocr_par' dir='ltr' id='par_1_62' title="bbox 383 3291 1962 3371">
     <span class='ocr_line' id='line_1_62' title="bbox 383 3291 1962 3371; baseline 0.008 -30"><span class='ocrx_word' id='word_1_448' title='bbox 383 3295 512 3343; x_wconf 92' lang='lat' dir='ltr'><strong>tunc</strong></span> <span class='ocrx_word' id='word_1_449' title='bbox 535 3291 744 3357; x_wconf 90' lang='lat' dir='ltr'><strong>beatus,</strong></span> <span class='ocrx_word' id='word_1_450' title='bbox 772 3293 972 3358; x_wconf 89' lang='lat' dir='ltr'><strong>anima,</strong></span> <span class='ocrx_word' id='word_1_451' title='bbox 996 3294 1236 3363; x_wconf 90' lang='lat' dir='ltr'><strong>inquam,</strong></span> <span class='ocrx_word' id='word_1_452' title='bbox 1259 3298 1563 3367; x_wconf 68' lang='lat' dir='ltr'><strong>animaeque</strong></span> <span class='ocrx_word' id='word_1_453' title='bbox 1581 3298 1756 3371; x_wconf 90' lang='lat' dir='ltr'><strong>imago</strong></span> <span class='ocrx_word' id='word_1_454' title='bbox 1776 3308 1962 3368; x_wconf 89' lang='lat' dir='ltr'><strong>aperte</strong></span> 
     </span>
    </p>
   </div>
   <div class='ocr_carea' id='block_1_63' title="bbox 383 3379 1960 3445">
    <p class='ocr_par' dir='ltr' id='par_1_63' title="bbox 383 3379 1960 3445">
     <span class='ocr_line' id='line_1_63' title="bbox 383 3379 1960 3445; baseline 0.007 -13"><span class='ocrx_word' id='word_1_455' title='bbox 383 3379 516 3433; x_wconf 88' lang='lat' dir='ltr'><strong>mihi</strong></span> <span class='ocrx_word' id='word_1_456' title='bbox 546 3380 596 3434; x_wconf 92' lang='lat' dir='ltr'><strong>in</strong></span> <span class='ocrx_word' id='word_1_457' title='bbox 635 3380 735 3435; x_wconf 88' lang='lat' dir='ltr'><strong>hoc</strong></span> <span class='ocrx_word' id='word_1_458' title='bbox 771 3383 1007 3438; x_wconf 85' lang='lat' dir='ltr'><strong>scabello</strong></span> <span class='ocrx_word' id='word_1_459' title='bbox 1039 3387 1246 3441; x_wconf 85' lang='lat' dir='ltr'><strong>sedenti</strong></span> <span class='ocrx_word' id='word_1_460' title='bbox 1279 3387 1458 3444; x_wconf 88' lang='lat' dir='ltr'><strong>astitit</strong></span> <span class='ocrx_word' id='word_1_461' title='bbox 1486 3405 1501 3443; x_wconf 92' lang='lat'><strong>:</strong></span> <span class='ocrx_word' id='word_1_462' title='bbox 1533 3390 1754 3444; x_wconf 89' lang='lat' dir='ltr'><strong>credere</strong></span> <span class='ocrx_word' id='word_1_463' title='bbox 1778 3398 1960 3445; x_wconf 83' lang='lat' dir='ltr'><strong>autem</strong></span> 
     </span>
    </p>
   </div>
   <div class='ocr_carea' id='block_1_64' title="bbox 381 3473 1958 3550">
    <p class='ocr_par' dir='ltr' id='par_1_64' title="bbox 381 3473 1958 3550">
     <span class='ocr_line' id='line_1_64' title="bbox 381 3473 1958 3550; baseline 0.008 -27"><span class='ocrx_word' id='word_1_464' title='bbox 381 3479 598 3539; x_wconf 65' lang='lat' dir='ltr'><strong>Oportet</strong></span> <span class='ocrx_word' id='word_1_465' title='bbox 638 3473 898 3540; x_wconf 87' lang='lat' dir='ltr'><strong>sermoni,</strong></span> <span class='ocrx_word' id='word_1_466' title='bbox 939 3490 1099 3545; x_wconf 90' lang='lat' dir='ltr'><strong>quem</strong></span> <span class='ocrx_word' id='word_1_467' title='bbox 1149 3475 1289 3531; x_wconf 84' lang='lat' dir='ltr'><strong>visio</strong></span> <span class='ocrx_word' id='word_1_468' title='bbox 1341 3477 1647 3548; x_wconf 87' lang='lat' dir='ltr'><strong>philosophi</strong></span> <span class='ocrx_word' id='word_1_469' title='bbox 1695 3479 1958 3550; x_wconf 88' lang='lat' dir='ltr'><strong>principis</strong></span> 
     </span>
    </p>
   </div>
   <div class='ocr_carea' id='block_1_65' title="bbox 384 3560 1965 3641">
    <p class='ocr_par' dir='ltr' id='par_1_65' title="bbox 384 3560 1965 3641">
     <span class='ocr_line' id='line_1_65' title="bbox 384 3560 1965 3641; baseline 0.009 -29"><span class='ocrx_word' id='word_1_470' title='bbox 384 3560 676 3617; x_wconf 83' lang='lat' dir='ltr'><strong>conﬁrmat</strong></span> <span class='ocrx_word' id='word_1_471' title='bbox 712 3571 767 3618; x_wconf 91' lang='lat' dir='ltr'><strong>et</strong></span> <span class='ocrx_word' id='word_1_472' title='bbox 806 3579 995 3621; x_wconf 88' lang='lat' dir='ltr'><strong>recens</strong></span> <span class='ocrx_word' id='word_1_473' title='bbox 1024 3566 1250 3623; x_wconf 88' lang='lat' dir='ltr'><strong>alterius</strong></span> <span class='ocrx_word' id='word_1_474' title='bbox 1279 3567 1422 3623; x_wconf 82' lang='lat' dir='ltr'><strong>fama</strong></span> <span class='ocrx_word' id='word_1_475' title='bbox 1449 3583 1574 3624; x_wconf 86' lang='lat' dir='ltr'><strong>vere</strong></span> <span class='ocrx_word' id='word_1_476' title='bbox 1589 3570 1810 3641; x_wconf 87' lang='lat' dir='ltr'><strong>secundi</strong></span> <span class='ocrx_word' id='word_1_477' title='bbox 1843 3581 1965 3640; x_wconf 91' lang='lat' dir='ltr'><strong>post</strong></span> 
     </span>
    </p>
   </div>
   <div class='ocr_carea' id='block_1_66' title="bbox 384 3650 1963 3731">
    <p class='ocr_par' dir='ltr' id='par_1_66' title="bbox 384 3650 1963 3731">
     <span class='ocr_line' id='line_1_66' title="bbox 384 3650 1963 3731; baseline 0.009 -26"><span class='ocrx_word' id='word_1_478' title='bbox 384 3650 532 3706; x_wconf 90' lang='lat' dir='ltr'><strong>illum</strong></span> <span class='ocrx_word' id='word_1_479' title='bbox 569 3664 623 3706; x_wconf 93' lang='lat' dir='ltr'><strong>et</strong></span> <span class='ocrx_word' id='word_1_480' title='bbox 667 3654 893 3726; x_wconf 87' lang='lat' dir='ltr'><strong>insuper</strong></span> <span class='ocrx_word' id='word_1_481' title='bbox 925 3660 1122 3714; x_wconf 88' lang='lat' dir='ltr'><strong>tertius</strong></span> <span class='ocrx_word' id='word_1_482' title='bbox 1152 3671 1464 3730; x_wconf 82' lang='lat' dir='ltr'><strong>suggestus,</strong></span> <span class='ocrx_word' id='word_1_483' title='bbox 1490 3669 1544 3717; x_wconf 90' lang='lat' dir='ltr'><strong>et</strong></span> <span class='ocrx_word' id='word_1_484' title='bbox 1570 3664 1659 3731; x_wconf 91' lang='lat' dir='ltr'><strong>qui</strong></span> <span class='ocrx_word' id='word_1_485' title='bbox 1692 3665 1804 3718; x_wconf 56' lang='lat' dir='ltr'><strong>haec</strong></span> <span class='ocrx_word' id='word_1_486' title='bbox 1827 3667 1963 3719; x_wconf 89' lang='lat' dir='ltr'><strong>scri-</strong></span> 
     </span>
    </p>
   </div>
   <div class='ocr_carea' id='block_1_67' title="bbox 383 3743 1962 3822">
    <p class='ocr_par' dir='ltr' id='par_1_67' title="bbox 383 3743 1962 3822">
     <span class='ocr_line' id='line_1_67' title="bbox 383 3743 1962 3822; baseline 0.01 -29"><span class='ocrx_word' id='word_1_487' title='bbox 383 3743 489 3811; x_wconf 88' lang='lat' dir='ltr'><strong>psit</strong></span> <span class='ocrx_word' id='word_1_488' title='bbox 511 3754 731 3815; x_wconf 91' lang='lat' dir='ltr'><strong>propter</strong></span> <span class='ocrx_word' id='word_1_489' title='bbox 757 3762 944 3803; x_wconf 90' lang='lat' dir='ltr'><strong>eorum</strong></span> <span class='ocrx_word' id='word_1_490' title='bbox 975 3764 1094 3818; x_wconf 64' lang='lat' dir='ltr'><strong>quae</strong></span> <span class='ocrx_word' id='word_1_491' title='bbox 1121 3751 1512 3817; x_wconf 72' lang='lat' dir='ltr'><strong>nuntiat/imus,</strong></span> <span class='ocrx_word' id='word_1_492' title='bbox 1542 3767 1791 3822; x_wconf 89' lang='lat' dir='ltr'><strong>pompam</strong></span> <span class='ocrx_word' id='word_1_493' title='bbox 1815 3754 1962 3809; x_wconf 82' lang='lat' dir='ltr'><strong>veri-</strong></span> 
     </span>
    </p>
   </div>
   <div class='ocr_carea' id='block_1_68' title="bbox 385 3835 1960 3913">
    <p class='ocr_par' dir='ltr' id='par_1_68' title="bbox 385 3835 1960 3913">
     <span class='ocr_line' id='line_1_68' title="bbox 385 3835 1960 3913; baseline 0.009 -27"><span class='ocrx_word' id='word_1_494' title='bbox 385 3835 510 3889; x_wconf 90' lang='lat' dir='ltr'><strong>tatis</strong></span> <span class='ocrx_word' id='word_1_495' title='bbox 540 3838 861 3894; x_wconf 90' lang='lat' dir='ltr'><strong>studiosam.</strong></span> <span class='ocrx_word' id='word_1_496' title='bbox 892 3839 1116 3896; x_wconf 90' lang='lat' dir='ltr'><strong>Proclus</strong></span> <span class='ocrx_word' id='word_1_497' title='bbox 1156 3856 1218 3896; x_wconf 86' lang='lat' dir='ltr'><strong>ea</strong></span> <span class='ocrx_word' id='word_1_498' title='bbox 1250 3856 1365 3912; x_wconf 87' lang='lat' dir='ltr'><strong>spe,</strong></span> <span class='ocrx_word' id='word_1_499' title='bbox 1406 3858 1568 3913; x_wconf 87' lang='lat' dir='ltr'><strong>quam</strong></span> <span class='ocrx_word' id='word_1_500' title='bbox 1601 3844 1667 3898; x_wconf 91' lang='lat' dir='ltr'><strong>de</strong></span> <span class='ocrx_word' id='word_1_501' title='bbox 1693 3858 1755 3898; x_wconf 90' lang='lat' dir='ltr'><strong>se</strong></span> <span class='ocrx_word' id='word_1_502' title='bbox 1776 3846 1960 3900; x_wconf 71' lang='lat' dir='ltr'><strong>conbi-</strong></span> 
     </span>
    </p>
   </div>
   <div class='ocr_carea' id='block_1_69' title="bbox 384 3922 1963 3999">
    <p class='ocr_par' dir='ltr' id='par_1_69' title="bbox 384 3922 1963 3999">
     <span class='ocr_line' id='line_1_69' title="bbox 384 3922 1963 3999; baseline 0.006 -23"><span class='ocrx_word' id='word_1_503' title='bbox 384 3932 524 3978; x_wconf 86' lang='lat' dir='ltr'><strong>tarat</strong></span> <span class='ocrx_word' id='word_1_504' title='bbox 565 3941 664 3981; x_wconf 89' lang='lat' dir='ltr'><strong>nec</strong></span> <span class='ocrx_word' id='word_1_505' title='bbox 691 3926 932 3984; x_wconf 84' lang='lat' dir='ltr'><strong>Platonis</strong></span> <span class='ocrx_word' id='word_1_506' title='bbox 966 3922 1309 3998; x_wconf 38' lang='lat' dir='ltr'><strong>dignitatem.</strong></span> <span class='ocrx_word' id='word_1_507' title='bbox 1335 3932 1639 3999; x_wconf 85' lang='lat' dir='ltr'><strong>aspernari,</strong></span> <span class='ocrx_word' id='word_1_508' title='bbox 1686 3947 1786 3987; x_wconf 87' lang='lat' dir='ltr'><strong>nec</strong></span> <span class='ocrx_word' id='word_1_509' title='bbox 1814 3931 1963 3988; x_wconf 80' lang='lat' dir='ltr'><strong>Jam-</strong></span> 
     </span>
    </p>
   </div>
   <div class='ocr_carea' id='block_1_70' title="bbox 384 4012 1961 4092">
    <p class='ocr_par' dir='ltr' id='par_1_70' title="bbox 384 4012 1961 4092">
     <span class='ocr_line' id='line_1_70' title="bbox 384 4012 1961 4092; baseline 0.006 -23"><span class='ocrx_word' id='word_1_510' title='bbox 384 4012 573 4079; x_wconf 76' lang='lat' dir='ltr'><strong>bliChi,</strong></span> <span class='ocrx_word' id='word_1_511' title='bbox 603 4031 701 4072; x_wconf 91' lang='lat' dir='ltr'><strong>nec</strong></span> <span class='ocrx_word' id='word_1_512' title='bbox 729 4015 1002 4074; x_wconf 87' lang='lat' dir='ltr'><strong>Plutarchi</strong></span> <span class='ocrx_word' id='word_1_513' title='bbox 1024 4019 1285 4089; x_wconf 85' lang='lat' dir='ltr'><strong>judicium</strong></span> <span class='ocrx_word' id='word_1_514' title='bbox 1309 4035 1642 4092; x_wconf 87' lang='lat' dir='ltr'><strong>oppugnare,</strong></span> <span class='ocrx_word' id='word_1_515' title='bbox 1669 4037 1769 4076; x_wconf 89' lang='lat' dir='ltr'><strong>nec</strong></span> <span class='ocrx_word' id='word_1_516' title='bbox 1797 4037 1961 4090; x_wconf 90' lang='lat' dir='ltr'><strong>supra</strong></span> 
     </span>
    </p>
   </div>
   <div class='ocr_carea' id='block_1_71' title="bbox 383 4108 1963 4185">
    <p class='ocr_par' dir='ltr' id='par_1_71' title="bbox 383 4108 1963 4185">
     <span class='ocr_line' id='line_1_71' title="bbox 383 4108 1963 4185; baseline 0.004 -23"><span class='ocrx_word' id='word_1_517' title='bbox 383 4108 743 4164; x_wconf 89' lang='lat' dir='ltr'><strong>communiter</strong></span> <span class='ocrx_word' id='word_1_518' title='bbox 761 4110 894 4166; x_wconf 90' lang='lat' dir='ltr'><strong>utile</strong></span> <span class='ocrx_word' id='word_1_519' title='bbox 915 4112 1205 4167; x_wconf 90' lang='lat' dir='ltr'><strong>consilium</strong></span> <span class='ocrx_word' id='word_1_520' title='bbox 1235 4127 1428 4183; x_wconf 82' lang='lat' dir='ltr'><strong>sapere</strong></span> <span class='ocrx_word' id='word_1_521' title='bbox 1461 4115 1659 4183; x_wconf 88' lang='lat' dir='ltr'><strong>potuit:</strong></span> <span class='ocrx_word' id='word_1_522' title='bbox 1679 4115 1772 4169; x_wconf 84' lang='lat' dir='ltr'><strong>sed</strong></span> <span class='ocrx_word' id='word_1_523' title='bbox 1791 4131 1963 4185; x_wconf 87' lang='lat' dir='ltr'><strong>quan-</strong></span> 
     </span>
    </p>
   </div>
   <div class='ocr_carea' id='block_1_72' title="bbox 387 4201 1961 4274">
    <p class='ocr_par' dir='ltr' id='par_1_72' title="bbox 387 4201 1961 4274">
     <span class='ocr_line' id='line_1_72' title="bbox 387 4201 1961 4274; baseline 0.008 -22"><span class='ocrx_word' id='word_1_524' title='bbox 387 4206 500 4252; x_wconf 91' lang='lat' dir='ltr'><strong>tum</strong></span> <span class='ocrx_word' id='word_1_525' title='bbox 531 4201 812 4256; x_wconf 89' lang='lat' dir='ltr'><strong>crescebat</strong></span> <span class='ocrx_word' id='word_1_526' title='bbox 839 4203 1065 4257; x_wconf 89' lang='lat' dir='ltr'><strong>instituti</strong></span> <span class='ocrx_word' id='word_1_527' title='bbox 1108 4204 1421 4274; x_wconf 88' lang='lat' dir='ltr'><strong>magnitudo</strong></span> <span class='ocrx_word' id='word_1_528' title='bbox 1449 4206 1502 4259; x_wconf 91' lang='lat' dir='ltr'><strong>in</strong></span> <span class='ocrx_word' id='word_1_529' title='bbox 1534 4206 1781 4271; x_wconf 88' lang='lat' dir='ltr'><strong>dicendo,</strong></span> <span class='ocrx_word' id='word_1_530' title='bbox 1813 4216 1961 4264; x_wconf 74' lang='lat' dir='ltr'><strong>tanto</strong></span> 
     </span>
    </p>
   </div>
   <div class='ocr_carea' id='block_1_73' title="bbox 384 4291 1958 4370">
    <p class='ocr_par' dir='ltr' id='par_1_73' title="bbox 384 4291 1958 4370">
     <span class='ocr_line' id='line_1_73' title="bbox 384 4291 1958 4370; baseline 0.007 -25"><span class='ocrx_word' id='word_1_531' title='bbox 384 4291 563 4346; x_wconf 91' lang='lat' dir='ltr'><strong>minus</strong></span> <span class='ocrx_word' id='word_1_532' title='bbox 611 4297 940 4363; x_wconf 90' lang='lat' dir='ltr'><strong>persuadere</strong></span> <span class='ocrx_word' id='word_1_533' title='bbox 992 4297 1095 4352; x_wconf 90' lang='lat' dir='ltr'><strong>sibi</strong></span> <span class='ocrx_word' id='word_1_534' title='bbox 1148 4298 1455 4367; x_wconf 87' lang='lat' dir='ltr'><strong>patiebatur</strong></span> <span class='ocrx_word' id='word_1_535' title='bbox 1502 4298 1760 4367; x_wconf 87' lang='lat' dir='ltr'><strong>Isidorus,</strong></span> <span class='ocrx_word' id='word_1_536' title='bbox 1816 4304 1958 4370; x_wconf 92' lang='lat' dir='ltr'><strong>quod</strong></span> 
     </span>
    </p>
   </div>
   <div class='ocr_carea' id='block_1_74' title="bbox 384 4384 1960 4459">
    <p class='ocr_par' dir='ltr' id='par_1_74' title="bbox 384 4384 1960 4459">
     <span class='ocr_line' id='line_1_74' title="bbox 384 4384 1960 4459; baseline 0.006 -21"><span class='ocrx_word' id='word_1_537' title='bbox 384 4384 563 4454; x_wconf 89' lang='lat' dir='ltr'><strong>majus</strong></span> <span class='ocrx_word' id='word_1_538' title='bbox 586 4396 733 4442; x_wconf 89' lang='lat' dir='ltr'><strong>esset</strong></span> <span class='ocrx_word' id='word_1_539' title='bbox 757 4402 919 4454; x_wconf 90' lang='lat' dir='ltr'><strong>onus,</strong></span> <span class='ocrx_word' id='word_1_540' title='bbox 946 4402 1108 4457; x_wconf 90' lang='lat' dir='ltr'><strong>quam</strong></span> <span class='ocrx_word' id='word_1_541' title='bbox 1139 4387 1285 4445; x_wconf 81' lang='lat' dir='ltr'><strong>ferre</strong></span> <span class='ocrx_word' id='word_1_542' title='bbox 1306 4400 1505 4459; x_wconf 88' lang='lat' dir='ltr'><strong>posset.</strong></span> <span class='ocrx_word' id='word_1_543' title='bbox 1533 4390 1808 4447; x_wconf 87' lang='lat' dir='ltr'><strong>Sollicitus</strong></span> <span class='ocrx_word' id='word_1_544' title='bbox 1831 4407 1960 4447; x_wconf 88' lang='lat' dir='ltr'><strong>vero</strong></span> 
     </span>
    </p>
   </div>
   <div class='ocr_carea' id='block_1_75' title="bbox 384 4474 1955 4554">
    <p class='ocr_par' dir='ltr' id='par_1_75' title="bbox 384 4474 1955 4554">
     <span class='ocr_line' id='line_1_75' title="bbox 384 4474 1955 4554; baseline 0.005 -25"><span class='ocrx_word' id='word_1_545' title='bbox 384 4485 504 4530; x_wconf 88' lang='lat' dir='ltr'><strong>erat</strong></span> <span class='ocrx_word' id='word_1_546' title='bbox 531 4474 758 4534; x_wconf 89' lang='lat' dir='ltr'><strong>Proclus</strong></span> <span class='ocrx_word' id='word_1_547' title='bbox 785 4477 853 4534; x_wconf 93' lang='lat' dir='ltr'><strong>de</strong></span> <span class='ocrx_word' id='word_1_548' title='bbox 889 4493 1053 4535; x_wconf 89' lang='lat' dir='ltr'><strong>aurea</strong></span> <span class='ocrx_word' id='word_1_549' title='bbox 1096 4494 1284 4535; x_wconf 87' lang='lat' dir='ltr'><strong>revera</strong></span> <span class='ocrx_word' id='word_1_550' title='bbox 1318 4479 1560 4536; x_wconf 89' lang='lat' dir='ltr'><strong>Platonis</strong></span> <span class='ocrx_word' id='word_1_551' title='bbox 1590 4491 1782 4538; x_wconf 88' lang='lat' dir='ltr'><strong>catena</strong></span> <span class='ocrx_word' id='word_1_552' title='bbox 1819 4482 1955 4554; x_wconf 58' lang='grc' dir='ltr'>(Ξῖ),</span> 
     </span>
    </p>
   </div>
   <div class='ocr_carea' id='block_1_76' title="bbox 387 4565 1958 4639">
    <p class='ocr_par' dir='ltr' id='par_1_76' title="bbox 387 4565 1958 4639">
     <span class='ocr_line' id='line_1_76' title="bbox 387 4565 1958 4639; baseline 0.004 -20"><span class='ocrx_word' id='word_1_553' title='bbox 387 4580 457 4620; x_wconf 91' lang='lat' dir='ltr'><strong>ne</strong></span> <span class='ocrx_word' id='word_1_554' title='bbox 487 4565 645 4622; x_wconf 91' lang='lat' dir='ltr'><strong>nobis</strong></span> <span class='ocrx_word' id='word_1_555' title='bbox 674 4568 860 4623; x_wconf 90' lang='lat' dir='ltr'><strong>urbem</strong></span> <span class='ocrx_word' id='word_1_556' title='bbox 903 4569 1287 4624; x_wconf 87' lang='lat' dir='ltr'><strong>Atheniensem</strong></span> <span class='ocrx_word' id='word_1_557' title='bbox 1343 4570 1693 4639; x_wconf 74' lang='lat' dir='ltr'><strong>relinqueret.</strong></span> <span class='ocrx_word' id='word_1_558' title='bbox 1745 4571 1958 4627; x_wconf 84' lang='lat' dir='ltr'><strong>Sollici—</strong></span> 
     </span>
    </p>
   </div>
   <div class='ocr_carea' id='block_1_77' title="bbox 2063 2932 3656 3006">
    <p class='ocr_par' dir='ltr' id='par_1_77' title="bbox 2063 2932 3656 3006">
     <span class='ocr_line' id='line_1_77' title="bbox 2063 2932 3656 3006; baseline 0.003 -21"><span class='ocrx_word' id='word_1_559' title='bbox 2063 2932 2394 3004; x_wconf 81' lang='grc' dir='ltr'>ἐπιστήμης.</span> <span class='ocrx_word' id='word_1_560' title='bbox 2432 2933 2514 2987; x_wconf 84' lang='grc' dir='ltr'>Τά</span> <span class='ocrx_word' id='word_1_561' title='bbox 2542 2934 2846 3004; x_wconf 87' lang='grc' dir='ltr'>ἀρέσκοντα</span> <span class='ocrx_word' id='word_1_562' title='bbox 2890 2937 3003 2997; x_wconf 82' lang='grc' dir='ltr'>τοῖς</span> <span class='ocrx_word' id='word_1_563' title='bbox 3053 2933 3350 3004; x_wconf 75' lang='grc' dir='ltr'>ἐξηγηταῖς</span> <span class='ocrx_word' id='word_1_564' title='bbox 3396 2934 3656 3006; x_wconf 85' lang='grc' dir='ltr'>ἀπεγρά-</span> 
     </span>
    </p>
   </div>
   <div class='ocr_carea' id='block_1_78' title="bbox 2065 3023 3654 3097">
    <p class='ocr_par' dir='ltr' id='par_1_78' title="bbox 2065 3023 3654 3097">
     <span class='ocr_line' id='line_1_78' title="bbox 2065 3023 3654 3097; baseline 0.004 -23"><span class='ocrx_word' id='word_1_565' title='bbox 2065 3038 2218 3092; x_wconf 89' lang='grc' dir='ltr'>φετο,</span> <span class='ocrx_word' id='word_1_566' title='bbox 2249 3025 2329 3086; x_wconf 81' lang='grc' dir='ltr'><strong>εἰς</strong></span> <span class='ocrx_word' id='word_1_567' title='bbox 2356 3023 2417 3075; x_wconf 80' lang='grc' dir='ltr'><strong>τὸ</strong></span> <span class='ocrx_word' id='word_1_568' title='bbox 2441 3023 2540 3092; x_wconf 82' lang='grc' dir='ltr'>τῆς</span> <span class='ocrx_word' id='word_1_569' title='bbox 2577 3023 2748 3095; x_wconf 85' lang='grc' dir='ltr'>λήθης</span> <span class='ocrx_word' id='word_1_570' title='bbox 2781 3026 2978 3097; x_wconf 83' lang='grc' dir='ltr'>γῆρας,</span> <span class='ocrx_word' id='word_1_571' title='bbox 3000 3025 3076 3088; x_wconf 84' lang='grc' dir='ltr'><strong>ὡς</strong></span> <span class='ocrx_word' id='word_1_572' title='bbox 3104 3024 3208 3095; x_wconf 77' lang='grc' dir='ltr'>ἔφη</span> <span class='ocrx_word' id='word_1_573' title='bbox 3232 3026 3479 3091; x_wconf 87' lang='grc' dir='ltr'>Πλάτων,</span> <span class='ocrx_word' id='word_1_574' title='bbox 3511 3028 3654 3081; x_wconf 82' lang='grc' dir='ltr'><strong>ὕπο-</strong></span> 
     </span>
    </p>
   </div>
   <div class='ocr_carea' id='block_1_79' title="bbox 2067 3113 3659 3186">
    <p class='ocr_par' dir='ltr' id='par_1_79' title="bbox 2067 3113 3659 3186">
     <span class='ocr_line' id='line_1_79' title="bbox 2067 3113 3659 3186; baseline 0.003 -21"><span class='ocrx_word' id='word_1_575' title='bbox 2067 3113 2333 3183; x_wconf 87' lang='grc' dir='ltr'>μνήματα</span> <span class='ocrx_word' id='word_1_576' title='bbox 2406 3115 2450 3146; x_wconf 82' lang='grc'><strong>¹⁰</strong></span> <span class='ocrx_word' id='word_1_577' title='bbox 2481 3113 2824 3168; x_wconf 84' lang='grc' dir='ltr'>καταλείπων</span> <span class='ocrx_word' id='word_1_578' title='bbox 2873 3115 3050 3186; x_wconf 84' lang='grc' dir='ltr'>ἐαυτῷ</span> <span class='ocrx_word' id='word_1_579' title='bbox 3083 3116 3182 3169; x_wconf 76' lang='grc' dir='ltr'>καὶ</span> <span class='ocrx_word' id='word_1_580' title='bbox 3216 3115 3659 3186; x_wconf 80' lang='grc' dir='ltr'>ἀποθησαυριζό-</span> 
     </span>
    </p>
   </div>
   <div class='ocr_carea' id='block_1_80' title="bbox 2067 3205 3658 3278">
    <p class='ocr_par' dir='ltr' id='par_1_80' title="bbox 2067 3205 3658 3278">
     <span class='ocr_line' id='line_1_80' title="bbox 2067 3205 3658 3278; baseline 0.002 -20"><span class='ocrx_word' id='word_1_581' title='bbox 2067 3221 2247 3274; x_wconf 87' lang='grc' dir='ltr'>μενος.</span> <span class='ocrx_word' id='word_1_582' title='bbox 2296 3206 2407 3258; x_wconf 74' lang='grc' dir='ltr'><strong>Καὶ</strong></span> <span class='ocrx_word' id='word_1_583' title='bbox 2461 3205 2561 3276; x_wconf 82' lang='grc' dir='ltr'>τὴν</span> <span class='ocrx_word' id='word_1_584' title='bbox 2602 3206 2698 3259; x_wconf 82' lang='grc' dir='ltr'>τοῦ</span> <span class='ocrx_word' id='word_1_585' title='bbox 2739 3206 2992 3277; x_wconf 87' lang='grc' dir='ltr'>σώματος</span> <span class='ocrx_word' id='word_1_586' title='bbox 3026 3206 3303 3278; x_wconf 74' lang='grc' dir='ltr'>ἀπορροὴν</span> <span class='ocrx_word' id='word_1_587' title='bbox 3352 3207 3567 3278; x_wconf 86' lang='grc' dir='ltr'>βλέπων</span> <span class='ocrx_word' id='word_1_588' title='bbox 3624 3206 3658 3261; x_wconf 85' lang='lat'><strong>6</strong></span> 
     </span>
    </p>
   </div>
   <div class='ocr_carea' id='block_1_81' title="bbox 2064 3294 3655 3370">
    <p class='ocr_par' dir='ltr' id='par_1_81' title="bbox 2064 3294 3655 3370">
     <span class='ocr_line' id='line_1_81' title="bbox 2064 3294 3655 3370; baseline 0.004 -22"><span class='ocrx_word' id='word_1_589' title='bbox 2064 3294 2305 3366; x_wconf 82' lang='grc' dir='ltr'>Πρόκλος</span> <span class='ocrx_word' id='word_1_590' title='bbox 2328 3295 2515 3351; x_wconf 86' lang='grc' dir='ltr'>ἐδεδίει</span> <span class='ocrx_word' id='word_1_591' title='bbox 2533 3299 2661 3368; x_wconf 83' lang='grc' dir='ltr'>περὶ</span> <span class='ocrx_word' id='word_1_592' title='bbox 2679 3297 2756 3368; x_wconf 80' lang='grc' dir='ltr'><strong>τῷ</strong></span> <span class='ocrx_word' id='word_1_593' title='bbox 2775 3297 3058 3369; x_wconf 84' lang='grc' dir='ltr'>νεανίσκῳ.</span> <span class='ocrx_word' id='word_1_594' title='bbox 3077 3299 3134 3352; x_wconf 88' lang='grc' dir='ltr'><strong>Ὀ</strong></span> <span class='ocrx_word' id='word_1_595' title='bbox 3156 3300 3332 3352; x_wconf 85' lang='grc' dir='ltr'>τοίνυν</span> <span class='ocrx_word' id='word_1_596' title='bbox 3348 3299 3655 3370; x_wconf 87' lang='grc' dir='ltr'>τεθνηκὼς,</span> 
     </span>
    </p>
   </div>
   <div class='ocr_carea' id='block_1_82' title="bbox 2063 3384 3658 3464">
    <p class='ocr_par' dir='ltr' id='par_1_82' title="bbox 2063 3384 3658 3464">
     <span class='ocr_line' id='line_1_82' title="bbox 2063 3384 3658 3464; baseline 0.01 -22"><span class='ocrx_word' id='word_1_597' title='bbox 2063 3390 2092 3442; x_wconf 93' lang='lat'><strong>6</strong></span> <span class='ocrx_word' id='word_1_598' title='bbox 2130 3389 2361 3462; x_wconf 82' lang='grc' dir='ltr'>εὐτυχὴς</span> <span class='ocrx_word' id='word_1_599' title='bbox 2389 3384 2541 3453; x_wconf 72' lang='grc' dir='ltr'>οὗτος</span> <span class='ocrx_word' id='word_1_600' title='bbox 2587 3388 2702 3457; x_wconf 81' lang='grc' dir='ltr'>νῦν,</span> <span class='ocrx_word' id='word_1_601' title='bbox 2734 3393 2766 3458; x_wconf 82' lang='grc' dir='ltr'>ἡ</span> <span class='ocrx_word' id='word_1_602' title='bbox 2796 3390 2943 3461; x_wconf 81' lang='grc' dir='ltr'>ψυχή</span> <span class='ocrx_word' id='word_1_603' title='bbox 2978 3409 3120 3462; x_wconf 88' lang='grc' dir='ltr'>φημι</span> <span class='ocrx_word' id='word_1_604' title='bbox 3146 3391 3241 3445; x_wconf 77' lang='grc' dir='ltr'>καὶ</span> <span class='ocrx_word' id='word_1_605' title='bbox 3266 3392 3327 3445; x_wconf 81' lang='grc' dir='ltr'>τὸ</span> <span class='ocrx_word' id='word_1_606' title='bbox 3350 3393 3449 3461; x_wconf 85' lang='grc' dir='ltr'><strong>τῆς</strong></span> <span class='ocrx_word' id='word_1_607' title='bbox 3469 3392 3658 3464; x_wconf 76' lang='grc' dir='ltr'>ψυχῆς</span> 
     </span>
    </p>
   </div>
   <div class='ocr_carea' id='block_1_83' title="bbox 2065 3482 3658 3555">
    <p class='ocr_par' dir='ltr' id='par_1_83' title="bbox 2065 3482 3658 3555">
     <span class='ocr_line' id='line_1_83' title="bbox 2065 3482 3658 3555; baseline 0.002 -19"><span class='ocrx_word' id='word_1_608' title='bbox 2065 3482 2307 3548; x_wconf 76' lang='grc' dir='ltr'>εἴδωλον,</span> <span class='ocrx_word' id='word_1_609' title='bbox 2340 3482 2587 3554; x_wconf 81' lang='grc' dir='ltr'>παρέστη</span> <span class='ocrx_word' id='word_1_610' title='bbox 2623 3500 2713 3554; x_wconf 87' lang='grc' dir='ltr'><strong>μοι</strong></span> <span class='ocrx_word' id='word_1_611' title='bbox 2744 3484 3051 3552; x_wconf 84' lang='grc' dir='ltr'>ἀναφανδὸν</span> <span class='ocrx_word' id='word_1_612' title='bbox 3079 3485 3173 3537; x_wconf 78' lang='grc' dir='ltr'>ἐπὶ</span> <span class='ocrx_word' id='word_1_613' title='bbox 3190 3484 3343 3537; x_wconf 79' lang='grc' dir='ltr'>τοῦδε</span> <span class='ocrx_word' id='word_1_614' title='bbox 3366 3486 3461 3538; x_wconf 81' lang='grc' dir='ltr'>τοῦ</span> <span class='ocrx_word' id='word_1_615' title='bbox 3489 3487 3658 3555; x_wconf 82' lang='grc' dir='ltr'>σκίμ-</span> 
     </span>
    </p>
   </div>
   <div class='ocr_carea' id='block_1_84' title="bbox 2065 3573 3655 3646">
    <p class='ocr_par' dir='ltr' id='par_1_84' title="bbox 2065 3573 3655 3646">
     <span class='ocr_line' id='line_1_84' title="bbox 2065 3573 3655 3646; baseline 0.001 -19"><span class='ocrx_word' id='word_1_616' title='bbox 2065 3574 2226 3637; x_wconf 81' lang='grc' dir='ltr'>ποδος</span> <span class='ocrx_word' id='word_1_617' title='bbox 2253 3573 2620 3644; x_wconf 84' lang='grc' dir='ltr'>ἀνακειμένῳ.</span> <span class='ocrx_word' id='word_1_618' title='bbox 2655 3574 2933 3628; x_wconf 77' lang='grc' dir='ltr'>Ἀπιστεῖν</span> <span class='ocrx_word' id='word_1_619' title='bbox 2963 3574 3020 3627; x_wconf 83' lang='grc' dir='ltr'>δὲ</span> <span class='ocrx_word' id='word_1_620' title='bbox 3049 3575 3111 3628; x_wconf 88' lang='grc' dir='ltr'>οὐ</span> <span class='ocrx_word' id='word_1_621' title='bbox 3143 3574 3351 3629; x_wconf 83' lang='grc' dir='ltr'>δίκαιον</span> <span class='ocrx_word' id='word_1_622' title='bbox 3386 3574 3463 3645; x_wconf 85' lang='grc' dir='ltr'>τῷ</span> <span class='ocrx_word' id='word_1_623' title='bbox 3488 3576 3655 3646; x_wconf 79' lang='grc' dir='ltr'>Λόγῳ</span> 
     </span>
    </p>
   </div>
   <div class='ocr_carea' id='block_1_85' title="bbox 2066 3663 3655 3736">
    <p class='ocr_par' dir='ltr' id='par_1_85' title="bbox 2066 3663 3655 3736">
     <span class='ocr_line' id='line_1_85' title="bbox 2066 3663 3655 3736; baseline 0.003 -19"><span class='ocrx_word' id='word_1_624' title='bbox 2066 3664 2440 3736; x_wconf 80' lang='grc' dir='ltr'>βεϐαιουμένῳ</span> <span class='ocrx_word' id='word_1_625' title='bbox 2465 3664 2571 3736; x_wconf 80' lang='grc' dir='ltr'><strong>θέᾳ</strong></span> <span class='ocrx_word' id='word_1_626' title='bbox 2594 3681 2655 3717; x_wconf 91' lang='grc' dir='ltr'>τε</span> <span class='ocrx_word' id='word_1_627' title='bbox 2683 3665 2907 3735; x_wconf 85' lang='grc' dir='ltr'>ἐναργεῖ</span> <span class='ocrx_word' id='word_1_628' title='bbox 2923 3663 3017 3717; x_wconf 84' lang='grc' dir='ltr'>τοῦ</span> <span class='ocrx_word' id='word_1_629' title='bbox 3045 3666 3342 3735; x_wconf 78' lang='grc' dir='ltr'>κορυφαίου</span> <span class='ocrx_word' id='word_1_630' title='bbox 3365 3667 3530 3735; x_wconf 78' lang='grc' dir='ltr'>σοφοῦ</span> <span class='ocrx_word' id='word_1_631' title='bbox 3555 3668 3655 3722; x_wconf 69' lang='grc' dir='ltr'>καὶ</span> 
     </span>
    </p>
   </div>
   <div class='ocr_carea' id='block_1_86' title="bbox 2063 3755 3656 3833">
    <p class='ocr_par' dir='ltr' id='par_1_86' title="bbox 2063 3755 3656 3833">
     <span class='ocr_line' id='line_1_86' title="bbox 2063 3755 3656 3833; baseline 0.003 -25"><span class='ocrx_word' id='word_1_632' title='bbox 2063 3755 2202 3827; x_wconf 78' lang='grc' dir='ltr'>ἀκοῇ</span> <span class='ocrx_word' id='word_1_633' title='bbox 2233 3756 2537 3827; x_wconf 83' lang='grc' dir='ltr'>προσφάτῳ</span> <span class='ocrx_word' id='word_1_634' title='bbox 2568 3755 2659 3809; x_wconf 81' lang='grc' dir='ltr'><strong>τοῦ</strong></span> <span class='ocrx_word' id='word_1_635' title='bbox 2689 3756 2942 3827; x_wconf 87' lang='grc' dir='ltr'>δευτέρου</span> <span class='ocrx_word' id='word_1_636' title='bbox 2970 3758 3087 3824; x_wconf 86' lang='grc' dir='ltr'>μετ’</span> <span class='ocrx_word' id='word_1_637' title='bbox 3117 3758 3325 3812; x_wconf 85' lang='grc' dir='ltr'>ἐκεῖνον</span> <span class='ocrx_word' id='word_1_638' title='bbox 3353 3760 3488 3830; x_wconf 84' lang='grc' dir='ltr'>πρὸς</span> <span class='ocrx_word' id='word_1_639' title='bbox 3515 3759 3656 3833; x_wconf 80' lang='grc' dir='ltr'>ἀλή-</span> 
     </span>
    </p>
   </div>
   <div class='ocr_carea' id='block_1_87' title="bbox 2068 3845 3655 3922">
    <p class='ocr_par' dir='ltr' id='par_1_87' title="bbox 2068 3845 3655 3922">
     <span class='ocr_line' id='line_1_87' title="bbox 2068 3845 3655 3922; baseline 0.003 -23"><span class='ocrx_word' id='word_1_640' title='bbox 2068 3845 2222 3900; x_wconf 90' lang='grc' dir='ltr'>θειαν</span> <span class='ocrx_word' id='word_1_641' title='bbox 2274 3847 2339 3913; x_wconf 82' lang='lat'><strong>“,</strong></span> <span class='ocrx_word' id='word_1_642' title='bbox 2379 3846 2474 3901; x_wconf 76' lang='grc' dir='ltr'>καὶ</span> <span class='ocrx_word' id='word_1_643' title='bbox 2511 3846 2593 3900; x_wconf 73' lang='grc' dir='ltr'>ἔτι</span> <span class='ocrx_word' id='word_1_644' title='bbox 2634 3845 2712 3918; x_wconf 79' lang='grc' dir='ltr'><strong>τῷ</strong></span> <span class='ocrx_word' id='word_1_645' title='bbox 2740 3846 2910 3918; x_wconf 84' lang='grc' dir='ltr'>τρίτῳ</span> <span class='ocrx_word' id='word_1_646' title='bbox 2949 3847 3157 3919; x_wconf 84' lang='grc' dir='ltr'>βήματι</span> <span class='ocrx_word' id='word_1_647' title='bbox 3194 3850 3289 3902; x_wconf 77' lang='grc' dir='ltr'>καὶ</span> <span class='ocrx_word' id='word_1_648' title='bbox 3316 3850 3398 3912; x_wconf 82' lang='grc' dir='ltr'>εἰς</span> <span class='ocrx_word' id='word_1_649' title='bbox 3442 3849 3655 3922; x_wconf 88' lang='grc' dir='ltr'>ταύτην</span> 
     </span>
    </p>
   </div>
   <div class='ocr_carea' id='block_1_88' title="bbox 2067 3937 3656 4010">
    <p class='ocr_par' dir='ltr' id='par_1_88' title="bbox 2067 3937 3656 4010">
     <span class='ocr_line' id='line_1_88' title="bbox 2067 3937 3656 4010; baseline 0 -18"><span class='ocrx_word' id='word_1_650' title='bbox 2067 3937 2474 4008; x_wconf 76' lang='grc' dir='ltr'>καταδεύηκότι</span> <span class='ocrx_word' id='word_1_651' title='bbox 2499 3937 2600 4008; x_wconf 84' lang='grc' dir='ltr'>τὴν</span> <span class='ocrx_word' id='word_1_652' title='bbox 2626 3938 2950 4010; x_wconf 81' lang='grc' dir='ltr'>συγγραφὴν</span> <span class='ocrx_word' id='word_1_653' title='bbox 2974 3938 3078 3993; x_wconf 78' lang='grc' dir='ltr'><strong>ὑπὸ</strong></span> <span class='ocrx_word' id='word_1_654' title='bbox 3107 3940 3172 4008; x_wconf 76' lang='grc' dir='ltr'><strong>τῇ</strong></span> <span class='ocrx_word' id='word_1_655' title='bbox 3205 3938 3489 4008; x_wconf 77' lang='grc' dir='ltr'>φιλαλήθει</span> <span class='ocrx_word' id='word_1_656' title='bbox 3508 3957 3656 4010; x_wconf 83' lang='grc' dir='ltr'>πομ-</span> 
     </span>
    </p>
   </div>
   <div class='ocr_carea' id='block_1_89' title="bbox 2063 4027 3654 4100">
    <p class='ocr_par' dir='ltr' id='par_1_89' title="bbox 2063 4027 3654 4100">
     <span class='ocr_line' id='line_1_89' title="bbox 2063 4027 3654 4100; baseline 0.001 -20"><span class='ocrx_word' id='word_1_657' title='bbox 2063 4031 2142 4100; x_wconf 72' lang='grc' dir='ltr'>πῇ</span> <span class='ocrx_word' id='word_1_658' title='bbox 2175 4029 2274 4098; x_wconf 84' lang='grc' dir='ltr'>τῆς</span> <span class='ocrx_word' id='word_1_659' title='bbox 2306 4028 2447 4099; x_wconf 77' lang='grc' dir='ltr'>ἐμῆς</span> <span class='ocrx_word' id='word_1_660' title='bbox 2477 4027 2756 4097; x_wconf 72' lang='grc' dir='ltr'>ἀγγελίας.</span> <span class='ocrx_word' id='word_1_661' title='bbox 2785 4029 2895 4082; x_wconf 76' lang='grc' dir='ltr'><strong>Καὶ</strong></span> <span class='ocrx_word' id='word_1_662' title='bbox 2932 4030 2961 4082; x_wconf 89' lang='grc' dir='ltr'>ὁ</span> <span class='ocrx_word' id='word_1_663' title='bbox 2992 4027 3237 4100; x_wconf 83' lang='grc' dir='ltr'>Πρόκλος</span> <span class='ocrx_word' id='word_1_664' title='bbox 3261 4027 3503 4082; x_wconf 77' lang='grc' dir='ltr'>ἐπεδίδου</span> <span class='ocrx_word' id='word_1_665' title='bbox 3529 4031 3654 4094; x_wconf 84' lang='grc' dir='ltr'>ταῖς</span> 
     </span>
    </p>
   </div>
   <div class='ocr_carea' id='block_1_90' title="bbox 2066 4117 3652 4191">
    <p class='ocr_par' dir='ltr' id='par_1_90' title="bbox 2066 4117 3652 4191">
     <span class='ocr_line' id='line_1_90' title="bbox 2066 4117 3652 4191; baseline 0.003 -21"><span class='ocrx_word' id='word_1_666' title='bbox 2066 4119 2147 4181; x_wconf 84' lang='grc' dir='ltr'><strong>είς</strong></span> <span class='ocrx_word' id='word_1_667' title='bbox 2176 4119 2336 4172; x_wconf 81' lang='grc' dir='ltr'>αὐτὸν</span> <span class='ocrx_word' id='word_1_668' title='bbox 2365 4118 2600 4188; x_wconf 86' lang='grc' dir='ltr'>ὁρώσαις</span> <span class='ocrx_word' id='word_1_669' title='bbox 2626 4118 2807 4172; x_wconf 83' lang='grc' dir='ltr'>ἐλπίσι</span> <span class='ocrx_word' id='word_1_670' title='bbox 2839 4119 2975 4191; x_wconf 86' lang='grc' dir='ltr'><strong>μηδέ</strong></span> <span class='ocrx_word' id='word_1_671' title='bbox 3001 4119 3062 4173; x_wconf 87' lang='grc' dir='ltr'>τὸ</span> <span class='ocrx_word' id='word_1_672' title='bbox 3093 4117 3187 4173; x_wconf 80' lang='grc' dir='ltr'><strong>τοῦ</strong></span> <span class='ocrx_word' id='word_1_673' title='bbox 3221 4118 3503 4184; x_wconf 86' lang='grc' dir='ltr'>Πλάτωνος</span> <span class='ocrx_word' id='word_1_674' title='bbox 3527 4120 3652 4174; x_wconf 84' lang='grc' dir='ltr'>ἀτι-</span> 
     </span>
    </p>
   </div>
   <div class='ocr_carea' id='block_1_91' title="bbox 2070 4208 3652 4282">
    <p class='ocr_par' dir='ltr' id='par_1_91' title="bbox 2070 4208 3652 4282">
     <span class='ocr_line' id='line_1_91' title="bbox 2070 4208 3652 4282; baseline 0.003 -21"><span class='ocrx_word' id='word_1_675' title='bbox 2070 4208 2262 4279; x_wconf 76' lang='grc' dir='ltr'>μάζειν</span> <span class='ocrx_word' id='word_1_676' title='bbox 2311 4208 2549 4280; x_wconf 80' lang='grc' dir='ltr'>ἀξίωμα,</span> <span class='ocrx_word' id='word_1_677' title='bbox 2601 4209 2737 4280; x_wconf 83' lang='grc' dir='ltr'>μηδὲ</span> <span class='ocrx_word' id='word_1_678' title='bbox 2779 4209 2877 4281; x_wconf 80' lang='grc' dir='ltr'><strong>τὴν</strong></span> <span class='ocrx_word' id='word_1_679' title='bbox 2936 4209 3246 4282; x_wconf 82' lang='grc' dir='ltr'>Ἰαμὸλίχου</span> <span class='ocrx_word' id='word_1_680' title='bbox 3283 4213 3461 4281; x_wconf 80' lang='grc' dir='ltr'>κρίσιν</span> <span class='ocrx_word' id='word_1_681' title='bbox 3513 4211 3652 4281; x_wconf 74' lang='grc' dir='ltr'>μηδὲ</span> 
     </span>
    </p>
   </div>
   <div class='ocr_carea' id='block_1_92' title="bbox 2064 4297 3649 4373">
    <p class='ocr_par' dir='ltr' id='par_1_92' title="bbox 2064 4297 3649 4373">
     <span class='ocr_line' id='line_1_92' title="bbox 2064 4297 3649 4373; baseline 0.004 -23"><span class='ocrx_word' id='word_1_682' title='bbox 2064 4299 2163 4368; x_wconf 83' lang='grc' dir='ltr'><strong>τὴν</strong></span> <span class='ocrx_word' id='word_1_683' title='bbox 2209 4300 2560 4370; x_wconf 86' lang='grc' dir='ltr'>Πλουτάρχου</span> <span class='ocrx_word' id='word_1_684' title='bbox 2603 4300 3068 4364; x_wconf 75' lang='grc' dir='ltr'>κατανωτίζεσθαι</span> <span class='ocrx_word' id='word_1_685' title='bbox 3111 4304 3177 4369; x_wconf 75' lang='grc' dir='ltr'>η,</span> <span class='ocrx_word' id='word_1_686' title='bbox 3206 4302 3326 4373; x_wconf 81' lang='grc' dir='ltr'>μηδ’</span> <span class='ocrx_word' id='word_1_687' title='bbox 3351 4297 3418 4356; x_wconf 85' lang='grc' dir='ltr'>αὖ</span> <span class='ocrx_word' id='word_1_688' title='bbox 3460 4302 3649 4371; x_wconf 78' lang='grc' dir='ltr'>μεῖζον</span> 
     </span>
    </p>
   </div>
   <div class='ocr_carea' id='block_1_93' title="bbox 2067 4390 3649 4464">
    <p class='ocr_par' dir='ltr' id='par_1_93' title="bbox 2067 4390 3649 4464">
     <span class='ocr_line' id='line_1_93' title="bbox 2067 4390 3649 4464; baseline 0.003 -23"><span class='ocrx_word' id='word_1_689' title='bbox 2067 4390 2284 4460; x_wconf 80' lang='grc' dir='ltr'>φρονεῖν</span> <span class='ocrx_word' id='word_1_690' title='bbox 2321 4390 2421 4460; x_wconf 81' lang='grc' dir='ltr'><strong>τῆς</strong></span> <span class='ocrx_word' id='word_1_691' title='bbox 2459 4390 2825 4460; x_wconf 82' lang='grc' dir='ltr'>κοινωφελοῦς</span> <span class='ocrx_word' id='word_1_692' title='bbox 2882 4391 3277 4462; x_wconf 85' lang='grc' dir='ltr'>προαιρέσεως.</span> <span class='ocrx_word' id='word_1_693' title='bbox 3348 4392 3490 4447; x_wconf 80' lang='grc' dir='ltr'>Ἀλλ’</span> <span class='ocrx_word' id='word_1_694' title='bbox 3531 4393 3649 4464; x_wconf 83' lang='grc' dir='ltr'><strong>ὅσῳ</strong></span> 
     </span>
    </p>
   </div>
   <div class='ocr_carea' id='block_1_94' title="bbox 2061 4479 3647 4560">
    <p class='ocr_par' dir='ltr' id='par_1_94' title="bbox 2061 4479 3647 4560">
     <span class='ocr_line' id='line_1_94' title="bbox 2061 4479 3647 4560; baseline 0.005 -28"><span class='ocrx_word' id='word_1_695' title='bbox 2061 4479 2256 4550; x_wconf 77' lang='grc' dir='ltr'>ηὕξετο</span> <span class='ocrx_word' id='word_1_696' title='bbox 2275 4479 2375 4551; x_wconf 80' lang='grc' dir='ltr'><strong>τῆς</strong></span> <span class='ocrx_word' id='word_1_697' title='bbox 2402 4480 2648 4554; x_wconf 82' lang='grc' dir='ltr'>διαδοχῆς</span> <span class='ocrx_word' id='word_1_698' title='bbox 2676 4482 2737 4535; x_wconf 82' lang='grc' dir='ltr'>τὸ</span> <span class='ocrx_word' id='word_1_699' title='bbox 2764 4483 2806 4515; x_wconf 84' lang='grc'><strong>¹³</strong></span> <span class='ocrx_word' id='word_1_700' title='bbox 2840 4482 3069 4553; x_wconf 89' lang='grc' dir='ltr'>μέγεθος</span> <span class='ocrx_word' id='word_1_701' title='bbox 3094 4485 3153 4537; x_wconf 85' lang='grc' dir='ltr'><strong>ἐν</strong></span> <span class='ocrx_word' id='word_1_702' title='bbox 3181 4483 3258 4554; x_wconf 84' lang='grc' dir='ltr'>τῷ</span> <span class='ocrx_word' id='word_1_703' title='bbox 3288 4482 3428 4552; x_wconf 90' lang='grc' dir='ltr'>λόγῳ</span> <span class='ocrx_word' id='word_1_704' title='bbox 3445 4524 3461 4550; x_wconf 89' lang='grc'><strong>,</strong></span> 
     </span>
    </p>
   </div>
   <div class='ocr_carea' id='block_1_95' title="bbox 2061 4572 3649 4649">
    <p class='ocr_par' dir='ltr' id='par_1_95' title="bbox 2061 4572 3649 4649">
     <span class='ocr_line' id='line_1_95' title="bbox 2061 4572 3649 4649; baseline 0.003 -24"><span class='ocrx_word' id='word_1_705' title='bbox 2061 4572 2302 4637; x_wconf 82' lang='grc' dir='ltr'>τοσούτῳ</span> <span class='ocrx_word' id='word_1_706' title='bbox 2330 4574 2531 4644; x_wconf 80' lang='grc' dir='ltr'>μᾶλλον</span> <span class='ocrx_word' id='word_1_707' title='bbox 2568 4576 2597 4628; x_wconf 94' lang='lat'><strong>6</strong></span> <span class='ocrx_word' id='word_1_708' title='bbox 2667 4574 2934 4647; x_wconf 87' lang='grc' dir='ltr'>Ἰσίδωρος</span> <span class='ocrx_word' id='word_1_709' title='bbox 2973 4577 3105 4649; x_wconf 79' lang='grc' dir='ltr'>πρὸς</span> <span class='ocrx_word' id='word_1_710' title='bbox 3157 4576 3257 4649; x_wconf 81' lang='grc' dir='ltr'>τὴν</span> <span class='ocrx_word' id='word_1_711' title='bbox 3310 4577 3482 4630; x_wconf 85' lang='grc' dir='ltr'>πειθὼ</span> <span class='ocrx_word' id='word_1_712' title='bbox 3523 4594 3649 4630; x_wconf 82' lang='grc' dir='ltr'><strong>συν⁴</strong></span> 
     </span>
    </p>
   </div>
   <div class='ocr_carea' id='block_1_96' title="bbox 390 4656 1958 4745">
    <p class='ocr_par' dir='ltr' id='par_1_96' title="bbox 390 4656 1952 4732">
     <span class='ocr_line' id='line_1_96' title="bbox 390 4656 1952 4732; baseline 0.008 -24"><span class='ocrx_word' id='word_1_713' title='bbox 390 4665 475 4709; x_wconf 90' lang='lat' dir='ltr'><strong>tus</strong></span> <span class='ocrx_word' id='word_1_714' title='bbox 494 4656 660 4712; x_wconf 88' lang='lat' dir='ltr'><strong>etiam</strong></span> <span class='ocrx_word' id='word_1_715' title='bbox 697 4659 766 4715; x_wconf 90' lang='lat' dir='ltr'><strong>de</strong></span> <span class='ocrx_word' id='word_1_716' title='bbox 790 4658 995 4716; x_wconf 78' lang='lat' dir='ltr'><strong>Marino</strong></span> <span class='ocrx_word' id='word_1_717' title='bbox 1026 4669 1247 4731; x_wconf 90' lang='lat' dir='ltr'><strong>propter</strong></span> <span class='ocrx_word' id='word_1_718' title='bbox 1278 4661 1525 4732; x_wconf 86' lang='lat' dir='ltr'><strong>corporis</strong></span> <span class='ocrx_word' id='word_1_719' title='bbox 1558 4661 1952 4720; x_wconf 82' lang='lat' dir='ltr'><strong>inﬁrmitatem.</strong></span> 
     </span>
    </p>
   </div>
   <div class='ocr_carea' id='block_1_97' title="bbox 2062 4656 3647 4745">
    <p class='ocr_par' dir='ltr' id='par_1_97' title="bbox 2062 4664 3647 4745">
     <span class='ocr_line' id='line_1_97' title="bbox 2062 4664 3647 4745; baseline 0.005 -28"><span class='ocrx_word' id='word_1_720' title='bbox 2062 4664 2339 4719; x_wconf 86' lang='grc' dir='ltr'>εστέλλετο</span> <span class='ocrx_word' id='word_1_721' title='bbox 2373 4665 2558 4738; x_wconf 77' lang='grc' dir='ltr'>μεῖζόν</span> <span class='ocrx_word' id='word_1_722' title='bbox 2588 4682 2652 4736; x_wconf 91' lang='grc' dir='ltr'><strong>γε</strong></span> <span class='ocrx_word' id='word_1_723' title='bbox 2682 4665 2741 4722; x_wconf 84' lang='grc' dir='ltr'>ὂν</span> <span class='ocrx_word' id='word_1_724' title='bbox 2761 4668 2886 4724; x_wconf 85' lang='grc' dir='ltr'>καθ’</span> <span class='ocrx_word' id='word_1_725' title='bbox 2912 4669 3105 4745; x_wconf 74' lang='grc' dir='ltr'>ἑαυτὸν</span> <span class='ocrx_word' id='word_1_726' title='bbox 3128 4669 3365 4742; x_wconf 80' lang='grc' dir='ltr'>ἄρασθαι</span> <span class='ocrx_word' id='word_1_727' title='bbox 3402 4668 3647 4740; x_wconf 82' lang='grc' dir='ltr'>φορτίον.</span> 
     </span>
    </p>
   </div>
   <div class='ocr_carea' id='block_1_98' title="bbox 1666 4771 2343 4832">
    <p class='ocr_par' dir='ltr' id='par_1_98' title="bbox 1666 4771 2343 4832">
     <span class='ocr_line' id='line_1_98' title="bbox 1666 4771 2343 4832; baseline 0.007 -5"><span class='ocrx_word' id='word_1_728' title='bbox 1666 4771 1903 4828; x_wconf 64' lang='grc' dir='ltr'><strong>ΫΑΠΙΑΞ</strong></span> <span class='ocrx_word' id='word_1_729' title='bbox 1937 4773 2343 4832; x_wconf 80' lang='lat' dir='ltr'><strong>LECTIONES.</strong></span> 
     </span>
    </p>
   </div>
   <div class='ocr_carea' id='block_1_99' title="bbox 479 4856 3650 4945">
    <p class='ocr_par' dir='ltr' id='par_1_99' title="bbox 479 4856 3650 4945">
     <span class='ocr_line' id='line_1_99' title="bbox 479 4856 3650 4945; baseline 0.008 -37"><span class='ocrx_word' id='word_1_730' title='bbox 479 4856 696 4945; x_wconf 39' lang='lat' dir='ltr'><strong>1w]ch</strong></span> <span class='ocrx_word' id='word_1_731' title='bbox 722 4859 939 4945; x_wconf 85' lang='lat' dir='ltr'><strong>add.</strong></span> <span class='ocrx_word' id='word_1_732' title='bbox 973 4929 989 4945; x_wconf 43' lang='grc' dir='ltr'><strong>Δ</strong></span> <span class='ocrx_word' id='word_1_733' title='bbox 1015 4862 1035 4892; x_wconf 87' lang='grc'><strong>⁷</strong></span> <span class='ocrx_word' id='word_1_734' title='bbox 1062 4859 1361 4945; x_wconf 67' lang='grc' dir='ltr'>θρησκείας</span> <span class='ocrx_word' id='word_1_735' title='bbox 1463 4878 1477 4915; x_wconf 91' lang='lat'><strong>:</strong></span> <span class='ocrx_word' id='word_1_736' title='bbox 1519 4861 1709 4927; x_wconf 87' lang='grc' dir='ltr'>θυσίας</span> <span class='ocrx_word' id='word_1_737' title='bbox 1733 4881 1813 4945; x_wconf 23' lang='grc' dir='ltr'>κς..</span> <span class='ocrx_word' id='word_1_738' title='bbox 1882 4865 1904 4898; x_wconf 80' lang='grc'>⁸</span> <span class='ocrx_word' id='word_1_739' title='bbox 1929 4867 2210 4945; x_wconf 52' lang='grc' dir='ltr'>φιλολογίᾳ</span> <span class='ocrx_word' id='word_1_740' title='bbox 2247 4867 2441 4945; x_wconf 75' lang='lat' dir='ltr'><strong>Suidas</strong></span> <span class='ocrx_word' id='word_1_741' title='bbox 2471 4885 2541 4945; x_wconf 85' lang='lat' dir='ltr'><strong>v._</strong></span> <span class='ocrx_word' id='word_1_742' title='bbox 2563 4872 2848 4945; x_wconf 82' lang='grc' dir='ltr'>Ἀτρυτος,</span> <span class='ocrx_word' id='word_1_743' title='bbox 2890 4872 2980 4940; x_wconf 85' lang='lat' dir='ltr'><strong>qui</strong></span> <span class='ocrx_word' id='word_1_744' title='bbox 3009 4888 3129 4945; x_wconf 79' lang='lat' dir='ltr'><strong>mox</strong></span> <span class='ocrx_word' id='word_1_745' title='bbox 3165 4889 3273 4945; x_wconf 82' lang='grc' dir='ltr'>οιιι.</span> <span class='ocrx_word' id='word_1_746' title='bbox 3303 4873 3402 4945; x_wconf 70' lang='grc' dir='ltr'>ἤδη</span> <span class='ocrx_word' id='word_1_747' title='bbox 3431 4874 3650 4932; x_wconf 82' lang='grc' dir='ltr'>πολλῶν</span> 
     </span>
    </p>
   </div>
   <div class='ocr_carea' id='block_1_100' title="bbox 388 4926 1025 4983">
    <p class='ocr_par' dir='ltr' id='par_1_100' title="bbox 388 4926 1025 4983">
     <span class='ocr_line' id='line_1_100' title="bbox 388 4926 1025 4983; baseline 0.009 -6"><span class='ocrx_word' id='word_1_748' title='bbox 388 4933 442 4978; x_wconf 69' lang='lat' dir='ltr'><strong>et</strong></span> <span class='ocrx_word' id='word_1_749' title='bbox 473 4926 601 4980; x_wconf 83' lang='grc' dir='ltr'>τῶν.</span> <span class='ocrx_word' id='word_1_750' title='bbox 675 4927 696 4958; x_wconf 90' lang='grc'><strong>⁹</strong></span> <span class='ocrx_word' id='word_1_751' title='bbox 726 4945 781 4979; x_wconf 92' lang='grc' dir='ltr'>τε</span> <span class='ocrx_word' id='word_1_752' title='bbox 812 4929 933 4983; x_wconf 84' lang='lat' dir='ltr'><strong>add.</strong></span> <span class='ocrx_word' id='word_1_753' title='bbox 960 4929 1025 4983; x_wconf 88' lang='lat' dir='ltr'><strong>A.</strong></span> 
     </span>
    </p>
   </div>
   <div class='ocr_carea' id='block_1_101' title="bbox 394 4996 976 5063">
    <p class='ocr_par' dir='ltr' id='par_1_101' title="bbox 394 4996 976 5063">
     <span class='ocr_line' id='line_1_101' title="bbox 394 4996 976 5063; baseline 0.009 -16"><span class='ocrx_word' id='word_1_754' title='bbox 394 5013 538 5063; x_wconf 89' lang='grc' dir='ltr'>ματα</span> <span class='ocrx_word' id='word_1_755' title='bbox 566 4996 878 5049; x_wconf 86' lang='grc' dir='ltr'>καταλιπών</span> <span class='ocrx_word' id='word_1_756' title='bbox 919 5017 976 5062; x_wconf 83' lang='grc' dir='ltr'><strong>ς.</strong></span> 
     </span>
    </p>
   </div>
   <div class='ocr_carea' id='block_1_102' title="bbox 395 5066 1321 5142">
    <p class='ocr_par' dir='ltr' id='par_1_102' title="bbox 395 5066 1321 5142">
     <span class='ocr_line' id='line_1_102' title="bbox 395 5066 1321 5142; baseline 0.008 -25"><span class='ocrx_word' id='word_1_757' title='bbox 395 5067 437 5095; x_wconf 76' lang='grc'><strong><em>⁸³</em></strong></span> <span class='ocrx_word' id='word_1_758' title='bbox 456 5066 706 5138; x_wconf 72' lang='grc' dir='ltr'>διαδοχῆς</span> <span class='ocrx_word' id='word_1_759' title='bbox 744 5068 804 5121; x_wconf 83' lang='grc' dir='ltr'>τὸ</span> <span class='ocrx_word' id='word_1_760' title='bbox 830 5070 911 5121; x_wconf 83' lang='lat' dir='ltr'><strong>A:</strong></span> <span class='ocrx_word' id='word_1_761' title='bbox 938 5066 1217 5142; x_wconf 79' lang='grc' dir='ltr'>διαγωγῆς</span> <span class='ocrx_word' id='word_1_762' title='bbox 1259 5087 1321 5134; x_wconf 84' lang='grc' dir='ltr'><strong>ς.</strong></span> 
     </span>
    </p>
   </div>
   <div class='ocr_carea' id='block_1_103' title="bbox 1125 4930 3647 5018">
    <p class='ocr_par' dir='ltr' id='par_1_103' title="bbox 1125 4930 3647 5018">
     <span class='ocr_line' id='line_1_103' title="bbox 1125 4930 3647 5018; baseline 0.008 -37"><span class='ocrx_word' id='word_1_763' title='bbox 1125 4930 1168 4961; x_wconf 79' lang='grc'><strong>³⁸</strong></span> <span class='ocrx_word' id='word_1_764' title='bbox 1204 4932 1566 5018; x_wconf 63' lang='grc' dir='ltr'>ὑπομνηματα</span> <span class='ocrx_word' id='word_1_765' title='bbox 1590 4930 2251 5018; x_wconf 39' lang='grc' dir='ltr'>καταλείπωνὸιιίάειεξν,</span> <span class='ocrx_word' id='word_1_766' title='bbox 2302 4939 2495 5018; x_wconf 40' lang='grc' dir='ltr'>Λήθηκ</span> <span class='ocrx_word' id='word_1_767' title='bbox 2519 4930 2888 5018; x_wconf 67' lang='grc' dir='ltr'>ὑπομνήματα</span> <span class='ocrx_word' id='word_1_768' title='bbox 2908 4930 3232 5018; x_wconf 70' lang='grc' dir='ltr'>καταλιπὼν</span> <span class='ocrx_word' id='word_1_769' title='bbox 3278 4930 3359 4999; x_wconf 74' lang='grc' dir='ltr'><strong>Δ’;</strong></span> <span class='ocrx_word' id='word_1_770' title='bbox 3387 4930 3647 5018; x_wconf 50' lang='grc' dir='ltr'>ἀπομνήὲ</span> 
     </span>
    </p>
   </div>
   <div class='ocr_carea' id='block_1_104' title="bbox 1076 5000 3647 5086">
    <p class='ocr_par' dir='ltr' id='par_1_104' title="bbox 1076 5000 3647 5086">
     <span class='ocr_line' id='line_1_104' title="bbox 1076 5000 3647 5086; baseline 0.008 -35"><span class='ocrx_word' id='word_1_771' title='bbox 1076 5000 1118 5030; x_wconf 74' lang='grc' dir='ltr'><strong>ίί</strong></span> <span class='ocrx_word' id='word_1_772' title='bbox 1154 5000 1290 5086; x_wconf 65' lang='grc' dir='ltr'>πρὸς</span> <span class='ocrx_word' id='word_1_773' title='bbox 1317 5000 1573 5072; x_wconf 85' lang='grc' dir='ltr'>ἀλήθειαν</span> <span class='ocrx_word' id='word_1_774' title='bbox 1627 5002 1745 5073; x_wconf 84' lang='grc' dir='ltr'>μετ’</span> <span class='ocrx_word' id='word_1_775' title='bbox 1771 5006 1977 5059; x_wconf 85' lang='grc' dir='ltr'>ἐκεῖνον</span> <span class='ocrx_word' id='word_1_776' title='bbox 2010 5023 2070 5070; x_wconf 84' lang='grc' dir='ltr'><strong>ς.</strong></span> <span class='ocrx_word' id='word_1_777' title='bbox 2151 5008 2192 5039; x_wconf 78' lang='grc'><strong>⁸³</strong></span> <span class='ocrx_word' id='word_1_778' title='bbox 2222 5000 2697 5064; x_wconf 67' lang='grc' dir='ltr'>κατανωτίσασθαι</span> <span class='ocrx_word' id='word_1_779' title='bbox 2721 5000 2951 5067; x_wconf 71' lang='lat' dir='ltr'><strong>&quot;Suidas</strong></span> <span class='ocrx_word' id='word_1_780' title='bbox 3012 5014 3068 5068; x_wconf 88' lang='lat' dir='ltr'><strong>h.</strong></span> <span class='ocrx_word' id='word_1_781' title='bbox 3094 5029 3149 5067; x_wconf 78' lang='grc' dir='ltr'><strong>ν.</strong></span> <span class='ocrx_word' id='word_1_782' title='bbox 3204 5023 3260 5068; x_wconf 86' lang='lat' dir='ltr'><strong>et</strong></span> <span class='ocrx_word' id='word_1_783' title='bbox 3290 5029 3413 5069; x_wconf 80' lang='lat' dir='ltr'><strong>mox</strong></span> <span class='ocrx_word' id='word_1_784' title='bbox 3450 5000 3647 5086; x_wconf 78' lang='grc' dir='ltr'>μὲίζὼ.</span> 
     </span>
    </p>
   </div>
   <div class='ocr_carea' id='block_1_105' title="bbox 1933 5182 2170 5240">
    <p class='ocr_par' dir='ltr' id='par_1_105' title="bbox 1933 5182 2170 5240">
     <span class='ocr_line' id='line_1_105' title="bbox 1933 5182 2170 5240; baseline 0.013 -3"><span class='ocrx_word' id='word_1_785' title='bbox 1933 5182 2170 5240; x_wconf 70' lang='lat' dir='ltr'><strong>NOTAE.</strong></span> 
     </span>
    </p>
   </div>
   <div class='ocr_carea' id='block_1_106' title="bbox 464 5268 1965 5344">
    <p class='ocr_par' dir='ltr' id='par_1_106' title="bbox 464 5268 1965 5344">
     <span class='ocr_line' id='line_1_106' title="bbox 464 5268 1965 5344; baseline 0.005 -22"><span class='ocrx_word' id='word_1_786' title='bbox 464 5268 573 5344; x_wconf 23' lang='lat' dir='ltr'><strong>(A18)</strong></span> <span class='ocrx_word' id='word_1_787' title='bbox 609 5268 846 5344; x_wconf 73' lang='lat' dir='ltr'><strong>Marinus</strong></span> <span class='ocrx_word' id='word_1_788' title='bbox 895 5268 1066 5325; x_wconf 89' lang='lat' dir='ltr'><strong>Procli</strong></span> <span class='ocrx_word' id='word_1_789' title='bbox 1093 5286 1441 5344; x_wconf 73' lang='lat' dir='ltr'><strong>successor:</strong></span> <span class='ocrx_word' id='word_1_790' title='bbox 1493 5272 1647 5344; x_wconf 84' lang='lat' dir='ltr'><strong>cujus</strong></span> <span class='ocrx_word' id='word_1_791' title='bbox 1683 5283 1862 5330; x_wconf 77' lang='lat' dir='ltr'><strong>exstat</strong></span> <span class='ocrx_word' id='word_1_792' title='bbox 1899 5276 1965 5330; x_wconf 89' lang='lat' dir='ltr'><strong>de</strong></span> 
     </span>
    </p>
   </div>
   <div class='ocr_carea' id='block_1_107' title="bbox 392 5339 1444 5397">
    <p class='ocr_par' dir='ltr' id='par_1_107' title="bbox 392 5339 1444 5397">
     <span class='ocr_line' id='line_1_107' title="bbox 392 5339 1444 5397; baseline 0.003 -3"><span class='ocrx_word' id='word_1_793' title='bbox 392 5340 501 5394; x_wconf 80' lang='lat' dir='ltr'><strong>vita</strong></span> <span class='ocrx_word' id='word_1_794' title='bbox 536 5339 705 5392; x_wconf 78' lang='lat' dir='ltr'><strong>Procli</strong></span> <span class='ocrx_word' id='word_1_795' title='bbox 748 5341 886 5393; x_wconf 88' lang='lat' dir='ltr'><strong>illius</strong></span> <span class='ocrx_word' id='word_1_796' title='bbox 926 5342 1171 5395; x_wconf 87' lang='lat' dir='ltr'><strong>aureolus</strong></span> <span class='ocrx_word' id='word_1_797' title='bbox 1217 5341 1444 5397; x_wconf 82' lang='lat' dir='ltr'><strong>libellus.</strong></span> 
     </span>
    </p>
   </div>
   <div class='ocr_carea' id='block_1_108' title="bbox 464 5408 1959 5485">
    <p class='ocr_par' dir='ltr' id='par_1_108' title="bbox 464 5408 1959 5485">
     <span class='ocr_line' id='line_1_108' title="bbox 464 5408 1959 5485; baseline 0.008 -25"><span class='ocrx_word' id='word_1_798' title='bbox 464 5408 581 5485; x_wconf 53' lang='lat'><strong>(191</strong></span> <span class='ocrx_word' id='word_1_799' title='bbox 623 5409 772 5485; x_wconf 66' lang='lat' dir='ltr'><strong>Mnus</strong></span> <span class='ocrx_word' id='word_1_800' title='bbox 809 5412 857 5463; x_wconf 91' lang='lat' dir='ltr'><strong>in</strong></span> <span class='ocrx_word' id='word_1_801' title='bbox 887 5413 1059 5485; x_wconf 72' lang='lat' dir='ltr'><strong>sacris</strong></span> <span class='ocrx_word' id='word_1_802' title='bbox 1095 5410 1328 5485; x_wconf 78' lang='lat' dir='ltr'><strong>_l_.it_teris</strong></span> <span class='ocrx_word' id='word_1_803' title='bbox 1385 5412 1628 5469; x_wconf 87' lang='lat' dir='ltr'><strong>Garizin.</strong></span> <span class='ocrx_word' id='word_1_804' title='bbox 1687 5413 1842 5473; x_wconf 84' lang='lat' dir='ltr'><strong>Dent.</strong></span> <span class='ocrx_word' id='word_1_805' title='bbox 1878 5432 1959 5485; x_wconf 78' lang='lat' dir='ltr'><strong>xl,</strong></span> 
     </span>
    </p>
   </div>
   <div class='ocr_carea' id='block_1_109' title="bbox 393 5476 1856 5551">
    <p class='ocr_par' dir='ltr' id='par_1_109' title="bbox 393 5476 1856 5551">
     <span class='ocr_line' id='line_1_109' title="bbox 393 5476 1856 5551; baseline 0.01 -22"><span class='ocrx_word' id='word_1_806' title='bbox 393 5476 733 5551; x_wconf 44' lang='grc' dir='ltr'>Ξθξηᾷιιιιὶο.</span> <span class='ocrx_word' id='word_1_807' title='bbox 766 5495 841 5541; x_wconf 74' lang='lat' dir='ltr'><strong>xx,</strong></span> <span class='ocrx_word' id='word_1_808' title='bbox 887 5480 947 5544; x_wconf 88' lang='lat'><strong>7;</strong></span> <span class='ocrx_word' id='word_1_809' title='bbox 1000 5491 1054 5534; x_wconf 88' lang='lat' dir='ltr'><strong>et</strong></span> <span class='ocrx_word' id='word_1_810' title='bbox 1095 5480 1136 5532; x_wconf 92' lang='lat' dir='ltr'><strong>ll</strong></span> <span class='ocrx_word' id='word_1_811' title='bbox 1192 5478 1435 5540; x_wconf 82' lang='lat' dir='ltr'><strong>Machab.</strong></span> <span class='ocrx_word' id='word_1_812' title='bbox 1488 5501 1561 5551; x_wconf 72' lang='grc' dir='ltr'>γι,</span> <span class='ocrx_word' id='word_1_813' title='bbox 1589 5487 1642 5541; x_wconf 72' lang='lat'><strong>‘2.</strong></span> <span class='ocrx_word' id='word_1_814' title='bbox 1851 5488 1856 5493; x_wconf 81' lang='grc'><strong>’</strong></span> 
     </span>
    </p>
   </div>
   <div class='ocr_carea' id='block_1_110' title="bbox 473 5547 1321 5622">
    <p class='ocr_par' dir='ltr' id='par_1_110' title="bbox 473 5547 1321 5622">
     <span class='ocr_line' id='line_1_110' title="bbox 473 5547 1321 5622; baseline 0.007 -21"><span class='ocrx_word' id='word_1_815' title='bbox 473 5547 585 5619; x_wconf 72' lang='grc'><strong>(20)</strong></span> <span class='ocrx_word' id='word_1_816' title='bbox 617 5549 957 5606; x_wconf 76' lang='lat' dir='ltr'><strong>Abrahamus</strong></span> <span class='ocrx_word' id='word_1_817' title='bbox 990 5552 1321 5622; x_wconf 85' lang='lat' dir='ltr'><strong>patriarcha.</strong></span> 
     </span>
    </p>
   </div>
   <div class='ocr_carea' id='block_1_111' title="bbox 2146 5277 3649 5353">
    <p class='ocr_par' dir='ltr' id='par_1_111' title="bbox 2146 5277 3649 5353">
     <span class='ocr_line' id='line_1_111' title="bbox 2146 5277 3649 5353; baseline 0.013 -23"><span class='ocrx_word' id='word_1_818' title='bbox 2146 5277 2263 5353; x_wconf 64' lang='lat' dir='ltr'><strong>(2i)</strong></span> <span class='ocrx_word' id='word_1_819' title='bbox 2288 5277 2608 5353; x_wconf 71' lang='lat' dir='ltr'><strong>Ptolemreus</strong></span> <span class='ocrx_word' id='word_1_820' title='bbox 2629 5283 2950 5353; x_wconf 82' lang='lat' dir='ltr'><strong>astrologus.</strong></span> <span class='ocrx_word' id='word_1_821' title='bbox 2974 5285 3108 5342; x_wconf 86' lang='lat' dir='ltr'><strong>Tres</strong></span> <span class='ocrx_word' id='word_1_822' title='bbox 3125 5286 3212 5342; x_wconf 91' lang='lat' dir='ltr'><strong>hic</strong></span> <span class='ocrx_word' id='word_1_823' title='bbox 3228 5300 3417 5344; x_wconf 82' lang='lat' dir='ltr'><strong>versus</strong></span> <span class='ocrx_word' id='word_1_824' title='bbox 3429 5289 3649 5349; x_wconf 81' lang='lat' dir='ltr'><strong>aliunde</strong></span> 
     </span>
    </p>
   </div>
   <div class='ocr_carea' id='block_1_112' title="bbox 2074 5348 3648 5429">
    <p class='ocr_par' dir='ltr' id='par_1_112' title="bbox 2074 5348 3648 5429">
     <span class='ocr_line' id='line_1_112' title="bbox 2074 5348 3648 5429; baseline 0.01 -24"><span class='ocrx_word' id='word_1_825' title='bbox 2074 5348 2375 5429; x_wconf 81' lang='lat' dir='ltr'><strong>inculcatas</strong></span> <span class='ocrx_word' id='word_1_826' title='bbox 2415 5351 2557 5429; x_wconf 71' lang='lat' dir='ltr'><strong>docti</strong></span> <span class='ocrx_word' id='word_1_827' title='bbox 2608 5348 2991 5429; x_wconf 65' lang='lat' dir='ltr'><strong>observarunt,</strong></span> <span class='ocrx_word' id='word_1_828' title='bbox 3042 5369 3100 5416; x_wconf 88' lang='lat' dir='ltr'><strong>et</strong></span> <span class='ocrx_word' id='word_1_829' title='bbox 3140 5358 3323 5416; x_wconf 78' lang='lat' dir='ltr'><strong>luxata</strong></span> <span class='ocrx_word' id='word_1_830' title='bbox 3363 5366 3532 5417; x_wconf 85' lang='lat' dir='ltr'><strong>multa</strong></span> <span class='ocrx_word' id='word_1_831' title='bbox 3581 5348 3648 5421; x_wconf 74' lang='lat' dir='ltr'><strong>ac</strong></span> 
     </span>
    </p>
   </div>
   <div class='ocr_carea' id='block_1_113' title="bbox 2073 5420 2896 5490">
    <p class='ocr_par' dir='ltr' id='par_1_113' title="bbox 2073 5420 2896 5490">
     <span class='ocr_line' id='line_1_113' title="bbox 2073 5420 2896 5490; baseline 0.006 -17"><span class='ocrx_word' id='word_1_832' title='bbox 2073 5422 2390 5490; x_wconf 63' lang='lat' dir='ltr'><strong>detruncata</strong></span> <span class='ocrx_word' id='word_1_833' title='bbox 2419 5420 2471 5474; x_wconf 88' lang='lat' dir='ltr'><strong>in</strong></span> <span class='ocrx_word' id='word_1_834' title='bbox 2504 5421 2602 5476; x_wconf 87' lang='lat' dir='ltr'><strong>hac</strong></span> <span class='ocrx_word' id='word_1_835' title='bbox 2632 5423 2743 5490; x_wconf 88' lang='lat' dir='ltr'><strong>ipsa</strong></span> <span class='ocrx_word' id='word_1_836' title='bbox 2765 5426 2896 5478; x_wconf 82' lang='lat' dir='ltr'><strong>vita.</strong></span> 
     </span>
    </p>
   </div>
   <div class='ocr_carea' id='block_1_114' title="bbox 2145 5487 2878 5560">
    <p class='ocr_par' dir='ltr' id='par_1_114' title="bbox 2145 5487 2878 5560">
     <span class='ocr_line' id='line_1_114' title="bbox 2145 5487 2878 5560; baseline 0.014 -21"><span class='ocrx_word' id='word_1_837' title='bbox 2145 5488 2254 5560; x_wconf 59' lang='lat' dir='ltr'><strong>(ﬁt</strong></span> <span class='ocrx_word' id='word_1_838' title='bbox 2287 5487 2548 5547; x_wconf 81' lang='lat' dir='ltr'><strong>Provcrb.</strong></span> <span class='ocrx_word' id='word_1_839' title='bbox 2576 5501 2629 5547; x_wconf 88' lang='lat' dir='ltr'><strong>et</strong></span> <span class='ocrx_word' id='word_1_840' title='bbox 2652 5487 2878 5550; x_wconf 74' lang='lat' dir='ltr'><strong>Homer.</strong></span> 
     </span>
    </p>
   </div>
  </div>
