3990 6232
363 180 503 246 128-5

1467 178 1994 239 BIBIJOTIIECA.
2037 204 2104 214 --
2145 179 2308 240 COD.
2344 180 2621 241 CCXLII.

3496 182 3632 247 1286

346 297 523 370 110.37
578 293 670 367 IL]
715 293 909 358 Δεδιὼς
955 294 998 348 δ’
1033 296 1062 348 6
1095 293 1336 364 Πρόκλος
1386 295 1514 366 περὶ
1551 297 1616 365 τῇ
1659 294 1938 358 Πλάτωνος

2052 295 2222 350 Verus
2264 293 2617 364 philosophim
2646 309 2801 349 amor
2831 292 3111 360 inseritur,
3152 302 3209 348 et
3238 293 3385 348 omni
3411 302 3632 350 terreno

355 389 536 458 χρυσῇ
571 386 650 457 τῷ
676 385 790 439 ὄντι
828 387 1008 457 σειρᾷ,
1043 385 1118 458 μὴ
1157 387 1290 456 ἡμῖν
1320 385 1562 456 ἀπολίπῃ
1589 385 1634 417 ίδ
1657 384 1754 456 τὴν
1790 383 1942 437 πόλιν

351 481 456 550 τῆς
497 479 760 548 Ἀθηνᾶς.
797 477 993 542 Δεδιὼς
1021 477 1078 530 δὲ
1112 479 1203 530 ἐπὶ
1229 477 1306 549 τῷ
1341 478 1569 549 Μαρίνῳ
1591 477 1678 530 διὰ
1707 475 1806 547 τὴν
1846 475 1941 528 τοῦ

357 551 611 642 σωματος
644 571 952 624 ἀσθένειαν.
991 571 1270 642 Ἀληθινὺς
1297 571 1435 642 ἔρως
1465 569 1828 640 ἐμφυτεύεται
1852 587 1943 638 φι-

353 665 614 733 λοσοφίας
665 663 707 695 ’³
749 664 840 717 καὶ
889 665 1064 717 πάντα
1107 666 1314 733 γηγενῆ
1358 663 1556 733 δεσμὸν
1599 661 1940 734 ἀπορρήξας,

353 756 583 818 ἐλπίδας
628 773 690 808 τε
738 755 916 818 πάσας
963 754 1099 825 ὁμοῦ
1138 755 1180 786 ¹⁸
1209 754 1383 824 τιμῶν
1414 773 1471 807 τε
1503 756 1598 808 καὶ
1641 754 1943 825 χρημάτων

353 851 775 920 καταπατήσας,
837 850 1148 918 ἀφικνεῖται
1209 847 1475 919 Ἀθήναζε
1525 849 1587 901 ¹⁷.
1661 847 1824 900 Ἀλλά
1877 862 1942 914 γε

349 942 595 1004 τοιοῦτος
645 941 740 994 καὶ
785 943 813 994 6
854 941 1142 1009 φιλόσοφος
1191 941 1486 1010 ἱστορεῖται
1539 939 1582 971 ¹⁸
1629 937 1940 1008 Ζηνόδοτος,

353 1030 585 1084 παιδικὰ
601 1031 693 1084 τοῦ
716 1030 961 1103 Πρόκλου
995 1029 1278 1084 καλεῖσθαι
1305 1031 1464 1100 μόνος
1491 1029 1766 1094 ἀξιωθεὶς,
1792 1029 1878 1098 ἐφ’
1900 1028 1942 1061 ¹⁹

351 1117 396 1192 ᾧ
423 1123 487 1195 δὴ
515 1123 611 1177 καὶ
638 1121 737 1186 τὰς
769 1123 1003 1192 μάλιστα
1031 1124 1249 1194 ἐπεῖχεν
1283 1121 1522 1184 ἐλπίδας.
1543 1121 1654 1175 Καὶ
1675 1121 1776 1174 οὐκ
1801 1116 1869 1190 ἦν
1896 1120 1943 1152 ὀ

351 1233 438 1277 τις
473 1216 580 1286 ἄρα
621 1216 754 1285 πρὸς
781 1215 944 1268 αὐτὸν
977 1214 1196 1280 ἀλαζὼν
1227 1215 1350 1269 οὐδέ
1396 1216 1586 1280 σκαιὸς
1619 1207 1739 1268 οὐδέ
1775 1213 1942 1267 σοϐα-

356 1309 450 1380 ρδς
476 1309 575 1380 τὴν
601 1309 840 1377 ἔντευξιν
875 1311 945 1367 ’³.
982 1311 1062 1380 Τῇ
1094 1328 1152 1364 τε
1183 1309 1244 1375 ἐξ
1264 1310 1439 1381 ἀρχῆς
1470 1310 1720 1380 εὐγενείᾳ
1752 1308 1845 1362 καλ⁸
1876 1309 1943 1378 τῇ

356 1403 740 1473 μεγαλειότητι
775 1401 882 1456 τῶν
911 1404 1130 1474 τρόπων
1153 1405 1248 1458 καὶ
1273 1405 1340 1475 τῇ
1374 1402 1503 1474 περὶ
1525 1403 1721 1470 λόγους
1752 1401 1798 1432 ”
1828 1400 1943 1454 δια-

353 1497 516 1563 φανεῖ
553 1494 757 1565 σπουδῇ
798 1512 858 1548 τε
910 1495 957 1526 ’³
1011 1497 1107 1548 καὶ
1153 1493 1466 1566 ἐπιμελείᾳ.
1513 1493 1656 1564 Πρὸς
1692 1493 1803 1562 γάρ
1857 1509 1942 1545 τοι

351 1588 483 1649 τοὺς
515 1586 705 1649 ἄλλους
740 1587 867 1650 τοὺς
900 1588 976 1650 εἰς
1009 1586 1056 1617 ’⁸
1089 1585 1286 1657 βουλὴν
1315 1587 1415 1657 τὴν
1455 1584 1698 1656 μεγάλην
1733 1601 1940 1653 συγκα-

2051 385 2266 440 vinculo
2300 387 2566 456 disrupto,
2605 386 2850 441 Athenas
2895 387 3018 440 odio
3062 386 3303 439 omnium
3347 388 3631 450 bonorum,

2049 477 2478 545 divitiarumque
2501 488 2811 548 contemptu
2837 479 3004 533 venit.
3035 478 3183 532 Talis
3203 479 3367 533 etiam
3398 479 3636 546 philoso-

2049 569 2186 637 phus
2213 569 2520 626 Zenodotus
2551 571 2718 626 fuisse
2757 571 2978 638 dicitur,
3009 572 3101 642 qui
3133 572 3280 626 solus
3310 572 3503 641 dignus
3534 570 3636 624 fuit

2048 662 2256 717 deliciae
2293 663 2470 719 Procli
2509 666 2711 732 vocari,
2746 665 2813 720 de
2837 681 2944 735 quo
2973 665 3265 720 maximam
3297 666 3460 720 etiam
3483 681 3632 733 spem

2047 755 2315 823 concepit,
2349 771 2449 812 uec
2479 771 2606 827 erga
2643 758 2792 812 illum
2825 759 3059 827 superbe
3087 773 3146 813 se
3176 759 3420 828 gerebat,
3457 772 3633 824 neque

2046 849 2265 902 sinister
2299 859 2438 914 erat,
2473 867 2570 904 nec
2593 851 2868 919 colloquio
2901 851 3158 917 tumidus,
3208 850 3335 904 licet
3373 850 3635 920 praeditus

2046 951 2190 992 esset
2228 940 2507 995 nobilitate
2555 942 2781 1010 imperio
2813 952 2989 1011 parta,
3026 952 3078 994 et
3109 941 3480 1012 generositate
3513 955 3632 994 mo-

2050 1044 2216 1093 rum,
2285 1040 2587 1100 apertoque
2631 1032 2811 1086 studio
2853 1045 3090 1100 curaque
3131 1029 3440 1084 verborum.
3483 1027 3632 1082 Alios

2046 1121 2113 1174 ad
2137 1137 2302 1191 grave
2323 1123 2610 1177 concilium
2636 1133 2992 1188 convocatos,
3019 1137 3126 1176 non
3149 1123 3311 1191 modo
3334 1121 3632 1190 superabat

2048 1211 2384 1283 Theogenes,
2417 1215 2509 1269 sed
2532 1213 2646 1282 jam
2680 1215 2846 1268 etiam
2873 1215 3069 1284 aliquis
3097 1223 3218 1270 erat
3252 1214 3627 1283 philosophus.

2047 1305 2256 1360 Divitiae
2283 1308 2688 1363 successionum
2727 1306 2803 1378 [in
2832 1305 2982 1379 ludo]
3010 1321 3137 1371 non,
3169 1316 3226 1360 ut
3253 1305 3496 1360 nonnulli
3531 1320 3632 1372 pu-

2047 1405 2185 1462 tant,
2224 1398 2556 1467 temporibus
2606 1397 2848 1453 Platonis
2895 1397 3064 1452 fuere.
3119 1396 3433 1468 Plato:(23)
3484 1395 3629 1449 enim

2048 1503 2253 1558 pauper
2284 1487 2405 1554 fuit,
2437 1497 2493 1544 et
2531 1506 2693 1544 unum
2732 1490 2955 1545 hortum
2995 1491 3046 1544 in
3081 1489 3377 1544 Academia
3421 1487 3628 1549 habuit,

2051 1581 2206 1651 cujus
2236 1593 2536 1651 proventus
2567 1584 2728 1636 trium
2759 1592 2878 1638 erat
2931 1597 3298 1637 nummorum.
3328 1579 3629 1635 Proventus

348 1675 648 1744 λουμένους
677 1676 738 1730 οὐ
783 1676 944 1747 μόνον
978 1677 1046 1730 τὰ
1077 1675 1214 1731 ἄλλα
1245 1676 1519 1748 διαφέρων
1548 1675 1833 1747 ἄνθρωπος
1862 1669 1931 1744 ἦν

2045 1688 2170 1728 vero
2191 1673 2436 1729 omnium
2464 1674 2772 1730 divitiarum
2797 1675 2896 1729 sub
2909 1673 3101 1729 Proclo
3129 1675 3627 1731 millenummorum

348 1769 379 1820 6
422 1766 737 1836 Θεαγένης,
777 1767 895 1820 ἀλλ’
945 1767 1047 1838 ήδη
1096 1784 1180 1831 τις
1235 1771 1329 1820 καὶ
1367 1766 1680 1836 φιλόσοφος.
1730 1765 1794 1818 Ἠ
1828 1764 1937 1818 τῶν

347 1857 608 1929 διαδόχων
639 1858 798 1912 οὐσία
831 1860 952 1929 οὐχ,
978 1859 1056 1923 ὡς
1086 1859 1136 1912 οἱ
1175 1859 1359 1913 πολλοὶ
1380 1857 1678 1930 νομίζουσι,
1712 1857 1939 1912 Πλάτω-

349 1968 440 2014 νος
472 1951 518 1982 ’⁵
548 1947 702 2020 ἦν’τδ
725 1951 991 2004 ἀνέκαθεν
1017 1969 1029 1982 ·
1063 1953 1235 2024 πένης
1269 1952 1377 2025 γὰρ
1405 1947 1473 2024 ἦν
1506 1953 1534 2006 6
1564 1953 1807 2017 Πλάτων,
1845 1951 1939 2004 καὶ

353 2036 514 2106 μόνον
534 2037 623 2092 τὸν
648 2041 706 2092 ἐν
749 2039 1054 2111 Ἀκαδημίᾳ
1087 2041 1348 2112 ἐκέκτητο
1386 2042 1581 2112 κῆπον,
1613 2035 1674 2094 οὐ
1702 2042 1735 2111 ή
1766 2041 1938 2113 πρόσ-

349 2129 471 2193 οδος
509 2132 865 2202 νομισμάτων
905 2132 1091 2204 τριῶν,
1134 2135 1254 2204 ήδέ
1317 2134 1419 2205 τῆς
1458 2133 1650 2198 οὐσίας
1685 2134 1818 2204 ὅλης
1849 2152 1936 2204 χις

350 2219 482 2273 λίων
508 2221 651 2292 ήκαῖ
682 2221 762 2275 ἔτι
779 2223 826 2254 ³⁸
853 2223 1117 2279 πλειόνων
1134 2225 1377 2297 ὑπῆρχεν
1408 2225 1498 2278 ἐπὶ
1517 2225 1783 2296 Πρόκλου,
1811 2224 1939 2279 πολ-

349 2314 460 2367 λῶν
487 2313 596 2367 τῶν
619 2313 1074 2386 ἀποθνησκόντων
1098 2317 1352 2387 κτήματα
1377 2318 1444 2388 τῇ
1477 2315 1638 2387 σχολῇ
1668 2314 1937 2384 καταλιμ-

353 2405 656 2460 πανόντων.
687 2405 828 2477 Ἤδη
860 2406 1044 2461 τοίνυν
1082 2406 1393 2478 κρουόμεθα
1428 2406 1683 2478 πρύμναν
1714 2407 1808 2460 ἐπὶ
1845 2405 1936 2459 τὸν

349 2497 508 2566 λόγον
537 2497 596 2550 ὃν
636 2497 1000 2569 ἀπελίπομεν.
1046 2498 1104 2552 '0
1147 2499 1244 2568 μὲν
1297 2498 1748 2569 Ἀσκληπιόδοτος
1806 2499 1932 2550 ἐκο-

354 2591 545 2657 σμεῖτο
588 2591 724 2642 πᾶσι
762 2592 874 2653 τοῖς
926 2589 1021 2643 τοῦ
1075 2589 1190 2659 βίου
1214 2591 1507 2662 λαμπροῖς,
1563 2590 1611 2643 oi
1667 2589 1724 2642 δέ
1763 2589 1938 2642 οὐδενὶ

349 2679 579 2746 τούτων,
629 2680 690 2734 οὐ
741 2681 1180 2752 προϐεϐλημένοι
1213 2681 1312 2751 τὴν
1361 2682 1608 2751 γαμικὴν
1639 2679 1932 2752 προϐολήν,

350 2771 489 2825 ἀλλὰ
534 2772 693 2843 μόνον
724 2769 863 2844 ἦσαν
901 2773 981 2846 τῷ
1013 2774 1128 2827 ὄντι
1167 2774 1472 2844 φιλόσοφοι,
1497 2773 1582 2828 ἐπ’
1613 2774 1780 2844 ἄκρον
1807 2774 1935 2827 ἐκά-

349 2865 511 2934 τέρος
533 2865 706 2935 ἥκων,
739 2867 768 2918 ὁ
807 2867 904 2938 μὲν
951 2867 1196 2921 ἰθυϐόλον
1239 2867 1476 2936 φύσεως,
1517 2869 1545 2920 6
1578 2867 1670 2918 ὲπλ⁸
1705 2865 1936 2936 θυγατρὶ

349 2956 601 3028 γαμϐρὸς
653 2957 745 3010 τοῦ
789 2959 1028 3027 μεγάλου
1095 2959 1545 3030 ’Λσκληπιοδότου
1608 2957 1936 3027 Ἀσκληπιό-

348 3045 522 3110 δοτοις,
562 3049 622 3103 ὃν
647 3050 691 3102 δ’
727 3051 826 3120 ἥδη
858 3051 1211 3120 ἐμνήστευεν,
1245 3050 1542 3122 ἐπιμελοῦς
1569 3049 1877 3122 ἀκριϐείας,
1913 3052 1942 3103 6

2043 1776 2138 1820 aut
2162 1768 2323 1822 etiam
2356 1766 2645 1836 plurimum
2673 1767 2790 1833 fuit,
2823 1767 2965 1836 quod
2999 1766 3152 1820 multi
3181 1766 3474 1822 morientes
3497 1777 3628 1833 Opes

2043 1872 2154 1912 suae
2199 1857 2399 1912 scholae
2437 1856 2823 1928 relinquerent.
2869 1855 2988 1911 Jam
3019 1857 3212 1929 3461)
3257 1855 3401 1911 enim
3437 1855 3502 1908 ad
3530 1868 3630 1908 ex-

2043 1957 2272 2003 tremum
2315 1950 2617 2015 sermonis,
2668 1965 2826 2019 quem
2879 1950 3228 2019 reliquimus,
3287 1947 3624 2008 devenimus,

2041 2041 2451 2112 Asclepiodotus
2497 2042 2752 2098 omnibus
2804 2045 2925 2097 vitae
2967 2038 3349 2110 splendoribus
3403 2046 3630 2092 ornatus

2041 2131 2162 2190 fuit.
2220 2131 2363 2188 Nulli
2415 2148 2608 2189 eorum
2657 2133 2986 2188 connuhium
3030 2131 3319 2201 objiciunt,
3376 2129 3469 2182 sed
3525 2126 3628 2180 soli

2042 2225 2218 2294 reipsa
2251 2225 2554 2295 philos0phi
2587 2224 2654 2279 ad
2698 2239 2968 2278 summum
3011 2228 3394 2292 pervenerunt.
3428 2217 3624 2273 Ascle-

2038 2317 2289 2386 piodotus
2313 2317 2511 2386 ingenii
2536 2317 2734 2382 dextri,
2758 2330 2924 2387 gener
2943 2315 3121 2384 magni
3142 2312 3503 2383 Asclepiodoti
3528 2325 3626 2381 per

2041 2411 2228 2479 ﬁliam,
2255 2425 2488 2480 sponsus
2508 2407 2620 2479 jam
2643 2418 2782 2476 erat,
2810 2408 2894 2461 vir
2913 2422 3118 2477 magna:
3141 2406 3451 2476 diligentiae.
3481 2403 3626 2458 Fons

2039 2513 2158 2556 erat
2188 2517 2382 2572 aquam
2411 2516 2624 2556 sacram
2652 2511 2706 2554 et
2737 2499 3026 2570 potabilem
3054 2498 3356 2562 eiiundens,
3391 2506 3448 2550 ut
3480 2497 3628 2567 quod

2037 2601 2320 2660 poetarum
2371 2605 2524 2648 more
2564 2588 2703 2670 dixit
2741 2598 2951 2654 auctor,
2991 2604 3054 2643 os
3075 2588 3192 2658 ejus
3216 2598 3270 2641 et
3309 2586 3512 2654 reliqua
3545 2585 3627 2640 fa-

2037 2685 2150 2740 cies
2184 2682 2511 2739 domicilium
2541 2683 2612 2738 sit
2663 2683 2986 2754 gratiarum.
3038 2681 3093 2736 Si
3151 2682 3365 2750 quando
3397 2681 3542 2735 enim
3574 2686 3630 2733 et

2041 2778 2117 2832 illi
2151 2792 2208 2834 re
2237 2777 2416 2848 aliqua
2443 2776 2826 2845 indiguissent,
2856 2791 3049 2830 omnes
3078 2777 3146 2830 ad
3181 2775 3330 2829 illum
3375 2781 3629 2842 tanquam

2038 2871 2198 2925 amici
2230 2873 2295 2924 ad
2323 2871 2556 2924 amicum
2589 2878 2940 2924 accesserunt
2964 2868 3100 2935 (24).
3135 2867 3369 2921 Isidorus
3401 2863 3629 2919 multum

2042 2962 2338 3031 prmstabat
2368 2961 2636 3031 Hypatize,
2679 2977 2786 3015 non
2836 2960 3008 3016 solum
3046 2969 3106 3014 ut
3143 2959 3229 3015 vir
3265 2957 3499 3026 mulieri,
3534 2956 3633 3012 sed

2047 3060 2104 3107 ut
2138 3050 2442 3120 geometrize
2466 3050 2660 3104 deditzc
2691 3051 2867 3120 reipsa
2896 3051 3270 3120 philosophus.

360 3138 654 3213 Ἰσίδωρος.
700 3143 857 3213 Πηγὴ
884 3143 1206 3198 ἀναδίδωσιν
1240 3143 1385 3214 ὕδωρ
1427 3145 1570 3214 ἱερόν
1593 3161 1651 3198 τε
1685 3144 1781 3198 καὶ
1815 3142 2066 3197 εὔποτον.
2101 3144 2267 3197 Ὥστε
2294 3145 2575 3214 ποιητικὸς
2647 3143 2788 3215 ἀνὴρ
2830 3145 2935 3216 ἔφη
2993 3146 3059 3200 ἂν
3119 3147 3180 3200 τὸ
3237 3145 3412 3217 στόμα
3463 3141 3631 3200 αὐτοῦ

349 3240 444 3294 καὶ
473 3242 534 3296 τὸ
566 3241 695 3296 ἄλλο
730 3242 1022 3313 πρόσωπον
1061 3244 1374 3315 οἰκητήριον
1426 3238 1566 3297 εἶναι
1605 3243 1785 3297 αὐτῶν
1822 3242 1930 3296 τῶν
1956 3241 2232 3314 Χαρίτων.
2277 3243 2342 3296 Et
2379 3259 2511 3295 ποτε
2544 3242 2653 3314 γὰρ
2683 3242 2777 3296 κοιλ⁹
2831 3241 2984 3297 αὐτοί
3045 3259 3193 3307 τινος
3251 3244 3631 3316 ὴπορήΘησαν,

349 3339 518 3410 ᾔεσαν
549 3339 750 3393 αὐτίκα
781 3337 910 3409 παρ’
945 3338 1110 3392 αὐτὸν
1145 3339 1288 3407 φίλοι
1321 3339 1474 3410 παρὰ
1504 3337 1678 3408 φίλον.
1715 3337 1775 3391 '0
1813 3337 2083 3407 Ἰσίδωρος
2110 3337 2245 3391 πολὺ
2285 3337 2560 3408 διαφέρων
2609 3331 2679 3408 ἦν
2744 3339 2846 3409 τῇς
2891 3336 3161 3402 ’Υπατίας
3199 3339 3266 3406 ’⁷,
3341 3341 3404 3394 οὐ
3470 3339 3634 3411 μόνον

347 3429 440 3489 οἷα
471 3434 731 3504 γυναικὸς
756 3434 920 3506 ἀνὴρ,
944 3435 1081 3488 ἀλλὰ
1114 3434 1210 3487 καὶ
1244 3429 1330 3488 οἷα
1363 3433 1746 3504 γεωμετρικῆς
1776 3435 1823 3466 ⁸⁸
1859 3433 1936 3504 τῷ
1975 3433 2089 3488 ὄντι
2120 3433 2429 3502 φιλόσοφος.

424 3529 660 3598 Στερρὸς
688 3527 744 3580 δέ
775 3526 838 3580 τὸ
876 3521 1007 3597 ἦθος
1036 3527 1063 3579 6
1102 3524 1429 3595 Σεϐηριανὸς
1453 3526 1498 3556 ’⁸
1527 3524 1623 3587 ὢν,
1667 3525 1762 3578 καὶ
1792 3524 1936 3594 ειπερ

350 3622 419 3675 ἂν
453 3618 784 3690 διανοηθείη,
828 3619 1001 3672 ταῦτα
1035 3618 1298 3688 πράττειν
1332 3615 1704 3682 ἐσπουδακὼς,
1739 3615 1936 3686 ἔφθανε

348 3713 430 3780 τῷ
461 3711 758 3782 πρακτικῷ
785 3711 846 3763 τὸ
879 3709 1247 3781 βουλευτικὸν,
1292 3710 1386 3762 καὶ
1422 3709 1510 3762 διὰ
1550 3708 1708 3762 τοῦτο
1755 3711 1783 3762 6
1824 3709 1937 3780 βίος

349 3801 503 3873 αὐτῷ
531 3803 776 3872 πολλαχῆ
809 3801 1094 3872 διεσφάλη.
1141 3801 1214 3854 Οὐ
1255 3799 1683 3873 γὰρ,ὲπιδιδόναι
1718 3798 1933 3871 ῥᾳδίως,

349 3893 475 3947 οὐδὲ
498 3887 567 3963 ἦν
591 3891 851 3960 αὔξεσθαι
881 3892 1022 3946 κατὰ
1045 3894 1224 3963 πῆχυν
1257 3891 1325 3957 ³ο,
1365 3890 1552 3963 ὥσπερ
1579 3890 1853 3962 Θεόδωρος
1893 3889 1934 3921 ³⁸

351 3987 380 4037 6
429 3986 694 4050 Ἀσιναῖος
729 3984 943 4056 ηὐξήθη
978 3983 1083 4036 ὑπὸ
1120 3982 1196 4053 τῷ
1224 3983 1539 4054 Πορφυρίῳ.
1577 3983 1740 4036 Ὥστε
1772 3981 1934 4045 εὐθὺς

354 4075 415 4141 ἐξ
439 4075 614 4146 ἀρχῆς
646 4075 712 4128 τὰ
744 4076 1017 4143 ἀναγκαῖα
1061 4075 1196 4145 μόνα
1230 4074 1562 4144 προσφέρειν
1584 4073 1663 4142 τῷ
1698 4071 1932 4142 σώματι,

352 4164 682 4234 ἀφροδισίων
714 4164 772 4217 δὲ
817 4164 1085 4236 ἄχραντον
1123 4161 1262 4217 εἶναι
1306 4165 1394 4218 διὰ
1443 4165 1559 4235 βίου
1593 4165 1813 4226 παντός.
1877 4161 1934 4214 Ὀ

356 4255 722 4325 Παμπρέπιος
781 4256 838 4308 ὲν
897 4257 1063 4326 ὀλίγῳ
1116 4257 1294 4327 χρόνῳ
1351 4254 1724 4326 λογιμώτατος
1795 4249 1935 4307 εἶναι

2115 3523 2446 3579 Severianus
2504 3524 2772 3580 constanti
2823 3525 3010 3579 animo
3049 3524 3192 3588 fuit,
3236 3533 3292 3579 et
3349 3525 3440 3595 qui
3506 3540 3633 3583 cum

2041 3616 2224 3669 animo
2265 3616 2580 3684 cogitasset,
2618 3629 2676 3669 re
2731 3615 2952 3686 exsequi
2981 3626 3225 3684 paratus,
3249 3618 3459 3686 agendo
3499 3631 3632 3672 con-

2039 3707 2218 3763 silium
2249 3708 2646 3761 antevertebat.
2680 3706 2866 3774 Itaque
2899 3723 3043 3777 saepe
3071 3709 3181 3762 vita
3205 3707 3322 3777 ejus
3356 3708 3578 3778 impegit
3611 3727 3626 3763 :

2041 3815 2146 3855 non
2185 3801 2329 3856 enim
2359 3799 2521 3854 facile
2547 3809 2667 3854 erat
2687 3813 2962 3867 crescere,
2994 3807 3048 3854 et
3078 3801 3144 3855 ad
3166 3799 3426 3855 amussim
3460 3800 3630 3868 proti-

2041 3908 2186 3960 cere,
2217 3901 2274 3948 ut
2299 3891 2625 3948 Theodorus
2659 3892 2906 3949 Asinaeus
2931 3890 3159 3959 profecit
3179 3892 3281 3946 sub
3304 3890 3631 3962 Porphyrio,

2047 3988 2139 4055 qui
2177 3987 2359 4040 statim
2394 3985 2551 4042 initio
2584 3984 2696 4042 sola
2723 3985 3031 4040 necessaria
3078 3983 3292 4052 corpori
3336 3982 3629 4046 conferret.

2045 4086 2099 4132 et
2128 4092 2345 4131 omnem
2383 4077 2547 4131 vitam
2582 4087 2732 4132 caste
2768 4076 3095 4132 traduceret.
3127 4073 3480 4144 Pamprepius
3504 4073 3630 4127 bre-

2044 4163 2266 4218 vissimo
2328 4171 2570 4233 tempore
2627 4162 3104 4232 eloquentissimus
3153 4169 3208 4214 et
3283 4159 3630 4214 doctissimus

2045 4256 2215 4310 fuisse
2243 4255 2390 4310 visus
2417 4262 2522 4316 est.
2553 4254 2632 4309 sic
2671 4254 2916 4308 incubuit
2963 4253 3153 4322 primis
3192 4253 3451 4306 doctrinae
3482 4251 3629 4306 rudi-

355 4349 503 4413 έδοξε
534 4349 626 4402 καὶ
658 4349 1136 4420 πολυμαθέστατος
1180 4350 1224 4381 ³³
1245 4364 1260 4380 ο
1291 4349 1435 4402 οὕτω
1470 4349 1766 4402 διεπονεῖτο
1807 4345 1936 4416 περὶ

2045 4348 2266 4410 mentis,
2295 4361 2426 4415 quas
2451 4346 2797 4416 grammatica
2822 4355 2875 4399 et
2898 4347 3103 4414 poetica
3134 4345 3348 4398 docent.
3379 4342 3504 4396 Erat
3529 4359 3629 4396 na-

355 4441 456 4514 τὴν
489 4443 654 4513 ἄλλην
682 4442 1060 4512 προπαιδείαν,
1084 4443 1214 4511 ὅσην
1241 4440 1498 4510 ποιητική
1530 4455 1589 4491 τε
1624 4439 1718 4491 καὶ
1755 4453 1942 4506 γραμ-

361 4533 563 4604 ματικὴ
594 4533 720 4605 [566
739 4533 830 4605 Η.]
866 4535 1072 4605 σοφίζει
1097 4529 1756 4599 παιδεύουσα.Αίγύπτιος
1783 4529 1826 4581 δ’
1849 4524 1939 4599 ἦν,

359 4625 456 4677 καὶ
484 4624 580 4696 τὴν
607 4627 899 4698 ποιητικὴν
925 4628 982 4679 ἐν
1011 4617 1078 4697 τῇ
1104 4625 1327 4696 πατρίδι
1357 4624 1603 4694 ἀσκήσας
1629 4618 1747 4674 εἶτα
1780 4619 1937 4690 Ἀθή-

359 4717 490 4782 ναζε
520 4720 870 4790 παρεγένετο.
901 4719 963 4772 Oi
990 4718 1047 4772 δέ
1097 4717 1372 4790 Ἀθηναῖοι
1404 4713 1792 4788 γραμματικὸν
1837 4711 1938 4765 αὐ-

359 4811 452 4866 τδν
495 4813 842 4882 ἐποιήσαντο,
879 4812 974 4866 καὶ
1007 4811 1101 4867 ἐπὶ
1140 4810 1280 4873 νέοις
1319 4804 1639 4862 διδάσκαλον
1677 4803 1932 4872 έττησαν.

2047 4441 2194 4495 tione
2223 4436 2532 4508 Aigyptius,
2566 4447 2624 4491 et
2650 4437 2917 4505 poeticam
2954 4437 3006 4489 in
3048 4435 3220 4503 patria
3247 4449 3366 4487 cum
3408 4432 3628 4487 didicis-

2043 4539 2147 4598 set,
2171 4530 2411 4584 Athenas
2431 4526 2703 4596 profectus
2719 4534 2837 4593 est;
2861 4526 2952 4580 sed
2974 4525 3333 4580 Athenienses
3355 4538 3628 4593 gramma-

2042 4621 2206 4674 ticum
2225 4633 2343 4672 eum
2367 4618 3028 4686 fecerunt,puerorumque
3043 4615 3237 4670 scholae
3255 4633 3374 4670 cum
3395 4631 3627 4686 praeesse

2043 4711 2349 4766 voluerunt.
2377 4709 2526 4764 Zeno
2557 4718 2748 4763 natura
2779 4709 2995 4764 timidus
3019 4718 3156 4774 erat,
3181 4718 3234 4763 et
3264 4710 3449 4764 videns
3471 4708 3625 4762 Illum

2032 4800 2307 4868 judicibus
2337 4802 2586 4867 charum,
2609 4809 2664 4855 et
2688 4799 2934 4854 maxime:
2962 4800 3320 4868 auctoritatis,
3338 4800 3437 4855 sibi
3468 4801 3536 4856 de
3561 4811 3626 4853 eo

1661 4891 1898 4948 VARle
1927 4889 2333 4945 LECTIONES.

435 4971 480 5002 ί*
519 4970 786 5041 ἀπολείπῃ
809 4969 870 5035 Β,
895 4970 1190 5041 ,ἀπολείπει
1301 5039 1308 5041 Α
1356 4969 1398 5000 ¹⁸
1415 4969 1526 5041 ἐ-μφ

1531 4965 1684 5019 ὐεται
1711 4965 1858 5032 αὐτῷ
1879 4965 1978 5030 τῆς
2007 4961 2320 5032 φιλοσοφίας
2335 4960 2529 5032 Suidas
2548 4958 3068 5032 ν.Ἀληθινδςγέρως.

361 5041 480 5113 ἐπε·
548 5043 587 5071 ¹⁷
626 5026 912 5113 Ἀθήίὶαξίε]
946 5026 1628 5113 πρδςηηρέκλοκιβῑιῖάθε-
1673 5026 2078 5113 .¹⁸.ίέτορέῖ.τὲιι
2111 5031 2157 5084 Α
2199 5026 2586 5113 ξηίστορείσθξο
2608 5026 2791 5113 ςιζ¹ῗ
2815 5026 3292 5113 ἐφ’,ἧἪχοηὶο
3321 5033 3395 5113 ,4-

3147 4962 3190 4994 “
3215 4961 3349 5031 ὁμοῦ
3369 4976 3476 5015 om.
3507 4959 3628 5014 Sui-

3475 5032 3517 5062 "
3551 5032 3622 5085 cf.

363 5110 561 5165 Snitlas
585 5127 635 5165 ν.
669 5097 943 5179 Θεαγένης
1048 5097 1174 5172 {69.
1200 5097 1301 5180 .175.
1369 5109 1576 5180 finep‘i
1607 5105 1734 5168 τοὺς
1762 5097 2143 5180 λόγους-ἰόειιι.
2194 5101 2266 5180 J“
2286 5118 2345 5180 τε
2379 5097 2486 5180 om:
2508 5100 2595 5180 Ἀ.
2619 5169 2633 5180 _
2673 5097 2838 5170 “6M
2858 5100 2957 5180 ῖῄν
2985 5100 3044 5154 Β.
3107 5097 3162 5134 ’³³
3215 5101 3288 5180 cf.
3320 5102 3512 5180 Suidsts
3573 5116 3626 5180 ν.

364 5181 588 5234 Πλάτων
610 5184 638 5235 6
669 5177 982 5251 φιλόσοφοςξ
1085 5182 1129 5212 ’⁸
1155 5179 1257 5252 ἔτι]
1287 5177 1378 5252 ἐπί
1526 5177 1662 5252 ὀιηέ-
1682 5194 1740 5240 ς.

364 5253 561 5308 Suitlas
588 5268 636 5304 ν.
676 5253 1021 5323 Σεϐηριανός.

1850 5174 1892 5204 ³⁷
1941 5172 2006 5225 de
2033 5170 2110 5241 lly

2118 5169 2260 5242 patia
2289 5168 2592 5242 cf.StAtidas
2619 5169 2673 5224 h.
2705 5185 2770 5242 _v.
2805 5168 2833 5242 ξ
2876 5169 3288 5242 ’ξ’-γεωμετρικὴ
3324 5189 3386 5236 ς.
3469 5173 3513 5202 ⁸⁸
3549 5171 3624 5242 cf.

1099 5253 1144 5284 ³⁰
1179 5237 1257 5308 cf:
1290 5251 1484 5305 Suidas
1517 5265 1568 5302 v.
1621 5237 1776 5300 κατὰ
1796 5244 1972 5313 πῆχυν
1999 5237 2308 5313 ἐπέδίδου.ῌ
2339 5240 2381 5272 ³⁸
2432 5237 2725 5313 Θεόδωρος]
2765 5239 2836 5293 cf.
2888 5237 3510 5313 Wyttenbach;Eunap.
3567 5240 3626 5304 ‘2,

363 5299 560 5391 5:14;:
595 5299 640 5354 ἀί
668 5299 1148 5395 τῖὁὶβᾷἇιῖδὲῖςῖἑατος
1180 5299 1576 5377 sciatsciat.
1607 5299 2045 5386 ίηαμπῖέπιος
2079 5311 2208 5380 (vol.
2246 5310 2333 5377 III,
2370 5325 2422 5380 p.
2457 5310 2554 5379 15:,
2583 5299 2730 5380 4'4)":
2767 5299 3232 5381 περιμάοέστατος
3256 5328 3306 5377 ς.

1895 5403 2134 5460 NOTAE.

432 5505 544 5573 (23)
571 5503 740 5567 Plato,
772 5502 923 5556 Suid.
954 5514 1007 5558 et
1034 5503 1215 5559 Laert.

433 5576 545 5644 (24)
581 5573 826 5644 llypatia,
857 5574 1042 5631 Isidori
1079 5590 1231 5629 uxor.

2110 5495 2219 5566 (‘25)
2251 5493 2570 5550 Theodorus
2602 5492 2847 5546 Asintcus
