3990 6232
396 190 531 255 1237
1535 189 1804 253 PHOTII
1841 188 2351 251 PATB'IARCELE
2390 191 2501 254 CP.
3536 186 3676 255 1288

391 308 559 373 cavit,
596 316 650 363 ct
684 307 828 380 quod
858 308 932 363 illi
967 309 1150 366 minus
1177 308 1387 375 (lderet,
1422 306 1709 378 quiescere
1738 322 1844 362 non
1886 321 1977 378 po-

2087 307 2271 373 Δειλὸς
2310 310 2357 343 ³⁸
2390 309 2446 363 δὲ
2473 311 2549 365 ὢν
2576 313 2604 366 ὁ
2635 310 2820 383 Ζήνων
2850 308 3012 380 φύσει
3038 310 3134 365 καὶ
3160 308 3254 364 τὸν
3321 308 3501 364 [non
3528 309 3676 380 ὁρῶν

392 404 554 464 terat,
599 398 694 453 sed
747 400 999 454 omnibus
1048 398 1222 455 modis
1259 399 1509 466 tentavit,
1537 412 1839 467 omnesque
1876 412 1977 453 ma-

2086 401 2144 454 ἐν
2182 400 2309 474 δίκῃ
2344 402 2713 476 ἀγαπώμενον
2741 404 2835 459 καὶ
2858 404 3006 475 μέγα
3031 404 3130 475 ήδη
3163 403 3459 473 δυνάμενον
3483 403 3552 464 ³⁸,
3577 405 3677 457 εὑ-

390 488 581 542 chinas
611 489 857 544 adhibuit
904 489 1073 556 Zeno,
1105 498 1166 544 ut
1205 489 1354 544 illum
1382 498 1682 545 amoveret.
1715 487 1820 543 Sed
1845 488 1977 558 prin.

2084 492 2304 549 λαϐεἰτο
2338 498 2469 568 περὶ
2492 499 2642 570 αὐτῷ
2671 500 2736 564 ",
2768 500 2864 553 καὶ
2894 499 2960 552 δι’
2988 497 3247 551 ἀπιστίαν
3276 498 3321 530 ³⁸
3341 497 3439 568 οὐχ
3467 490 3580 561 οἷός
3615 514 3678 551 τε

390 593 521 648 ceps
559 581 700 635 inter
733 596 826 635 eos
855 581 946 651 qui
977 597 1156 636 rerum
1190 583 1497 651 potiebatur
1523 580 1716 636 Petrus
1744 581 1977 650 nomine,

2085 577 2155 652 ἦν
2200 582 2454 655 ἠρεμεῖν,
2504 585 2641 639 ἀλλά
2688 586 2867 649 πάσας
2909 585 3062 649 ὀδοὺς
3111 583 3310 657 διεξῄει
3361 585 3456 639 καὶ
3495 584 3681 647 πάσας

392 673 476 724 vir
512 673 795 741 impudens
821 681 876 726 et
912 673 1190 743 improbus
1223 692 1238 729 :
1271 673 1425 741 cujus
1448 680 1567 728 erat
1591 670 1735 727 forte
1768 672 1977 741 Opinio-

2087 672 2286 728 έπλεκε
2318 678 2568 748 μηχανάς
2591 678 2740 741 ὅπως
2770 677 2834 732 ἂν
2861 676 3105 730 ἐκποδὼν
3134 679 3414 746 ποιήσοιτο
3441 676 3533 731 τὸν
3566 675 3680 729 Ἵλ-

391 777 511 819 nem
535 767 968 831 examinare,sed
999 767 1221 821 forsitan
1245 774 1300 822 et
1322 766 1411 822 hic
1428 767 1709 822 evicerunt
1732 763 1977 833 Pampre-

2090 766 2217 820 λουν
2241 769 2269 821 ὁ
2299 769 2506 840 Ζήνων.
2548 769 2607 824 '0
2635 769 2691 822 δὲ
2713 769 2819 823 τῶν
2840 769 3184 840 κρατούντων
3210 770 3255 801 ³⁷
3279 769 3379 840 τῆς
3399 767 3680 831 πολιτείας

389 857 459 924 pii
486 856 686 929 34,7(1
718 857 861 914 lenta
911 874 1126 929 semper
1157 874 1414 930 responsa
1440 868 1496 913 et
1532 857 1745 928 longius
1783 856 1977 912 bellum

2091 860 2316 932 ἡγεμὼν
2336 862 2433 933 τὴν
2447 862 2604 928 δόξαν
2627 864 2946 917 ἐπισκοπεῖν
2968 860 3223 934 εἰληχὼς,
3248 861 3419 933 ὄνομα
3444 862 3675 933 Πέτρος.

389 952 786 1019 protrahenda.

2089 953 2231 1025 ἀνὴρ
2282 956 2476 1026 ἰταμὸς
2534 955 2609 1010 ὣν
2659 960 2751 1011 καὶ
2789 957 3177 1030 περιπόνηρος.
3232 956 3373 1011 Ἀλλ’
3408 954 3543 1018 ἴσως
3580 953 3682 1007 καὶ

388 1041 622 1096 ἐνταῦθα
652 1042 917 1114 ἐκράτουν
947 1042 1112 1116 [I060
1146 1040 1242 1116 3.]
1264 1044 1311 1096 οἱ
1333 1040 1704 1113 Παμπρεπίου
1728 1038 1969 1112 χρησμοὶ
2000 1039 2358 1112 βλακεύοντες
2397 1047 2441 1079 ⁸³
2473 1048 2560 1101 ἀεὶ
2589 1048 2682 1101 καὶ
2712 1048 3104 1125 ἀναϐάλλοντες
3160 1048 3239 1112 είς
3301 1047 3531 1119 χρόνους
3582 1044 3680 1099 τὸν

388 1131 519 1184 πόλε
528 1150 649 1202 μον.

458 1226 810 1297 Pamprcpius
832 1228 883 1282 in
906 1225 1141 1299 Egypto
1164 1241 1354 1299 agens,
1383 1224 1592 1283 Isidoro
1612 1228 1792 1283 Verbis
1814 1228 1981 1299 signi-

389 1318 569 1373 ficavit
595 1319 735 1389 quod
770 1336 872 1376 non
906 1321 1112 1376 faverct
1150 1321 1280 1385 Illo;
1323 1321 1415 1376 sed
1456 1321 1568 1392 jam
1617 1323 1977 1391 proditionem

388 1411 630 1466 molienti
662 1412 858 1468 similis
889 1426 1055 1483 esset,
1089 1425 1144 1469 et
1174 1412 1421 1470 Romano
1451 1414 1680 1485 imperio
1716 1415 1977 1471 inhiaret.

387 1499 515 1556 Ilaec
557 1518 715 1572 rupes
761 1505 1011 1574 superius
1057 1507 1111 1560 in
1175 1505 1512 1561 latitudinem
1558 1516 1802 1572 extensa,
1845 1506 1981 1561 infe-

388 1595 502 1648 rius
526 1597 807 1666 angustior
830 1598 1071 1666 quidem,
1097 1600 1191 1653 sed
1217 1614 1336 1668 quae
1362 1597 1636 1653 suffulciat
1658 1614 1976 1669 suspensam

387 1682 726 1741 latitudinem
755 1685 911 1741 valde
951 1686 1262 1751 sublimem,
1297 1700 1647 1758 superantem
1679 1689 1728 1742 ei
1761 1689 1974 1759 subjec-
2009 1678 2048 1734 Β

386 1784 581 1837 tam.et
593 1777 947 1832 sustinentem
966 1778 1163 1832 montis
1185 1779 1541 1847 crepidinem.
1560 1777 1806 1834 Similem
1826 1778 1978 1834 dixe-

388 1866 465 1920 ris
497 1865 643 1920 illam
677 1882 869 1936 magno
913 1867 1052 1922 collo
1087 1868 1374 1923 sustinenti
1418 1877 1580 1938 caput
1629 1868 1847 1940 ingens,
1897 1868 1979 1923 di-

390 1969 665 2024 gnumque
693 1956 830 2011 visu.
862 1955 1095 2012 Rursum
1123 1960 1188 2013 ad
1210 1956 1473 2012 Isidorum
1500 1958 1799 2012 orationem
1829 1973 1981 2013 revo-

390 2060 597 2102 cemus.
635 2044 749 2101 Non
784 2046 1006 2103 inﬂatus
1035 2060 1157 2104 erat
1188 2048 1447 2113 Isidorus,
1487 2064 1586 2105 nec
1623 2049 1673 2103 in
1708 2049 1977 2120 colloquio

390 2135 645 2202 diliicilis,
695 2153 794 2194 nec
845 2139 1085 2194 Stoicam
1153 2138 1557 2195 affectationem
1627 2139 1897 2211 ignoravit
1958 2159 1974 2195 :

392 2244 642 2300 nuncque
668 2231 950 2286 videbatur
984 2233 1194 2296 hilaris,
1219 2243 1273 2288 et
1313 2233 1487 2298 hctus,
1525 2240 1581 2286 et
1620 2247 1847 2302 corpore
1881 2246 1977 2288 ve-

391 2335 573 2390 nusto,
602 2334 657 2379 et
698 2325 881 2379 animo
923 2340 1137 2380 sursum
1200 2336 1386 2381 erecto
1413 2365 1429 2390 ,
1472 2325 1659 2379 adbzec
1705 2325 1913 2379 alienus
1946 2339 1977 2378 a

392 2419 587 2472 mortis
642 2433 792 2474 cura.
845 2418 1157 2488 Improbum
1195 2419 1467 2472 hominem
1509 2428 1565 2473 et
1617 2417 1725 2471 vita
1767 2415 1974 2485 infami,

389 2516 575 2562 contra
610 2508 963 2564 Athanasium
991 2520 1292 2566 sectantem
1320 2508 1600 2563 fortiorem
1628 2508 1975 2565 sententiam.

389 2597 515 2655 Haec
554 2598 751 2655 Juliani
794 2603 1031 2658 vasculis
1056 2602 1424 2657 immiserunt.
1462 2601 1700 2656 Isidorus
1738 2600 1978 2655 arculam

388 2693 599 2763 aliaque
632 2694 846 2749 vascula
869 2695 1155 2764 disposuit,
1189 2702 1246 2747 ut
1285 2703 1472 2763 parata
1520 2701 1571 2748 et
1629 2693 1683 2747 in
1729 2702 1979 2764 promptu

387 2797 592 2853 essent,
644 2799 899 2858 tanquam
952 2789 1006 2843 in
1061 2796 1361 2844 mercatum
1410 2788 1700 2850 missurus,
1763 2786 1978 2840 turbam

388 2879 667 2935 hominum
733 2881 1013 2935 collectam
1076 2880 1145 2935 ad
1209 2879 1624 2950 profectionem.
1691 2877 1980 2949 Imperavit

387 2971 549 3025 etiam
581 2972 773 3038 servis,
813 2981 870 3025 ut
896 2971 1010 3040 jam
1056 2970 1295 3040 strigiles
1334 2979 1613 3040 pararent,
1657 2979 1711 3022 et
1742 2968 1979 3038 philoso-

388 3062 524 3131 phos
549 3064 600 3116 in
639 3076 915 3117 carcerem
953 3062 1130 3117 denuo
1170 3061 1426 3132 coniecit,
1462 3075 1528 3114 eo
1557 3058 1699 3131 quod
1738 3059 1976 3115 secundo

387 3157 618 3212 convicti
645 3167 850 3211 essent.
880 3150 1129 3209 Julianus
1158 3152 1377 3209 silentio
1402 3152 1635 3223 excepit,
1671 3151 1899 3221 tulitque
1921 3152 1977 3206 in

389 3258 539 3318 tergo
582 3248 779 3303 multas
818 3248 1001 3318 plagas
1051 3246 1326 3318 tympanis
1358 3244 1555 3299 illatas.
1606 3243 1739 3299 Nam
1794 3245 1979 3300 multis

387 3338 623 3396 fustibus
653 3356 824 3396 caesus
856 3350 959 3406 est,
994 3340 1127 3397 nihil
1161 3339 1386 3394 omnino
1408 3336 1643 3403 locutus,
1668 3339 1857 3393 videns
1882 3352 1977 3392 su-

390 3434 676 3505 pellectilia
700 3435 767 3488 ad
799 3432 1199 3504 navigationem
1230 3439 1417 3502 parata
1446 3449 1460 3485 :
1488 3431 1599 3487 Cur
1624 3432 1751 3495 hoc,
1778 3430 1975 3500 inquit,

390 3523 565 3579 facis?
596 3523 848 3578 custodes
878 3532 1132 3593 portuum
1175 3530 1227 3576 te
1269 3521 1507 3591 capient.
1545 3519 1788 3576 Decessit
1814 3520 1978 3591 igitur

389 3633 496 3674 non
548 3618 717 3674 nrnlto
768 3626 913 3689 post,
963 3624 1019 3673 et
1066 3614 1210 3672 domi
1257 3629 1390 3669 meae
1437 3612 1836 3669 diversabatur.
1879 3610 1980 3667 Ivit

388 3710 552 3780 igitur
589 3709 853 3771 Athenas,
894 3708 1086 3763 Proclo
1128 3705 1449 3777 sepulcralia
1475 3722 1597 3762 cum
1629 3706 1790 3761 thure
1838 3704 1977 3760 alla-

387 3815 564 3857 turus‘.
610 3804 867 3857 Extrema
903 3801 1106 3856 malitia
1154 3800 1548 3857 ctincurabilis
1600 3809 1839 3855 meretur
1863 3811 1980 3856 sta-

385 3894 482 3948 tim
506 3893 848 3963 supplicium,
880 3908 1000 3962 quae
1020 3907 1150 3948 vero
1180 3893 1441 3963 paulatim
1479 3888 1784 3957 deﬂexerit,
1818 3893 1977 3948 venia

387 3984 570 4039 statim
601 3985 762 4055 digna
792 3994 898 4041 est.
920 3985 1180 4044 Plurimis
1203 4000 1332 4039 vero
1361 3985 1600 4041 remedia
1636 3994 1855 4054 peccata
1877 3983 1976 4040 ad-

389 4076 748 4142 mittentibus,
781 4075 999 4145 justitia
1038 4077 1225 4132 differt
1253 4077 1518 4131 malorum
1552 4077 1787 4132 remedia
1816 4093 1831 4132 :
1863 4076 1978 4133 sive

383 4171 529 4241 quod
564 4172 861 4227 subsidium
903 4173 1139 4227 habeant
1167 4187 1195 4226 a
1219 4173 1442 4233 virtute,
1496 4170 1542 4226 si
1592 4169 1733 4225 forte
1771 4170 1978 4240 effuge-

388 4265 496 4318 rint
521 4265 687 4336 magis
714 4263 909 4336 3471)
937 4265 1206 4321 sectiunes
1252 4274 1309 4319 et
1349 4264 1633 4319 ustiones:
1673 4264 1788 4318 sive
1831 4265 1974 4333 quod

2169 1229 2230 1282 '0
2261 1230 2317 1283 δὲ
2354 1229 2717 1301 Παμπρέπιος
2755 1229 2895 1282 κατὰ
2922 1230 3021 1299 τὴν
3050 1228 3324 1297 Αἴγυπτον
3355 1244 3679 1300 παραγεγο-

2083 1322 2190 1386 νὼς
2208 1308 2467 1394 Ἰσιδώρῳ
2499 1321 2771 1393 παρέσχεν
2794 1324 2855 1374 ὲκ
2881 1321 2987 1374 τῶν
3015 1320 3188 1389 λόγων
3212 1320 3459 1390 αίσθησιν
3478 1319 3555 1386 ὡς
3572 1322 3679 1392 οὐχ

2083 1414 2316 1483 ὑγιαίνοι
2333 1413 2377 1444 ³⁹
2410 1412 2544 1482 πρὸς
2561 1410 2788 1465 Ἴλλουν.
2807 1410 2946 1464 Ἀλλ’
2966 1411 3066 1482 ήδη
3100 1409 3479 1482 προδωσείοντι
3501 1412 3672 1473 ἔοικε,

2082 1506 2177 1560 καὶ
2227 1504 2407 1577 μέντοι
2460 1508 2557 1557 καὶ
2609 1501 3003 1573 περιορωμένῳ
3052 1503 3149 1571 τὴν
3189 1501 3474 1570 Ῥωμαίων
3516 1502 3677 1573 βασι-

2080 1598 2249 1654 λείαν.
2269 1599 2333 1651 Ἠ
2368 1596 2545 1667 πέτρα
2574 1595 2711 1666 α’ύτη
2751 1595 2818 1648 τά
2848 1594 2945 1664 μὲν
2976 1592 3180 1647 ἄνωθεν
3209 1593 3673 1664 ἐκπεπετασμένη

2079 1690 2214 1745 πολὺ
2233 1688 2279 1722 ιο
2308 1689 2388 1753 είς
2433 1688 2609 1760 εὖρος,
2643 1687 2711 1741 τὰ
2758 1686 2817 1739 δὲ
2864 1684 3110 1740 κάτωθεν
3161 1685 3600 1757 ἀποστενουμένη
3624 1684 3671 1717 ιι

2078 1780 2333 1835 τοσοῦτον
2366 1780 2489 1833 ὅσον
2523 1776 2825 1848 ὑπερείδειν
2842 1775 2889 1809 ⁸⁸
2933 1775 3033 1847 τὴν
3084 1776 3535 1846 ἐπικρεμαμένην
3574 1774 3673 1829 εύ-

2082 1874 2291 1946 ρύτητα
2327 1871 2620 1944 μετέωρον,
2657 1869 2902 1940 πολλαχῆ
2963 1868 3336 1939 ὑπερέχουσαν
3379 1871 3479 1937 τῆς
3530 1869 3671 1923 ὑπο·

2080 1967 2340 2038 κειμένης
2353 1965 2398 1998 “
2423 1965 2516 2018 καὶ
2548 1962 2848 2035 ἀνεχούσης
2877 1962 3136 2034 κρηπῖδος
3164 1961 3350 2034 ὀρείας
3369 1978 3384 1993 ο
3419 1962 3670 2025 εἰκάσαις
3774 1982 3792 1994 κ

2080 2061 2146 2116 ἂν
2184 2061 2355 2132 αὐτὴν
2384 2059 2573 2131 αὐχένι
2619 2059 2855 2131 μεγάλῳ,
2891 2059 3111 2131 φέροντι
3145 2057 3388 2130 κεφαλὴν
3423 2057 3670 2125 ὑπερμε-

2080 2153 2216 2222 γέθη
2249 2154 2373 2206 τινά
2413 2152 2507 2206 καὶ
2537 2151 2871 2217 ἀξιοθέατον.
2904 2150 3073 2205 Πάλιν
3092 2150 3136 2202 δ’
3161 2150 3252 2203 ἐπὶ
3272 2148 3363 2202 τὸν
3398 2140 3670 2219 Ἰσίδωρον

2080 2243 2550 2314 ἀνακαλεσώμεθα
2566 2244 2612 2275 ⁸⁵
2643 2243 2742 2315 τὴν
2778 2245 3123 2315 συγγραφήν.
3159 2242 3278 2299 Οὑκ
3317 2236 3385 2312 ἦν
3421 2258 3670 2310 τετυφω-

2083 2341 2242 2411 μένος
2259 2340 2305 2372 ⁸⁸
2338 2342 2365 2393 ὁ
2395 2338 2666 2410 Ἰσίδωρος
2700 2338 2824 2392 οὔτε
2858 2340 3177 2410 δυσόμιλος,
3209 2338 3331 2393 οὑδὲ
3354 2338 3539 2410 ἠγνόει
3566 2338 3670 2408 τὴν

2080 2433 2327 2503 Στωῖκὴν
2372 2432 2789 2504 συμπεριφορὰν
2828 2432 3149 2501 λεγομένην.
3182 2432 3291 2486 Καὶ
3320 2427 3388 2504 ἦν
3416 2433 3537 2486 τότε
3564 2432 3669 2485 αύ-

2079 2526 2170 2580 τδν
2200 2525 2496 2579 θεάσασθαι
2527 2525 2751 2596 φαιδρόν
2780 2541 2839 2578 τε
2869 2524 2965 2577 καὶ
2989 2524 3296 2595 γεγηθότα,
3327 2524 3388 2576 τό
3417 2540 3475 2575 τε
3506 2523 3671 2593 σῶμα

2080 2618 2368 2687 ἀνθοῦντα,
2402 2618 2498 2674 καὶ
2543 2621 2640 2689 τὴν
2693 2617 2872 2689 ψυχὴν
2926 2617 3061 2687 ὑψοῦ
3107 2617 3534 2689 διεγηγερμένον
3561 2617 3671 2680 ἔτι,

2080 2711 2174 2766 καὶ
2206 2710 2380 2765 ταῦτα
2406 2710 2515 2765 τῶν
2548 2712 2678 2782 περὶ
2713 2711 2944 2766 θανάτου
2973 2710 3271 2781 φροντίδων
3305 2709 3675 2779 ὑπολειπομέ-

2080 2816 2186 2851 νων
2205 2798 2271 2851 “.
2300 2798 2542 2870 Πονηρὸν
2568 2798 2626 2852 δὲ
2652 2798 2941 2872 ἄνθρωπον
2971 2799 3176 2854 καὶτὸν
3200 2799 3316 2872 βίον
3345 2801 3671 2873 ἐπέρρητον.

2081 2889 2226 2960 Πρὸς
2252 2888 2347 2943 τὸν
2379 2890 2784 2945 ἐπισκοποῦντα
2809 2892 2867 2945 τὸ
2892 2891 3197 2961 τηνικαῦτα
3222 2892 3322 2963 τὴν
3362 2891 3675 2964 κρατοῦσαν

2079 2979 2238 3045 δόξαν
2282 2979 2989 3035 Ἀθανάσιον.Ἐνέ6αλον⁴⁷
3034 2980 3176 3035 αὑτά
3219 2983 3337 3044 τοῖς
3376 2979 3673 3043 Ἰουλιανοῦ

2081 3071 2414 3143 σκευαρίοις.
2431 3072 2490 3125 Ὁ
2515 3073 2572 3127 δὲ
2592 3073 2863 3142 Ἰσίδωρος
2883 3073 2944 3126 τό
2967 3089 3027 3126 τε
3051 3071 3304 3127 κιϐώτιον
3329 3073 3425 3127 καὶ
3444 3072 3513 3127 τὰ
3532 3072 3676 3128 ἄλλα

2081 3163 2345 3232 σκευάρια
2394 3163 2647 3233 διέθηκεν
2696 3162 2890 3233 ἕτοιμα
2938 3161 3080 3218 εἶναι
3130 3164 3225 3218 καὶ
3266 3166 3557 3236 πρόχειρα,
3595 3164 3675 3228 ὡς

2078 3254 2424 3326 ἀποπέμψων
2454 3258 2534 3319 είς
2578 3256 2641 3309 τὸ
2690 3255 2974 3327 ἐμπόριον.
3010 3257 3207 3326 Στῖφος
3237 3256 3445 3328 ἀνδρῶν
3473 3272 3677 3324 συγκε-

2082 3348 2420 3419 κροτημένον
2462 3349 2542 3411 εἰς
2576 3342 2786 3417 ἔφοδον.
2805 3348 2863 3402 Ὀ
2891 3347 2948 3401 δὲ
2982 3347 3078 3403 καὶ
3113 3348 3348 3419 ξύστρας
3375 3347 3478 3418 ἠδη
3506 3346 3677 3401 ἀπτε-

2079 3437 2204 3491 σθαι
2227 3436 2565 3491 διεκελεύετο
2588 3438 2714 3501 τοὺς
2742 3437 3043 3509 ὑπηρέτας.
3061 3437 3172 3492 Καὶ
3195 3439 3322 3503 τοὺς
3344 3436 3677 3507 φιλοσόφους

2079 3531 2159 3595 είς
2185 3531 2246 3584 τὸ
2274 3531 2650 3602 δεσμωτήριον
2698 3528 2859 3583 πάλιν
2893 3526 3207 3585 ὲνέδαλενδ⁸
3234 3531 3325 3583 ἐπὶ
3353 3527 3519 3601 ψήφῳ
3547 3527 3677 3582 δευ-

2077 3620 2250 3693 τέρων
2297 3621 2559 3692 ἐλέγχων.
2578 3620 2637 3674 '0
2669 3619 2726 3674 δὲ
2748 3619 3034 3684 Ἰουλιανὸς
3067 3622 3249 3691 σιωπῇ
3286 3618 3503 3680 ἐδέξατο
3531 3635 3678 3691 καρ-

2076 3711 2251 3783 τερῶν
2287 3711 2387 3776 τὰς
2419 3711 2619 3774 πολλὰς
2655 3711 2749 3764 ἐπὶ
2784 3709 2879 3764 τοῦ
2905 3709 3076 3765 νώτου
3114 3708 3204 3763 διὰ
3237 3708 3344 3762 τῶν
3370 3707 3677 3777 τυμπάνων

2077 3804 2294 3875 πληγάς
2314 3820 2328 3835 °
2358 3807 2452 3859 καὶ
2481 3802 2590 3876 γάρ
2623 3803 2843 3868 πολλαῖς
2875 3802 3096 3857 ἐπαίετο
3122 3801 3471 3872 βακτηρίαις,
3502 3799 3677 3871 μηδὲν

2077 3897 2214 3962 ὅλως
2260 3897 2657 3969 φθεγξάμενος.
2692 3896 2838 3952 Ἰδὼν
2882 3895 2952 3950 τά
3010 3897 3277 3968 σκευάρια
3331 3892 3674 3963 συνδούμενα

2077 3989 2215 4059 πρὸς
2239 3989 2330 4041 τὸν
2363 3989 2665 4054 ἀπόπλουν,
2684 3988 2749 4042 Τί
2778 3987 2957 4053 τούτο,
2988 3986 3116 4059 ἔφη,
3152 3988 3342 4052 ποιεῖς,
3373 3985 3627 4056 ἄνθρωπε
3652 4003 3674 4054 ς

2089 4078 2300 4151 Ἀλὼση
2328 4079 2386 4132 δὲ
2414 4080 2519 4134 ὑπὸ
2544 4079 2651 4134 τῶν
2683 4078 2976 4152 λιμενιτῶν
3007 4078 3394 4148 φυλακτήρων.
3413 4076 3676 4146 ’Δφίκετο

2076 4172 2257 4227 τοίνυν
2286 4173 2345 4226 οὑ
2382 4172 2564 4243 πολλῷ
2589 4171 2841 4246 ὕστερον,
2879 4173 2973 4226 καὶ
3006 4173 3064 4226 ὲν
3100 4170 3239 4242 ἐμοῦ
3288 4171 3365 4242 τῷ
3404 4171 3542 4242 οίκῳ
3591 4170 3676 4224 δι-

2076 4262 2537 4336 ῃτᾶτο.Ἀφίκετο
2572 4264 2672 4334 μὲν
2700 4262 2965 4335 Ἀθήναζε
3017 4264 3138 4317 τότε
3191 4262 3271 4335 τῷ
3316 4262 3547 4333 Πρόκλῳ
3576 4262 3671 4316 ἐπὶ

384 4357 456 4413 ob
502 4356 759 4413 facinoris
805 4356 1232 4426 magnitudinem
1285 4353 1542 4410 festinato
1583 4353 1693 4408 sint
1735 4354 1973 4410 remedio

2082 4357 2255 4427 ταφῆς
2300 4355 2414 4411 ὄντι
2457 4356 2614 4429 τὴνδ’
2647 4355 2974 4427 θυμιατρίδα
3018 4355 3221 4427 φέρων.
3242 4353 3302 4409 Ἥ
3333 4355 3431 4425 μὲν
3461 4354 3673 4424 ἐσχάτη

384 4448 630 4520 indigni;
669 4450 784 4505 sive
817 4449 957 4519 quod
1007 4450 1368 4520 quibusquam
1415 4458 1704 4518 antequam
1746 4453 1967 4518 peccata

2082 4446 2245 4502 κακία.
2285 4448 2380 4501 mi.
2418 4447 2720 4520 ἀϐοήθητος
2748 4446 2875 4515 ἀξία
2898 4447 2996 4516 τῆς
3024 4446 3336 4517 παραυτίκα
3367 4445 3668 4510 κολάσεως,

384 4522 700 4610 puniantur,
731 4557 828 4611 pro
857 4541 1010 4596 bonis
1045 4543 1218 4610 gratia
1267 4538 1549 4595 debeatur.

2082 4540 2113 4610 ἡ
2139 4540 2195 4593 δὲ
2228 4537 2358 4614 [567
2383 4537 2478 4612 IL]
2506 4542 2594 4594 ἐπ’
2625 4539 2807 4611 ὀλίγον
2854 4539 3359 4612 παρατετραμμένη
3402 4538 3530 4602 ἀξία
3577 4539 3673 4592 καὶ

383 4632 525 4705 αὑτὴ
543 4632 643 4702 τῆς
669 4631 928 4703 ταχίστης
950 4634 1166 4703 ἐπαφῆς
1181 4630 1248 4686 η.
1270 4631 1552 4695 Πλείστοις
1572 4629 1629 4685 δὲ
1655 4627 1762 4683 τῶν
1786 4628 1972 4700 μέσων
2021 4630 2382 4686 ἀναῦάλλεται
2415 4634 2448 4704 ἡ
2482 4632 2606 4706 δίκη
2637 4632 2704 4692 τὰ
2732 4632 2842 4686 τῶν
2872 4631 3065 4687 παθῶν
3131 4630 3489 4703 ίατρεύματα,
3551 4631 3673 4701 ἦτοι

380 4723 458 4786 ὡς
492 4724 747 4797 βοήθειαν
776 4724 988 4795 ἔχουσιν
1022 4724 1130 4777 ἀπὸ
1156 4724 1257 4795 τῆς
1285 4722 1512 4795 ἀρετῆς,
1546 4722 1602 4776 et
1643 4730 1762 4785 πως
1807 4719 2102 4791 ἐκφύγοιεν
2142 4723 2346 4796 μᾶλλον
2411 4725 2512 4790 τὰς
2557 4725 2729 4796 τομὰς
2792 4726 2888 4779 καὶ
2936 4726 3036 4789 τὰς
3083 4725 3330 4789 καύσεις,
3372 4724 3405 4794 ἢ
3454 4724 3529 4786 ὡς
3575 4727 3674 4777 ἀν-

383 4815 570 4881 αξίοις
598 4815 692 4870 τοῦ
722 4815 1041 4887 παραυτίκα
1084 4814 1388 4887 φαρμάκου,
1421 4812 1513 4868 διὰ
1540 4814 1740 4877 κακίας
1776 4800 2052 4884 μέγεθος,
2079 4814 2112 4888 ἢ
2140 4816 2415 4887 ὀφείλεται
2465 4817 2632 4881 ἐνίοις
2678 4814 2785 4887 πρὸ
2819 4816 2918 4888 τῆς
2943 4814 3238 4870 τῶνκακῶν
3290 4817 3324 4885 ή
3358 4813 3676 4885 ἀμοιϐὴ-δίεν

383 4908 628 4976 ἀγαθῶν.

457 5000 911 5070 Philosophorum
960 5001 1135 5056 fastus
1180 4999 1235 5055 in
1269 4999 1542 5055 monendo
1588 5006 1765 5068 potest
1807 4997 1975 5053 etiam

2168 4995 2235 5050 Ἦ
2284 4993 2393 5047 τῶν
2444 4993 2752 5063 φιλοσόφων
2803 4993 3075 5066 ὑπεροψία
3119 5010 3221 5064 της
3272 4992 3676 5063 παρακλήσεως

386 5093 562 5147 virum
595 5091 884 5148 barbarum
907 5106 1275 5164 exasperare;
1311 5092 1412 5147 etsi
1440 5090 1749 5161 philosophi
1785 5099 1977 5161 putant

2086 5089 2247 5159 ἱκανὴ
2300 5087 2660 5160 ἐκτραχύνειν
2709 5086 2882 5159 ἄνδρα
2933 5086 3249 5159 βάρδαρον·
3296 5085 3416 5141 ἀλλ’
3440 5087 3595 5158 ὅμως
3622 5087 3675 5140 οἱ

1676 5227 1914 5284 VARIAE
1949 5225 2377 5285 LECTIONES.’

469 5366 719 5439 "ﬁatvdc
748 5367 812 5423 Β.
888 5368 935 5400 ³⁸
969 5368 1064 5439 καὶ
1097 5367 1242 5437 μέγα
1274 5365 1377 5439 ήδη
1408 5365 1708 5439 δυνάμενον
1766 5380 1875 5421 οιιι.
1905 5365 1974 5421 Α.
2046 5366 2092 5402 ⁸⁸
2144 5365 2298 5439 αὑτῷ
2321 5363 2408 5422 AC
2428 5385 2456 5439 ﬂ:
2490 5364 2766 5439 aurifivg.
2841 5364 2887 5439 ξ’
2924 5363 3230 5439 ἀπληστίαν
3265 5363 3307 5419 Β
3328 5374 3572 5439 etcorr.
3599 5368 3666 5422 Α.

475 5437 1013 5512 τῶνᾼκρατούντων]
1068 5435 1189 5512 ιω.
1223 5508 1235 5512 _
1261 5435 1440 5512 νύιεε.
1473 5435 1580 5512 __a(l
1620 5438 1847 5499 ‘Euseb.
1902 5440 1977 5512 his

2082 5435 2305 5512 ιιοριιιιι.Δ
2327 5452 2380 5505 p.
2416 5438 2536 5512 ϐξ.
2596 5436 2651 5512 ξε
2671 5436 3026 5505 βλακεύοντες
3053 5437 3104 5512 Α
3121 5453 3155 5512 Δι
3174 5436 3576 5512 ’βασιλεύοντες
3604 5454 3666 5512 ς,

386 5506 433 5581 ff
468 5505 700 5577 ὑγιαίνεὶ
745 5509 799 5563 Β.
907 5510 953 5542 ⁸⁵
994 5505 1143 5581 ῖπολὺῌ
1171 5508 1296 5581 add.
1324 5508 1392 5562 Α.
1470 5506 2037 5581 ⁸⁸-ἀποστερνουμένη
2171 5578 2181 5581 _
2212 5510 2258 5539 ”
2285 5508 2567 5581 ὑπεριδεῖν
2596 5506 2639 5558 Β
2660 5520 2908 5581 etico_r_r._
2927 5516 2991 5559 Α.
3024 5576 3037 5581 _
3065 5505 3143 5581 _”_
3165 5507 3570 5581 ὑπερκειμένης
3598 5511 3667 5561 Α.

388 5575 433 5651 ’ξε
470 5575 921 5651 ἀνακαλεσάμεθα
960 5597 1022 5644 ς.
1099 5578 1145 5651 9⁵
1174 5578 1302 5633 οὔτε
1323 5581 1705 5651 τετυφωμένος
1761 5575 1831 5649 ἦν
1862 5575 1920 5644 ς.
1953 5649 1965 5651 _
1997 5575 2043 5610 ⁸³
2062 5575 2494 5651 ὑπολειπόμενον
2517 5577 2583 5633 Α.
2657 5576 2701 5607 ν’
2735 5575 2985 5651 ἐνέβαλον
3024 5576 3168 5629 libri.
3240 5575 3286 5608 ⁸⁸
3317 5575 3543 5633 suam
3599 5594 3663 5642 ς.

390 5647 437 5682 ⁸⁸
464 5653 556 5704 ἐπὶ
591 5647 765 5721 ταφῆς
781 5647 901 5705 Evr:
960 5651 1061 5721 τήν
1083 5650 1128 5705 Α
1168 5649 1564 5719 εέπιταφήσων
1593 5666 1651 5713 ς.
1728 5647 2015 5718 δ’ἐπαυρῆς
2046 5650 2086 5702 Λ
2121 5647 2499 5720 εέπιστροφῆς
2526 5665 2587 5715 ς,
2630 5665 2749 5705 mox
2788 5648 2884 5718 τὴν
2918 5647 3094 5718 μέσην
3123 5664 3183 5711 ς.
