3990 6232
382 257 518 322 1289

1443 264 1968 327 BlBLIOTHECA.
2006 267 2257 327 —COD.
2293 268 2567 328 CCXLII.

3483 272 3620 341 1290

374 372 658 440 φιλόσοφοι
703 372 993 442 καρτερεῖν
1028 371 1196 442 ᾤοντο
1236 373 1347 426 δεῖν
1372 376 1464 428 καὶ
1489 376 1552 429 τὰ
1583 376 1947 445 συμϐαίνοντα

2066 377 2281 432 ;olerare
2324 387 2594 445 oportere,
2627 385 2683 431 et
2729 391 2914 432 essunt
2954 392 3109 448 aequo
3147 379 3328 435 animo
3370 382 3531 441 ferre.
3565 386 3622 443 In

373 462 564 529 φέρειν
585 460 825 530 εὒλόφως
843 462 911 515 ⁸⁸.
943 462 1052 515 Kal.
1077 464 1296 530 γυναικῖ¹
1314 465 1563 535 ἐνέτυχεν
1588 467 1709 536 ἱερᾷ
1736 466 1951 535 θεόμοι-

374 569 470 622 ρον
504 550 704 622 ἐχούσῃ
730 550 891 619 φύσιν
922 553 1600 626 παραλογωτάτην.Ὗδωρ
1626 556 1735 627 γὰρ
1755 558 1954 627 ἀκραι-

371 643 504 710 φνὲς
531 643 770 712 ἐγχέασα
794 644 1041 713 ποτηρίῳ
1062 645 1173 698 τινὶ
1200 645 1310 701 τῶν
1340 646 1591 709 ὑαλίνων,
1626 647 1773 717 ἑώρα
1812 650 1954 701 κατά

369 733 466 786 τοῦ
499 733 691 796 ὕδατος
717 732 850 787 εἵσω
876 733 970 787 τοῦ
1000 735 1260 806 ποτηρίου
1299 735 1366 790 τὰ
1406 737 1669 807 φάσματα
1691 736 1801 790 τῶν
1830 739 1952 790 ὲσο-

374 822 554 891 μένων
598 822 963 893 πραγμάτων,
999 825 1093 879 καὶ
1134 826 1435 897 προῦλεγεν
1474 828 1585 880 ἀπὸ
1630 827 1727 897 τῆς
1777 827 1955 896 ὅψεως

370 914 531 977 αὐτὰ,
564 914 705 985 ἀπερ
740 913 966 985 ἔμελλεν
999 915 1217 969 ἔσεσθαι
1248 918 1485 981 πάντως.
1504 918 1565 973 'H
1585 918 1641 971 δὲ
1670 920 1834 989 πεῖρα
1859 918 1954 971 τοῦ

373 1007 704 1076 πράγματος
732 1007 853 1060 οὐδὲ
882 1007 1027 1077 ἡμᾶς
1050 1007 1445 1078 παρελήλυθεν.
1478 1008 1584 1062 Τὸν
1616 1008 1675 1061 δὲ
1704 1010 1957 1080 Ἰωάννην

370 1100 400 1150 ὁ
438 1097 742 1161 ’Δνατόλιος
786 1100 1142 1169 αίκισάμενός
1188 1114 1251 1154 τε
1305 1101 1400 1155 καὶ
1447 1100 1557 1153 τῶν
1602 1099 1958 1171 ὑπαρχόντων

372 1189 689 1257 γυμνώσας,
730 1190 931 1243 αὐτίκα
979 1191 1162 1259 μέντοι
1211 1192 1305 1246 καὶ
1344 1186 1499 1256 οὗτος
1540 1192 1816 1265 ἀπέρρηξε
1866 1191 1956 1245 τὸν

376 1280 508 1349 βίον.
529 1281 807 1349 Ἐνέτυχον
833 1280 892 1346 ἐξ
920 1282 1165 1352 ἀνάγκης
1191 1283 1269 1352 τῷ
1310 1284 1599 1353 Ἐμεσίωνι
1617 1301 1630 1314 ·
1665 1284 1725 1336 οὐ
1754 1282 1865 1352 γὰρ
1892 1283 1956 1334 ἀν

373 1384 506 1422 ποτε
536 1369 678 1422 ἑκὼν
706 1372 1017 1441 ἠνεσχόμην
1039 1373 1085 1404 ³⁸
1118 1376 1216 1443 τῆς
1249 1374 1414 1428 αὑτοῦ
1447 1375 1667 1444 ὑηνείας
1684 1375 1753 1439 ⁵³,
1783 1373 1895 1427 ἀλλ’
1919 1374 1953 1444 ἡ

373 1459 642 1529 πρεσϐεία
696 1477 765 1530 με
818 1464 1096 1531 ἠνάγκασε
1112 1463 1180 1518 ⁸⁸.
1235 1465 1346 1535 Τῆς
1398 1464 1657 1535 Ἀραϐίας
1707 1463 1845 1535 [καὶ]
1895 1465 1958 1516 τὸ

374 1551 635 1618 Στυγαῖον
687 1550 832 1622 ὕδωρ
883 1553 1285 1623 κατειϐόμενον.
1319 1556 1695 1626 Ἀπεδήμησεν
1751 1556 1832 1618 είς
1887 1554 1956 1607 τὰ

374 1640 589 1712 Βόστρα
638 1643 737 1712 τῆς
779 1643 1058 1714 Ἀραϐίας,
1094 1645 1247 1699 πόλιν
1279 1647 1378 1716 μὲν
1402 1648 1502 1701 οὑκ
1535 1647 1768 1717 ἀρχαίαν
1813 1645 1955 1718 (ὑπὸ

2056 472 2331 527 mulierem
2381 487 2591 526 sacram
2637 472 2849 538 incidit,
2900 473 2988 528 cui
3040 474 3177 530 miro
3216 477 3375 532 modo
3430 476 3628 534 divinae

2055 578 2198 616 θυι-ω
2220 563 2478 632 particula
2505 563 2662 618 insita
2689 573 2827 617 erat.
2866 565 3072 633 Aquam
3108 567 3251 619 enim
3283 582 3472 635 puram
3504 583 3630 623 cum

2056 652 2341 710 infudisset
2369 655 2539 708 vitreo
2573 654 2783 722 poculo,
2811 655 3030 709 videbat
3062 656 3115 709 in
3157 671 3296 726 aqua
3332 658 3509 726 poculi
3543 672 3632 713 re-

2054 757 2170 795 rum
2192 740 2492 796 futurarum
2516 744 2746 812 species,
2771 754 2823 798 et
2851 744 2938 798 illa
2959 745 3285 813 praedicebat
3307 762 3373 801 ex
3396 746 3630 812 visione,

2056 847 2175 900 quae
2227 834 2450 888 omnino
2496 832 2677 888 futura
2720 843 2939 902 essent;
2998 836 3157 904 hujus
3203 839 3633 907 experimentum

2057 938 2154 977 nos
2197 938 2412 992 quoque
2474 924 2735 992 cepimus.
2789 913 3073 981 Anatolius
3136 925 3399 982 Joannem
3447 928 3635 999 ﬂagris

2055 1028 2250 1068 caesum
2280 1014 2434 1069 bonis
2460 1030 2581 1068 cum
2610 1016 2867 1077 exuisset,
2896 1019 3080 1071 statim
3113 1018 3276 1073 vitam
3310 1019 3469 1074 ﬁniit.
3495 1020 3634 1074 Con-

2056 1102 2176 1157 veni
2211 1105 2517 1159 neeessario
2550 1104 2911 1167 Emesionem.
2950 1105 3065 1160 Non
3093 1108 3235 1162 enim
3266 1122 3423 1177 aequo
3451 1111 3634 1164 animo

2060 1193 2300 1247 tulissem
2323 1192 2438 1260 eius
2468 1193 2772 1259 stultitiam,
2802 1196 2899 1250 sed
2933 1194 3128 1265 legatio
3172 1196 3324 1252 adire
3357 1211 3443 1251 me
3478 1211 3633 1253 com-

2057 1281 2209 1346 pulit.
2246 1282 2459 1335 Arabiae
2494 1295 2637 1350 aqua
2669 1281 2853 1354 Stygia
2879 1284 3254 1341 subterlabens
3284 1297 3544 1341 exonerat
3573 1300 3636 1341 se

2058 1372 2114 1425 in
2157 1371 2346 1426 Bostra
2396 1370 2633 1437 Arabiae,
2677 1388 2797 1441 quae
2832 1373 2931 1427 sub
2974 1373 3174 1430 Severo
3221 1375 3544 1444 imperatore
3578 1376 3634 1431 in

2058 1460 2330 1514 civitatem
2356 1461 2572 1516 redacta
2607 1472 2711 1530 est,
2751 1477 2875 1516 cum
2907 1462 3035 1517 olim
3077 1465 3386 1531 praesidium
3425 1466 3633 1532 ruisset,

2061 1551 2111 1603 in
2134 1553 2365 1620 gratiam
2398 1552 2694 1607 vicinorum
2722 1553 3098 1622 Dionysiorum
3126 1570 3157 1609 a
3188 1557 3406 1626 regibus
3437 1557 3635 1613 Arabi-

2060 1643 2139 1697 cis
2172 1643 2341 1697 mnris
2375 1643 2636 1699 cinctum.
2677 1644 2811 1699 Cum
2844 1645 3204 1701 intellexisset
3247 1647 3302 1703 lo
3350 1648 3507 1703 toties
3538 1648 3634 1703 de-

373 1733 483 1802 γὰρ
528 1733 770 1804 Σεϐήρου
806 1735 900 1789 τοῦ
934 1735 1198 1805 βασιλέως
1229 1738 1509 1802 πολίζεται
1532 1739 1576 1807 ),
1611 1736 1868 1809 φρούριον
1902 1738 1960 1791 δὲ

2066 1739 2355 1797 cantatatn,
2381 1741 2433 1786 et
2460 1746 2655 1787 nomen
2686 1732 2891 1788 civitati
2922 1735 2989 1789 ab
3026 1746 3196 1790 uestro
3225 1738 3379 1792 bovis
3405 1738 3635 1793 inditum

375 1827 627 1892 παλαιὸν,
664 1828 1156 1899 ἐπιτετειχισμένον
1172 1829 1220 1862 ⁸⁵
1254 1831 1368 1892 τοῖς
1392 1829 1560 1892 πέλας
1592 1827 1962 1882 Διονυσιεῦσιν

375 1917 482 1969 ὑπὸ
531 1916 640 1969 τῶν
693 1916 1001 1985 ’Δραϐικῶν
1064 1916 1348 1987 βασιλέων.
1422 1917 1687 1981 ’Δκούσας
1736 1916 1834 1987 τὴν
1880 1916 1963 1971 Ἰὼ

376 2007 537 2078 11061
566 2007 662 2079 11.]
693 2007 1063 2079 θρυλουμένην
1096 2010 1191 2062 καὶ
1219 2009 1283 2063 τὸ
1305 2008 1479 2078 ὄνομα
1498 2010 1598 2078 τῆς
1628 2008 1839 2072 πόλεως
1882 2008 1964 2071 είς

376 2094 469 2152 τδν
498 2093 714 2169 οἶστρον
740 2100 839 2169 τῆς
865 2099 988 2168 βοὸς
1011 2099 1378 2170 ἀναλυόμενον
1394 2139 1412 2164 ,
1435 2100 1689 2170 ἠγάπησε
1715 2097 1811 2168 τὴν
1834 2114 1962 2151 συν-

2061 1834 2182 1876 esse
2202 1821 2361 1889 (25‘),
2385 1823 2581 1877 amavit
2616 1822 2762 1876 illam
2801 1833 3020 1894 propter
3043 1826 3307 1896 originem
3337 1819 3635 1883 fabulosam

2062 1928 2181 1978 qua:
2216 1921 2298 1965 est
2323 1912 2390 1967 de
2418 1910 2474 1966 lo
2508 1924 2738 1983 vagante
2763 1913 2896 1985 (26).
2929 1913 3029 1969 Hic
3073 1929 3203 1970 vero
3236 1918 3483 1986 cognovit
3515 1930 3639 1971 esse

2062 2002 2443 2058 Theandritem
2501 2004 2658 2059 deum
2713 2006 2894 2075 specie
2938 2005 3079 2060 virili
3128 2004 3432 2077 animisque
3473 2008 3637 2060 vitam

2064 2104 2275 2150 castam
2304 2096 2590 2165 inspirare.

376 2192 557 2262 ἐχειαν
580 2193 681 2261 τῆς
709 2194 837 2263 περὶ¹
853 2193 952 2263 τὴν
980 2192 1064 2245 Ἰὼ
1086 2192 1294 2264 πλάνης
1316 2189 1965 2262 μυθευομένης.Ἔγνω⁸⁶
1999 2188 2057 2242 δὲ
2094 2189 2328 2243 ἐνταῦθα
2370 2189 2461 2244 τὸν
2492 2190 2810 2261 θεανδρίτην
2830 2191 2897 2259 ⁵⁷,
2942 2191 3249 2264 ἀρῤενωτὺν
3304 2191 3436 2245 ὄντα
3492 2189 3640 2254 θεὸν,

374 2282 472 2336 καὶ
500 2284 593 2337 τὸν
618 2283 823 2353 άθηλυν
855 2282 970 2353 βίον
1002 2284 1307 2352 ἐμπνέοντα
1336 2286 1458 2347 ταῖς
1493 2283 1716 2353 ψυχαῖς.

446 2417 678 2485 Λέγεται
701 2413 759 2468 δὲ
790 2413 884 2470 καὶ
910 2413 1070 2468 τοῦτο
1103 2414 1162 2467 τὸ
1204 2414 1347 2484 ὕδωρ
1377 2409 1513 2468 εἶναι
1543 2413 1768 2482 Στύγιον
1788 2414 1854 2469 ⁸⁸.
1889 2413 1964 2468 Τὸ

375 2509 434 2562 δὲ
479 2508 699 2578 χωρίον,
729 2509 789 2560 ὲν
812 2499 856 2574 ᾧ
881 2508 1023 2571 ἐστι,
1055 2506 1236 2559 πεδίον
1268 2507 1366 2576 τῆς
1403 2504 1684 2576 Ἀραϐίας,
1710 2507 1963 2576 ἀνηπλω-

381 2599 542 2667 μένον
570 2598 680 2651 ἀπὸ
710 2599 809 2667 τῆς
841 2597 916 2650 ἒω
961 2598 1121 2667 μέχρι
1153 2596 1283 2661 Δίας
1325 2596 1425 2664 τῆς
1481 2598 1690 2667 ἐρήμου
1730 2597 1960 2660 πόλεως.

381 2684 515 2743 Εἶτα
564 2686 821 2758 ἐξαίφνης
863 2688 1270 2760 ἀναῤῥήγνυται
1304 2690 1492 2758 χάσμα
1523 2692 1602 2753 είς
1631 2688 1830 2742 ἀϐυθον
1863 2687 1960 2741 πέ-

288 2787 293 2791 ’
378 2796 536 2850 τραις
594 2778 933 2851 πανταχόθεν
988 2778 1288 2849 συνηρεφὲς
1311 2780 1358 2811 ⁵⁸
1411 2778 1505 2831 καί
1557 2794 1699 2831 τισιν
1746 2778 1961 2849 ἀγρίοις

378 2868 628 2939 φυτοῖς⁶⁹
654 2867 763 2922 τῶν
783 2867 999 2941 πετρῶν
1026 2869 1426 2938 ἀποφυομένοις
1451 2884 1464 2897 ·
1498 2870 1720 2933 κάθοδος
1749 2869 1811 2935 ἐξ
1839 2872 1961 2941 ἀρι-

2135 2410 2350 2467 Dicitur
2378 2410 2433 2465 in
2464 2422 2529 2465 eo
2560 2408 2677 2465 loco
2705 2424 2845 2479 aqua
2887 2408 3076 2481 Stygia
3105 2424 3244 2481 esse,
3273 2411 3324 2466 in
3351 2424 3459 2482 quo
3496 2412 3640 2466 Ara-

2069 2503 2172 2558 bia:
2202 2516 2427 2572 campus
2465 2511 2570 2568 est,
2595 2501 2685 2571 qui
2719 2504 2787 2555 ab
2834 2512 2959 2558 ortu
2981 2502 3113 2558 solis
3156 2503 3310 2558 Diam
3353 2518 3525 2572 usque
3546 2506 3642 2560 de-

2062 2602 2262 2649 sertam
2304 2593 2494 2647 urbem
2546 2593 2874 2649 extenditur.
2933 2593 3137 2650 Deinde
3192 2604 3414 2664 repente
3460 2595 3643 2649 hiatus

2063 2686 2302 2754 aperitur
2341 2686 2396 2738 in
2436 2684 2755 2738 immensam
2812 2685 3147 2754 voraginem,
3195 2685 3345 2741 saxis
3404 2687 3643 2755 undique

2066 2774 2527 2843 impendentibus,
2580 2781 2635 2827 et
2694 2772 2963 2844 aliquibus
3006 2773 3204 2844 plantis
3268 2774 3639 2838 silvestribus,

2070 2864 2331 2933 horridis,
2359 2873 2415 2920 et
2461 2864 2675 2920 incultis
2702 2879 2733 2920 e
2768 2864 2934 2933 petris
2977 2864 3327 2923 nascentibus
3363 2876 3641 2938 opacatur.

381 2960 579 3035 στερᾶς
625 2957 868 3014 κατιόντι
920 2960 1080 3029 στενὴ
1109 2961 1202 3013 καὶ
1230 2962 1458 3030 τραχεῖα
1494 2960 1653 3031 (πρὸς
1672 2962 1716 2993 ⁸⁸
1751 2962 1861 3031 γάρ
1884 2958 1961 3031 τῷ

2072 2956 2374 3011 Descensus
2428 2969 2460 3007 a
2501 2952 2739 3010 sinistris
2774 2953 3099 3025 ingredienti
3137 2964 3399 3026 angustus
3425 2965 3483 3013 et
3521 2972 3643 3013 sca-

381 3050 649 3122 πετρώδει
682 3050 777 3105 καὶ⁹
812 3051 999 3121 φυτοῖς
1018 3051 1309 3121 ἀνημέροις
1339 3052 1433 3104 καὶ¹
1458 3053 1713 3114 ἀτάκτοις
1739 3051 1961 3105 δασύνε-

2079 3049 2295 3111 brosus,
2345 3046 2535 3118 longus
2576 3045 2766 3101 stadiis
2820 3044 3150 3116 quindecim,
3198 3048 3301 3102 nisi
3360 3049 3504 3117 quod
3534 3063 3642 3103 non

378 3159 473 3195 ται
490 3143 579 3210 ⁶¹),
611 3141 799 3212 μακρά
829 3141 885 3193 δὲ
909 3141 1031 3193 ὅσον
1062 3140 1155 3192 ἐπὶ
1190 3140 1435 3203 σταδίους
1454 3143 1498 3175 ¹¹³
1526 3140 1920 3195 πεντεκαίδεκα
1938 3157 1952 3173 ο

2071 3134 2245 3189 solum
2279 3134 2404 3202 viri,
2442 3134 2539 3190 sed
2571 3134 2733 3189 etiam
2776 3134 2988 3189 feminae
3015 3134 3169 3191 valde
3198 3137 3466 3206 expeditae
3497 3137 3644 3192 illam

382 3235 526 3304 πλὴν
559 3232 981 3287 καταϐαίνουσιν
1002 3233 1170 3304 αὐτὴν
1198 3233 1257 3285 οὐ
1294 3234 1454 3305 μόνον
1475 3234 1688 3303 ἄνδρες,
1711 3234 1845 3288 ἀλλά
1871 3234 1961 3287 καὶ

2073 3223 2467 3292 ingrediantur.
2502 3223 2860 3278 Descendenti
2909 3223 3051 3278 hortl
3084 3234 3140 3280 et
3185 3226 3300 3295 agri
3343 3227 3562 3295 plurimi
3591 3230 3644 3281 in

381 3325 717 3396 γυναικῶν⁶δ
743 3328 798 3379 αἱ
830 3326 1205 3396 εὑξωνότεραι.
1236 3325 1568 3380 Κατελθόντι
1594 3325 1651 3379 δὲ
1680 3326 1843 3395 κῆποι
1871 3326 1961 3378 καὶ

2072 3315 2317 3382 sequenti
2346 3314 2483 3371 valle
2503 3324 2814 3370 occurrunt.
2840 3313 3061 3371 Summa
3096 3330 3223 3385 pars
3266 3326 3320 3372 et
3373 3319 3642 3389 angustis-

380 3415 648 3485 γεωργίαι
683 3413 876 3467 πολλαί
923 3416 1061 3466 εἰσιν
1081 3413 1126 3445 “
1158 3416 1211 3465 ὲν
1245 3413 1322 3482 τῷ
1354 3411 1717 3481 διαδεχομένῳ
1745 3410 1965 3463 αὐλῶνι.

382 3508 457 3565 Τὸ
488 3508 531 3562 δ⁴
560 3502 653 3563 οὖν
686 3504 857 3576 ἀκρον
886 3504 1046 3557 αὑτοῦ
1072 3504 1168 3557 καὶ
1198 3507 1534 3556 στενώτατον
1565 3503 1831 3572 ὑποδοχὴν
1856 3502 1968 3571 ἔχει

383 3601 854 3671 καταλαϐομένων
866 3598 911 3631 ⁸⁸
942 3601 999 3652 ὲν
1028 3595 1211 3669 κύκλῳ
1235 3594 1476 3666 Στυγίων
1508 3596 1734 3663 ὑδάτων,
1765 3594 1859 3652 καὶ
1879 3592 1968 3650 διὰ

383 3698 485 3767 τὴν
511 3695 618 3748 ἀπὸ
652 3689 847 3745 πολλοῦ
885 3690 1053 3760 ὕψους
1082 3692 1253 3760 φορὰν
1290 3692 1370 3752 εἰς
1410 3689 1553 3759 ἀέρα
1605 3687 1969 3758 σκεδαννυμέ-

385 3807 515 3854 νων,
552 3785 671 3841 εῐτα
689 3786 733 3818 ⁵⁷
761 3785 827 3839 αὖ
863 3786 1025 3839 πάλιν
1056 3784 1135 3847 εἰς
1164 3783 1224 3835 τὸ
1269 3782 1421 3835 κάτω
1469 3781 1964 3852 συμπηγνυμένων.

385 3883 578 3948 Θὲαμα
598 3876 758 3931 τοῦτο
780 3877 872 3930 καὶ
900 3874 1116 3945 φύσεως
1147 3874 1305 3943 ἔργον
1332 3873 1528 3943 σεμνὸν
1556 3873 1650 3925 καὶ⁹
1680 3873 1966 3943 φρικῶδες·

385 3972 488 4024 οὑκ
538 3970 684 4023 ἔστιν
733 3968 909 4031 οὐδεὶς
960 3968 1100 4038 ἀνὴρ
1151 3965 1210 4029 ὃς
1264 3964 1389 4018 ἰδὼν
1430 3964 1530 4017 οὐκ
1560 3963 1969 4034 ἀν’πληρωθείη

389 4060 686 4132 σεϐασμίου
736 4058 863 4130 [568
896 4056 993 4129 [1.]
1035 4056 1222 4124 φόϐου.
1249 4053 1370 4107 Τῶν
1398 4054 1455 4107 δὲ
1490 4052 1865 4125 ῥιπτουμένων
1892 4051 1970 4123 τῷ

389 4152 543 4208 ὖδατι
597 4152 963 4222 ἀναθημάτων
1010 4148 1080 4201 τά
1125 4149 1223 4218 μὲν
1273 4145 1597 4199 καταδύεται
1627 4146 1707 4207 είς
1748 4144 1966 4210 ἀϐυθον,

390 4245 493 4297 κᾶν
522 4243 732 4315 ἐλαφρά
763 4240 821 4315 ᾖ,
847 4235 928 4304 οἷς
958 4239 1200 4310 εὐμενῶς
1229 4237 1343 4307 ἔχει
1374 4237 1435 4289 τὸ
1479 4236 1655 4289 θεῖον⁶
1689 4229 1769 4299 οἷς
1783 4234 1840 4287 δὲ
1870 4234 1968 4305 μὴ,

389 4336 564 4389 ταῦτα
598 4333 654 4386 δὲ
680 4333 812 4401 ἄρα,
843 4332 949 4385 κᾶν
976 4329 1255 4400 βαρύτατα
1280 4324 1337 4400 ᾗ,
1379 4326 1699 4389 ἐπιπολάζει
1746 4325 1842 4378 καὶ
1890 4326 1970 4389 είς

389 4428 451 4481 τὸ
478 4428 635 4490 ἐκτὸς
664 4424 1004 4480 ἀποπτύεται
1033 4419 1346 4491 θαυμαστόν
1396 4435 1517 4471 τινα
1563 4416 1786 4487 τρόπον.
1814 4415 1891 4469 Τὸ
1912 4415 1969 4467 δὲ

388 4522 573 4592 ὅρκιον
601 4517 696 4573 τοῦ
725 4534 783 4572 τε
808 4514 1010 4588 χωρίου
1038 4512 1133 4567 καὶ¹
1171 4510 1281 4564 τῶν
1304 4508 1512 4563 ὑδάτων
1546 4507 1847 4578 πεφρίκασι
1881 4506 1970 4560 διὰ

2068 3405 2207 3459 sima
2280 3404 2442 3466 habet
2519 3406 2954 3474 receptaculum,
3019 3421 3128 3475 quo
3180 3409 3359 3463 omnis
3412 3410 3644 3478 undique

2070 3507 2209 3561 aqua
2241 3493 2427 3563 Stygia
2463 3492 2654 3559 innuit,
2724 3493 2925 3566 358a
2959 3496 3104 3565 quod
3132 3498 3199 3551 ab
3229 3496 3494 3553 altissimo
3523 3499 3644 3555 loco

2073 3587 2261 3655 fertur,
2294 3586 2347 3644 in
2377 3605 2503 3644 aere
2555 3590 2851 3662 spargitur,
2914 3589 3107 3645 deinde
3167 3590 3365 3645 iterum
3420 3592 3644 3649 inferius

2071 3682 2369 3739 Concurrit.
2409 3682 2787 3751 Spectaculum
2845 3679 2947 3741 hoc
3000 3701 3055 3743 et
3086 3691 3292 3745 naturae
3337 3707 3469 3761 opus
3520 3687 3645 3749 reli-

2080 3773 2238 3843 gione
2268 3773 2484 3841 plenum
2514 3784 2571 3829 et
2605 3775 2849 3831 terribile
2899 3788 2999 3832 est.
3049 3775 3218 3835 Nemo
3246 3792 3350 3843 est,
3422 3785 3512 3851 qui
3568 3785 3645 3838 vi—

2073 3866 2239 3930 derit,
2271 3864 2398 3935 quin
2429 3866 2627 3921 timore
2647 3877 2841 3923 sancto
2888 3868 3178 3937 repleatur.
3208 3870 3465 3937 Quaedam
3497 3888 3528 3928 e
3551 3876 3646 3929 do-

2074 3956 2242 4011 nariis
2263 3972 2379 4026 quae
2400 3955 2913 4026 aquminjiciuntur,
2955 3960 3274 4016 deferuntur
3330 3961 3383 4015 in
3422 3963 3641 4031 profun-

2072 4046 2222 4109 dum,
2248 4046 2463 4100 tametsi
2494 4046 2654 4112 levia,
2688 4047 2884 4116 quibus
2907 4048 3019 4118 ipse
3040 4049 3174 4104 deus
3195 4050 3465 4119 propitius
3500 4060 3584 4106 est
3626 4071 3640 4106 :

2075 4136 2272 4206 quibus
2296 4150 2425 4190 vero
2454 4135 2655 4200 minus,
2674 4136 2873 4191 ealicet
2894 4138 3234 4207 gravissima,
3258 4148 3633 4207 supernatant,

2080 4237 2134 4281 et
2163 4226 2449 4296 exspuitur
2475 4224 2622 4280 foras
2641 4226 2956 4281 admirando
2981 4228 3209 4297 quodam
3250 4228 3428 4282 modo.
3456 4227 3645 4283 Jurare

2074 4333 2170 4387 per
2201 4332 2451 4385 campqu
2486 4316 2634 4370 illurn
2692 4325 2751 4371 et
2799 4331 2966 4385 aquas
3028 4317 3217 4373 incolae
3274 4318 3644 4389 experimento

2073 4409 2251 4464 edocti
2282 4408 2528 4471 horrent,
2562 4420 2730 4476 quare
2760 4407 3043 4461 minimum
3070 4407 3252 4476 jurant
3280 4410 3413 4478 (27).
3444 4405 3500 4462 Si
3525 4411 3644 4475 quis

2079 4500 2370 4569 aliquando
2387 4498 2727 4570 pejeraverit,
2752 4497 2893 4552 intra
2921 4514 3121 4555 annum
3150 4516 3376 4570 corpore
3409 4501 3643 4569 hydrops

1690 4686 1925 4744 VARIA!
1964 4684 2257 4743 LECTION
2263 4684 2368 4742 ES.

474 4824 521 4858 It
558 4823 805 4892 εὐφόρως
848 4820 908 4871 Β.
985 4817 1038 4851 ιι
1077 4814 1388 4932 ἀνεσχόμτδν
1419 4828 1481 4889 ς,

414 4893 513 4932 ihri
577 4896 717 4932 ὴποιτ
833 4890 880 4926 ⁸⁸
922 4887 1095 4932 ἔγνων
1128 4882 1191 4932 C.
1292 4883 1312 4913 ⁷
1377 4897 1481 4932 uaw

388 4893 514 4949 libri
577 4882 736 4948 ἀποτ.
788 4882 798 4885 ’
833 4890 880 4926 ⁸⁸
922 4887 1095 4957 ἔγνων
1128 4882 1312 4957 C.'_""

389 4940 681 5031 ἱῗὶρυτὶὲξ
699 4940 810 5012 τῶν
838 4958 880 5011 Δ
921 4940 939 5012 τί
964 4940 1161 5024 ’φυτοῖς
1206 4940 1631 5053 ἀνημέροιςᾟιαῖ
1659 4945 1933 5024 ἀτάκτοις,
1951 4940 2235 5021 δασύνεται
2279 4940 2389 4993 τῶν
2438 4958 2499 5004 ς.
2596 4942 2637 4973 ⁸¹
2680 4945 2839 5010 πρὸς.
2870 4966 2938 4981 --
2974 4940 3019 4970 ⁸⁸
3039 4940 3325 4990 δασύνεται
3371 4940 3494 4986 add.
3534 4940 3643 4987 AB.

389 5034 437 5067 ⁸³
474 5030 709 5086 σταδίοις
732 5046 793 5086 ς.
869 5028 916 5059 ⁸⁸
946 5028 1201 5086 γυναῖκες
1230 5039 1293 5086 ς.
1447 5020 1585 5073 εἰσιν
1629 5024 1753 5086 post
1796 5012 1995 5067 αὑλωνι
2030 5018 2178 5082 ponti
2212 5029 2272 5075 ς.
2346 5010 2392 5044 ⁸⁸
2434 5010 2835 5081 κατειϐομένων
2865 5028 2928 5076 ς.
3001 5008 3043 5040 ⁸⁷
3068 5002 3190 5061 εἷτα
3226 5032 3295 5047 --
3322 5018 3643 5073 συμπηγνύ-

387 5034 437 5067 ⁶³
474 5028 709 5092 σταδίοις
732 5046 793 5093 ς.
869 5028 916 5059 ⁸⁸
946 5028 1201 5095 γυναῖκες
1230 5039 1269 5087 ς
1278 5061 1293 5075 ο

390 5103 802 5173 μένωνοω.Α.

1557 4808 1603 4841 ⁸³
1645 4803 1912 4875 ἀπηνείας
1940 4801 2099 4875 ΒυειιΔ
2123 4816 2266 4875 corr.
2295 4801 2407 4875 A_C._
2476 4801 2880 4875 “_§l'qvg'ji¢¢6_$
2912 4803 2979 4854 Α.

3087 4796 3131 4828 ⁸⁸
3162 4796 3306 4850 ὲπιτ.
3356 4793 3594 4862 Scaliger
3630 4812 3643 4847 :

1377 4863 1683 4951 uavvﬁplcna
1717 4863 1933 4951 codices
1955 4870 2159 4951 ΔΜεδιςίιιί
2211 4886 2262 4939 p.
2314 4871 2476 4951 fabr.
2506 4863 2636 4951 47.;
2676 4863 2730 4902 ’δ’
2770 4872 3065 4951 στύγειοχ.⁸
3108 4863 3644 4951 ’θοσυνηρεφέρινιίξ

2596 4942 2637 4973 ⁶¹
2680 4945 2839 5010 πρὸς.
2870 4932 2938 4981 -ἱ-ι
2974 4932 3342 5010 ⁶Ξᾼδα9ύνεταῖ
3371 4934 3494 4986 add.
3534 4932 3643 4987 AB.

1900 5198 2132 5255 ΝΟΤΑΕ.

458 5379 595 5445 (25')
630 5375 709 5431 Ad
738 5370 954 5445 Homeri
987 5370 1164 5445 locum
1217 5362 1476 5445 respexit.
1509 5360 1579 5415 Il.
1619 5366 1683 5417 α.
1721 5373 1844 5415 vers
1873 5358 1972 5422 37,

390 5432 596 5508 et‘ilrid'.
643 5444 919 5508 Eustath.;
946 5450 999 5495 et
1034 5438 1193 5513 gela,
1214 5434 1293 5513 D_¢
1310 5432 1529 5513 Alpheo.
1558 5501 1614 5513 Α.

469 5500 1001 5593 ᾂρᾖρνωεμειὲιεξ.
1034 5500 1447 5593 ῌονειε.
1472 5513 1527 5593 et
1554 5500 1760 5593 Gigald.

465 5571 574 5662 (Ξῆ
614 5571 1151 5662 νένεῖιίμετιίῖηείεέη
1196 5575 1295 5662 FP:
1348 5571 1738 5662 Ἥρημῖεηέῗὲξ

627 5638 809 5723 εοῖυιξ
835 5638 1018 5723 stagna
1034 5638 1146 5723 altu
1162 5646 1324 5710 vides,
1356 5638 1694 5723 Stygiamque
1716 5638 1980 5706 paludem,

619 5725 687 5783 ω
723 5711 872 5787 ἷιιῙιιι
892 5711 1082 5788 furare
1110 5718 1287 5771 timent
1327 5724 1374 5766 et
1414 5711 1596 5782 fallere
1637 5725 1844 5762 numen.

724 5818 993 5897 Panos.
1039 5812 1157 5871 Gn.
1187 5801 1347 5870 Clll.

2147 5358 2219 5412 At
2244 5354 2453 5425 Jupiter
2486 5355 2604 5423 lege
2626 5352 2791 5407 veluti
2830 5351 3035 5406 solutus
3059 5352 3207 5418 jurat

2873 5459 3042 5528 Stygii
3076 5473 3168 5525 per
3187 5453 3647 5528 ﬂumina‘fratris,

2242 5536 2352 5591 Per
2388 5552 2503 5607 prce
2528 5543 2803 5595 torrentes,
2836 5524 3057 5596 atroque
3076 5524 3331 5593 uoragine
3381 5524 3544 5590 ripas,

2639 5622 2874 5692 (ΔΞηρίά.
2908 5621 2999 5675 lib.
3034 5632 3107 5683 ιι,
3146 5630 3200 5670 v.
3234 5611 3514 5686 105-106.)

3186 5780 3249 5840 Μ
