3990 6232
367 259 499 326 1291
1477 247 1736 310 PHOTII
1768 239 2270 306 PATRIARCHZE
2310 238 2419 297 cr.
3457 213 3610 292 '1292

360 374 666 431 tumefacto
693 372 941 438 moritur,
964 380 1232 438 nemoque
1249 378 1480 434 unquam
1505 377 1720 433 pinnam
1741 361 1928 416 evasit.

2047 355 2232 426 πείρας
2263 354 2311 406 οἱ
2345 351 2650 421 ἐπιχώριοι,
2681 348 2760 402 διδ
2815 347 2910 400 καὶ
2961 346 3164 412 ἥκιστα
3193 344 3506 414 ὀμνύουσιν.
3550 342 3615 394 Εἰ

357 467 416 519 δέ
448 465 578 519 ποτέ
605 482 690 528 τις
738 435 1056 535 ἐπιορκήσει
1091 435 1163 526 ⁸⁸,
1207 459 1337 512 εῖσω
1390 453 1640 510 ἐνιαυτοῦ
1669 453 1990 515 ἀπόλλυται,
2024 449 2177 518 φασὶ,
2231 445 2492 518 φυσηθεὶς
2523 444 2694 515 ὑδέρῳ
2722 443 2782 495 τὸ
2814 440 2994 511 σῶμα,
3013 441 3108 493 καὶ
3133 437 3309 500 οὐδεὶς
3334 437 3433 506 τὴν
3460 435 3618 502 δίκην

359 559 634 628 διέφυγεν.

433 672 632 728 Fertur
655 683 709 726 et
737 672 980 726 Bacchus
1023 669 1328 740 Lycurgum
1358 676 1413 720 et
1445 674 1672 719 caeteros
1727 673 1932 715 manes

2106 658 2230 710 Ὅτι
2262 656 2533 717 Διόνυσος,
2558 651 2694 720 φησὶ
2709 651 2775 712 ⁸³,
2797 651 3110 716 Λυκουργον
3138 643 3232 696 καὶ
3255 644 3379 704 τοὺς
3409 641 3617 709 ἑπομέ-

367 765 600 819 comites
642 762 758 830 ejns
791 763 919 816 vino
945 760 1240 825 domuisse,
1264 772 1384 812 cum
1405 771 1471 810 ex
1500 765 1621 809 utre
1647 753 1941 808 exercitum

2047 761 2166 807 νους
2217 743 2366 812 αὐτῷ
2397 739 2641 806 Ἄραϐας
2693 736 3103 806 κατηγωνίσατο
3141 733 3291 802 οῖνῳ,
3324 731 3417 784 ἀπ’
3443 727 3618 784 ἀσκοῦ

365 853 656 907 irrorasset
703 849 976 910 bosulem,
1042 846 1183 900 unde
1227 854 1282 899 et
1354 842 1540 896 urbem
1620 839 1942 893 Damascum

2047 836 2393 907 καταρῤἀνας
2431 833 2529 903 τὴν
2569 829 2832 900 πολεμίαν
2866 825 3124 896 στρατιάν
3147 840 3162 855 ⁸
3211 823 3271 887 ἐξ
3294 815 3354 875 οὗ
3389 822 3484 875 καὶ
3518 819 3621 892 τὴν

370 942 685 1014 appellavit.
716 940 948 1007 Quidam
984 938 1100 992 urbi
1136 951 1333 992 nomen
1385 949 1418 988 ο
1464 932 1697 1001 quodam
1729 932 1946 1000 gigante

2047 928 2201 980 πόλιν
2250 925 2476 979 ἐκάλεσε
2524 920 2833 992 Δαμασκόν.
2864 919 2928 972 Οἱ
2959 918 3017 971 δὲ
3044 917 3145 1014 τὴν
3184 913 3506 982 ἐπωνυμίαν
3535 911 3621 964 διο

369 998 634 1099 tribuunt,
675 998 762 1086 cui
786 1045 978 1084 nomen
1035 1029 1228 1091 Ascus,
1269 1038 1427 1094 quem
1471 998 1681 1092 jupiter
1707 998 1817 1076 illic
1852 1020 1946 1074 do—

2047 1021 2198 1075 δόασι
2227 1021 2293 1090 τῇ
2324 1017 2476 1070 πόλει
2499 1015 2607 1068 ἀπὸ
2633 1011 2886 1082 γίγαντάς
2909 1026 3078 1073 τινος,
3111 998 3154 1074 ᾧ
3195 1004 3366 1077 ὄνομα
3401 1003 3617 1064 Ἀσκδς,

371 1127 508 1182 muit
540 1143 555 1191 ;
583 1123 672 1178 alii
703 1121 836 1175 alias
895 1118 1059 1187 hujus
1116 1114 1351 1170 nominis
1391 1115 1633 1168 rationes
1685 1110 1938 1167 reddunt.

370 1217 576 1270 Auctor
601 1227 666 1266 ex
709 1212 810 1264 hac
862 1209 994 1262 urbe
1044 1206 1307 1276 originem
1356 1203 1528 1259 duxit.
1592 1199 1663 1258 Ut
1703 1201 1943 1256 studium

374 1319 557 1376 aptum
585 1303 652 1358 ad
684 1300 1032 1364 rhetoricam,
1073 1310 1397 1366 omnemque
1427 1310 1611 1350 curam
1655 1293 1720 1346 ad
1780 1307 1842 1346 os
1889 1298 1945 1344 et

374 1399 612 1468 linguam
646 1401 984 1458 convertere,
1013 1390 1081 1444 ab
1129 1389 1310 1443 anima
1372 1394 1548 1440 autem
1608 1397 1784 1438 rerum
1822 1397 1948 1434 san-

375 1500 584 1545 ctarum
625 1502 692 1542 ac
735 1485 1036 1541 divinarum
1069 1480 1454 1550 cogitationem
1493 1483 1762 1530 avertere.
1793 1471 1941 1536 Haec,

377 1581 551 1648 inquit
575 1586 786 1642 auctor,
821 1574 1144 1644 intelligens,
1179 1569 1472 1638 aliquando
1497 1565 1764 1622 oratorias
1787 1576 1944 1618 exer-

2049 1113 2110 1166 6v
2131 1113 2159 1164 6
2182 1111 2316 1171 Ζεὺς
2344 1109 2612 1178 ἐδάμασεν
2638 1100 3082 1159 ἐνταῦθα.”Δλλοι
3107 1099 3163 1152 δὲ
3186 1097 3281 1150 καὶ
3317 1094 3484 1156 ἄλλας
3529 1091 3621 1145 λέ-

2052 1217 2208 1269 γουσι
2259 1199 2360 1269 τῆς
2414 1196 2734 1266 ἐπωνυμίας
2761 1191 3034 1255 αίτίας.⁹0
3061 1190 3119 1243 δὲ
3162 1184 3511 1257 συγγραφεὺς
3553 1183 3623 1234 ἐκ

2051 1292 2250 1360 ταύτης
2285 1288 2512 1359 ὥρμητο
2541 1287 2640 1358 τῆς
2661 1285 2892 1346 πόλεως.
2910 1282 2996 1344 Ὠς
3022 1282 3055 1350 ἠ
3077 1277 3302 1349 ἀσχολία
3328 1275 3422 1329 τοῦ
3455 1275 3622 1344 ῥητο-

2054 1380 2233 1453 ρεύειν
2252 1380 2422 1450 δεινὴ,
2441 1379 2746 1448 στρέφουσα
2773 1375 2871 1446 μὲν
2894 1375 3024 1443 περὶ
3049 1371 3225 1440 στόμα
3255 1369 3350 1422 καὶ
3373 1367 3624 1435 γλῶτταν

2051 1473 2152 1545 τὴν
2193 1472 2320 1544 δλην
2368 1487 2468 1542 μου
2508 1469 2761 1539 σπουδὴν,
2788 1464 3205 1535 ἀποστρέφουσα
3229 1460 3286 1514 δὲ
3315 1459 3416 1529 τῆς
3440 1455 3626 1526 ψυχῆς

2053 1565 2148 1619 καὶ
2191 1563 2301 1618 τῶν
2353 1561 2830 1632 ἀποκαθαιρόντων
2875 1555 3044 1628 αὐτὴν
3087 1551 3373 1624 μακαρίων
3419 1564 3480 1601 τε
3525 1547 3627 1600 καὶ⁹

377 1672 663 1726 citationes
705 1665 919 1736 reliqui,
976 1673 1024 1719 et
1068 1664 1147 1717 sic
1178 1676 1369 1715 novem
1404 1660 1531 1714 anni
1575 1657 1745 1726 elapsi
1786 1665 1934 1719 sunt,

2052 1656 2314 1725 θεοφιλῶν
2372 1654 2752 1725 ἀκουσμάτων.
2784 1650 2967 1704 Ταῦτα
3019 1647 3064 1701 δ’
3088 1644 3306 1710 ἐννοῶν,
3360 1639 3526 1711 φησὶν
3591 1640 3625 1689 6

375 1763 611 1815 viximus
628 1758 785 1814 simul
805 1756 1056 1812 omnibus
1102 1763 1158 1807 et
1185 1753 1434 1806 noctibus
1471 1758 1526 1804 et
1557 1749 1939 1810 diebus,men—

377 1868 467 1906 ses
501 1859 642 1907 octo.
663 1849 940 1914 Videram,
974 1842 1441 1916 inquit,ba:tulum
1465 1843 1518 1896 in
1553 1854 1680 1896 aere
1714 1847 1938 1903 motum,

380 1941 621 1995 vestibus
668 1937 934 1993 interdum
1001 1945 1223 2000 tectum,
1299 1931 1589 2000 aliquando
1630 1928 1939 1983 veroetiam

380 2030 638 2086 manibus
677 2028 872 2083 medici
905 2035 1201 2095 portatum.
1233 2022 1438 2078 Nomen
1470 2019 1687 2084 medici,
1717 2018 1808 2088 qui
1837 2019 1944 2071 ba:-

385 2121 559 2175 tulunt
586 2119 853 2188 gestabat,
889 2127 1008 2172 erat
1028 2115 1316 2180 Eusebius,
1345 2112 1435 2182 qui
1488 2109 1653 2165 etiam
1685 2107 1822 2162 dixit
1853 2121 1944 2160 ac-

381 2211 581 2266 cidisse
598 2209 697 2264 sibi
712 2209 998 2278 aliquando
1019 2219 1120 2261 nec
1152 2201 1395 2274 opinanti
1425 2201 1661 2257 subitum
1685 2198 1942 2266 impetum

380 2299 596 2355 errandi
624 2299 690 2352 ab
732 2299 927 2352 Emesa
963 2296 1116 2358 urbe,
1159 2307 1298 2362 pene
1343 2290 1518 2346 media
1576 2299 1755 2351 nocte,
1781 2301 1944 2356 quam

379 2389 686 2460 longissime
713 2390 778 2443 ad
805 2397 1040 2443 montem
1071 2386 1240 2450 illutn,
1275 2385 1327 2438 ln
1373 2397 1480 2452 quo
1531 2380 1767 2435 Palladis
1808 2389 1945 2432 tem-

379 2483 526 2551 plmn
551 2483 716 2536 veteri
751 2479 1148 2550 magniﬁcentia
1195 2476 1474 2530 conditum
1510 2484 1613 2539 est,
1669 2482 1723 2526 et
1784 2473 1947 2526 ivisse

381 2587 504 2628 sese
523 2573 806 2626 celerrime
857 2571 923 2624 ad
970 2584 1229 2625 cacumen
1263 2567 1480 2630 montis,
1509 2574 1565 2619 et
1597 2564 1794 2618 ibidem
1825 2574 1944 2616 tan—

383 2675 544 2730 quam
571 2675 602 2716 e
655 2661 742 2714 via
785 2660 985 2714 fessum
1038 2657 1332 2721 desedisse,
1363 2667 1420 2710 et
1462 2654 1663 2709 vidisse
1723 2654 1945 2723 globum

381 2752 520 2821 ignis
559 2750 810 2806 celeriter
869 2747 1244 2809 decidentem,
1298 2755 1352 2800 et
1396 2745 1609 2800 leonem
1675 2746 1942 2812 ingentem

383 2843 439 2896 in
467 2841 623 2912 globo
649 2840 1024 2905 constitutum,
1051 2848 1106 2892 et
1171 2837 1316 2890 illum
1362 2836 1546 2889 statim
1613 2834 1896 2888 evanuisse
1929 2845 1941 2882 :

383 2943 548 2999 seque
579 2927 772 2999 3&8!)
801 2966 816 2990 ,
851 2928 972 2996 igne
1009 2926 1117 2995 jam
1157 2925 1445 2987 exstincto,
1474 2923 1540 2976 ad
1589 2922 1802 2990 globum
1847 2936 1944 2972 cu-

381 3024 642 3086 currisse,
665 3030 720 3074 et
769 2991 913 3072 illum
963 2991 1214 3084 tanquam
1251 3014 1503 3067 battulum
1553 3012 1852 3078 accepisse,
1889 3019 1944 3063 et
1972 2991 2014 3048 ο

383 3126 605 3180 rogasse
635 3109 787 3176 cujus
823 3107 909 3162 dei
950 3114 1116 3169 esset,
1146 3114 1200 3158 et
1249 3103 1590 3173 respondisse
1633 3100 1778 3154 illutn
1827 3113 1948 3154 esse

381 3199 623 3258 Gennaei.
660 3197 950 3252 Gettnatum
975 3193 1302 3261 Heliopolitana
1347 3193 1548 3256 colunt,
1608 3200 1786 3244 erecta
1824 3204 1951 3258 qua-

383 3290 506 3343 dam
546 3287 717 3342 leonis
763 3286 934 3340 forma
981 3284 1034 3337 in
1080 3281 1280 3353 templo
1327 3279 1498 3336 Jovis.
1546 3280 1712 3334 lvisse
1758 3279 1945 3332 eadem

382 3390 545 3436 nocte
572 3379 656 3432 via
689 3393 793 3432 non
839 3378 1017 3432 minus
1056 3389 1215 3445 quam
1255 3375 1438 3427 decem
1492 3382 1546 3426 et
1591 3372 1946 3424 ducentorum

382 3472 705 3535 stadiorum,
747 3479 804 3523 ut
827 3469 1028 3532 aiebat,
1057 3466 1334 3521 continuo.
1386 3462 1650 3516 Eusebius
1683 3476 1787 3514 non
1830 3469 1947 3514 erat

385 3563 632 3618 dominus
655 3560 831 3614 bimuli
871 3569 1133 3618 motuum,
1176 3563 1233 3608 ut
1291 3553 1380 3607 alii
1422 3553 1670 3613 aliorum,
1721 3549 1814 3603 sed
1858 3548 1948 3603 hic

385 3653 600 3724 petebat
648 3661 703 3704 et
739 3649 930 3704 orabat
963 3665 977 3701 ε
1015 3647 1103 3701 ille
1121 3661 1249 3701 vero
1275 3645 1453 3700 locum
1502 3644 1662 3696 dabat
1685 3639 1943 3697 oraculis.

385 3745 513 3797 Hinc
559 3753 613 3796 et
635 3741 799 3796 multa
857 3741 1053 3795 similia
1086 3747 1316 3808 nugatur
1347 3737 1538 3807 dignus
1567 3734 1807 3804 profecto
1837 3735 1946 3788 ba:-

386 3835 533 3888 tnliis
565 3834 833 3902 lapidibus
865 3849 878 3887 :
914 3830 1042 3901 quin
1065 3830 1226 3884 etiam
1264 3829 1486 3882 formam
1523 3825 1640 3894 ejus
1667 3823 1942 3876 describit.

385 3924 588 3979 Globus
611 3926 848 3990 quidem,
885 3922 1078 3990 inquit,
1107 3921 1374 3988 egregius,
1399 3919 1578 3972 colore
1593 3915 1942 3978 subcaudido,

387 4015 652 4068 diametro
680 4014 868 4082 longus
890 4011 1102 4088 palmo,
1135 4011 1227 4064 sed
1261 4007 1528 4063 interdum
1586 4003 1757 4072 major
1783 4016 1947 4072 appa-

390 4111 564 4188 rebat,
593 4109 862 4162 interdum
892 4107 1087 4168 minor,
1121 4103 1390 4158 interdum
1432 4115 1754 4172 purpureus,
1787 4098 1948 4152 etlit-

391 4214 538 4259 teras
565 4203 805 4257 ostendit
823 4202 979 4257 nobis
1006 4202 1060 4255 in
1085 4200 1262 4269 lapide
1289 4199 1606 4264 descriptas,
1658 4195 1818 4264 idque
1849 4208 1945 4248 co-

2043 1750 2412 1820 συγγραφεὺς,
2445 1747 2617 1800 ἐνίοτε
2646 1742 3015 1812 διεκοπτόμην
3046 1738 3158 1793 τῶν
3193 1734 3498 1808 ῥητορικῶν
3528 1729 3622 1794 ἐξ·

2039 1839 2550 1910 ηγήσεων.Ἕνατον
2593 1837 2712 1899 ετος
2756 1833 2900 1888 οὓτω
2946 1847 3037 1901 μοι
3069 1825 3402 1898 διεληλύθεν.
3432 1822 3624 1877 Συνδι-

2041 1932 2248 2002 ήγομεν
2293 1929 2545 1998 ἀλλήλοις
2591 1927 2715 1980 ὅσαι
2755 1942 2817 1978 τε
2861 1923 3066 1994 ἡμέραι
3112 1919 3206 1973 καὶ
3251 1919 3372 1972 ὅσαι
3402 1915 3622 1979 νύκτες,

2041 2021 2138 2075 ἐπὶ
2173 2021 2347 2092 μῆνας
2371 2026 2443 2089 η’.
2478 2015 2653 2084 Εἶδον,
2687 2016 2822 2087 φησὶ
2841 2055 2856 2081 ,
2884 2014 2977 2068 τδν
3010 2009 3262 2082 βαίτυλον
3289 2008 3378 2062 διὰ
3410 2004 3506 2059 τοῦ
3528 2005 3627 2058 ἀέρ

2044 2125 2136 2181 ρος
2161 2108 2500 2179 κινούμενον,
2524 2105 2655 2160 ποτέ
2673 2105 2718 2158 δ’
2738 2107 2796 2158 ἐν
2821 2104 2936 2166 τοῖς
2964 2098 3200 2170 ἱματίοις
3217 2094 3620 2168 κρυπτόμενον,

2043 2198 2143 2269 ἤδη
2160 2199 2218 2252 δέ
2235 2215 2364 2252 ποτε
2384 2197 2478 2251 καὶ
2499 2199 2555 2249 ἐν
2577 2195 2734 2267 χερσὶ
2761 2191 3164 2264 βασταζόμενον
3178 2187 3273 2241 τοῦ
3291 2183 3626 2255 θεραπεύον-

2042 2291 2370 2358 τος.ὐνομα
2398 2285 2442 2339 δ’
2473 2281 2540 2356 ἦν
2561 2284 2639 2355 τῷ
2672 2279 3084 2354 θεραπεύοντι⁷⁰
3114 2277 3206 2331 τὸν
3242 2273 3490 2345 βαίτυλον
3519 2271 3628 2324 Εὑ-

2045 2381 2244 2446 σέϐιος,
2273 2380 2331 2444 ὃς
2359 2379 2453 2434 καὶ
2484 2378 2671 2445 ἔλεγεν
2714 2373 2959 2428 ἐπελθεῖν
2997 2368 3145 2439 αύτῷ
3190 2383 3321 2420 ποτε
3359 2364 3625 2434 ἀδόκητον

2044 2473 2303 2544 ἐξαίφνης
2325 2469 2635 2542 προθυμίαν
2655 2463 3107 2534 ἀποπλανηθῆναι
3127 2458 3219 2514 τοῦ
3243 2459 3432 2520 ἄστεος
3461 2454 3624 2524 Ἐμέ-

2047 2565 2206 2634 σης¹¹ι
2247 2565 2305 2616 ἐν
2337 2561 2490 2614 νυκτὶ
2519 2557 2759 2629 μεσούσγι
2789 2555 2973 2626 σχεδὸν
3010 2555 3084 2616 ὡς
3115 2550 3453 2622 πορρωτάτω
3483 2547 3623 2616 πρὲς

2045 2656 2105 2706 τὸ
2134 2653 2259 2724 ὅρος
2290 2650 2439 2714 αὐτὸ,
2463 2652 2520 2703 ἐν
2549 2642 2591 2717 ᾧ
2612 2650 2712 2718 τῆς
2753 2646 2983 2714 Ἀθηνᾶς
3007 2643 3214 2712 ἵδρυται
3241 2639 3375 2702 νεὼς
3399 2640 3623 2708 ἀρχαιο-

2047 2745 2262 2814 πρεπής
2282 2759 2296 2774 ·
2317 2741 2608 2811 ἀφικέσθαι
2632 2739 2688 2792 δὲ
2709 2739 2806 2808 τὴν
2825 2735 3089 2804 ταχίστην
3113 2734 3193 2795 είς
3215 2730 3314 2802 τὴν
3343 2729 3626 2799 ὑπώρειαν

2043 2833 2138 2886 τοῦ
2168 2833 2348 2905 ὅρους,
2380 2833 2470 2886 καὶ
2495 2829 2680 2884 αὐτόθι
2711 2828 3010 2882 καθίσαντα
3027 2826 3072 2856 ⁷⁸
3103 2821 3478 2878 ἀναπαύεσθαι
3505 2818 3620 2872 ὥσ-

2050 2941 2153 2994 περ
2180 2922 2239 2988 ἐξ
2261 2922 2381 2976 ὁδοῦ
2405 2939 2418 2951 ·
2453 2924 2685 2991 σφαῖραν
2708 2919 2765 2972 δὲ
2791 2918 2961 2987 πυρὸς
2989 2914 3187 2985 ὑψόθεν
3212 2909 3626 2982 καταθοροῦσαν

2052 3013 2311 3082 ἐξαίφνης
2367 3012 2515 3074 ἰδεῖν,
2549 3011 2643 3064 καὶ
2694 3009 2883 3061 λέοντα
2932 3007 3105 3076 μέγαν
3133 3007 3198 3074 τῇ
3231 3004 3436 3073 σφαίριι⁸
3479 3019 3626 3071 παρ-

2052 3105 2337 3173 ιστάμενον
2357 3121 2371 3133 ο
2418 3101 2509 3155 τὸν
2543 3102 2641 3169 μὲν
2667 3101 2730 3168 δὴ
2760 3097 3102 3168 παραχρῆμα
3132 3095 3314 3164 ἀφανῆ
3343 3093 3624 3162 γενέσθαι,

2048 3194 2213 3246 αὐτὸν
2254 3194 2310 3246 δὲ
2359 3193 2452 3246 ἐπὶ
2497 3192 2597 3263 τὴν
2643 3194 2878 3260 σφαῖραν
2928 3189 3156 3258 δραμεῖν
3195 3186 3298 3256 ἤδη
3329 3183 3423 3237 τοῦ
3452 3183 3626 3253 πυρὸς

2049 3285 2540 3354 ἀποσϐεννυμένου,
2573 3283 2668 3335 καὶ
2714 3279 3042 3334 καταλαϐεῖν
3092 3276 3260 3344 αὐτὴν
3310 3271 3476 3329 οὖσαν
3532 3273 3625 3325 τὸν

2051 3373 2322 3443 βαίτυλον,
2356 3375 2449 3426 καὶ
2474 3371 2766 3426 ἀναλαϐεῖν
2793 3369 2974 3434 αὑτὸν,
3007 3368 3170 3440 [1064
3186 3367 3280 3437 IL]
3309 3370 3403 3420 καὶ
3430 3366 3625 3436 διερω-

2047 3465 2210 3533 τῆσαι
2255 3465 2377 3518 ὅτου
2429 3463 2564 3517 θεῶν
2595 3463 2660 3516 ἂν
2690 3463 2800 3532 εἴη,
2830 3462 2995 3530 φάναι
3041 3459 3087 3512 δ’
3116 3460 3326 3513 ἐκεῖνον
3359 3455 3498 3511 εῖναι
3527 3458 3624 3509 τοῦ

2048 3557 2300 3610 Γενναίου
2346 3557 2472 3627 (τὸν
2503 3555 2559 3608 δὲ
2589 3555 2838 3608 Γενναίον
2871 3553 3270 3606 Ἠλιουπολῖται
3300 3550 3530 3620 τιμῶσιν
3565 3552 3628 3602 ἐν

2046 3648 2169 3710 Διὸς
2194 3647 2532 3719 ἱδρυσάμενοι
2561 3645 2774 3716 μορφήν
2797 3661 2920 3698 τινα
2946 3643 3202 3712 λέοντος),
3232 3644 3542 3710 ἀπαγαγεῖν
3563 3657 3627 3693 τε

2047 3739 2233 3792 οἶκαδε
2275 3740 2374 3809 τῆς
2419 3737 2588 3806 αὐτῆς
2637 3737 2830 3800 νυκτὸς
2857 3736 2958 3790 οὐκ
2991 3735 3195 3789 ἐλάττω
3223 3734 3450 3788 σταδίων
3485 3732 3624 3786 δέκα

2048 3834 2140 3884 καὶ
2170 3831 2481 3895 διακοσίων,
2505 3830 2579 3892 ὡς
2605 3829 2730 3899 ἔφη,
2754 3827 3035 3898 διηνεκῶς.
3053 3829 3169 3881 Οὐκ
3200 3823 3267 3899 ἦν
3291 3827 3348 3880 δὲ
3381 3825 3570 3897 κύριος
3595 3826 3629 3878 6

2047 3925 2304 3987 Εὐσέϐιος
2337 3924 2436 3993 τῆς
2463 3924 2557 3976 τοῦ
2573 3925 2617 3954 ⁷³
2646 3922 2897 3992 βαιτύλου
2925 3922 3193 3991 κινήσεως
3211 3959 3227 3984 ,
3256 3918 3445 3988 ὥσπερ
3470 3917 3627 3973 ἄλλοι

2046 4013 2250 4067 ἄλλων·
2281 4013 2400 4066 ἀλλ’
2421 4015 2450 4066 6
2478 4013 2576 4082 μὲν
2605 4011 2775 4064 ἐδεῖτο
2808 4012 2901 4064 καὶ
2930 4009 3150 4081 ηῠχετο,
3181 4011 3209 4063 6
3234 4010 3287 4062 δὲ
3310 4009 3557 4079 ὑπήκουε
3577 4009 3628 4038 ⁷³

2047 4107 2187 4176 πρὸς
2234 4105 2334 4168 τὰς
2382 4103 2749 4174 χρησμῳδίας.
2781 4102 2967 4156 Ταῦτα
3015 4101 3258 4171 ληρήσας
3305 4101 3400 4154 καὶ
3453 4097 3628 4153 πολλά

2046 4195 2272 4250 τοιαῦτα
2290 4196 2319 4248 6
2343 4195 2451 4248 τῶν
2473 4194 2760 4265 βαιτυλίων
2783 4194 2858 4257 ὡς
2879 4193 3094 4264 ἀληθῶς
3115 4193 3284 4257 ἄξιος,
3301 4192 3389 4246 τὸν
3413 4191 3561 4245 λίθον
3577 4191 3627 4225 ⁷⁸

387 4293 504 4348 lore
541 4292 910 4362 lingabarino,
937 4298 993 4344 ut
1017 4297 1232 4354 vocant,
1265 4297 1320 4342 et
1354 4291 1405 4340 in
1429 4298 1582 4340 muro
1609 4284 1747 4338 ﬁxit.
1791 4282 1946 4338 Unde

2047 4288 2335 4358 διαγράφει
2362 4286 2526 4339 καὶτὸ
2545 4281 2682 4349 εἶδος
2709 4285 2897 4339 αὑτοῦ.
2924 4285 3136 4355 Σφαῖρα
3167 4284 3266 4354 μὲν
3291 4285 3420 4352 γὰρ,
3435 4283 3624 4352 φησιν,

387 4384 685 4439 sciscitanti
713 4382 991 4437 oraculum
1020 4380 1186 4441 dedit,
1224 4387 1277 4431 et
1295 4391 1482 4432 vocem
1541 4375 1774 4430 emisite
1800 4375 1944 4430 tenui

2052 4377 2283 4448 ἀκριϐὴς
2322 4375 2615 4447 ἐτύγχανεν
2666 4375 2788 4448 [567
2818 4376 2853 4430 b
2885 4374 2979 4447 IL]
3027 4374 3123 4437 ὢν,
3155 4373 3453 4437 ὑπόλευκος
3477 4372 3536 4426 δὲ
3564 4390 3628 4426 τ)

388 4472 593 4538 ﬁstula,
656 4487 815 4539 quam
862 4473 1248 4540 interpretatus
1302 4474 1387 4522 est
1439 4465 1726 4520 Eusebius.
1786 4464 1947 4518 Vana:

388 4563 586 4617 tuentis
618 4564 704 4617 ille
736 4563 836 4616 alia
870 4563 1034 4616 multa
1091 4561 1331 4612 miranda
1375 4559 1440 4612 de
1477 4557 1670 4612 bmtulo
1721 4565 1947 4610 narrat:

388 4655 649 4725 Equidem
680 4664 925 4722 putaram
977 4653 1202 4704 divinius
1260 4665 1370 4702 esse
1421 4648 1692 4701 oraculum
1747 4645 1948 4710 bmuli,

389 4743 634 4798 Isidorus
667 4744 982 4797 dwmonium
999 4742 1172 4810 potius
1201 4755 1310 4794 esse
1339 4739 1493 4792 dixit.
1524 4736 1656 4790 Esse
1676 4738 1813 4790 enim
1846 4738 1948 4790 oli-

384 4827 542 4908 ane'm
568 4833 856 4885 da'monem
891 4838 1176 4885 moventem
1197 4828 1367 4892 illum,
1403 4843 1506 4880 non
1535 4842 1700 4879 unum
1733 4842 1797 4879 ea:
1852 4827 1951 4879 ad-

386 4921 602 4978 modum
633 4920 807 4986 motu,
836 4936 940 4976 non
964 4919 1176 4973 omnino
1206 4917 1599 4978 immateriatis,
1628 4932 1717 4970 nec
1740 4917 1950 4970 omnino

387 5012 559 5079 puris.
590 5009 916 5065 Bmtulorum
941 5009 1104 5062 alium
1137 5006 1227 5063 alii
1262 5006 1594 5070 incumbere,
1638 5015 1697 5060 ut
1719 5006 1810 5060 ille
1845 5007 1953 5062 cri-

395 5109 612 5158 minans
632 5102 786 5167 dicit,
821 5104 947 5168 deo,
974 5101 1234 5161 Saturno,
1265 5097 1408 5161 Jovi,
1433 5097 1565 5162 Soli,
1584 5109 1636 5152 et
1668 5097 1808 5154 aliis.

2055 4469 2274 4543 χρῶμα,
2305 4469 2636 4538 σπιθαμιαία
2665 4469 2719 4522 δὲ
2744 4468 2842 4538 τὴν
2867 4467 3158 4538 διάμετρον
3187 4466 3326 4518 κατὰ
3357 4464 3622 4535 μέγεθοςο

2054 4559 2170 4613 ἀλλ’
2203 4559 2371 4613 ἐνίοτε
2406 4559 2604 4628 μείζων
2647 4557 2855 4625 ἐγίνετο
2879 4557 2975 4610 καὶ
2999 4556 3259 4619 ἐλάττων,
3292 4553 3385 4607 καὶ
3409 4562 3625 4623 πορφυ-

2058 4649 2268 4720 ροειδὴς
2316 4649 2522 4704 ἄλλοτε.
2550 4649 2656 4702 Καὶ
2683 4646 2984 4718 γράμματα
3028 4645 3296 4710 ἀνέδειξεν
3310 4645 3358 4676 ⁷⁸
3392 4645 3522 4712 ἡμῖν
3565 4644 3627 4694 ἐν

2057 4741 2134 4808 τῷ
2164 4742 2298 4810 λίθῳ
2327 4741 2706 4812 γεγραμμένα,
2736 4738 2987 4810 χρώματι
3033 4737 3111 4807 τῷ
3159 4733 3477 4803 καλουμένῳ
3503 4750 3629 4802 τιγ-

2048 4832 2328 4903 γαϐαρίνῳ
2361 4830 2881 4902 κατακεχρωσμένα,
2912 4829 3005 4882 καὶ
3034 4831 3092 4880 ἐν
3114 4827 3282 4896 τοίχῳ
3305 4824 3364 4879 δὲ
3390 4824 3627 4893 ἐγκρού-

2049 4939 2148 4986 σας
2165 4939 2178 4953 °
2207 4922 2274 4976 δι’
2292 4941 2368 4977 ων
2389 4921 2640 4976 ἀπεδίδου
2659 4921 2753 4974 τὸν
2781 4919 3109 4990 ζητούμενον
3131 4915 3210 4986 τῷ
3235 4913 3630 4983 πυνθανομένῳ

2047 5013 2326 5084 χρησμὸν,
2361 5013 2457 5066 καὶ
2489 5011 2673 5082 φωνὴν
2699 5010 2904 5080 ὴφίειττ
2950 5007 3148 5062 λεπτοῦ
3179 5006 3532 5078 συρίσματος,
3559 5005 3629 5072 ἢν

2047 5103 2360 5171 ἡρμήνευεν
2375 5104 2404 5154 6
2420 5099 3151 5170 Εὑσέϐιος.Τερατολογήσας
3164 5091 3260 5149 οὖν
3277 5096 3346 5149 τά
3361 5093 3629 5165 εἰρημένα

391 5195 419 5246 6
460 5193 740 5265 κενόφρων
795 5186 949 5254 οὗτος
999 5190 1094 5243 καὶ
1143 5188 1311 5259 μυρία
1361 5189 1496 5242 ἄλλα
1545 5189 1978 5261 παραλογώτερα
2003 5192 2251 5261 περὶτοῦ
2277 5192 2552 5261 βαιτύλου,
2587 5193 2816 5260 ἐπάγει’
2860 5189 3007 5260 Ἐγὼ
3023 5189 3140 5258 μὲν
3194 5187 3362 5257 ᾤμην
3407 5186 3624 5242 θειότε-

1690 5323 1919 5380 vanma
1959 5324 2359 5402 LECTIONESV.

465 5446 515 5522 “fl
543 5443 862 5522 ἐπιορκησοι
889 5441 948 5494 Β.
1025 5441 1069 5473 ⁶⁹
1097 5440 1236 5522 φασί¹
1255 5457 1316 5522 ς·ἰ
1392 5438 1750 5522 ξξῆθεράποντι
1775 5458 1834 5504 ς.
1911 5443 2204 5522 τιζεμέσης
2235 5400 2584 5522 ’Ἐμίσης
2605 5461 2674 5522 3.
2702 5446 2760 5522 _"
2787 5399 3160 5522 καθιζήσαντα
3186 5458 3247 5522 Ξ.
3272 5513 3284 5522 _
3324 5443 3369 5522 ’ξ
3401 5441 3494 5494 τοῦ
3524 5455 3626 5508 ego

383 5503 595 5566 addidi.
669 5503 714 5543 ’ῖδ
756 5503 1030 5580 ὗπὴκουσε
1059 5503 1118 5575 ςξ

402 5585 660 5653 μήνευσεν
699 5600 755 5646 ς.

1194 5511 1238 5541 ⁷⁵
1266 5509 1358 5561 τὸν
1393 5507 1541 5562 λίθον
1596 5510 1636 5562 Β
1674 5521 1729 5564 et
1781 5527 1923 5566 corr.

2099 5507 2208 5565 τῶν
2253 5507 2514 5576 λίθωνς.
2541 5507 2575 5513 ’ν
2605 5507 2650 5546 ⁷⁸
2690 5507 2993 5579 ἀνεδίδαξεῦ
3023 5515 3088 5566 Δ.

3190 5512 3234 5545 π
3261 5511 3409 5580 ἀφίει
3437 5538 3507 5551 -
3528 5512 3626 5580 ιρ.
