3990 6232
366 260 504 328 1293
609 263 620 268 ’
1405 252 1929 314 BIBLIOTHECA.
1957 252 2203 314 -COD.
2246 255 2515 316 CCXLII.
3463 260 3599 324 1294

358 389 476 442 ρον
514 366 671 425 εἷναι
709 369 777 422 τὸ
817 365 1017 436 χρῆμα
1038 365 1082 396 ⁷⁸
1123 364 1227 419 τοῦ
1262 364 1596 429 βαιτύλου,
1637 367 1672 418 ό
1708 362 1776 415 δὲ
1816 361 2118 429 Ἰσίδωρος
2156 363 2467 434 δαιμόνιον
2496 364 2736 435 μᾶλλον
2807 363 3048 435 ἔλεγεν-⁸
3107 363 3399 438 εἶναιγὰρ
3473 391 3605 428 τινα

373 462 632 532 δαίμονα
657 460 765 512 τὸν
793 457 1079 511 κινοῦντα
1103 454 1311 519 αὐτὸν,
1337 455 1476 508 οὔτε
1500 453 1620 508 τῶν
1643 450 1958 519 βλαϐερῶν
1992 451 2129 505 οὔτε
2155 452 2275 508 τῶν
2290 454 2444 524 ἄγαν
2471 456 2814 525 προσύλων,
2841 457 2913 507 οὺ
2930 457 3138 524 μέντοι
3175 455 3294 518 τῶν
3353 460 3608 530 ἀνηγμέ-

363 572 488 610 νων
524 557 610 619 εις
637 551 704 606 τὸ
733 551 926 605 ἄυλον
952 547 1112 615 εἷδος
1140 547 1282 602 οὐδὲ
1311 546 1429 601 τῶν
1455 547 1728 616 καθαρῶν
1767 543 2136 598 παντάπασι.
2169 546 2292 600 Τῶν
2323 547 2382 602 δὲ
2453 549 2718 618 βαιτύλων
2733 551 2776 582 ⁷⁹
2841 550 2998 605 ἄλλον
3078 550 3222 622 ἄλλῳ
3265 553 3605 620 ἀνακεῖσθαι,

361 646 439 709 ὡς
467 646 674 705 ἐκεῖνος
704 639 999 709 δυσφημῶν
1028 639 1198 706 λέγει,
1235 636 1363 707 θεῷ,
1386 638 1600 708 Κρόνῳ,
1628 633 1936 702 Διὶ,Ἢλιῳ,
1975 634 2085 697 τοῖς
2097 634 2144 667 ⁸ο
2182 636 2383 703 ἄλλοις.

439 739 566 793 Ὅτι
596 735 924 804 Μαξιμῖνος,
968 733 1134 800 φησὶν
1177 732 1400 802 (Ἕλλην
1426 730 1473 785 δ’
1505 726 1658 794 οὗτος
1685 725 1754 801 ἧν
1779 729 1841 782 τὸ
1866 728 1948 781 σέ-

2122 730 2469 801 Maximinus,
2503 736 2698 805 inquit,
2744 735 3002 806 religione
3034 746 3145 792 eral
3180 736 3417 810 gentilis,
3440 737 3610 792 oculis

365 829 511 901 ϐας),
539 827 636 890 τὰς
670 824 830 895 βολὰς
854 823 962 877 τῶν
985 823 1250 893 ὀμμάτων
1277 822 1514 891 άφιεὶς⁸⁸
1546 822 1688 876 οὓτω
1713 821 1943 891 φοϐερόν

2049 824 2182 880 adeo
2213 826 2573 894 terribilibus,
2601 837 2659 881 ut
2687 829 3011 883 intuentium
3025 840 3368 886 aversaretur
3399 830 3607 885 oculos.

365 939 417 972 τι
445 921 542 973 καὶ
569 916 830 988 βλαϐερὸν
862 914 1152 968 ἐνέϐλεπεν
1171 915 1240 978 θ’,
1268 913 1408 966 ῶστε
1439 913 1550 968 τῶν
1575 910 1884 982 ἐνορώντων
1897 912 1944 945 ⁸³

2055 913 2222 983 Cujus
2260 915 2365 972 sibi
2395 917 2667 984 conscius,
2687 926 2745 973 ut
2765 919 3054 988 plurimum
3081 928 3304 985 terram,
3333 935 3439 976 non
3465 919 3610 988 ipsos

365 1009 733 1077 ἀποστρέφειν
761 1007 860 1068 τὰς
901 1005 1085 1074 ὃψειςο
1116 1004 1210 1057 καὶ
1237 1004 1396 1058 τοῦτο
1425 1003 1710 1074 (φησὶνεη)
1741 1005 1945 1066 ὲκείνος

2049 1002 2292 1060 homines
2336 1005 2524 1060 obvios
2568 1008 2911 1075 respiciebat,
2951 1017 3006 1063 et
3036 1008 3196 1063 etiam
3253 1009 3418 1064 multa
3475 1007 3612 1063 vidit

369 1100 628 1163 συνειδὼς
652 1097 830 1168 ἑαυτῷ
854 1097 924 1150 τὰ
948 1096 1122 1149 πολλὰ
1147 1097 1297 1152 κάτω
1321 1098 1412 1150 καὶ
1438 1097 1498 1149 οὐ
1531 1095 1668 1167 πρὸς
1699 1096 1827 1159 τοὺς
1862 1097 1946 1148 ὲν-

366 1192 732 1261 τυγχάνοντας
753 1188 998 1242 ἔϐλεπεν.
1017 1185 1176 1240 Ἀλλὰ
1197 1187 1292 1240 καὶ
1315 1185 1524 1241 πολλῶν
1549 1179 1700 1250 οὗτος
1727 1184 1947 1255 φασμάο

366 1297 477 1334 των
504 1281 713 1348 ἐγίνετο
745 1278 960 1347 θεατὴς,
997 1278 1176 1338 ἄλλοις
1209 1278 1307 1347 οὐχ
1332 1277 1648 1347 ὁρωμένων.
1667 1276 1868 1339 Ἱκανὸς
1891 1275 1947 1328 δ’

368 1368 439 1444 ἦν
467 1373 560 1425 καὶ
587 1371 848 1438 δαίμονας
882 1370 1218 1437 ἐπιπέμπειν
1245 1367 1610 1438 φθοροεργοὺς
1631 1407 1647 1432 ,
1679 1367 1772 1420 καὶ
1793 1367 1948 1419 ἄλλο·

371 1459 465 1512 θεν
508 1458 990 1528 ἐπιπεμπομένους
1039 1455 1464 1512 ὰναστέλλεινδδ.
1499 1455 1644 1526 Πλὴν
1671 1455 1948 1509 δυσσεϐῶν

371 1549 536 1612 ἁλοὺς
552 1548 597 1581 ⁸⁸
627 1549 767 1602 κατὰ
816 1549 875 1600 τὸ
925 1547 1216 1614 Βυζάντιον
1243 1547 1344 1616 τὴν
1369 1546 1456 1600 διὰ
1488 1546 1674 1616 ξίφους
1719 1546 1818 1600 οὐκ
1859 1545 1945 1610 ἐξ·

373 1643 542 1711 έφυγε
589 1641 761 1711 δίκην.
790 1638 924 1693 Οὔτε
957 1639 1246 1706 φιλόσοφον
1297 1637 1410 1708 βίον
1455 1639 1749 1708 ἐννοήσας,
1786 1637 1840 1690 εἷ
1862 1653 1949 1699 τις

372 1730 449 1786 ῶν
463 1732 507 1763 δ’
539 1730 648 1784 τῶν
679 1729 891 1782 πολλῶν
926 1728 1136 1799 ὑϐρίζει
1163 1728 1351 1797 ὕϐρεις
1377 1727 1476 1791 τὰς
1516 1727 1575 1793 se
1620 1725 1944 1796 ἀνθρώπων,

377 1822 638 1892 ’Δπειρος
661 1819 736 1872 ὢν
764 1821 871 1872 τῶν
897 1818 1212 1890 πληκτικῶν
1232 1817 1280 1850 ⁸⁸
1313 1817 1518 1870 τούτων
1570 1817 1664 1869 καὶ
1710 1817 1949 1870 ἀνιάτων

375 1913 734 1984 πραγμάτων.
751 1912 816 1964 Ἠ
841 1909 1076 1980 ἀναϐολὴ
1110 1910 1425 1980 μακροτέρα
1445 1907 1594 1978 αὐτῷ
1622 1907 1813 1975 γέγονε
1841 1907 1950 1960 τῶν

373 2021 433 2057 τε
449 2003 497 2036 ⁸⁸
525 2005 605 2066 εἰς
631 2001 842 2070 Καρίαν
870 2000 964 2054 καὶ
987 2000 1096 2054 τῶν
1129 1998 1390 2068 Ἀθήναζε
1414 1997 1758 2052 σπευδουσῶν
1792 1997 1946 2051 ἑλπί-

2043 1095 2179 1162 visa,
2210 1111 2332 1166 quae
2369 1097 2460 1150 alii
2499 1113 2603 1153 non
2636 1100 2914 1155 videbant.
2979 1101 3198 1156 Poterat
3230 1112 3285 1156 et
3335 1103 3610 1157 dzemoues

2045 1185 2237 1242 noxios
2262 1187 2570 1253 immittere,
2597 1199 2650 1244 et
2666 1191 2879 1246 aliunde
2894 1193 3166 1248 immissos
3188 1208 3458 1249 coercere.
3474 1193 3608 1250 Cum

2047 1277 2208 1344 impie
2253 1279 2381 1348 quid
2421 1292 2605 1350 ageret
2649 1282 2914 1352 Byzantii,
2962 1284 3121 1353 gladii
3173 1298 3330 1352 poena
3385 1283 3611 1339 affectus

2046 1377 2150 1433 est,
2183 1383 2282 1424 nec
2307 1370 2731 1440 philosophicam
2785 1373 2949 1425 vitam
3001 1372 3332 1441 intelligens,
3363 1375 3407 1427 si
3434 1375 3555 1442 quis
3580 1388 3612 1427 e

2047 1457 2392 1514 multitudine
2424 1459 2679 1530 iniuriam
2728 1462 2776 1515 ei
2808 1461 3035 1516 inferret
3077 1461 3274 1533 359a
3330 1462 3614 1531 ignorabat

2047 1547 2224 1601 civilia
2255 1559 2308 1602 et
2333 1551 2515 1618 gravia
2575 1551 2812 1621 negotia.
2860 1551 3146 1606 (Iunctatio
3182 1552 3391 1622 longior
3414 1555 3460 1607 ei
3491 1552 3609 1615 fuit,

2048 1650 2208 1704 quam
2239 1652 2362 1705 spes
2389 1638 2678 1694 festinandi
2709 1641 2760 1693 in
2791 1640 3005 1694 Cariam
3033 1641 3117 1694 vel
3147 1641 3390 1696 Athenas
3428 1641 3610 1698 ferret.

2053 1721 2218 1780 Venio
2253 1728 2320 1782 ad
2364 1728 2726 1797 precationes,
2767 1743 2904 1798 quas
2951 1729 3020 1784 ad
3072 1731 3229 1783 deum
3294 1731 3500 1795 habuit,
3559 1739 3617 1784 et

2049 1813 2290 1884 Cyllenio
2321 1817 2592 1884 tardante,
2609 1825 2662 1873 et
2692 1820 2902 1888 negotia
2933 1817 3236 1885 dil'ferente,
3268 1819 3403 1873 nihil
3440 1819 3615 1876 Isido-

2049 1919 2142 1958 rus
2167 1904 2414 1974 perfecit,
2436 1922 2666 1978 parcens
2711 1908 3116 1977 pretiosissimae
3138 1909 3241 1972 rei,
3278 1908 3431 1978 juxta
3491 1923 3616 1963 sen-

2052 1997 2273 2051 tentiam
2297 1997 2584 2066 sapientis,
2612 2000 2863 2067 tempori.
2903 2000 3106 2056 Vidcns
3140 2001 3402 2069 meipsum
3432 2000 3614 2055 divino

373 2095 501 2148 ϐων.
532 2062 638 2146 καὶ
661 2062 796 2161 πρὸς
829 2089 954 2144 θεοῦ
978 2062 1301 2161 λιπαρήσεις
1329 2089 1580 2160 ἔρχομαι.
1601 2089 1708 2144 Τοῦ
1727 2090 1773 2121 ⁹⁰
1799 2090 1947 2144 Κυλ-

2050 2084 2252 2140 lumine
2282 2062 2627 2153 illustratum,
2660 2098 2917 2156 quantam
2969 2099 3126 2158 putas
3158 2089 3325 2142 animi
3384 2102 3611 2145 conten-

375 2186 558 2255 ληνίου
591 2183 938 2253 βλακεύοντος
985 2183 1079 2234 καὶ
1117 2183 1185 2234 τά
1224 2182 1522 2252 πράγματα
1556 2181 1948 2244 άναϐάλλοντος

374 2276 525 2328 οὐδὲν
549 2275 738 2344 ἡνυτεν
765 2275 794 2326 ὁ
828 2273 1111 2343 Ἰσίδωρος.
1143 2273 1216 2324 Οὐ
1234 2273 1277 2305 ’⁸
1303 2274 1625 2342 φεισάμενος
1655 2272 1749 2326 τοῦ
1781 2273 1946 2327 πολυ-

374 2365 695 2421 τελεστάτου
718 2364 797 2434 τῷ
834 2365 948 2416 ὖντι
984 2365 1390 2433 δαπανήματος,
1423 2365 1517 2416 τοῦ
1555 2365 1772 2434 χρόνου,
1808 2363 1950 2418 κατὰ

374 2458 465 2510 τὸν
501 2456 718 2508 εἰπόντα
745 2454 1118 2526 σοφόν.’ορῶν
1157 2456 1213 2510 δὲ
1259 2456 1495 2524 ἐμαυτὸν
1525 2455 1604 2525 τῷ
1647 2456 1776 2526 θείῳ
1812 2457 1951 2524 φωτ)⁸

377 2543 825 2615 περιρρεόμενον,
859 2544 974 2604 πῶς
1020 2542 1120 2594 οἴει
1157 2542 1359 2610 σφόδρα
1408 2541 1506 2610 τὴν
1553 2540 1728 2611 ψυχὴν
1755 2541 1948 2593 ὲτανυ-

379 2635 679 2706 σκόμην”;
724 2633 994 2703 Ἐκμανὴς
1019 2633 1326 2702 γενόμενος,
1352 2631 1554 2684 ἀνελὼν
1576 2632 1667 2685 τὸν
1694 2631 1948 2696 πέλεκυν,

378 2725 674 2797 ἀποτέμνει
701 2724 801 2796 τὴν
832 2724 991 2785 αὐτὸς
1019 2725 1212 2776 ἑαυτοῦ
1248 2723 1610 2793 παιδοσπόρον
1634 2723 1818 2792 φύσιν.
1841 2723 1952 2776 Καὶ

379 2816 494 2884 ἐγὼ
523 2814 698 2869 ταῦτα
725 2814 1034 2885 ἀπήγγειλα
1063 2815 1141 2883 τῷ
1169 2813 1423 2884 Ἰσιδώρῳ
1456 2815 1626 2885 σοφήν
1657 2831 1717 2867 τε
1747 2813 1844 2868 καὶ
1869 2813 1954 2868 έν-

381 2907 503 2960 θεον
531 2907 618 2960 ἀεὶ
632 2905 680 2939 ⁸³
708 2905 1038 2975 προτείνοντι
1069 2904 1202 2974 πρὸς
1224 2905 1349 2967 τοὺς
1382 2905 1583 2972 μύθους
1619 2905 1743 2968 τοὺς
1779 2906 1953 2974 ἱεροὺς

380 2998 574 3068 ἀκοήν.
612 2996 884 3066 Οἰηθὲντα
931 2997 1060 3064 περὶ
1101 2995 1182 3065 τῷ
1216 2994 1490 3064 σώματι⁹⁸
1536 2995 1862 3049 κινδυνεύειν
1882 2997 1951 3051 ⁸⁵.

393 3089 553 3142 Ἀλλά
582 3088 740 3142 τοῦτο
774 3089 873 3158 μὲν
909 3089 1007 3156 τῆς
1045 3085 1302 3149 ἰδιώτιδος
1330 3086 1438 3156 ἄρα
1468 3086 1665 3158 δεῖγμα
1682 3088 1728 3121 ⁸⁸
1761 3104 1954 3158 προαι-

2051 2177 2250 2231 tionem
2284 2175 2478 2233 fecisse
2505 2179 2529 2231 ‘2
2557 2178 2786 2234 Insanus
2818 2178 2992 2232 factus
3041 2195 3160 2232 cum
3192 2188 3355 2240 esset,
3390 2179 3614 2248 abrepta

2048 2267 2247 2330 securi,
2303 2267 2406 2322 sibi
2454 2267 2630 2321 virilia
2682 2275 2946 2335 amputat.
2977 2267 3042 2321 Et
3087 2283 3187 2338 ego
3237 2269 3351 2323 lucc
3413 2267 3616 2322 Isidoro

2050 2356 2316 2420 nuntiavi,
2347 2357 2440 2426 qui
2470 2371 2684 2426 semper
2729 2357 3024 2426 sapienter,
3059 2368 3113 2412 et
3168 2358 3386 2410 divinus
3444 2357 3617 2411 sacris

2049 2448 2390 2502 sermonibus
2436 2448 2686 2510 attendit,
2745 2462 2864 2501 cum
2917 2457 3131 2516 putaret
3179 2462 3239 2502 se
3279 2449 3344 2502 de
3387 2462 3618 2518 corpore

2052 2539 2366 2608 periclitari.
2392 2539 2503 2596 lloc
2526 2556 2651 2596 vero
2712 2542 3014 2612 exetnplum
3070 2542 3302 2612 propria:
3329 2544 3619 2598 voluntatis

2052 2637 2154 2690 est,
2191 2629 2306 2683 haec
2331 2631 2472 2698 grati
2503 2629 2668 2684 animi
2698 2645 2851 2700 ergo,
2886 2645 3056 2698 pauca
3108 2645 3208 2700 pro
3257 2631 3440 2686 multis
3493 2630 3616 2685 red-

2053 2718 2220 2774 denti.
2253 2717 2648 2790 Navigabamus
2698 2721 2942 2787 Samum,
2977 2737 3176 2791 corpus
3204 2737 3331 2778 vero
3375 2723 3620 2778 tumebat

2053 2825 2081 2862 a
2127 2811 2352 2879 pedibus
2404 2811 2546 2865 intra
2579 2812 2862 2880 incipiens,
2907 2826 3075 2882 usque
3097 2814 3162 2868 ad
3199 2813 3414 2882 inguina
3438 2823 3494 2868 et
3530 2828 3618 2867 ve-

2055 2901 2218 2955 renda
2252 2902 2603 2970 ;con90pitus
2633 2917 2751 2957 sum
2781 2902 2836 2956 in
2885 2904 3006 2958 navi
3037 2903 3273 2971 ;deinde
3314 2904 3366 2957 in
3414 2905 3620 2960 somnis

2054 2995 2287 3062 polluor,
2315 2993 2525 3059 vittam,
2574 3009 2783 3051 sacram
2819 3006 3052 3062 vestem,
3101 2997 3316 3064 stolam,
3347 2997 3502 3052 faciei
3550 2999 3622 3051 si-

2055 3083 2376 3149 mulacrum,
2395 3083 2638 3140 fasciam.
2658 3085 2886 3140 Tantum
2903 3087 3295 3157 philosophiam
3318 3089 3620 3143 audivimus

384 3179 606 3249 ρέσεως.
626 3178 812 3246 Ὀλίγα
837 3179 958 3232 ἀντὶ
990 3177 1199 3231 πολλῶν
1238 3177 1539 3231 ἀποδιδόντι
1571 3177 1948 3249 .χαρίσια.Ἐν·

2055 3174 2613 3243 contemninunquam
2647 3175 2892 3241 Athenis,
2930 3191 3188 3246 quantum
3244 3179 3477 3233 vidimus
3537 3181 3619 3231 vi-

382 3269 789 3339 αυστολούμεθα
818 3269 955 3340 πρὸς
984 3268 1082 3339 τὴν
1115 3269 1314 3337 Σάμον.
1347 3269 1419 3320 Τὸ
1451 3268 1608 3338 σῶμα
1631 3269 1675 3321 δ’
1697 3271 1948 3337 ἐφυσᾶτο¹

2059 3261 2296 3331 tuperari
2330 3263 2396 3317 ab
2427 3261 2617 3332 Hegia.
2645 3264 2944 3321 Archiadas
2987 3267 3100 3337 (28)
3133 3278 3336 3336 patrem
3385 3277 3442 3322 et
3487 3269 3625 3324 alios

383 3355 629 3410 κάτωθεν
678 3355 991 3424 ἀρξάμενον
1031 3355 1138 3410 ἀπὸ
1185 3357 1292 3408 τῶν
1342 3355 1518 3408 ποδῶν
1571 3356 1674 3420 ἕως
1718 3357 1820 3427 ἤδη
1849 3355 1948 3410 τῶν

2059 3351 2258 3408 multos
2283 3357 2572 3424 superabat
2606 3369 2708 3409 non
2749 3371 2938 3426 parum
2985 3357 3204 3430 virtute.
3239 3357 3618 3428 Pliilosopbica

386 3448 670 3519 βουϐώνων
714 3447 811 3500 καὶ
857 3449 958 3518 τῆς
1004 3448 1204 3509 αἰδοῦς.
1253 3447 1671 3518 Κατεκοιμήθην
1717 3448 1810 3500 ἐπὶ
1857 3448 1948 3516 τῆς

2057 3445 2236 3500 minus
2251 3447 2498 3510 curabat,
2525 3457 2777 3516 tanquam
2829 3447 2965 3502 adeo
3009 3448 3244 3518 ineptus,
3277 3459 3499 3518 propter
3526 3465 3621 3518 pa-

390 3536 550 3601 νεὼς,
583 3536 677 3591 καί
721 3554 836 3599 πως
869 3537 1315 3608 ἀφροδισιάζομαι
1348 3541 1459 3600 τοῖς
1503 3537 1760 3606 ὀνείρασι.
1798 3539 1948 3609 Κρή-

2054 3537 2367 3592 trimonium
2395 3537 2707 3604 blandiens,
2737 3538 2844 3592 vita
2893 3539 3016 3607 pius
3069 3539 3262 3605 siquis
3301 3539 3462 3596 alius.
3515 3541 3624 3594 Eu-

389 3626 580 3696 δεμνον
597 3626 666 3690 ⁸⁷,
693 3625 990 3695 φωσώνιον,
1017 3625 1254 3695 ὀράριον,
1286 3625 1439 3696 ρῳ’⁹⁸
1469 3624 1756 3696 προσώπου
1783 3625 1948 3695 ἐκμα-

2049 3625 2252 3695 pithius
2296 3626 2630 3695 ingeniosior
2683 3635 2824 3692 erat,
2876 3628 3118 3683 moribus
3175 3638 3352 3683 tamen
3408 3630 3621 3696 idiota;

388 3720 556 3785 γεῖον,
614 3716 896 3787 ἡμιτύϐιον
914 3717 981 3770 ³⁸.
1029 3717 1120 3778 Ei;
1175 3715 1427 3770 τοσοῦτον
1484 3715 1592 3786 γὰρ
1638 3716 1948 3787 ἀκηκόαμεν

2049 3716 2158 3773 imo
2195 3716 2357 3769 etiam
2405 3717 2568 3770 idiota
2599 3723 2654 3771 et.
2699 3717 3000 3786 simplicior
3043 3736 3058 3772 :
3111 3717 3435 3774 imbecillum
3479 3720 3625 3777 illius

387 3807 698 3878 φιλοσοφίαν
738 3807 863 3879 [568
884 3807 919 3862 b
941 3806 1034 3880 H.]
1063 3807 1565 3879 καταφρονηθεῖσαν
1589 3807 1708 3862 οὐδὲ
1733 3807 1948 3864 πώποτε

2052 3814 2172 3861 erat
2223 3820 2439 3876 corpus,
2467 3815 2522 3861 et
2559 3821 2666 3862 non
2722 3807 2946 3862 multum
2989 3822 3018 3862 a
3072 3817 3244 3862 morte
3296 3809 3620 3876 sejunctum.

397 3897 706 3970 Ἀθήνῃσιν,
726 3899 850 3952 ὅσον
873 3900 1191 3971 ἑωράκαμεν
1211 3899 1613 3971 ἀτιμαζομένην
1633 3901 1723 3953 ἐπὶ
1740 3901 1948 3968 Ἡγίου.

2049 3894 2146 3950 Hic
2171 3897 2387 3965 quidem
2422 3898 2602 3952 statim
2629 3913 2775 3967 aegre
2798 3899 3003 3953 audivit
3033 3897 3432 3966 defensionem,
3467 3908 3620 3969 quasi

389 3985 553 4060 [1065
581 3988 676 4060 IL]
705 3988 763 4043 Ὀ
791 3990 849 4042 δὲ
878 3989 1241 4060 ’ΔρχιόιδσιςΜ
1264 3991 1324 4042 τὸ
1357 3991 1456 4060 μὲν
1481 3991 1600 4044 ὂλον
1621 3990 1714 4044 τοῦ
1744 3991 1948 4060 πατρὸς

2049 3986 2162 4055 spei
2198 3986 2341 4041 illius
2395 3987 2678 4040 consilium
2741 3987 3049 4056 speciosum
3107 4003 3212 4042 non
3253 3988 3618 4045 satisfaceret.

389 4078 490 4136 οὐκ
517 4079 683 4150 ὀλίγῳ
714 4075 782 4151 ἦν
809 4079 1080 4151 διαφέρων
1109 4081 1202 4132 καὶ
1240 4080 1447 4133 πολλῶν
1476 4079 1648 4134 ἄλλων
1670 4081 1690 4111 ³
1717 4081 1797 4142 είς
1823 4081 1948 4149 ἀρε-

2049 4075 2201 4130 Talia
2231 4075 2400 4130 multa
2425 4077 2613 4132 dicens
2655 4086 2709 4132 et
2741 4078 3022 4145 occinens,
3078 4079 3346 4147 persuasit
3387 4079 3626 4134 Marinus

386 4169 508 4238 τὴν,
537 4169 607 4222 τά
657 4169 715 4221 δὲ
762 4170 840 4230 είς
891 4168 1206 4236 φιλοσοφίαν
1249 4169 1447 4236 ἄγοντα
1477 4165 1822 4238 παρειμένος,
1853 4168 1948 4220 ἆτε

2049 4167 2251 4222 Isidoro
2275 4167 2390 4238 (29)
2415 4177 2475 4223 ut
2524 4169 2788 4237 reciperet
2832 4171 3108 4224 decretum
3155 4170 3224 4224 de
3258 4172 3621 4236 successione,

389 4259 525 4330 πρὸς
568 4257 737 4312 ταῦτα
781 4258 1060 4326 ἀνάγωγος
1088 4257 1164 4311 ὣν
1209 4259 1298 4310 διὰ
1338 4256 1434 4326 τὴν
1461 4259 1561 4310 οὐκ
1591 4257 1948 4312 ἀκολάκευτον

2059 4265 2114 4311 et
2140 4271 2424 4312 successor
2453 4268 2669 4312 creatus
2703 4269 2806 4322 est,
2833 4259 3047 4312 nomine
3109 4261 3276 4327 magis
3340 4275 3502 4327 quam
3538 4276 3625 4314 re-

388 4348 647 4420 πατρῴαν
673 4347 878 4413 οὐσίαν,
913 4349 1063 4418 ἱερὰν
1107 4348 1164 4401 δὲ
1205 4349 1350 4416 ζωὴν
1380 4345 1836 4416 προϐεϐλημένος,
1875 4349 1948 4400 εί-

2062 4349 2200 4416 ipsa,
2225 4347 2515 4402 Platonica:
2549 4347 2830 4401 doctrinae.
2856 4348 3008 4414 Quod
3041 4349 3086 4402 si
3117 4349 3350 4421 divinior
3407 4363 3491 4404 res
3517 4361 3621 4414 est,

389 4457 496 4510 περ
522 4457 604 4504 τις
627 4440 828 4509 ἕτερος.
845 4438 904 4492 '0
932 4438 1029 4508 μὲν
1051 4437 1144 4492 οὖν
1163 4438 1448 4499 Εὑπείθιος
1470 4437 1827 4508 εὐφυέστερος
1855 4439 1948 4510 μὲν

2061 4451 2120 4492 ιιι
2147 4447 2200 4491 tu
2236 4439 2339 4502 ais,
2386 4437 2576 4507 Hegia,
2611 4437 2807 4510 3491)
2859 4438 3096 4509 (dicebat
3137 4439 3208 4493 illi
3241 4439 3498 4511 Isidorus)
3540 4455 3626 4493 sa-

388 4531 622 4600 ιγένετο,
642 4531 710 4585 τὰ
737 4529 794 4585 δὲ
816 4528 923 4600 ἢθη
947 4531 1368 4600 ἐπισεσυρμένος
1391 4530 1470 4592 είς
1498 4528 1823 4598 ίδιωτισμὸν,
1847 4529 1946 4598 ἤδη

2055 4530 2345 4588 cerdotalis
2407 4532 2842 4596 administratio,
2897 4532 3036 4586 idem
3087 4546 3186 4603 ego
3245 4531 3480 4598 allirmo;
3529 4535 3624 4588 sed

1703 4681 1939 4738 VARUE
1979 4681 2387 4744 LECTIONES.

399 4811 417 4875 :A
463 4803 507 4834 ⁷⁸
545 4803 772 4875 χρῆσμα
805 4823 863 4870 ς.
927 4808 987 4875 7"”
1001 4806 1091 4857 τὸν
1129 4804 1186 4857 δὲ
1222 4803 1467 4875 βαίτυλον
1486 4803 1547 4857 Β.
1623 4804 1668 4835 ⁸⁸
1702 4806 1818 4875 τοῖς,
1846 4805 1888 4856 Α
1922 4821 1936 4856 :
1965 4803 2182 4870 καὶτοῖς
2211 4823 2270 4870 ς.
2306 4815 2426 4875 post
2455 4805 2634 4868 ἄλλοις
2663 4820 2770 4874 mg.
2803 4806 2841 4856 A
2875 4821 2889 4856 :
2923 4803 3052 4873 περὶ
3078 4804 3323 4875 τοιούτου
3347 4803 3622 4872 δαιμονίου

390 4869 790 4946 ἥκουσᾶᾼκᾶγὼ
923 4874 1128 4928 Ἐλλάδι
1171 4869 1345 4946 παρᾲμ
1359 4873 1464 4926 τῶν
1481 4876 1556 4946 ᾉέν
1585 4872 1823 4946 τοζςμτοῦ
1871 4875 2165 4946 Παρνασοῦ
2213 4869 2434 4946 μέρεσιν
2468 4869 2899 4946 ἐμφαινομένους
2932 4869 3059 4942 περὶ
3085 4869 3146 4928 οὗ
3179 4869 3464 4946 καὶ-ἓτερά
3503 4889 3625 4946 τινα

391 4943 793 5013 παραδοξότερα
819 4944 1022 5010 ἔλεγον,
1049 4941 1266 5013 σιωπῆς
1279 4943 1402 5006 ἄξια
1428 4942 1629 5013 μᾶλλον
1703 4941 2054 5013 άφηγήσεως.
2086 5011 2110 5013 _
2127 4943 2171 4976 ⁸¹
2201 4941 2376 5013 ἀφιεὶς
2398 4941 2513 5013 om:
2535 4941 2594 4997 C.
2673 4941 3044 5013 ’ξάνέϐλεπεν
3065 4961 3125 5008 ς.
3202 4943 3246 4974 ⁸³
3277 4941 3528 5013 δρώντων
3562 4941 3622 4995 Β.

391 5011 438 5041 ⁸⁸
468 5007 632 5079 φησὶν
662 5009 704 5063 Β
728 5007 748 5065 ἰ
769 5007 932 5078 φασὶν
955 5030 1017 5076 ς.
1090 5012 1135 5043 ⁸⁸
1151 5007 1440 5090 patens;
1460 5030 1520 5075 ς.
1540 5079 1566 5090 η
1587 5012 1634 5043 ⁸³
1665 5007 1848 5084 ἁλοὺς]
1878 5007 2053 5075 άλλως
2083 5011 2145 5066 Β.
2221 5007 2264 5044 ’ξ
2290 5012 2460 5092 ῶνΑξ
2483 5007 2550 5082 ἦν
2574 5029 2634 5074 ς,
2710 5011 2756 5043 ⁸⁸
2774 5010 3087 5080 πληκτικῶν
3113 5013 3156 5066 Α
3180 5029 3197 5066 :
3231 5007 3522 5065 πολιτικῶν
3561 5027 3623 5072 ς.

392 5080 438 5112 ⁸⁸
473 5097 531 5131 τε
562 5086 602 5132 Α
647 5099 660 5134 :
692 5082 811 5132 τότε
857 5098 916 5134 ς.
1009 5082 1057 5112 ⁹⁰
1086 5098 1179 5132 του
1213 5081 1254 5132 Α
1299 5097 1312 5133 :
1353 5083 1446 5134 καὶ
1475 5097 1567 5132 του
1601 5098 1661 5134 ς.
1751 5081 1795 5112 ’ί
1838 5083 1896 5132 οὐ
1933 5083 2055 5134 add.
2086 5081 2151 5134 A.
2244 5083 2290 5114 ⁸⁸
2331 5081 2508 5134 malint
2537 5079 2935 5134 ὲγανυσκὸμην.
3010 5080 3054 5112 ⁸³
3078 5081 3164 5134 ἀεὶ
3204 5095 3312 5134 om.
3355 5081 3414 5132 Β.
3491 5080 3538 5111 ⁸⁸
3565 5079 3627 5130 τὸ

393 5086 438 5112 ⁵⁸
473 5097 531 5131 τε
562 5086 602 5132 Α
647 5099 660 5135 :
692 5086 811 5132 τότε
857 5098 916 5144 ς.
1009 5086 1057 5112 π
1086 5086 1179 5132 τοῦ
1213 5086 1254 5132 Δ
1299 5097 1312 5133 :
1353 5086 1446 5134 καὶ
1475 5086 1567 5132 τοῦ
1601 5098 1661 5143 ς.
1751 5086 1795 5112 ἰ
1838 5086 1896 5132 οὐ
1933 5086 2055 5134 add.
2086 5086 2151 5135 A.
2244 5086 2290 5114 "
2331 5086 2508 5134 malim
2537 5086 2935 5150 ὲγανυσκόμην.
3010 5086 3054 5112 ’³
3078 5086 3164 5134 ἀεὶ
3204 5095 3312 5136 om.
3355 5086 3414 5132 Β.
3491 5086 3538 5111 ’δ
3565 5086 3623 5130 τὸ

393 5147 552 5227 σῶμα
589 5167 648 5214 ς.
723 5149 768 5182 ³⁵
795 5149 1177 5237 κινδυνερσειν.
1215 5148 1348 5201 ἀλλὰ
1369 5149 1542 5228 τούτῳ
1570 5148 1630 5202 Β.
1703 5149 1750 5181 ⁵⁸
1782 5148 1890 5235 ςρα
1921 5151 2120 5220 δεῖγμα
2146 5149 2192 5204 Α
2231 5167 2246 5232 ξ
2276 5150 2622 5222 παράδειγμα
2637 5167 2711 5230 ος.
2814 5149 2856 5180 ’τ
2887 5149 3208 5233 κρήδεμνον.
3305 5150 3353 5183 ’⁸
3381 5147 3578 5272 ἓψἈϐ
3607 5164 3623 5200 :

393 5234 486 5270 του
515 5236 574 5272 ς’.
606 5220 665 5271 τὸ
699 5221 776 5272 ὁω
803 5215 957 5272 οἶμαι
988 5218 1188 5272 ωοαίου
1221 5217 1253 5272 ἢ
1287 5219 1432 5272 ἱερου
1453 5219 1559 5271 δεῖν
1594 5221 2056 5272 ἀναγινώσκεσθαι
2112 5220 2374 5272 Maxumus
2411 5219 2737 5272 Marguntus.
2839 5219 2884 5250 ⁹⁹
2924 5220 3206 5272 ἡμιτυϐιον
3237 5233 3345 5272 om.
3427 5258 3442 5272 .
3490 5220 3623 5272 ἡμι-

391 5215 492 5290 τοῆ
515 5220 665 5290 garb
699 5221 776 5290 ρω
803 5215 957 5288 οἶμαι
988 5218 1188 5289 ὡραίου
1287 5217 1432 5290 ἱεροῦ
1453 5215 1559 5271 δεῖν
1587 5215 2056 5290 Δἀναγινώσκεσθαι]
2112 5215 2374 5290 Maximus
2411 5215 2737 5290 Margunius.
2791 5285 2814 5290 _
2839 5219 2884 5290 "_’
2924 5215 3345 5290 hillTlJGLBlLom.
3373 5215 3625 5290 3;:th-

391 5285 662 5358 ¢t36tov]ﬂ_
687 5285 912 5358 τύμϐιον
943 5290 1008 5342 Δ.
1036 5285 1048 5289 “
1086 5285 1253 5358 Mcf.
1287 5285 1560 5358 Sttidasv.
1583 5287 1871 5358 Ἀρχιάδας
1892 5299 1942 5342 et
1967 5289 2250 5358 Εὐπείθιος
2285 5300 2334 5342 et
2359 5285 2561 5358 Ἦγίαξ
2587 5305 2600 5341 :
2633 5289 2772 5342 nnde
2791 5285 3042 5358 Leicliius
3070 5304 3120 5356 p.
3142 5287 3240 5343 XX
3281 5290 3311 5342 ὁ
3339 5289 3396 5342 δὲ
3434 5287 3627 5355 Ἦγιας

392 5353 458 5408 τὺ
489 5353 598 5426 μὲν
621 5353 740 5411 ὂλον
757 5353 856 5410 τοῦ
891 5357 1094 5428 πατρὸς
1134 5355 1412 5428 Ἀρχιάδου
1447 5357 1568 5410 οὐκ.
1643 5353 1664 5389 ⁵
1686 5353 1906 5410 ’πολλῶν
1936 5357 2134 5430 ἄλλων]
2158 5359 2266 5411 τῶν
2294 5353 2504 5412 πολλῶν
2533 5357 2726 5412 Suidas
2754 5371 2807 5410 v.
2841 5353 3146 5421 Εὑπείθιος.

1946 5489 2170 5545 NOTAE.

469 5580 582 5652 (28)
615 5584 873 5643 Arcltidas
894 5585 1078 5656 Hegia.
1120 5587 1250 5641 Vide
1282 5585 1522 5640 Suidam.
2140 5581 2252 5652 (29)
2287 5582 2473 5638 Marini
2504 5596 2785 5640 successor
2806 5579 3061 5636 lsidorus.
