  <div class='ocr_page' id='page_1' title='image "/cluster/home/n/w/nwhite01/storage/ocr_20150623/103 pt.3/mdp.39015061933738/665.png"; bbox 0 0 3990 6232; ppageno 0'>
   <div class='ocr_carea' id='block_1_1' title="bbox 383 261 1952 335">
    <p class='ocr_par' dir='ltr' id='par_1_1' title="bbox 383 267 1952 335">
     <span class='ocr_line' id='line_1_1' title="bbox 383 267 1952 335; baseline -0.006 -2"><span class='ocrx_word' id='word_1_1' title='bbox 383 269 520 335; x_wconf 76' lang='grc'>1295</span> <span class='ocrx_word' id='word_1_2' title='bbox 1522 267 1786 330; x_wconf 86' lang='grc' dir='ltr'>ΡΗΟΤΙΙ</span> <span class='ocrx_word' id='word_1_3' title='bbox 1828 267 1952 326; x_wconf 82' lang='lat' dir='ltr'>PA&#39;]</span> 
     </span>
    </p>
   </div>
   <div class='ocr_carea' id='block_1_2' title="bbox 2054 261 3631 335">
    <p class='ocr_par' dir='ltr' id='par_1_2' title="bbox 2054 261 3631 327">
     <span class='ocr_line' id='line_1_2' title="bbox 2054 261 3631 327; baseline 0.001 -4"><span class='ocrx_word' id='word_1_4' title='bbox 2054 262 2337 325; x_wconf 66' lang='lat' dir='ltr'>LARCHE</span> <span class='ocrx_word' id='word_1_5' title='bbox 2376 265 2483 325; x_wconf 68' lang='grc' dir='ltr'>(ΣΡ.</span> <span class='ocrx_word' id='word_1_6' title='bbox 3161 291 3163 294; x_wconf 43' lang='grc'><em>⁴</em></span> <span class='ocrx_word' id='word_1_7' title='bbox 3490 261 3631 327; x_wconf 72' lang='grc'>1296</span> 
     </span>
    </p>
   </div>
   <div class='ocr_carea' id='block_1_3' title="bbox 374 377 1952 452">
    <p class='ocr_par' dir='ltr' id='par_1_3' title="bbox 374 385 1944 452">
     <span class='ocr_line' id='line_1_3' title="bbox 374 385 1944 452; baseline -0.001 -16"><span class='ocrx_word' id='word_1_8' title='bbox 374 388 606 452; x_wconf 77' lang='lat' dir='ltr'><strong>primum</strong></span> <span class='ocrx_word' id='word_1_9' title='bbox 650 385 899 442; x_wconf 80' lang='lat' dir='ltr'>homines</span> <span class='ocrx_word' id='word_1_10' title='bbox 949 399 1070 440; x_wconf 89' lang='lat' dir='ltr'><strong>esse</strong></span> <span class='ocrx_word' id='word_1_11' title='bbox 1117 386 1246 441; x_wconf 87' lang='lat' dir='ltr'><strong>deos</strong></span> <span class='ocrx_word' id='word_1_12' title='bbox 1292 385 1506 439; x_wconf 83' lang='lat' dir='ltr'><strong>futuros</strong></span> <span class='ocrx_word' id='word_1_13' title='bbox 1574 397 1800 438; x_wconf 88' lang='lat' dir='ltr'><strong>necesse</strong></span> <span class='ocrx_word' id='word_1_14' title='bbox 1840 389 1944 436; x_wconf 90' lang='lat' dir='ltr'><strong>est.</strong></span> 
     </span>
    </p>
   </div>
   <div class='ocr_carea' id='block_1_4' title="bbox 2054 377 3632 452">
    <p class='ocr_par' dir='ltr' id='par_1_4' title="bbox 2054 377 3632 450">
     <span class='ocr_line' id='line_1_4' title="bbox 2054 377 3632 450; baseline -0.004 -15"><span class='ocrx_word' id='word_1_15' title='bbox 2054 381 2138 435; x_wconf 71' lang='grc' dir='ltr'>δέδ</span> <span class='ocrx_word' id='word_1_16' title='bbox 2168 382 2261 434; x_wconf 75' lang='grc' dir='ltr'>καὶ</span> <span class='ocrx_word' id='word_1_17' title='bbox 2302 379 2648 449; x_wconf 74' lang='grc' dir='ltr'>ἀτοπώτερον</span> <span class='ocrx_word' id='word_1_18' title='bbox 2689 378 2827 448; x_wconf 80' lang='grc' dir='ltr'>έχων</span> <span class='ocrx_word' id='word_1_19' title='bbox 2876 380 2909 450; x_wconf 79' lang='grc' dir='ltr'>ἢ</span> <span class='ocrx_word' id='word_1_20' title='bbox 2955 379 3074 433; x_wconf 88' lang='grc' dir='ltr'>κατ’</span> <span class='ocrx_word' id='word_1_21' title='bbox 3110 377 3345 448; x_wconf 76' lang='grc' dir='ltr'>ἰδιώτην.</span> <span class='ocrx_word' id='word_1_22' title='bbox 3364 377 3632 430; x_wconf 81' lang='grc' dir='ltr'>’Δσθενῶν</span> 
     </span>
    </p>
   </div>
   <div class='ocr_carea' id='block_1_5' title="bbox 374 467 1952 550">
    <p class='ocr_par' dir='ltr' id='par_1_5' title="bbox 374 475 1950 550">
     <span class='ocr_line' id='line_1_5' title="bbox 374 475 1950 550; baseline -0.002 -17"><span class='ocrx_word' id='word_1_23' title='bbox 374 477 604 550; x_wconf 76' lang='lat' dir='ltr'>Ideoque</span> <span class='ocrx_word' id='word_1_24' title='bbox 634 487 689 534; x_wconf 92' lang='lat' dir='ltr'>et</span> <span class='ocrx_word' id='word_1_25' title='bbox 715 479 866 534; x_wconf 90' lang='lat' dir='ltr'><strong>Plato</strong></span> <span class='ocrx_word' id='word_1_26' title='bbox 888 479 1023 533; x_wconf 80' lang='lat' dir='ltr'><strong>dixit</strong></span> <span class='ocrx_word' id='word_1_27' title='bbox 1051 477 1225 546; x_wconf 85' lang='lat' dir='ltr'><strong>majus</strong></span> <span class='ocrx_word' id='word_1_28' title='bbox 1243 481 1440 532; x_wconf 86' lang='lat' dir='ltr'><strong>bonum</strong></span> <span class='ocrx_word' id='word_1_29' title='bbox 1466 476 1670 531; x_wconf 88' lang='lat' dir='ltr'><strong>homini</strong></span> <span class='ocrx_word' id='word_1_30' title='bbox 1700 475 1950 530; x_wconf 89' lang='lat' dir='ltr'><strong>accidere</strong></span> 
     </span>
    </p>
   </div>
   <div class='ocr_carea' id='block_1_6' title="bbox 2054 467 3632 550">
    <p class='ocr_par' dir='ltr' id='par_1_6' title="bbox 2054 467 3632 540">
     <span class='ocr_line' id='line_1_6' title="bbox 2054 467 3632 540; baseline -0.004 -15"><span class='ocrx_word' id='word_1_31' title='bbox 2054 470 2213 534; x_wconf 84' lang='grc' dir='ltr'>αὐτὸς</span> <span class='ocrx_word' id='word_1_32' title='bbox 2244 469 2306 522; x_wconf 81' lang='grc' dir='ltr'>τὸ</span> <span class='ocrx_word' id='word_1_33' title='bbox 2344 468 2506 539; x_wconf 87' lang='grc' dir='ltr'>σῶμα</span> <span class='ocrx_word' id='word_1_34' title='bbox 2553 468 2648 522; x_wconf 74' lang='grc' dir='ltr'>καὶ</span> <span class='ocrx_word' id='word_1_35' title='bbox 2684 468 2746 521; x_wconf 84' lang='grc' dir='ltr'>οὐ</span> <span class='ocrx_word' id='word_1_36' title='bbox 2779 468 2972 540; x_wconf 74' lang='grc' dir='ltr'>πόρρω</span> <span class='ocrx_word' id='word_1_37' title='bbox 3000 469 3190 522; x_wconf 80' lang='grc' dir='ltr'>τείνων</span> <span class='ocrx_word' id='word_1_38' title='bbox 3215 469 3467 522; x_wconf 86' lang='grc' dir='ltr'>θανάτου.</span> <span class='ocrx_word' id='word_1_39' title='bbox 3485 467 3543 521; x_wconf 90' lang='lat'>&#39;0</span> <span class='ocrx_word' id='word_1_40' title='bbox 3571 467 3632 519; x_wconf 78' lang='grc' dir='ltr'>δέ</span> 
     </span>
    </p>
   </div>
   <div class='ocr_carea' id='block_1_7' title="bbox 375 555 1952 638">
    <p class='ocr_par' dir='ltr' id='par_1_7' title="bbox 375 566 1951 638">
     <span class='ocr_line' id='line_1_7' title="bbox 375 566 1951 638; baseline 0.001 -19"><span class='ocrx_word' id='word_1_41' title='bbox 375 584 479 623; x_wconf 86' lang='lat' dir='ltr'>non</span> <span class='ocrx_word' id='word_1_42' title='bbox 511 582 691 638; x_wconf 83' lang='lat' dir='ltr'><strong>posse,</strong></span> <span class='ocrx_word' id='word_1_43' title='bbox 756 583 919 637; x_wconf 92' lang='lat' dir='ltr'><strong>quam</strong></span> <span class='ocrx_word' id='word_1_44' title='bbox 967 567 1388 638; x_wconf 81' lang='lat' dir='ltr'><strong>philosophiam.</strong></span> <span class='ocrx_word' id='word_1_45' title='bbox 1433 567 1538 622; x_wconf 86' lang='lat' dir='ltr'>Sed</span> <span class='ocrx_word' id='word_1_46' title='bbox 1591 567 1698 621; x_wconf 92' lang='lat' dir='ltr'>hoc</span> <span class='ocrx_word' id='word_1_47' title='bbox 1726 566 1951 636; x_wconf 76' lang='lat' dir='ltr'><strong>contigit</strong></span> 
     </span>
    </p>
   </div>
   <div class='ocr_carea' id='block_1_8' title="bbox 2054 555 3636 638">
    <p class='ocr_par' dir='ltr' id='par_1_8' title="bbox 2054 555 3636 630">
     <span class='ocr_line' id='line_1_8' title="bbox 2054 555 3636 630; baseline -0.002 -19"><span class='ocrx_word' id='word_1_48' title='bbox 2054 559 2185 630; x_wconf 79' lang='grc' dir='ltr'>πρὸς</span> <span class='ocrx_word' id='word_1_49' title='bbox 2219 558 2320 629; x_wconf 81' lang='grc' dir='ltr'>μὲν</span> <span class='ocrx_word' id='word_1_50' title='bbox 2341 558 2405 612; x_wconf 79' lang='grc' dir='ltr'>τὸ</span> <span class='ocrx_word' id='word_1_51' title='bbox 2437 557 2752 627; x_wconf 73' lang='grc' dir='ltr'>παραυτίκα</span> <span class='ocrx_word' id='word_1_52' title='bbox 2781 555 3058 627; x_wconf 81' lang='grc' dir='ltr'>δυσχερῶς</span> <span class='ocrx_word' id='word_1_53' title='bbox 3078 557 3277 626; x_wconf 69' lang='grc' dir='ltr'>ἤκουσε</span> <span class='ocrx_word' id='word_1_54' title='bbox 3305 556 3403 627; x_wconf 82' lang='grc' dir='ltr'>τῆς</span> <span class='ocrx_word' id='word_1_55' title='bbox 3432 555 3636 609; x_wconf 80' lang='grc' dir='ltr'>ἀπολο-</span> 
     </span>
    </p>
   </div>
   <div class='ocr_carea' id='block_1_9' title="bbox 370 647 1952 731">
    <p class='ocr_par' dir='ltr' id='par_1_9' title="bbox 370 657 1948 731">
     <span class='ocr_line' id='line_1_9' title="bbox 370 657 1948 731; baseline -0.001 -17"><span class='ocrx_word' id='word_1_56' title='bbox 370 674 514 714; x_wconf 85' lang='lat' dir='ltr'><strong>nunc</strong></span> <span class='ocrx_word' id='word_1_57' title='bbox 538 667 685 714; x_wconf 90' lang='lat' dir='ltr'><strong>stare</strong></span> <span class='ocrx_word' id='word_1_58' title='bbox 723 658 833 731; x_wconf 81' lang='lat'>(50)</span> <span class='ocrx_word' id='word_1_59' title='bbox 866 660 917 713; x_wconf 91' lang='lat' dir='ltr'>in</span> <span class='ocrx_word' id='word_1_60' title='bbox 947 660 1083 721; x_wconf 84' lang='lat' dir='ltr'><strong>acie,</strong></span> <span class='ocrx_word' id='word_1_61' title='bbox 1112 674 1215 714; x_wconf 90' lang='lat' dir='ltr'>non</span> <span class='ocrx_word' id='word_1_62' title='bbox 1257 661 1556 722; x_wconf 55' lang='lat' dir='ltr'><strong>novaculae,</strong></span> <span class='ocrx_word' id='word_1_63' title='bbox 1606 659 1699 713; x_wconf 90' lang='lat' dir='ltr'>sed</span> <span class='ocrx_word' id='word_1_64' title='bbox 1747 657 1948 712; x_wconf 57' lang='lat' dir='ltr'><strong>ultimas</strong></span> 
     </span>
    </p>
   </div>
   <div class='ocr_carea' id='block_1_10' title="bbox 2054 647 3630 731">
    <p class='ocr_par' dir='ltr' id='par_1_10' title="bbox 2054 647 3630 723">
     <span class='ocr_line' id='line_1_10' title="bbox 2054 647 3630 723; baseline -0.002 -18"><span class='ocrx_word' id='word_1_65' title='bbox 2054 652 2171 721; x_wconf 86' lang='grc' dir='ltr'>γίας</span> <span class='ocrx_word' id='word_1_66' title='bbox 2193 691 2209 717; x_wconf 94' lang='grc'>,</span> <span class='ocrx_word' id='word_1_67' title='bbox 2244 651 2339 705; x_wconf 80' lang='grc' dir='ltr'>ἆτε</span> <span class='ocrx_word' id='word_1_68' title='bbox 2379 650 2466 723; x_wconf 83' lang='grc' dir='ltr'>[δὴ</span> <span class='ocrx_word' id='word_1_69' title='bbox 2482 649 2526 722; x_wconf 85' lang='grc'>⁵]</span> <span class='ocrx_word' id='word_1_70' title='bbox 2570 649 2645 720; x_wconf 82' lang='grc' dir='ltr'>μὴ</span> <span class='ocrx_word' id='word_1_71' title='bbox 2681 650 2799 704; x_wconf 88' lang='grc' dir='ltr'>κατ’</span> <span class='ocrx_word' id='word_1_72' title='bbox 2832 647 3056 712; x_wconf 79' lang='grc' dir='ltr'>ἐλπίδας</span> <span class='ocrx_word' id='word_1_73' title='bbox 3098 647 3246 718; x_wconf 83' lang='grc' dir='ltr'>αὐτῷ</span> <span class='ocrx_word' id='word_1_74' title='bbox 3277 648 3630 719; x_wconf 80' lang='grc' dir='ltr'>πραττούσης</span> 
     </span>
    </p>
   </div>
   <div class='ocr_carea' id='block_1_11' title="bbox 376 737 1952 822">
    <p class='ocr_par' dir='ltr' id='par_1_11' title="bbox 376 751 1946 822">
     <span class='ocr_line' id='line_1_11' title="bbox 376 751 1946 822; baseline -0.001 -19"><span class='ocrx_word' id='word_1_75' title='bbox 376 765 564 806; x_wconf 78' lang='lat' dir='ltr'>revera</span> <span class='ocrx_word' id='word_1_76' title='bbox 587 753 908 807; x_wconf 75' lang='lat' dir='ltr'><strong>senectutis.</strong></span> <span class='ocrx_word' id='word_1_77' title='bbox 935 751 1226 820; x_wconf 76' lang='lat' dir='ltr'><strong>Ignorabat</strong></span> <span class='ocrx_word' id='word_1_78' title='bbox 1253 767 1313 808; x_wconf 86' lang='lat' dir='ltr'>se</span> <span class='ocrx_word' id='word_1_79' title='bbox 1344 753 1561 822; x_wconf 79' lang='lat' dir='ltr'><strong>aggredi</strong></span> <span class='ocrx_word' id='word_1_80' title='bbox 1583 752 1649 805; x_wconf 85' lang='lat' dir='ltr'>ad</span> <span class='ocrx_word' id='word_1_81' title='bbox 1670 753 1946 819; x_wconf 75' lang='lat' dir='ltr'><strong>corrigen-</strong></span> 
     </span>
    </p>
   </div>
   <div class='ocr_carea' id='block_1_12' title="bbox 2054 737 3632 822">
    <p class='ocr_par' dir='ltr' id='par_1_12' title="bbox 2054 737 3632 812">
     <span class='ocr_line' id='line_1_12' title="bbox 2054 737 3632 812; baseline -0.004 -17"><span class='ocrx_word' id='word_1_82' title='bbox 2054 743 2146 812; x_wconf 82' lang='grc' dir='ltr'>τῆς</span> <span class='ocrx_word' id='word_1_83' title='bbox 2178 740 2526 810; x_wconf 83' lang='grc' dir='ltr'>ἀγαθοειδοῦς</span> <span class='ocrx_word' id='word_1_84' title='bbox 2563 738 2957 811; x_wconf 83' lang='grc' dir='ltr'>προαιρέσεως.</span> <span class='ocrx_word' id='word_1_85' title='bbox 2985 738 3226 792; x_wconf 80' lang='grc' dir='ltr'>Τοιαῦτα</span> <span class='ocrx_word' id='word_1_86' title='bbox 3255 738 3427 792; x_wconf 88' lang='grc' dir='ltr'>πολλά</span> <span class='ocrx_word' id='word_1_87' title='bbox 3455 737 3632 805; x_wconf 85' lang='grc' dir='ltr'>λέγων</span> 
     </span>
    </p>
   </div>
   <div class='ocr_carea' id='block_1_13' title="bbox 371 827 1952 918">
    <p class='ocr_par' dir='ltr' id='par_1_13' title="bbox 371 840 1938 912">
     <span class='ocr_line' id='line_1_13' title="bbox 371 840 1938 912; baseline -0.001 -16"><span class='ocrx_word' id='word_1_88' title='bbox 371 841 470 896; x_wconf 84' lang='lat' dir='ltr'>das</span> <span class='ocrx_word' id='word_1_89' title='bbox 500 855 587 898; x_wconf 88' lang='lat' dir='ltr'>res</span> <span class='ocrx_word' id='word_1_90' title='bbox 629 841 956 896; x_wconf 86' lang='lat' dir='ltr'><strong>incurabiles</strong></span> <span class='ocrx_word' id='word_1_91' title='bbox 987 851 1041 895; x_wconf 93' lang='lat' dir='ltr'>et</span> <span class='ocrx_word' id='word_1_92' title='bbox 1097 842 1486 912; x_wconf 89' lang='lat' dir='ltr'><strong>nequissimas,</strong></span> <span class='ocrx_word' id='word_1_93' title='bbox 1541 840 1674 895; x_wconf 87' lang='lat' dir='ltr'><strong>nihil</strong></span> <span class='ocrx_word' id='word_1_94' title='bbox 1705 840 1938 909; x_wconf 87' lang='lat' dir='ltr'><strong>amplius</strong></span> 
     </span>
    </p>
   </div>
   <div class='ocr_carea' id='block_1_14' title="bbox 2054 827 3634 918">
    <p class='ocr_par' dir='ltr' id='par_1_14' title="bbox 2054 827 3634 918">
     <span class='ocr_line' id='line_1_14' title="bbox 2054 827 3634 918; baseline -0.003 -32"><span class='ocrx_word' id='word_1_95' title='bbox 2054 850 2112 886; x_wconf 90' lang='grc' dir='ltr'>τε</span> <span class='ocrx_word' id='word_1_96' title='bbox 2151 833 2245 886; x_wconf 70' lang='grc' dir='ltr'>καὶ</span> <span class='ocrx_word' id='word_1_97' title='bbox 2279 832 2492 902; x_wconf 84' lang='grc' dir='ltr'>ἐπᾴδων</span> <span class='ocrx_word' id='word_1_98' title='bbox 2521 830 2704 885; x_wconf 73' lang='grc' dir='ltr'>ἔπεισε</span> <span class='ocrx_word' id='word_1_99' title='bbox 2736 832 2829 885; x_wconf 79' lang='grc' dir='ltr'>τὸν</span> <span class='ocrx_word' id='word_1_100' title='bbox 2862 831 3136 918; x_wconf 79' lang='grc' dir='ltr'>Ἰσίδωρον</span> <span class='ocrx_word' id='word_1_101' title='bbox 3156 832 3185 884; x_wconf 87' lang='grc' dir='ltr'>ό</span> <span class='ocrx_word' id='word_1_102' title='bbox 3214 829 3448 900; x_wconf 77' lang='grc' dir='ltr'>Μαρῖνος</span> <span class='ocrx_word' id='word_1_103' title='bbox 3475 827 3634 894; x_wconf 80' lang='grc' dir='ltr'>δέεα-</span> 
     </span>
    </p>
   </div>
   <div class='ocr_carea' id='block_1_15' title="bbox 378 920 1952 1000">
    <p class='ocr_par' dir='ltr' id='par_1_15' title="bbox 378 929 1947 1000">
     <span class='ocr_line' id='line_1_15' title="bbox 378 929 1947 1000; baseline -0.003 -14"><span class='ocrx_word' id='word_1_104' title='bbox 378 946 506 986; x_wconf 68' lang='lat' dir='ltr'><strong>vero</strong></span> <span class='ocrx_word' id='word_1_105' title='bbox 535 933 782 1000; x_wconf 88' lang='lat' dir='ltr'><strong>profecit.</strong></span> <span class='ocrx_word' id='word_1_106' title='bbox 807 933 942 987; x_wconf 85' lang='lat' dir='ltr'><strong>Vere</strong></span> <span class='ocrx_word' id='word_1_107' title='bbox 975 933 1214 995; x_wconf 75' lang='lat' dir='ltr'><strong>ineunte,</strong></span> <span class='ocrx_word' id='word_1_108' title='bbox 1259 942 1472 985; x_wconf 91' lang='lat' dir='ltr'><strong>mortuo</strong></span> <span class='ocrx_word' id='word_1_109' title='bbox 1515 929 1749 994; x_wconf 80' lang='lat' dir='ltr'><strong>Marino,</strong></span> <span class='ocrx_word' id='word_1_110' title='bbox 1779 929 1947 983; x_wconf 93' lang='lat' dir='ltr'><strong>voluit</strong></span> 
     </span>
    </p>
   </div>
   <div class='ocr_carea' id='block_1_16' title="bbox 2054 920 3636 1000">
    <p class='ocr_par' dir='ltr' id='par_1_16' title="bbox 2056 920 3636 993">
     <span class='ocr_line' id='line_1_16' title="bbox 2056 920 3636 993; baseline -0.003 -17"><span class='ocrx_word' id='word_1_111' title='bbox 2056 925 2180 976; x_wconf 88' lang='grc' dir='ltr'>σθαι</span> <span class='ocrx_word' id='word_1_112' title='bbox 2209 923 2271 975; x_wconf 85' lang='grc' dir='ltr'>τὸ</span> <span class='ocrx_word' id='word_1_113' title='bbox 2300 922 2559 993; x_wconf 82' lang='grc' dir='ltr'>ψήφισμα</span> <span class='ocrx_word' id='word_1_114' title='bbox 2587 923 2688 991; x_wconf 86' lang='grc' dir='ltr'>τῆς</span> <span class='ocrx_word' id='word_1_115' title='bbox 2713 923 2965 993; x_wconf 80' lang='grc' dir='ltr'>διαδοχῆς</span> <span class='ocrx_word' id='word_1_116' title='bbox 2985 938 2999 953; x_wconf 89' lang='grc'><strong>·</strong></span> <span class='ocrx_word' id='word_1_117' title='bbox 3033 924 3128 976; x_wconf 77' lang='grc' dir='ltr'>καὶ</span> <span class='ocrx_word' id='word_1_118' title='bbox 3156 920 3430 991; x_wconf 73' lang='grc' dir='ltr'>ἐψηφίσθη</span> <span class='ocrx_word' id='word_1_119' title='bbox 3456 920 3636 973; x_wconf 79' lang='grc' dir='ltr'>διάδο-</span> 
     </span>
    </p>
   </div>
   <div class='ocr_carea' id='block_1_17' title="bbox 377 1009 1952 1092">
    <p class='ocr_par' dir='ltr' id='par_1_17' title="bbox 377 1020 1949 1092">
     <span class='ocr_line' id='line_1_17' title="bbox 377 1020 1949 1092; baseline -0.003 -16"><span class='ocrx_word' id='word_1_120' title='bbox 377 1023 612 1078; x_wconf 73' lang='lat' dir='ltr'><strong>Isidorus</strong></span> <span class='ocrx_word' id='word_1_121' title='bbox 638 1022 882 1076; x_wconf 85' lang='lat' dir='ltr'><strong>Athenas</strong></span> <span class='ocrx_word' id='word_1_122' title='bbox 929 1024 1228 1088; x_wconf 86' lang='lat' dir='ltr'><strong>deserere;</strong></span> <span class='ocrx_word' id='word_1_123' title='bbox 1270 1020 1526 1075; x_wconf 86' lang='lat' dir='ltr'><strong>monebat</strong></span> <span class='ocrx_word' id='word_1_124' title='bbox 1559 1033 1737 1074; x_wconf 89' lang='lat' dir='ltr'><strong>autem</strong></span> <span class='ocrx_word' id='word_1_125' title='bbox 1765 1020 1949 1092; x_wconf 86' lang='lat' dir='ltr'><strong>Syria-</strong></span> 
     </span>
    </p>
   </div>
   <div class='ocr_carea' id='block_1_18' title="bbox 2054 1009 3632 1092">
    <p class='ocr_par' dir='ltr' id='par_1_18' title="bbox 2054 1009 3632 1085">
     <span class='ocr_line' id='line_1_18' title="bbox 2054 1009 3632 1085; baseline -0.002 -19"><span class='ocrx_word' id='word_1_126' title='bbox 2054 1031 2144 1085; x_wconf 90' lang='grc' dir='ltr'>χος</span> <span class='ocrx_word' id='word_1_127' title='bbox 2167 1013 2252 1066; x_wconf 79' lang='grc' dir='ltr'>ἐπ’</span> <span class='ocrx_word' id='word_1_128' title='bbox 2277 1013 2546 1082; x_wconf 81' lang='grc' dir='ltr'>ἀξιώματι</span> <span class='ocrx_word' id='word_1_129' title='bbox 2573 1014 2771 1084; x_wconf 83' lang='grc' dir='ltr'>μᾶλλον</span> <span class='ocrx_word' id='word_1_130' title='bbox 2792 1014 2825 1084; x_wconf 85' lang='grc' dir='ltr'><strong>ἢ</strong></span> <span class='ocrx_word' id='word_1_131' title='bbox 2850 1015 3135 1085; x_wconf 86' lang='grc' dir='ltr'>πράγματι</span> <span class='ocrx_word' id='word_1_132' title='bbox 3158 1012 3258 1082; x_wconf 82' lang='grc' dir='ltr'>τῆς</span> <span class='ocrx_word' id='word_1_133' title='bbox 3277 1009 3632 1079; x_wconf 80' lang='grc' dir='ltr'>Πλατωνικῆς</span> 
     </span>
    </p>
   </div>
   <div class='ocr_carea' id='block_1_19' title="bbox 374 1092 1952 1179">
    <p class='ocr_par' dir='ltr' id='par_1_19' title="bbox 374 1107 1946 1179">
     <span class='ocr_line' id='line_1_19' title="bbox 374 1107 1946 1179; baseline -0.004 -14"><span class='ocrx_word' id='word_1_134' title='bbox 374 1127 502 1166; x_wconf 86' lang='lat' dir='ltr'>num</span> <span class='ocrx_word' id='word_1_135' title='bbox 551 1119 606 1165; x_wconf 92' lang='lat' dir='ltr'>et</span> <span class='ocrx_word' id='word_1_136' title='bbox 650 1109 870 1179; x_wconf 78' lang='lat' dir='ltr'><strong>Hegiam</strong></span> <span class='ocrx_word' id='word_1_137' title='bbox 925 1108 1188 1175; x_wconf 85' lang='lat' dir='ltr'><strong>Isidorus,</strong></span> <span class='ocrx_word' id='word_1_138' title='bbox 1235 1123 1396 1176; x_wconf 90' lang='lat' dir='ltr'><strong>quam</strong></span> <span class='ocrx_word' id='word_1_139' title='bbox 1455 1108 1819 1163; x_wconf 82' lang='lat' dir='ltr'><strong>necessarium</strong></span> <span class='ocrx_word' id='word_1_140' title='bbox 1853 1107 1946 1169; x_wconf 88' lang='lat' dir='ltr'><strong>sit,</strong></span> 
     </span>
    </p>
   </div>
   <div class='ocr_carea' id='block_1_20' title="bbox 2054 1092 3633 1179">
    <p class='ocr_par' dir='ltr' id='par_1_20' title="bbox 2054 1092 3633 1176">
     <span class='ocr_line' id='line_1_20' title="bbox 2054 1092 3633 1176; baseline -0.002 -19"><span class='ocrx_word' id='word_1_141' title='bbox 2054 1103 2374 1174; x_wconf 67' lang='grc' dir='ltr'>ἐξηγήσεως.</span> <span class='ocrx_word' id='word_1_142' title='bbox 2422 1101 2488 1156; x_wconf 80' lang='lat' dir='ltr'><strong>El</strong></span> <span class='ocrx_word' id='word_1_143' title='bbox 2539 1101 2597 1156; x_wconf 88' lang='grc' dir='ltr'>δέ</span> <span class='ocrx_word' id='word_1_144' title='bbox 2632 1102 2906 1176; x_wconf 89' lang='grc' dir='ltr'>θειότερον</span> <span class='ocrx_word' id='word_1_145' title='bbox 2955 1105 3143 1174; x_wconf 84' lang='grc' dir='ltr'>χρῆμα</span> <span class='ocrx_word' id='word_1_146' title='bbox 3167 1145 3180 1168; x_wconf 93' lang='grc'>,</span> <span class='ocrx_word' id='word_1_147' title='bbox 3219 1102 3296 1166; x_wconf 77' lang='grc' dir='ltr'>ὡς</span> <span class='ocrx_word' id='word_1_148' title='bbox 3330 1103 3394 1156; x_wconf 79' lang='grc' dir='ltr'>σὺ</span> <span class='ocrx_word' id='word_1_149' title='bbox 3427 1102 3556 1172; x_wconf 76' lang='grc' dir='ltr'>φῂς,</span> <span class='ocrx_word' id='word_1_150' title='bbox 3585 1092 3633 1154; x_wconf 82' lang='grc' dir='ltr'><strong>ὧ</strong></span> 
     </span>
    </p>
   </div>
   <div class='ocr_carea' id='block_1_21' title="bbox 372 1191 1952 1276">
    <p class='ocr_par' dir='ltr' id='par_1_21' title="bbox 372 1199 1414 1276">
     <span class='ocr_line' id='line_1_21' title="bbox 372 1199 1414 1276; baseline -0.007 -16"><span class='ocrx_word' id='word_1_151' title='bbox 372 1203 774 1276; x_wconf 85' lang='lat' dir='ltr'><strong>philosophiam</strong></span> <span class='ocrx_word' id='word_1_152' title='bbox 804 1201 1072 1254; x_wconf 75' lang='lat' dir='ltr'><strong>labentem</strong></span> <span class='ocrx_word' id='word_1_153' title='bbox 1105 1199 1414 1253; x_wconf 77' lang='lat' dir='ltr'><strong>restituere.</strong></span> 
     </span>
    </p>
   </div>
   <div class='ocr_carea' id='block_1_22' title="bbox 2054 1191 3632 1276">
    <p class='ocr_par' dir='ltr' id='par_1_22' title="bbox 2054 1191 3632 1264">
     <span class='ocr_line' id='line_1_22' title="bbox 2054 1191 3632 1264; baseline -0.003 -16"><span class='ocrx_word' id='word_1_154' title='bbox 2054 1194 2234 1264; x_wconf 86' lang='grc' dir='ltr'>Ἦγία,</span> <span class='ocrx_word' id='word_1_155' title='bbox 2281 1193 2438 1262; x_wconf 75' lang='grc' dir='ltr'>ἔλεγε</span> <span class='ocrx_word' id='word_1_156' title='bbox 2493 1197 2629 1264; x_wconf 78' lang='grc' dir='ltr'>πρὸς</span> <span class='ocrx_word' id='word_1_157' title='bbox 2680 1194 2844 1248; x_wconf 81' lang='grc' dir='ltr'>αὐτὸν</span> <span class='ocrx_word' id='word_1_158' title='bbox 2893 1196 2922 1248; x_wconf 86' lang='grc' dir='ltr'>ό</span> <span class='ocrx_word' id='word_1_159' title='bbox 2963 1195 3250 1264; x_wconf 87' lang='grc' dir='ltr'>Ἰσίδωρος,</span> <span class='ocrx_word' id='word_1_160' title='bbox 3292 1194 3327 1263; x_wconf 84' lang='grc' dir='ltr'>ή</span> <span class='ocrx_word' id='word_1_161' title='bbox 3383 1191 3632 1262; x_wconf 74' lang='grc' dir='ltr'>ίερατικὴ</span> 
     </span>
    </p>
   </div>
   <div class='ocr_carea' id='block_1_23' title="bbox 371 1282 3633 1376">
    <p class='ocr_par' dir='ltr' id='par_1_23' title="bbox 371 1282 3633 1376">
     <span class='ocr_line' id='line_1_23' title="bbox 371 1282 3633 1376; baseline -0.008 -17"><span class='ocrx_word' id='word_1_162' title='bbox 371 1305 745 1376; x_wconf 85' lang='grc' dir='ltr'>πραγματεία,</span> <span class='ocrx_word' id='word_1_163' title='bbox 773 1304 915 1373; x_wconf 75' lang='grc' dir='ltr'>φημὶ</span> <span class='ocrx_word' id='word_1_164' title='bbox 950 1304 1048 1372; x_wconf 78' lang='grc' dir='ltr'>μὲν</span> <span class='ocrx_word' id='word_1_165' title='bbox 1070 1301 1228 1355; x_wconf 82' lang='grc' dir='ltr'>τοῦτο</span> <span class='ocrx_word' id='word_1_166' title='bbox 1253 1299 1408 1371; x_wconf 85' lang='grc' dir='ltr'>κάγώ</span> <span class='ocrx_word' id='word_1_167' title='bbox 1424 1317 1437 1332; x_wconf 90' lang='grc'><strong>·</strong></span> <span class='ocrx_word' id='word_1_168' title='bbox 1463 1301 1600 1355; x_wconf 87' lang='grc' dir='ltr'>ἀλλά</span> <span class='ocrx_word' id='word_1_169' title='bbox 1625 1301 1839 1371; x_wconf 86' lang='grc' dir='ltr'>πρῶτον</span> <span class='ocrx_word' id='word_1_170' title='bbox 1867 1300 2186 1373; x_wconf 84' lang='grc' dir='ltr'>ἀνθρώπους</span> <span class='ocrx_word' id='word_1_171' title='bbox 2209 1300 2462 1367; x_wconf 88' lang='grc' dir='ltr'>γενέσθαι</span> <span class='ocrx_word' id='word_1_172' title='bbox 2486 1299 2611 1360; x_wconf 80' lang='grc' dir='ltr'>τοὺς</span> <span class='ocrx_word' id='word_1_173' title='bbox 2632 1294 2924 1364; x_wconf 73' lang='grc' dir='ltr'>ἐσομένους</span> <span class='ocrx_word' id='word_1_174' title='bbox 2983 1290 3138 1351; x_wconf 77' lang='grc' dir='ltr'>θεοὺς</span> <span class='ocrx_word' id='word_1_175' title='bbox 3159 1289 3258 1343; x_wconf 85' lang='grc' dir='ltr'>δεῖ.</span> <span class='ocrx_word' id='word_1_176' title='bbox 3320 1285 3419 1338; x_wconf 86' lang='grc' dir='ltr'>Διά</span> <span class='ocrx_word' id='word_1_177' title='bbox 3473 1282 3633 1336; x_wconf 77' lang='grc' dir='ltr'>τοῦτο</span> 
     </span>
    </p>
   </div>
   <div class='ocr_carea' id='block_1_24' title="bbox 375 1378 3634 1468">
    <p class='ocr_par' dir='ltr' id='par_1_24' title="bbox 375 1378 3634 1468">
     <span class='ocr_line' id='line_1_24' title="bbox 375 1378 3634 1468; baseline -0.007 -15"><span class='ocrx_word' id='word_1_178' title='bbox 375 1401 470 1453; x_wconf 70' lang='lat' dir='ltr'>ml.</span> <span class='ocrx_word' id='word_1_179' title='bbox 495 1401 525 1454; x_wconf 81' lang='grc' dir='ltr'>ὁ</span> <span class='ocrx_word' id='word_1_180' title='bbox 552 1401 777 1454; x_wconf 78' lang='grc' dir='ltr'>Πλάτων</span> <span class='ocrx_word' id='word_1_181' title='bbox 827 1399 931 1468; x_wconf 76' lang='grc' dir='ltr'>ἔφη</span> <span class='ocrx_word' id='word_1_182' title='bbox 987 1397 1061 1468; x_wconf 83' lang='grc' dir='ltr'>μὴ</span> <span class='ocrx_word' id='word_1_183' title='bbox 1094 1397 1269 1451; x_wconf 81' lang='grc' dir='ltr'>ἐλθεῖν</span> <span class='ocrx_word' id='word_1_184' title='bbox 1299 1399 1378 1461; x_wconf 84' lang='grc' dir='ltr'>είς</span> <span class='ocrx_word' id='word_1_185' title='bbox 1411 1395 1727 1466; x_wconf 86' lang='grc' dir='ltr'>ἀνθρώπους</span> <span class='ocrx_word' id='word_1_186' title='bbox 1762 1397 1946 1466; x_wconf 77' lang='grc' dir='ltr'>μεῖζον</span> <span class='ocrx_word' id='word_1_187' title='bbox 1982 1396 2189 1466; x_wconf 82' lang='grc' dir='ltr'>ἀγαθὸν</span> <span class='ocrx_word' id='word_1_188' title='bbox 2220 1395 2556 1464; x_wconf 83' lang='grc' dir='ltr'>φιλοσοφίας.</span> <span class='ocrx_word' id='word_1_189' title='bbox 2611 1391 2773 1446; x_wconf 84' lang='grc' dir='ltr'>Ἀλλά</span> <span class='ocrx_word' id='word_1_190' title='bbox 2810 1387 2968 1442; x_wconf 76' lang='grc' dir='ltr'>τοῦτο</span> <span class='ocrx_word' id='word_1_191' title='bbox 3013 1383 3326 1455; x_wconf 81' lang='grc' dir='ltr'>συμϐέϐηκε</span> <span class='ocrx_word' id='word_1_192' title='bbox 3405 1378 3501 1434; x_wconf 79' lang='grc' dir='ltr'>νῦν</span> <span class='ocrx_word' id='word_1_193' title='bbox 3539 1378 3634 1436; x_wconf 70' lang='grc' dir='ltr'>ἐπὶ</span> 
     </span>
    </p>
   </div>
   <div class='ocr_carea' id='block_1_25' title="bbox 373 1476 3631 1566">
    <p class='ocr_par' dir='ltr' id='par_1_25' title="bbox 373 1476 3631 1566">
     <span class='ocr_line' id='line_1_25' title="bbox 373 1476 3631 1566; baseline -0.007 -18"><span class='ocrx_word' id='word_1_194' title='bbox 373 1492 535 1566; x_wconf 80' lang='grc' dir='ltr'>ξυροῦ</span> <span class='ocrx_word' id='word_1_195' title='bbox 573 1493 788 1547; x_wconf 81' lang='grc' dir='ltr'>ἑστάναι</span> <span class='ocrx_word' id='word_1_196' title='bbox 811 1493 874 1546; x_wconf 84' lang='grc' dir='ltr'>οὐ</span> <span class='ocrx_word' id='word_1_197' title='bbox 909 1492 1012 1560; x_wconf 84' lang='grc' dir='ltr'>τῆς</span> <span class='ocrx_word' id='word_1_198' title='bbox 1053 1492 1266 1562; x_wconf 83' lang='grc' dir='ltr'>ἀκμῆς,</span> <span class='ocrx_word' id='word_1_199' title='bbox 1296 1492 1389 1546; x_wconf 83' lang='grc' dir='ltr'>τοῦ</span> <span class='ocrx_word' id='word_1_200' title='bbox 1416 1495 1474 1547; x_wconf 79' lang='grc' dir='ltr'>δὲ</span> <span class='ocrx_word' id='word_1_201' title='bbox 1504 1494 1736 1564; x_wconf 78' lang='grc' dir='ltr'>ἐσχάτου</span> <span class='ocrx_word' id='word_1_202' title='bbox 1761 1495 1944 1564; x_wconf 85' lang='grc' dir='ltr'>γήρως</span> <span class='ocrx_word' id='word_1_203' title='bbox 1982 1494 2056 1557; x_wconf 87' lang='grc' dir='ltr'>ὡς</span> <span class='ocrx_word' id='word_1_204' title='bbox 2085 1492 2317 1564; x_wconf 88' lang='grc' dir='ltr'>ἀληθῶς.</span> <span class='ocrx_word' id='word_1_205' title='bbox 2336 1489 2628 1545; x_wconf 83' lang='grc' dir='ltr'>Ἐλάνθανε</span> <span class='ocrx_word' id='word_1_206' title='bbox 2676 1487 2734 1541; x_wconf 80' lang='grc' dir='ltr'>δὲ</span> <span class='ocrx_word' id='word_1_207' title='bbox 2778 1482 2970 1538; x_wconf 77' lang='grc' dir='ltr'>ἑαυτὸν</span> <span class='ocrx_word' id='word_1_208' title='bbox 3031 1477 3267 1534; x_wconf 83' lang='grc' dir='ltr'>ἀνίατα⁶</span> <span class='ocrx_word' id='word_1_209' title='bbox 3288 1565 3305 1566; x_wconf 24' lang='lat'><em>7</em></span> <span class='ocrx_word' id='word_1_210' title='bbox 3328 1476 3631 1546; x_wconf 74' lang='grc' dir='ltr'>πράγματι</span> 
     </span>
    </p>
   </div>
   <div class='ocr_carea' id='block_1_26' title="bbox 369 1565 3632 1657">
    <p class='ocr_par' dir='ltr' id='par_1_26' title="bbox 369 1565 3632 1657">
     <span class='ocr_line' id='line_1_26' title="bbox 369 1565 3632 1657; baseline -0.011 -4"><span class='ocrx_word' id='word_1_211' title='bbox 513 1585 702 1657; x_wconf 71' lang='grc' dir='ltr'>πόρῥω</span> <span class='ocrx_word' id='word_1_212' title='bbox 746 1582 1048 1654; x_wconf 77' lang='grc' dir='ltr'>μοχθηρίας</span> <span class='ocrx_word' id='word_1_213' title='bbox 1098 1582 1520 1653; x_wconf 76' lang='grc' dir='ltr'>προϐεϐηκότατ</span> <span class='ocrx_word' id='word_1_214' title='bbox 1586 1583 1980 1656; x_wconf 84' lang='grc' dir='ltr'>διορθώσασθαι</span> <span class='ocrx_word' id='word_1_215' title='bbox 2053 1585 2381 1656; x_wconf 84' lang='grc' dir='ltr'>ἐπιχειρῶν·</span> <span class='ocrx_word' id='word_1_216' title='bbox 2416 1581 2620 1654; x_wconf 70' lang='grc' dir='ltr'>ἦνυτεθ</span> <span class='ocrx_word' id='word_1_217' title='bbox 2665 1578 2722 1633; x_wconf 81' lang='grc' dir='ltr'>δὲ</span> <span class='ocrx_word' id='word_1_218' title='bbox 2757 1577 2907 1630; x_wconf 83' lang='grc' dir='ltr'>οὐδὲν</span> <span class='ocrx_word' id='word_1_219' title='bbox 2936 1572 3067 1627; x_wconf 70' lang='grc' dir='ltr'>ἐπὶθ</span> <span class='ocrx_word' id='word_1_220' title='bbox 3095 1565 3416 1640; x_wconf 57' lang='grc' dir='ltr'>πλέονΪΗρι</span> <span class='ocrx_word' id='word_1_221' title='bbox 3445 1567 3504 1620; x_wconf 83' lang='grc' dir='ltr'>δέ</span> <span class='ocrx_word' id='word_1_222' title='bbox 3531 1566 3632 1636; x_wconf 79' lang='grc' dir='ltr'>άρο</span> 
     </span>
    </p>
   </div>
   <div class='ocr_carea' id='block_1_27' title="bbox 371 1659 3631 1749">
    <p class='ocr_par' dir='ltr' id='par_1_27' title="bbox 371 1659 3631 1749">
     <span class='ocr_line' id='line_1_27' title="bbox 371 1659 3631 1749; baseline -0.006 -16"><span class='ocrx_word' id='word_1_223' title='bbox 371 1679 610 1749; x_wconf 86' lang='grc' dir='ltr'>χομένῳ,</span> <span class='ocrx_word' id='word_1_224' title='bbox 638 1677 733 1732; x_wconf 83' lang='grc' dir='ltr'>τοῦ</span> <span class='ocrx_word' id='word_1_225' title='bbox 779 1676 1026 1747; x_wconf 86' lang='grc' dir='ltr'>Μαρίνου</span> <span class='ocrx_word' id='word_1_226' title='bbox 1075 1675 1138 1728; x_wconf 80' lang='grc' dir='ltr'>τὸ</span> <span class='ocrx_word' id='word_1_227' title='bbox 1179 1676 1338 1747; x_wconf 89' lang='grc' dir='ltr'>σῶμα</span> <span class='ocrx_word' id='word_1_228' title='bbox 1383 1677 1760 1741; x_wconf 83' lang='grc' dir='ltr'>ἀπολιπόντος,</span> <span class='ocrx_word' id='word_1_229' title='bbox 1799 1677 2116 1731; x_wconf 81' lang='grc' dir='ltr'>ἐϐουλεύετο</span> <span class='ocrx_word' id='word_1_230' title='bbox 2151 1679 2249 1741; x_wconf 87' lang='grc' dir='ltr'>τὰς</span> <span class='ocrx_word' id='word_1_231' title='bbox 2287 1677 2518 1748; x_wconf 81' lang='grc' dir='ltr'>Ἀθήνας</span> <span class='ocrx_word' id='word_1_232' title='bbox 2550 1673 2838 1729; x_wconf 83' lang='grc' dir='ltr'>ἀπολιπεῖν</span> <span class='ocrx_word' id='word_1_233' title='bbox 2869 1671 2897 1723; x_wconf 85' lang='grc' dir='ltr'><strong>ὁ</strong></span> <span class='ocrx_word' id='word_1_234' title='bbox 2970 1665 3258 1736; x_wconf 89' lang='grc' dir='ltr'>Ἰσίδωρος.</span> <span class='ocrx_word' id='word_1_235' title='bbox 3295 1661 3534 1734; x_wconf 71' lang='grc' dir='ltr'>Παρῂνει</span> <span class='ocrx_word' id='word_1_236' title='bbox 3571 1659 3631 1714; x_wconf 69' lang='grc' dir='ltr'>δὲ</span> 
     </span>
    </p>
   </div>
   <div class='ocr_carea' id='block_1_28' title="bbox 372 1765 2999 1847">
    <p class='ocr_par' dir='ltr' id='par_1_28' title="bbox 372 1765 2999 1847">
     <span class='ocr_line' id='line_1_28' title="bbox 372 1765 2999 1847; baseline -0.006 -16"><span class='ocrx_word' id='word_1_237' title='bbox 372 1779 634 1845; x_wconf 84' lang='grc' dir='ltr'>Συριανδν</span> <span class='ocrx_word' id='word_1_238' title='bbox 658 1775 750 1827; x_wconf 72' lang='grc' dir='ltr'>καὶ</span> <span class='ocrx_word' id='word_1_239' title='bbox 783 1773 977 1842; x_wconf 83' lang='grc' dir='ltr'>Ἡγίαν</span> <span class='ocrx_word' id='word_1_240' title='bbox 1003 1773 1032 1824; x_wconf 88' lang='grc' dir='ltr'>ὁ</span> <span class='ocrx_word' id='word_1_241' title='bbox 1071 1772 1340 1844; x_wconf 82' lang='grc' dir='ltr'>Ἰσίδωρος</span> <span class='ocrx_word' id='word_1_242' title='bbox 1383 1772 1460 1836; x_wconf 84' lang='grc' dir='ltr'>ὡς</span> <span class='ocrx_word' id='word_1_243' title='bbox 1492 1774 1666 1847; x_wconf 86' lang='grc' dir='ltr'>χρεὼν</span> <span class='ocrx_word' id='word_1_244' title='bbox 1704 1773 1788 1844; x_wconf 78' lang='grc' dir='ltr'>εἴη</span> <span class='ocrx_word' id='word_1_245' title='bbox 1831 1774 2147 1843; x_wconf 79' lang='grc' dir='ltr'>φιλοσοφίαν</span> <span class='ocrx_word' id='word_1_246' title='bbox 2186 1773 2560 1846; x_wconf 81' lang='grc' dir='ltr'>ὑπορῤέουσαν</span> <span class='ocrx_word' id='word_1_247' title='bbox 2597 1765 2999 1824; x_wconf 84' lang='grc' dir='ltr'>ἀνασώσασθαι.</span> 
     </span>
    </p>
   </div>
   <div class='ocr_carea' id='block_1_29' title="bbox 376 1851 1952 1938">
    <p class='ocr_par' dir='ltr' id='par_1_29' title="bbox 376 1863 1950 1938">
     <span class='ocr_line' id='line_1_29' title="bbox 376 1863 1950 1938; baseline 0.001 -20"><span class='ocrx_word' id='word_1_248' title='bbox 376 1867 508 1932; x_wconf 71' lang='lat' dir='ltr'><strong>Qua:</strong></span> <span class='ocrx_word' id='word_1_249' title='bbox 560 1863 727 1918; x_wconf 75' lang='lat' dir='ltr'><strong>verbis</strong></span> <span class='ocrx_word' id='word_1_250' title='bbox 776 1874 966 1917; x_wconf 83' lang='lat' dir='ltr'><strong>ornata</strong></span> <span class='ocrx_word' id='word_1_251' title='bbox 1018 1865 1380 1938; x_wconf 67' lang='lat' dir='ltr'><strong>prwtermissa</strong></span> <span class='ocrx_word' id='word_1_252' title='bbox 1418 1875 1580 1938; x_wconf 61' lang='lat' dir='ltr'><strong>sunt,</strong></span> <span class='ocrx_word' id='word_1_253' title='bbox 1625 1883 1686 1921; x_wconf 85' lang='lat' dir='ltr'>ea</span> <span class='ocrx_word' id='word_1_254' title='bbox 1744 1884 1950 1922; x_wconf 78' lang='lat' dir='ltr'><strong>necesse</strong></span> 
     </span>
    </p>
   </div>
   <div class='ocr_carea' id='block_1_30' title="bbox 2054 1851 3631 1938">
    <p class='ocr_par' dir='ltr' id='par_1_30' title="bbox 2057 1851 3631 1938">
     <span class='ocr_line' id='line_1_30' title="bbox 2057 1851 3631 1938; baseline -0.012 -15"><span class='ocrx_word' id='word_1_255' title='bbox 2057 1872 2214 1923; x_wconf 86' lang='grc' dir='ltr'>Ὅσα</span> <span class='ocrx_word' id='word_1_256' title='bbox 2234 1868 2503 1938; x_wconf 80' lang='grc' dir='ltr'>παρεῖται</span> <span class='ocrx_word' id='word_1_257' title='bbox 2535 1867 2577 1897; x_wconf 84' lang='grc'>¹⁰</span> <span class='ocrx_word' id='word_1_258' title='bbox 2603 1863 2810 1938; x_wconf 38' lang='grc' dir='ltr'>χρεὼν,</span> <span class='ocrx_word' id='word_1_259' title='bbox 2849 1861 2979 1926; x_wconf 75' lang='grc' dir='ltr'>ταῖς</span> <span class='ocrx_word' id='word_1_260' title='bbox 3023 1855 3297 1938; x_wconf 59' lang='grc' dir='ltr'>ἐκλογαῖς</span> <span class='ocrx_word' id='word_1_261' title='bbox 3343 1851 3631 1908; x_wconf 77' lang='grc' dir='ltr'>συντετά-</span> 
     </span>
    </p>
   </div>
   <div class='ocr_carea' id='block_1_31' title="bbox 746 1928 1952 2007">
    <p class='ocr_par' dir='ltr' id='par_1_31' title="bbox 746 1928 1579 2005">
     <span class='ocr_line' id='line_1_31' title="bbox 746 1928 1579 2005; baseline 0.004 -18"><span class='ocrx_word' id='word_1_262' title='bbox 746 1942 960 1987; x_wconf 62' lang='lat' dir='ltr'><strong>astrum</strong></span> <span class='ocrx_word' id='word_1_263' title='bbox 1002 1928 1260 2001; x_wconf 62' lang='grc' dir='ltr'>ἐπι-πρίει</span> <span class='ocrx_word' id='word_1_264' title='bbox 1309 1928 1579 2005; x_wconf 70' lang='lat' dir='ltr'><strong>conjungi.</strong></span> 
     </span>
    </p>
   </div>
   <div class='ocr_carea' id='block_1_32' title="bbox 2054 1928 3274 2007">
    <p class='ocr_par' dir='ltr' id='par_1_32' title="bbox 2314 1928 3274 2007">
     <span class='ocr_line' id='line_1_32' title="bbox 2314 1928 3274 2007; baseline -0.017 -14"><span class='ocrx_word' id='word_1_265' title='bbox 2314 1928 2332 1938; x_wconf 80' lang='grc'><em>’</em></span> <span class='ocrx_word' id='word_1_266' title='bbox 2409 1941 2545 2007; x_wconf 84' lang='grc' dir='ltr'>χθαι</span> <span class='ocrx_word' id='word_1_267' title='bbox 2596 1928 2992 1989; x_wconf 73' lang='grc' dir='ltr'>ἇιῖιλλιέπειαν</span> <span class='ocrx_word' id='word_1_268' title='bbox 3038 1928 3274 1997; x_wconf 77' lang='grc' dir='ltr'>ἔχοντα.</span> 
     </span>
    </p>
   </div>
   <div class='ocr_carea' id='block_1_33' title="bbox 446 2023 1950 2093">
    <p class='ocr_par' dir='ltr' id='par_1_33' title="bbox 446 2023 1950 2093">
     <span class='ocr_line' id='line_1_33' title="bbox 446 2023 1950 2093; baseline -0.002 -13"><span class='ocrx_word' id='word_1_269' title='bbox 446 2025 549 2080; x_wconf 85' lang='lat' dir='ltr'>Per</span> <span class='ocrx_word' id='word_1_270' title='bbox 574 2033 746 2078; x_wconf 87' lang='lat' dir='ltr'><strong>artem</strong></span> <span class='ocrx_word' id='word_1_271' title='bbox 784 2023 1072 2093; x_wconf 83' lang='lat' dir='ltr'><strong>quamdam</strong></span> <span class='ocrx_word' id='word_1_272' title='bbox 1107 2023 1350 2088; x_wconf 86' lang='lat' dir='ltr'><strong>dubiam,</strong></span> <span class='ocrx_word' id='word_1_273' title='bbox 1382 2033 1436 2078; x_wconf 89' lang='lat' dir='ltr'>et</span> <span class='ocrx_word' id='word_1_274' title='bbox 1478 2035 1632 2078; x_wconf 86' lang='lat' dir='ltr'><strong>extra</strong></span> <span class='ocrx_word' id='word_1_275' title='bbox 1663 2024 1950 2078; x_wconf 79' lang='lat' dir='ltr'><strong>humanam</strong></span> 
     </span>
    </p>
   </div>
   <div class='ocr_carea' id='block_1_34' title="bbox 377 2114 1953 2188">
    <p class='ocr_par' dir='ltr' id='par_1_34' title="bbox 377 2114 1953 2188">
     <span class='ocr_line' id='line_1_34' title="bbox 377 2114 1953 2188; baseline -0.002 -15"><span class='ocrx_word' id='word_1_276' title='bbox 377 2133 531 2188; x_wconf 87' lang='lat' dir='ltr'><strong>spem</strong></span> <span class='ocrx_word' id='word_1_277' title='bbox 573 2115 946 2178; x_wconf 87' lang='lat' dir='ltr'><strong>constitutam,</strong></span> <span class='ocrx_word' id='word_1_278' title='bbox 993 2114 1050 2168; x_wconf 92' lang='lat' dir='ltr'>in</span> <span class='ocrx_word' id='word_1_279' title='bbox 1100 2115 1326 2169; x_wconf 83' lang='lat' dir='ltr'><strong>secretis</strong></span> <span class='ocrx_word' id='word_1_280' title='bbox 1367 2130 1565 2170; x_wconf 84' lang='lat' dir='ltr'><strong>arcana</strong></span> <span class='ocrx_word' id='word_1_281' title='bbox 1600 2131 1699 2185; x_wconf 92' lang='lat' dir='ltr'>pro</span> <span class='ocrx_word' id='word_1_282' title='bbox 1732 2131 1791 2170; x_wconf 92' lang='lat' dir='ltr'>se</span> <span class='ocrx_word' id='word_1_283' title='bbox 1822 2116 1953 2185; x_wconf 90' lang='lat' dir='ltr'><strong>ipsis</strong></span> 
     </span>
    </p>
   </div>
   <div class='ocr_carea' id='block_1_35' title="bbox 375 2205 1953 2279">
    <p class='ocr_par' dir='ltr' id='par_1_35' title="bbox 375 2205 1953 2279">
     <span class='ocr_line' id='line_1_35' title="bbox 375 2205 1953 2279; baseline -0.001 -17"><span class='ocrx_word' id='word_1_284' title='bbox 375 2209 569 2262; x_wconf 65' lang='lat' dir='ltr'><strong>divina:</strong></span> <span class='ocrx_word' id='word_1_285' title='bbox 597 2207 711 2274; x_wconf 78' lang='lat' dir='ltr'><strong>Spei</strong></span> <span class='ocrx_word' id='word_1_286' title='bbox 738 2215 1060 2275; x_wconf 68' lang='lat' dir='ltr'><strong>qumrentes,</strong></span> <span class='ocrx_word' id='word_1_287' title='bbox 1090 2216 1145 2260; x_wconf 91' lang='lat' dir='ltr'>et</span> <span class='ocrx_word' id='word_1_288' title='bbox 1179 2221 1276 2275; x_wconf 91' lang='lat' dir='ltr'>pro</span> <span class='ocrx_word' id='word_1_289' title='bbox 1308 2206 1431 2261; x_wconf 92' lang='lat' dir='ltr'><strong>aliis</strong></span> <span class='ocrx_word' id='word_1_290' title='bbox 1465 2205 1757 2279; x_wconf 63' lang='lat' dir='ltr'><strong>Egyptiis,</strong></span> <span class='ocrx_word' id='word_1_291' title='bbox 1788 2207 1953 2262; x_wconf 82' lang='lat' dir='ltr'><strong>totius</strong></span> 
     </span>
    </p>
   </div>
   <div class='ocr_carea' id='block_1_36' title="bbox 373 2297 1951 2368">
    <p class='ocr_par' dir='ltr' id='par_1_36' title="bbox 373 2297 1951 2368">
     <span class='ocr_line' id='line_1_36' title="bbox 373 2297 1951 2368; baseline -0.001 -14"><span class='ocrx_word' id='word_1_292' title='bbox 373 2299 602 2354; x_wconf 89' lang='lat' dir='ltr'><strong>ordinis.</strong></span> <span class='ocrx_word' id='word_1_293' title='bbox 637 2297 742 2352; x_wconf 90' lang='lat' dir='ltr'><strong>Sed</strong></span> <span class='ocrx_word' id='word_1_294' title='bbox 781 2297 908 2350; x_wconf 91' lang='lat' dir='ltr'><strong>hinc</strong></span> <span class='ocrx_word' id='word_1_295' title='bbox 947 2297 1192 2352; x_wconf 85' lang='lat' dir='ltr'><strong>alicunde</strong></span> <span class='ocrx_word' id='word_1_296' title='bbox 1227 2311 1256 2350; x_wconf 88' lang='lat' dir='ltr'>a</span> <span class='ocrx_word' id='word_1_297' title='bbox 1301 2297 1463 2352; x_wconf 89' lang='lat' dir='ltr'><strong>tertio</strong></span> <span class='ocrx_word' id='word_1_298' title='bbox 1489 2309 1634 2362; x_wconf 90' lang='lat' dir='ltr'><strong>ortu,</strong></span> <span class='ocrx_word' id='word_1_299' title='bbox 1672 2298 1764 2368; x_wconf 91' lang='lat' dir='ltr'>qui</span> <span class='ocrx_word' id='word_1_300' title='bbox 1806 2299 1951 2353; x_wconf 89' lang='lat' dir='ltr'><strong>circa</strong></span> 
     </span>
    </p>
   </div>
   <div class='ocr_carea' id='block_1_37' title="bbox 375 2387 1950 2458">
    <p class='ocr_par' dir='ltr' id='par_1_37' title="bbox 375 2387 1950 2458">
     <span class='ocr_line' id='line_1_37' title="bbox 375 2387 1950 2458; baseline -0.001 -15"><span class='ocrx_word' id='word_1_301' title='bbox 375 2389 634 2443; x_wconf 89' lang='lat' dir='ltr'><strong>mundum</strong></span> <span class='ocrx_word' id='word_1_302' title='bbox 684 2394 768 2442; x_wconf 91' lang='lat' dir='ltr'>est</span> <span class='ocrx_word' id='word_1_303' title='bbox 819 2387 986 2458; x_wconf 75' lang='lat' dir='ltr'><strong>ligare</strong></span> <span class='ocrx_word' id='word_1_304' title='bbox 1048 2387 1228 2442; x_wconf 83' lang='lat' dir='ltr'><strong>funem</strong></span> <span class='ocrx_word' id='word_1_305' title='bbox 1284 2398 1550 2443; x_wconf 63' lang='lat' dir='ltr'><strong>revocatas</strong></span> <span class='ocrx_word' id='word_1_306' title='bbox 1607 2389 1950 2444; x_wconf 89' lang='lat' dir='ltr'><strong>servationis.</strong></span> 
     </span>
    </p>
   </div>
   <div class='ocr_carea' id='block_1_38' title="bbox 377 2477 1949 2549">
    <p class='ocr_par' dir='ltr' id='par_1_38' title="bbox 377 2477 1949 2549">
     <span class='ocr_line' id='line_1_38' title="bbox 377 2477 1949 2549; baseline -0.002 -13"><span class='ocrx_word' id='word_1_307' title='bbox 377 2482 612 2536; x_wconf 84' lang='lat' dir='ltr'><strong>Severus</strong></span> <span class='ocrx_word' id='word_1_308' title='bbox 640 2478 900 2549; x_wconf 87' lang='lat' dir='ltr'><strong>patricius</strong></span> <span class='ocrx_word' id='word_1_309' title='bbox 936 2477 1215 2534; x_wconf 85' lang='lat' dir='ltr'><strong>Romanus</strong></span> <span class='ocrx_word' id='word_1_310' title='bbox 1248 2487 1304 2534; x_wconf 84' lang='lat' dir='ltr'>et</span> <span class='ocrx_word' id='word_1_311' title='bbox 1343 2479 1449 2533; x_wconf 89' lang='lat' dir='ltr'><strong>alia</strong></span> <span class='ocrx_word' id='word_1_312' title='bbox 1485 2479 1742 2534; x_wconf 87' lang='lat' dir='ltr'><strong>narrabat</strong></span> <span class='ocrx_word' id='word_1_313' title='bbox 1780 2480 1949 2534; x_wconf 88' lang='lat' dir='ltr'><strong>multa</strong></span> 
     </span>
    </p>
   </div>
   <div class='ocr_carea' id='block_1_39' title="bbox 375 2571 1953 2642">
    <p class='ocr_par' dir='ltr' id='par_1_39' title="bbox 375 2571 1953 2642">
     <span class='ocr_line' id='line_1_39' title="bbox 375 2571 1953 2642; baseline 0 -16"><span class='ocrx_word' id='word_1_314' title='bbox 375 2573 715 2628; x_wconf 76' lang='lat' dir='ltr'><strong>Alexandria:</strong></span> <span class='ocrx_word' id='word_1_315' title='bbox 769 2586 953 2640; x_wconf 77' lang='lat' dir='ltr'><strong>agens,</strong></span> <span class='ocrx_word' id='word_1_316' title='bbox 989 2579 1044 2625; x_wconf 91' lang='lat' dir='ltr'>et</span> <span class='ocrx_word' id='word_1_317' title='bbox 1091 2571 1322 2642; x_wconf 86' lang='lat' dir='ltr'><strong>lapidem</strong></span> <span class='ocrx_word' id='word_1_318' title='bbox 1363 2586 1422 2626; x_wconf 90' lang='lat' dir='ltr'>se</span> <span class='ocrx_word' id='word_1_319' title='bbox 1468 2572 1689 2637; x_wconf 82' lang='lat' dir='ltr'><strong>vidisse,</strong></span> <span class='ocrx_word' id='word_1_320' title='bbox 1743 2572 1795 2626; x_wconf 91' lang='lat' dir='ltr'>in</span> <span class='ocrx_word' id='word_1_321' title='bbox 1846 2586 1953 2642; x_wconf 91' lang='lat' dir='ltr'>quo</span> 
     </span>
    </p>
   </div>
   <div class='ocr_carea' id='block_1_40' title="bbox 379 2659 1951 2724">
    <p class='ocr_par' dir='ltr' id='par_1_40' title="bbox 379 2659 1951 2724">
     <span class='ocr_line' id='line_1_40' title="bbox 379 2659 1951 2724; baseline -0.001 -9"><span class='ocrx_word' id='word_1_322' title='bbox 379 2663 518 2716; x_wconf 73' lang='lat' dir='ltr'><strong>luna:</strong></span> <span class='ocrx_word' id='word_1_323' title='bbox 549 2669 702 2716; x_wconf 88' lang='lat' dir='ltr'><strong>erant</strong></span> <span class='ocrx_word' id='word_1_324' title='bbox 729 2671 1000 2715; x_wconf 80' lang='lat' dir='ltr'><strong>mutantes</strong></span> <span class='ocrx_word' id='word_1_325' title='bbox 1021 2661 1170 2715; x_wconf 88' lang='lat' dir='ltr'><strong>varie</strong></span> <span class='ocrx_word' id='word_1_326' title='bbox 1190 2662 1416 2715; x_wconf 81' lang='lat' dir='ltr'><strong>formam</strong></span> <span class='ocrx_word' id='word_1_327' title='bbox 1442 2663 1736 2716; x_wconf 81' lang='lat' dir='ltr'><strong>secundant</strong></span> <span class='ocrx_word' id='word_1_328' title='bbox 1759 2659 1951 2724; x_wconf 89' lang='lat' dir='ltr'><strong>solem,</strong></span> 
     </span>
    </p>
   </div>
   <div class='ocr_carea' id='block_1_41' title="bbox 375 2751 1954 2824">
    <p class='ocr_par' dir='ltr' id='par_1_41' title="bbox 375 2751 1954 2824">
     <span class='ocr_line' id='line_1_41' title="bbox 375 2751 1954 2824; baseline -0.003 -16"><span class='ocrx_word' id='word_1_329' title='bbox 375 2753 700 2824; x_wconf 87' lang='lat' dir='ltr'><strong>quandoque</strong></span> <span class='ocrx_word' id='word_1_330' title='bbox 747 2758 1075 2815; x_wconf 87' lang='lat' dir='ltr'><strong>crescentes,</strong></span> <span class='ocrx_word' id='word_1_331' title='bbox 1116 2752 1383 2806; x_wconf 88' lang='lat' dir='ltr'><strong>interdum</strong></span> <span class='ocrx_word' id='word_1_332' title='bbox 1426 2753 1837 2816; x_wconf 88' lang='lat' dir='ltr'><strong>decrescentes;</strong></span> <span class='ocrx_word' id='word_1_333' title='bbox 1871 2751 1954 2804; x_wconf 90' lang='lat' dir='ltr'><strong>la-</strong></span> 
     </span>
    </p>
   </div>
   <div class='ocr_carea' id='block_1_42' title="bbox 377 2840 1954 2913">
    <p class='ocr_par' dir='ltr' id='par_1_42' title="bbox 377 2840 1954 2913">
     <span class='ocr_line' id='line_1_42' title="bbox 377 2840 1954 2913; baseline -0.001 -16"><span class='ocrx_word' id='word_1_334' title='bbox 377 2844 488 2913; x_wconf 85' lang='lat' dir='ltr'><strong>pidi</strong></span> <span class='ocrx_word' id='word_1_335' title='bbox 519 2844 633 2912; x_wconf 88' lang='lat' dir='ltr'><strong>ipse</strong></span> <span class='ocrx_word' id='word_1_336' title='bbox 664 2841 830 2897; x_wconf 90' lang='lat' dir='ltr'><strong>etiam</strong></span> <span class='ocrx_word' id='word_1_337' title='bbox 863 2841 946 2895; x_wconf 92' lang='lat' dir='ltr'>sol</span> <span class='ocrx_word' id='word_1_338' title='bbox 967 2841 1162 2895; x_wconf 87' lang='lat' dir='ltr'><strong>iuerat.</strong></span> <span class='ocrx_word' id='word_1_339' title='bbox 1194 2840 1349 2897; x_wconf 86' lang='lat' dir='ltr'><strong>Unde</strong></span> <span class='ocrx_word' id='word_1_340' title='bbox 1375 2843 1626 2895; x_wconf 88' lang='lat' dir='ltr'><strong>dicuntur</strong></span> <span class='ocrx_word' id='word_1_341' title='bbox 1657 2841 1710 2895; x_wconf 90' lang='lat' dir='ltr'>hi</span> <span class='ocrx_word' id='word_1_342' title='bbox 1748 2842 1954 2910; x_wconf 84' lang='lat' dir='ltr'><strong>lapides</strong></span> 
     </span>
    </p>
   </div>
   <div class='ocr_carea' id='block_1_43' title="bbox 378 2931 1950 3003">
    <p class='ocr_par' dir='ltr' id='par_1_43' title="bbox 378 2931 1950 3003">
     <span class='ocr_line' id='line_1_43' title="bbox 378 2931 1950 3003; baseline -0.001 -15"><span class='ocrx_word' id='word_1_343' title='bbox 378 2933 646 3003; x_wconf 71' lang='lat' dir='ltr'><strong>synoditaa</strong></span> <span class='ocrx_word' id='word_1_344' title='bbox 677 2931 860 2986; x_wconf 86' lang='lat' dir='ltr'><strong>vocari</strong></span> <span class='ocrx_word' id='word_1_345' title='bbox 896 2949 911 2985; x_wconf 92' lang='lat'><strong>:</strong></span> <span class='ocrx_word' id='word_1_346' title='bbox 938 2939 992 2986; x_wconf 90' lang='lat' dir='ltr'>et</span> <span class='ocrx_word' id='word_1_347' title='bbox 1027 2931 1162 2986; x_wconf 81' lang='lat' dir='ltr'><strong>dixit</strong></span> <span class='ocrx_word' id='word_1_348' title='bbox 1195 2946 1252 2986; x_wconf 90' lang='lat' dir='ltr'>se</span> <span class='ocrx_word' id='word_1_349' title='bbox 1278 2931 1438 2986; x_wconf 90' lang='lat' dir='ltr'><strong>etiam</strong></span> <span class='ocrx_word' id='word_1_350' title='bbox 1463 2932 1692 2985; x_wconf 89' lang='lat' dir='ltr'><strong>solarem</strong></span> <span class='ocrx_word' id='word_1_351' title='bbox 1723 2933 1950 3000; x_wconf 83' lang='lat' dir='ltr'><strong>lapidem</strong></span> 
     </span>
    </p>
   </div>
   <div class='ocr_carea' id='block_1_44' title="bbox 377 3017 1954 3086">
    <p class='ocr_par' dir='ltr' id='par_1_44' title="bbox 377 3017 1954 3086">
     <span class='ocr_line' id='line_1_44' title="bbox 377 3017 1954 3086; baseline 0.003 -16"><span class='ocrx_word' id='word_1_352' title='bbox 377 3019 604 3082; x_wconf 83' lang='lat' dir='ltr'><strong>vidisse,</strong></span> <span class='ocrx_word' id='word_1_353' title='bbox 637 3033 742 3071; x_wconf 89' lang='lat' dir='ltr'>non</span> <span class='ocrx_word' id='word_1_354' title='bbox 785 3017 996 3086; x_wconf 88' lang='lat' dir='ltr'><strong>qualem</strong></span> <span class='ocrx_word' id='word_1_355' title='bbox 1035 3017 1188 3072; x_wconf 89' lang='lat' dir='ltr'><strong>multi</strong></span> <span class='ocrx_word' id='word_1_356' title='bbox 1230 3019 1482 3085; x_wconf 83' lang='lat' dir='ltr'><strong>vidimus,</strong></span> <span class='ocrx_word' id='word_1_357' title='bbox 1529 3020 1710 3074; x_wconf 88' lang='lat' dir='ltr'><strong>radios</strong></span> <span class='ocrx_word' id='word_1_358' title='bbox 1741 3036 1807 3074; x_wconf 84' lang='lat' dir='ltr'>ex</span> <span class='ocrx_word' id='word_1_359' title='bbox 1836 3036 1954 3076; x_wconf 84' lang='lat' dir='ltr'><strong>sese</strong></span> 
     </span>
    </p>
   </div>
   <div class='ocr_carea' id='block_1_45' title="bbox 378 3107 1952 3175">
    <p class='ocr_par' dir='ltr' id='par_1_45' title="bbox 378 3107 1952 3175">
     <span class='ocr_line' id='line_1_45' title="bbox 378 3107 1952 3175; baseline 0.003 -13"><span class='ocrx_word' id='word_1_360' title='bbox 378 3123 574 3164; x_wconf 88' lang='lat' dir='ltr'><strong>aureos</strong></span> <span class='ocrx_word' id='word_1_361' title='bbox 601 3107 989 3175; x_wconf 78' lang='lat' dir='ltr'><strong>effundentem,</strong></span> <span class='ocrx_word' id='word_1_362' title='bbox 1019 3111 1114 3164; x_wconf 90' lang='lat' dir='ltr'>sed</span> <span class='ocrx_word' id='word_1_363' title='bbox 1147 3109 1354 3164; x_wconf 88' lang='lat' dir='ltr'><strong>discum</strong></span> <span class='ocrx_word' id='word_1_364' title='bbox 1389 3109 1517 3164; x_wconf 86' lang='lat' dir='ltr'><strong>solis</strong></span> <span class='ocrx_word' id='word_1_365' title='bbox 1551 3109 1722 3165; x_wconf 89' lang='lat' dir='ltr'><strong>forma</strong></span> <span class='ocrx_word' id='word_1_366' title='bbox 1753 3111 1807 3164; x_wconf 89' lang='lat' dir='ltr'>in</span> <span class='ocrx_word' id='word_1_367' title='bbox 1837 3127 1952 3166; x_wconf 85' lang='lat' dir='ltr'><strong>me-</strong></span> 
     </span>
    </p>
   </div>
   <div class='ocr_carea' id='block_1_46' title="bbox 2122 2013 3633 2103">
    <p class='ocr_par' dir='ltr' id='par_1_46' title="bbox 2122 2013 3633 2103">
     <span class='ocr_line' id='line_1_46' title="bbox 2122 2013 3633 2103; baseline -0.014 -18"><span class='ocrx_word' id='word_1_368' title='bbox 2122 2031 2220 2084; x_wconf 84' lang='grc' dir='ltr'>Διά</span> <span class='ocrx_word' id='word_1_369' title='bbox 2260 2029 2507 2103; x_wconf 82' lang='grc' dir='ltr'>μηχανῆς</span> <span class='ocrx_word' id='word_1_370' title='bbox 2537 2043 2682 2091; x_wconf 91' lang='grc' dir='ltr'>τινος</span> <span class='ocrx_word' id='word_1_371' title='bbox 2733 2023 2936 2094; x_wconf 85' lang='grc' dir='ltr'>ἀπόρου</span> <span class='ocrx_word' id='word_1_372' title='bbox 2984 2019 3082 2074; x_wconf 63' lang='grc' dir='ltr'>καὶ¹</span> <span class='ocrx_word' id='word_1_373' title='bbox 3113 2014 3459 2089; x_wconf 81' lang='grc' dir='ltr'>ἀνθρωπίνης</span> <span class='ocrx_word' id='word_1_374' title='bbox 3480 2013 3633 2066; x_wconf 85' lang='grc' dir='ltr'>ἐλπί-</span> 
     </span>
    </p>
   </div>
   <div class='ocr_carea' id='block_1_47' title="bbox 2051 2105 3633 2188">
    <p class='ocr_par' dir='ltr' id='par_1_47' title="bbox 2051 2105 3633 2188">
     <span class='ocr_line' id='line_1_47' title="bbox 2051 2105 3633 2188; baseline -0.012 -13"><span class='ocrx_word' id='word_1_375' title='bbox 2051 2122 2138 2186; x_wconf 90' lang='grc' dir='ltr'>δος</span> <span class='ocrx_word' id='word_1_376' title='bbox 2161 2121 2266 2186; x_wconf 77' lang='grc' dir='ltr'>ἔξω</span> <span class='ocrx_word' id='word_1_377' title='bbox 2291 2116 2694 2188; x_wconf 83' lang='grc' dir='ltr'>καθεστηκυίας</span> <span class='ocrx_word' id='word_1_378' title='bbox 2728 2115 2787 2168; x_wconf 91' lang='grc' dir='ltr'>ἐν</span> <span class='ocrx_word' id='word_1_379' title='bbox 2833 2111 3174 2183; x_wconf 72' lang='grc' dir='ltr'>ἀπορρήτοις</span> <span class='ocrx_word' id='word_1_380' title='bbox 3219 2106 3289 2160; x_wconf 82' lang='grc' dir='ltr'>τά</span> <span class='ocrx_word' id='word_1_381' title='bbox 3340 2105 3633 2176; x_wconf 70' lang='grc' dir='ltr'>ἀπόρρητα</span> 
     </span>
    </p>
   </div>
   <div class='ocr_carea' id='block_1_48' title="bbox 2051 2195 3634 2284">
    <p class='ocr_par' dir='ltr' id='par_1_48' title="bbox 2051 2195 3634 2284">
     <span class='ocr_line' id='line_1_48' title="bbox 2051 2195 3634 2284; baseline -0.013 -18"><span class='ocrx_word' id='word_1_382' title='bbox 2051 2210 2567 2284; x_wconf 87' lang='grc' dir='ltr'>διαμηχανωμένους</span> <span class='ocrx_word' id='word_1_383' title='bbox 2597 2206 2738 2276; x_wconf 85' lang='grc' dir='ltr'>ὑπέρ</span> <span class='ocrx_word' id='word_1_384' title='bbox 2770 2221 2830 2258; x_wconf 88' lang='grc' dir='ltr'>τε</span> <span class='ocrx_word' id='word_1_385' title='bbox 2855 2202 3007 2271; x_wconf 88' lang='grc' dir='ltr'>σφῶν</span> <span class='ocrx_word' id='word_1_386' title='bbox 3035 2199 3214 2254; x_wconf 83' lang='grc' dir='ltr'>αὐτῶν</span> <span class='ocrx_word' id='word_1_387' title='bbox 3243 2197 3344 2266; x_wconf 84' lang='grc' dir='ltr'>τῆς</span> <span class='ocrx_word' id='word_1_388' title='bbox 3371 2195 3634 2267; x_wconf 81' lang='grc' dir='ltr'>οὐρανίας</span> 
     </span>
    </p>
   </div>
   <div class='ocr_carea' id='block_1_49' title="bbox 2053 2286 3632 2370">
    <p class='ocr_par' dir='ltr' id='par_1_49' title="bbox 2053 2286 3632 2370">
     <span class='ocr_line' id='line_1_49' title="bbox 2053 2286 3632 2370; baseline -0.013 -12"><span class='ocrx_word' id='word_1_389' title='bbox 2053 2305 2265 2367; x_wconf 86' lang='grc' dir='ltr'>ἐλπίδος</span> <span class='ocrx_word' id='word_1_390' title='bbox 2321 2304 2418 2357; x_wconf 78' lang='grc' dir='ltr'>καὶ</span> <span class='ocrx_word' id='word_1_391' title='bbox 2470 2301 2612 2370; x_wconf 77' lang='grc' dir='ltr'>ὑπὲρ</span> <span class='ocrx_word' id='word_1_392' title='bbox 2666 2296 2776 2352; x_wconf 90' lang='grc' dir='ltr'>τῶν</span> <span class='ocrx_word' id='word_1_393' title='bbox 2821 2295 2996 2350; x_wconf 78' lang='grc' dir='ltr'>ἄλλων</span> <span class='ocrx_word' id='word_1_394' title='bbox 3028 2289 3347 2361; x_wconf 82' lang='grc' dir='ltr'>Αἰγυπτίων</span> <span class='ocrx_word' id='word_1_395' title='bbox 3372 2288 3473 2357; x_wconf 82' lang='grc' dir='ltr'>τῆς</span> <span class='ocrx_word' id='word_1_396' title='bbox 3501 2286 3632 2354; x_wconf 86' lang='grc' dir='ltr'>δλης</span> 
     </span>
    </p>
   </div>
   <div class='ocr_carea' id='block_1_50' title="bbox 2053 2379 3631 2467">
    <p class='ocr_par' dir='ltr' id='par_1_50' title="bbox 2053 2379 3631 2467">
     <span class='ocr_line' id='line_1_50' title="bbox 2053 2379 3631 2467; baseline -0.013 -17"><span class='ocrx_word' id='word_1_397' title='bbox 2053 2395 2448 2467; x_wconf 83' lang='grc' dir='ltr'>εὐθημοσύνης.</span> <span class='ocrx_word' id='word_1_398' title='bbox 2493 2390 2632 2446; x_wconf 84' lang='grc' dir='ltr'>Ἀλλ’</span> <span class='ocrx_word' id='word_1_399' title='bbox 2664 2387 2914 2444; x_wconf 78' lang='grc' dir='ltr'>ἐντεῦθέν</span> <span class='ocrx_word' id='word_1_400' title='bbox 2951 2384 3116 2439; x_wconf 88' lang='grc' dir='ltr'>ποθεν</span> <span class='ocrx_word' id='word_1_401' title='bbox 3164 2384 3271 2437; x_wconf 62' lang='grc' dir='ltr'>ἀπὺ</span> <span class='ocrx_word' id='word_1_402' title='bbox 3317 2380 3418 2450; x_wconf 81' lang='grc' dir='ltr'>τῆς</span> <span class='ocrx_word' id='word_1_403' title='bbox 3437 2379 3631 2449; x_wconf 87' lang='grc' dir='ltr'>τρίτης</span> 
     </span>
    </p>
   </div>
   <div class='ocr_carea' id='block_1_51' title="bbox 2053 2470 3630 2554">
    <p class='ocr_par' dir='ltr' id='par_1_51' title="bbox 2053 2470 3630 2554">
     <span class='ocr_line' id='line_1_51' title="bbox 2053 2470 3630 2554; baseline -0.01 -16"><span class='ocrx_word' id='word_1_404' title='bbox 2053 2487 2145 2538; x_wconf 76' lang='grc' dir='ltr'>καὶ</span> <span class='ocrx_word' id='word_1_405' title='bbox 2178 2483 2533 2554; x_wconf 82' lang='grc' dir='ltr'>περικοσμίου</span> <span class='ocrx_word' id='word_1_406' title='bbox 2567 2481 2835 2550; x_wconf 88' lang='grc' dir='ltr'>γενέσεως</span> <span class='ocrx_word' id='word_1_407' title='bbox 2859 2473 3232 2546; x_wconf 86' lang='grc' dir='ltr'>ἀναδήσασθαι</span> <span class='ocrx_word' id='word_1_408' title='bbox 3262 2470 3329 2525; x_wconf 80' lang='grc' dir='ltr'>τὰ</span> <span class='ocrx_word' id='word_1_409' title='bbox 3348 2470 3630 2539; x_wconf 86' lang='grc' dir='ltr'>πείσματα</span> 
     </span>
    </p>
   </div>
   <div class='ocr_carea' id='block_1_52' title="bbox 2050 2561 3633 2645">
    <p class='ocr_par' dir='ltr' id='par_1_52' title="bbox 2050 2561 3633 2645">
     <span class='ocr_line' id='line_1_52' title="bbox 2050 2561 3633 2645; baseline -0.009 -17"><span class='ocrx_word' id='word_1_410' title='bbox 2050 2575 2151 2645; x_wconf 79' lang='grc' dir='ltr'>τῆς</span> <span class='ocrx_word' id='word_1_411' title='bbox 2182 2573 2468 2642; x_wconf 81' lang='grc' dir='ltr'>ἀναγωγοῦ</span> <span class='ocrx_word' id='word_1_412' title='bbox 2525 2571 2819 2643; x_wconf 87' lang='grc' dir='ltr'>σωτηρίας.</span> <span class='ocrx_word' id='word_1_413' title='bbox 2877 2568 2986 2622; x_wconf 74' lang='grc' dir='ltr'>Καὶ</span> <span class='ocrx_word' id='word_1_414' title='bbox 3059 2565 3124 2637; x_wconf 81' lang='grc' dir='ltr'>δὴ</span> <span class='ocrx_word' id='word_1_415' title='bbox 3183 2563 3444 2634; x_wconf 80' lang='grc' dir='ltr'>Σεϐἧρος,</span> <span class='ocrx_word' id='word_1_416' title='bbox 3490 2561 3633 2632; x_wconf 80' lang='grc' dir='ltr'>ἀνὴρ</span> 
     </span>
    </p>
   </div>
   <div class='ocr_carea' id='block_1_53' title="bbox 2012 2649 3633 2732">
    <p class='ocr_par' dir='ltr' id='par_1_53' title="bbox 2012 2649 3633 2732">
     <span class='ocr_line' id='line_1_53' title="bbox 2012 2649 3633 2732; baseline -0.012 -13"><span class='ocrx_word' id='word_1_417' title='bbox 2012 2720 2015 2721; x_wconf 27' lang='grc' dir='ltr'>ν</span> <span class='ocrx_word' id='word_1_418' title='bbox 2050 2663 2153 2732; x_wconf 85' lang='grc' dir='ltr'>τῆς</span> <span class='ocrx_word' id='word_1_419' title='bbox 2192 2662 2410 2732; x_wconf 84' lang='grc' dir='ltr'>Ῥώμης</span> <span class='ocrx_word' id='word_1_420' title='bbox 2449 2660 2760 2730; x_wconf 88' lang='grc' dir='ltr'>πατρίκιος,</span> <span class='ocrx_word' id='word_1_421' title='bbox 2789 2655 2924 2711; x_wconf 78' lang='grc' dir='ltr'>ἀλλα</span> <span class='ocrx_word' id='word_1_422' title='bbox 2948 2672 3009 2709; x_wconf 90' lang='grc' dir='ltr'>τε</span> <span class='ocrx_word' id='word_1_423' title='bbox 3036 2653 3276 2724; x_wconf 81' lang='grc' dir='ltr'>διηγεῖτο</span> <span class='ocrx_word' id='word_1_424' title='bbox 3297 2651 3356 2704; x_wconf 89' lang='grc' dir='ltr'>ἐν</span> <span class='ocrx_word' id='word_1_425' title='bbox 3389 2649 3633 2714; x_wconf 82' lang='grc' dir='ltr'>Ἀλεξαν-</span> 
     </span>
    </p>
   </div>
   <div class='ocr_carea' id='block_1_54' title="bbox 2051 2741 3634 2827">
    <p class='ocr_par' dir='ltr' id='par_1_54' title="bbox 2051 2741 3634 2827">
     <span class='ocr_line' id='line_1_54' title="bbox 2051 2741 3634 2827; baseline -0.009 -18"><span class='ocrx_word' id='word_1_426' title='bbox 2051 2753 2204 2827; x_wconf 80' lang='grc' dir='ltr'>δρείᾳ</span> <span class='ocrx_word' id='word_1_427' title='bbox 2250 2752 2705 2820; x_wconf 88' lang='grc' dir='ltr'>συνδιαιτώμενος</span> <span class='ocrx_word' id='word_1_428' title='bbox 2739 2749 2816 2814; x_wconf 72' lang='grc'>⁸⁸,</span> <span class='ocrx_word' id='word_1_429' title='bbox 2863 2747 2955 2801; x_wconf 60' lang='grc' dir='ltr'>καὶ¹</span> <span class='ocrx_word' id='word_1_430' title='bbox 2986 2747 3070 2801; x_wconf 85' lang='grc' dir='ltr'>δτι</span> <span class='ocrx_word' id='word_1_431' title='bbox 3099 2743 3248 2799; x_wconf 89' lang='grc' dir='ltr'>λίθον</span> <span class='ocrx_word' id='word_1_432' title='bbox 3286 2742 3546 2797; x_wconf 82' lang='grc' dir='ltr'>ἐθεάσατο</span> <span class='ocrx_word' id='word_1_433' title='bbox 3574 2741 3634 2795; x_wconf 83' lang='grc' dir='ltr'>ἐν</span> 
     </span>
    </p>
   </div>
   <div class='ocr_carea' id='block_1_55' title="bbox 2051 2835 3630 2917">
    <p class='ocr_par' dir='ltr' id='par_1_55' title="bbox 2051 2835 3630 2917">
     <span class='ocr_line' id='line_1_55' title="bbox 2051 2835 3630 2917; baseline -0.01 -16"><span class='ocrx_word' id='word_1_434' title='bbox 2051 2839 2096 2915; x_wconf 81' lang='grc' dir='ltr'>ᾧ</span> <span class='ocrx_word' id='word_1_435' title='bbox 2127 2846 2356 2917; x_wconf 83' lang='grc' dir='ltr'>σελήνης</span> <span class='ocrx_word' id='word_1_436' title='bbox 2383 2844 2594 2913; x_wconf 84' lang='grc' dir='ltr'>ἐγίνετο</span> <span class='ocrx_word' id='word_1_437' title='bbox 2620 2842 2876 2912; x_wconf 88' lang='grc' dir='ltr'>σχήματα</span> <span class='ocrx_word' id='word_1_438' title='bbox 2916 2835 3446 2910; x_wconf 82' lang='grc' dir='ltr'>μεταμορφουμένης</span> <span class='ocrx_word' id='word_1_439' title='bbox 3487 2851 3630 2887; x_wconf 85' lang='grc' dir='ltr'>παν-</span> 
     </span>
    </p>
   </div>
   <div class='ocr_carea' id='block_1_56' title="bbox 2051 2927 3630 3009">
    <p class='ocr_par' dir='ltr' id='par_1_56' title="bbox 2051 2927 3630 3009">
     <span class='ocr_line' id='line_1_56' title="bbox 2051 2927 3630 3009; baseline -0.008 -17"><span class='ocrx_word' id='word_1_440' title='bbox 2051 2941 2174 2992; x_wconf 87' lang='grc' dir='ltr'>τοῖα</span> <span class='ocrx_word' id='word_1_441' title='bbox 2211 2939 2328 3009; x_wconf 87' lang='grc' dir='ltr'>μὲν,</span> <span class='ocrx_word' id='word_1_442' title='bbox 2360 2938 2546 2993; x_wconf 75' lang='grc' dir='ltr'>ἄλλοτε</span> <span class='ocrx_word' id='word_1_443' title='bbox 2570 2935 2615 2988; x_wconf 85' lang='grc' dir='ltr'>δ’</span> <span class='ocrx_word' id='word_1_444' title='bbox 2641 2933 2779 2989; x_wconf 80' lang='grc' dir='ltr'>ἄλλα</span> <span class='ocrx_word' id='word_1_445' title='bbox 2809 2931 2946 3005; x_wconf 69' lang='grc' dir='ltr'>πρὸς</span> <span class='ocrx_word' id='word_1_446' title='bbox 3005 2931 3155 3001; x_wconf 73' lang='grc' dir='ltr'>ἥλιον</span> <span class='ocrx_word' id='word_1_447' title='bbox 3188 2928 3491 2998; x_wconf 81' lang='grc' dir='ltr'>αὐξομένης</span> <span class='ocrx_word' id='word_1_448' title='bbox 3534 2927 3630 2980; x_wconf 75' lang='grc' dir='ltr'>καὶ</span> 
     </span>
    </p>
   </div>
   <div class='ocr_carea' id='block_1_57' title="bbox 2057 3018 3627 3098">
    <p class='ocr_par' dir='ltr' id='par_1_57' title="bbox 2057 3018 3627 3098">
     <span class='ocr_line' id='line_1_57' title="bbox 2057 3018 3627 3098; baseline -0.008 -18"><span class='ocrx_word' id='word_1_449' title='bbox 2057 3025 2389 3098; x_wconf 85' lang='grc' dir='ltr'>μειουμένης</span> <span class='ocrx_word' id='word_1_450' title='bbox 2434 3025 2625 3079; x_wconf 85' lang='grc' dir='ltr'>ἐνόντα</span> <span class='ocrx_word' id='word_1_451' title='bbox 2669 3023 2749 3093; x_wconf 83' lang='grc' dir='ltr'>τῷ</span> <span class='ocrx_word' id='word_1_452' title='bbox 2815 3021 2946 3092; x_wconf 83' lang='grc' dir='ltr'>λίθῳ</span> <span class='ocrx_word' id='word_1_453' title='bbox 2997 3020 3091 3074; x_wconf 76' lang='grc' dir='ltr'>καὶ</span> <span class='ocrx_word' id='word_1_454' title='bbox 3130 3019 3292 3074; x_wconf 81' lang='grc' dir='ltr'>αὑτὸν</span> <span class='ocrx_word' id='word_1_455' title='bbox 3321 3019 3410 3070; x_wconf 86' lang='grc' dir='ltr'>τὸν</span> <span class='ocrx_word' id='word_1_456' title='bbox 3443 3018 3627 3088; x_wconf 75' lang='grc' dir='ltr'>ἥλιον·</span> 
     </span>
    </p>
   </div>
   <div class='ocr_carea' id='block_1_58' title="bbox 2053 3109 3627 3186">
    <p class='ocr_par' dir='ltr' id='par_1_58' title="bbox 2053 3109 3627 3186">
     <span class='ocr_line' id='line_1_58' title="bbox 2053 3109 3627 3186; baseline -0.003 -17"><span class='ocrx_word' id='word_1_457' title='bbox 2053 3116 2175 3169; x_wconf 76' lang='grc' dir='ltr'>ὅθεν</span> <span class='ocrx_word' id='word_1_458' title='bbox 2197 3118 2230 3186; x_wconf 84' lang='grc' dir='ltr'>ή</span> <span class='ocrx_word' id='word_1_459' title='bbox 2251 3117 2406 3186; x_wconf 84' lang='grc' dir='ltr'>φήμη</span> <span class='ocrx_word' id='word_1_460' title='bbox 2438 3116 2564 3178; x_wconf 86' lang='grc' dir='ltr'>τοὺς</span> <span class='ocrx_word' id='word_1_461' title='bbox 2588 3113 2861 3177; x_wconf 86' lang='grc' dir='ltr'>τοιούτους</span> <span class='ocrx_word' id='word_1_462' title='bbox 2878 3112 3059 3177; x_wconf 82' lang='grc' dir='ltr'>λίθους</span> <span class='ocrx_word' id='word_1_463' title='bbox 3081 3112 3233 3164; x_wconf 86' lang='grc' dir='ltr'>καλεῖ</span> <span class='ocrx_word' id='word_1_464' title='bbox 3260 3109 3542 3172; x_wconf 86' lang='grc' dir='ltr'>συνοδίτας</span> <span class='ocrx_word' id='word_1_465' title='bbox 3562 3110 3627 3164; x_wconf 84' lang='grc'>¹¹.</span> 
     </span>
    </p>
   </div>
   <div class='ocr_carea' id='block_1_59' title="bbox 378 3197 1952 3276">
    <p class='ocr_par' dir='ltr' id='par_1_59' title="bbox 378 3197 1952 3270">
     <span class='ocr_line' id='line_1_59' title="bbox 378 3197 1952 3270; baseline 0.003 -18"><span class='ocrx_word' id='word_1_466' title='bbox 378 3199 468 3252; x_wconf 93' lang='lat' dir='ltr'>dio</span> <span class='ocrx_word' id='word_1_467' title='bbox 496 3197 674 3267; x_wconf 90' lang='lat' dir='ltr'><strong>lapide</strong></span> <span class='ocrx_word' id='word_1_468' title='bbox 705 3213 848 3263; x_wconf 88' lang='lat' dir='ltr'><strong>esse,</strong></span> <span class='ocrx_word' id='word_1_469' title='bbox 880 3209 934 3254; x_wconf 89' lang='lat' dir='ltr'>et</span> <span class='ocrx_word' id='word_1_470' title='bbox 969 3199 1094 3255; x_wconf 90' lang='lat' dir='ltr'><strong>inde</strong></span> <span class='ocrx_word' id='word_1_471' title='bbox 1129 3199 1268 3268; x_wconf 79' lang='lat' dir='ltr'><strong>ignis</strong></span> <span class='ocrx_word' id='word_1_472' title='bbox 1298 3200 1511 3270; x_wconf 81' lang='lat' dir='ltr'><strong>globum</strong></span> <span class='ocrx_word' id='word_1_473' title='bbox 1541 3201 1736 3270; x_wconf 91' lang='lat' dir='ltr'><strong>videri,</strong></span> <span class='ocrx_word' id='word_1_474' title='bbox 1770 3206 1840 3256; x_wconf 88' lang='lat' dir='ltr'>ab</span> <span class='ocrx_word' id='word_1_475' title='bbox 1865 3201 1952 3256; x_wconf 90' lang='lat' dir='ltr'><strong>illo</strong></span> 
     </span>
    </p>
   </div>
   <div class='ocr_carea' id='block_1_60' title="bbox 2054 3197 3632 3276">
    <p class='ocr_par' dir='ltr' id='par_1_60' title="bbox 2057 3197 3632 3276">
     <span class='ocr_line' id='line_1_60' title="bbox 2057 3197 3632 3276; baseline -0.003 -19"><span class='ocrx_word' id='word_1_476' title='bbox 2057 3206 2166 3258; x_wconf 79' lang='lat' dir='ltr'><strong>Kal.</strong></span> <span class='ocrx_word' id='word_1_477' title='bbox 2196 3205 2386 3276; x_wconf 80' lang='grc' dir='ltr'>ήλίτην</span> <span class='ocrx_word' id='word_1_478' title='bbox 2413 3204 2472 3258; x_wconf 88' lang='grc' dir='ltr'>δὲ</span> <span class='ocrx_word' id='word_1_479' title='bbox 2503 3205 2651 3258; x_wconf 88' lang='grc' dir='ltr'>λίθον</span> <span class='ocrx_word' id='word_1_480' title='bbox 2677 3203 2862 3271; x_wconf 76' lang='grc' dir='ltr'>ἔλεγεν</span> <span class='ocrx_word' id='word_1_481' title='bbox 2892 3202 3218 3273; x_wconf 75' lang='grc' dir='ltr'>ἑωρακέναι,</span> <span class='ocrx_word' id='word_1_482' title='bbox 3265 3202 3366 3271; x_wconf 82' lang='grc' dir='ltr'>οὐχ</span> <span class='ocrx_word' id='word_1_483' title='bbox 3415 3197 3528 3253; x_wconf 72' lang='grc' dir='ltr'>οἷον</span> <span class='ocrx_word' id='word_1_484' title='bbox 3576 3200 3632 3253; x_wconf 84' lang='grc' dir='ltr'>οί</span> 
     </span>
    </p>
   </div>
   <div class='ocr_carea' id='block_1_61' title="bbox 377 3289 1954 3361">
    <p class='ocr_par' dir='ltr' id='par_1_61' title="bbox 377 3289 1954 3361">
     <span class='ocr_line' id='line_1_61' title="bbox 377 3289 1954 3361; baseline 0.003 -19"><span class='ocrx_word' id='word_1_485' title='bbox 377 3303 507 3344; x_wconf 89' lang='lat' dir='ltr'><strong>vero</strong></span> <span class='ocrx_word' id='word_1_486' title='bbox 544 3289 723 3344; x_wconf 86' lang='lat' dir='ltr'><strong>radios</strong></span> <span class='ocrx_word' id='word_1_487' title='bbox 769 3289 1010 3356; x_wconf 77' lang='lat' dir='ltr'><strong>exsilire,</strong></span> <span class='ocrx_word' id='word_1_488' title='bbox 1063 3305 1234 3361; x_wconf 82' lang='lat' dir='ltr'><strong>usque</strong></span> <span class='ocrx_word' id='word_1_489' title='bbox 1287 3291 1352 3345; x_wconf 90' lang='lat' dir='ltr'>ad</span> <span class='ocrx_word' id='word_1_490' title='bbox 1409 3291 1954 3348; x_wconf 88' lang='lat' dir='ltr'><strong>circumferentiam:</strong></span> 
     </span>
    </p>
   </div>
   <div class='ocr_carea' id='block_1_62' title="bbox 2058 3290 3630 3367">
    <p class='ocr_par' dir='ltr' id='par_1_62' title="bbox 2058 3290 3630 3367">
     <span class='ocr_line' id='line_1_62' title="bbox 2058 3290 3630 3367; baseline -0.003 -19"><span class='ocrx_word' id='word_1_491' title='bbox 2058 3296 2245 3349; x_wconf 76' lang='grc' dir='ltr'>πολλοὶ</span> <span class='ocrx_word' id='word_1_492' title='bbox 2293 3297 2640 3367; x_wconf 83' lang='grc' dir='ltr'>ἑωράκαμεν,</span> <span class='ocrx_word' id='word_1_493' title='bbox 2678 3295 2908 3357; x_wconf 85' lang='grc' dir='ltr'>ἀκτῖνας</span> <span class='ocrx_word' id='word_1_494' title='bbox 2964 3292 3314 3362; x_wconf 83' lang='grc' dir='ltr'>διαφαίνοντα</span> <span class='ocrx_word' id='word_1_495' title='bbox 3368 3290 3476 3345; x_wconf 75' lang='grc' dir='ltr'>ἀπὸ</span> <span class='ocrx_word' id='word_1_496' title='bbox 3533 3291 3630 3344; x_wconf 78' lang='grc' dir='ltr'>τοῦ</span> 
     </span>
    </p>
   </div>
   <div class='ocr_carea' id='block_1_63' title="bbox 378 3380 1952 3458">
    <p class='ocr_par' dir='ltr' id='par_1_63' title="bbox 378 3380 1952 3453">
     <span class='ocr_line' id='line_1_63' title="bbox 378 3380 1952 3453; baseline 0.003 -18"><span class='ocrx_word' id='word_1_497' title='bbox 378 3393 502 3435; x_wconf 80' lang='lat' dir='ltr'><strong>esse</strong></span> <span class='ocrx_word' id='word_1_498' title='bbox 547 3380 691 3435; x_wconf 90' lang='lat' dir='ltr'><strong>enim</strong></span> <span class='ocrx_word' id='word_1_499' title='bbox 727 3381 1003 3452; x_wconf 81' lang='lat' dir='ltr'><strong>globosum</strong></span> <span class='ocrx_word' id='word_1_500' title='bbox 1037 3391 1091 3435; x_wconf 88' lang='lat' dir='ltr'>et</span> <span class='ocrx_word' id='word_1_501' title='bbox 1149 3381 1414 3450; x_wconf 77' lang='lat' dir='ltr'><strong>integrant</strong></span> <span class='ocrx_word' id='word_1_502' title='bbox 1451 3382 1703 3453; x_wconf 83' lang='lat' dir='ltr'><strong>lapidem.</strong></span> <span class='ocrx_word' id='word_1_503' title='bbox 1745 3381 1952 3439; x_wconf 77' lang='lat' dir='ltr'><strong>Vidisse</strong></span> 
     </span>
    </p>
   </div>
   <div class='ocr_carea' id='block_1_64' title="bbox 2054 3380 3631 3458">
    <p class='ocr_par' dir='ltr' id='par_1_64' title="bbox 2059 3383 3631 3458">
     <span class='ocr_line' id='line_1_64' title="bbox 2059 3383 3631 3458; baseline -0.004 -17"><span class='ocrx_word' id='word_1_504' title='bbox 2059 3386 2255 3457; x_wconf 85' lang='grc' dir='ltr'>βάθους</span> <span class='ocrx_word' id='word_1_505' title='bbox 2310 3388 2648 3458; x_wconf 84' lang='grc' dir='ltr'>χρυσίδιτας,</span> <span class='ocrx_word' id='word_1_506' title='bbox 2708 3385 2843 3439; x_wconf 86' lang='grc' dir='ltr'>ἀλλά</span> <span class='ocrx_word' id='word_1_507' title='bbox 2901 3384 3084 3438; x_wconf 85' lang='grc' dir='ltr'>δίσκον</span> <span class='ocrx_word' id='word_1_508' title='bbox 3110 3383 3346 3454; x_wconf 80' lang='grc' dir='ltr'>ἡλιοειδῆ</span> <span class='ocrx_word' id='word_1_509' title='bbox 3376 3383 3631 3453; x_wconf 85' lang='grc' dir='ltr'>κείμενον</span> 
     </span>
    </p>
   </div>
   <div class='ocr_carea' id='block_1_65' title="bbox 379 3472 1956 3543">
    <p class='ocr_par' dir='ltr' id='par_1_65' title="bbox 379 3472 1956 3543">
     <span class='ocr_line' id='line_1_65' title="bbox 379 3472 1956 3543; baseline 0.001 -17"><span class='ocrx_word' id='word_1_510' title='bbox 379 3481 438 3526; x_wconf 92' lang='lat' dir='ltr'>et</span> <span class='ocrx_word' id='word_1_511' title='bbox 478 3472 728 3529; x_wconf 85' lang='lat' dir='ltr'><strong>lunarem</strong></span> <span class='ocrx_word' id='word_1_512' title='bbox 771 3489 878 3528; x_wconf 93' lang='lat' dir='ltr'>non</span> <span class='ocrx_word' id='word_1_513' title='bbox 912 3489 1049 3542; x_wconf 91' lang='lat' dir='ltr'><strong>aqua</strong></span> <span class='ocrx_word' id='word_1_514' title='bbox 1084 3483 1437 3540; x_wconf 82' lang='lat' dir='ltr'><strong>maceratum,</strong></span> <span class='ocrx_word' id='word_1_515' title='bbox 1468 3474 1560 3543; x_wconf 89' lang='lat' dir='ltr'>qui</span> <span class='ocrx_word' id='word_1_516' title='bbox 1588 3475 1782 3529; x_wconf 89' lang='lat' dir='ltr'><strong>deinde</strong></span> <span class='ocrx_word' id='word_1_517' title='bbox 1808 3475 1956 3528; x_wconf 80' lang='lat' dir='ltr'><strong>exhi-</strong></span> 
     </span>
    </p>
   </div>
   <div class='ocr_carea' id='block_1_66' title="bbox 381 3563 1954 3633">
    <p class='ocr_par' dir='ltr' id='par_1_66' title="bbox 381 3563 1954 3633">
     <span class='ocr_line' id='line_1_66' title="bbox 381 3563 1954 3633; baseline 0.001 -15"><span class='ocrx_word' id='word_1_518' title='bbox 381 3563 474 3618; x_wconf 89' lang='lat' dir='ltr'>bet</span> <span class='ocrx_word' id='word_1_519' title='bbox 507 3563 745 3618; x_wconf 89' lang='lat' dir='ltr'><strong>lunulam</strong></span> <span class='ocrx_word' id='word_1_520' title='bbox 773 3602 788 3628; x_wconf 91' lang='lat'>,</span> <span class='ocrx_word' id='word_1_521' title='bbox 845 3575 898 3618; x_wconf 89' lang='lat' dir='ltr'>et</span> <span class='ocrx_word' id='word_1_522' title='bbox 946 3564 1067 3619; x_wconf 85' lang='lat' dir='ltr'><strong>ideo</strong></span> <span class='ocrx_word' id='word_1_523' title='bbox 1117 3563 1485 3633; x_wconf 87' lang='lat' dir='ltr'><strong>aquilunarem</strong></span> <span class='ocrx_word' id='word_1_524' title='bbox 1529 3573 1779 3620; x_wconf 89' lang='lat' dir='ltr'><strong>vocatum</strong></span> <span class='ocrx_word' id='word_1_525' title='bbox 1812 3581 1826 3618; x_wconf 90' lang='lat'><strong>:</strong></span> <span class='ocrx_word' id='word_1_526' title='bbox 1860 3566 1954 3619; x_wconf 84' lang='lat' dir='ltr'>sed</span> 
     </span>
    </p>
   </div>
   <div class='ocr_carea' id='block_1_67' title="bbox 382 3655 1954 3712">
    <p class='ocr_par' dir='ltr' id='par_1_67' title="bbox 382 3655 1954 3712">
     <span class='ocr_line' id='line_1_67' title="bbox 382 3655 1954 3712; baseline 0.001 -3"><span class='ocrx_word' id='word_1_527' title='bbox 382 3664 573 3710; x_wconf 91' lang='lat' dir='ltr'><strong>natura</strong></span> <span class='ocrx_word' id='word_1_528' title='bbox 606 3671 666 3712; x_wconf 90' lang='lat' dir='ltr'>se</span> <span class='ocrx_word' id='word_1_529' title='bbox 695 3664 998 3710; x_wconf 89' lang='lat' dir='ltr'><strong>vertentem</strong></span> <span class='ocrx_word' id='word_1_530' title='bbox 1032 3656 1327 3711; x_wconf 89' lang='lat' dir='ltr'><strong>secundum</strong></span> <span class='ocrx_word' id='word_1_531' title='bbox 1374 3665 1556 3711; x_wconf 89' lang='lat' dir='ltr'><strong>motus</strong></span> <span class='ocrx_word' id='word_1_532' title='bbox 1595 3656 1755 3710; x_wconf 70' lang='lat' dir='ltr'><strong>lunrc.</strong></span> <span class='ocrx_word' id='word_1_533' title='bbox 1793 3655 1954 3710; x_wconf 84' lang='lat' dir='ltr'><strong>Mira-</strong></span> 
     </span>
    </p>
   </div>
   <div class='ocr_carea' id='block_1_68' title="bbox 379 3742 1949 3814">
    <p class='ocr_par' dir='ltr' id='par_1_68' title="bbox 379 3742 1949 3814">
     <span class='ocr_line' id='line_1_68' title="bbox 379 3742 1949 3814; baseline 0.001 -16"><span class='ocrx_word' id='word_1_534' title='bbox 379 3742 487 3798; x_wconf 84' lang='lat' dir='ltr'><strong>bile</strong></span> <span class='ocrx_word' id='word_1_535' title='bbox 512 3744 721 3800; x_wconf 90' lang='lat' dir='ltr'><strong>esthoc</strong></span> <span class='ocrx_word' id='word_1_536' title='bbox 753 3759 887 3814; x_wconf 90' lang='lat' dir='ltr'><strong>opus</strong></span> <span class='ocrx_word' id='word_1_537' title='bbox 917 3754 1144 3810; x_wconf 58' lang='lat' dir='ltr'><strong>naturae,</strong></span> <span class='ocrx_word' id='word_1_538' title='bbox 1177 3746 1269 3800; x_wconf 90' lang='lat' dir='ltr'>sed</span> <span class='ocrx_word' id='word_1_539' title='bbox 1297 3745 1463 3800; x_wconf 90' lang='lat' dir='ltr'><strong>multa</strong></span> <span class='ocrx_word' id='word_1_540' title='bbox 1491 3746 1718 3801; x_wconf 86' lang='lat' dir='ltr'><strong>obscura</strong></span> <span class='ocrx_word' id='word_1_541' title='bbox 1751 3755 1807 3801; x_wconf 91' lang='lat' dir='ltr'>et</span> <span class='ocrx_word' id='word_1_542' title='bbox 1843 3761 1949 3800; x_wconf 89' lang='lat' dir='ltr'>non</span> 
     </span>
    </p>
   </div>
   <div class='ocr_carea' id='block_1_69' title="bbox 380 3833 1954 3906">
    <p class='ocr_par' dir='ltr' id='par_1_69' title="bbox 380 3833 1954 3906">
     <span class='ocr_line' id='line_1_69' title="bbox 380 3833 1954 3906; baseline 0.003 -20"><span class='ocrx_word' id='word_1_543' title='bbox 380 3833 734 3903; x_wconf 76' lang='lat' dir='ltr'><strong>intelligibilia</strong></span> <span class='ocrx_word' id='word_1_544' title='bbox 764 3836 831 3889; x_wconf 92' lang='lat' dir='ltr'>de</span> <span class='ocrx_word' id='word_1_545' title='bbox 868 3849 933 3889; x_wconf 93' lang='lat' dir='ltr'>eo</span> <span class='ocrx_word' id='word_1_546' title='bbox 978 3845 1288 3890; x_wconf 79' lang='lat' dir='ltr'><strong>narrantur.</strong></span> <span class='ocrx_word' id='word_1_547' title='bbox 1321 3834 1472 3890; x_wconf 83' lang='lat' dir='ltr'><strong>Multi</strong></span> <span class='ocrx_word' id='word_1_548' title='bbox 1506 3836 1696 3892; x_wconf 88' lang='lat' dir='ltr'><strong>dicunt</strong></span> <span class='ocrx_word' id='word_1_549' title='bbox 1727 3835 1954 3906; x_wconf 87' lang='lat' dir='ltr'><strong>periisse</strong></span> 
     </span>
    </p>
   </div>
   <div class='ocr_carea' id='block_1_70' title="bbox 379 3922 1951 3998">
    <p class='ocr_par' dir='ltr' id='par_1_70' title="bbox 379 3922 1951 3998">
     <span class='ocr_line' id='line_1_70' title="bbox 379 3922 1951 3998; baseline 0.001 -20"><span class='ocrx_word' id='word_1_550' title='bbox 379 3922 709 3995; x_wconf 51' lang='lat' dir='ltr'><strong>ﬂgyptium.</strong></span> <span class='ocrx_word' id='word_1_551' title='bbox 745 3924 911 3980; x_wconf 85' lang='lat' dir='ltr'><strong>Fama</strong></span> <span class='ocrx_word' id='word_1_552' title='bbox 947 3935 1125 3981; x_wconf 89' lang='lat' dir='ltr'><strong>tamen</strong></span> <span class='ocrx_word' id='word_1_553' title='bbox 1161 3928 1351 3983; x_wconf 87' lang='lat' dir='ltr'><strong>salutis</strong></span> <span class='ocrx_word' id='word_1_554' title='bbox 1378 3926 1579 3998; x_wconf 81' lang='lat' dir='ltr'><strong>350a</strong></span> <span class='ocrx_word' id='word_1_555' title='bbox 1618 3927 1807 3982; x_wconf 91' lang='lat' dir='ltr'><strong>nuntia</strong></span> <span class='ocrx_word' id='word_1_556' title='bbox 1831 3931 1951 3982; x_wconf 84' lang='lat' dir='ltr'><strong>vut-</strong></span> 
     </span>
    </p>
   </div>
   <div class='ocr_carea' id='block_1_71' title="bbox 381 4015 1948 4087">
    <p class='ocr_par' dir='ltr' id='par_1_71' title="bbox 381 4015 1948 4087">
     <span class='ocr_line' id='line_1_71' title="bbox 381 4015 1948 4087; baseline 0.003 -17"><span class='ocrx_word' id='word_1_557' title='bbox 381 4016 628 4084; x_wconf 76' lang='lat' dir='ltr'><strong>gabatur,</strong></span> <span class='ocrx_word' id='word_1_558' title='bbox 677 4027 730 4072; x_wconf 88' lang='lat' dir='ltr'>et</span> <span class='ocrx_word' id='word_1_559' title='bbox 777 4015 1002 4072; x_wconf 82' lang='lat' dir='ltr'><strong>forsitan</strong></span> <span class='ocrx_word' id='word_1_560' title='bbox 1051 4033 1138 4074; x_wconf 87' lang='lat' dir='ltr'>res</span> <span class='ocrx_word' id='word_1_561' title='bbox 1181 4019 1546 4075; x_wconf 88' lang='lat' dir='ltr'><strong>involuntaria</strong></span> <span class='ocrx_word' id='word_1_562' title='bbox 1589 4021 1680 4087; x_wconf 89' lang='lat' dir='ltr'><strong>sit,</strong></span> <span class='ocrx_word' id='word_1_563' title='bbox 1725 4029 1780 4075; x_wconf 91' lang='lat' dir='ltr'>et</span> <span class='ocrx_word' id='word_1_564' title='bbox 1810 4019 1948 4075; x_wconf 89' lang='lat' dir='ltr'><strong>idem</strong></span> 
     </span>
    </p>
   </div>
   <div class='ocr_carea' id='block_1_72' title="bbox 2058 3473 3625 3549">
    <p class='ocr_par' dir='ltr' id='par_1_72' title="bbox 2058 3473 3625 3549">
     <span class='ocr_line' id='line_1_72' title="bbox 2058 3473 3625 3549; baseline -0.003 -18"><span class='ocrx_word' id='word_1_565' title='bbox 2058 3479 2225 3549; x_wconf 88' lang='grc' dir='ltr'>μέσον</span> <span class='ocrx_word' id='word_1_566' title='bbox 2257 3477 2351 3531; x_wconf 82' lang='grc' dir='ltr'>τοῦ</span> <span class='ocrx_word' id='word_1_567' title='bbox 2378 3478 2547 3546; x_wconf 88' lang='grc' dir='ltr'>λίθου,</span> <span class='ocrx_word' id='word_1_568' title='bbox 2583 3481 2821 3549; x_wconf 79' lang='grc' dir='ltr'>σφαῖραν</span> <span class='ocrx_word' id='word_1_569' title='bbox 2872 3475 3102 3530; x_wconf 86' lang='grc' dir='ltr'>αὐτόθεν</span> <span class='ocrx_word' id='word_1_570' title='bbox 3131 3474 3303 3544; x_wconf 79' lang='grc' dir='ltr'>πυρὸς</span> <span class='ocrx_word' id='word_1_571' title='bbox 3339 3473 3414 3536; x_wconf 81' lang='grc' dir='ltr'>ὥς</span> <span class='ocrx_word' id='word_1_572' title='bbox 3449 3474 3577 3527; x_wconf 72' lang='grc' dir='ltr'>ἰδεῖν</span> <span class='ocrx_word' id='word_1_573' title='bbox 3609 3490 3625 3504; x_wconf 90' lang='grc'><strong>·</strong></span> 
     </span>
    </p>
   </div>
   <div class='ocr_carea' id='block_1_73' title="bbox 2054 3565 3629 3640">
    <p class='ocr_par' dir='ltr' id='par_1_73' title="bbox 2054 3565 3629 3640">
     <span class='ocr_line' id='line_1_73' title="bbox 2054 3565 3629 3640; baseline -0.004 -16"><span class='ocrx_word' id='word_1_574' title='bbox 2054 3569 2152 3627; x_wconf 84' lang='grc' dir='ltr'>ἀπ’</span> <span class='ocrx_word' id='word_1_575' title='bbox 2178 3570 2346 3640; x_wconf 79' lang='grc' dir='ltr'>αὐτῆς</span> <span class='ocrx_word' id='word_1_576' title='bbox 2368 3569 2428 3623; x_wconf 81' lang='grc' dir='ltr'>δὲ</span> <span class='ocrx_word' id='word_1_577' title='bbox 2471 3570 2574 3633; x_wconf 88' lang='grc' dir='ltr'>τάς</span> <span class='ocrx_word' id='word_1_578' title='bbox 2624 3571 2851 3633; x_wconf 87' lang='grc' dir='ltr'>ἀκτῖνας</span> <span class='ocrx_word' id='word_1_579' title='bbox 2906 3566 3242 3638; x_wconf 87' lang='grc' dir='ltr'>ἐκθρώσκειν</span> <span class='ocrx_word' id='word_1_580' title='bbox 3279 3565 3382 3627; x_wconf 74' lang='grc' dir='ltr'>ἕως</span> <span class='ocrx_word' id='word_1_581' title='bbox 3407 3565 3501 3617; x_wconf 77' lang='grc' dir='ltr'>ἐπὶ</span> <span class='ocrx_word' id='word_1_582' title='bbox 3529 3565 3629 3634; x_wconf 75' lang='grc' dir='ltr'>τὴν</span> 
     </span>
    </p>
   </div>
   <div class='ocr_carea' id='block_1_74' title="bbox 2056 3655 3628 3734">
    <p class='ocr_par' dir='ltr' id='par_1_74' title="bbox 2056 3655 3628 3734">
     <span class='ocr_line' id='line_1_74' title="bbox 2056 3655 3628 3734; baseline -0.002 -21"><span class='ocrx_word' id='word_1_583' title='bbox 2056 3659 2208 3716; x_wconf 79' lang='grc' dir='ltr'>ῐτυν·</span> <span class='ocrx_word' id='word_1_584' title='bbox 2261 3659 2401 3716; x_wconf 77' lang='grc' dir='ltr'>εῖναι</span> <span class='ocrx_word' id='word_1_585' title='bbox 2459 3662 2570 3734; x_wconf 86' lang='grc' dir='ltr'>γὰρ</span> <span class='ocrx_word' id='word_1_586' title='bbox 2617 3660 2930 3730; x_wconf 87' lang='grc' dir='ltr'>σφαιροειδῆ</span> <span class='ocrx_word' id='word_1_587' title='bbox 2977 3658 3072 3712; x_wconf 61' lang='grc' dir='ltr'>καὶ⁹</span> <span class='ocrx_word' id='word_1_588' title='bbox 3135 3657 3255 3711; x_wconf 85' lang='grc' dir='ltr'>δλον</span> <span class='ocrx_word' id='word_1_589' title='bbox 3319 3657 3409 3709; x_wconf 77' lang='grc' dir='ltr'>τὸν</span> <span class='ocrx_word' id='word_1_590' title='bbox 3457 3655 3628 3711; x_wconf 84' lang='grc' dir='ltr'>λίθον.</span> 
     </span>
    </p>
   </div>
   <div class='ocr_carea' id='block_1_75' title="bbox 2052 3748 3627 3826">
    <p class='ocr_par' dir='ltr' id='par_1_75' title="bbox 2052 3748 3627 3826">
     <span class='ocr_line' id='line_1_75' title="bbox 2052 3748 3627 3826; baseline -0.005 -18"><span class='ocrx_word' id='word_1_591' title='bbox 2052 3755 2204 3809; x_wconf 79' lang='grc' dir='ltr'>Ἰδεῖν</span> <span class='ocrx_word' id='word_1_592' title='bbox 2258 3754 2316 3808; x_wconf 85' lang='grc' dir='ltr'>δέ</span> <span class='ocrx_word' id='word_1_593' title='bbox 2361 3756 2456 3809; x_wconf 69' lang='grc' dir='ltr'>καὶ</span> <span class='ocrx_word' id='word_1_594' title='bbox 2513 3755 2817 3826; x_wconf 88' lang='grc' dir='ltr'>σεληνίτην,</span> <span class='ocrx_word' id='word_1_595' title='bbox 2869 3755 2931 3807; x_wconf 82' lang='grc' dir='ltr'>οὐ</span> <span class='ocrx_word' id='word_1_596' title='bbox 2960 3753 3050 3806; x_wconf 78' lang='grc' dir='ltr'>τὸν</span> <span class='ocrx_word' id='word_1_597' title='bbox 3077 3750 3231 3804; x_wconf 81' lang='grc' dir='ltr'>ὕδατι</span> <span class='ocrx_word' id='word_1_598' title='bbox 3273 3748 3627 3819; x_wconf 87' lang='grc' dir='ltr'>τεγγόμενον,</span> 
     </span>
    </p>
   </div>
   <div class='ocr_carea' id='block_1_76' title="bbox 2054 3839 3632 3919">
    <p class='ocr_par' dir='ltr' id='par_1_76' title="bbox 2054 3839 3632 3919">
     <span class='ocr_line' id='line_1_76' title="bbox 2054 3839 3632 3919; baseline -0.007 -16"><span class='ocrx_word' id='word_1_599' title='bbox 2054 3845 2180 3919; x_wconf 83' lang='lat'>[569</span> <span class='ocrx_word' id='word_1_600' title='bbox 2211 3845 2303 3919; x_wconf 86' lang='lat' dir='ltr'>H.]</span> <span class='ocrx_word' id='word_1_601' title='bbox 2337 3843 2455 3902; x_wconf 77' lang='grc' dir='ltr'>εἶτα</span> <span class='ocrx_word' id='word_1_602' title='bbox 2483 3847 2810 3916; x_wconf 87' lang='grc' dir='ltr'>ἐκφαίνοντα</span> <span class='ocrx_word' id='word_1_603' title='bbox 2829 3845 2918 3898; x_wconf 79' lang='grc' dir='ltr'>τὸν</span> <span class='ocrx_word' id='word_1_604' title='bbox 2944 3842 3228 3916; x_wconf 79' lang='grc' dir='ltr'>μηνίσκον,</span> <span class='ocrx_word' id='word_1_605' title='bbox 3253 3841 3347 3895; x_wconf 82' lang='grc' dir='ltr'>καὶ</span> <span class='ocrx_word' id='word_1_606' title='bbox 3365 3841 3452 3894; x_wconf 85' lang='grc' dir='ltr'>διά</span> <span class='ocrx_word' id='word_1_607' title='bbox 3471 3839 3632 3893; x_wconf 79' lang='grc' dir='ltr'>τοῦτο</span> 
     </span>
    </p>
   </div>
   <div class='ocr_carea' id='block_1_77' title="bbox 2052 3931 3631 4012">
    <p class='ocr_par' dir='ltr' id='par_1_77' title="bbox 2052 3931 3631 4012">
     <span class='ocr_line' id='line_1_77' title="bbox 2052 3931 3631 4012; baseline -0.006 -19"><span class='ocrx_word' id='word_1_608' title='bbox 2052 3939 2469 4012; x_wconf 84' lang='grc' dir='ltr'>ὐδροσεληνίτην</span> <span class='ocrx_word' id='word_1_609' title='bbox 2531 3939 2883 4010; x_wconf 87' lang='grc' dir='ltr'>καλούμενον,</span> <span class='ocrx_word' id='word_1_610' title='bbox 2945 3936 3080 3990; x_wconf 87' lang='grc' dir='ltr'>ἀλλά</span> <span class='ocrx_word' id='word_1_611' title='bbox 3134 3934 3277 3988; x_wconf 80' lang='grc' dir='ltr'>κατά</span> <span class='ocrx_word' id='word_1_612' title='bbox 3339 3934 3501 4004; x_wconf 87' lang='grc' dir='ltr'>φύσιν</span> <span class='ocrx_word' id='word_1_613' title='bbox 3529 3931 3631 4000; x_wconf 80' lang='grc' dir='ltr'>τὴν</span> 
     </span>
    </p>
   </div>
   <div class='ocr_carea' id='block_1_78' title="bbox 2053 4022 3629 4098">
    <p class='ocr_par' dir='ltr' id='par_1_78' title="bbox 2053 4022 3629 4098">
     <span class='ocr_line' id='line_1_78' title="bbox 2053 4022 3629 4098; baseline -0.004 -18"><span class='ocrx_word' id='word_1_614' title='bbox 2053 4027 2246 4081; x_wconf 82' lang='grc' dir='ltr'>ἐαυτοῦ</span> <span class='ocrx_word' id='word_1_615' title='bbox 2281 4028 2616 4098; x_wconf 87' lang='grc' dir='ltr'>τρεπόμενον</span> <span class='ocrx_word' id='word_1_616' title='bbox 2646 4028 2732 4080; x_wconf 80' lang='grc' dir='ltr'>ὅτε</span> <span class='ocrx_word' id='word_1_617' title='bbox 2761 4029 2857 4082; x_wconf 76' lang='grc' dir='ltr'>καὶ</span> <span class='ocrx_word' id='word_1_618' title='bbox 2876 4027 3023 4088; x_wconf 81' lang='grc' dir='ltr'>ὅπως</span> <span class='ocrx_word' id='word_1_619' title='bbox 3053 4027 3086 4095; x_wconf 80' lang='grc' dir='ltr'><strong>ἡ</strong></span> <span class='ocrx_word' id='word_1_620' title='bbox 3117 4023 3313 4095; x_wconf 75' lang='grc' dir='ltr'>σελήνη</span> <span class='ocrx_word' id='word_1_621' title='bbox 3351 4022 3629 4093; x_wconf 84' lang='grc' dir='ltr'>τρέποιτο,</span> 
     </span>
    </p>
   </div>
   <div class='ocr_carea' id='block_1_79' title="bbox 382 4108 1952 4191">
    <p class='ocr_par' dir='ltr' id='par_1_79' title="bbox 382 4108 1950 4180">
     <span class='ocr_line' id='line_1_79' title="bbox 382 4108 1950 4180; baseline 0.004 -19"><span class='ocrx_word' id='word_1_622' title='bbox 382 4108 614 4163; x_wconf 84' lang='lat' dir='ltr'><strong>fortasse</strong></span> <span class='ocrx_word' id='word_1_623' title='bbox 641 4110 805 4164; x_wconf 91' lang='lat' dir='ltr'><strong>etiam</strong></span> <span class='ocrx_word' id='word_1_624' title='bbox 839 4110 1002 4166; x_wconf 88' lang='lat' dir='ltr'><strong>rebus</strong></span> <span class='ocrx_word' id='word_1_625' title='bbox 1033 4111 1432 4168; x_wconf 90' lang='lat' dir='ltr'><strong>immortalibus</strong></span> <span class='ocrx_word' id='word_1_626' title='bbox 1471 4111 1667 4166; x_wconf 90' lang='lat' dir='ltr'><strong>accidit</strong></span> <span class='ocrx_word' id='word_1_627' title='bbox 1701 4127 1716 4166; x_wconf 87' lang='lat'><strong>:</strong></span> <span class='ocrx_word' id='word_1_628' title='bbox 1748 4112 1950 4180; x_wconf 85' lang='lat' dir='ltr'><strong>optima</strong></span> 
     </span>
    </p>
   </div>
   <div class='ocr_carea' id='block_1_80' title="bbox 2054 4108 3630 4191">
    <p class='ocr_par' dir='ltr' id='par_1_80' title="bbox 2054 4112 3630 4191">
     <span class='ocr_line' id='line_1_80' title="bbox 2054 4112 3630 4191; baseline -0.004 -20"><span class='ocrx_word' id='word_1_629' title='bbox 2054 4117 2352 4188; x_wconf 84' lang='grc' dir='ltr'>θαυμάσιον</span> <span class='ocrx_word' id='word_1_630' title='bbox 2406 4119 2594 4191; x_wconf 83' lang='grc' dir='ltr'>χρῆμα</span> <span class='ocrx_word' id='word_1_631' title='bbox 2644 4117 2800 4171; x_wconf 76' lang='grc' dir='ltr'>τοῦτό</span> <span class='ocrx_word' id='word_1_632' title='bbox 2880 4133 2944 4185; x_wconf 87' lang='grc' dir='ltr'>γε</span> <span class='ocrx_word' id='word_1_633' title='bbox 3008 4116 3242 4184; x_wconf 86' lang='grc' dir='ltr'>φύσεως.</span> <span class='ocrx_word' id='word_1_634' title='bbox 3297 4113 3514 4183; x_wconf 82' lang='grc' dir='ltr'>Τυφλῆς</span> <span class='ocrx_word' id='word_1_635' title='bbox 3569 4112 3630 4165; x_wconf 76' lang='grc' dir='ltr'>δὲ</span> 
     </span>
    </p>
   </div>
   <div class='ocr_carea' id='block_1_81' title="bbox 381 4201 1952 4281">
    <p class='ocr_par' dir='ltr' id='par_1_81' title="bbox 381 4201 1949 4273">
     <span class='ocr_line' id='line_1_81' title="bbox 381 4201 1949 4273; baseline 0.005 -22"><span class='ocrx_word' id='word_1_636' title='bbox 381 4213 627 4266; x_wconf 87' lang='lat' dir='ltr'><strong>monens,</strong></span> <span class='ocrx_word' id='word_1_637' title='bbox 667 4209 722 4253; x_wconf 87' lang='lat' dir='ltr'>et</span> <span class='ocrx_word' id='word_1_638' title='bbox 758 4201 1006 4258; x_wconf 89' lang='lat' dir='ltr'><strong>oratione</strong></span> <span class='ocrx_word' id='word_1_639' title='bbox 1053 4203 1277 4257; x_wconf 82' lang='lat' dir='ltr'><strong>hortans</strong></span> <span class='ocrx_word' id='word_1_640' title='bbox 1317 4217 1413 4258; x_wconf 89' lang='lat' dir='ltr'>eos</span> <span class='ocrx_word' id='word_1_641' title='bbox 1441 4202 1534 4273; x_wconf 88' lang='lat' dir='ltr'>qui</span> <span class='ocrx_word' id='word_1_642' title='bbox 1562 4203 1614 4257; x_wconf 90' lang='lat' dir='ltr'>in</span> <span class='ocrx_word' id='word_1_643' title='bbox 1645 4217 1808 4273; x_wconf 91' lang='lat' dir='ltr'><strong>opere</strong></span> <span class='ocrx_word' id='word_1_644' title='bbox 1835 4212 1949 4259; x_wconf 87' lang='lat' dir='ltr'><strong>tor-</strong></span> 
     </span>
    </p>
   </div>
   <div class='ocr_carea' id='block_1_82' title="bbox 2054 4201 3629 4281">
    <p class='ocr_par' dir='ltr' id='par_1_82' title="bbox 2054 4203 3629 4281">
     <span class='ocr_line' id='line_1_82' title="bbox 2054 4203 3629 4281; baseline -0.004 -19"><span class='ocrx_word' id='word_1_645' title='bbox 2054 4208 2143 4263; x_wconf 83' lang='grc' dir='ltr'>καὶ</span> <span class='ocrx_word' id='word_1_646' title='bbox 2197 4209 2444 4278; x_wconf 81' lang='grc' dir='ltr'>ἀσαφοῦς</span> <span class='ocrx_word' id='word_1_647' title='bbox 2463 4210 2562 4281; x_wconf 80' lang='grc' dir='ltr'>τῆς</span> <span class='ocrx_word' id='word_1_648' title='bbox 2611 4212 2799 4280; x_wconf 86' lang='grc' dir='ltr'>φήμης</span> <span class='ocrx_word' id='word_1_649' title='bbox 2855 4206 3364 4277; x_wconf 81' lang='grc' dir='ltr'>περιπλανωμένης.</span> <span class='ocrx_word' id='word_1_650' title='bbox 3412 4205 3472 4267; x_wconf 73' lang='grc' dir='ltr'>ὐ</span> <span class='ocrx_word' id='word_1_651' title='bbox 3529 4203 3629 4274; x_wconf 78' lang='grc' dir='ltr'>μὲν</span> 
     </span>
    </p>
   </div>
   <div class='ocr_carea' id='block_1_83' title="bbox 379 4295 3631 4370">
    <p class='ocr_par' dir='ltr' id='par_1_83' title="bbox 379 4295 3631 4370">
     <span class='ocr_line' id='line_1_83' title="bbox 379 4295 3631 4370; baseline -0.003 -14"><span class='ocrx_word' id='word_1_652' title='bbox 379 4301 684 4358; x_wconf 81' lang='lat' dir='ltr'><strong>Pescerent.</strong></span> <span class='ocrx_word' id='word_1_653' title='bbox 2051 4297 2146 4354; x_wconf 84' lang='grc' dir='ltr'>οὖν</span> <span class='ocrx_word' id='word_1_654' title='bbox 2197 4300 2448 4365; x_wconf 86' lang='grc' dir='ltr'>πλεῖστος</span> <span class='ocrx_word' id='word_1_655' title='bbox 2497 4300 2654 4370; x_wconf 86' lang='grc' dir='ltr'>λόγος</span> <span class='ocrx_word' id='word_1_656' title='bbox 2691 4299 3028 4354; x_wconf 87' lang='grc' dir='ltr'>ἀπολωλέναι</span> <span class='ocrx_word' id='word_1_657' title='bbox 3073 4298 3167 4352; x_wconf 85' lang='grc' dir='ltr'>τὸν</span> <span class='ocrx_word' id='word_1_658' title='bbox 3197 4297 3518 4366; x_wconf 73' lang='grc' dir='ltr'>Αίγύπτιον.</span> <span class='ocrx_word' id='word_1_659' title='bbox 3552 4295 3631 4348; x_wconf 88' lang='grc' dir='ltr'>δι-</span> 
     </span>
    </p>
   </div>
   <div class='ocr_carea' id='block_1_84' title="bbox 383 4385 3629 4466">
    <p class='ocr_par' dir='ltr' id='par_1_84' title="bbox 383 4385 3629 4466">
     <span class='ocr_line' id='line_1_84' title="bbox 383 4385 3629 4466; baseline 0.002 -31"><span class='ocrx_word' id='word_1_660' title='bbox 383 4385 610 4454; x_wconf 85' lang='grc' dir='ltr'>εφέρετο</span> <span class='ocrx_word' id='word_1_661' title='bbox 659 4386 716 4440; x_wconf 78' lang='grc' dir='ltr'>δὲ</span> <span class='ocrx_word' id='word_1_662' title='bbox 765 4387 914 4456; x_wconf 81' lang='grc' dir='ltr'>ὅμως</span> <span class='ocrx_word' id='word_1_663' title='bbox 969 4388 1062 4442; x_wconf 76' lang='grc' dir='ltr'>καὶ</span> <span class='ocrx_word' id='word_1_664' title='bbox 1114 4385 1387 4458; x_wconf 88' lang='grc' dir='ltr'>σωτηρίας</span> <span class='ocrx_word' id='word_1_665' title='bbox 1436 4403 1517 4450; x_wconf 87' lang='grc' dir='ltr'>τις</span> <span class='ocrx_word' id='word_1_666' title='bbox 1547 4387 1780 4456; x_wconf 76' lang='grc' dir='ltr'>ἄγγελος</span> <span class='ocrx_word' id='word_1_667' title='bbox 1809 4390 1988 4462; x_wconf 87' lang='grc' dir='ltr'>φήμη.</span> <span class='ocrx_word' id='word_1_668' title='bbox 2053 4394 2163 4448; x_wconf 80' lang='grc' dir='ltr'>Καὶ</span> <span class='ocrx_word' id='word_1_669' title='bbox 2209 4395 2350 4466; x_wconf 82' lang='grc' dir='ltr'>τάχα</span> <span class='ocrx_word' id='word_1_670' title='bbox 2383 4396 2448 4450; x_wconf 82' lang='grc' dir='ltr'>ἂν</span> <span class='ocrx_word' id='word_1_671' title='bbox 2475 4395 2567 4466; x_wconf 73' lang='grc' dir='ltr'>ἥδε</span> <span class='ocrx_word' id='word_1_672' title='bbox 2603 4396 2638 4466; x_wconf 85' lang='grc' dir='ltr'>ή</span> <span class='ocrx_word' id='word_1_673' title='bbox 2689 4391 2836 4464; x_wconf 80' lang='grc' dir='ltr'>πάθη</span> <span class='ocrx_word' id='word_1_674' title='bbox 2861 4391 3221 4466; x_wconf 85' lang='grc' dir='ltr'>άπροαίρετος</span> <span class='ocrx_word' id='word_1_675' title='bbox 3255 4392 3322 4446; x_wconf 84' lang='grc' dir='ltr'>ἂν</span> <span class='ocrx_word' id='word_1_676' title='bbox 3350 4392 3470 4462; x_wconf 84' lang='grc' dir='ltr'>εῐη,</span> <span class='ocrx_word' id='word_1_677' title='bbox 3532 4404 3629 4454; x_wconf 73' lang='grc' dir='ltr'>και</span> 
     </span>
    </p>
   </div>
   <div class='ocr_carea' id='block_1_85' title="bbox 379 4471 3626 4558">
    <p class='ocr_par' dir='ltr' id='par_1_85' title="bbox 379 4471 3626 4558">
     <span class='ocr_line' id='line_1_85' title="bbox 379 4471 3626 4558; baseline 0.002 -28"><span class='ocrx_word' id='word_1_678' title='bbox 379 4471 467 4530; x_wconf 74' lang='grc' dir='ltr'>διὰ</span> <span class='ocrx_word' id='word_1_679' title='bbox 497 4477 658 4531; x_wconf 83' lang='grc' dir='ltr'>τοῦτο</span> <span class='ocrx_word' id='word_1_680' title='bbox 694 4478 980 4549; x_wconf 88' lang='grc' dir='ltr'>συμϐαίνοι</span> <span class='ocrx_word' id='word_1_681' title='bbox 1033 4479 1102 4532; x_wconf 77' lang='grc' dir='ltr'>ἂν</span> <span class='ocrx_word' id='word_1_682' title='bbox 1159 4479 1288 4542; x_wconf 75' lang='grc' dir='ltr'>ἴσως</span> <span class='ocrx_word' id='word_1_683' title='bbox 1353 4478 1448 4532; x_wconf 76' lang='grc' dir='ltr'>καὶ</span> <span class='ocrx_word' id='word_1_684' title='bbox 1505 4482 1624 4544; x_wconf 88' lang='grc' dir='ltr'>ταῖς</span> <span class='ocrx_word' id='word_1_685' title='bbox 1698 4481 2018 4553; x_wconf 83' lang='grc' dir='ltr'>ἀκηράτοις.</span> <span class='ocrx_word' id='word_1_686' title='bbox 2061 4486 2141 4540; x_wconf 83' lang='grc' dir='ltr'>Τὰ</span> <span class='ocrx_word' id='word_1_687' title='bbox 2178 4487 2426 4557; x_wconf 79' lang='grc' dir='ltr'>βέλτιστα</span> <span class='ocrx_word' id='word_1_688' title='bbox 2445 4487 2746 4558; x_wconf 84' lang='grc' dir='ltr'>παραινῶν,</span> <span class='ocrx_word' id='word_1_689' title='bbox 2769 4487 2865 4540; x_wconf 72' lang='grc' dir='ltr'>καὶ</span> <span class='ocrx_word' id='word_1_690' title='bbox 2894 4485 3212 4557; x_wconf 81' lang='grc' dir='ltr'>παροξύνων</span> <span class='ocrx_word' id='word_1_691' title='bbox 3236 4482 3312 4556; x_wconf 81' lang='grc' dir='ltr'>τῷ</span> <span class='ocrx_word' id='word_1_692' title='bbox 3340 4484 3482 4556; x_wconf 74' lang='grc' dir='ltr'>λόγῳ</span> <span class='ocrx_word' id='word_1_693' title='bbox 3500 4484 3626 4546; x_wconf 78' lang='grc' dir='ltr'>τοὺς</span> 
     </span>
    </p>
   </div>
   <div class='ocr_carea' id='block_1_86' title="bbox 379 4566 1135 4638">
    <p class='ocr_par' dir='ltr' id='par_1_86' title="bbox 379 4566 1135 4638">
     <span class='ocr_line' id='line_1_86' title="bbox 379 4566 1135 4638; baseline -0.001 -17"><span class='ocrx_word' id='word_1_694' title='bbox 379 4571 438 4621; x_wconf 81' lang='grc' dir='ltr'>ἐν</span> <span class='ocrx_word' id='word_1_695' title='bbox 475 4566 552 4638; x_wconf 80' lang='grc' dir='ltr'>τῷ</span> <span class='ocrx_word' id='word_1_696' title='bbox 580 4566 726 4638; x_wconf 77' lang='grc' dir='ltr'>ἔργῳ</span> <span class='ocrx_word' id='word_1_697' title='bbox 755 4567 1135 4638; x_wconf 83' lang='grc' dir='ltr'>βλακεύοντας.</span> 
     </span>
    </p>
   </div>
   <div class='ocr_carea' id='block_1_87' title="bbox 453 4655 1952 4734">
    <p class='ocr_par' dir='ltr' id='par_1_87' title="bbox 453 4657 1952 4734">
     <span class='ocr_line' id='line_1_87' title="bbox 453 4657 1952 4734; baseline 0.003 -21"><span class='ocrx_word' id='word_1_698' title='bbox 453 4657 588 4713; x_wconf 88' lang='lat' dir='ltr'><strong>Cum</strong></span> <span class='ocrx_word' id='word_1_699' title='bbox 634 4668 743 4714; x_wconf 89' lang='lat' dir='ltr'><strong>tres</strong></span> <span class='ocrx_word' id='word_1_700' title='bbox 773 4660 882 4714; x_wconf 86' lang='lat' dir='ltr'><strong>sint</strong></span> <span class='ocrx_word' id='word_1_701' title='bbox 907 4661 1102 4712; x_wconf 73' lang='lat' dir='ltr'><strong>anima:</strong></span> <span class='ocrx_word' id='word_1_702' title='bbox 1135 4662 1366 4729; x_wconf 89' lang='lat' dir='ltr'><strong>species,</strong></span> <span class='ocrx_word' id='word_1_703' title='bbox 1399 4661 1595 4731; x_wconf 82' lang='lat' dir='ltr'><strong>triplex</strong></span> <span class='ocrx_word' id='word_1_704' title='bbox 1629 4663 1790 4718; x_wconf 82' lang='lat' dir='ltr'><strong>etiam</strong></span> <span class='ocrx_word' id='word_1_705' title='bbox 1816 4664 1952 4734; x_wconf 80' lang='lat' dir='ltr'><strong>poli-</strong></span> 
     </span>
    </p>
   </div>
   <div class='ocr_carea' id='block_1_88' title="bbox 2054 4655 3622 4734">
    <p class='ocr_par' dir='ltr' id='par_1_88' title="bbox 2129 4655 3622 4734">
     <span class='ocr_line' id='line_1_88' title="bbox 2129 4655 3622 4734; baseline -0.005 -18"><span class='ocrx_word' id='word_1_706' title='bbox 2129 4663 2252 4716; x_wconf 85' lang='grc' dir='ltr'>’Ὁτι</span> <span class='ocrx_word' id='word_1_707' title='bbox 2271 4679 2439 4734; x_wconf 82' lang='grc' dir='ltr'>τριων</span> <span class='ocrx_word' id='word_1_708' title='bbox 2487 4661 2658 4716; x_wconf 77' lang='grc' dir='ltr'>ὄντων</span> <span class='ocrx_word' id='word_1_709' title='bbox 2689 4660 2843 4714; x_wconf 88' lang='grc' dir='ltr'>είδῶν</span> <span class='ocrx_word' id='word_1_710' title='bbox 2888 4659 2986 4730; x_wconf 84' lang='grc' dir='ltr'>τῆς</span> <span class='ocrx_word' id='word_1_711' title='bbox 3035 4657 3235 4732; x_wconf 81' lang='grc' dir='ltr'>ψυχῆς,</span> <span class='ocrx_word' id='word_1_712' title='bbox 3266 4655 3456 4730; x_wconf 78' lang='grc' dir='ltr'>τριττὴ</span> <span class='ocrx_word' id='word_1_713' title='bbox 3474 4658 3622 4727; x_wconf 79' lang='grc' dir='ltr'>καὶὴ</span> 
     </span>
    </p>
   </div>
   <div class='ocr_carea' id='block_1_89' title="bbox 383 4748 1952 4826">
    <p class='ocr_par' dir='ltr' id='par_1_89' title="bbox 383 4750 1947 4818">
     <span class='ocr_line' id='line_1_89' title="bbox 383 4750 1947 4818; baseline 0.003 -15"><span class='ocrx_word' id='word_1_714' title='bbox 383 4750 502 4806; x_wconf 70' lang='grc' dir='ltr'>ιὶοω</span> <span class='ocrx_word' id='word_1_715' title='bbox 548 4751 711 4813; x_wconf 88' lang='lat' dir='ltr'><strong>ratio,</strong></span> <span class='ocrx_word' id='word_1_716' title='bbox 758 4765 987 4818; x_wconf 89' lang='lat' dir='ltr'><strong>quarum</strong></span> <span class='ocrx_word' id='word_1_717' title='bbox 1031 4751 1284 4818; x_wconf 69' lang='lat' dir='ltr'><strong>quaelibet</strong></span> <span class='ocrx_word' id='word_1_718' title='bbox 1322 4761 1432 4807; x_wconf 85' lang='lat' dir='ltr'><strong>tres</strong></span> <span class='ocrx_word' id='word_1_719' title='bbox 1478 4753 1597 4807; x_wconf 90' lang='lat' dir='ltr'><strong>illas</strong></span> <span class='ocrx_word' id='word_1_720' title='bbox 1632 4753 1815 4815; x_wconf 86' lang='lat' dir='ltr'><strong>habet,</strong></span> <span class='ocrx_word' id='word_1_721' title='bbox 1853 4755 1947 4808; x_wconf 91' lang='lat' dir='ltr'>sed</span> 
     </span>
    </p>
   </div>
   <div class='ocr_carea' id='block_1_90' title="bbox 2054 4748 3625 4826">
    <p class='ocr_par' dir='ltr' id='par_1_90' title="bbox 2057 4748 3625 4826">
     <span class='ocr_line' id='line_1_90' title="bbox 2057 4748 3625 4826; baseline -0.005 -16"><span class='ocrx_word' id='word_1_722' title='bbox 2057 4755 2320 4822; x_wconf 87' lang='grc' dir='ltr'>πολιτεία,</span> <span class='ocrx_word' id='word_1_723' title='bbox 2343 4755 2439 4808; x_wconf 77' lang='grc' dir='ltr'>καὶ</span> <span class='ocrx_word' id='word_1_724' title='bbox 2476 4753 2589 4826; x_wconf 76' lang='grc' dir='ltr'>ἔχει</span> <span class='ocrx_word' id='word_1_725' title='bbox 2619 4755 2716 4826; x_wconf 79' lang='grc' dir='ltr'>μὲν</span> <span class='ocrx_word' id='word_1_726' title='bbox 2769 4753 2972 4824; x_wconf 75' lang='grc' dir='ltr'>ἑκάστη</span> <span class='ocrx_word' id='word_1_727' title='bbox 3011 4751 3112 4815; x_wconf 83' lang='grc' dir='ltr'>τὰς</span> <span class='ocrx_word' id='word_1_728' title='bbox 3143 4752 3315 4822; x_wconf 83' lang='grc' dir='ltr'>τρεῖς,</span> <span class='ocrx_word' id='word_1_729' title='bbox 3341 4749 3503 4823; x_wconf 82' lang='grc'>[1068</span> <span class='ocrx_word' id='word_1_730' title='bbox 3529 4748 3625 4820; x_wconf 84' lang='lat' dir='ltr'><strong>R.]</strong></span> 
     </span>
    </p>
   </div>
   <div class='ocr_carea' id='block_1_91' title="bbox 379 4839 1952 4918">
    <p class='ocr_par' dir='ltr' id='par_1_91' title="bbox 379 4843 1949 4915">
     <span class='ocr_line' id='line_1_91' title="bbox 379 4843 1949 4915; baseline 0.003 -19"><span class='ocrx_word' id='word_1_731' title='bbox 379 4857 484 4897; x_wconf 91' lang='lat' dir='ltr'>una</span> <span class='ocrx_word' id='word_1_732' title='bbox 513 4845 779 4912; x_wconf 71' lang='lat' dir='ltr'><strong>praecipua</strong></span> <span class='ocrx_word' id='word_1_733' title='bbox 809 4843 985 4905; x_wconf 80' lang='lat' dir='ltr'><strong>forma</strong></span> <span class='ocrx_word' id='word_1_734' title='bbox 1026 4853 1131 4909; x_wconf 84' lang='lat' dir='ltr'><strong>est,</strong></span> <span class='ocrx_word' id='word_1_735' title='bbox 1157 4859 1186 4898; x_wconf 87' lang='lat' dir='ltr'>a</span> <span class='ocrx_word' id='word_1_736' title='bbox 1209 4860 1312 4913; x_wconf 84' lang='lat' dir='ltr'>qua</span> <span class='ocrx_word' id='word_1_737' title='bbox 1341 4845 1659 4914; x_wconf 87' lang='lat' dir='ltr'><strong>appellatur,</strong></span> <span class='ocrx_word' id='word_1_738' title='bbox 1692 4861 1755 4902; x_wconf 89' lang='lat' dir='ltr'>ac</span> <span class='ocrx_word' id='word_1_739' title='bbox 1780 4846 1949 4915; x_wconf 91' lang='lat' dir='ltr'><strong>prima</strong></span> 
     </span>
    </p>
   </div>
   <div class='ocr_carea' id='block_1_92' title="bbox 2054 4839 3629 4918">
    <p class='ocr_par' dir='ltr' id='par_1_92' title="bbox 2055 4839 3629 4918">
     <span class='ocr_line' id='line_1_92' title="bbox 2055 4839 3629 4918; baseline -0.008 -16"><span class='ocrx_word' id='word_1_740' title='bbox 2055 4848 2174 4902; x_wconf 85' lang='grc' dir='ltr'>ἀλλ’</span> <span class='ocrx_word' id='word_1_741' title='bbox 2213 4847 2294 4906; x_wconf 72' lang='grc' dir='ltr'>ἐνὶ</span> <span class='ocrx_word' id='word_1_742' title='bbox 2347 4844 2740 4918; x_wconf 84' lang='grc' dir='ltr'>διαμορφοῠται</span> <span class='ocrx_word' id='word_1_743' title='bbox 2770 4845 2865 4899; x_wconf 76' lang='grc' dir='ltr'>καὶ</span> <span class='ocrx_word' id='word_1_744' title='bbox 2915 4841 3236 4913; x_wconf 76' lang='grc' dir='ltr'>ὀνομάζεται</span> <span class='ocrx_word' id='word_1_745' title='bbox 3273 4839 3351 4909; x_wconf 85' lang='grc' dir='ltr'>τῷ</span> <span class='ocrx_word' id='word_1_746' title='bbox 3395 4839 3629 4908; x_wconf 86' lang='grc' dir='ltr'>ἐπικρα-</span> 
     </span>
    </p>
   </div>
   <div class='ocr_carea' id='block_1_93' title="bbox 377 4931 1952 5008">
    <p class='ocr_par' dir='ltr' id='par_1_93' title="bbox 377 4935 1945 5008">
     <span class='ocr_line' id='line_1_93' title="bbox 377 4935 1945 5008; baseline 0.003 -21"><span class='ocrx_word' id='word_1_747' title='bbox 377 4935 596 5002; x_wconf 88' lang='lat' dir='ltr'><strong>quidem</strong></span> <span class='ocrx_word' id='word_1_748' title='bbox 631 4937 895 4989; x_wconf 82' lang='lat' dir='ltr'><strong>rationem</strong></span> <span class='ocrx_word' id='word_1_749' title='bbox 935 4945 1120 4990; x_wconf 85' lang='lat' dir='ltr'><strong>secuta</strong></span> <span class='ocrx_word' id='word_1_750' title='bbox 1151 4949 1234 4992; x_wconf 83' lang='lat' dir='ltr'>est</span> <span class='ocrx_word' id='word_1_751' title='bbox 1264 4937 1478 5002; x_wconf 88' lang='lat' dir='ltr'><strong>ducem,</strong></span> <span class='ocrx_word' id='word_1_752' title='bbox 1507 4937 1808 5008; x_wconf 63' lang='lat' dir='ltr'><strong>cuiusmodi</strong></span> <span class='ocrx_word' id='word_1_753' title='bbox 1837 4937 1945 4992; x_wconf 89' lang='lat' dir='ltr'><strong>vita</strong></span> 
     </span>
    </p>
   </div>
   <div class='ocr_carea' id='block_1_94' title="bbox 2054 4931 3626 5008">
    <p class='ocr_par' dir='ltr' id='par_1_94' title="bbox 2054 4931 3626 5008">
     <span class='ocr_line' id='line_1_94' title="bbox 2054 4931 3626 5008; baseline -0.006 -15"><span class='ocrx_word' id='word_1_754' title='bbox 2054 4938 2259 4993; x_wconf 84' lang='grc' dir='ltr'>τοῦντι.</span> <span class='ocrx_word' id='word_1_755' title='bbox 2318 4938 2430 4992; x_wconf 77' lang='grc' dir='ltr'>Καὶ</span> <span class='ocrx_word' id='word_1_756' title='bbox 2484 4938 2627 5008; x_wconf 87' lang='grc' dir='ltr'>λόγῳ</span> <span class='ocrx_word' id='word_1_757' title='bbox 2675 4937 2773 5007; x_wconf 74' lang='grc' dir='ltr'>μὲν</span> <span class='ocrx_word' id='word_1_758' title='bbox 2822 4936 3081 4999; x_wconf 78' lang='grc' dir='ltr'>ἰθύνεται,</span> <span class='ocrx_word' id='word_1_759' title='bbox 3130 4933 3260 4996; x_wconf 84' lang='grc' dir='ltr'>ὼςὸ</span> <span class='ocrx_word' id='word_1_760' title='bbox 3293 4931 3386 4984; x_wconf 76' lang='grc' dir='ltr'>ἐπὶ</span> <span class='ocrx_word' id='word_1_761' title='bbox 3413 4931 3626 5001; x_wconf 78' lang='grc' dir='ltr'>Κρόνου</span> 
     </span>
    </p>
   </div>
   <div class='ocr_carea' id='block_1_95' title="bbox 375 5021 1952 5099">
    <p class='ocr_par' dir='ltr' id='par_1_95' title="bbox 375 5021 1949 5094">
     <span class='ocr_line' id='line_1_95' title="bbox 375 5021 1949 5094; baseline 0.005 -20"><span class='ocrx_word' id='word_1_762' title='bbox 375 5032 428 5076; x_wconf 88' lang='lat' dir='ltr'>et</span> <span class='ocrx_word' id='word_1_763' title='bbox 456 5024 762 5093; x_wconf 85' lang='lat' dir='ltr'><strong>respublica</strong></span> <span class='ocrx_word' id='word_1_764' title='bbox 787 5023 887 5077; x_wconf 81' lang='lat' dir='ltr'>sub</span> <span class='ocrx_word' id='word_1_765' title='bbox 919 5021 1153 5082; x_wconf 81' lang='lat' dir='ltr'><strong>Saturno</strong></span> <span class='ocrx_word' id='word_1_766' title='bbox 1175 5023 1295 5092; x_wconf 89' lang='lat' dir='ltr'><strong>fuit,</strong></span> <span class='ocrx_word' id='word_1_767' title='bbox 1319 5040 1438 5094; x_wconf 64' lang='lat' dir='ltr'>qua</span> <span class='ocrx_word' id='word_1_768' title='bbox 1459 5040 1620 5081; x_wconf 86' lang='lat' dir='ltr'><strong>aurea</strong></span> <span class='ocrx_word' id='word_1_769' title='bbox 1650 5036 1783 5080; x_wconf 70' lang='lat' dir='ltr'><strong>aetas</strong></span> <span class='ocrx_word' id='word_1_770' title='bbox 1815 5027 1949 5082; x_wconf 89' lang='lat' dir='ltr'><strong>dici-</strong></span> 
     </span>
    </p>
   </div>
   <div class='ocr_carea' id='block_1_96' title="bbox 2054 5021 3626 5099">
    <p class='ocr_par' dir='ltr' id='par_1_96' title="bbox 2055 5022 3626 5099">
     <span class='ocr_line' id='line_1_96' title="bbox 2055 5022 3626 5099; baseline -0.006 -19"><span class='ocrx_word' id='word_1_771' title='bbox 2055 5027 2189 5097; x_wconf 82' lang='grc' dir='ltr'>βίος,</span> <span class='ocrx_word' id='word_1_772' title='bbox 2220 5029 2254 5099; x_wconf 81' lang='grc' dir='ltr'><strong>ἡ</strong></span> <span class='ocrx_word' id='word_1_773' title='bbox 2285 5027 2555 5097; x_wconf 89' lang='grc' dir='ltr'>λεγομένη</span> <span class='ocrx_word' id='word_1_774' title='bbox 2585 5027 2759 5098; x_wconf 79' lang='grc' dir='ltr'>χρυσῆ</span> <span class='ocrx_word' id='word_1_775' title='bbox 2783 5023 2964 5094; x_wconf 81' lang='grc' dir='ltr'>γενεὰ,</span> <span class='ocrx_word' id='word_1_776' title='bbox 2992 5024 3107 5095; x_wconf 78' lang='grc' dir='ltr'>ῆτὸ</span> <span class='ocrx_word' id='word_1_777' title='bbox 3133 5023 3272 5076; x_wconf 86' lang='grc' dir='ltr'>θεῶν</span> <span class='ocrx_word' id='word_1_778' title='bbox 3292 5022 3626 5092; x_wconf 89' lang='grc' dir='ltr'>ἀγχίσπορον</span> 
     </span>
    </p>
   </div>
   <div class='ocr_carea' id='block_1_97' title="bbox 376 5110 1952 5191">
    <p class='ocr_par' dir='ltr' id='par_1_97' title="bbox 376 5117 1948 5188">
     <span class='ocr_line' id='line_1_97' title="bbox 376 5117 1948 5188; baseline 0.005 -23"><span class='ocrx_word' id='word_1_779' title='bbox 376 5121 486 5183; x_wconf 87' lang='lat' dir='ltr'><strong>tur,</strong></span> <span class='ocrx_word' id='word_1_780' title='bbox 519 5117 602 5172; x_wconf 88' lang='lat' dir='ltr'>vel</span> <span class='ocrx_word' id='word_1_781' title='bbox 627 5132 796 5188; x_wconf 73' lang='lat' dir='ltr'><strong>genus</strong></span> <span class='ocrx_word' id='word_1_782' title='bbox 819 5118 1125 5185; x_wconf 80' lang='lat' dir='ltr'><strong>proximum</strong></span> <span class='ocrx_word' id='word_1_783' title='bbox 1152 5117 1273 5184; x_wconf 90' lang='lat' dir='ltr'><strong>diis,</strong></span> <span class='ocrx_word' id='word_1_784' title='bbox 1297 5126 1355 5173; x_wconf 88' lang='lat' dir='ltr'>ut</span> <span class='ocrx_word' id='word_1_785' title='bbox 1379 5117 1573 5174; x_wconf 79' lang='lat' dir='ltr'><strong>fabulae</strong></span> <span class='ocrx_word' id='word_1_786' title='bbox 1597 5119 1755 5173; x_wconf 89' lang='lat' dir='ltr'><strong>modo</strong></span> <span class='ocrx_word' id='word_1_787' title='bbox 1776 5128 1948 5186; x_wconf 81' lang='lat' dir='ltr'><strong>poetae</strong></span> 
     </span>
    </p>
   </div>
   <div class='ocr_carea' id='block_1_98' title="bbox 2054 5110 3626 5191">
    <p class='ocr_par' dir='ltr' id='par_1_98' title="bbox 2054 5110 3626 5191">
     <span class='ocr_line' id='line_1_98' title="bbox 2054 5110 3626 5191; baseline -0.007 -18"><span class='ocrx_word' id='word_1_788' title='bbox 2054 5119 2232 5188; x_wconf 84' lang='grc' dir='ltr'>γένος,</span> <span class='ocrx_word' id='word_1_789' title='bbox 2258 5113 2347 5174; x_wconf 79' lang='grc' dir='ltr'>οἷα</span> <span class='ocrx_word' id='word_1_790' title='bbox 2372 5120 2432 5175; x_wconf 87' lang='grc' dir='ltr'>ἐν</span> <span class='ocrx_word' id='word_1_791' title='bbox 2464 5120 2702 5191; x_wconf 84' lang='grc' dir='ltr'>σχήματι</span> <span class='ocrx_word' id='word_1_792' title='bbox 2756 5115 2927 5187; x_wconf 87' lang='grc' dir='ltr'>μύθου</span> <span class='ocrx_word' id='word_1_793' title='bbox 2975 5115 3330 5186; x_wconf 88' lang='grc' dir='ltr'>σεμνύνουσιν</span> <span class='ocrx_word' id='word_1_794' title='bbox 3379 5113 3427 5166; x_wconf 83' lang='grc' dir='ltr'>οἱ</span> <span class='ocrx_word' id='word_1_795' title='bbox 3457 5113 3515 5164; x_wconf 83' lang='grc' dir='ltr'>ἐν</span> <span class='ocrx_word' id='word_1_796' title='bbox 3547 5110 3626 5181; x_wconf 83' lang='grc' dir='ltr'>τῷ</span> 
     </span>
    </p>
   </div>
   <div class='ocr_carea' id='block_1_99' title="bbox 1682 5250 2359 5310">
    <p class='ocr_par' dir='ltr' id='par_1_99' title="bbox 1682 5250 2359 5310">
     <span class='ocr_line' id='line_1_99' title="bbox 1682 5250 2359 5310; baseline 0.006 -4"><span class='ocrx_word' id='word_1_797' title='bbox 1682 5250 1913 5306; x_wconf 77' lang='lat' dir='ltr'>VARUE</span> <span class='ocrx_word' id='word_1_798' title='bbox 1955 5251 2252 5309; x_wconf 76' lang='lat' dir='ltr'>LECTION</span> <span class='ocrx_word' id='word_1_799' title='bbox 2259 5255 2359 5310; x_wconf 86' lang='lat' dir='ltr'>ES.</span> 
     </span>
    </p>
   </div>
   <div class='ocr_carea' id='block_1_100' title="bbox 1403 5335 3628 5414">
    <p class='ocr_par' dir='ltr' id='par_1_100' title="bbox 1403 5335 3628 5414">
     <span class='ocr_line' id='line_1_100' title="bbox 1403 5335 3628 5414; baseline -0.004 -19"><span class='ocrx_word' id='word_1_800' title='bbox 1403 5340 1669 5414; x_wconf 63' lang='lat' dir='ltr'><strong>fdvlqra]</strong></span> <span class='ocrx_word' id='word_1_801' title='bbox 1707 5343 1818 5396; x_wconf 79' lang='grc' dir='ltr'>ἄνω</span> <span class='ocrx_word' id='word_1_802' title='bbox 1846 5343 1914 5396; x_wconf 86' lang='grc' dir='ltr'>τά</span> <span class='ocrx_word' id='word_1_803' title='bbox 1945 5343 2011 5414; x_wconf 80' lang='grc' dir='ltr'>ᾼ.</span> <span class='ocrx_word' id='word_1_804' title='bbox 2084 5344 2517 5414; x_wconf 15' lang='grc' dir='ltr'>⁷,προϐεϐηκότα</span> <span class='ocrx_word' id='word_1_805' title='bbox 2551 5359 2665 5400; x_wconf 91' lang='lat' dir='ltr'>om.</span> <span class='ocrx_word' id='word_1_806' title='bbox 2701 5343 2783 5414; x_wconf 87' lang='lat' dir='ltr'>B._</span> <span class='ocrx_word' id='word_1_807' title='bbox 2840 5342 3046 5414; x_wconf 74' lang='grc' dir='ltr'>’ἥνυτε</span> <span class='ocrx_word' id='word_1_808' title='bbox 3067 5340 3157 5414; x_wconf 54' lang='grc' dir='ltr'>Βέ</span> <span class='ocrx_word' id='word_1_809' title='bbox 3187 5340 3313 5408; x_wconf 79' lang='grc' dir='ltr'>ήνυε</span> <span class='ocrx_word' id='word_1_810' title='bbox 3341 5355 3403 5414; x_wconf 62' lang='grc' dir='ltr'>ς.</span> <span class='ocrx_word' id='word_1_811' title='bbox 3482 5335 3628 5414; x_wconf 46' lang='lat' dir='ltr'><strong>{tu}</strong></span> 
     </span>
    </p>
   </div>
   <div class='ocr_carea' id='block_1_101' title="bbox 446 5338 1327 5411">
    <p class='ocr_par' dir='ltr' id='par_1_101' title="bbox 446 5338 1327 5411">
     <span class='ocr_line' id='line_1_101' title="bbox 446 5338 1327 5411; baseline 0.002 -18"><span class='ocrx_word' id='word_1_812' title='bbox 446 5342 470 5373; x_wconf 69' lang='grc' dir='ltr'>δ</span> <span class='ocrx_word' id='word_1_813' title='bbox 499 5338 576 5411; x_wconf 77' lang='grc' dir='ltr'>δὲ]</span> <span class='ocrx_word' id='word_1_814' title='bbox 601 5340 661 5394; x_wconf 78' lang='grc' dir='ltr'>δέ</span> <span class='ocrx_word' id='word_1_815' title='bbox 688 5357 742 5393; x_wconf 91' lang='grc' dir='ltr'>τι</span> <span class='ocrx_word' id='word_1_816' title='bbox 774 5339 849 5393; x_wconf 93' lang='lat' dir='ltr'>id.</span> <span class='ocrx_word' id='word_1_817' title='bbox 926 5340 946 5371; x_wconf 83' lang='lat'><strong>&#39;</strong></span> <span class='ocrx_word' id='word_1_818' title='bbox 966 5339 1044 5409; x_wconf 79' lang='grc' dir='ltr'>δὴ</span> <span class='ocrx_word' id='word_1_819' title='bbox 1067 5356 1175 5411; x_wconf 69' lang='lat' dir='ltr'>om.</span> <span class='ocrx_word' id='word_1_820' title='bbox 1214 5340 1327 5411; x_wconf 64' lang='grc' dir='ltr'>ΑΟ.</span> 
     </span>
    </p>
   </div>
   <div class='ocr_carea' id='block_1_102' title="bbox 1300 5402 3623 5484">
    <p class='ocr_par' dir='ltr' id='par_1_102' title="bbox 1300 5402 3623 5484">
     <span class='ocr_line' id='line_1_102' title="bbox 1300 5402 3623 5484; baseline 0.003 -22"><span class='ocrx_word' id='word_1_821' title='bbox 1300 5402 1745 5482; x_wconf 71' lang='grc' dir='ltr'>συνδιαιτώμένος</span> <span class='ocrx_word' id='word_1_822' title='bbox 1788 5415 1856 5476; x_wconf 77' lang='grc' dir='ltr'>Α,</span> <span class='ocrx_word' id='word_1_823' title='bbox 1893 5402 2304 5483; x_wconf 62' lang='grc' dir='ltr'>ἐνδιαιτώμενος</span> <span class='ocrx_word' id='word_1_824' title='bbox 2351 5402 2392 5469; x_wconf 78' lang='grc' dir='ltr'>Β</span> <span class='ocrx_word' id='word_1_825' title='bbox 2429 5430 2444 5469; x_wconf 89' lang='lat'><strong>:</strong></span> <span class='ocrx_word' id='word_1_826' title='bbox 2486 5402 2954 5484; x_wconf 78' lang='grc' dir='ltr'>συνδιαιτούμενὸς</span> <span class='ocrx_word' id='word_1_827' title='bbox 2981 5429 3039 5476; x_wconf 86' lang='grc' dir='ltr'>ς.</span> <span class='ocrx_word' id='word_1_828' title='bbox 3120 5411 3161 5441; x_wconf 78' lang='grc'>¹¹</span> <span class='ocrx_word' id='word_1_829' title='bbox 3209 5402 3510 5476; x_wconf 63' lang='grc' dir='ltr'>ἇυνοδίταςῖ</span> <span class='ocrx_word' id='word_1_830' title='bbox 3549 5405 3623 5458; x_wconf 70' lang='grc' dir='ltr'>ϐῖ-</span> 
     </span>
    </p>
   </div>
   <div class='ocr_carea' id='block_1_103' title="bbox 379 5405 1249 5480">
    <p class='ocr_par' dir='ltr' id='par_1_103' title="bbox 379 5405 1249 5480">
     <span class='ocr_line' id='line_1_103' title="bbox 379 5405 1249 5480; baseline -0.003 -15"><span class='ocrx_word' id='word_1_831' title='bbox 379 5410 503 5480; x_wconf 62' lang='grc' dir='ltr'>ίιᾶιι.</span> <span class='ocrx_word' id='word_1_832' title='bbox 528 5405 595 5464; x_wconf 63' lang='grc' dir='ltr'>Χ.</span> <span class='ocrx_word' id='word_1_833' title='bbox 671 5411 715 5443; x_wconf 79' lang='grc'><strong><em>³⁸</em></strong></span> <span class='ocrx_word' id='word_1_834' title='bbox 739 5405 1044 5480; x_wconf 72' lang='grc' dir='ltr'>παρεῖνταί</span> <span class='ocrx_word' id='word_1_835' title='bbox 1209 5405 1249 5440; x_wconf 78' lang='grc'>¹¹</span> 
     </span>
    </p>
   </div>
   <div class='ocr_carea' id='block_1_104' title="bbox 382 5477 1137 5548">
    <p class='ocr_par' dir='ltr' id='par_1_104' title="bbox 382 5477 1137 5548">
     <span class='ocr_line' id='line_1_104' title="bbox 382 5477 1137 5548; baseline 0.001 -18"><span class='ocrx_word' id='word_1_836' title='bbox 382 5477 698 5535; x_wconf 81' lang='lat' dir='ltr'><strong>Boissonad.</strong></span> <span class='ocrx_word' id='word_1_837' title='bbox 737 5477 930 5533; x_wconf 77' lang='lat' dir='ltr'><strong>Mai-in.</strong></span> <span class='ocrx_word' id='word_1_838' title='bbox 962 5495 1014 5548; x_wconf 92' lang='lat' dir='ltr'>p.</span> <span class='ocrx_word' id='word_1_839' title='bbox 1047 5479 1137 5535; x_wconf 89' lang='lat'>90.</span> 
     </span>
    </p>
   </div>
   <div class='ocr_carea' id='block_1_105' title="bbox 1414 5570 2097 5628">
    <p class='ocr_par' dir='ltr' id='par_1_105' title="bbox 1414 5570 2097 5628">
     <span class='ocr_line' id='line_1_105' title="bbox 1414 5570 2097 5628; baseline 0.003 -2"><span class='ocrx_word' id='word_1_840' title='bbox 1414 5601 1424 5610; x_wconf 69' lang='grc' dir='ltr'>ι</span> <span class='ocrx_word' id='word_1_841' title='bbox 1870 5570 2097 5628; x_wconf 74' lang='grc' dir='ltr'>ΝυΤᾹΞ.</span> 
     </span>
    </p>
   </div>
   <div class='ocr_carea' id='block_1_106' title="bbox 451 5572 2081 5735">
    <p class='ocr_par' dir='ltr' id='par_1_106' title="bbox 451 5572 2081 5735">
     <span class='ocr_line' id='line_1_106' title="bbox 1414 5572 2011 5624; baseline 0.003 -2"><span class='ocrx_word' id='word_1_842' title='bbox 1414 5601 1424 5610; x_wconf 67' lang='grc' dir='ltr'>ι</span> <span class='ocrx_word' id='word_1_843' title='bbox 1922 5572 2011 5624; x_wconf 80' lang='lat' dir='ltr'>UT</span> 
     </span>
     <span class='ocr_line' id='line_1_107' title="bbox 451 5572 2081 5735; baseline 0 -15"><span class='ocrx_word' id='word_1_844' title='bbox 451 5662 566 5734; x_wconf 75' lang='lat'>(30)</span> <span class='ocrx_word' id='word_1_845' title='bbox 586 5663 720 5719; x_wconf 82' lang='lat' dir='ltr'><strong>Vide</strong></span> <span class='ocrx_word' id='word_1_846' title='bbox 755 5666 899 5735; x_wconf 84' lang='lat' dir='ltr'><strong>apud</strong></span> <span class='ocrx_word' id='word_1_847' title='bbox 927 5664 1139 5720; x_wconf 85' lang='lat' dir='ltr'><strong>Platon.</strong></span> <span class='ocrx_word' id='word_1_848' title='bbox 1166 5673 1221 5719; x_wconf 89' lang='lat' dir='ltr'>et</span> <span class='ocrx_word' id='word_1_849' title='bbox 1246 5666 1496 5734; x_wconf 86' lang='lat' dir='ltr'><strong>proverb.</strong></span> <span class='ocrx_word' id='word_1_850' title='bbox 1870 5572 1915 5625; x_wconf 73' lang='grc' dir='ltr'><strong>Ν</strong></span> <span class='ocrx_word' id='word_1_851' title='bbox 2017 5572 2081 5626; x_wconf 56' lang='grc' dir='ltr'>ΑΞ</span> 
     </span>
    </p>
   </div>
  </div>
