3990 6232
433 276 571 346 1297

1460 286 1982 347 BIBLIOTHECA.
2022 310 2093 325 -
2130 290 2291 352 COD.
2335 292 2607 353 CCXLII.

3526 296 3529 301 ’
3542 291 3681 359 1298

423 392 640 463 τρίποδι
668 393 769 465 τῆς
792 393 1017 463 Μούσης
1048 394 1349 467 καθήμενοι
1399 398 1639 468 ποιηταί.
1672 398 1841 470 Θυμῷ
1863 399 1920 452 δὲ
1950 399 1994 432 ¹³

2098 401 2150 454 ln
2172 400 2381 471 tripode
2406 416 2571 457 musae
2588 402 2839 458 sedentes
2858 401 3097 458 tradunt.
3121 401 3236 458 Alia
3256 415 3378 472 quae
3398 401 3680 460 iracundia

422 487 845 558 διανισταμένην
898 487 1176 543 πολιτείαν
1203 490 1303 562 τὴν
1330 491 1426 543 ἐπὶ
1451 490 1720 561 πολέμους
1765 493 1863 546 καὶ
1898 493 2001 564 μά-

427 598 548 650 χας,
578 581 678 634 καὶ
707 581 787 646 ῶς
838 582 1049 636 ἐπίπαν
1076 583 1266 652 φάναι,
1294 585 1395 653 τήν
1435 584 1565 656 περὶ
1596 583 1879 654 πρωτείων
1906 585 2002 638 καὶ

424 664 586 743 δόξης
596 673 1025 746 ἀγωνιζομένην,
1050 675 1167 729 οἵαν
1188 676 1235 708 ³⁸
1251 675 1507 744 γενέσθαι
1528 676 1624 745 τὴν
1636 676 1727 729 ἐπὶ
1744 679 1841 746 τῆς
1867 676 2001 729 ἱστο-

427 763 555 833 ρίας
586 764 847 819 ἑκάστοτε
865 765 1238 839 θρυλουμένην
1251 766 1543 838 ἀκούομεν.
1566 767 1870 838 Ἐπιθυμίᾳ
1882 768 1926 801 ¹³
1940 768 1999 821 δὲ

425 855 528 922 τὴν
561 856 813 926 πανταχῆ
834 855 1192 928 διαρῤέουσαν
1216 857 1310 911 καὶ
1340 856 1445 912 ὐπὸ
1472 860 1681 930 τρυφῆς
1700 859 1997 915 ἀκολάστου

424 944 847 1019 διεφθαρμένην,
896 950 1130 1003 ταπεινά
1181 948 1277 1002 καὶ
1329 954 1616 1019 γυναικεῖα
1671 950 1994 1022 φρονοῦσαν,

424 1035 600 1104 δειλίᾳ
620 1037 868 1095 σύνοικον
889 1041 982 1093 καὶ
1002 1039 1060 1094 ἐν
1080 1039 1226 1113 πάσῃ
1261 1040 1454 1111 ὐηνείᾳ
1483 1041 1528 1075 ⁸⁸
1551 1041 1996 1111 καλινδουμένην,

426 1128 823 1200 φιλοχρήμονα,
854 1132 1228 1202 μικροπρεπῆ,
1279 1131 1553 1187 δουλεύειν
1592 1132 1849 1200 ἀσφαλῶς
1879 1132 1998 1186 ἐθέ-

426 1221 625 1275 λουσαν
656 1223 721 1286 ¹¹,
780 1223 873 1277 οἵα
891 1225 1001 1277 τῶν
1024 1226 1083 1277 ὲν
1110 1226 1177 1293 τῇ
1205 1223 1301 1277 νῦν
1328 1206 1538 1291 γενέσει
1567 1223 1999 1293 πολιτευομένων

426 1315 461 1385 ή
513 1314 650 1383 ζωή.
717 1314 1131 1384 Προθυμότατος
1175 1316 1255 1379 είς
1280 1316 1589 1385 ἀποδημίαν
1638 1315 1700 1368 οὐ
1751 1316 1849 1385 τὴν
1890 1315 1996 1384 μά-

425 1418 581 1457 ταιον
626 1404 721 1456 καὶ
776 1402 1092 1472 τρυφῶσαν,
1122 1404 1202 1467 είς
1243 1402 1560 1474 ἀνθρώπινα
1594 1401 1999 1473 οἰκοδομήματα

427 1494 523 1547 καὶ
564 1495 770 1564 μεγέθη
806 1494 901 1549 καὶ
932 1495 1107 1566 κάλλη
1139 1493 1349 1549 πόλεων
1377 1494 1789 1565 διαχαίνουσαν·
1818 1494 2003 1548 ἀλλἐἴ

426 1588 530 1639 πού
568 1603 623 1640 τι
657 1585 968 1656 θαυμαστὸν
993 1588 1286 1659 ἀκήκοενῆ
1340 1586 1688 1659 ίεροπρεπὲς,
1724 1588 1928 1656 ἀφανὲς
1954 1588 1997 1621 ¹⁸

423 1676 458 1747 ἢ
484 1678 651 1746 φανὸν
683 1679 749 1744 ¹⁹,
781 1678 1056 1749 αὐτόπτης
1084 1678 1348 1748 ἠϐούλετο
1374 1679 1627 1747 γενέσθαι
1660 1679 1755 1733 τοῦ
1782 1679 1998 1749 θαύμα-

564 1768 745 1838 Δύτὴν
766 1767 823 1821 δὲ
851 1768 948 1840 τὴν
962 1744 1142 1839 ψυχήν
1164 1771 1223 1823 ὲν
1244 1772 1366 1832 ταῖς
1388 1744 1573 1841 -ίεραῖς
1623 1770 1807 1841 εὐχαῖς
1859 1744 1995 1841 πρὸς
2028 1744 2072 1799 Β

418 1858 543 1912 ὅλον
602 1859 663 1913 τὸ
711 1859 855 1914 θεῖον
896 1861 1135 1929 πέλαγος
1190 1860 1367 1930 ἔλεγε,
1420 1862 1489 1913 τὰ
1522 1862 1619 1931 μὲν
1645 1862 1839 1932 πρῶτα
1865 1880 1991 1915 συν-

419 1952 786 2023 αγειρομένην
810 1952 919 2007 ἀπὸ
968 1951 1067 2007 τοῦ
1118 1952 1372 2023 σώματος
1397 1955 1477 2017 είς
1503 1954 1721 2024 ἑαυτὴν,
1753 1950 1910 2018 αὖθις
1937 1956 1993 2009 δὲ

417 2040 782 2114 ἀξισταμένην
810 2042 920 2098 τῶν
966 2043 1115 2098 ίδίων
1158 2044 1305 2115 ἠθῶν
1335 2044 1432 2098 καὶ
1476 2044 1865 2116 ἀναχωροῦσαν
1886 2045 1995 2099 ἀπὸ

412 2132 528 2185 τῶν
557 2131 791 2199 λογικῶν
820 2133 1041 2189 ἐννοιῶν
1074 2135 1170 2189 ἐπὶ
1207 2136 1306 2199 τὰς
1354 2136 1433 2208 τῷ
1466 2138 1543 2207 νῷ
1585 2140 1889 2205 συγγενεῖς,
1928 2141 1991 2192 ὲκ

416 2220 464 2273 δ’
484 2220 558 2275 αὖ
595 2223 795 2293 τρίτων
842 2224 1205 2279 ἐνθουσιῶσαν
1248 2228 1341 2281 καὶ
1385 2228 1867 2300 παραλλάττουσαν
1913 2233 1995 2293 είς

416 2313 564 2383 ἀήθη
611 2315 732 2370 τινὰ
777 2316 1017 2385 γαλήνην
1066 2317 1161 2373 καὶ
1204 2319 1305 2373 οὐκ
1366 2320 1732 2392 ἀνθρωπίνην.
1793 2320 1994 2375 Τοῦτον

424 2402 666 2458 ἐπαινῶν
711 2406 981 2475 Ἰσίδωρος
1035 2409 1065 2461 ό
1127 2407 1416 2477 φιλόσοφος
1451 2410 1595 2463 κατά
1626 2411 1801 2481 στόμα
1854 2406 1988 2480 εἶχε.

419 2492 778 2565 Μετριωτέρα
824 2496 934 2568 γὰρ
982 2496 1155 2550 πειθὼ
1206 2500 1301 2552 καὶ
1344 2500 1666 2571 παραίνεσις
1690 2504 1787 2571 τῆς
1816 2502 1860 2533 ²⁰
1885 2501 1992 2554 ἀπὸ

418 2583 530 2637 τῶν
561 2584 736 2638 ἀλλων
770 2586 947 2655 λόγων
998 2590 1110 2652 τοῖς
1152 2590 1368 2653 πολλοῖς
1394 2593 1427 2660 ὴ
1466 2592 1573 2643 ἀπὸ
1600 2592 1699 2661 τῆς
1728 2592 1989 2663 ἱστορίας,

420 2674 518 2727 καὶ
542 2675 744 2744 μᾶλλον
774 2677 873 2747 τῆς
897 2677 1262 2749 παλαιοτέρας
1287 2681 1320 2748 ή
1341 2681 1450 2734 ἀπὸ
1470 2681 1570 2751 τῆς
1595 2683 1866 2753 νεωτέρας
1899 2684 1993 2737 καὶ

417 2766 534 2828 τοῖς
587 2767 958 2838 ἀκροωμένοις
1028 2770 1267 2840 φέρουσά
1326 2787 1377 2825 τι
1438 2773 1880 2844 γνωριμώτερον.
1927 2775 1991 2828 Ol

417 2854 478 2909 δὲ
512 2854 603 2909 καὶ
627 2857 686 2909 ὲν
708 2860 821 2921 τοῖς
848 2859 1167 2926 Αἰγυπτίοις
1218 2860 1623 2930 φιλοσοφήμασι
1661 2862 1755 2915 τὸν
1792 2862 1993 2917 Ἰσίδω-

420 2958 515 3014 ρον
544 2947 805 3015 συνεργὸν
822 2948 917 3000 καὶ
940 2949 1347 3019 συγκυνηγέτην
1372 2949 1791 3021 παρελάμϐανον
1824 2952 1868 2983 ἰ
1894 2954 1995 3023 τῆς

417 3032 658 3129 saeuos.
700 3037 1093 3129 κεκρυμμένης
1140 3036 1217 3101 ὡς
1250 3037 1466 3109 ἀληθῶς
1514 3040 1665 3109 ἱερᾶς
1688 3040 1987 3111 ἀληθείαςο
2014 3070 2056 3129 c

418 3122 515 3176 καὶ
541 3123 810 3195 πολλαχοῦ
835 3125 950 3195 φῶς
971 3126 1215 3198 ἀνῆπτεν
1255 3129 1440 3192 αὐτοῖς
1481 3129 1540 3183 ὲν
1570 3131 1689 3194 ταῖς
1727 3131 1988 3204 ζητήσεσι

414 3216 515 3285 τῆς
545 3217 945 3289 ἀρχαιοτρόπου
982 3217 1196 3288 σοφίας.
1241 3219 1315 3273 Τὸ
1365 3220 1425 3273 δὲ
1459 3219 1679 3291 σύμπαν
1712 3222 1862 3293 αὐτῷ
1894 3223 1993 3294 τῆς

416 3307 677 3377 εὐπορίας
703 3308 803 3360 οὐκ
821 3307 930 3361 ἀπὸ
961 3307 1182 3377 βιϐλίων
1198 3309 1293 3362 καὶ
1316 3308 1669 3380 δοξασμάτων
1708 3310 1993 3381 ἐπορίζετο

416 3396 716 3467 ἀλλοτρίων
738 3397 827 3451 διὰ
851 3399 1095 3469 μνήμης,
1150 3398 1268 3453 ἀλλ’
1315 3398 1427 3465 ἕξιν
1493 3401 1617 3456 τινὰ
1645 3402 1869 3470 βεϐαίαν
1899 3407 1993 3461 καὶ

417 3488 706 3561 πάμφορον
731 3488 993 3560 ἀληθείας
1044 3491 1143 3559 τῆς
1192 3508 1258 3561 γε
1299 3491 1557 3563 τοιαύτης
1600 3494 1696 3547 ἀπ’
1730 3493 1862 3566 [570
1897 3496 1989 3569 [1.]

415 3579 591 3649 ἀρχῆς
618 3581 902 3651 έκτήσατο.
928 3580 1038 3635 Καὶ
1068 3579 1287 3635 δύσεται
1312 3584 1426 3645 τοῖς
1448 3582 1777 3653 ἀνθρώποις,
1805 3585 1901 3639 ἀτε
1925 3587 1988 3640 οὐ

412 3670 733 3740 δυναμένοις
790 3672 960 3726 αὐτοῦ
1012 3670 1202 3744 φέρειν
1242 3673 1342 3745 τὴν
1395 3674 1549 3729 θείαν
1596 3678 1641 3708 ⁸⁸
1700 3678 1985 3748 ἀνατολήν.

414 3760 787 3829 Ἦναγκάξετο
839 3763 886 3795 ³³
931 3764 1310 3834 ἐπιμελεῖσθαι
1344 3765 1443 3836 τῆς
1472 3766 1583 3820 τῶν
1645 3767 1852 3821 παίδων
1899 3771 1992 3823 εὐ-

411 3854 680 3922 αγωγίας.
739 3856 849 3909 Καὶ⁸
921 3856 1027 3927 μὴν
1081 3857 1175 3911 καὶ
1200 3858 1258 3910 ὲν
1316 3860 1436 3922 ταῖς
1486 3858 1812 3931 ἐξηγήσεσιν
1848 3862 1991 3915 ἔνδε-

410 3946 633 4018 έστερος
700 3949 777 4020 τῷ
830 3949 1032 4021 λόγῳῆ
1086 3950 1229 4005 ὥστε
1263 3953 1590 4023 ἑρμηνεύειν
1616 3956 1687 4009 τὰ
1724 3954 1987 4011 δοκοῦντα

410 4035 796 4108 ἀποχρώντως.
821 4040 896 4093 Οὐ
931 4041 1039 4111 μὴν
1072 4041 1180 4094 οὐδ’
1207 4042 1443 4115 ἐνταῦθα
1470 4043 1775 4116 ἀϐοήθητος
1796 4041 1865 4117 ἦν
1883 4046 1989 4100 ὐπὸ

408 4125 511 4197 τῆς
536 4125 753 4196 φύσεως
784 4130 880 4184 καὶ
906 4133 1006 4201 τῆς
1035 4131 1202 4202 ἀλλης
1235 4132 1491 4203 μελέτης,
1543 4133 1684 4189 ἀλλὰ
1710 4136 1989 4192 κατεϐάλ-

408 4219 534 4272 λετο
563 4217 611 4250 ’δ
644 4219 745 4290 μὲν
790 4220 1028 4292 σπουδὴν
1096 4221 1233 4293 πρὸς
1278 4223 1379 4294 τὴν
1430 4225 1754 4295 σαφήνειαν,
1794 4230 1893 4299 τὴν
1929 4228 1987 4282 δὲ

406 4312 518 4364 τῶν
538 4312 817 4383 ὀνομάτων
848 4313 1151 4384 εὐρυθμίαν
1198 4315 1383 4386 ἀφιεὶς
1441 4318 1650 4388 ἑτέροις
1702 4318 1841 4387 πρὸς
1872 4320 1987 4373 ἐπί-

2102 491 2453 558 inllammata,
2482 494 2533 546 in
2568 492 2704 548 bella
2728 501 2783 547 et
2812 508 3017 563 pugnas
3047 494 3177 559 ruit,
3196 503 3251 548 et
3274 502 3331 549 ut
3361 494 3676 550 summatim

2101 583 2296 645 dicam,
2349 584 2684 652 principatus
2733 593 2788 638 et
2827 584 3011 653 gloriae
3052 586 3346 654 cupiditate
3393 594 3674 642 aestuans:

2102 674 2403 741 cuiusmodi
2462 674 2631 730 fuisse
2681 675 2987 730 audivimus
3032 688 3177 740 eam,
3223 675 3291 729 de
3321 690 3428 743 qua
3469 676 3679 731 crebra:

2099 766 2443 820 narrationes
2473 765 2850 821 historiarum.
2879 766 2998 820 Alia
3025 780 3145 836 ηοω
3168 765 3410 836 appetitu
3443 767 3676 834 regitur,

2097 856 2225 910 luxu
2264 866 2318 912 et
2357 857 2567 913 deliciis
2603 855 2867 925 dillluens,
2912 868 3191 930 corrupta,
3220 859 3435 929 abjecto
3472 868 3527 913 et
3555 874 3678 913 mu-

2098 946 2254 1002 liebri
2298 949 2481 1002 animo
2524 948 2750 1015 ignaviae
2786 949 2990 1014 dedita,
3025 951 3229 1006 incerta
3260 959 3410 1005 sorte
3447 950 3676 1020 iactata,

2099 1051 2285 1101 avara,
2317 1038 2460 1105 vilis,
2489 1039 2725 1103 servilis,
2746 1040 2921 1109 qualis
2948 1055 3092 1095 nunc
3120 1050 3204 1095 est
3226 1040 3508 1094 hominum
3539 1041 3673 1096 vita.

2099 1126 2475 1197 Propendebat
2516 1129 2567 1181 in
2606 1129 3126 1198 peregrinationem,
3168 1144 3275 1184 non
3318 1145 3535 1194 vanam,
3577 1141 3674 1188 aut

2098 1219 2445 1285 deliciosam,
2486 1220 2785 1276 inhiantem
2843 1222 3121 1276 hominum
3183 1220 3674 1276 substructionibus

2098 1311 2422 1380 spectandis,
2470 1320 2564 1368 aut
2612 1312 2847 1368 urbibus
2877 1313 3089 1382 magnis
3140 1327 3204 1367 ac
3252 1311 3535 1381 pulchris:
3578 1314 3674 1366 sed

2098 1403 2269 1457 sicubi
2300 1402 2427 1472 quid
2458 1404 2762 1458 mirandum
2815 1404 3047 1468 audiret,
3088 1403 3174 1459 vel
3216 1412 3527 1471 augustum,
3555 1404 3672 1457 sive

2099 1493 2385 1559 occultum,
2418 1494 2532 1549 sive
2565 1504 2835 1564 apertum,
2874 1494 3119 1564 ipsismet
3147 1494 3320 1549 oculis
3348 1495 3532 1548 videre
3572 1508 3673 1548 vo-

2098 1583 2257 1639 lebat.
2280 1584 2453 1654 lpsam
2478 1586 2714 1640 animam
2742 1587 2793 1640 in
2815 1586 2984 1641 sacris
3002 1586 3251 1653 precibus
3280 1594 3448 1639 totum
3477 1584 3672 1638 divini-

2102 1676 2226 1730 tatis
2265 1689 2525 1730 oceanum
2555 1690 2676 1731 esse
2725 1676 2899 1730 dixit:
2956 1677 3133 1744 primo
3183 1690 3211 1729 a
3254 1691 3481 1745 corpore
3524 1676 3577 1729 in
3610 1689 3671 1729 se

2096 1764 2401 1827 collectam;
2437 1766 2630 1821 deinde
2665 1780 2696 1819 a
2726 1766 2840 1821 suis
2881 1766 3121 1820 moribus
3150 1766 3516 1832 recedentem,
3556 1775 3609 1819 et
3636 1779 3667 1818 a

2095 1856 2450 1911 rationalibus
2503 1857 2815 1912 notionibus
2864 1856 3237 1911 deﬂectentem
3284 1856 3352 1909 ad
3395 1871 3502 1920 res,
3550 1870 3670 1926 quae

2096 1948 2260 2000 menti
2290 1956 2528 2016 cognatae
2555 1958 2701 2013 sunt;
2737 1950 2894 2003 tertio
2917 1949 3174 2006 divinitus
3205 1948 3436 2003 amatam
3462 1958 3517 2005 et
3552 1963 3673 2003 mtt-

2095 2044 2261 2090 tatam
2293 2037 2345 2091 in
2373 2038 2643 2093 insolitam
2679 2041 3049 2107 serenitatem,
3089 2056 3196 2095 non
3226 2041 3539 2106 humanam,
3573 2042 3669 2097 sed

2098 2126 2207 2181 Deo
2245 2128 2675 2184 convenientem.
2725 2130 2878 2185 Hunc
2924 2131 3151 2186 laudans
3197 2130 3435 2187 lsidorus
3482 2132 3534 2185 in
3572 2147 3670 2187 ore

2096 2217 2301 2273 habuit.
2332 2217 2682 2275 Commodior
2718 2220 2860 2275 enim
2902 2222 3203 2292 persuasio,
3263 2223 3669 2291 prmceptioque

2094 2321 2204 2375 prae
2229 2307 2351 2363 aliis
2390 2309 2848 2380 materiis,,vulg0
2888 2312 2955 2365 ab
2997 2311 3246 2377 historia,
3289 2321 3346 2366 et
3378 2312 3669 2365 maximea

2095 2398 2394 2453 recentiore
2434 2401 2611 2468 potius
2657 2414 2818 2468 quam
2866 2402 3192 2469 antiquiore,
3225 2411 3280 2455 et
3326 2402 3669 2457 audientibus

2094 2486 2297 2555 aliquid
2328 2488 2507 2543 notius
2538 2489 2790 2545 efferens.
2832 2492 2903 2545 At
2952 2491 3027 2545 illi
3067 2491 3119 2545 iu
3167 2491 3463 2560 disciplinis
3503 2494 3666 2547 etiam

2092 2573 2358 2645 Egyptiis
2372 2575 2635 2633 lsidorum
2654 2580 2879 2646 socium,
2896 2579 3240 2650 sodalemque
3257 2593 3671 2652 assumpserunt

2093 2668 2448 2738 investigandi
2483 2672 2763 2727 veritatem
2789 2688 3023 2739 sacram,
3059 2689 3177 2743 qua:
3208 2675 3262 2729 in
3298 2674 3562 2743 profundo
3589 2676 3669 2729 Ia-

2094 2768 2251 2825 teret,
2276 2773 2330 2815 et
2364 2763 2471 2817 illis
2511 2778 2652 2832 saepe
2697 2764 2750 2818 in
2788 2765 3179 2833 quaestionibus
3209 2767 3443 2836 antiquae
3471 2767 3666 2838 350!)

2093 2851 2370 2919 sapientiae
2396 2852 2573 2907 lumen
2612 2857 2877 2912 accendit.
2924 2856 3113 2913 Omnis
3141 2858 3216 2912 illi
3252 2859 3472 2914 solertia
3502 2874 3603 2914 non
3630 2875 3664 2915 tt

2095 2940 2246 2997 libris
2298 2951 2352 2998 et
2395 2943 2694 3013 disciplinis
2732 2947 2923 3003 alienis
2963 2964 3061 3018 per
3101 2951 3422 3005 memoriam
3473 2965 3668 3019 suppe-

2099 3034 2261 3099 tebat,
2291 3037 2385 3090 sed
2438 3037 2677 3093 habitum
2706 3041 2992 3109 quemdam
3024 3041 3239 3096 ﬁrmum
3270 3052 3325 3098 et
3349 3042 3668 3099 fecundissi-

2096 3139 2263 3192 mum,
2302 3126 2394 3195 qui
2440 3128 2622 3182 omnia
2671 3131 3155 3200 comprehenderet
3200 3132 3360 3203 hujus
3400 3133 3664 3199 veritatis,

2093 3214 2161 3269 ab
2189 3214 2342 3269 initio
2376 3215 2583 3271 habuit.
2613 3216 2679 3273 Et
2699 3219 2907 3273 occidet
2935 3221 3263 3287 hominibus,
3293 3231 3351 3277 ut
3389 3222 3481 3292 qui
3529 3222 3667 3277 divi-

2092 3319 2221 3358 num
2249 3305 2365 3371 ejus
2394 3317 2573 3361 ortum
2602 3307 2748 3363 ferre
2776 3320 3080 3379 nequeant:
3113 3322 3336 3367 coactus
3366 3322 3447 3367 est
3474 3327 3665 3367 curam

2094 3397 2323 3451 ﬁliorum
2366 3413 2577 3466 gerere,
2625 3410 2684 3454 ut
2727 3401 2863 3456 bene
2898 3402 3333 3459 institueremur.
3364 3403 3666 3460 Verborum

2092 3488 2146 3543 in
2174 3488 2492 3558 explicando
2518 3491 2734 3559 parcior
2765 3491 2891 3557 fuit,
2925 3509 3085 3563 quam
3119 3504 3177 3549 ut
3201 3496 3334 3549 satis
3367 3509 3523 3550 sensa
3545 3495 3667 3549 aui-

2093 3582 2167 3635 mi
2206 3581 2499 3651 explicaret
2543 3601 2556 3637 ε
2633 3598 2805 3652 neque
2845 3586 2991 3639 enim
3047 3596 3259 3649 natura,
3317 3586 3664 3641 exercitatio-

2091 3688 2196 3742 que
2248 3688 2370 3729 eum
2425 3675 2512 3729 hic
2571 3675 2929 3741 destituebat,
2980 3677 3073 3730 sed
3135 3676 3375 3731 studium
3431 3678 3547 3746 ipse
3597 3678 3666 3733 ad

2090 3763 2527 3833 perspicuitatem
2575 3766 2945 3821 convertebat.
2994 3764 3279 3821 Nomiuum
3332 3768 3668 3823 concinnita-

2093 3861 2199 3908 tem
2226 3863 2281 3910 et
2304 3854 2721 3909 ostentationem
2755 3854 2877 3908 aliis
2907 3854 3242 3924 relinquens,
3278 3871 3390 3910 rem
3422 3868 3663 3914 sectatus

2091 3953 2175 4001 est
2208 3963 2221 4001 :
2252 3961 2355 4000 non
2396 3946 2550 4015 plura
2601 3945 2767 4001 verba
2809 3946 3019 4002 locutus
3065 3962 3228 4015 quam
3265 3962 3425 4002 sensa
3466 3947 3663 4002 mentis

2089 4046 2289 4105 essent,
2326 4052 2500 4107 neque
2540 4038 2688 4106 plura
2724 4052 2881 4094 sensa
2927 4053 3088 4107 quam
3126 4053 3308 4093 rerum
3343 4048 3530 4093 natura
3577 4054 3668 4108 pa-

2093 4140 2317 4195 teretur,
2350 4130 2641 4198 justitiam,
2689 4147 2807 4201 qure
2848 4132 3014 4186 Deum
3058 4141 3373 4199 veneratur,
3407 4133 3458 4186 in
3490 4132 3667 4188 lucem

2090 4223 2286 4279 ferens.
2321 4222 2600 4277 Gaudebat
2637 4222 2871 4278 lsidorus
2922 4222 3040 4276 viso
3080 4222 3291 4286 Proclo,
3329 4232 3477 4276 ratus
3520 4221 3570 4275 in
3601 4236 3667 4276 eo

2092 4331 2150 4371 se
2181 4316 2544 4370 venerandum
2591 4322 2644 4368 et
2678 4328 2896 4384 gravem
2928 4313 3279 4383 philosophiae
3314 4313 3516 4366 vultum
3542 4327 3670 4367 vere

406 4402 575 4468 δειξιν
618 4404 794 4473 εἴχετο
844 4404 954 4458 τῶν
998 4406 1363 4477 πραγμάτων,
1403 4408 1464 4462 οὐ
1505 4408 1699 4477 λόγους
1719 4409 1781 4462 τὸ
1822 4410 1985 4465 πλέον

2094 4406 2293 4460 videre.
2354 4405 2487 4459 Cum
2555 4403 2716 4459 etiam
2791 4403 3011 4459 Proclus
3090 4403 3279 4459 Isidori
3349 4402 3541 4459 faciem
3607 4412 3668 4458 ut

407 4494 441 4566 ἢ
479 4495 693 4566 νοήσεις
715 4495 1086 4565 φθεγγόμενος
1116 4497 1182 4561 ³⁸,
1202 4498 1325 4551 οὐδὲ
1354 4499 1566 4570 νοήσεις
1595 4499 1796 4568 μᾶλλον
1826 4501 1859 4571 ἢ
1888 4502 1985 4566 τὰς

408 4578 597 4644 οὐσίας
653 4581 834 4634 αὐτῶν
910 4581 1023 4636 τῶν
1101 4583 1445 4654 πραγμάτων
1509 4584 1659 4653 ἀγων
1700 4585 1780 4647 είς
1849 4585 1984 4652 φῶς.

408 4671 522 4742 Τὴν
549 4670 677 4743 περὶ
692 4672 751 4726 τὸ
779 4672 933 4725 Θεῖον
959 4673 1007 4706 ³⁸
1030 4658 1424 4743 ἀγιστεύουσαν
1441 4674 1620 4745 θέμιν.
1652 4675 1987 4745 Εὐφραίνετο

405 4761 464 4816 δὲ
502 4763 646 4833 ὁρῶν
673 4763 765 4817 τὸν
825 4764 1068 4835 Πρόκλον
1099 4768 1129 4819 ό
1155 4765 1425 4837 Ἰσίδωρος
1477 4767 1674 4820 αἰδοῖόν
1709 4767 1756 4799 ⁸¹
1776 4784 1837 4820 τε
1870 4767 1989 4838 ἅμα

407 4855 504 4907 καὶ
530 4855 705 4909 δεινὸν
738 4855 890 4921 ίδεῖν,
916 4856 1049 4909 αὐτὸ
1077 4856 1250 4911 δοκῶν
1275 4860 1393 4911 ἐκεῖ
1418 4859 1553 4930 ὀρᾷν
1596 4857 1642 4890 ³⁷
1672 4858 1735 4912 τὸ
1772 4859 1987 4927 φιλοσο-

408 4946 538 5013 φίας
583 4945 662 5016 τῷ
739 4946 857 5000 όντι
931 4947 1245 5018 πρόσωπον.
1299 4949 1457 5003 Ἐπεὶ
1501 4950 1597 5004 καὶ
1648 4950 1679 5004 ὁ
1742 4949 1986 5021 Πρόκλος

406 5035 690 5107 ἐθαύμαζε
717 5037 813 5091 τοῦ
847 5037 1122 5111 ἰσιδώρου
1144 5040 1206 5093 τὸ
1231 5037 1369 5104 εἶδος
1406 5041 1482 5105 ὡς
1512 5041 1697 5095 ἔνθεον
1725 5043 1820 5096 καὶ
1847 5042 1984 5111 πλῆ-

410 5145 501 5198 ρες
558 5129 603 5162 ³⁸
679 5130 809 5183 εἵσω
860 5131 1153 5201 φιλοσόφου
1199 5131 1366 5203 ζωῆς.
1426 5134 1484 5188 Ὁ
1538 5133 1597 5187 δὲ
1660 5134 1986 5197 Σαλούστιος

404 5220 589 5275 οὐκέτι
637 5220 715 5292 τῷ
743 5222 1021 5295 δικανικῷ,
1064 5224 1182 5278 ἀλλ’
1228 5225 1329 5296 ήδη
1394 5225 1473 5296 τῷ
1530 5225 1826 5296 σοφιστικῷ
1878 5226 1980 5297 βίῳ

2087 4494 2324 4548 divinam
2388 4491 2553 4547 fuerit
2606 4493 2873 4556 miratus,
2925 4493 3192 4563 plenaque
3254 4493 3402 4549 intus
3486 4493 3662 4563 philo-

2090 4584 2292 4654 sophiae
2340 4584 2484 4638 vita).
2551 4582 2820 4639 Salustius
2862 4599 2969 4637 non
3004 4584 3237 4653 amplius
3267 4583 3468 4639 forensi
3502 4621 3519 4649 ,
3570 4584 3665 4638 sed

2089 4676 2342 4728 oratoria:
2385 4674 2489 4727 arti
2553 4674 2785 4728 intendit
2824 4676 3089 4729 animum.
3138 4673 3450 4729 Publicatas
3495 4675 3662 4729 etiam

2093 4764 2468 4819 Demosthenis
2526 4765 2802 4819 orationes
2874 4766 3151 4821 memoriae
3208 4765 3486 4821 mandavit
3545 4779 3670 4819 οω-

2094 4875 2208 4913 nes.
2266 4857 2461 4913 Adhaec
2516 4858 2650 4914 satis
2692 4866 2814 4913 erat
2860 4858 3117 4924 disertus,
3163 4872 3272 4914 non
3332 4858 3663 4914 recentiores

2093 4952 2362 5019 sophistas
2402 4950 2644 5017 imitans,
2677 4951 2771 5007 sed
2800 4966 2921 5006 cum
2948 4960 3131 5007 vetere
3156 4951 3471 5021 scriptionis
3486 4949 3667 5019 splen-

2091 5045 2223 5098 dore
2245 5052 2483 5104 certans,
2533 5045 2920 5113 orationesque
2962 5044 3184 5115 scripsit
3221 5058 3326 5098 non
3356 5042 3526 5097 multo
3558 5042 3667 5097 illis

2094 5133 2397 5190 inferiores.
2442 5132 2613 5191 Nudis
2651 5136 2876 5205 pedibus
2908 5137 3095 5190 orbem
3134 5145 3425 5199 terrarum,
3461 5144 3520 5189 ut
3556 5133 3665 5187 ler-

2090 5238 2197 5292 tur,
2224 5227 2432 5282 ambiit.
2464 5226 2599 5297 Ἕδη
2657 5227 2800 5294 capit
2828 5242 2927 5297 pro
2964 5228 3096 5296 ipsis
3141 5225 3401 5281 delubris.
3440 5224 3666 5279 Ponitur

1689 5381 1922 5437 VARUE
1960 5380 2358 5439 LECTIONES.

476 5467 494 5498 ¹
550 5466 607 5521 δὲ
628 5482 738 5545 0r_n.
762 5468 831 5526 Δ.
888 5469 953 5545 _’_"
984 5465 1188 5545 οἷονΑΑ.
1267 5473 1311 5506 ’³
1334 5471 1627 5542 ἐπιθυμίαν
1650 5473 1709 5545 Β.
1741 5542 1749 5545 _
1789 5474 1834 5545 ίξ
1871 5473 2156 5545 ὐηνεέᾳΑι
2183 5473 2397 5545 κυϐείᾳ.

1485 5489 1627 5542 ’μιαν
1650 5489 1709 5527 Β.
1790 5489 1834 5506 ιν
1871 5489 2156 5545 υηνειᾳέιτ
2183 5489 2340 5526 κυοει
2388 5514 2397 5525 .
2483 5489 2519 5505 ι’
2548 5489 2806 5528 υελουσαν
2837 5490 2898 5538 ς.
2977 5489 3021 5506 ιο
3044 5489 3079 5527 α
3122 5489 3272 5543 ανες]
3305 5489 3338 5544 η
3370 5489 3571 5541 αφανεῖ,
3594 5489 3661 5524 Α.

1485 5545 1528 5574 ¹¹
1564 5542 1962 5626 συνελάμϐανον
1989 5543 2046 5598 Β.
2102 5544 2170 5626 βξ
2188 5489 2632 5626 θείανῗάλήθξιαν
2795 5489 3663 5626 ³⁸..ήναγκάῗετο].εἶναιηείκάςετο

405 5538 450 5610 ’ξ’
486 5538 720 5610 φανερόν
745 5556 819 5610 ς.
886 5541 933 5572 ’θ
958 5542 1057 5610 τῆς
1082 5543 1127 5594 Α
1162 5558 1176 5596 :
1211 5545 1322 5604 τοῖς
1350 5561 1409 5607 ς.

405 5608 484 5683 ᾼη
548 5607 956 5683 ’δ-ξιατεϐἀλετο
980 5607 1046 5665 Ᾱ.
1208 5613 1577 5682 φθεγγόμενος
1605 5614 1723 5667 οὐδὲ
1754 5607 1967 5683 νοήσεις
1998 5630 2105 5683 om.
2143 5615 2208 5668 A.

1385 5684 1428 5715 ’θ
1455 5684 1659 5754 πλῆρες
1707 5680 1900 5741 διιὶάόε
1929 5700 1977 5738 v.
2022 5680 2171 5747 Εἶδος
2202 5704 2213 5739 :
2255 5684 2466 5754 πλήρης
2492 5702 2550 5750 ς.

405 5675 577 5746 δείμω
601 5675 663 5733 Β.
738 5678 786 5712 ’⁸
815 5682 1022 5735 ἐκεῖνον
1059 5681 1199 5752 ὁρῶν
1221 5675 1287 5738 Ἀ.

2480 5473 2524 5505 ¹⁷
2548 5473 2806 5528 θέλουσαν
2837 5490 2898 5538 ς.
2977 5472 3021 5506 ²⁸
3044 5470 3272 5544 ἀφανὲς]
3288 5472 3338 5544 -ἦ
3370 5468 3574 5544 ἀφανὲς
3594 5470 3661 5524 Α.

2284 5611 2477 5667 Τετῶν
2503 5614 2659 5669 θείων
2675 5615 2739 5671 Α,
2833 5614 2878 5646 ’⁷
2898 5611 3095 5669 αἰδοῖον
3126 5611 3416 5682 -’δεινὸν]
3442 5612 3581 5667 αἰδοῖ
3597 5637 3663 5653 -ο
