3990 6232
368 278 514 350 1299

1523 285 1784 346 ΡΗΟἸῚΙ
1820 283 2326 344 ΡΑΤΒΙΑΗΟΗίΕ
2359 285 2464 345 CP.

3467 259 3600 348 taua
3645 253 3663 268 ’

365 403 551 454 eadem
587 385 690 453 vox
730 407 780 452 et
817 413 914 469 pro
953 399 1148 454 statuis
1183 416 1196 452 :
1248 401 1373 453 item
1419 415 1515 467 pro
1562 398 1744 466 templi
1790 397 1928 468 pavi-

2037 399 2287 466 προσεῖχε
2316 396 2408 449 τὸν
2431 393 2574 450 νοῦν.
2596 395 2860 466 Ἐξέμαθε
2901 395 2958 448 δέ
3008 394 3102 448 καὶ
3151 395 3279 456 τοὺς
3312 394 3608 463 δημοσίους

367 499 563 545 mento.
601 489 791 545 Millies
829 489 1094 544 insomnia
1127 491 1281 554 vidit,
1318 501 1376 545 ut
1407 506 1513 548 uno
1543 489 1705 544 verbo
1729 489 1932 543 dicam.

366 581 544 635 Semel
575 596 702 635 vero
727 581 889 634 etiam
922 595 1106 635 verum
1150 582 1324 634 visum
1373 581 1628 650 apparuit
1659 578 1933 634 hominem

367 672 846 738 rircumspiciens,
900 687 996 742 pro
1024 681 1278 728 accurate
1315 671 1702 740 contemplans,
1738 677 1935 737 praeter

363 771 680 815 consuetum
711 777 916 817 morem
947 763 1222 831 loquendi.
1254 763 1431 816 Liberi
1455 770 1613 816 erant
1645 761 1712 814 ab
1743 760 1931 812 huma-

361 850 447 904 nis
483 852 906 920 impedimentis,
955 868 1075 924 quaa
1128 854 1442 924 plerumque
1478 863 1621 908 sunt.
1669 851 1835 906 Nemo
1877 851 1931 903 in

360 939 559 994 divinis
590 941 752 997 rebus
793 944 926 998 adeo
964 945 1128 998 hebes
1163 955 1264 1007 est,
1299 944 1430 1011 quin
1472 942 1674 996 sentiat
1715 954 1931 994 omnem

363 1029 456 1084 Dei
486 1033 616 1097 vim,
654 1035 889 1089 maxime
922 1043 1098 1089 autem
1133 1035 1185 1090 in
1208 1033 1494 1104 puniendis
1520 1031 1792 1100 improbis.
1813 1029 1930 1083 Non

363 1121 640 1177 aberraret
669 1140 696 1178 a
737 1139 860 1178 vera
889 1141 1063 1189 musa,
1097 1125 1178 1180 vel
1209 1141 1236 1177 a
1277 1137 1430 1179 sacra
1457 1124 1706 1178 veritate.
1736 1120 1933 1190 351a

363 1217 507 1271 Socii
550 1217 690 1271 alius
735 1217 1026 1285 opinionis,
1071 1227 1125 1270 et
1162 1226 1481 1277 sectatores,
1521 1222 1575 1267 et
1604 1214 1668 1266 ad
1695 1213 1934 1282 philoso-

362 1309 542 1376 phiam
615 1309 1032 1372 roborabantur,
1109 1320 1414 1384 quanquam
1487 1304 1640 1358 initio
1698 1303 1934 1371 philoso-

361 1397 561 1465 phandi
602 1399 972 1453 dexteritatem
1010 1413 1112 1452 non
1144 1402 1582 1464 assequerentur.
1621 1394 1752 1450 Volo
1783 1410 1931 1459 usus,

361 1489 428 1542 ad
466 1487 783 1543 familiarem
825 1489 1227 1557 humanumque
1273 1502 1493 1542 sensum
1529 1501 1558 1541 a
1608 1490 1934 1556 portentosis

361 1581 593 1648 spectris
626 1581 808 1644 rediit,
870 1589 924 1634 et
974 1580 1205 1634 elocavit
1236 1580 1302 1632 ad
1345 1588 1561 1646 tempus
1591 1579 1933 1634 matrimonio

361 1683 568 1741 aptum.
599 1674 703 1727 Sed
734 1675 894 1727 etiam
938 1670 1294 1740 phil050phirn
1340 1670 1528 1722 induto
1577 1669 1760 1737 pallio,
1814 1677 1930 1722 tau-

2035 487 2278 550 ἆπαντας
2311 485 2403 540 τοῦ
2421 487 2802 557 Δημοσθένους
2835 485 3051 554 λόγους.
3088 485 3200 539 Kal
3244 484 3309 554 δὴ
3336 484 3514 554 λέγειν
3537 479 3608 554 ἦν

2039 577 2243 641 ἱκανὸς,
2273 577 2334 630 οὐ
2357 578 2485 639 τοὺς
2519 576 2670 639 νέους
2698 575 2744 608 ³ο
2781 574 3117 646 μιμούμενος
3161 573 3442 642 σοφιστὰς,
3469 572 3612 627 ἀλλά

2036 668 2172 738 πρὸς
2203 667 2294 720 τὸν
2333 669 2559 738 ἀρχαῖον
2586 669 2739 721 τόνον
2767 668 2806 700 ’⁸
2835 667 2933 738 τῆς
2969 665 3336 736 λογογραφίας
3363 664 3609 736 ἁμιλλώ-

2038 775 2217 828 μενος.
2250 759 2470 828 Ἀμέλει
2524 759 2620 812 καὶ
2647 757 2848 828 ἐγραψε
2881 757 3073 824 λόγους
3091 758 3152 810 οὐ
3204 756 3338 810 πολύ
3373 773 3426 809 τι
3459 755 3612 808 ἐκεί-

2035 867 2142 904 νων
2191 849 2563 917 λειπομένους,
2623 848 2782 920 [1069
2836 846 2928 919 IL]
2991 846 3318 908 ἀνυπόδετος
3380 844 3610 915 περιιὼν

2035 943 2135 1011 τὴν
2197 939 2549 1011 οἰκουμένην,
2598 940 2674 1004 ὡς
2728 939 2896 1010 φάναι
2920 938 3075 1008 λόγον
3103 939 3170 1004 ⁸¹,
3210 937 3449 992 ἅπασαν.
3486 937 3611 990 Ὀτι

2037 1033 2106 1085 τὰ
2131 1031 2220 1101 ἐδη
2248 1033 2342 1084 καὶ
2367 1031 2460 1086 ἐπὶ
2477 1031 2656 1086 αὐτῶν
2686 1030 2954 1099 λαμϐάνει
2981 1030 3090 1084 τῶν
3119 1030 3380 1099 τεμενῶν,
3410 1029 3610 1082 τάττε-

2033 1139 2123 1174 ται
2153 1122 2209 1174 δὲ
2237 1124 2331 1176 καὶ
2363 1124 2453 1175 ἐπὶ
2481 1123 2590 1175 τῶν
2619 1122 2954 1193 ἀγαλμάτων
2972 1139 2987 1154 ο
3019 1122 3234 1191 λέγεται
3273 1121 3331 1174 δέ
3359 1120 3478 1183 ἐδος
3511 1120 3612 1173 καὶ

2035 1214 2095 1265 τὸ
2118 1213 2311 1280 ἔδαφος
2357 1212 2452 1266 τοῦ
2511 1213 2635 1266 νεώ.
2673 1213 2838 1284 Ὄναρ
2879 1214 2978 1284 μὲν
3023 1213 3282 1284 μυριάκις
3321 1212 3502 1283 παρῆν
3531 1211 3610 1274 ὡς

2037 1305 2202 1371 φάναι
2223 1303 2284 1354 τὸ
2307 1303 2458 1369 ἔπος,
2481 1303 2628 1368 ἆπαξ
2646 1304 2704 1358 δέ
2733 1303 2828 1358 καὶ
2851 1304 2999 1375 ῦπαρ
3025 1304 3068 1336 ³¹
3095 1303 3268 1372 ἐφάνη
3299 1302 3360 1354 τὸ
3389 1302 3606 1371 φάσμα.

2035 1392 2447 1464 Περιορώμενον
2528 1395 2620 1446 τὸν
2683 1395 2970 1466 ἄνθρωπον
3027 1395 3148 1447 ἀντὶ
3189 1393 3283 1446 τοῦ
3335 1391 3610 1462 ἐμϐλέπων

2035 1486 2301 1556 ἀκριϐῶς,
2327 1486 2660 1539 ἐπισκοποῦν
2687 1486 2755 1550 ³³,
2817 1487 3074 1550 ἐναντίως
3110 1486 3212 1555 τῆς
3242 1485 3348 1538 τῶν
3394 1484 3607 1537 πολλῶν

2035 1583 2302 1647 χρήσεως.
2329 1577 2624 1631 Ἀκὼλυτοι
2646 1577 2894 1648 διέμενον
2923 1578 3028 1630 ὑπὸ
3049 1577 3156 1630 τῶν
3178 1577 3442 1631 εἰωθότων
3463 1576 3606 1630 κατά

2034 1669 2095 1722 τὺ
2130 1668 2467 1738 ἀνθρώπινον
2511 1669 2558 1702 ³⁸
2611 1669 2971 1739 κωλυμάτων.
3029 1669 3216 1731 Οὐδείς
3269 1670 3417 1721 ἐστιν
3463 1667 3608 1720 οὕτω

359 1775 520 1828 quam
550 1775 745 1830 Sponsa
774 1761 1144 1830 philosOphica
1171 1761 1221 1812 iu
1249 1759 1448 1813 divinis
1467 1758 1625 1812 rebus
1648 1771 1928 1816 exercente

2036 1761 2096 1812 τὸ
2125 1760 2281 1813 Θεϊον
2321 1759 2801 1830 ἐκκεκωφημένος,
2856 1759 2915 1822 ὃς
2941 1759 3044 1812 οὐκ
3093 1759 3406 1812 αἰσθάνεται
3438 1758 3602 1813 αὐτοῦ

366 1847 649 1916 religione,
685 1859 738 1904 et
770 1863 1106 1918 quaecunque
1136 1846 1338 1911 eﬂ‘erri,
1373 1860 1426 1902 et
1463 1863 1793 1919 quaecunque
1829 1865 1928 1905 nou

2037 1852 2137 1920 τῆς
2162 1851 2446 1921 ἐνεργείας
2477 1852 2659 1920 πάσης
2683 1851 2805 1921 μέν,
2837 1852 2936 1922 οὐχ
2983 1851 3185 1921 ἥκιστα
3241 1850 3299 1904 δέ
3323 1850 3423 1918 τῆς
3446 1850 3606 1902 κολα-

360 1929 541 1986 eﬁ‘erri
567 1944 814 2002 possunt.
849 1934 940 1990 llle
965 1934 1415 2002 Aphrodisiadem
1448 1938 1692 2003 secessit,
1723 1948 1775 1991 et
1809 1953 1928 1991 cum

2037 1941 2236 2011 ζούσης
2273 1941 2399 2002 τοὺς
2423 1940 2858 2010 ἁμαρτάνοντας.
2891 1939 3005 1992 Οὐκ
3027 1939 3093 1992 ἂν
3110 1939 3350 2009 ἁμάρτοι
3379 1937 3606 2007 Μούσης

361 2036 529 2076 uxore
563 2023 682 2078 sine
709 2025 894 2080 liberis
920 2027 1069 2078 vixit.

2034 2028 2286 2098 ἀληθοῦς,
2313 2029 2345 2099 ἢ
2370 2029 2470 2082 οὐκ
2520 2027 2587 2082 ἂν
2642 2029 2879 2100 άμάρτοι
2925 2028 3181 2098 ἀληθείας
3207 2029 3379 2098 ἱερᾶς.
3411 2027 3478 2083 Ol
3507 2027 3608 2097 τῆς

359 2115 659 2186 ἀλλοφύλου
729 2119 886 2190 δόξης
943 2122 1148 2190 ἑταῖροι
1215 2121 1308 2175 καὶ
1367 2122 1753 2178 συστασιῶται.
1814 2125 1924 2177 Kal
1962 2125 2097 2194 πρὸς
2131 2125 2176 2158 ³⁵
2201 2125 2519 2195 φιλοσοφίαν
2559 2127 2816 2198 ἐρῤωντο,
2853 2125 3030 2178 καίτοι
3077 2125 3248 2197 ἀρχὴν
3287 2122 3612 2196 ἀτυχοῦντες

359 2209 666 2278 εὐαγωγίας
694 2211 1005 2280 φιλοσόφου.
1050 2214 1160 2268 Kal
1205 2218 1269 2284 τῇ
1308 2215 1438 2286 εὐχῇ
1473 2215 1814 2284 χρησάμενος
1842 2217 1924 2279 είς
1960 2217 2058 2286 τήν
2084 2217 2286 2289 συνήθη
2333 2219 2430 2272 καὶ
2487 2218 2833 2289 ἀνθρωπίνην
2892 2217 3144 2287 αἴσθησιν
3191 2218 3299 2274 ἀπὸ
3341 2219 3450 2272 τῶν
3511 2217 3610 2272 ἀλ-

359 2299 591 2353 λοκότων
643 2301 822 2370 ὄψεων
861 2303 1151 2372 ἐπανῆλθε.
1211 2305 1322 2358 Kal
1356 2306 1418 2376 δὴ
1453 2306 1714 2370 ἐξέδωκεν
1744 2307 2044 2377 ίκνουμένῳ
2074 2308 2119 2340 ³⁸
2184 2308 2263 2380 τῷ
2309 2309 2403 2363 τοῦ
2485 2309 2666 2380 γάμου
2739 2309 2940 2380 καιρῷ.
3008 2309 3169 2362 Ἀλλά
3211 2310 3304 2362 καὶ
3366 2310 3608 2379 τρίϐωνα

358 2388 668 2458 περιϐαλὼν
699 2391 1015 2460 φιλοσοφίας
1041 2394 1106 2460 ³⁷,
1135 2394 1210 2458 ὡς
1230 2395 1535 2464 φιλόσοφον,
1565 2395 1661 2465 τὴν
1680 2395 1917 2465 νύμφην.
1982 2397 2094 2468 Τῆς
2137 2401 2265 2470 περὶ
2308 2401 2377 2453 τὰ
2424 2399 2542 2454 θεία
2589 2400 2976 2472 διατριϐούσης
3029 2401 3346 2472 θρησκείας,
3392 2401 3493 2469 ὅση
3547 2406 3608 2452 τε

359 2483 497 2553 ρητὴ
563 2485 656 2536 καὶ
696 2485 795 2554 ὅση
832 2486 1161 2558 ἀπόρρητος.
1217 2488 1340 2541 Οὐδ’
1371 2489 1418 2520 ³⁸
1449 2489 1931 2558 είςἊφροδισιάδα
1971 2494 2321 2564 μετεχώρησε
2377 2493 2729 2565 παράκλητος
2756 2496 2820 2549 ³⁹.
2855 2493 3094 2548 ’Δπαιδα
3130 2493 3241 2547 ϐίον
3261 2497 3328 2564 τῇ
3389 2492 3610 2561 γυναικὶ

361 2588 425 2628 συ
436 2574 508 2644 μϐ
515 2574 762 2628 εϐίωκεν.

430 2665 661 2720 Hilarius
691 2667 1061 2737 philosophus,
1086 2684 1273 2724 amans
1301 2670 1601 2740 voluptates
1628 2685 1916 2735 venereas,

2088 2669 2144 2722 '0
2156 2669 2212 2722 δὲ
2236 2667 2459 2737 Ἱλάριος
2473 2668 2518 2699 δ’
2537 2667 2839 2737 φιλοσοφῶν
2858 2667 3259 2739 μὲν,ἐκδεδιῃτη
3267 2667 3428 2736 μένος
3437 2667 3494 2720 δέ
3508 2668 3610 2731 τὰς

357 2759 550 2816 Proelo
573 2776 677 2815 non
698 2771 782 2816 est
810 2776 940 2817 usns
971 2765 1247 2831 magistro.
1275 2748 1427 2819 bixit
1457 2780 1769 2833 persuasum
1805 2767 1922 2819 lun-

2032 2759 2422 2830 ὑπογαστρίους
2446 2759 2662 2829 ήδονάς,
2693 2761 2794 2812 οὐκ
2825 2759 2982 2830 ἔτυχε
3001 2758 3241 2828 Πρόκλου
3267 2757 3606 2814 διδασκάλου.

358 2850 560 2918 giorem
589 2851 691 2906 sibi
721 2851 838 2906 fore
864 2853 916 2906 in
951 2869 1177 2923 corpore
1218 2856 1402 2921 vitam,
1439 2858 1508 2910 ob
1543 2857 1920 2911 dexteritatem

2032 2850 2318 2905 Πεπεῖσθαι
2369 2850 2519 2918 ἔλεγε
2571 2849 3068 2921 πολυχρονιώτερόν
3113 2851 3164 2903 οἱ
3207 2852 3462 2920 γενέσθαι
3515 2852 3606 2906 τὸν

357 2943 544 2997 uxoris
575 2961 589 2997 :
623 2951 678 2997 et
715 2943 828 2998 haec
872 2944 1027 3009 dixit,
1070 2961 1171 2999 non
1201 2955 1410 3014 gratum
1455 2948 1558 3002 sibi
1590 2962 1710 3002 esse
1760 2948 1926 3001 conli-

2032 2942 2170 3011 μετὰ
2191 2942 2285 2995 τοῦ
2324 2942 2574 3011 σώματος
2601 2941 2712 3010 βίον
2755 2941 2844 2996 διά
2887 2943 2984 3012 τὴν
3019 2943 3300 3014 δεξιότητα
3363 2944 3463 3014 τῆς
3509 2961 3608 3013 γυ-

361 3045 498 3100 tens,
524 3042 583 3088 ut
607 3035 767 3090 alicui
800 3036 967 3090 videri
1004 3039 1192 3104 possit,
1224 3040 1317 3091 sed
1345 3053 1487 3108 aegre
1513 3038 1692 3093 ferens
1719 3054 1922 3093 moram

2032 3032 2232 3094 ναικός.
2258 3033 2369 3085 Kal
2412 3031 2585 3085 ταῦτα
2637 3031 2821 3099 ἔλεγεν
2857 3033 2918 3085 οὐ
2975 3033 3135 3104 χάριν
3193 3034 3490 3104 ὁμολογῶν,
3529 3035 3608 3097 ὡς

357 3125 412 3178 in
438 3138 686 3193 corpore,
714 3134 770 3180 et
793 3127 859 3179 ad
886 3142 1106 3182 uxorem
1133 3127 1395 3193 referens,
1424 3139 1684 3198 quantum
1719 3131 1924 3183 homini

2032 3123 2094 3177 ἀν
2117 3140 2194 3193 τῳ
2222 3124 2446 3190 δόξειεν,
2484 3125 2622 3178 ἀλλὰ
2666 3124 3031 3195 δυσχεραίνων
3065 3125 3197 3194 πρὸς
3228 3125 3351 3197 [571
3383 3124 3476 3197 Η.]
3495 3126 3597 3196 τήν

357 3215 506 3282 licet,
539 3217 731 3271 mortis
780 3217 1117 3283 dilationem,
1152 3221 1447 3289 uxorisque
1484 3221 1723 3274 laudavit
1753 3220 1926 3276 facili-

357 3313 549 3370 tatem,
579 3314 634 3361 et
674 3306 973 3362 collaetatus
1022 3319 1125 3362 est.
1159 3309 1300 3364 Deus
1331 3311 1557 3377 primam
1600 3313 1923 3365 matrimonii

357 3407 510 3462 spem
546 3395 855 3463 miseratus,
880 3397 1028 3451 dedit
1061 3399 1134 3466 illi
1170 3400 1381 3468 signqu
1417 3399 1611 3455 futurae
1634 3403 1840 3470 stirpis,
1874 3411 1928 3457 et

357 3487 570 3540 tandem
592 3503 814 3542 uxorem
839 3504 988 3543 suam
1020 3493 1248 3546 maritus
1273 3493 1549 3560 gravidam
1569 3493 1721 3548 vidit.
1741 3494 1926 3549 Ascle-

356 3572 580 3641 piodoto
630 3578 883 3640 tenebrae,
929 3580 1219 3647 quominus
1271 3580 1494 3647 legeret,
1547 3582 1928 3650 impedimento

358 3679 461 3718 non
486 3675 660 3722 erant.
689 3665 942 3722 Narravit
964 3679 1018 3724 et
1048 3669 1172 3737 alia,
1206 3685 1328 3740 quae
1351 3673 1628 3739 audiisset,
1651 3683 1704 3728 et
1731 3677 1795 3730 de
1811 3675 1927 3742 ejus

357 3757 472 3810 visa
512 3758 679 3809 multa
709 3759 870 3826 digna
908 3761 1291 3815 admiratione.
1328 3761 1438 3816 Vox
1463 3761 1747 3831 cuiusnam
1780 3773 1929 3820 esset

358 3845 646 3909 incertum,
696 3863 886 3902 navem
913 3850 1104 3904 sistere
1120 3851 1301 3921 jussit,
1337 3864 1392 3908 et
1428 3854 1497 3909 de
1531 3856 1792 3925 όμακοΐου
1820 3864 1926 3921 est,

356 3937 498 4005 quod
547 3936 648 4005 ipsi
693 3938 938 3994 videmus
970 3948 1026 3995 et
1072 3942 1340 3998 audimus.
1377 3943 1445 3999 Et
1482 3960 1652 4015 usque
1681 3947 1745 4000 ad
1779 3962 1927 4000 mor-

357 4034 468 4079 tem
519 4033 702 4080 castus
740 4027 896 4092 vixit,
948 4043 1048 4082 nec
1101 4030 1387 4100 quisquam
1434 4043 1537 4097 est,
1583 4036 1744 4090 etiam
1788 4037 1928 4090 inter

361 4113 630 4180 inimicos,
676 4115 766 4183 qui
807 4130 927 4170 eum
971 4119 1398 4186 reprehenderit.
1460 4123 1700 4179 Marinus
1741 4126 1924 4195 inepto

361 4204 598 4274 ingenio,
641 4220 742 4260 nec
770 4207 1123 4264 excellentem
1166 4211 1504 4269 Parmenidis
1529 4217 1926 4285 expositionem

355 4298 704 4363 praeceptoris
726 4294 808 4348 sui
840 4295 980 4363 tulit,
1001 4297 1067 4351 ad
1095 4297 1243 4354 ideas
1265 4314 1392 4353 vero
1414 4302 1925 4370 contemplationem

2029 3219 2087 3270 ἐν
2118 3217 2334 3287 σώματι
2353 3216 2656 3287 διατριϐὴν,
2695 3217 2788 3270 καὶ
2816 3219 2897 3278 εἰς
2925 3217 3140 3286 ἐκείνην
3166 3217 3474 3288 ἀναφέρων,
3501 3218 3604 3271 ὅσα

2028 3323 2092 3374 γε
2119 3308 2200 3369 είς
2238 3305 2560 3376 ἄνθρωπον,
2611 3305 2708 3376 τὴν
2741 3305 2834 3358 τοῦ
2883 3305 3112 3359 θανάτου
3165 3307 3452 3376 ἀναϐολήν.
3494 3308 3604 3360 Kal

2027 3400 2127 3464 τῆς
2161 3397 2420 3464 γυναικὸς
2453 3397 2643 3468 ἐπῄνει
2703 3397 2800 3468 τὴν
2851 3398 3182 3466 εὐαγωγίαν,
3201 3399 3294 3451 καὶ
3327 3398 3600 3467 συνήδετο.

2028 3490 2382 3559 Κατελεήσας
2429 3489 2523 3540 τοῦ
2551 3489 2731 3558 γάμου
2764 3488 2863 3552 τὰς
2915 3487 3138 3560 πρώτας
3171 3489 3390 3552 ἐλπίδας
3418 3491 3446 3542 ό
3471 3489 3605 3552 Θεὸς

2028 3581 2201 3634 ἐδίδου
2233 3579 2500 3648 σύμϐολον
2534 3581 2630 3649 τῆς
2667 3580 2930 3650 ἐσομένης
2968 3581 3150 3650 γονῆς·
3184 3582 3278 3634 καὶ
3309 3581 3407 3650 τὴν
3432 3597 3604 3650 γαμε-

2027 3672 2126 3740 τὴν
2163 3671 2346 3724 λοιπὸν
2375 3668 2523 3740 ἐώρα
2545 3671 2770 3723 ἐπίτεκα
2801 3666 2966 3723 οὖσαν
3015 3672 3044 3723 ό
3085 3671 3244 3740 ἁνήρ.
3281 3671 3389 3724 Kal
3448 3670 3604 3723 οὐδὲν

2028 3760 2282 3832 ἐμποδὼν
2323 3761 2457 3831 πρὸς
2488 3764 2587 3832 τὴν
2648 3763 2953 3828 ἀνάγνωσιν
3003 3762 3082 3830 τῷ
3117 3762 3549 3833 ’Δσκληπιοδότῳ
3573 3764 3603 3815 ὁ

2030 3851 2221 3914 σκότος
2245 3851 2454 3917 ἐγίνετο
2482 3851 2547 3906 ⁵¹.
2583 3853 2831 3922 Διηγεῖτο
2862 3852 2918 3905 δὲ
2974 3851 3108 3904 ἄλλα
3143 3869 3202 3904 τε
3261 3845 3335 3905 ὧν
3372 3852 3599 3921 ἀκήκοε,

2028 3944 2122 3998 καὶ
2147 3944 2211 4014 δὴ
2244 3943 2457 4010 καὶτῆς
2509 3942 2675 3995 αὐτοῦ
2722 3943 2897 4011 ὅψεως
2959 3943 3057 3995 οὐκ
3113 3943 3268 4011 ὀλίγα
3323 3943 3601 4012 θαύματος

2027 4033 2172 4098 ἀξια.
2217 4033 2278 4086 Ἦ
2301 4033 2344 4085 δ’
2380 4032 2653 4100 ἄγνωστος
2679 4033 2831 4102 φωνὴ
2859 4033 2981 4085 ὅτου
3014 4032 3099 4103 εἴη
3125 4033 3224 4102 τὴν
3277 4031 3409 4088 ναῦν
3473 4034 3604 4086 ἀνα-

2029 4123 2298 4196 κωχάζειν
2332 4123 2574 4178 ἐκέλευε.
2599 4124 2705 4177 Τοῦ
2735 4126 2778 4156 ’δ’
2803 4125 3105 4194 όμμακοῖου
3141 4125 3187 4156 ’⁸³
3209 4125 3311 4193 τῆς
3340 4125 3601 4192 eorum;

2028 4219 2122 4270 καὶ
2144 4217 2313 4286 ἀκοῆς
2337 4218 2472 4286 ἃμα.
2500 4217 2605 4270 Kal
2631 4215 2929 4271 διετέλεσεν
2952 4217 3080 4288 ἄχρι
3109 4217 3340 4271 θανάτου
3391 4218 3601 4286 ἀμιγὴς

2031 4308 2230 4370 παντὸς
2282 4307 2550 4378 σώματος.
2604 4308 2726 4361 Οὐδ’
2777 4308 2923 4362 ἔστιν
2975 4310 3119 4372 ὅστις
3167 4310 3602 4380 ἐσυκοφάντησεν

358 4384 596 4449 demisit,
634 4399 662 4437 a
711 4386 1212 4454 supernaturalibus
1263 4389 1610 4445 unitatibus:
1658 4390 1826 4445 Firmi
1875 4401 1928 4447 et

2032 4400 2193 4453 αὑτὸν
2216 4399 2309 4452 ἐπὶ
2333 4401 2609 4464 τοιαύταις
2630 4399 2926 4466 διαϐολαῖς,
2957 4400 3076 4453 ούδέ
3105 4400 3213 4454 τῶν
3250 4400 3512 4470 ἐχθίστων
3531 4399 3600 4453 ⁸⁸.

357 4475 547 4533 Galeni
588 4481 900 4536 notionibus
939 4493 997 4537 ut
1033 4483 1324 4553 plurimum
1360 4497 1561 4552 motus,
1608 4495 1702 4541 aut
1747 4487 1926 4541 incor-

356 4573 536 4640 ruptis
561 4573 914 4642 conceptibus
944 4580 1141 4631 mentis
1163 4578 1442 4632 beatorum
1469 4580 1727 4635 virorum.
1761 4578 1928 4634 Justi-

360 4663 488 4715 tiam
517 4664 704 4730 coluit,
740 4676 794 4720 et
826 4681 945 4736 quae
983 4669 1358 4738 philosophum
1393 4672 1606 4736 decent,
1645 4685 1750 4725 non
1790 4671 1926 4724 adu-

357 4754 582 4811 latorios
612 4771 813 4823 mores,
849 4770 941 4812 aut
970 4759 1237 4814 sordidos.
1265 4759 1504 4813 Marinus
1527 4768 1746 4828 propter
1779 4759 1926 4813 sedi-

354 4847 556 4904 tionem
608 4848 840 4905 Athenis
890 4851 1215 4920 Epidaurum
1263 4852 1512 4915 secessit,
1561 4852 1922 4907 subodoratus

355 4940 584 4995 insidias
634 4941 760 4996 vitae
795 4954 1157 5011 comparatas.
1185 4943 1426 4998 Marinus
1458 4954 1512 4998 et
1549 4944 1663 5012 ipse
1705 4942 1928 4998 Proclus

357 5048 463 5086 non
497 5048 601 5087 una
633 5032 826 5101 solum,
857 5034 1050 5104 351!)
1096 5038 1189 5090 sed
1233 5037 1494 5090 atnbabus
1527 5035 1776 5090 manibus
1821 5033 1924 5088 lsi-

356 5123 546 5176 dorum
593 5123 830 5195 amplexi
880 5134 1024 5181 sunt.
1071 5125 1291 5182 Proclus
1336 5126 1524 5181 videns
1566 5126 1708 5180 illius
1752 5127 1918 5181 animi

2045 4491 2102 4544 '0
2141 4491 2198 4544 δέ
2230 4492 2469 4562 Μαρῖνος
2494 4492 2541 4526 “
2567 4492 2644 4562 τῷ
2679 4493 2853 4564 ἀτόνῳ
2913 4495 3013 4562 τῆς
3065 4493 3280 4562 φύσεως
3332 4493 3454 4546 οὐδὲ
3504 4493 3601 4546 τοῦ

2036 4583 2370 4653 Παρμενίδου
2392 4584 2490 4653 τὴν
2517 4583 2917 4654 ὑπεραίρουσαν
2942 4585 3201 4655 ἐξήγησιν
3230 4584 3323 4638 τοῦ
3341 4585 3600 4640 διδασπά.⁴

2033 4671 2126 4725 λου
2157 4671 2407 4742 ήνεγκεν,
2443 4672 2535 4724 ἐπὶ
2568 4673 2636 4726 τά
2663 4673 2779 4742 εἴδη
2801 4673 2857 4726 δὲ
2886 4675 2985 4742 τὴν
3011 4674 3244 4745 θεωρίαν
3288 4675 3601 4744 κατήγαγεν

2035 4763 2142 4816 ἀπὸ
2162 4762 2270 4814 τῶν
2297 4763 2635 4832 ὑπερουσίων
2662 4763 2862 4816 ἐνάδων
2889 4764 2955 4828 ⁸⁸,
2979 4766 3099 4827 ταῖς
3125 4764 3332 4835 Φίρμου
3376 4765 3473 4818 καὶ
3499 4765 3602 4818 Γα-

2034 4849 2196 4921 ληνοῦ
2225 4851 2284 4904 τὸ
2323 4850 2483 4904 πλέον
2531 4851 2761 4915 ἐννοίαις
2818 4851 3202 4923 ἐπισπώμενος
3252 4854 3285 4925 ἦ
3318 4856 3437 4917 ταῖς
3461 4854 3600 4922 ἀκη-

2035 4942 2215 5013 ράτοις
2263 4941 2540 5006 ἐπιϐολαῖς
2609 4942 2716 4996 τῶν
2764 4943 3052 5014 μακαρίων
3099 4943 3326 5013 ἀνδρῶν.
3382 4943 3603 5015 Ἐθερά-

2035 5051 2168 5086 πευε
2199 5034 2243 5064 ⁵⁷
2272 5033 2340 5086 τὰ
2369 5032 2552 5086 δίκαια
2595 5034 2691 5086 καὶ
2714 5034 3002 5106 φιλοσοφία
3047 5035 3344 5106 πρέποντα,
3395 5035 3508 5087 ἀλλ’
3537 5035 3596 5087 oi.

2028 5125 2119 5181 τὸν
2145 5125 2304 5180 θῶπα
2339 5127 2538 5198 τρόπον
2561 5126 2656 5179 καὶ
2707 5125 2997 5196 βάναυσον.
3055 5130 3154 5181 Διά
3196 5129 3296 5198 τὴν
3344 5127 3534 5181 στάσιν
3566 5127 3595 5178 ό

1610 5302 1840 5358 νΑΙιιλΕ
1876 5302 2279 5359 LECTIONES.

430 5442 474 5473 '°
492 5441 668 5512 νέους]
701 5438 996 5510 νεωτέρους
1027 5441 1472 5512 ἐκμιμησάμενος
1503 5440 1697 5496 Suidas
1729 5458 1782 5496 v.
1809 5444 1962 5512 Πῖνος
1988 5483 2004 5508 ,
2039 5441 2335 5512 νεωτέρους
2360 5441 2764 5512 ἐκμιμούμενος
2798 5441 2936 5512 idem
2969 5454 3022 5493 ν.
3059 5434 3377 5512 Σαλούστιος
3419 5428 3596 5498 οὗτος.

357 5509 404 5547 ³¹
427 5512 577 5563 τόνον
601 5509 691 5566 AR
717 5509 881 5563 πόνον
907 5527 945 5573 ς

987 5521 1202 5597 piaesta‘t
1222 5511 1596 5597 bluidze‘nivox.
1621 5582 1634 5597 .
1672 5512 1712 5542 ³¹
1736 5513 1877 5597 λόγω
1909 5511 1970 5565 Β.
2043 5512 2088 5543 ³³
2125 5510 2472 5597 ῦπαρςὲφάνῃ
2510 5512 2554 5563 Α
2588 5510 2947 5597 ίὺπερξφάνη
2980 5527 3039 5574 ς.

3117 5507 3162 5538 ³³
3197 5503 3510 5558 διεσκόπουν
3533 5522 3596 5570 ς.

431 5581 523 5632 τὸν
561 5579 935 5665 ἀνθρρπονιΑ.
967 5573 1270 5665 traxere].
1291 5581 1369 5644 είς
1396 5583 1485 5665 τ’
1517 5581 1580 5664 ,³⁸
1621 5573 1954 5665 ίκιανουμένῳ
1999 5599 2106 5665 g.“
2137 5581 2179 5665 ξ’
2211 5573 2531 5665 φιλοσοφίας
2541 5573 2876 5665 ,περιϐαλιξξν
3025 5579 3099 5665 ,³⁸
3128 5574 3234 5665 οὐδ’
3279 5575 3364 5665 AA:
3404 5573 3595 5665 όιξις.

361 5651 404 5736 ξ’
427 5643 793 5736 παρακληθεὶς
826 5651 890 5736 Αι.
966 5651 1011 5682 ⁸ο
1034 5649 1104 5703 cf.
1132 5643 1337 5736 ’ξιιίίιιιε
1354 5643 1406 5705 7v.
1430 5643 1990 5736 ἸλάριοςςΛντέοχεύξ
2067 5651 2108 5683 ⁴¹
2132 5643 2348 5736 ἐγένετο
2372 5643 2461 5736 ΛΞ.
2575 5643 2670 5736 τοῦ
2691 5668 2783 5704 om
2801 5650 2901 5736 ‘B.’
2936 5650 2993 5736 (ξ’
3016 5645 3274 5736 δμακοῖοὲ
3287 5659 3365 5724 ως.
3440 5643 3486 5674 ⁸⁸
3500 5647 3594 5715 ἐχ-

361 5720 556 5779 θίστων
585 5733 694 5776 0tn.
730 5721 792 5776 Β.
864 5720 909 5753 ¹⁴⁵
931 5720 1203 5792 Μαριανὺς
1238 5723 1302 5775 Λ.

1381 5723 1424 5753 ιθ
1457 5712 1678 5792 ὲνόίδων]
1709 5725 1762 5775 ἐν
1786 5712 1912 5794 ᾆδ’ὁυ
1948 5712 1988 5774 Β
2015 5729 2070 5777 et
2100 5712 2244 5778 corr.
2275 5721 2341 5775 A.
2419 5721 2461 5753 "
2494 5719 2815 5792 ἐθεράπευει
2845 5719 2913 5776 cf.
2936 5712 3132 5775 Suidas
3155 5731 3204 5771 v.
3232 5712 3441 5776 Θῶπεςα
