3990 6232
408 296 540 362 1301

1469 302 1992 363 BIBLIOTHECA.
2018 312 2102 337 '-
2148 302 2313 362 COD.
2353 303 2627 363 CCXLII.

3515 263 3659 365 1302‘

400 409 645 479 Μαρίνος
666 408 726 477 ἐξ
757 408 997 480 ’Δθηνῶν
1034 409 1113 471 είς
1146 409 1468 480 Ἐπίδαυρον
1517 411 1852 483 ἀνεχώρησε,
1879 414 1978 477 τὰς

2085 412 2408 468 indefessam
2443 414 2802 479 alacritatem,
2846 412 3090 469 discendi
3143 426 3391 468 amorem
3424 414 3649 468 Insatia-

399 496 530 567 ἄχρι
553 496 651 550 τοῦ
674 497 928 569 σώματος
958 498 1318 562 ἐκϐαινούσας
1343 500 1635 564 ἐπιϐουλὰς
1687 502 1974 572 ὑφορώμε-

399 602 511 650 νος.
560 587 619 640 '0
643 588 701 642 δὲ
757 590 1023 660 Μαρϊνος,
1068 590 1165 643 καὶ
1216 590 1376 654 αὐτὸς
1427 593 1455 644 6
1499 591 1761 662 Πρόκλος,
1805 592 1867 645 ού
1906 594 1973 661 τῇ

400 678 565 750 ἑτέρᾳ
608 680 790 751 μόνον,
810 678 925 733 ἀλλ’
945 680 1146 750 ἀμφοῖν
1170 684 1282 735 τοῖν
1302 681 1347 714 ⁸⁸
1374 685 1552 753 χεροῖν
1572 684 1664 736 τοῦ
1702 683 1970 754 ἰσιδώρου

401 768 760 838 περιείχοντο.
801 769 859 823 Ὀ
885 771 944 824 δὲ
969 771 1210 842 Πρόκλος
1248 772 1392 842 ὁρῶν
1438 774 1604 827 αὑτοῦ
1632 774 1730 846 τὴν
1765 775 1969 845 προθυ-

400 859 536 927 μίαν
564 862 794 929 ἄτρυτον
815 858 980 915 οὖσαν
1006 864 1097 916 καὶ
1137 866 1236 933 τὴν
1266 864 1619 933 φιλομάθειαν
1655 866 1969 937 ἀκόρεστον,

398 950 586 1017 πηγάς
612 950 784 1018 λόγων
816 952 896 1012 είς
920 952 1020 1021 τὴν
1048 952 1254 1006 ἐκείνου
1290 953 1466 1022 ψυχὴν
1490 954 1671 1021 ἀφιεὶς
1727 954 1886 1025 ἱερῶν
1912 972 1972 1007 τε

396 1041 494 1094 καὶ
520 1041 846 1110 φιλοσόφων,
903 1042 1234 1112 γαννύμενος
1284 1042 1432 1113 αὐτῷ
1462 1044 1686 1097 διετέλει
1710 1046 1972 1098 πλατεῖαν

398 1131 651 1199 ύπέχοντι
683 1134 778 1186 καὶ
802 1134 1060 1204 ἀριήκοον
1086 1134 1185 1203 τὴν
1227 1134 1326 1202 τῆς
1381 1134 1619 1197 διανοίας
1678 1136 1970 1207 ὑποδοχήν.

397 1218 527 1286 Εἷξε
555 1221 742 1284 δεδιὼς
769 1223 867 1294 τὴν
892 1225 1153 1293 ἐκατέρου
1176 1224 1495 1294 ἐπιτίμησιν
1523 1228 1619 1279 καὶ
1644 1225 1759 1295 ἅμα
1789 1226 1969 1297 λύπην

398 1312 832 1380 ἀγανακτοῦσαν.
858 1315 1108 1368 Ἔσεισεν
1158 1316 1421 1385 ὑπερφυῆ
1450 1332 1572 1370 τινα
1627 1316 1848 1387 σεισμὸν
1876 1319 1974 1371 καὶ

397 1403 460 1455 οὐ
481 1402 694 1470 φύσεως
723 1404 962 1471 ἔκγονον.
986 1400 1094 1456 Ἦν
1110 1403 1219 1475 άρα
1240 1421 1324 1468 τις
1352 1404 1571 1474 Ἀττικὴ
1586 1406 1746 1475 γυνὴ,
1774 1407 1975 1471 πολλὰς

398 1495 573 1547 εἰδυῖα
609 1496 855 1566 μηχανὰς
898 1497 978 1558 εἰς
1008 1496 1172 1568 [1072
1189 1493 1284 1567 8.]
1312 1496 1507 1562 πειθὼ,
1530 1496 1605 1559 ὡς
1634 1497 1885 1564 διέδειξεν
1904 1498 1971 1552 δ’.

397 1588 475 1638 Ού
501 1588 599 1656 μιᾷ
630 1586 676 1619 ⁸⁸
701 1590 844 1658 χειρὶ
871 1587 1207 1657 δωρούμενος
1243 1587 1369 1659 ἀλλ’⁸
1391 1588 1616 1657 ἀμφοῖν,
1673 1588 1817 1641 κατὰ
1868 1590 1967 1659 τὴν

397 1677 723 1746 παροιμίαν.
754 1678 1004 1741 Τοιοῦτος
1022 1673 1089 1747 ἦν
1113 1678 1174 1731 τό
1202 1694 1262 1730 τε
1302 1677 1347 1711 ⁵³
1395 1677 1556 1747 σῶμα
1606 1678 1700 1731 καὶ
1746 1678 1842 1750 τὴν
1868 1677 1975 1747 ψυ-

2078 502 2467 569 hilem,multas
2493 504 2545 557 in
2573 503 2719 558 illius
2748 502 2984 557 animum
3015 503 3263 557 derivare
3296 501 3572 555 doctrinas
3594 510 3650 554 et

2085 608 2272 649 sacras
2286 603 2339 649 et
2366 594 2761 663 philosophicas
2779 594 3019 664 gaudens
3038 595 3298 663 perrexit,
3324 594 3474 649 sinus
3492 610 3647 648 men-

2077 688 2146 740 tis
2180 685 2253 738 illi
2283 686 2589 754 pandentis,
2624 694 2679 740 et
2720 686 2969 741 audiendi
3012 686 3315 755 cupidinem
3352 684 3647 743 al'ferentis.

2075 771 2253 827 Cessit
2275 785 2518 828 metuens
2539 774 2817 844 utriusque
2837 774 3334 843 reprehensionem,
3375 775 3649 844 querelam

2074 867 2130 914 et
2156 859 2600 929 indignationem.
2624 860 2929 916 Concitavit
2964 862 3334 916 incredibilem
3360 862 3649 931 quemdam

2080 958 2310 1013 motum,
2346 965 2575 1016 eumque
2604 966 2706 1006 non
2748 966 2776 1004 a
2811 962 3004 1005 natura
3040 951 3365 1021 profectum.
3405 951 3530 1005 Fuit
3561 966 3651 1005 sa-

2078 1055 2147 1094 ne
2172 1041 2350 1095 Attica
2394 1042 2604 1107 mulier,
2650 1057 2769 1112 qua:
2803 1043 3001 1099 multas
3044 1053 3204 1098 norat
3245 1052 3389 1098 artes
3419 1057 3648 1112 persua-

2075 1131 2259 1197 dendi,
2293 1142 2352 1185 ut
2394 1132 2509 1201 ipse
2547 1134 2826 1197 docuerat,
2866 1149 2973 1187 non
3008 1149 3111 1188 una
3159 1148 3342 1198 manu,
3382 1144 3441 1187 ut
3476 1133 3650 1202 loqui-

2077 1236 2219 1285 mur,
2268 1222 2361 1278 sed
2407 1223 2670 1279 ambabus
2710 1224 2970 1294 largiens.
3018 1224 3165 1278 Talis
3206 1224 3306 1278 fuit
3336 1238 3567 1293 corpore
3597 1235 3652 1277 et

2075 1312 2280 1379 animo,
2333 1321 2392 1367 ut
2443 1313 2501 1379 ii,
2552 1328 2673 1369 cum
2724 1315 2922 1383 quibus
2967 1313 3387 1384 colloqueretur,
3438 1314 3652 1383 quando

2078 1413 2288 1471 tempus
2314 1413 2451 1467 erat,
2485 1406 2772 1460 severitate
2800 1415 2854 1460 et
2895 1406 3198 1460 constantia
3227 1420 3434 1459 morum
3460 1406 3653 1459 verbo-

2077 1509 2304 1563 rumque
2349 1496 2751 1564 obstupuerint.
2792 1495 3076 1551 Gratiosus
3105 1506 3222 1549 erat
3255 1497 3392 1565 apud
3442 1495 3651 1564 gratio-

2075 1596 2184 1637 sos.
2238 1582 2381 1636 Loco
2407 1582 2762 1652 philosophiae
2794 1584 2998 1652 otiique
3033 1581 3224 1648 felicis,
3256 1582 3323 1635 ad
3353 1582 3648 1650 rempubbi-

2075 1690 2193 1729 cam
2242 1674 2480 1744 seipsum
2544 1686 2600 1730 et
2654 1677 2719 1729 ad
2770 1679 3120 1745 magistratus
3153 1677 3401 1732 contulit.
3448 1676 3648 1730 Natura

396 1767 521 1837 χὴν,
552 1768 692 1822 ὥστε
718 1768 1159 1837 καταπληγνύναι
1187 1769 1232 1801 ⁸¹
1256 1769 1323 1838 τῇ
1362 1767 1581 1837 συννοίᾳ
1611 1768 1736 1829 τοὺς
1778 1769 1969 1834 ἐντυγ-

2085 1764 2441 1819 :ontentiosus
2465 1774 2601 1831 erat,
2632 1775 2684 1819 et
2712 1766 3088 1835 insuperabilis
3116 1767 3168 1819 in
3204 1766 3396 1836 quavis
3443 1781 3519 1826 re.
3563 1767 3649 1819 cui

398 1858 684 1924 χάνοντας,
732 1859 894 1929 ήνίκα
954 1861 1142 1929 καιρὸς
1165 1854 1233 1929 ἦν
1279 1858 1607 1929 σεμνότητος
1650 1858 1744 1910 καὶ
1780 1857 1978 1926 ἐμϐρι-

2087 1858 2325 1911 animum
2369 1856 2733 1925 applicuisset.
2779 1854 2977 1911 Gloria:
3018 1871 3210 1911 amans
3249 1857 3294 1911 si
3340 1858 3462 1925 quis
3488 1857 3627 1910 alius

398 1949 673 2018 θεστέρων
714 1949 861 2018 ἠθῶν
896 1967 956 2003 τε
984 1950 1078 2004 καὶ
1104 1951 1296 2019 λόγων·
1330 1950 1545 2021 χαρίεις
1591 1944 1719 2003 δἀὖ
1762 1950 1804 1983 ⁸⁸
1840 1951 1977 2019 πρὸς

2085 1950 2466 2020 objurgatoriis
2508 1948 2687 2003 verbis
2730 1947 3094 2016 operibusque
3129 1962 3278 2011 usus,
3315 1956 3369 2000 et
3397 1961 3515 2015 quae
3540 1946 3651 1997 vir-

396 2036 525 2099 τοὺς
545 2037 853 2108 χαρίεντας.
872 2039 1015 2093 ’Δντὶ
1033 2041 1141 2110 γὰρ
1165 2040 1483 2110 φιλοσοφίας
1509 2042 1600 2094 καὶ
1622 2040 1981 2112 ἀπραγμοσύ-

2087 2049 2253 2093 tutetn
2290 2038 2456 2092 animi
2503 2038 2650 2092 foras
2687 2038 3065 2107 producerent.
3112 2036 3245 2090 Cum
3284 2034 3654 2104 superioribus

397 2144 499 2196 νης
528 2129 844 2199 εὐδαίμονος
880 2133 959 2194 είς
995 2132 1269 2186 πολιτείαν
1314 2133 1505 2186 ἑαυτὸν
1548 2136 1650 2209 καὶ
1692 2135 1773 2197 είς
1810 2134 1981 2205 ἀρχὰς

2086 2143 2297 2197 semper
2322 2130 2618 2182 contendit.
2650 2127 2807 2182 Solus
2829 2128 2995 2182 voluit
3021 2128 3071 2181 in
3107 2128 3279 2195 pretio
3306 2125 3509 2187 haberi,
3529 2138 3652 2179 cum

399 2217 600 2283 ἐξέωσε
628 2222 831 2291 φέρων.
854 2222 1015 2276 Φύσει
1050 2223 1107 2277 δέ
1137 2223 1212 2277 ὢν
1254 2225 1552 2291 φιλόνεικος
1577 2226 1671 2279 καὶ
1708 2227 1977 2296 ἀήττητος

2086 2220 2297 2275 deesset
2352 2220 2425 2274 illi
2484 2220 2732 2284 comitas,
2778 2235 2897 2288 quae
2944 2220 3280 2287 superiorem
3328 2226 3650 2272 reveretur:

397 2307 487 2376 ἐφ’
516 2310 544 2362 ὃ
573 2327 627 2363 τι
653 2311 719 2365 ἂν
741 2312 1027 2384 ὁρμήσειε,
1053 2315 1145 2368 καὶ
1175 2314 1455 2383 φιλόδοξος
1480 2315 1558 2379 ὡς
1589 2315 1689 2368 ούκ
1733 2311 1832 2368 οἷδ’
1854 2317 1903 2368 εί
1929 2316 1974 2347 ⁸⁸

2085 2309 2301 2378 plurimi
2348 2323 2480 2365 vero
2545 2308 2882 2378 respiciendo
2944 2309 3009 2363 ad
3061 2310 3281 2377 antiqua
3338 2305 3652 2375 sperabant.

397 2397 585 2469 ἕτερος
625 2402 719 2454 ἐπὶ
748 2404 951 2473 τιμίοις
972 2406 1019 2438 ⁸⁸
1053 2407 1237 2475 ἔργοις
1286 2423 1346 2460 τε
1393 2408 1485 2459 καὶ
1523 2406 1704 2475 λόγοις
1753 2409 1848 2459 καὶ
1874 2406 1974 2476 τὴν

2085 2404 2433 2473 Pamprepius
2480 2404 2899 2458 instrumentum
2964 2403 3213 2457 idoneum
3268 2400 3366 2454 fuit
3414 2400 3654 2455 necessi-

402 2490 603 2561 ἀρετὴν
618 2494 692 2556 είς,
713 2494 774 2548 τὸ
795 2495 899 2560 ἔξω
920 2496 1218 2566 προάγουσι
1243 2499 1341 2568 τῆς
1359 2496 1555 2567 ψυχῆς,
1585 2514 1973 2567 προσκρουστι-

2087 2496 2211 2571 tatis
2238 2494 2482 2549 reﬂantis
2520 2494 2811 2550 honestati.
2843 2493 3177 2549 Procedente
3213 2503 3456 2561 tempore
3496 2491 3653 2554 dixit,

404 2582 499 2643 κὸς
526 2584 612 2635 ἀεὶ
639 2585 732 2638 καὶ
757 2586 1112 2655 ἀμιλλητικὸς
1161 2590 1297 2659 πρὸς
1319 2589 1447 2653 τοὺς
1480 2589 1848 2659 ὑπερέχοντας
1878 2585 1966 2661 ἦν.

2085 2603 2176 2656 pro
2202 2602 2267 2643 eo
2299 2587 2440 2657 quod
2472 2587 2655 2640 instat.

414 2676 703 2733 Ἦὸούλετο
726 2681 785 2736 δέ
824 2684 982 2751 μόνον
1020 2684 1316 2755 ἀξιωθῆναι
1349 2687 1378 2737 6
1424 2684 1675 2752 δεόμενος
1718 2684 1819 2752 τῆς
1866 2684 1958 2737 τὸν
1989 2683 2225 2752 ἄρχοντα
2290 2682 2703 2752 προσκυνούσης
2734 2680 3043 2745 ἐντεύξεως.
3091 2681 3154 2733 Ol
3214 2678 3272 2733 δὲ
3306 2679 3351 2711 ⁸⁸
3416 2678 3657 2730 πλεῖστοι

403 2767 675 2839 ὠρθοῦντο
701 2774 837 2843 πρὸς
885 2774 954 2827 τά
999 2778 1199 2846 ἀρχαῖα
1227 2779 1349 2841 ταῖς
1392 2776 1624 2831 ἐλπίσιν.
1658 2778 1930 2846 Ὀργανον
1986 2777 2015 2828 6
2056 2774 2418 2844 Παμπρέπιος
2480 2773 2781 2844 ἐπιτήδειον
2818 2774 2916 2842 τῆς
2960 2772 3096 2844 πρὸς
3132 2771 3193 2825 τδ
3237 2771 3453 2825 κάλλιον
3509 2772 3658 2823 ἀντι-

404 2861 671 2929 πνεούσης
692 2862 935 2931 ἀνάγκης
956 2858 1045 2934 ἦν.
1084 2865 1239 2919 Κατά
1297 2866 1377 2919 σὺν
1420 2865 1735 2935 ἱκνούμενον
1762 2866 1973 2935 χρόνον,
2012 2865 2133 2918 ἀντὶ
2159 2863 2250 2916 τοῦ
2281 2863 2418 2916 κατά
2457 2863 2547 2915 τὸν
2571 2863 2812 2917 ἐπιόντα.

477 2950 605 3023 [572
624 2950 718 3024 Η.]
751 2950 876 3005 Ὀτι
917 2954 1042 3016 τοὺς
1114 2955 1255 3009 κατά
1317 2955 1417 3026 τῆς
1484 2958 1635 3025 ἱερᾶς
1682 2957 1840 3026 ἡμῶν
1889 2954 1981 3009 καὶ

2164 2954 2473 3007 Damascius
2525 2968 2852 3008 enumerans
2887 2968 2981 3008 eos
3012 2953 3103 3023 qui
3135 2966 3348 3007 sacram
3394 2957 3448 3007 et
3484 2951 3658 3007 indiS'

407 3040 745 3095 ἀκαταλύτου
801 3044 1039 3106 πίστεως
1088 3045 1552 3117 ἐπιλυττήσαντας
1598 3049 1627 3100 6
1667 3048 1981 3117 Δαμάσκιος

2088 3043 2374 3098 solubilem
2399 3043 2556 3097 ﬁdem
2586 3053 2826 3099 nostram
2857 3044 3044 3099 insane
3079 3045 3656 3114 oppugnarunt,etiam

407 3130 829 3227 ἀριθμούμενος,
882 3134 978 3188 καὶ
1034 3136 1182 3189 ἄκων
1204 3136 1302 3206 (ὼς
1334 3138 1499 3209 ἔοικε)
1540 3139 1584 3170 "
1625 3138 1719 3192 καὶ
1749 3139 1851 3192 ὑπὸ
1882 3141 1981 3210 τῆς

2087 3145 2144 3189 ιιι
2180 3143 2421 3205 apparet,
2455 3135 2655 3190 invitus
2685 3144 2739 3191 et
2776 3147 2995 3192 coactus
3022 3135 3267 3191 veritatis
3299 3136 3347 3189 vi
3386 3136 3499 3190 hac
3528 3137 3655 3190 scri-

410 3220 551 3274 κατά
608 3220 707 3292 τὴν
752 3222 1037 3293 ἐνάργειαν
1066 3225 1113 3258 ³⁸
1156 3226 1414 3295 ἀληθείας
1481 3227 1801 3298 βιαζόμενος
1852 3229 1978 3284 τάδε

2086 3228 2182 3281 bit.
2208 3228 2452 3283 Conatus
2476 3236 2559 3283 est
2584 3226 2835 3284 Julianus
2863 3230 3177 3297 imperator,
3223 3226 3319 3282 sed
3359 3227 3494 3281 ultra
3525 3242 3660 3296 qua-

410 3310 733 3381 ἀναγράφει.
778 3314 1130 3387 Ἐπεχείρησε
1200 3318 1297 3388 μὲν
1343 3318 1451 3389 γάρ
1480 3322 1574 3372 καὶ
1603 3322 1649 3353 ⁵⁸
1694 3321 1978 3385 Ἰουλιανὸς

2085 3325 2201 3373 tuor
2216 3334 2386 3373 annos
2404 3334 2509 3374 non
2530 3333 2844 3388 progressus
2859 3318 3298 3390 est.Cogitavitet
3317 3319 3457 3374 idem
3478 3329 3657 3387 postea

409 3400 439 3451 6
462 3398 735 3472 βασιλεὺς,
767 3402 880 3455 ἀλλ’
906 3405 1070 3458 ἐτέων
1118 3408 1217 3460 οὐκ
1260 3407 1431 3479 ἐπέϐη
1478 3409 1745 3481 πισύρων,
1771 3412 1981 3482 ἐπεχεί-

2085 3408 2278 3464 Lucius
2294 3412 2398 3464 dux
2418 3410 2624 3466 militiae
2642 3411 2887 3485 Byzantii
2905 3413 3004 3468 sub
3021 3412 3347 3480 Theodosio,
3372 3414 3462 3480 qui
3495 3427 3662 3466 cona-

414 3512 547 3565 ρησε
582 3495 642 3549 δέ
679 3494 889 3566 χρόνοις
911 3496 1138 3569 ὕστερον
1163 3500 1257 3553 καὶ
1294 3500 1541 3566 Λούκιος,
1581 3502 1717 3574 ἀνὴρ
1766 3504 1824 3555 ἐν
1877 3503 1981 3556 Βυ-

2085 3507 2167 3552 tus
2191 3499 2570 3569 imperatorem
2588 3501 2916 3570 interﬁcere,
2940 3504 2995 3558 in
3023 3503 3286 3573 palatium
3304 3504 3453 3558 venit
3488 3511 3541 3557 et
3577 3511 3661 3556 ter

415 3587 616 3657 ζαντίῳ
640 3588 739 3658 τὴν
778 3590 1110 3661 στρατηγίδα
1133 3591 1306 3663 ἀρχὴν
1333 3593 1378 3625 ⁸ο
1419 3593 1525 3645 ὑπὸ
1552 3592 1764 3662 βασιλεῖ
1796 3594 1981 3647 Θεοδο-

2085 3598 2299 3644 tentans
2334 3589 2568 3660 gladium
2601 3593 2853 3657 educere,
2883 3594 3205 3664 perterritus
3232 3595 3485 3649 decessit.
3519 3593 3665 3647 Vidit

416 3677 519 3747 σίῳ
546 3679 788 3747 κοσμῶν,
816 3678 875 3742 ὃς
936 3681 1216 3751 πειραθεὶς
1245 3683 1336 3734 τὸν
1364 3682 1586 3753 βασιλέα
1614 3684 1823 3737 ἀνελεῖν
1851 3685 1981 3738 εἴσω

2085 3681 2227 3735 enim
2278 3691 2497 3751 repente
2557 3684 2835 3739 mulierem
2876 3684 3147 3741 inusitatae.
3186 3684 3575 3756 magnitudinis
3610 3692 3665 3738 et

411 3766 523 3819 τῶν
555 3767 845 3837 βασιλείων
870 3771 1133 3843 παρῆλθε,
1152 3774 1247 3826 καὶ
1278 3774 1400 3845 τρὶς
1440 3774 1673 3847 θελήσας
1698 3776 1981 3842 ἐξελκύσαι

2090 3770 2412 3837 terribilem,
2448 3790 2477 3826 a
2512 3783 2662 3845 tergo
2686 3774 3047 3830 Theodosium
3084 3775 3503 3845 amplexantem.
3538 3773 3668 3830 Post

411 3855 507 3910 τοῦ
537 3858 723 3912 κολεοῦ
749 3860 793 3892 ⁶¹
828 3860 891 3914 τὸ
967 3861 1121 3931 ξίφος
1145 3864 1487 3929 ἀπετρέπετο
1518 3867 1985 3937 καταπεπληγμέ-

413 3962 505 4008 νος
528 3962 544 3978 ’
564 3947 708 4018 ἐώρα
729 3949 837 4020 γὰρ
864 3949 1125 4019 ἐξαίφνης
1150 3954 1380 4019 γυναῖκα
1424 3954 1666 4025 μεγάλην
1714 3956 1810 4010 καὶ
1861 3956 1984 4025 βλο-

419 4039 592 4108 συράν
622 4042 1134 4113 περιπτυσσομένην
1186 4044 1327 4097 κατά
1373 4044 1556 4099 νώτων
1587 4046 1632 4077 ⁸⁸
1666 4046 1756 4099 τὸν
1782 4046 1829 4077 ⁸³
1853 4046 1986 4101 Θεο-

416 4127 614 4183 δόσιον.
643 4130 798 4184 Μετὰ
834 4131 1004 4185 ταῦτα
1037 4134 1066 4185 6
1091 4133 1265 4203 μέγας
1317 4135 1417 4204 τῆς
1465 4136 1542 4189 ἓω
1607 4137 1988 4209 στρατηλάτης

418 4218 799 4291 ἐπεχείρησεν,
831 4222 945 4275 ἀλλ’
970 4224 1242 4295 ἐπεσχέθη
1276 4224 1451 4295 βίαιον
1496 4227 1797 4298 εὑράμενος
1826 4228 1990 4282 θάνα-

418 4325 510 4362 τον
531 4326 547 4340 ’
582 4310 691 4365 ἀπὸ
718 4310 825 4381 γὰρ
854 4311 945 4365 τοῦ
976 4313 1143 4366 ῐππου
1177 4314 1358 4367 πεσὼν
1386 4316 1482 4369 καὶ
1532 4317 1595 4368 τὸ
1657 4317 1850 4380 σκέλος
1883 4335 1988 4370 κα-

422 4401 532 4464 κῶς
556 4400 823 4465 διατεθεὶς
852 4402 1171 4473 ἐτελεύτησε
1201 4404 1291 4458 τὸν
1317 4404 1451 4472 βίον.
1476 4403 1608 4459 Εῑτα
1638 4407 1987 4479 Σεὸηριανδς,

2087 3863 2202 3917 haec
2229 3880 2455 3935 magnus
2499 3866 2725 3921 orientis
2772 3867 2963 3921 ductor
2995 3864 3147 3922 Zeno
3191 3867 3244 3921 id
3288 3876 3514 3922 conatus
3555 3876 3662 3928 est.

2087 3956 2179 4009 sed
2216 3956 2445 4010 violenta
2477 3966 2649 4011 morte
2679 3958 3003 4027 praepeditus
3026 3958 3143 4011 fuit.
3170 3956 3305 4011 Nam
3328 3956 3528 4028 352a
3571 3973 3666 4013 ca-

2087 4047 2221 4101 dens
2272 4060 2337 4100 ex
2369 4062 2510 4115 equo
2554 4063 2681 4102 crus
2712 4047 3061 4117 conl'ringens
3110 4049 3425 4117 exspiravit.
3466 4047 3667 4104 Deinde

2092 4138 2422 4193 Severianus
2464 4148 2646 4192 noster
2678 4138 2812 4194 civis
2850 4148 3039 4195 nostro
3082 4148 3353 4213 tempore,
3390 4154 3511 4193 cum
3545 4138 3666 4196 aliis

2091 4227 2367 4281 nonnullis
2390 4228 2785 4297 compluribus,
2819 4245 3006 4298 parum
3040 4230 3211 4284 abluit
3234 4231 3366 4298 quin
3404 4229 3666 4283 multare-

2092 4326 2182 4370 tur
2218 4327 2390 4372 morte
2421 4328 2641 4387 propter
2668 4321 3007 4373 consciorum
3030 4319 3337 4388 perﬁdiam,
3364 4327 3417 4373 et
3440 4317 3667 4371 aliorum

2094 4407 2346 4472 fortasse,
2379 4417 2433 4462 et
2463 4409 2766 4463 Armorichi
2809 4409 2904 4462 [iiii
2940 4409 3183 4477 Asperis,
3209 4409 3299 4476 qui
3331 4408 3667 4476 conjuratio-

422 4494 607 4563 φησιν,
636 4494 910 4565 ὀπολίτης
969 4494 1124 4565 ἡμῶν
1154 4498 1213 4549 ἐν
1266 4499 1379 4559 τοῖς
1431 4496 1552 4550 καθ’
1600 4499 1746 4568 ἡμᾶς
1779 4501 1981 4570 χρόνοις

2097 4515 2216 4554 nem
2255 4500 2459 4554 Zenoni
2498 4499 2722 4554 detexit.
2759 4499 2959 4554 Praeter
2995 4500 3093 4553 hos
3130 4507 3186 4553 et
3217 4497 3424 4552 Marsus
3444 4506 3497 4551 et
3520 4497 3665 4559 lllus,

426 4584 563 4653 μετά
603 4586 699 4637 κα)⁵
725 4584 899 4640 ἀλλων
935 4587 1164 4655 συχνῶν·
1194 4587 1241 4619 ⁸⁸
1265 4588 1379 4640 ἀλλ’
1405 4588 1585 4655 ὀλίγου
1630 4589 1741 4643 δεῖν
1774 4591 1989 4661 θανάτῳ

424 4671 707 4744 ἐζημιώθη
759 4676 825 4729 δι’
861 4677 1121 4730 ἀπιστίαν
1167 4677 1275 4731 τῶν
1330 4678 1667 4747 συνειδότων,
1714 4680 1889 4734 ἄλλων
1928 4699 1990 4735 τε

427 4764 577 4828 ἴσως,
604 4766 700 4818 καὶ
751 4767 1133 4838 Ἐρμενερίχου
1174 4769 1218 4800 ⁸⁸
1268 4769 1362 4822 τοῦ
1393 4770 1666 4841 Ἀσπερος
1694 4772 1739 4803 ⁸⁸
1802 4772 1993 4835 παιδὸς

423 4856 727 4921 ἐξειπόντος
774 4858 874 4929 τὴν
927 4860 1267 4929 συνωμοσίαν
1313 4859 1391 4931 τῷ
1440 4863 1668 4932 Ζήνωνι.
1721 4864 1867 4935 Πρὸς
1911 4860 2023 4929 οἷς,

426 4946 649 5015 Μάρσος
678 4948 769 4999 καὶ
824 4948 1051 5012 Ἵλλουςο
1082 4943 1156 5003 ὧν
1178 4950 1206 5001 6
1257 4950 1354 5019 μὲν
1417 4952 1640 5022 Μάρσος
1675 4954 1730 5006 ἐν
1759 4954 1894 5026 αὐτῇ
1924 4956 1991 5025 τῇ

428 5035 794 5091 ἐπαναστάσει
841 5037 981 5107 νόσῳ
1027 5040 1307 5108 τέθνηκεν,
1362 5042 1391 5092 6
1451 5041 1506 5094 δὲ
1541 5041 1747 5107 Ἴλλους
1802 5044 1990 5115 συλλη-

430 5124 584 5193 φθεὶς
631 5128 773 5197 ξίφει
831 5130 924 5184 τὸν
958 5129 1072 5199 βίον
1126 5132 1509 5202 κατέστρεψεν.
1551 5134 1842 5199 Ἀκοντίζει
1898 5135 1996 5207 τὴν

2097 4603 2326 4659 quorum
2377 4590 2609 4655 Marsus,
2659 4593 2711 4646 in
2773 4592 2887 4658 ipsa
2957 4588 3272 4652 rebellione,
3324 4588 3511 4641 morbo
3569 4602 3666 4640 ex-

2098 4681 2331 4736 stinctus
2359 4691 2460 4736 est.
2486 4681 2661 4752 Caput
2693 4682 2743 4737 iu
2788 4682 3020 4736 hostium
3054 4680 3354 4736 exercitum
3375 4679 3665 4745 iaculatur,

2098 4785 2331 4838 superne
2359 4788 2389 4827 e
2421 4788 2554 4842 rupe
2576 4774 2963 4843 praecipitatur.
2993 4774 3313 4827 Ammonius
3334 4786 3523 4826 amans
3559 4783 3671 4825 lur-

2099 4862 2181 4929 pis
2230 4862 2386 4929 lucri,
2426 4873 2480 4918 et
2500 4864 2678 4918 omnia
2712 4865 2777 4918 ad
2807 4878 3183 4933 quamcunque
3211 4863 3494 4917 utilitatem
3528 4862 3670 4915 refe-

2100 4968 2252 5019 rens,
2284 4956 2576 5024 paciscitur
2603 4971 2723 5010 cum
2771 4971 2856 5019 eo,
2908 4956 2998 5025 qui
3042 4966 3167 5011 tunc
3200 4957 3541 5025 inspecturus
3574 4968 3668 5006 ve-

2101 5057 2250 5099 nerat
2277 5086 2291 5111 ,
2325 5060 2569 5114 quamam
2628 5056 2772 5101 esset
2817 5047 3155 5116 praeralitura
3185 5046 3385 5115 Opinio.
3423 5043 3668 5113 Supelle-

2103 5138 2245 5193 ctilia
2274 5146 2427 5192 erant
2444 5137 2622 5192 omnis
2639 5138 2851 5207 generis
2875 5136 3156 5203 librorum,
3185 5152 3305 5193 cum
3332 5134 3512 5191 liberis
3537 5147 3669 5203 ope-

1701 5295 1933 5352 VARIIE
1962 5295 2250 5353 LECTION
2258 5295 2361 5351 ES.

502 5402 547 5434 “
574 5404 693 5456 ταῖν
716 5402 777 5459 Β.
816 5474 828 5482 Α
854 5405 899 5438 δ’
929 5406 1218 5482 διεδίδαξεν
1256 5426 1317 5473 ς.
1351 5477 1362 5482 _
1392 5409 1439 5441 ⁸⁰
1467 5410 1527 5463 ού
1564 5410 1683 5482 μιᾷ]
1719 5409 1939 5465 Suidam
1963 5427 2014 5467 ν.
2047 5408 2851 5482 Θεαγένηςἐοῃῐενι-Ιιθὶοίιίυῌε»
2884 5424 2936 5482 p.
2973 5406 3114 5482 XX].
3149 5477 3166 5482 _
3191 5408 3234 5482 ’ξ
3264 5407 3405 5482 τότε
3435 5406 3557 5482 add.
3582 5408 3667 5482 _A.

430 5470 475 5501 τ’
514 5474 921 5545 καταπηγνύναι

968 5476 1043 5553 Β,
1076 5477 1456 5553 καταπηγύ-ναι
1500 5474 1583 5546 Δ,
1636 5474 2047 5553 καταπλαγῆναι
2077 5499 2139 5547 ς.
2169 5474 2180 5479 ⁷
2212 5474 2359 5534 ⁸³οάὗ
2405 5481 2453 5553 il
2508 5474 2763 5553 :jv‘g.‘
2804 5478 2851 5510 ⁸⁸
2884 5474 2936 5530 εί
2970 5479 3096 5553 add.
3145 5477 3416 5553 Lejchius.
3494 5476 3540 5508 ⁸³
3578 5477 3673 5528 ἐπὶ

429 5541 648 5617 ῗὲἓιίοι,ς]
692 5541 965 5617 ἔπιῗξμοις
1006 5548 1050 5600 Α
1099 5564 1112 5598 ε
1163 5541 1454 5617 ἐπιτιμίοις
1504 5541 1579 5613 ς’(
1654 5552 1699 5585 ⁵⁸
1730 5553 1778 5603 οἱ
1812 5551 1868 5606 δὲ
1896 5541 1967 5592 3-:-
2008 5541 2218 5605 ἐλπίσιν
2254 5566 2363 5607 om.
2406 5549 2467 5603 B.
2542 5541 2601 5581 ’τ’
2626 5541 2701 5612 ὡς
2736 5548 2880 5602 ἔοικε
2910 5562 3019 5617 om.
3067 5549 3133 5602 Α.
3209 5546 3267 5617 ⁸⁸7
3290 5545 3574 5617 ἐνέργειαν
3604 5563 3666 5609 ς’.

432 5608 753 5667 "stat—om.
789 5608 857 5667 A'.
902 5608 1003 5669 ούκ
1050 5633 1078 5671 a
1122 5608 1657 5673 correctore'hahent
1692 5621 1800 5674 AB.

510 5616 617 5707 ἕαὶ
646 5629 753 5667 om.
902 5617 1003 5669 οὐκ
1032 5633 1078 5698 _a
1122 5616 1429 5707 correctore
1465 5621 1657 5707 habent
1692 5621 1800 5674 AB.
1867 5622 1923 5707 .‘A"
1968 5622 2155 5707 ἄρχειν
2194 5640 2253 5689 ς.
2280 5621 2372 5707 ﬂ“
2421 5618 2645 5707 iacit-:06,
2690 5626 2748 5689 ς.
2826 5619 2869 5648 ⁸³
2905 5616 3072 5707 tigres
3119 5635 3178 5682 ς’.

459 5680 479 5707 "
506 5677 676 5735 ἄλλων
702 5684 859 5737 τινῶν
891 5687 1099 5757 συχνῶν
1125 5705 1184 5752 ς.
1261 5690 1305 5720 ⁸⁸
1352 5689 1729 5761 Ἑρμενερίχου
1761 5695 1823 5758 A,
1867 5677 2244 5764 Ἀρμὲῧερίχου
2278 5690 2317 5747 C
2363 5708 2375 5743 :
2421 5677 2741 5764 ’Λρμερίχᾶυ
2776 5707 2835 5756 ς.

3254 5616 3301 5647 ⁸³
3322 5615 3410 5668 τὸν
3448 5632 3560 5675 om.
3598 5622 3664 5675 Λ.

2926 5689 2970 5720 ⁸⁸
3013 5688 3292 5758 Ἀσπαρος
3315 5684 3373 5741 Β.
