3990 6232
334 318 474 385 1305

1428 331 1950 394 BIBLIOTHECA.
1980 357 2051 370 -
2083 334 2247 395 COD.
2281 332 2589 394 CCXLIII.

3448 323 3589 391 1306

334 430 481 499 γόνῳ
502 427 681 502 θέρμῃ
712 431 1193 504 ἀναζωπυρήσασα
1225 434 1344 487 θεὸν
1371 438 1648 508 ἐποίησεν,
1667 440 1897 506 Ἔσμου·

2009 439 2259 495 Nondum
2306 453 2484 494 tamen
2535 436 2846 494 dimcultate
2892 433 3196 507 argumenti
3256 442 3410 503 rupta
3443 476 3459 501 ,
3501 450 3589 490 me

330 538 423 574 vov
456 522 562 574 ὑπὸ
620 523 885 577 Φοινίκιον
942 525 1329 597 ὠνομασμένον
1367 530 1458 581 ἐπὶ
1484 532 1550 600 τῇ
1585 528 1764 603 θέρμῃ
1811 532 1909 601 τῆς

329 612 502 684 ζωῆς.
542 615 605 667 Οἱ
635 616 693 668 δὲ
729 616 819 669 τὸν
858 618 1159 686 Ἕσμουνον
1213 619 1401 687 ὄγδοον
1440 620 1684 687 ἀξιοῦσιν
1734 623 1909 694 ἑρμη-

328 698 509 751 νεύειν
547 700 628 753 ὂτι
662 701 846 769 ὄγδοος
874 699 942 775 ἦν
992 704 1071 774 τῷ
1125 707 1354 777 Σαδύκῳ
1390 711 1536 772 παῖς.
1577 711 1669 764 Ἐν
1727 711 1904 783 σκότῳ

328 786 606 861 διωλυγίῳ
640 793 774 845 πολὺ
806 794 922 861 φῶς
962 796 1192 865 ἀνάψας.
1224 798 1428 853 Τοῦτον
1457 801 1785 867 ἀπεδέξαντο
1808 802 1900 857 τοῦ

324 878 614 931 νεανίσκου
638 879 727 933 τὸν
752 881 911 951 λόγον
940 885 1035 938 καὶ
1066 887 1388 958 ἠγάσθησαν
1410 890 1459 941 οἱ
1484 892 1628 961 ἀμφὶ
1655 891 1746 944 τὸν
1778 894 1899 946 Μα-

327 969 495 1036 ρῖνον,
522 969 637 1034 πῶς
662 972 762 1025 οἴει
792 973 998 1045 σφόδρα
1028 977 1072 1009 ⁸⁷
1102 994 1117 1043 ;
1162 978 1328 1033 Οὔπω
1352 980 1647 1053 ἐξερῤὠγει
1676 983 1742 1037 τὰ
1777 984 1903 1037 δύσ-

324 1056 459 1108 κολα
510 1057 610 1128 τῆς
659 1059 990 1127 ὑποθέσεως.
1045 1065 1173 1134 Ἐμὲ
1221 1067 1278 1118 δὲ
1326 1069 1903 1143 ὲπεσπάσατοήρύμη

320 1146 417 1199 τοῦ
444 1148 602 1217 λόγου
635 1151 774 1222 πρὸς
804 1155 874 1207 τὰ
909 1157 1049 1224 μετὰ
1089 1156 1261 1211 ταῦτα
1291 1160 1632 1231 ἐκϐεϐηκότα
1664 1163 1711 1194 ⁸⁸
1748 1165 1905 1234 ποιήο

324 1240 523 1293 σασθαι
558 1242 655 1313 τὴν
689 1245 942 1318 ἐκϐολὴν,
975 1250 1491 1321 ἐπακολουθήσαντα
1542 1254 1790 1324 παριόντι
1822 1255 1901 1326 τῷ

322 1327 426 1397 βίῳ
455 1330 563 1384 τῶν
610 1331 888 1403 διαδόχων,
919 1335 1017 1398 οὒς
1069 1338 1243 1392 εἵλετο
1307 1340 1564 1410 Πρόκλος.
1597 1344 1662 1394 Ὃ
1707 1342 1762 1395 δὲ
1801 1344 1893 1396 καὶ

2016 534 2281 588 orationis
2318 534 2401 587 vis
2446 533 2692 599 attraxit,
2752 540 2810 585 ut
2842 530 2908 584 ad
2957 530 3241 595 sequentia
3288 542 3374 581 me
3400 530 3466 582 ab
3495 529 3584 581 illa

2012 638 2345 690 remearem,
2375 634 2430 679 et
2471 625 2709 679 instante
2741 624 2876 690 vita,
2925 637 3019 677 eos
3070 635 3416 677 successores
3460 619 3586 671 imi-

2012 722 2177 775 tarer,
2209 729 2346 783 quos
2366 712 2588 769 Proclus
2605 714 2862 784 elegerat.
2888 713 3149 782 Quodque
3169 727 3361 765 novum
3378 710 3584 773 auditu,

2008 819 2129 860 cum
2161 820 2419 875 generosa
2463 805 2744 875 solidaque
2774 806 3042 879 gravitate
3092 803 3380 857 videbatur
3435 816 3581 869 prae-

2013 896 2259 950 sentibus
2301 906 2513 966 gratus.
2563 896 2803 952 Plurima
2835 905 3063 951 conatus
3112 897 3179 949 ad
3239 906 3582 947 communem

2011 986 2353 1040 atulitoribus
2396 964 2711 1053 titilitatem,
2748 987 3019 1041 interdum
3061 1000 3191 1040 vero
3233 982 3468 1052 jocando
3517 981 3584 1036 de

2008 1076 2097 1129 illa
2129 1078 2396 1147 gravitate
2418 1079 2726 1144 remittens,
2757 1088 2812 1134 et
2843 1086 3132 1147 peccantes
3165 1074 3443 1144 ingeniose
3463 1086 3583 1127 car-

2009 1182 2162 1235 peus,
2200 1178 2258 1223 ut
2309 1169 2418 1224 risu
2450 1170 2881 1238 increpationem
2918 1177 3145 1237 tegeret.
3201 1167 3401 1236 353a
3448 1163 3585 1217 Alti-

2009 1259 2192 1313 tudiue
2222 1271 2277 1316 et
2295 1262 2628 1333 longitudine
2646 1263 2918 1333 egregius,
2943 1261 3233 1329 utautiqua
3259 1270 3312 1313 et
3337 1257 3583 1311 fabulosa

1996 1344 2106 1412 jam
2137 1364 2262 1403 vera
2287 1351 2526 1415 sint,eta
2556 1367 2641 1406 me
2662 1350 3151 1420 petebatoccultam
3172 1349 3580 1403 admissionem.

319 1419 623 1513 παράδοξον
651 1420 902 1487 ἀκοῦσαι,
938 1426 1074 1493 μετὰ
1097 1429 1423 1498 σεμνότητος
1463 1429 1717 1497 εὐγενοῦς
1763 1433 1853 1483 καὶ
1880 1432 2103 1501 βεϐαίας
2135 1440 2382 1508 ἐφαίνετο
2423 1445 2535 1505 τοῖς
2585 1419 2819 1513 παροῦσι
2872 1440 3105 1512 χαρίεις,
3142 1440 3209 1492 τὰ
3258 1440 3355 1510 μὲν
3412 1436 3582 1491 πολλὰ

320 1512 638 1576 σπουδάζων
678 1514 757 1576 εἰς
802 1515 862 1568 τὸ
910 1515 1091 1569 κοινὸν
1146 1520 1257 1581 τοῖς
1318 1519 1605 1573 ἀκούουσιν
1660 1522 1869 1591 ὄφελος,
1911 1525 2079 1591 ἀνιεὶς
2108 1530 2164 1582 δὲ
2201 1532 2371 1585 ἐνίοτε
2400 1532 2478 1603 τῷ
2509 1512 2757 1597 παίζοντι
2789 1532 2887 1603 τὴν
2948 1531 3205 1601 σπουδὴν,
3273 1532 3367 1584 καὶ
3442 1527 3585 1582 σκώ-

319 1619 476 1704 ⁸ιῗμτων.
503 1603 717 1704 εὐφυῶς
762 1606 887 1704 τους
952 1608 1391 1704 ἁμαρτάνοντας,
1448 1610 1587 1665 ὥστε
1622 1614 2015 1671 ὲπικαλύπτειν
2074 1622 2152 1691 τῷ
2201 1624 2397 1693 γελοίῳ
2461 1624 2551 1678 τὸν
2603 1624 2847 1695 ἔλεγχον.
2927 1624 3020 1686 Εἰς
3080 1620 3211 1690 ὕψος
3262 1620 3356 1673 καὶ
3410 1621 3584 1688 μῆκος

317 1692 430 1744 οἷον
452 1692 769 1764 θαυμάσιον.
804 1697 967 1749 ’Ὥστε
1004 1698 1073 1752 τὰ
1125 1700 1327 1770 ἀρχαῖα
1362 1705 1455 1757 καὶ
1503 1704 1639 1775 πρὸς
1680 1705 1741 1757 τὸ
1786 1706 2031 1774 μυθῶδες
2077 1692 2467 1784 ἐκνενικηκότα
2528 1692 2763 1786 μηκέτι*
2794 1714 3000 1769 ἄπιστα
3065 1708 3225 1764 εἶναι.
3275 1709 3387 1763 Καὶ
3461 1710 3581 1780 ᾔτει

318 1789 451 1856 παρ’
470 1789 593 1856 ἐμοὶ
626 1790 889 1862 ὑποδοχὴν
918 1791 1309 1847 λανθάνουσαν.

392 1878 520 1951 [5ῑρ
568 1878 657 1953 Η.]
700 1880 759 1934 '0
811 1883 869 1935 δὲ
913 1883 1198 1948 Θεοσέϐιος
1239 1884 1331 1937 τὸν
1380 1888 1480 1956 τῆς
1533 1889 1888 1961 σωφροσύνης

2063 1891 2400 1949 Theoscbius
2449 1892 2719 1949 castitatis
2758 1893 3016 1947 annulum
3049 1931 3065 1957 ,
3105 1906 3264 1961 quem
3311 1890 3580 1945 accedens

317 1969 624 2037 δακτύλιον,
653 1970 713 2023 ὃν
734 1973 761 2024 ό
782 1973 1046 2036 Χαλδαῖος
1078 1974 1124 2007 ⁸³
1164 1974 1347 2028 εἰσιὼν
1384 1980 1736 2046 παραδίδωσι,
1768 1982 1892 2035 τοῦ-

317 2078 410 2113 τον
441 2053 596 2122 οὗτος
646 2065 1219 2136 κατασκευασάμενος,
1248 2069 1561 2137 προσελθὼν
1586 2074 1651 2141 τῇ
1681 2076 1897 2140 γυναικὶ

317 2150 425 2221 ἔφη
452 2168 465 2181 ·
503 2150 695 2206 Πάλαι
717 2153 833 2223 μέν
867 2170 967 2207 σοι
1007 2156 1337 2211 ἐπιδέδωκα
1368 2158 1692 2215 δακτύλιον
1720 2162 1898 2231 ἁρμο-

317 2244 478 2312 στὴν
504 2246 869 2317 παιδουργοῦ
892 2250 1281 2317 συμϐιώσεως
1306 2265 1320 2279 ·
1353 2252 1425 2306 τὰ
1452 2252 1569 2307 νῦν
1587 2253 1654 2307 δὲ
1682 2256 1898 2310 τοῦτον

316 2336 629 2406 ἐπιδίδωμί
659 2354 758 2392 σοι
797 2341 1248 2409 σωφρονιστὴν,
1289 2342 1618 2411 ἐπίκουρον
1658 2346 1703 2377 ⁹⁰
1747 2362 1897 2414 παρ-

318 2430 620 2497 εσόμενον
656 2428 818 2501 [1076
848 2430 940 2501 8.]
963 2429 1075 2498 τῆς
1107 2432 1421 2500 σώφρονος
1473 2435 1793 2503 οἰκουρίας.
1834 2437 1898 2489 Ἡ

318 2520 377 2573 δὲ
430 2521 685 2589 ἀσμένως
743 2521 984 2586 ἐδέξατο,
1026 2523 1121 2576 καὶ
1162 2523 1423 2595 συνέζησε
1602 2528 1756 2596 ἀνδρὶ
1806 2530 1898 2583 τὸν

317 2611 509 2663 λοιπὸν
567 2612 757 2683 χρόνον
815 2612 942 2665 ἄνευ
995 2616 1319 2685 σωματικῆς
1374 2618 1679 2682 κοινωνίας.
1709 2621 1799 2689 Τῷ
1841 2621 1898 2675 δὲ

320 2699 678 2770 φυλακτηρίῳ
706 2699 881 2772 τούτῳ
917 2701 979 2753 τὸ
1018 2702 1347 2773 δραστήριον
1382 2706 1480 2758 οὐκ
1506 2708 1597 2759 ἐπὶ
1630 2710 1697 2778 τῇ
1728 2710 1769 2739 ⁹¹
1797 2727 1897 2777 γα-

320 2792 458 2859 μετῇ
499 2791 680 2857 μόνον,
710 2791 846 2845 ἀλλὰ
881 2793 973 2845 καὶ
995 2792 1079 2863 ἐφ’
1105 2793 1299 2848 ἑαυτοῦ
1330 2796 1496 2850 πάλαι
1546 2798 1727 2851 εἰώθει
1761 2818 1900 2871 μαρ-

318 2884 546 2951 τυρεϊνο
595 2885 689 2936 καὶ
741 2883 851 2952 γὰρ
905 2884 995 2936 ὅτε
1050 2884 1315 2957 νεώτερος
1350 2883 1442 2958 ἦν,
1496 2889 1764 2959 ὡμολόγει
1805 2893 1899 2945 καὶ

321 2972 487 3034 αὐτὸς
516 2973 874 3041 ἀγωνιεῖσθαι
904 2976 1070 3029 Μτὸν
1109 2977 1360 3041 παιδείας
1386 2979 1573 3047 ἀγῶνα
1600 2981 1738 3052 πρὸς
1773 2985 1900 3048 τοὺς

317 3065 743 3134 γενεσιουργοὺς
794 3067 1124 3136 πολεμίους,
1157 3071 1283 3134 τούς
1328 3088 1385 3123 τε
1425 3070 1624 3137 ἔξωθεν
1661 3076 1900 3128 ἐπιτιθε-

318 3156 515 3226 μένους
551 3157 646 3209 καὶ
683 3159 810 3223 τοὺς
830 3159 977 3213 ἔνδον
1003 3162 1051 3193 ’³
1083 3164 1453 3233 προδιδόντας.
1490 3166 1788 3220 Καταῦοῶν
1839 3168 1896 3221 δὲ

1997 1986 2120 2040 vilis
2141 1987 2407 2056 quispiam
2434 1986 2604 2049 dedit,
2640 1984 2912 2040 adornans
2962 1985 3119 2038 uxori
3155 1982 3324 2045 dedit,
3353 1982 3579 2034 dicens:

2000 2076 2137 2132 Olim
2168 2077 2262 2129 tibi
2323 2079 2575 2129 annulum
2607 2076 2733 2129 dedi
2758 2074 3145 2144 conjunctionis
3184 2073 3415 2141 ﬁliorum
3452 2087 3579 2140 pro-

1998 2171 2369 2231 creandorum,
2399 2182 2535 2220 nunc
2566 2164 2663 2218 tibi
2696 2169 2764 2218 do
2809 2166 3165 2235 temperantia:
3191 2207 3207 2230 ,
3252 2165 3341 2233 qui
3380 2163 3474 2216 tibi
3508 2162 3578 2215 ad

1999 2266 2200 2311 castam
2250 2259 2435 2310 domus
2460 2256 2752 2311 custodiam
2784 2257 3085 2325 adjumento
3120 2256 3331 2324 futurus
3362 2264 3457 2309 est.
3486 2254 3574 2308 Illa

1998 2366 2126 2404 vero
2154 2352 2381 2405 libenter
2404 2351 2631 2421 accepit,
2674 2360 2730 2405 et
2766 2350 2975 2419 reliquo
3030 2359 3270 2418 tempore
3298 2363 3419 2400 cum
3460 2347 3576 2401 viro

1999 2453 2147 2497 caste
2182 2443 2335 2497 vixit.
2376 2442 2488 2497 Hoc
2524 2444 2863 2499 munimento
2916 2457 3021 2497 non
3055 2442 3109 2495 in
3140 2456 3309 2517 uxore
3356 2439 3528 2494 solum
3557 2478 3575 2503 ,

1998 2534 2091 2589 sed
2121 2536 2284 2587 etiam
2326 2536 2380 2588 in
2412 2549 2471 2589 se
2517 2536 2950 2605 magnitudinem
2989 2534 3152 2587 animi
3190 2532 3377 2586 testari
3421 2530 3567 2586 sole-

2000 2625 2110 2679 bat.
2147 2624 2356 2679 Etenim
2383 2624 2597 2692 juvenis
2639 2640 2761 2678 cum
2794 2630 2962 2688 esset,
3009 2629 3238 2675 testatus
3294 2629 3379 2674 est
3406 2619 3571 2672 etiam

2001 2717 2138 2786 ipse,
2167 2715 2488 2770 eruditionis
2504 2724 2781 2768 certamen
2809 2712 3044 2773 subiisse
3066 2726 3124 2765 se
3155 2725 3275 2765 cum
3303 2708 3572 2770 hostibus,

1999 2808 2090 2877 qui
2154 2805 2562 2876 generationem
2614 2813 3011 2871 procurarent,
3072 2813 3177 2855 tam
3232 2802 3573 2856 extrinsecus

2000 2898 2379 2963 imminentes,
2438 2912 2601 2966 quam
2641 2897 2787 2951 intus
2844 2894 3202 2964 proditionem
3246 2891 3571 2955 molientes;

2001 2989 2302 3044 reclamans
2331 2995 2509 3041 autem
2541 2986 2791 3040 omnibus
2822 2985 3093 3045 sensibus,
3128 2982 3364 3036 maxime
3408 2978 3571 3032 tactui

2002 3079 2350 3135 reclamabat.
2408 3078 2561 3133 Hunc
2615 3077 2760 3131 enim
2801 3090 2924 3130 esse
2991 3088 3180 3128 revera
3229 3080 3572 3132 terrestrem,

2002 3172 2281 3237 rebellem,
2313 3170 2621 3225 trahentem
2654 3167 2893 3221 animam
2949 3166 3016 3220 ad
3049 3178 3340 3235 perennem
3368 3160 3570 3215 fontem

313 3248 424 3302 τῶν
451 3252 761 3323 αἰσθήσεων
789 3257 1003 3323 πασῶν,
1028 3260 1229 3327 μᾶλλον
1256 3264 1364 3316 τῶν
1394 3266 1570 3320 ἄλλων
1607 3267 1704 3337 τῆς
1735 3268 1897 3321 ἁπτι-

2007 3258 2379 3333 generationis.

313 3342 418 3409 κῆς
446 3345 713 3399 κατεϐόα’
746 3341 891 3400 εἶναι
929 3350 1040 3421 γὰρ
1071 3353 1242 3425 αὐτὴν
1283 3354 1360 3428 τῷ
1386 3357 1503 3411 ὄντι
1558 3358 1777 3429 χθονίαν
1820 3359 1914 3412 καὶ
1948 3356 2239 3411 ἀντίτυπον
2280 3354 2376 3409 καὶ
2422 3353 2787 3407 κατασπῶσαν
2814 3352 2914 3423 τὴν
2948 3350 3126 3421 ψυχὴν
3190 3350 3271 3412 είς
3316 3348 3409 3400 τὸν
3473 3343 3577 3416 τῆς

313 3433 581 3499 γενέσεως
612 3435 806 3491 ἀέναον
827 3437 881 3470 ³⁸
907 3438 1114 3510 ὀχετόν.

1021 3531 1191 3585 ΣΜΓ’.

314 3612 421 3667 Ἐκ
443 3613 551 3669 τοῦ
600 3614 851 3686 Ἱμερίου
897 3620 1003 3675 τοῦ
1060 3621 1362 3691 σοφιστοῦ
1401 3622 1672 3696 διάφοροι
1722 3629 1896 3698 μελέ-

1047 3708 1161 3746 ται.

399 3774 737 3847 Ἀνεγνὼσθη
769 3781 833 3832 ὲκ
859 3780 966 3832 τῶν
1007 3781 1239 3852 Ἰμερίου
1288 3786 1383 3839 τοῦ
1418 3788 1675 3856 σοφιστοῦ
1704 3790 1751 3823 ’⁸
1781 3791 1893 3845 διας

312 3876 472 3929 φοροι
501 3865 779 3919 Μελέται.
806 3867 945 3931 Τοὺς
971 3871 1337 3945 ὡραιοτέρους
1366 3876 1422 3928 δὲ
1464 3878 1574 3931 τῶν
1611 3880 1774 3933 αὐτοῦ
1799 3882 1890 3936 λό-

314 3969 430 4019 γων
455 3955 488 4022 ἡ
516 3954 714 4025 ἐκλογὴ
756 3957 1066 4032 δρεπομένη
1100 3964 1199 4027 τὴν
1247 3965 1455 4023 τούτων
1496 3969 1707 4025 ἔκδοσιν
1758 3972 1894 4026 ἀπο-

316 4044 640 4116 θησαυρίζει
671 4049 738 4103 ’⁸.

2659 3525 2933 3581 CCXLIII.

2295 3620 2517 3676 Himerii
2545 3619 2806 3687 Saphista;
2834 3618 3276 3673 Declamaliones.

2071 3781 2199 3851 Legi
2233 3779 2497 3847 quasdam
2532 3777 2952 3831 Declamationet
3001 3772 3232 3828 Himerii
3280 3772 3570 3841 Sophistie.

2004 3871 2407 3943 Elegantiorum
2440 3885 2569 3925 vero
2597 3870 2717 3940 ejus
2733 3882 3043 3923 sermonum
3077 3864 3331 3921 collectio
3353 3870 3573 3919 exarata

1998 3962 2226 4017 istorum
2253 3961 2545 4017 editionem
2574 3960 2841 4014 recondit.

327 4134 431 4190 Ἐκ
476 4138 583 4192 τοῦ
633 4140 787 4210 ὑπὲρ
831 4145 1255 4269 Δημοᾶνξέτςους
1299 4147 1635 4220 Ὑπερίδου,
1668 4154 1738 4208 ἐκ
1780 4155 1892 4224 τῆς

1044 4233 1243 4284 ωριας.

2007 4161 2087 4219 Ea:
2112 4166 2349 4217 oratione
2372 4160 2656 4233 Hyperidis
2681 4178 2775 4230 pro
2800 4160 3165 4215 Demosthene.
3218 4159 3301 4214 E1:
3329 4158 3572 4213 Thearia.

387 4295 669 4390 “Paterno;
705 4300 805 4370 μὲν
839 4304 932 4357 καὶ
972 4276 1215 4378 σφαλερᾶ
1261 4309 1425 4361 παντὶ
1466 4310 1625 4382 δήμῳ
1667 4314 1889 4385 τοιαύτη

2071 4318 2330 4390 Suspecta
2357 4328 2411 4374 et
2438 4318 2739 4388 periculosa
2779 4318 3030 4372 omnibus
3070 4318 3189 4371 haec
3252 4314 3577 4369 deliberatio

317 4387 622 4481 συμβουλὴ,
655 4392 751 4446 καὶ
792 4394 855 4446 οὐ
896 4396 1071 4466 μικρὰ
1110 4397 1358 4452 λυποῦσα
1406 4401 1543 4469 πρὸς
1576 4404 1751 4456 πειθὼ
1801 4405 1892 4459 τὸν

2007 4420 2102 4478 est,
2168 4387 2525 4481 magnamque
2585 4409 2749 4462 habet
2807 4406 3200 4467 dililcultatem,
3284 4413 3575 4469 antequam

316 4476 607 4567 ακούοντα.
666 4482 992 4555 ’Δμφότεροι
1036 4488 1143 4558 γὰρ
1174 4489 1460 4559 δημοτικοὶ
1507 4494 1602 4546 καὶ
1649 4495 1787 4564 πρὸς
1829 4496 1892 4549 τὸ

2007 4476 2229 4553 auditori
2255 4476 2598 4567 persuadeat.
2632 4497 2713 4549 Ad
2740 4496 2992 4566 populum
3024 4496 3105 4548 ha:
3135 4495 3253 4546 diue
3279 4492 3496 4559 habitae,
3520 4501 3577 4545 et

317 4566 527 4637 βέλτιον
566 4571 968 4644 ὑπειλημμένοι
1019 4579 1401 4648 τυγχάνουσιν.
1449 4582 1586 4638 Οὐδὲ
1642 4589 1756 4650 τοῖς
1792 4605 1886 4656 γυ-

1997 4604 2158 4658 quam
2187 4590 2389 4658 optime
2422 4588 2753 4642 elaboratae:
2794 4586 3060 4654 siquidem
3083 4600 3187 4639 non
3238 4584 3579 4650 simplicibus

318 4660 475 4727 μνοῖς
504 4660 739 4732 χρῆσθαι
758 4664 870 4718 τῶν
892 4665 1193 4736 ὀνομάτων,
1211 4670 1348 4725 ἀλλὰ
1375 4674 1487 4738 τοῖς
1504 4673 1572 4727 δι’
1599 4674 1894 4747 ἐμφάσεως

2007 4689 2052 4735 et
2076 4679 2234 4734 nudis
2267 4680 2580 4734 nominibus
2630 4687 2882 4742 utuntur,
2914 4678 3006 4732 sed
3057 4678 3147 4743 iis,
3184 4691 3303 4746 qua:
3327 4676 3575 4745 emphasi

314 4750 378 4802 τὸ
412 4751 660 4823 βούλημα
700 4758 1080 4827 σημαίνουσιν.

538 4844 641 4900 Ἐκ
668 4845 780 4915 τῆς
802 4848 1064 4919 μελέτης
1090 4853 1241 4908 αὐτὸ
1262 4856 1330 4908 τὸ
1352 4858 1670 4926 προοίμιον

395 4931 555 5003 "Quo
589 4935 709 5004 μὲν,
742 4930 787 4990 ὧ
829 4938 1125 5009 Ἀθηναῖοι,
1158 4942 1424 5009 Φίλιππος
1450 4946 1518 4999 δι’
1556 4948 1674 5011 ἑνὸς
1701 4948 1895 5003 ⁶τούτου

320 5028 681 5096 κηρύγματος
702 5028 762 5081 οὐ
803 5031 1155 5104 Δημοσθένην
1175 5036 1221 5068 ³⁷
1255 5037 1434 5105 μόνον,
1464 5039 1601 5093 ἀλλὰ
1631 5042 1726 5095 καὶ
1754 5042 1896 5097 πάν-

315 5131 418 5179 τας
452 5117 607 5186 ὑμῶν
652 5120 1059 5192 ἀφαιρήσεσθαι
1085 5126 1131 5157 ⁸⁸
1176 5129 1302 5190 τοὺς
1352 5129 1746 5199 δημαγωγοὺς,
1779 5133 1894 5186 ὅσοι

320 5210 439 5279 μετ’
490 5208 696 5263 ἐκείνου
728 5211 912 5276 δόντες
964 5216 1191 5282 ἑαυτοὺς
1233 5224 1299 5289 τῇ
1330 5221 1609 5293 πολιτείᾳ,
1645 5223 1897 5296 Φιλίππῳ

323 5300 422 5370 μὲν
445 5299 647 5355 ἄϐατον
675 5302 775 5357 τὴν
816 5306 1092 5380 Ἀττικὴν,
1123 5314 1190 5382 τῇ
1232 5312 1383 5366 πόλει
1412 5313 1471 5367 δὲ
1509 5317 1766 5387 ἀκέραιον
1797 5318 1889 5387 μέ-

2006 4772 2241 4840 quadatn
2278 4771 2569 4824 consilium
2602 4770 2804 4825 clarius
2833 4771 3117 4825 exhibent.

2248 4861 2425 4931 Hujus
2461 4861 2876 4916 Declamationis
2899 4866 2998 4915 hoc
3019 4862 3350 4929 prowmium.

2074 4953 2374 5025 Philippus,
2408 4954 2787 5019 Athenienses,
2820 4970 2925 5009 non
2961 4954 3378 5008 Demosthenem
3403 4950 3577 5006 solum

2003 5046 2104 5101 hoc
2134 5061 2241 5101 uno
2257 5046 2588 5113 edicto,|sed
2622 5046 2927 5113 etreliquos
2953 5056 3167 5099 vestros
3188 5054 3455 5108 oratores,
3486 5040 3577 5111 qui

2003 5152 2125 5193 cum
2152 5137 2245 5192 illo
2273 5154 2331 5193 se
2357 5146 2496 5194 totos
2534 5136 2838 5206 reipublicae
2867 5135 3061 5206 353i:
3085 5137 3364 5198 dederant,
3390 5133 3580 5186 existi-

2004 5230 2175 5283 mavit
2201 5244 2262 5283 se
2295 5228 2627 5284 ablaturum.
2686 5226 2958 5282 Hactenus
2993 5226 3209 5295 quidem
3259 5224 3572 5293 Philippum

2004 5323 2179 5375 Attica
2208 5320 2604 5392 prohibuimus,
2636 5320 2865 5389 urbique
2898 5322 2963 5372 ad
2994 5320 3109 5373 haec
3133 5330 3306 5387 usque
3334 5327 3577 5384 tempora

1636 5427 1721 5483 VA
1733 5430 1869 5483 RIIE
1898 5429 2302 5488 LECTIONES.

391 5512 437 5591 '1'
466 5513 594 5591 Ακαὶῇ
621 5514 1082 5591 προσηγασθησαν
1118 5516 1234 5579 πῶς
1263 5511 1363 5591 aiat
1396 5518 1598 5591 σφόδρα
1639 5519 1730 5573 τὸν
1788 5520 2029 5591 Πρόκλον
2087 5523 2289 5577 Suidas
2343 5539 2395 5576 ν.
2454 5520 2937 5591 Προσηγὼθησαν.
2980 5517 3423 5591 ,⁸⁸Δὲκ6ε6ηκότα
3459 5519 3514 5591 _C
3554 5535 3570 5573 :

322 5581 754 5682 scaeam;-
785 5581 1115 5682 mea“:
1134 5605 1194 5652 ςο

404 5650 611 5707 ἔνδοθεν
658 5655 717 5709 Β.
785 5656 830 5688 ⁸⁸
859 5650 1081 5708 ἀένναον
1108 5650 1167 5721 ς.

329 5721 559 5795 μοσθένη
598 5742 660 5790 ς.
734 5728 783 5761 ’⁸
811 5726 1271 5797 ἀφαιρεθήσεσθαι
1304 5728 1369 5781 Α.

1270 5588 1317 5659 ’ἑο
1334 5588 1623 5659 ὲπίκουρόν
1660 5607 1741 5643 σοι
1773 5588 1846 5643 πα

1273 5607 1317 5619 ’ν
1334 5607 1623 5659 επικουρον
1660 5607 1741 5643 σοι
1773 5608 1846 5643 πα
1888 5608 1914 5642 ε

1243 5657 1289 5688 ⁸³
1321 5659 1593 5730 σοφιστοῦ.
1673 5661 1719 5692 ’⁸
1739 5607 1918 5730 ἁποεη

1888 5608 1971 5642 εσ.
1994 5609 2051 5655 ς.
2129 5593 2171 5623 ’ί
2192 5594 2256 5661 τῇ
2277 5592 2401 5646 add.
2426 5586 2516 5648 Α(
2566 5591 2610 5621 ⁸³
2626 5586 3021 5661 ⁷ἀγωνιεϊσθαι].
3053 5586 3566 5661 ᾖηιοῌάγωνιςεσθαι.

1920 5661 2164 5733 σαυρίζει
2193 5657 2279 5715 ΑΒ
2304 5670 2357 5717 et
2378 5677 2488 5732 mg.
2520 5662 2561 5715 (ἶ
2604 5680 2619 5715 :
2673 5657 2921 5729 σοφιστοῦ
2982 5657 3223 5729 μελετῶν
3254 5675 3312 5722 ς.
3390 5658 3434 5691 ’⁷
3465 5660 3566 5728 Aq-
