3990 6232
395 334 416 394 1
427 333 532 395 307

1518 327 1778 387 PHUTII
1818 325 2318 387 PATRIARCH/E
2365 327 2476 388 CP.

3500 325 3639 393 1308

396 446 706 499 libertatem
765 443 1030 512 integram
1081 439 1546 496 conservaviuuts.
1610 438 1766 494 Nunc
1816 439 1961 492 enim

2082 453 2158 507 (ρι
2191 437 2286 491 νῦν
2328 438 2428 509 τὴν
2479 437 2791 509 ἐλευθερίαν
2832 439 2878 472 ⁹⁹
2927 439 3351 512 διετηρήσαμεν.
3396 441 3634 512 Δόξομεν

395 545 592 604 sponte
640 533 1040 590 calamitatibus
1073 531 1246 602 premi
1301 531 1438 585 velle
1490 530 1818 596 videbimur,
1871 543 1972 584 nec

398 625 630 694 Philippi
666 623 950 691 imperium
975 621 1304 684 detrectare,
1344 619 1434 688 qui
1461 617 1527 673 ad
1571 618 1835 673 barbaros
1861 618 1972 686 pri-

400 731 545 770 mum
580 729 893 778 conversus,
926 722 980 768 et
1035 721 1203 766 totam
1251 711 1359 765 illic
1391 709 1672 779 regionem
1729 708 1972 778 depopu-

398 808 537 873 lans,
574 806 769 859 deinde
803 806 870 859 ad
901 805 1078 859 vicina
1114 804 1232 858 urbi
1257 813 1480 866 nostrae,
1516 799 1726 868 totique
1749 799 1972 856 Graacite

397 895 511 949 loca
549 897 906 962 undecunque
934 910 1034 949 nos
1058 893 1323 950 infestans
1351 894 1656 962 descendit,
1684 904 1972 948 venatores

399 987 501 1041 hac
525 987 577 1040 in
609 1001 666 1040 re
696 986 1212 1052 callidosimitatus,
1250 986 1340 1054 qui
1385 1000 1450 1040 eo
1481 997 1726 1054 tempore
1756 991 1970 1039 tantum

399 1077 529 1132 feris
583 1087 832 1145 parcunt,
882 1093 989 1146 quo
1015 1093 1072 1132 se
1101 1080 1167 1131 ad
1213 1079 1516 1132 venandum
1595 1077 1769 1147 magis
1815 1091 1969 1132 com-

401 1177 614 1236 parant.
648 1167 791 1222 Nihil
850 1178 1026 1222 tamen
1084 1171 1240 1223 nobis
1282 1180 1341 1224 ut
1390 1171 1546 1224 victis
1602 1169 1823 1240 eripuit,
1875 1182 1973 1221 nec

403 1260 809 1326 Peloponnesus
871 1257 1133 1328 perfossa,
1170 1274 1344 1329 neque
1388 1261 1542 1315 ruina
1586 1261 1970 1325 Pbocensiutn,

400 1367 576 1420 neque
606 1350 814 1404 Euboea
872 1365 998 1404 cum
1067 1349 1342 1404 Medorum
1404 1351 1622 1418 tropaeis
1688 1351 1974 1422 tyrannide

399 1458 677 1512 oppressa,
708 1457 808 1496 nec
842 1442 1079 1496 Arcadia
1132 1443 1186 1496 in
1225 1445 1540 1497 servitutem
1594 1443 1836 1508 redacta,
1875 1459 1975 1498 nec

401 1533 529 1586 Elea
580 1530 816 1598 fortuna,
850 1547 951 1586 nec
979 1540 1224 1586 nostrum
1261 1533 1546 1600 imperium
1571 1532 1749 1600 coegit
1781 1533 1974 1586 immu-

404 1633 541 1675 tare.
579 1622 718 1688 Quin
746 1634 800 1676 et
830 1630 1091 1677 tentatam
1125 1622 1524 1676 Chersonesum
1566 1623 1968 1691 cognoscimus,

399 1721 455 1766 et
508 1713 914 1783 Hellespontum
974 1714 1254 1768 inimicum
1311 1714 1648 1768 habebimus.
1684 1713 1970 1779 Quaenam.

401 1803 649 1869 obsecro,
686 1803 878 1872 pestis,
927 1813 1021 1856 aut
1059 1813 1399 1858 terraemotus
1453 1813 1529 1857 tot
1577 1803 1824 1858 civitates
1875 1817 1972 1856 ex-

401 1892 650 1955 iuauivit,
679 1901 752 1946 tot
785 1893 1032 1946 nationes
1050 1892 1264 1956 evertit,
1294 1907 1357 1946 ac
1396 1892 1648 1961 perdidit,
1679 1901 1807 1961 quot
1855 1891 1970 1959 ipse

401 1983 702 2052 Philippus,
754 1981 978 2052 ejusque
1023 1982 1316 2052 tempora?
1365 1981 1540 2036 Probe
1603 1983 1745 2036 enim
1814 1981 1976 2036 scivit

403 2072 540 2135 fore,
575 2074 617 2127 si
665 2076 787 2142 quis
822 2074 1166 2127 Demostheni
1188 2072 1596 2137 auscultaverit,
1625 2072 1761 2125 nihil
1784 2085 1842 2126 se
1873 2087 1974 2124 un-

403 2182 566 2235 quam
603 2167 706 2221 hoc
757 2169 1083 2237 impediente
1115 2168 1397 2236 consequi,
1448 2182 1548 2221 nec
1597 2181 1811 2232 eorum,
1857 2181 1977 2234 quae

405 2260 588 2324 habet,
623 2260 921 2328 quidquam
949 2274 1216 2327 occupare
1246 2273 1425 2328 posse.
1465 2258 1577 2313 Nec
1611 2259 1749 2312 dona
1797 2259 1973 2312 solum

407 2351 502 2404 dat
532 2353 598 2404 ad
648 2351 810 2404 urbes
844 2351 1292 2419 corrumpendas,
1347 2351 1685 2420 proditorum
1735 2350 1978 2404 consiliis

402 2444 690 2505 excitatus,
722 2457 897 2511 neque
950 2441 1124 2496 solum
1155 2443 1373 2511 praemia
1408 2459 1507 2512 pro
1552 2443 1727 2512 patria
1787 2452 1972 2495 nostra

404 2535 675 2604 proponit,
709 2550 883 2605 neque
900 2536 1060 2589 modo
1085 2534 1138 2588 in
1161 2535 1410 2603 populum
1439 2534 1714 2604 improbos
1735 2532 1977 2599 inducit;

404 2629 500 2683 sed
537 2629 592 2683 in
623 2636 866 2683 oratores
889 2641 951 2681 ac
979 2627 1227 2681 rhetores
1260 2626 1412 2680 dolos
1465 2623 1809 2678 machinatus
1868 2631 1976 2690 est,

408 2733 572 2784 quam
606 2732 715 2772 rem
766 2732 955 2772 omnes
999 2716 1122 2772 festi
1151 2716 1290 2781 loco,
1327 2731 1393 2770 ac
1444 2715 1611 2770 veluti
1677 2715 1979 2784 panegyrin

406 2808 698 2873 duxerunt,
739 2815 849 2859 tum
873 2805 964 2858 ille
996 2821 1102 2859 non
1126 2806 1328 2870 verbis,
1361 2807 1456 2860 sed
1489 2820 1639 2859 more
1685 2817 1784 2859 suo
1815 2805 1980 2857 tacite

407 2898 573 2965 coepit
606 2911 823 2953 nocere.
863 2897 1173 2964 lmponebat
1202 2897 1401 2952 etenim
1436 2897 1569 2950 mari
1608 2906 1808 2952 terram
1842 2892 1980 2965 (51),

407 3003 680 3059 superque
711 2990 917 3043 medios
951 2996 1160 3044 montes
1195 2988 1507 3059 navigabat,
1549 2998 1816 3058 terraeque
1868 2989 1983 3040 vice

2071 530 2179 600 γάρ
2212 531 2431 594 ἑκόντες
2460 531 2560 602 ήδη
2591 531 2814 584 καὶούκ
2857 531 3082 597 ἄκοντες
3118 533 3400 605 δυστυχεῖν
3442 552 3500 586 τε
3548 537 3646 588 καὶ

2073 620 2476 692 ύποϐεϐλῆσθαι
2525 621 2798 692 Φιλίππῳ.
2843 622 2903 676 '0
2934 623 2992 676 δὲ
3035 625 3128 678 ἐπὶ
3169 627 3296 687 τοὺς
3334 625 3649 696 βαρϐάρους

2073 711 2344 782 ἐτράπετο
2384 712 2673 784 πρότερον,
2713 714 2807 766 καὶ
2829 712 2927 785 τὴν
2973 715 3090 767 ἐκεῖ
3134 713 3380 778 κενώσας
3418 715 3650 784 ήπειρεν

2073 802 2168 857 ἐπὶ
2212 803 2281 856 τά
2337 802 2526 874 καίρια
2563 803 2704 874 μέρη
2753 803 2943 857 λοιπὸν
2971 807 3070 874 τῆς
3120 805 3330 868 πόλεως
3384 807 3481 858 καὶ
3537 805 3649 856 τῶν

2085 891 2356 962 Ἑλλήνων
2389 891 2640 961 ἐφέρετο,
2677 893 3014 963 πανταχόθεν
3062 895 3210 964 ἡμᾶς
3252 894 3651 963 περιστοιχιζό-

2077 999 2238 1052 μενος
2280 981 2423 1036 κατὰ
2459 982 2590 1045 τοὺς
2628 983 2836 1046 δεινοὺς
2865 985 2971 1037 τῶν
3003 985 3275 1054 θηρατῶν,
3315 986 3365 1038 οἶ
3394 986 3650 1039 τοσοῦτον

2075 1073 2348 1142 φείδονται
2381 1071 2493 1128 τῶν
2524 1073 2728 1144 θηρίων
2757 1076 2969 1146 χρόνον,
3017 1076 3141 1128 ὅσον
3186 1076 3266 1129 ἔτι
3295 1077 3652 1145 παρασκευά-

2075 1163 2276 1227 ζονται.
2320 1165 2571 1236 Ἐκίνησε
2616 1165 2672 1219 δὲ
2708 1169 2857 1236 ἡμᾶς
2908 1167 3057 1220 οὐδὲν
3093 1167 3214 1220 οὐδὲ
3264 1168 3650 1221 ἀντιλαϐέσθαι

2074 1256 2184 1310 τῶν
2215 1258 2555 1329 πραγμάτων
2584 1258 2918 1329 ἠνάγκασεν,
2946 1259 3006 1311 ού
3032 1260 3420 1330 διορυττομένη
3442 1262 3457 1291 ¹
3485 1260 3651 1312 Πελο-

2078 1347 2364 1416 πόννησος,
2415 1347 2476 1400 ού
2505 1347 2566 1400 τὸ
2611 1347 2812 1417 πτῶμα
2871 1348 2933 1399 τὸ
2986 1348 3256 1414 Φωκικὸν,
3309 1349 3408 1401 ούκ
3444 1347 3650 1400 Εὖϐοια

2079 1439 2220 1508 μετά
2247 1437 2354 1490 τῶν
2382 1441 2656 1508 τροπαίων
2685 1439 2793 1490 τῶν
2817 1436 3078 1508 Μηδικῶν
3098 1457 3160 1491 τυ
3169 1439 3526 1509 ραννουμένη.
3551 1441 3656 1491 ούκ

2089 1531 2348 1601 Ἀρκαδία
2396 1530 2744 1594 δουλεύουσα,
2786 1529 2851 1582 ού
2899 1529 2968 1584 τά
3010 1530 3196 1584 Ἠλεῖα
3220 1532 3240 1560 ’
3285 1531 3611 1599 ἀτυχήματα
3637 1547 3650 1559 ·

2077 1621 2216 1675 ἀλλά
2264 1621 2359 1673 καὶ
2389 1621 2734 1692 Χερρόνησον
2771 1620 3174 1693 πειραζομένην
3221 1622 3526 1691 ἐπείδομεν.
3555 1623 3655 1674 καὶ

2078 1712 2568 1784 τδνἜλλήσποντον
2586 1712 2863 1784 ἁλλοτριού
2873 1730 3035 1783 μενον
3065 1714 3295 1783 ὁρῶντες
3325 1714 3348 1765 ὲ
3357 1713 3650 1783 μέλλομεν.

2077 1806 2172 1869 Τίς
2205 1805 2310 1876 γὰρ
2342 1804 2527 1873 λοιμὸς
2551 1804 2585 1874 ἢ
2628 1805 2851 1874 σεισμὸς
2881 1804 3149 1867 τοσαύτας
3175 1803 3356 1867 πόλεις
3384 1796 3655 1856 ἐκένωσεν

2075 1897 2111 1968 ἢ
2147 1897 2384 1950 τοσαῦτα
2423 1897 2552 1966 γένη
2584 1895 2886 1966 ἀνθρώπων
2917 1881 3149 1967 ἧφάνισε
3201 1897 3297 1948 καὶ
3331 1895 3653 1958 κατέδυσεν,

2077 1989 2178 2041 ὅσα
2212 1988 2478 2050 Φίλιππος
2502 1987 2598 2040 καὶ
2617 1989 2644 2040 6
2667 1988 2933 2040 Φιλίππου
2967 1989 3190 2058 χρόνοςς
3222 1983 3342 2042 Οἶδε
3366 1988 3472 2057 γάρ
3497 1988 3660 2055 ἀκρι-

2081 2077 2212 2143 ϐῶς,
2251 2073 2326 2131 ὧν
2364 2096 2423 2130 τε
2461 2079 2686 2149 μηδέπω
2716 2079 2847 2152 [575
2877 2079 2970 2152 [1.]
3014 2079 3295 2150 τυγχάνει,
3338 2064 3658 2133 Bai-105w;

2078 2170 2578 2240 ἀποστερούμενος,
2615 2171 2710 2223 καὶ
2758 2165 2832 2225 ὧν
2865 2170 2977 2242 ἔχει
3024 2172 3192 2242 μηδὲν
3227 2172 3291 2225 ἂν
3318 2171 3499 2225 λαϐὼν
3525 2171 3568 2235 ³,
3608 2170 3660 2224 εί

2081 2259 2504 2329 συμϐουλεύοντι
2534 2259 2866 2330 Δημοσθένει
2915 2278 2998 2324 τις
3029 2261 3300 2314 ἐπείθετο.
3338 2260 3470 2313 οὐδὲ
3513 2260 3657 2312 κατὰ

2081 2349 2188 2403 τῶν
2240 2350 2447 2404 πόλεων
2490 2349 2691 2419 μόνονδ
2729 2351 3021 2421 δωροδοκεῖ
3073 2354 3189 2413 ταῖς
3243 2351 3352 2404 τῶν
3383 2349 3662 2420 προδοτῶν

2079 2441 2389 2512 ἐπηρμένος
2426 2441 2674 2512 γνώμαις
2705 2445 2732 2496 6
2759 2443 3045 2511 Φίλιππος,
3080 2445 3200 2497 οὐδὲ
3242 2440 3378 2498 ἆθλα
3417 2443 3525 2494 τῶν
3557 2459 3660 2494 πα-

2078 2531 2276 2602 τρίδων
2308 2532 2652 2603 προτίθησιν,
2702 2532 2823 2586 οὐδὲ
2861 2534 3002 2587 κατὰ
3050 2533 3156 2586 τῶν
3205 2533 3393 2604 δήμων
3445 2531 3664 2594 ὁπλίζει

2080 2625 2206 2688 τοὺς
2227 2625 2558 2695 ἀλάστοραςο
2586 2625 2701 2678 ἀλλ’
2725 2627 2818 2679 ἐπὶ
2853 2627 2976 2690 τοὺς
3006 2627 3265 2698 ῥήτορας,
3289 2626 3381 2678 ἐπὶ
3408 2625 3534 2687 τοὺς
3563 2623 3663 2691 δη-

2085 2715 2378 2787 μαγωγοὺς
2414 2716 2734 2786 μετενήνοχε
2765 2717 2824 2768 τὸ
2857 2718 3176 2786 μηχάνημα.
3215 2716 3375 2770 Ἀλλὰ
3403 2716 3498 2768 καὶ
3537 2715 3666 2767 τού-

2081 2807 2295 2862 ναντίον
2313 2807 2504 2880 ἑορτὴν
2527 2802 2664 2860 εἶναι
2682 2809 2773 2860 καὶ
2792 2810 3097 2878 πανήγυριν
3117 2809 3332 2876 ἐκείνην
3348 2808 3446 2878 τὴν
3464 2808 3666 2878 πρᾶξιν

2084 2896 2322 2960 ἅπαντες
2346 2896 2760 2966 ἐνομοθέτησαν.
2790 2897 2923 2950 Τότε
2957 2899 3163 2961 ἐκεῖνος
3201 2900 3538 2968 παρανομεῖν
3562 2898 3667 2950 οὐκ

2083 2988 2194 3043 ἀπὸ
2218 2988 2501 3059 ῥημάτων,
2525 2988 2641 3042 ἀλλ’
2665 2988 2774 3042 ἀπὸ
2800 2989 2898 3059 τῆς
2921 2989 3135 3058 φύσεως
3158 2990 3370 3061 ἧρχετο.
3391 2989 3666 3042 Ἐπετίθει

409 3083 570 3146 tnari,
619 3083 893 3151 marisque
954 3081 1074 3138 loco
1122 3093 1266 3138 terra
1303 3085 1573 3148 utebatur,
1601 3093 1655 3138 et
1736 3083 1868 3138 urbs
1924 3083 1976 3135 in

2086 3082 2195 3153 γάρ
2227 3080 2468 3153 θαλάττῃ
2492 3082 2589 3153 μὲν
2619 3082 2868 3152 ἤπειρον,
2894 3080 3112 3152 δι’όρῶν
3130 3081 3184 3133 δὲ
3212 3080 3392 3151 μέσων
3416 3079 3666 3132 ἐναυτίλ-

410 3173 661 3228 triremes
689 3187 785 3242 pro
819 3171 996 3226 Attica
1037 3173 1368 3243 demigrans,
1405 3173 1587 3228 omnia
1645 3186 1985 3242 quaecunque

409 3263 464 3315 in
499 3261 713 3330 palatiis
735 3261 930 3326 solent,
953 3276 1116 3330 super
1141 3277 1334 3330 aquam
1368 3261 1632 3316 exhibuit.
1669 3261 1784 3315 Non
1802 3261 1985 3316 Mace-

409 3353 576 3406 dones
610 3351 807 3407 finibus
831 3353 1246 3419 insistuntsuis,
1287 3353 1437 3421 prius
1487 3352 1701 3408 scilicet
1747 3353 1985 3408 clemen-

409 3452 493 3498 ter
517 3445 724 3498 exactis
757 3443 974 3499 tributis
1008 3460 1038 3497 a
1075 3445 1232 3500 nobis
1255 3447 1590 3511 conservati,
1644 3447 1738 3501 sed
1787 3456 1982 3502 exacta

412 3535 636 3590 civitate
684 3545 867 3590 nostra
919 3550 985 3590 ex
1038 3537 1289 3604 imperio,
1353 3537 1691 3607 irrepserunt
1748 3537 1800 3592 in
1857 3554 1981 3594 eum

411 3627 610 3693 locum,
651 3633 829 3697 quem
883 3627 1041 3682 nobis
1101 3628 1336 3699 majores
1398 3630 1575 3685 nostri
1626 3629 1982 3701 reliquerunt.

411 3719 670 3783 Quaenam
717 3715 1027 3787 Philippum
1073 3717 1160 3772 lex
1207 3721 1274 3772 ad
1301 3735 1452 3774 mare
1507 3721 1683 3787 duxit,
1721 3732 1775 3777 et
1849 3722 1982 3778 illud

408 3809 738 3864 elementum
770 3811 1087 3881 contingere
1111 3811 1310 3880 coegit,
1328 3811 1414 3864 cui
1440 3826 1547 3864 non
1576 3813 1806 3866 multum
1827 3813 1987 3868 dissi-

411 3903 558 3957 milis
574 3901 696 3956 est?
715 3901 940 3967 Quando
955 3902 1172 3970 quidem
1191 3902 1333 3956 enim
1360 3901 1470 3964 lex.
1489 3910 1544 3956 et
1564 3917 1743 3957 rerum
1768 3905 1984 3959 occasio

417 3997 558 4050 idem
592 3995 889 4063 postulant,
923 3993 1159 4048 utilitate
1212 3994 1471 4049 incitatus
1511 3996 1729 4065 utrique
1779 4010 1983 4050 morem

413 4098 618 4154 geram,
655 4085 873 4153 quando
903 4083 1049 4136 aliud
1084 4098 1214 4137 usus
1264 4097 1362 4138 seu
1387 4085 1624 4148 occasio,
1655 4083 1799 4138 aliud
1842 4084 1986 4154 leges

413 4175 661 4229 suadent.
713 4172 909 4244 355a
939 4172 1206 4229 Omittens
1241 4172 1372 4244 legis
1425 4173 1588 4228 verba
1620 4213 1636 4238 ,
1690 4175 1984 4228 utilitatem

411 4279 629 4334 sequor.
673 4264 739 4318 Et
763 4266 886 4334 quis
912 4274 1155 4319 vestrum
1186 4265 1416 4334 ignorat,
1454 4265 1728 4334 quomodo
1751 4265 1826 4320 illi
1850 4266 1980 4320 olim

415 4357 616 4411 uostris
645 4357 1045 4426 Iegislatoribus
1074 4356 1257 4412 valere
1286 4357 1473 4427 jussis,
1512 4366 1565 4410 et
1605 4356 1822 4420 Solone,
1856 4357 1986 4409 Dra-

2089 3175 2230 3241 λετο,
2249 3174 2487 3246 θαλάττῃ
2507 3175 2603 3245 μὲν
2615 3177 2715 3228 ὅσα
2727 3175 2821 3245 γῇ,
2834 3176 2905 3246 γῇ
2922 3173 2977 3225 δὲ
2993 3175 3089 3225 ὅσα
3109 3172 3345 3244 θαλάττῃ
3359 3171 3613 3242 χρώμενο
3627 3190 3667 3231 7.

2089 3269 2198 3324 Καὶ
2249 3269 2348 3331 τὰς
2384 3268 2627 3339 τριήρεις
2657 3265 2780 3318 ἀντὶ
2799 3265 2897 3336 τῆς
2937 3263 3188 3332 Ἀττικῆς
3225 3264 3664 3333 μετοικήσασα⁸,

2092 3359 2255 3433 [1077
2287 3358 2380 3431 IL]
2430 3361 2527 3412 καὶ
2571 3357 2748 3411 πάντα
2785 3357 2887 3411 ὃσα
2923 3357 2982 3408 ὲν
3033 3356 3376 3426 ἀνακτόροις,
3425 3355 3515 3406 ἐπὶ
3563 3354 3669 3423 τῆς

2091 3453 2362 3522 θαλάττης
2387 3453 2421 3522 ή
2455 3450 2608 3513 πόλις
2638 3448 2924 3519 ἔπραττεν.
2958 3447 3034 3500 Ού
3065 3446 3085 3478 ⁶
3120 3445 3430 3508 Μακεδόνες
3470 3446 3670 3497 ἐπιπο-

2089 3543 2310 3608 λάζουσι
2331 3543 2444 3606 τοῖς
2473 3541 2816 3613 πράγμασιν,
2843 3540 2893 3593 oi
2922 3537 3157 3609 πρόσθεν
3191 3538 3490 3608 ἀγαπητῶς
3527 3540 3669 3608 μετά

2089 3633 2199 3687 τῶν
2227 3632 2409 3702 φόρων
2450 3630 2748 3700 σωζόμενοι
2771 3647 2786 3697 ;
2816 3630 3213 3701 Παρωσάμενοι
3237 3629 3297 3682 δὲ
3321 3629 3419 3698 τῆς
3445 3630 3621 3700 ἀρχῆς
3645 3629 3666 3658 '

2091 3723 2191 3795 τὴν
2229 3722 2505 3794 ἡμετέραν
2541 3721 2696 3774 πόλιν
2729 3721 2885 3774 αὐτοὶ
2925 3720 3239 3791 παρέδυσαν
3269 3722 3348 3783 εἰς
3375 3721 3475 3789 τὴν
3512 3719 3671 3784 τάξιν

2093 3815 2330 3886 ἐκείνην,
2371 3815 2456 3884 ἐφ’
2487 3807 2554 3884 ἦς
2582 3813 2604 3846 ⁸
2643 3813 2793 3884 ἡμᾶς
2830 3812 2881 3865 οἱ
2910 3811 3167 3882 πρόγονοι
3215 3811 3530 3866 κατέλιπον.
3568 3812 3669 3875 Τίς

2093 3908 2256 3978 νόμος
2278 3909 2299 3940 ⁹
2328 3907 2642 3977 κατήγαγεν
2677 3903 2769 3958 ἐπὶ
2801 3903 3069 3961 θάλατταν
3099 3903 3364 3957 Φίλιππον
3399 3903 3492 3956 καὶ
3523 3919 3670 3956 στοι-

2092 3999 2240 4069 χείου
2296 3997 2462 4068 μηδὲν
2496 3995 2647 4065 αύτῷ
2696 3994 3046 4067 διαφέροντος
3099 3994 3484 4067 προσάψασθαι
3535 4011 3673 4046 κατ-

2092 4088 2442 4159 ηνάγκασεν;
2490 4086 2661 4140 Ὅταν
2731 4085 2830 4156 μὲν
2888 4084 2997 4155 γάρ
3049 4083 3118 4136 τά
3169 4083 3310 4138 αὐτὰ
3370 4081 3671 4136 κελεύωσιν

2093 4178 2122 4231 ὅ
2158 4195 2216 4231 τε
2256 4177 2418 4246 νόμος
2445 4177 2538 4228 καὶ
2581 4175 2611 4226 6
2651 4173 2760 4226 τῶν
2813 4174 3156 4244 πραγμάτων
3204 4173 3396 4242 καιρὸς
3421 4213 3437 4237 ,
3486 4173 3668 4242 ἀμφο-

2093 4267 2271 4338 τέροις
2300 4267 2387 4319 διὰ
2441 4267 2501 4318 τὸ
2541 4262 2819 4335 συμφέρον
2858 4262 3116 4332 πείθομαι
3146 4279 3162 4296 θ
3189 4262 3318 4316 ὅταν
3339 4262 3397 4316 δὲ
3430 4262 3473 4293 ¹⁶
3506 4262 3672 4332 ἕτερα

2097 4358 2197 4428 μὲν
2253 4360 2286 4426 ἠ
2339 4356 2516 4428 χρεία,
2567 4356 2732 4425 ἕτερα
2769 4355 2828 4408 δὲ
2875 4357 2924 4408 οἱ
2958 4355 3110 4426 νόμοι
3142 4353 3389 4425 φράζωσι
3421 4355 3486 4433 ί),
3531 4371 3674 4426 παρ-

412 4463 569 4514 conc,
595 4447 824 4516 aliisque
857 4448 1108 4503 omnibus
1139 4447 1436 4518 neglectis,
1469 4445 1818 4502 Macedonum
1854 4445 1978 4501 Phi-

2096 4453 2177 4516 εὶς
2225 4450 2445 4505 ἀκούειν
2484 4449 2592 4502 τῶν
2642 4447 2921 4502 συλλαϐῶν
2984 4447 3265 4501 ἀκολουθῶ
3318 4446 3396 4517 τῷ
3453 4447 3672 4518 συμφέ-

415 4539 652 4609 lippique
697 4539 1012 4604 amicitiam,
1059 4538 1190 4608 legis
1243 4537 1383 4603 loco,
1437 4547 1494 4592 et
1536 4537 1748 4608 patriae.
1793 4537 1982 4607 reique

416 4633 666 4698 pretiosa:
694 4632 992 4686 duxerint?
1023 4630 1246 4684 Infamia
1287 4635 1532 4685 notatum
1566 4644 1594 4681 a
1619 4629 1730 4684 Deo
1765 4627 1888 4700 [pro
1924 4630 1977 4683 in

414 4722 660 4777 columna
719 4721 1169 4793 triumphantem]
1224 4724 1293 4776 ob
1340 4737 1404 4776 ea
1457 4735 1579 4790 qua:
1625 4736 1788 4776 ausus
1857 4721 1981 4776 fuit.

414 4814 736 4883 Suspectum
765 4816 938 4870 habeo
984 4815 1322 4870 IEschinem.
1355 4813 1562 4868 Turbat
1590 4815 1733 4868 enim
1778 4827 1866 4868 me
1892 4828 1988 4869 co-

418 4906 617 4962 moedia
644 4905 958 4973 Phocensis,
993 4921 1152 4974 quam
1189 4907 1345 4961 nobis
1373 4919 1482 4960 non
1515 4904 1569 4960 iu
1597 4919 1760 4960 scena
1793 4903 1990 4960 adum-

416 5000 605 5069 brate,
647 4998 745 5054 sed
803 5001 979 5067 reipsa
1039 4999 1289 5070 egregius
1351 4999 1442 5054 ille
1503 4997 1738 5065 histrio,
1805 4998 1993 5053 tertias

415 5102 598 5163 partus
626 5096 851 5148 sortitus
898 5093 1166 5148 exhibuit.
1203 5092 1586 5148 Verumtamen
1615 5106 1739 5148 cum
1775 5092 1888 5146 hac
1915 5091 1987 5144 ita

1730 5227 1964 5283 VARLE
2001 5216 2408 5284 LECTIONES.

2087 4559 2258 4615 ροντι.
2289 4541 2399 4594 Καὶ
2426 4539 2510 4602 τίς
2557 4538 2659 4592 οὐκ
2697 4533 2835 4592 οἶδεν
2869 4538 2944 4601 ὡς
2971 4539 3166 4591 ὲκεϊνοι
3208 4537 3376 4592 πάλαι
3397 4539 3510 4600 τοῖς
3538 4537 3672 4606 παρ’

2087 4632 2246 4704 ήμῶν
2267 4632 2310 4662 “
2340 4629 2660 4700 νομοθέταις
2699 4627 2974 4700 ἐρρῶσθαι
2997 4629 3326 4699 φράσαντες,
3365 4627 3460 4680 καὶ
3500 4625 3673 4684 πολλὰ

2095 4723 2313 4796 χαίρειν
2337 4721 2381 4752 ⁸⁸
2420 4719 2618 4774 Σόλωνι
2665 4720 2760 4773 καὶ
2796 4719 3061 4791 Δράκοντι
3097 4719 3193 4772 καὶ
3224 4720 3336 4782 τοῖς
3381 4717 3563 4780 ἀλλοις
3593 4719 3672 4771 εί-

2101 4815 2298 4878 πόντες
2351 4812 2548 4878 ἅπασι,
2579 4812 2642 4866 τὸ
2689 4811 3058 4866 Μακεδονικὸν
3109 4811 3334 4882 χρυσίον
3366 4811 3410 4842 ⁸⁸
3449 4809 3546 4864 καὶ
3573 4811 3673 4879 τὴν

2098 4906 2371 4960 Φιλίππου
2402 4905 2583 4974 φιλίαν
2611 4903 2809 4974 νόμους
2831 4904 2927 4957 καὶ
2951 4903 3188 4972 πατρίδα
3209 4903 3303 4956 καὶ
3325 4901 3605 4956 πολιτείαν
3631 4903 3674 4935 ¹⁸

2101 5002 2196 5054 καὶ
2228 5000 2406 5054 πάντα
2430 4999 2500 5050 τά
2535 4996 2842 5067 τιμιώτατα
2891 4995 3205 5065 νομίζουσις
3231 4994 3495 5066 Στηλίτην
3524 4993 3678 5062 παρά

2097 5090 2175 5162 τῷ
2204 5089 2324 5161 Θεῷ
2344 5089 2628 5159 γινόμενον
2654 5087 2776 5142 ἀντὶ
2801 5085 2894 5140 τοῦ
2919 5087 2978 5138 ὲν
3009 5085 3182 5156 στήλῃ
3209 5083 3678 5157 θριαμϐευόμενον

3609 5195 3642 5216 ,.

489 5346 533 5428 ’ῗ
559 5346 659 5418 τὴν
684 5344 1000 5428 ἐλευεὶερίαν
1022 5344 1420 5428 autemest“
1449 5345 1684 5428 P?“ii.'='-
1761 5344 2198 5428 ’.ξιορυσσομέγη
2231 5343 2292 5399 Β·
2368 5344 2388 5375 ³
2411 5337 2814 5428 311529656“?
2843 5335 3052 5428 $2-1?!
3063 5333 3264 5428 λξξεὲν]
3291 5333 3666 5428 ἕναλξιέἓνέέ

416 5415 433 5446 ⁸
468 5415 642 5484 μόνων
673 5416 738 5468 Α.
825 5417 847 5448 ⁵
882 5416 1250 5484 μετοικήσασα

417 5486 485 5554 ήι
517 5501 579 5548 ς.
640 5485 677 5554 γ’
710 5486 966 5554 νόμοςΑε
993 5485 1178 5554 νόμων
1201 5501 1262 5549 ς.

426 5553 468 5584 ³⁵
490 5553 708 5623 χρυσίον
728 5553 853 5610 add.
873 5555 938 5609 A.
1015 5553 1065 5588 ⁸⁸⁷
1094 5555 1189 5609 καὶ
1224 5553 1498 5609 πολιτείαν
1529 5557 1651 5610 add.
1679 5554 1744 5609 Α.

1350 5398 1684 5469 οτηὲίιοτιὶιῖε
1722 5431 1736 5468 :
1781 5398 1908 5469 libri
1947 5398 2320 5486 μετοικίσασα.
2410 5398 2542 5481 ⁴⁵ὀύ]
2577 5410 2627 5462 οἱ
2650 5409 2712 5464 Β.
2790 5398 3038 5529 tiri-Fid
3086 5398 3345 5490 τύχηςἈ.
3423 5404 3445 5435 ⁸
3480 5398 3549 5470 ἧς
3581 5404 3627 5456 Α
3664 5423 3678 5458 :

1350 5485 1384 5515 ιο
1417 5483 1474 5529 δὲ
1509 5498 1635 5529 anno.
1662 5485 1825 5529 ’ἐτεοα
1857 5486 1979 5529 mhi-
2017 5485 2080 5529 Α-
2160 5485 2200 5515 ¹¹
2235 5482 2581 5529 ωοάἷουσις.
2661 5481 2702 5513 ⁸³
2735 5479 2864 5529 ἧμιν
2941 5518 2954 5529 .
3035 5476 3078 5509 ⁸³
3104 5477 3272 5529 πολλὰ
3302 5474 3400 5529 μὲν
3430 5474 3585 5529 rata.
3615 5490 3678 5529 ς.

1341 5485 1384 5515 ¹⁰
1509 5498 1635 5539 ante
1662 5485 1825 5556 ’ἐτερα
1857 5479 1980 5541 add.
2017 5485 2080 5536 A.
2160 5485 2200 5515 “
2235 5482 2501 5552 φράζουσι
2519 5479 2581 5542 ζ.
2661 5481 2702 5513 ⁸⁸
2735 5479 2864 5548 ἡμῖν

2941 5474 2980 5531 ζ’
3021 5474 3078 5509 ’⁸³
3104 5477 3272 5529 πολλὰ
3302 5474 3400 5544 μὲν
3430 5474 3585 5544 χαίρ.
3615 5490 3680 5540 ς.

1940 5645 2150 5702 NOTAE

499 5738 611 5809 (3i)
642 5740 788 5797 Fort.
815 5741 880 5798 de
908 5741 1104 5798 Xerxe.
