3990 6232
317 301 458 368 1300

1371 315 1892 377 BIBLIOTHECA.
1932 342 2004 352 —
2037 317 2200 377 COD.
2239 318 2544 378 CCXLI“.

3439 321 3574 387 1310

312 405 393 464 ὧν
422 413 535 464 ὲτόλ
549 430 741 483 μησεν.
782 416 1102 488 ’Υφορῶμαι
1138 420 1434 492 Αἰσχίνηνο
1473 422 1733 494 ταράττει
1777 425 1886 493 γάρ

2009 441 2048 478 ιθ
2108 427 2324 490 habent,
2383 426 2651 480 hominem
2716 426 2826 483 risu
2869 428 3164 499 excipiunt,
3219 438 3276 486 et
3325 429 3576 486 Pisistra-

319 519 388 572 με
408 503 470 556 τὸ
501 505 688 576 δρᾶμα
716 507 776 560 τὸ
799 510 1064 576 Φωκικὸν,
1086 512 1224 583 ὅπερ
1253 514 1353 568 ούκ
1381 515 1476 568 ἐπὶ
1503 515 1709 585 σκηνῆς
1736 517 1886 585 ἡμῖν,

315 595 435 648 ἀλλ’
487 599 580 651 ἐπὶ
607 599 708 667 τῆς
747 599 1008 668 ἀληθείας
1042 601 1213 673 αὐτῆς
1245 607 1274 659 ὁ
1311 605 1624 676 θαυμαστὸς
1661 607 1704 639 ⁸⁸
1737 601 1894 670 οὗτος

315 690 756 760 τριταγωνιστὴς
796 691 1136 756 ἐπεδείξατο.
1183 693 1321 748 Ἀλλ’
1367 697 1520 765 ὅμως
1554 698 1648 750 καὶ
1688 697 1895 752 τούτων

267 843 278 856 _
316 777 494 844 οὕτως
521 780 774 852 ἐχόντων,
810 785 1195 855 εἰρωνεύονται
1217 787 1309 840 τὸν
1342 787 1652 858 ἄνθρωπον,
1681 791 1776 842 καὶ
1801 791 1894 844 τὸν

319 868 714 941 Πεισίστρατον
755 873 1016 940 πολλάκις
1065 878 1469 949 παραφέρουσι,
1511 879 1608 933 καὶ
1650 880 1752 934 ούκ
1806 881 1893 934 αἱ·

319 959 612 1030 σχύνονται
655 964 750 1017 νῦν
791 966 890 1035 μὲν
938 968 1018 1031 είς
1058 968 1260 1022 δειλίαν
1295 970 1390 1023 καὶ
1428 971 1704 1039 μαλακίαν
1739 970 1883 1024 σκώ-

319 1070 570 1118 πτοντες,
601 1055 696 1110 νῦν
733 1057 790 1110 δὲ
824 1059 899 1129 μὴ
938 1062 1251 1134 τυραννήσῃ
1310 1061 1408 1132 τῆς
1446 1063 1656 1128 πόλεως
1691 1063 1921 1126 δεδιότες

2001 523 2109 569 tum
2163 529 2534 586 saepenumero
2578 518 2871 586 appellant,
2925 536 3098 590 neque
3124 521 3478 588 erubescunt,
3514 532 3573 574 ut

1998 609 2248 677 ignavum
2281 618 2336 663 et
2368 609 2583 664 mollem
2608 613 3000 666 scommatibus
3019 623 3221 682 petere,
3254 627 3395 667 nunc
3409 615 3573 666 etiam

2002 707 2306 754 metuentes
2328 715 2395 754 ne
2422 702 2634 755 Iaudem
2683 702 2844 756 etiam
2883 703 3068 758 urbem
3091 705 3378 775 tyrannide
3397 705 3581 773 oppri—

2000 799 2133 852 mat,
2166 805 2283 856 qum
2318 793 2552 845 maxime
2578 807 2607 846 a
2639 807 2700 846 se
2722 793 3204 848 muluodill‘eruut.
3232 795 3330 861 Qui
3358 795 3578 864 integris

1999 879 2264 935 classibus
2291 884 2356 935 ad
2391 896 2541 950 reges
2587 900 2618 940 e
2663 884 2836 939 Piraeo
2889 886 3096 940 delatus
3139 895 3240 941 est.
3297 887 3423 941 Haec
3458 901 3581 941 cor-

1999 981 2255 1039 rumpunt
2285 975 2694 1043 rempublicam,
2721 976 2967 1044 Philippo
2988 991 3113 1033 vero
3138 981 3276 1031 viam
3305 986 3572 1032 sternunt.

1951 1077 1965 1092 °
1998 1064 2034 1119 ἃ.
2071 1065 2322 1118 πλεῖστον
2379 1065 2625 1137 ἀλλήλων
2672 1070 3024 1140 κεχώρισται.
3087 1070 3147 1124 Ὀ
3180 1071 3384 1133 στόλοις
3434 1072 3577 1136 ὅλοις

320 1149 389 1202 ὲκ
431 1151 527 1204 τοῦ
573 1153 846 1225 Πειραιῶς
919 1159 1011 1212 ἰπὶ
1061 1161 1184 1225 τοὺς
1229 1164 1527 1235 τυράννους
1572 1164 1929 1235 ἀναγόμενος.
1969 1165 2254 1237 Φθείρουσι
2285 1168 2384 1238 μὲν
2409 1169 2479 1223 τὰ
2510 1169 2639 1240 περὶ
2680 1169 2851 1232 αὐτὴν
2882 1167 2982 1238 τὴν
3020 1167 3172 1220 πόλιν
3200 1207 3215 1232 ,
3242 1167 3491 1238 Φιλίππῳ
3520 1167 3578 1220 δὲ

321 1244 630 1301 ὁδοποιούσι
660 1249 728 1303 τὰ
757 1250 1079 1322 πράγματα.

337 1378 436 1433 Ἐκ
468 1381 582 1446 τῆς
607 1382 868 1451 μελέτης
897 1381 937 1508 ᾗ
963 1388 1006 1418 ¹⁷
1053 1390 1441 1458 Δημοσθένην
1481 1394 1707 1462 εἰσάγει
1745 1411 1902 1463 συμ-

397 1451 765 1506 ϐουλεύοντα
788 1472 898 1507 κατ
941 1474 1067 1508 rem
1089 1459 1130 1490 ⁸⁸
1167 1461 1479 1508 Alnylrma
1517 1464 1717 1508 mlmm
1747 1466 1902 1508 Λ-ινρί-

434 1455 765 1532 ουλςύογτᾳ
777 1455 1067 1532 ,κατάγειν
1089 1455 1145 1490 ⁸⁸⁷
1158 1455 1481 1532 ΔΑὶονχίνὴιικ
1515 1455 1717 1532 φήμης
1740 1455 1904 1531 ῥυεί-

396 1535 516 1587 σης
541 1521 630 1574 ὅτι
664 1521 1050 1594 Ἀλέξανδρος
1079 1528 1220 1595 τοὺς
1259 1521 1534 1600 ςὸὶιγάδαξ·
1564 1521 1828 1598 κατάξει.

404 1633 594 1697 Ὀντος
620 1635 728 1706 γὰρ
768 1638 1030 1708 ἑκατέρου
1063 1641 1260 1709 δεινοῦ,
1294 1645 1387 1698 καὶ
1414 1645 1509 1698 τοῦ
1547 1647 1697 1699 λύειν
1720 1647 1900 1718 ψῆφον

2008 1389 2090 1443 Ea:
2121 1393 2356 1444 oratione
2383 1392 2436 1444 in
2483 1406 2584 1459 qua
2635 1388 3028 1442 Demosthenem
3075 1390 3274 1442 inducit
3332 1393 3395 1444 de
3436 1409 3578 1445 revo-

2074 1470 2244 1530 cando
2298 1459 2553 1514 xEschine
2595 1461 3024 1530 consultantem,
3103 1462 3311 1530 vulgato
3365 1478 3577 1516 rumore

2073 1529 2431 1584 Alexandrum
2453 1528 2658 1583 exsules
2694 1539 3080 1584 revocaturum.

2073 1642 2206 1698 Cum
2237 1651 2524 1712 utrumque
2555 1641 2814 1698 acerbum
2851 1643 2942 1709 sit,
2995 1652 3050 1697 et
3089 1643 3328 1697 edictum
3378 1653 3571 1713 sponte

329 1721 556 1808 éxé‘rza;
600 1725 817 1780 καὶτοῦ
856 1729 1029 1782 ταῦτα
1063 1731 1352 1802 ὑπομεῖναι
1389 1735 1541 1804 παρὰ
1571 1736 1796 1807 γνώμην
1842 1737 1901 1804 eg

2009 1734 2242 1797 solvere,
2283 1745 2337 1789 et
2366 1735 2480 1788 haec
2523 1735 2793 1788 sustinere
2839 1744 3036 1802 praeter
3103 1735 3432 1788 voluntatem
3492 1749 3559 1789 ex

323 1797 723 1886 ὲπῧτάγματος,
739 1812 901 1891 ἦττον
933 1821 1153 1884 ἑκόντας
1175 1797 1353 1877 ’κακὸν
1380 1797 1482 1878 τοῦ.
1499 1797 1645 1880 λύειν
1664 1797 1898 1892 άκόντας

326 1905 624 1976 ὑπείληφα.
662 1908 736 1961 Τὸ
771 1910 870 1978 μὲν
927 1911 1036 1982 γάρ
1069 1914 1345 1984 ἐνδέχεταί
1388 1932 1520 1969 ποτε
1575 1917 1669 1969 καὶ
1710 1917 1900 1984 φιλαν-

325 1995 574 2068 θρωπίας
629 2001 788 2068 δόξαν
821 2002 947 2073 [576
991 2002 1083 2075 Η.]
1121 2005 1336 2060 λαϐεῖν·
1369 2007 1420 2061 οι
1469 2008 1526 2062 δὲ
1565 2009 1772 2080 ἑτέροις
1799 2009 1902 2062 ύπ-

324 2087 614 2153 ακούοντες
643 2091 742 2160 τὴν
769 2093 867 2162 μὲν
897 2094 1162 2163 αίσχύνην
1193 2097 1401 2150 ἑαυτῶν
1431 2098 1668 2167 ποιοῦσι,
1703 2101 1812 2154 τῶν
1839 2101 1896 2155 st

325 2179 744 2248 προσταξάντων
771 2183 871 2250 τὴν
895 2182 1167 2240 εὔκλειαν.

395 2295 800 2361 Κοινολογεῖται
831 2300 928 2353 καὶ
955 2301 1093 2370 μετὰ
1117 2301 1265 2373 βῆμα
1295 2301 1604 2373 βασιλεῦσιν
1618 2308 1896 2378 Αἰσχίνης,

326 2384 422 2437 καὶ
459 2385 599 2454 μετὰ
638 2387 1009 2458 Κτησιφῶντα
1037 2391 1132 2443 καὶ
1159 2390 1257 2461 τὴν
1287 2392 1468 2462 φυγὴν
1495 2395 1791 2464 τυράννους
1818 2397 1900 2450 ἔτι

325 2473 772 2546 περιεργάζεται.
814 2479 1138 2551 Ἀνθρωπος
1163 2481 1262 2552 τὴν
1291 2483 1480 2536 οὐσίαν
1499 2484 1541 2517 ¹⁹
1574 2485 1702 2554 ὃλην
1732 2487 1902 2558 ὕπερ-

325 2565 578 2634 πηδήσας
622 2569 735 2630 τοῖς
765 2568 971 2635 ὅπλοις,
1031 2573 1127 2624 καὶ
1167 2575 1232 2642 τῇ
1287 2571 1446 2640 φύσει
1487 2574 1533 2605 ²⁰
1581 2575 1902 2643 φιλονεικῶν

326 2659 513 2710 λοιπὸν
551 2659 628 2712 ότι
675 2659 968 2731 πολεμίους
1018 2664 1092 2732 μὴ
1123 2664 1468 2734 κέκτηταιδί.
1505 2666 1585 2719 Δι’
1616 2667 1710 2732 οὒς
1757 2668 1901 2740 ἦρθη

325 2747 582 2814 τοσοῦτος
615 2753 660 2783 “
699 2752 984 2815 Φίλιππος,
1011 2754 1080 2808 δι’
1111 2754 1203 2818 οὓς
1244 2756 1406 2810 ἔπεσε
1452 2755 1521 2811 τά
1558 2758 1668 2811 τῶν
1711 2758 1901 2832 Ἐλλή-

326 2857 436 2892 νων
465 2843 790 2912 φρονήματα
811 2859 826 2874 ·
877 2845 1008 2915 παρ’
1037 2839 1112 2899 ὧν
1155 2847 1458 2917 σύμμαχοι,
1489 2849 1667 2914 τόποι,
1695 2851 1898 2920 καιροὶ,

327 2935 480 2985 πᾶσα
502 2932 612 2986 τῶν
638 2935 890 3004 μεγάλων
909 2937 1398 3010 κατορθωμάτωνή
1424 2942 1716 3012 πρόφασις.
1742 2943 1902 2997 Ἀλλὰ

324 3024 389 3078 τὸ
420 3027 518 3095 μὲν
550 3027 743 3098 Θηϐῶν
774 3031 945 3096 πάθος
983 3033 1322 3102 ὑπερεφώνει
1357 3035 1403 3066 ³³
1431 3037 1560 3099 τοὺς
1597 3037 1899 3106 Ἕλληνας·

340 3088 686 3188 Ἀλέξανδρος
717 3118 773 3171 δὲ
795 3120 895 3190 τὴν
924 3088 1200 3174 πόλινικάὶ
1231 3123 1368 3192 μετὰ
1394 3088 1576 3191 Θήϐανς
1609 3088 1897 3196 ᾐσχύνετο.
1923 3088 1972 3156 C

327 3207 524 3262 Καίτοι
560 3226 624 3278 γε
679 3205 794 3280 εἶχέ
846 3229 900 3264 τι
955 3213 1076 3266 τότε
1104 3217 1168 3284 τῇ
1215 3214 1366 3267 πόλει
1415 3215 1510 3268 καὶ
1553 3217 1897 3286 μέμψασθαι·

328 3299 492 3368 ἡμεῖς
521 3301 631 3370 γὰρ
657 3301 912 3370 Θηϐαίων
943 3306 1217 3357 πεσόντων
1251 3305 1349 3377 τὴν
1381 3307 1603 3378 τελετὴν
1642 3309 1901 3362 ἀπεκλεί-

331 3407 528 3461 σαμεν,
557 3392 644 3445 ἵνα
677 3395 752 3463 μὴ
785 3395 898 3458 τοῖς
921 3394 1173 3464 Θηϐαίων
1206 3396 1426 3467 θρήνοις
1455 3397 1791 3469 ἀντιϐοῷμεν
1809 3401 1902 3454 τὸν

329 3481 540 3550 ῐακχον.
577 3481 788 3555 Ὠσπερ
821 3484 928 3554 γὰρ
973 3483 1178 3552 ἀγαθοῦ
1243 3487 1501 3552 φανέντος
1541 3486 1634 3540 τοῦ
1679 3490 1904 3558 κομιζο-

333 3571 499 3640 μένου
529 3571 627 3643 τὴν
653 3574 815 3644 χάριν
847 3574 1091 3642 μεθέξειν
1116 3577 1148 3646 ἡ
1173 3575 1327 3638 πόλις
1347 3577 1408 3629 τὸ
1434 3578 1598 3647 μέρος
1626 3578 1724 3648 τῆς
1744 3579 1904 3651 δόξης

329 3662 586 3732 ἡμελλεν,
626 3663 768 3717 οὕτω
797 3665 897 3729 τῆς
926 3665 1208 3736 αίσχύνης,
1247 3666 1298 3718 εί
1339 3667 1574 3738 πονηρὸς
1603 3667 1650 3699 ’δ
1679 3668 1903 3737 ἐξηλέγ-

328 3770 480 3823 χετο.
510 3753 636 3807 οὖτ⁹
668 3755 733 3809 ἂν
770 3758 959 3828 ἐτέρου
988 3758 1294 3829 γράφοντος
1331 3757 1427 3810 καὶ
1460 3759 1904 3829 παρανομοῦντος

331 3845 587 3915 ὲσίγησα,
611 3847 745 3900 ἀλλὰ
768 3847 1132 3920 προσδραμὼν
1163 3847 1229 3901 ἂν
1257 3847 1418 3919 [1080
1446 3847 1536 3920 IL]
1568 3848 1646 3918 τῷ
1674 3849 1900 3920 βήματι,

328 3935 422 3988 τὸν
452 3936 663 3990 Σόλωνα
707 3938 1015 4008 κεκραγὼς,
1056 3939 1155 4008 τὴν
1203 3937 1478 3992 πολιτείαν
1513 3938 1900 4009 ἐπιϐοώμενος,

329 4030 409 4083 Οὐ
433 4030 582 4082 λύσω
605 4032 728 4094 τοὺς
756 4030 972 4100 νόμους,
1000 4029 1065 4083 ἂν
1088 4029 1243 4102 ἔφην,
1268 4030 1388 4092 οὐδὲ
1411 4031 1638 4101 δέχομαι
1663 4031 1905 4100 φυγάδας

330 4122 391 4188 ἐξ
421 4121 816 4192 ἐπιτάγματος,
843 4121 962 4174 οὐδὲ
983 4120 1062 4190 τῷ
1080 4122 1313 4174 Φωκέων
1335 4121 1568 4192 αὐθέντῃ
1590 4120 1902 4186 κελεύοντος

332 4213 496 4268 ἄλλου
520 4214 568 4245 ’⁸
598 4213 1076 4284 σπὲνδομαι’,ἀλλ’
1110 4213 1216 4277 ἕως
1257 4212 1324 4265 ἂν
1358 4212 1466 4283 ἔχω
1509 4212 1758 4282 λιμένας,
1799 4210 1905 4276 ἕως

333 4307 551 4377 ἡλικίαν
583 4306 958 4376 ἀκμάζουσαν,
991 4305 1097 4368 ἕως
1141 4304 1361 4375 ἀριθμῶ
1392 4303 1460 4356 τὰ
1503 4305 1765 4374 τρόπαια,
1798 4303 1905 4367 ἕως

338 4397 438 4469 μία
459 4398 506 4429 ⁸⁸
533 4397 661 4466 γοῦν
694 4401 758 4450 ἑκ
800 4396 1072 4467 Πειραιῶς
1110 4396 1190 4448 ἐτι
1223 4396 1460 4466 τριήρης
1519 4395 1800 4463 ἀνάγεται,
1839 4395 1902 4448 οὐ

336 4491 598 4561 προῖεμαι
641 4490 765 4552 τοὺς
808 4489 1022 4557 νόμους,
1074 4488 1196 4541 οὐδὲ
1238 4487 1336 4555 τῆς
1369 4486 1643 4550 πολιτείας
1675 4485 1907 4554 ἀφίστα-

337 4599 458 4650 μαι,
488 4581 608 4633 ούδὲ
642 4578 779 4632 ποιῶ
811 4580 910 4648 τὴν
946 4581 1135 4650 φήμην
1187 4579 1358 4649 αὐτῆς
1393 4578 1494 4648 τῆς
1521 4577 1730 4640 πόλεως
1763 4577 1903 4647 πόρ-

332 4673 511 4740 θησιν,
539 4671 650 4725 οὐδ’
677 4670 1000 4724 ὑποπτεύων
1032 4670 1099 4723 τὰ
1129 4669 1278 4740 παρὰ
1300 4669 1400 4739 τῆς
1433 4667 1603 4738 τύχης
1627 4666 1908 4738 ἀμφίϐολα

333 4763 524 4830 φθάνω
575 4763 674 4833 τὴν
734 4761 977 4816 δουλείαν
1037 4761 1198 4825 αὐτὸς
1245 4759 1503 4824 ἑκουσίως
1557 4758 1903 4830 αἱρούμενος.

332 4853 554 4906 Κατίτω
608 4852 790 4906 τοίνυν
860 4851 1140 4923 Αἰσχίνης,
1180 4849 1579 4922 Δημοσθένους,
1630 4849 1770 4904 ἀλλὰ
1832 4848 1908 4920 μὴ

346 4943 698 5015 Ἀλεξάνδρου
739 4943 1088 5007 κελεύοντοςο
1142 4939 1588 5014 παρανομοῦντος
1645 4941 1899 5012 ῥήτορος,

333 5035 471 5091 ἀλλὰ
502 5036 577 5106 μή
607 5036 868 5106 βασιλέως
902 5036 1322 5105 προστάττοντος
1348 5051 1363 5065 ο
1399 5034 1476 5096 ὡς
1505 5033 1686 5102 φυγὰς
1727 5030 1910 5086 ἐλεού-

337 5145 528 5198 μενος,
592 5127 668 5200 μὴ
732 5125 961 5198 φοϐερὸς
1017 5126 1147 5196 ἡμῖν
1205 5125 1280 5187 ὼς
1338 5125 1404 5178 ἑκ
1462 5123 1906 5194 προστάγματος.

347 5218 648 5290 Ἀθηναίων
676 5219 726 5270 οῑ
748 5219 916 5286 λόγοι,
953 5218 1050 5270 καὶ
1088 5217 1340 5288 γνωρίζω
1369 5215 1467 5288 τὴν
1499 5215 1652 5268 πόλιν
1674 5215 1782 5270 ἀπὸ
1809 5215 1904 5270 τοῦ

338 5314 614 5383 ῥήματος·
649 5311 804 5382 ὑμεῖς
842 5311 950 5381 γάρ
991 5311 1112 5363 ἐστε
1140 5311 1188 5362 οἱ
1212 5310 1391 5362 πᾶσαν
1428 5309 1528 5378 μὲν
1568 5310 1692 5377 γῆν,
1729 5309 1909 5361 πᾶσαν

2000 1822 2281 1890 mandato,
2329 1825 2506 1878 minus
2543 1823 2740 1877 malum
2766 1823 3073 1878 existimavi
3113 1833 3308 1891 sponte
3335 1825 3569 1892 solvere,

1998 1929 2162 1984 quam
2192 1915 2360 1968 invite
2382 1914 2637 1969 tolerare.
2673 1913 2806 1967 Nam
2853 1914 2967 1968 fleri
3011 1915 3228 1984 quidem
3275 1923 3474 1985 potest,
3513 1926 3574 1969 ut

2000 2005 2103 2061 hoc
2123 2005 2411 2074 aliquando
2441 2004 2790 2059 humanitatis
2818 2003 3043 2075 gloriam
3073 2012 3459 2073 consequatur,
3482 2003 3576 2074 qui

1998 2111 2130 2152 vero
2161 2096 2281 2152 aliis
2321 2095 2605 2160 obediunt,
2633 2096 2732 2150 sibi
2795 2097 2927 2164 ipsis
2959 2095 3260 2160 infamiam,
3301 2097 3576 2165 imperan-

2001 2189 2146 2246 tibus
2172 2204 2296 2244 vero
2335 2190 2594 2244 honorem
2626 2187 2939 2244 conciliant.

2071 2303 2358 2359 lEschines
2411 2303 2620 2356 confert
2684 2317 2806 2354 cum
2867 2301 3083 2370 regibus
3135 2314 3419 2358 sermones
3478 2317 3579 2373 pro

1999 2403 2276 2465 suggestu,
2301 2403 2356 2450 et
2404 2403 2526 2464 post
2576 2393 2824 2446 exsilium
2883 2400 3104 2462 propter
3171 2391 3576 2462 Ctesiphontem

2000 2485 2230 2555 amplius
2262 2484 2511 2538 sollicitat
2561 2499 2733 2553 reges.
2786 2482 2960 2538 Homo
3021 2483 3329 2538 universam
3394 2486 3576 2538 Asiam

2002 2577 2168 2631 armis
2208 2591 2506 2645 peragrans
2533 2614 2549 2640 ,
2599 2583 2651 2628 et
2681 2575 2896 2644 ingenio
2925 2575 2977 2628 id
3028 2575 3240 2629 demum
3282 2577 3529 2630 adnitens
3557 2617 3572 2642 ,

2001 2683 2068 2722 ne
2095 2667 2321 2722 habeam
2354 2682 2476 2720 cum
2508 2667 2707 2736 quibus
2730 2668 3077 2722 contendam.
3112 2668 3216 2722 Per
3241 2681 3335 2722 eos
3368 2677 3572 2719 tantum

2001 2760 2174 2812 elatus
2198 2768 2282 2813 est
2314 2757 2612 2827 Philippus,
2643 2774 2739 2829 per
2762 2773 2898 2828 quos
2930 2760 3244 2814 Graecorum
3277 2759 3441 2812 animi
3481 2761 3576 2811 de-

2002 2851 2286 2904 ciderunt:
2337 2864 2366 2902 a
2393 2851 2591 2919 quibus
2626 2849 3052 2916 commilitones,
3104 2850 3208 2905 loci
3250 2849 3571 2919 opportuni-

2002 2951 2162 3004 tates,
2193 2942 2370 2996 omnis
2406 2942 2617 2995 fortiter
2684 2942 3048 3010 gerendarum
3105 2957 3286 3015 rerum
3356 2943 3576 2994 occas'o

2005 3033 2128 3085 data
2153 3041 2292 3086 erat.
2328 3030 2714 3085 Thebanorum
2740 3030 2956 3099 quidem
2980 3030 3264 3084 calamitas
3281 3029 3582 3083 advocabit

2007 3125 2244 3186 Cra-cos.
2275 3123 2582 3180 Alexander
2617 3138 2743 3178 vero
2780 3122 2919 3178 hanc
2969 3123 3157 3176 urbem
3199 3130 3317 3190 post
3361 3120 3580 3174 Thebas

2011 3213 2380 3277 reverebatur,
2422 3227 2730 3282 quanquam
2779 3222 2834 3266 et
2890 3222 3014 3266 tunc
3049 3211 3252 3278 aliquid
3303 3210 3573 3271 habuerit,

2007 3306 2150 3374 quod
2182 3305 2298 3358 urbi
2338 3303 2465 3358 huic
2495 3302 2779 3370 objiceret.
2822 3301 2939 3356 Non
2995 3302 3140 3354 enim
3192 3301 3578 3354 Thebanorum

2011 3397 2269 3450 victorum
2321 3410 2474 3450 sacra
2505 3395 2836 3450 exclusimus
2861 3437 2875 3461 ,
2910 3409 2980 3449 ne
3020 3394 3084 3447 ad
3113 3407 3300 3446 eorum
3338 3391 3577 3444 lamenta

2010 3486 2279 3540 Bacchum
2370 3487 2570 3557 hymno
2646 3485 3041 3540 invocaremus.
3118 3480 3579 3548 Quemadmodum

2008 3576 2203 3648 3541:
2234 3577 2378 3630 enim
2428 3576 2578 3640 urbs,
2609 3576 2653 3630 si
2683 3576 2766 3648 vir
2797 3575 3044 3630 sincerus
3103 3580 3417 3642 compareat
3447 3612 3462 3637 ,
3487 3572 3580 3639 qui

2008 3647 2237 3738 gratiam
2274 3676 2439 3735 queat
2479 3665 2685 3722 referre
2729 3647 2910 3736 gloriae
2941 3665 3213 3734 particeps
3269 3664 3445 3717 futura
3478 3671 3578 3726 εδι,

2010 3758 2090 3812 sic
2130 3768 2186 3814 et
2226 3758 2368 3812 malo
2418 3757 2691 3812 referente
2739 3758 2993 3826 gratiam,
3045 3757 3273 3811 infamia
3338 3763 3578 3810 notutur.

2009 3849 2193 3921 Neque
2224 3850 2332 3904 alio
2371 3850 2668 3916 scribente,
2695 3860 2749 3904 et
2788 3859 2977 3904 contra
3036 3850 3182 3917 leges
3220 3858 3431 3917 agente,
3481 3860 3581 3912 ego

2009 3939 2397 4006 obmutuerim,
2426 3940 2519 3993 sed
2559 3941 2874 3994 conscensis
2903 3939 3097 3992 rostris
3126 3936 3382 3990 Solonem
3425 3935 3578 3988 invo-

2011 4045 2162 4096 caus,
2195 4041 2248 4086 et
2277 4029 2662 4100 rempublicam
2693 4029 3046 4098 compellans,
3079 4028 3310 4082 dixerim
3345 4045 3358 4080 :
3413 4023 3582 4095 Leges

2013 4137 2118 4177 non
2149 4122 2371 4191 abrngn,
2441 4136 2616 4192 neque
2662 4123 2879 4176 exsules
2923 4119 3125 4188 recipio
3181 4133 3244 4172 ex
3309 4116 3579 4180 mandato,

2017 4227 2081 4267 ac
2133 4227 2201 4268 ne
2248 4211 2472 4282 jubente
2539 4211 2753 4280 quidem
2817 4209 3178 4265 Phocensium
3240 4219 3582 4274 percussore,

2013 4316 2189 4372 neque
2243 4301 2418 4355 fmdus
2454 4301 2597 4365 ineo,
2633 4303 2727 4354 sed
2778 4301 3015 4369 quandiu
3074 4309 3260 4366 purltls
3315 4295 3576 4356 habuero,

2013 4394 2250 4465 quandiu
2286 4395 2562 4448 robustam
2592 4403 2833 4454 aetatem,
2886 4390 3122 4459 quandiu
3157 4397 3354 4455 trOpaaa
3390 4398 3581 4438 nume-

2011 4500 2220 4550 ravero,
2273 4483 2509 4552 quandiu
2557 4481 2733 4535 adhuc
2765 4496 2866 4533 una
2905 4494 2936 4534 e
2962 4479 3132 4532 Pier
3161 4475 3395 4529 triremis
3421 4473 3584 4526 addu-

2009 4588 2181 4641 cetur,
2239 4591 2347 4630 non
2397 4575 2647 4629 deseram
2705 4572 2896 4642 leges,
2957 4583 3131 4638 neque
3196 4564 3583 4636 rempublicam

2010 4667 2297 4722 relicturus
2345 4665 2470 4728 sim,
2519 4679 2618 4719 nec
2659 4663 2834 4740 patiar
2883 4661 3044 4731 hujus
3083 4657 3324 4714 civitatis
3350 4655 3577 4725 gloriam

2009 4762 2192 4833 diripi,
2223 4775 2324 4816 nec
2367 4759 2569 4814 veritus
2616 4757 2848 4812 fortuna:
2905 4771 3083 4818 casus,
3137 4766 3236 4822 ego
3293 4751 3406 4820 ipse
3440 4747 3570 4802 mihi

2013 4869 2206 4910 manus
2267 4853 2517 4916 inferam,
2586 4860 2877 4918 antequam
2947 4847 3262 4901 servitutem
3342 4842 3577 4894 videam.

2017 4943 2220 4999 Redeat
2253 4943 2414 5014 igitur
2441 4940 2826 5003 Demosthene,
2855 4953 2960 4994 non
2989 4936 3298 4992 Alexandro
3332 4933 3581 5003 jubenl‘e,

2013 5034 2324 5093 Eschines.
2355 5042 2554 5104 praeter
2575 5031 2743 5098 legem
2768 5037 2963 5098 agente
2985 5037 3223 5090 oratore,
3265 5039 3371 5078 non
3411 5022 3583 5092 impe-

2014 5136 2169 5184 rante
2198 5139 2343 5194 rege,
2375 5123 2560 5179 redeat
2583 5121 2733 5189 quasi
2763 5119 2917 5174 exsul
2976 5114 3396 5172 misericordiam
3444 5127 3577 5167 con-

2017 5225 2252 5281 secutus,
2287 5231 2392 5269 non
2424 5224 2676 5282 tanquam
2715 5226 2784 5266 ex
2814 5223 3082 5280 praecepto
3137 5208 3291 5261 nobis
3332 5213 3578 5259 metuen-

2017 5309 2136 5362 dus.
2168 5307 2257 5359 lla:
2285 5304 2691 5360 Atheniensium
2719 5315 2880 5356 voces
2909 5315 2940 5356 e
2964 5299 3162 5368 quibus
3189 5298 3374 5351 urbem
3411 5308 3581 5364 agno-

1636 5459 1865 5514 VARl/E
1900 5457 2305 5516 LECTIONES.

413 5583 456 5614 ¹⁶
480 5577 814 5654 θαυμαστός]
845 5575 1006 5654 καλὸς
1330 5574 1374 5629 Α
1415 5593 1427 5629 :
1467 5569 1534 5654 ᾖς
1577 5592 1636 5638 ς.

338 5654 381 5689 ³¹
436 5649 706 5721 κέκτημαι
735 5649 811 5704 (1,
875 5650 928 5721 ΪἈ
948 5649 1221 5721 τοσοῦτος]
1251 5649 1308 5708 ἐς
1338 5649 1504 5721 τοσοξ

339 5724 465 5780 ἀλλ’
488 5723 548 5775 οὐ
670 5721 854 5776 malim
887 5713 1257 5789 Ἀλεξάνδρου.
1335 5715 1380 5748 ²⁶
1411 5713 1541 5783 γοῦν
1570 5713 1668 5784 μία
1693 5732 1753 5779 ς.

1715 5574 1758 5608 ’⁸
1789 5576 2015 5644 κατάγει
2063 5574 2123 5628 Β.
2199 5575 2244 5607 ¹⁹
2275 5573 2464 5628 οὐσίαν
2505 5571 2548 5624 Α
2589 5589 2603 5628 :
2641 5569 2834 5644 ῘΑσζαν
2865 5585 2923 5631 ς-

875 5650 920 5679 ²²
948 5636 1221 5718 τοσοῦτος]
1251 5636 1308 5708 ἐς
1341 5636 1655 5718 τοσούτουᾹό
1695 5643 1754 5700 Β.
1832 5647 1876 5678 ’³
1923 5636 2250 5718 ὗπερεφόϐει
2298 5644 2562 5714 Scaliger.
2639 5641 2684 5673 “
2716 5642 2764 5694 εί
2808 5636 3040 5708 πονηρὸς
3070 5653 3108 5700 ς
3117 5677 3130 5690 ο

3017 5565 3064 5598 ’⁸
3103 5561 3471 5648 φύσξέΙξιήνη
3499 5561 3564 5648 ,τί

3210 5635 3254 5668 ³⁸
3299 5636 3458 5690 ἄλλου
3486 5637 3553 5692 A:
