3990 6232
437 318 570 386 1311

1516 313 1780 376 ΡΗΟΤΙΙ
1817 302 2321 371 PATRIARCH/E
2359 302 2459 362 CP.

3540 289 3681 356 1312

437 448 552 488 sco.
605 428 717 486 Vos
759 426 904 482 enim
959 425 1111 490 estis,
1147 424 1241 495 qui
1281 439 1378 494 pro
1415 423 1680 478 institutis
1715 423 2001 490 majorum,

2136 415 2162 468 ἐ
2216 412 2492 467 θάλασσαν
2541 405 2820 480 τροπαίων
2852 403 2993 474 ὑπὲρ
3040 401 3148 456 τῶν
3201 401 3385 473 νόμων
3445 403 3542 455 καὶ
3583 403 3692 472 τῆς

435 537 492 582 et
513 538 609 596 pro
631 521 902 582 libertate,
934 527 1075 572 terra
1099 517 1342 584 marique
1366 524 1565 584 tropaea
1589 513 1805 569 fixistis.
1832 511 2009 566 Tanto

438 615 681 669 exercitu
709 609 928 665 advenit
964 607 1190 671 Xerxes,
1226 617 1426 659 terram
1483 615 1540 658 et
1588 617 1738 656 mare
1789 615 2008 670 permu-

441 715 583 770 tans,
623 711 682 756 ut
709 722 718 766 ι
742 710 954 756 eteutes
983 699 1195 768 glebam
1220 706 1272 750 et
1295 695 1557 767 cyathum
1584 695 1705 748 loco
1729 691 2010 748 coucionis

439 795 495 849 in
529 791 845 847 barathrum
879 787 1195 856 conjecerit.
1225 785 1296 838 At
1348 786 1460 854 ipsa
1486 784 1680 838 civitas
1723 777 2008 836 elementis

439 886 528 941 bis
553 883 747 938 fortior
784 879 1102 950 permansit.
1134 876 1403 944 Quoniam
1457 875 1584 930 licet
1645 873 1790 937 aliis,
1828 881 1889 926 ut
1933 871 2013 925 sic

442 977 691 1042 dixerim,
725 973 932 1045 singula
972 987 1159 1028 eorum
1185 985 1305 1041 qua;
1334 979 1487 1037 gesta
1516 975 1667 1029 sunt,
1691 967 1878 1020 eadem
1915 978 2014 1018 na-

443 1081 563 1126 tura
605 1059 1062 1132 esse'videantur,
1112 1063 1292 1134 specie
1331 1071 1510 1116 tamen
1565 1059 2010 1126 distinguuntur:

444 1164 592 1217 verbi
636 1161 809 1233 gratia
843 1159 1040 1228 aliquis
1077 1156 1379 1227 proximum
1435 1152 1708 1224 percutit;
1753 1152 1810 1204 in
1841 1159 2012 1205 certa-

443 1256 590 1309 mine
623 1254 669 1308 si
700 1251 914 1316 vicerit,
953 1262 1210 1304 coronam
1249 1244 1488 1309 habebit,
1530 1251 1682 1298 extra
1733 1251 2012 1298 certamen

446 1360 634 1415 poenas
659 1343 829 1398 dabit.

518 1433 926 1506 Deploravimus
950 1431 1138 1484 urbem
1171 1433 1312 1483 hanc
1342 1427 1470 1482 olim
1496 1441 1526 1480 a
1583 1425 1828 1496 tyrannis
1857 1438 2016 1480 ever-

447 1542 585 1591 sam,
621 1537 798 1580 tamen
823 1524 967 1578 ultro
1011 1537 1172 1591 quam
1212 1520 1505 1576 defendere
1534 1518 1846 1583 debuimus,
1893 1532 2015 1572 eam

447 1617 616 1672 Medis
656 1614 1047 1670 incendendam
1086 1612 1425 1666 tradidimus.
1453 1607 1550 1663 llle
1595 1622 1717 1661 cum
1747 1605 2016 1674 Philippo,

447 1705 612 1760 etiam
661 1714 782 1774 post
817 1702 1182 1758 calamitatem
1226 1697 1666 1762 Cltazrouensem,
1701 1694 2016 1750 societatem

451 1811 555 1850 non
586 1762 727 1852 iniit.
783 1793 905 1848 Fuit
929 1791 1083 1846 nobis
1127 1788 1416 1858 aliquando
1454 1788 1547 1844 illa
1580 1784 1936 1848 consuetudo,
1962 1793 2021 1836 ut
2051 1762 2097 1819 Β

451 1888 678 1943 Grazciac
707 1899 1083 1956 prazessemus,
1133 1893 1187 1939 et
1213 1898 1311 1954 pro
1343 1883 1598 1938 libertate
1623 1887 1809 1936 contra
1835 1887 2024 1948 tyran-

454 1994 553 2034 nos
579 1980 1028 2050 depugnaremus.
1065 1973 1252 2030 Ortum
1275 1991 1304 2028 a
1327 1973 1561 2029 Miltiade
1579 1972 1695 2029 haac
1717 1971 1802 2028 lex
1816 1972 2026 2036 habuit,

453 2070 637 2125 ﬂoruit
657 2069 758 2124 sub
787 2066 1174 2131 Themistocle,
1209 2065 1461 2136 pervenit
1491 2078 1665 2136 usque
1719 2063 2027 2130 Cimonem,

454 2169 668 2217 servata
701 2167 784 2215 est
833 2160 932 2214 sub
966 2156 1198 2222 Pericle,
1236 2156 1384 2211 culta
1450 2156 1552 2210 sub
1607 2153 1914 2220 Alcibiade,
1975 2161 2031 2209 et

453 2266 557 2322 ego
593 2265 712 2306 eam
745 2257 1018 2304 servatam
1071 2247 1390 2314 voluissem,
1424 2245 1524 2302 sed
1584 2243 1812 2301 libidine
1837 2260 2034 2301 assen-

392 2386 395 2389 .
456 2342 767 2410 tationeque
805 2341 1141 2410 proditorum
1179 2339 1434 2409 abrogata
1472 2347 1575 2395 est.
1635 2339 1866 2409 Imperio
1896 2336 2031 2394 alios

457 2433 704 2488 exuimus
728 2472 745 2499 ,
790 2431 986 2502 355a
1012 2445 1119 2486 non
1167 2430 1569 2494 contradixisti,
1598 2445 1627 2484 a
1676 2431 1852 2500 patrio
1882 2444 2033 2485 more

460 2526 846 2580 discessimus:
883 2539 988 2578 non
1019 2535 1352 2592 conquestus
1383 2537 1467 2578 es.
1504 2522 1620 2576 Non
1685 2521 1852 2576 cessit
1901 2523 2032 2576 urbs

461 2625 648 2671 nostra
693 2615 1230 2671 Lacedmmoniorum
1266 2613 1384 2668 urbi
1412 2613 1478 2667 ad
1531 2612 1802 2668 Siciliam.
1834 2611 2031 2666 Verum

463 2715 573 2759 tota
606 2705 778 2760 insula
819 2719 980 2760 unam
1011 2715 1229 2760 artatem
1261 2713 1414 2759 extra
1455 2703 1683 2773 patriam
1723 2703 1982 2774 transegit
2013 2720 2028 2757 :

463 2796 592 2850 urbs
617 2809 748 2851 vero
774 2795 889 2851 haec
913 2795 1076 2851 etiam
1103 2796 1166 2849 ad
1204 2793 1550 2850 Occidentem
1563 2796 1850 2864 prudentia
1881 2795 2034 2848 inex-

463 2886 770 2956 pugnabilis
800 2887 1120 2955 permansit.
1151 2887 1276 2950 Fac,
1316 2887 1362 2941 si
1396 2885 1547 2950 libet,
1582 2886 1886 2956 improbum
1907 2900 2033 2943 esse

463 2974 805 3041 .‘Eschinem,
874 2977 1171 3046 perniciem
1250 2975 1632 3043 Phocensium,
1701 2977 2032 3045 proditorem

2112 503 2424 574 ἐλευθερίας
2470 499 2878 569 πληρώσαντες.
2939 493 3226 564 Ἐπολέμει
3287 493 3534 565 Ξέρξης,
3580 495 3692 564 γῆν

2115 595 2424 670 μεταποιῶν
2466 593 2564 647 καὶ
2593 590 2864 645 θάλατταν
2886 588 2953 654 ’⁷,
2986 586 3069 639 ὅτι
3098 587 3229 649 τοὺς
3259 585 3360 656 τὴν
3390 585 3561 656 βῶλον
3593 585 3695 639 καὶ

2111 689 2204 742 τὸν
2232 685 2431 740 κύαθον
2457 682 2784 753 αἰτήσαντες
2805 679 2868 732 τὸ
2897 677 3172 748 βάραθρον
3205 675 3329 728 ἀντὶ⁸
3357 675 3456 744 τῆς
3487 675 3696 728 ἐκκλησι-

2115 781 2236 844 σίας
2289 779 2525 849 ἐδέχετο.
2564 772 2704 828 Ἀλλ’
2728 773 2763 842 ἡ
2811 770 2966 833 πόλις
3003 767 3189 838 ἔμεινε
3240 765 3350 818 τῶν
3411 763 3696 834 στοιχείων

2113 873 2278 928 πλέον
2331 871 2609 941 ἀκίνητος.
2664 865 2821 920 Ἐπεὶ
2869 863 2970 916 κάν
3023 862 3138 925 τοῖς
3187 857 3393 924 ἀλλοις,
3433 857 3510 919 ὡς
3563 855 3697 917 ἔπος

2115 967 2312 1032 εἰπεῖν,
2348 965 2456 1018 τῶν
2493 957 2887 1034 πραττομένων
2910 957 3162 1021 ἕκαστον,
3189 953 3294 1009 κᾶν
3319 949 3516 1006 ταύτὸν
3553 943 3696 1000 εἶναι

2115 1059 2184 1128 τῇ
2221 1054 2380 1124 φύσει
2435 1031 2590 1122 δοκῇ,
2618 1049 2756 1105 ἀλλὰ
2785 1049 2852 1119 τῇ
2903 1046 3174 1118 προφάσει
3227 1041 3529 1113 μερίζεται.
3567 1031 3697 1091 Οἷον

2116 1147 2312 1202 τύπτει
2340 1163 2424 1209 τις
2447 1143 2536 1198 τὸν
2558 1141 2805 1212 πλησίον.
2838 1139 2937 1193 Ἂν
2969 1137 3070 1208 μὲν
3089 1137 3150 1189 ἐν
3173 1134 3376 1196 ἀθλοις,
3403 1129 3516 1201 ἔχει
3541 1128 3699 1196 νική-

2119 1257 2219 1300 σας
2255 1238 2346 1292 τδν
2374 1235 2640 1304 στέφανον
2662 1248 2675 1262 ·
2711 1231 2777 1284 ἂν
2808 1230 2867 1284 δέ
2895 1230 2994 1299 τῆς
3022 1225 3262 1296 ἀγωνίας
3292 1225 3470 1288 ἐκτδς,
3503 1216 3696 1288 ὑπέχει

2118 1332 2183 1384 τὸ
2204 1329 2440 1400 τίμημα.
2759 1361 2766 1380 ι

2203 1416 2569 1490 Ἐθρηνοῦμέν
2603 1431 2732 1468 ποτε
2757 1408 3135 1483 πορθουμένης
3159 1403 3265 1459 ὑπὸ
3284 1401 3393 1458 τῶν
3416 1403 3700 1473 τυράννων

2120 1515 2219 1584 τῆς
2253 1512 2463 1574 πόλεως
2482 1527 2496 1541 ·
2547 1508 2662 1562 ἀλλ’
2694 1505 2908 1566 ἑκόντες
2943 1499 3112 1570 αὐτὴν
3165 1497 3305 1568 ὑπὲρ
3333 1494 3702 1566 ἀνδραγαθίας

2121 1605 2200 1676 τῷ
2230 1605 2365 1676 πυρὶ
2387 1603 2495 1657 τῶν
2522 1600 2721 1670 Μήδων
2741 1596 3047 1666 ἐδώκαμεν.
3078 1592 3135 1644 '0
3167 1590 3242 1662 μὴ
3267 1588 3519 1657 Φιλίππῳ
3548 1603 3706 1640 σπει-

2129 1699 2385 1768 σάμενος,
2417 1693 2552 1766 μηδὲ
2577 1691 2714 1763 μετὰ
2736 1689 2832 1758 τὴν
2853 1683 3055 1757 μεστὴν
3083 1681 3182 1752 τῆς
3204 1683 3446 1752 πονηρᾶς
3464 1679 3510 1712 ’⁸
3531 1682 3706 1748 τύχης

2127 1786 2487 1860 Χαιρώνειαν.
2513 1780 2622 1837 Ἦν
2671 1783 2802 1854 ήμῖν
2845 1793 2978 1832 ποτε
3017 1775 3247 1845 πάτριον
3295 1770 3549 1843 ἡγεῖσθαι
3585 1768 3708 1836 «τῆς

2137 1879 2388 1943 Ἑλλάδος
2443 1877 2540 1931 καὶ
2583 1877 2696 1938 τοῖς
2739 1870 3023 1942 τυράννοις
3054 1865 3196 1938 ὑπὲρ
3245 1865 3345 1936 τῆς
3391 1860 3708 1931 ἐλευθερίας

2126 1969 2615 2043 ἀνταγωνίζεσθαι.
2650 1967 2778 2042 [577
2798 1963 2892 2037 H.]
2925 1953 3096 2026 Οὗτος
3124 1960 3154 2014 ό
3189 1958 3352 2030 νόμος
3373 1956 3576 2027 ἤρξατο
3606 1952 3710 2025 μὲν

2129 2067 2237 2122 ἀπὸ
2290 2063 2583 2120 Μιλτιάδου
2620 2061 2905 2131 πρότερον,
2939 2056 3160 2130 ήκμασε
3190 2052 3248 2106 δέ
3301 2051 3391 2104 ἐπὶ
3439 2050 3708 2118 Θεμιστο-

2129 2159 2341 2223 κλέους,
2377 2153 2581 2225 κατέϐη
2608 2154 2653 2186 ³⁸
2691 2151 2748 2204 δέ
2781 2151 2861 2214 είς
2899 2149 3154 2218 Κίμωνα,
3192 2141 3468 2213 ἐφυλάχθη
3505 2139 3564 2194 δὲ
3601 2138 3711 2192 ὑπὸ

2130 2246 2484 2319 Περικλέους,
2503 2241 2822 2313 ἐθαυμάσθη
2841 2240 2900 2294 δὲ
2923 2240 3028 2293 ὑπὸ
3060 2234 3397 2290 Ἀλκιϐιάδου
3417 2249 3430 2264 ·
3455 2231 3544 2286 ἐπ’
3572 2229 3709 2302 ἐμοῦ

2131 2343 2190 2397 δὲ
2225 2343 2293 2412 τῇ
2324 2338 2520 2409 γνώμῃ
2555 2336 2654 2407 μὲν
2681 2332 2945 2404 ἐτηρήθη,
2978 2333 3044 2401 τῇ
3069 2329 3208 2402 τύχῃ
3233 2328 3278 2360 ³⁸
3305 2326 3360 2380 δέ
3390 2324 3484 2379 καὶ
3510 2326 3579 2394 τῇ
3619 2339 3714 2376 κο-

2133 2432 2328 2502 λακεία
2367 2427 2478 2483 τῶν
2519 2424 2878 2498 προδιδόντων
2917 2415 3258 2491 διέφθαρται.
3301 2416 3645 2484 ’Δπέστημεν
3667 2412 3711 2444 ⁸⁸

2135 2525 2343 2595 ἐτέροις
2363 2521 2462 2592 τῆς
2489 2517 2788 2592 ἡγεμονίας
2809 2532 2823 2546 ο
2863 2515 2966 2568 ούκ
3001 2514 3254 2574 ἁντεῖπες
3278 2511 3322 2542 ³¹
3345 2525 3361 2541 ·
3383 2506 3714 2579 παρεχωρή-

2138 2632 2310 2687 σαμεν
2335 2611 2429 2666 τοῦ
2454 2609 2686 2680 πατρίου
2709 2608 2988 2679 σχήματος
3005 2623 3020 2638 ο
3052 2604 3151 2658 ούκ
3167 2599 3574 2672 ἠγανάκτησας.
3597 2595 3716 2649 Ούκ

2135 2703 2247 2775 εἶξε
2277 2704 2434 2776 ,μετά
2481 2702 2732 2756 Σικελίαν
2776 2695 3225 2766 Λακεδαιμονίοις
3273 2695 3308 2763 ή
3351 2690 3505 2753 πόλις
3540 2703 3554 2717 ⁸
3597 2687 3715 2742 ἀλλ’

2137 2803 2173 2873 ή
2205 2799 2302 2870 μὲν
2329 2798 2491 2868 νῆσος
2529 2794 2626 2866 τὴν
2675 2791 2892 2863 ήλικὶαν
2923 2790 3051 2856 ὅλην
3082 2787 3390 2857 ἐχώρησεν,
3414 2784 3448 2853 ή
3469 2780 3626 2842 πόλις
3657 2777 3718 2832 δέ

2137 2893 2165 2948 ε
2172 2909 2238 2964 με
2246 2908 2322 2945 ινε
2340 2889 2419 2960 τῷ
2434 2887 2743 2958 φρονήματι
2758 2883 2852 2936 καὶ
2875 2882 3011 2952 μετά
3027 2879 3125 2950 τὴν
3150 2877 3390 2947 ἑσπέραν
3416 2874 3716 2964 ἀνάλωτος,

2151 2961 2314 3038 iam
2364 2978 2601 3050 πονηρὸς
2643 2974 2919 3045 Αἰσχίνης.
2990 2968 3263 3042 Πρόσθες,
3303 2967 3351 3018 εἰ
3396 2964 3596 3036 βούλει,
3624 2961 3721 3014 καὶ

466 3072 735 3140 Thracia,
771 3071 1052 3127 interitum
1111 3071 1464 3140 Cersoclepti,
1495 3082 1550 3125 et
1595 3071 1640 3126 si
1679 3072 1874 3140 quibus
1914 3069 2030 3125 aliis

2139 3075 2370 3131 Φωκέων
2391 3071 2615 3142 ὄλεθρον
2638 3069 2732 3124 καὶ
2749 3065 3043 3137 προδοσίαν
3064 3062 3284 3132 Θρᾴκης
3307 3059 3400 3113 καὶ
3435 3055 3721 3166 ἀναίρίιζιν

467 3161 780 3218 nominibus
830 3161 1090 3231 iniuriose
1116 3163 1378 3232 populum
1431 3170 1693 3226 tractans,
1738 3161 2039 3231 appellatus

464 3262 570 3308 est.
626 3252 861 3309 Athenis
902 3254 1046 3308 enim
1102 3268 1320 3324 semper
1375 3267 1480 3307 una
1533 3267 1656 3307 cum
1711 3252 2036 3319 fertilitate,

467 3354 654 3399 contra
686 3345 924 3412 Graecos,
950 3361 984 3401 ο
1013 3345 1392 3410 Athenienses,
1425 3345 1697 3401 succrevit
1723 3355 1775 3400 et
1810 3346 2000 3406 vitium
2021 3382 2038 3398 .

467 3436 663 3492 Multos
694 3437 909 3508 quidem
943 3437 1243 3506 degeneres
1287 3452 1663 3507 saepenumero
1720 3439 1849 3492 urbs
1910 3453 2042 3492 con-

468 3529 727 3595 servavit,
760 3544 862 3583 non
887 3544 1073 3584 eorum
1106 3529 1398 3585 factionem
1448 3532 1710 3599 probans,
1765 3529 1856 3584 sed
1892 3529 2041 3599 cala-

470 3617 710 3672 mitatem
765 3618 1041 3672 miserata.
1088 3615 1299 3672 Nemini
1341 3632 1579 3686 unquam
1627 3625 1815 3671 contra
1860 3615 2032 3684 leges,

470 3710 708 3780 quandiu
741 3707 1085 3778 prudentiam
1143 3709 1391 3772 retinuit,
1419 3707 1659 3776 subjecta
1727 3705 1852 3761 fuit.
1903 3707 2042 3773 Quid

473 3805 637 3874 igitur
671 3820 774 3858 non
811 3806 923 3873 jam
957 3803 1239 3867 denuntio,
1285 3803 1415 3871 quin
1471 3804 1578 3855 vita
1615 3802 1767 3872 pritts
1816 3801 2042 3867 decedo,

475 3909 636 3963 quam
665 3893 871 3948 videam
897 3894 1039 3947 hanc
1066 3894 1253 3947 urbem
1275 3893 1534 3948 servitute
1556 3893 1907 3963 oppressam?
1937 3895 2047 3959 Ego

477 3985 622 4037 idem
651 3985 765 4052 ipse
795 3999 926 4039 sane
959 4000 1063 4037 non
1100 3985 1261 4038 talem
1293 3999 1413 4040 esse
1461 3965 1734 4041 rumorem
1771 3986 2044 4052 existimo,

477 4077 689 4147 qualem
717 4077 954 4132 nonnulli
987 4079 1215 4147 lingunt,
1263 4079 1497 4148 primum
1536 4079 1831 4136 Alexandri
1866 4099 2047 4139 mores

477 4169 855 4233 considerans,
889 4177 940 4223 et
976 4169 1222 4238 quisnam
1248 4169 1338 4225 ille
1366 4171 1460 4238 sit,
1484 4173 1575 4241 qui
1595 4172 1755 4228 simul
1777 4183 1831 4227 et
1855 4189 2051 4245 aggre-

478 4261 626 4315 ditur
651 4269 704 4316 et
725 4260 936 4330 perficit
963 4277 976 4312 :
1008 4261 1118 4314 imo
1167 4276 1298 4316 vero
1328 4261 1520 4326 rebus,
1556 4278 1692 4334 quas
1717 4266 2048 4334 aggreditur,

2145 3164 2560 3236 Κερσοϐλέπτου
2591 3161 2687 3215 καὶ
2714 3156 2872 3213 πάνθ’
2897 3156 2998 3208 ὅσα
3029 3152 3291 3214 πολλάκις
3319 3147 3577 3236 Αἰσχίνης
3609 3145 3723 3198 ἀδι-

2145 3233 2266 3314 κῶν
2286 3257 2378 3312 τὸν
2424 3256 2595 3326 δῆμον
2652 3251 3004 3321 ἐγκέκληται.
3047 3245 3280 3314 Νόσημα
3312 3240 3442 3312 γὰρ,
3468 3233 3512 3292 ὦ
3561 3236 3724 3305 Ἀθη-

2147 3355 2307 3418 ναῖοι,
2339 3348 2483 3405 κατά
2514 3346 2624 3400 τῶν
2663 3344 2928 3414 Ἐλλήνων
2962 3341 3029 3412 τῇ
3055 3337 3197 3408 φορᾷ
3225 3335 3270 3367 ⁸³
3286 3334 3394 3387 τῶν
3425 3329 3726 3400 Ἀθηναίων

2149 3447 2489 3516 συνήκμασε.
2521 3437 2800 3508 Πονηροὺς
2855 3433 2952 3505 μὲν
3002 3433 3110 3502 γὰρ
3132 3432 3166 3502 ή
3200 3427 3353 3491 πόλις
3384 3425 3484 3516 ήδη
3537 3421 3726 3516 ’που-εἶ⁵

2150 3511 2410 3597 πολλάκις
2449 3531 2674 3593 ἔσωσεν,
2697 3527 2797 3580 ούκ
2826 3521 3126 3577 ἐπαινοῦσα
3171 3519 3270 3589 τὴν
3303 3515 3552 3586 γνώμην,
3589 3511 3729 3566 ἀλλά

2149 3628 2246 3697 τὴν
2274 3623 2444 3693 τύχην
2473 3616 2817 3688 οἰκτείρουσα
2841 3628 2857 3644 ·
2895 3612 3175 3682 ὑπήκουσε
3215 3607 3259 3640 ³⁸
3300 3605 3357 3658 δὲ
3379 3601 3566 3697 οὐδενὶ
3582 3601 3728 3697 κατὰ

2149 3689 2261 3772 τών
2502 3711 2568 3777 ³⁸,
2603 3706 2764 3780 ήνίκα
2793 3706 2978 3774 ἐτήρει
3014 3702 3075 3754 τὸ
3106 3699 3384 3770 φρόνημα.
3412 3693 3477 3747 Τί
3506 3689 3600 3745 οὖν
3629 3691 3731 3784 ob:

2152 3810 2253 3882 ἤδη
2309 3782 2698 3876 προαγγέλλω;
2747 3797 2799 3850 τί
2853 3795 2910 3850 δὲ
2956 3795 3055 3847 οὐκ
3089 3791 3267 3860 ἔξειμι
3303 3785 3397 3840 τοῦ
3422 3784 3560 3855 βίου,
3599 3782 3730 3882 arpis)

2156 3875 2284 3955 ίδείν
2320 3875 2420 3969 την
2462 3895 2617 3948 πόλιν
2673 3887 3067 3951 δουλεύουσαν;
3109 3881 3251 3949 Ἐγὼ
3282 3878 3415 3945 γοῦν
3445 3877 3540 3929 καὶ
3569 3875 3733 3937 αὐτὸς

2152 3967 2395 4067 ήγοῦμαι
2433 3989 2531 4058 τὴν
2554 3987 2740 4058 φήμην
2792 3981 2956 4051 ἐχειν,
3000 3979 3098 4047 οὐχ
3143 3973 3287 4028 οὓτω
3328 3971 3449 4067 ³1δῖ
3474 3968 3620 4067 ἔχειν
3636 3967 3733 4067 ’ὡς

2152 4055 2532 4156 τερατεύονταί
2554 4091 2720 4138 τινες,
2745 4069 2960 4124 σκοπῶν
2976 4069 3192 4140 πρῶτον
3225 4055 3401 4133 μὲν,ὣ
3435 4058 3732 4128 Ἀθηναῖοι,

2154 4143 2244 4229 τὸν
2295 4168 2645 4238 Ἀλεξάνδρου
2685 4162 2908 4231 τρόπον.
2947 4157 3043 4222 Τίς
3070 4157 3127 4210 δὲ
3169 4148 3323 4217 οὗτός
3357 4153 3549 4210 ὲστινς
3599 4143 3734 4215 ὁμοῦ

2155 4283 2216 4319 τε
2241 4262 2483 4334 ἐγχειρεῖ
2538 4256 2634 4311 καὶ
2680 4253 3018 4325 πέπρακται,
3076 4247 3274 4334 μάλλον
3315 4243 3373 4296 δὲ
3400 4240 3592 4311 φθάνει
3612 4238 3737 4334 τους

478 4352 701 4419 famam,
732 4361 786 4406 et
806 4366 901 4406 eos
935 4351 1026 4421 qui
1085 4352 1352 4418 nuntiant,
1388 4328 1700 4410 antevertit.
1750 4328 1893 4410 Eum
1941 4357 2030 4411 ali:

2160 4358 2258 4429 μὲν
2283 4328 2587 4422 *λογισμοὺς
2611 4348 2732 4408 ταῖς
2757 4343 3043 4416 πράξεσιν.
3099 4333 3180 4399 οἷς
3207 4337 3263 4389 δέ
3295 4333 3594 4429 ἐγχειρεῖ,⁸

481 4441 647 4496 multa
696 4419 996 4512 magnaque
1028 4457 1195 4512 opera
1233 4458 1354 4510 sua,
1390 4459 1510 4512 qua:
1545 4445 1856 4500 adulatores
1899 4462 2030 4501 coni

2153 4419 2589 4517 διαγγέλλοντας.
2643 4437 2801 4512 [1081
2864 4433 2956 4506 8.]
3013 4430 3170 4484 Ἐπεὶ
3223 4427 3317 4482 καὶ
3358 4425 3426 4478 τά
3474 4422 3648 4517 πολλά
3672 4419 3737 4517 δη

482 4534 714 4602 lingunt,
755 4532 1032 4587 celeritate
1088 4533 1286 4602 potius,
1317 4550 1480 4603 quam
1520 4537 1720 4592 virtute
1762 4553 1878 4601 eos,
1914 4553 2030 4606 quo:

2154 4514 2328 4597 ταῦτα
2388 4537 2484 4592 καὶ
2532 4530 2742 4603 μεγάλα
2807 4526 2918 4580 τῶν
2947 4525 3145 4596 ἔργων,
3194 4521 3230 4575 ἀ
3275 4514 3737 4606 λογοποιοῦσιν

483 4625 747 4688 adoritur,
773 4634 1063 4694 antequam
1095 4626 1290 4680 adesse
1312 4627 1604 4695 diceretur,
1623 4640 1678 4684 et
1713 4631 1860 4684 visus
1884 4603 2030 4688 fuisse

2157 4634 2410 4696 κόλακες,
2447 4626 2602 4696 τάχει
2630 4620 2830 4694 μᾶλλον
2859 4619 2892 4690 ἢ
2937 4615 3097 4688 ῥώμῃ
3139 4614 3182 4646 ³⁸
3208 4609 3426 4682 κρατῶν
3457 4603 3740 4696 τούτους

485 4718 715 4782 audiret,
773 4732 1055 4786 superans,
1113 4718 1409 4774 confecerit
1450 4720 1626 4776 instar
1679 4721 1944 4790 fulminis,
1998 4740 2030 4780 e

2159 4721 2241 4788 οἷς
2276 4721 2433 4792 ἐπῄει
2460 4695 2816 4786 κατώρθωσε,
2851 4709 2980 4780 πρὶν
3006 4704 3344 4775 ἀγγελθῆναι
3372 4696 3597 4792 παρὼνὶ
3611 4695 3742 4792 πρλν

486 4806 730 4871 touitrui,
762 4785 901 4877 quod
925 4824 1065 4879 saape
1088 4819 1372 4879 antequam
1392 4818 1751 4881 exspectetur,
1778 4785 2051 4884 praecedit.
2159 4785 2492 4884 ἀκουσθῆναι
2550 4785 2895 4879 φαινόμενος,
2924 4801 3065 4856 κατὰ
3094 4799 3220 4860 τοὺς
3261 4793 3534 4863 σκηπτοὺς
3570 4788 3603 4859 ἦ
3641 4785 3743 4884 τᾲς

485 4899 577 4957 Sic
604 4899 802 4954 Sardes
841 4901 1146 4970 occupavit,
1188 4902 1271 4956 sic
1315 4902 1529 4958 Cariam
1575 4878 1792 4972 evertit,
1843 4907 1920 4960 sic
1953 4906 2026 4979 Ly

2164 4878 2414 4981 βροντάς..
2453 4903 2511 4957 αἳ
2551 4878 2811 4960 πολλάκις
2883 4893 3145 4965 φθάνουσι
3193 4892 3293 4960 τῆς
3345 4878 3743 4981 προσδοκίας-⁸⁸

485 4991 625 5045 ciam
659 4990 928 5052 distraxit,
966 4992 1044 5045 sic
1076 4991 1443 5062 Pamphyliam
1466 4993 1683 5061 invasit,
1711 4994 1792 5049 sic
1809 4975 2030 5050 viderun

2163 4975 2494 5072 ήγήσασθαι.
2532 4993 2690 5047 Οὕτω
2720 4989 2944 5062 Σάρδεις
2971 4981 3136 5048 εἶλεν,
3167 4982 3310 5036 οὕτω
3333 4978 3547 5049 Καρίαν
3582 4975 3746 5072 ἐπόρ-

484 5095 608 5133 eum
627 5079 841 5148 Cilices,
859 5080 938 5136 sic
954 5081 1195 5137 incubuit
1209 5081 1489 5147 Persis,sic
1508 5084 1724 5141 Darium
1743 5089 2030 5156 perterruit

2167 5067 2352 5161 θησεν,
2406 5087 2548 5142 οὕτω
2601 5084 2810 5139 Λυκίαν
2868 5079 3202 5154 παρέσυρεν,
3251 5073 3394 5130 οὕτω
3419 5067 3746 5161 Παμφυλίαν

494 5171 575 5235 Et,
608 5171 740 5238 proh
775 5173 966 5226 dolor!
998 5188 1159 5242 quam
1197 5175 1374 5229 vicina
1406 5175 1570 5229 etiam
1620 5177 1936 5233 calamitas!
1971 5180 2025 5234 Si

2167 5159 2498 5254 ἐπέδραμεν,
2525 5176 2699 5236 οὕτως
2724 5173 2880 5244 ὤφθη
2911 5169 3141 5236 Κίλιξιν,
3171 5167 3339 5229 οὕτως
3370 5164 3576 5230 ἐπέστη
3609 5159 3749 5254 Πέρ-

495 5274 550 5317 et
585 5262 801 5320 Thebas
830 5265 1076 5336 diripuit.
1114 5265 1206 5321 Sic
1228 5264 1422 5321 cecidit
1448 5269 1576 5322 urbs
1599 5267 1688 5320 illa
1717 5269 1767 5322 in
1805 5270 2030 5326 umbilie

2168 5253 2314 5342 σαις,
2373 5273 2518 5329 οὕτω
2579 5271 2803 5340 Δαρεῖον
2859 5261 3181 5333 ἐξέπληξεν·
3229 5259 3374 5328 οίμοι
3434 5253 3544 5308 τῶν
3583 5253 3751 5321 ἐγγὺς

1769 5429 2002 5488 VARIE
2039 5434 2442 5493 LECTIONES.

571 5539 617 5576 ’⁷
650 5537 924 5591 θάλασσαν
945 5536 1006 5591 Β.
1077 5539 1122 5571 ³⁸
1147 5539 1408 5612 πονηρίας
1434 5568 1504 5580 -
1526 5540 1838 5608 Χαιρωνίαν
1863 5541 1904 5593 Α
2031 5550 2077 5580 ὀ
2102 5547 2303 5616 κατέϐη
2335 5575 2404 5585 -
2429 5540 2758 5612 Περικλέους
2802 5551 2914 5590 om.
2958 5534 3024 5589 A.
3121 5531 3164 5563 ”
3196 5528 3334 5600 τύχῃ
3380 5525 3460 5578 Ατ
3503 5521 3652 5640 (μ’ξῇ
3689 5535 3748 5582 ς·

576 5609 814 5640 nat-tt.-.”
869 5606 909 5640 Π
1004 5609 1046 5640 aa
1077 5610 1327 5640 πικρὴ-..ρ
1379 5611 1458 5640 κ-.
1511 5627 1685 5640 ..-ιη-ς,
1747 5609 1785 5640 n
1885 5611 1931 5640 aa
1959 5620 2120 5640 “J2.
2154 5618 2320 5640 -_n__:
2356 5613 2602 5640 n..:-|.:....
2655 5608 2790 5640 .m...l
2821 5602 3271 5640 Wornmlnrﬂnm-
3346 5596 3391 5633 3*
3420 5607 3525 5640 που
3560 5591 3593 5640 ἦ
3629 5607 3661 5640 'n
3690 5605 3748 5640 ς.

575 5609 814 5675 ἀπέστης
869 5606 928 5660 Β.
1004 5609 1046 5641 ³¹
1075 5591 1460 5668 ἀντεῖπεῗςῲδτι
1863 5591 1931 5644 75'
1957 5591 2324 5690 (pugili-{230.93
2628 5591 2792 5678 7'5de
2821 5591 3391 5659 Wernstlorliuttt.m"‘
3420 5607 3525 5646 που
3560 5591 3661 5674 ἥὲη
3690 5605 3725 5650 ς
3732 5623 3748 5639 ο

581 5677 848 5714 lar-ﬂvmine
903 5677 944 5714 ιι
1040 5677 1086 5710 ιι
1137 5680 1226 5714 θλ..
1281 5680 1440 5714 “xum.
1484 5681 1514 5714 Δ
1618 5679 1660 5711 ιτ
1708 5680 1804 5714 ηις,
1853 5681 1995 5714 ηις-..
2047 5689 2089 5714 ες
2135 5687 2276 5714 ι..-...
2300 5671 2389 5714 1....
2455 5682 2482 5714 Α
2615 5681 2660 5713 as
2694 5679 2848 5714 xu...“
2878 5675 2920 5714 ιι
2961 5693 2972 5706 -
3007 5675 3071 5714 τῇ
3105 5669 3263 5714 Attum
3294 5685 3353 5714 τι.
3457 5663 3503 5695 ³⁵
3527 5673 3750 5714 τούτους

582 5663 878 5757 saxosa.
903 5677 964 5757 n.-
1040 5677 1086 5757 τ·
1137 5680 1226 5732 τδν
1275 5663 1440 5757 ,κέδρον
1478 5681 1542 5732 Α.
1593 5663 1804 5757 ρύκ
1835 5663 2660 5757 pars)?assassm
2689 5663 2851 5751 tam
2878 5675 2920 5730 ιι
2961 5675 3073 5744 mn
3105 5669 3268 5744 ρώμιι
3294 5685 3353 5733 ς.
3457 5663 3503 5695 θ’
3527 5663 3746 5718 τούτους

511 5744 790 5801 licisltius:
826 5745 946 5801 libri
969 5746 1195 5812 τούτοις.
1272 5748 1316 5781 ³ο
1338 5744 1436 5817 τὴν
1468 5744 1885 5819 προσδοκίανήΑ.
