3990 6232
313 295 451 363 1313

1334 287 1861 349 ΒΙΒΙᾸΟΤΗΕΟΑ.
1903 310 1967 322 -·
1991 286 2155 349 COD.
2182 290 2483 352 CCLXIII.

3420 288 3559 357 13M

308 403 521 469 κακῶν,
541 400 685 457 οὕτω
713 400 810 455 καὶ
874 398 1055 470 Θήϐας
1115 398 1453 468 ἀνήρπασεν.
1490 397 1694 450 Ἔπεσε
1730 394 1883 457 πόλις

1992 393 2229 461 Graeciaa,
2279 408 2566 467 antequam
2615 396 2907 453 audiissem
2933 437 2948 462 ,
2975 411 3207 467 cumque
3256 412 3356 470 ego
3382 401 3558 458 adhuc

308 497 403 549 ἐπὶ
435 497 539 565 τῆς
570 492 818 554 Ἑλλάδος
848 490 1041 571 μέσης,
1089 488 1392 558 φθάσαντος
1441 488 1543 559 τήν
1582 488 1771 556 φήμην
1789 484 1885 539 τοῦ

307 583 625 653 πτώματος.
692 580 867 649 Κάγὼ
898 580 1009 649 μὲν,
1028 578 1258 647 ἠγνόουν
1301 578 1401 648 τὴν
1452 576 1759 647 συμφορὰν,
1786 575 1888 645 τήν

306 674 366 727 δὲ
400 673 557 727 πάλιν
577 666 690 742 εῐχε
716 671 777 724 τὺ
832 669 1205 739 πολυάνδριον.
1238 668 1410 722 Τοῦτο
1439 670 1538 739 μὲν
1564 669 1628 740 δὴ
1670 668 1887 739 πρῶτον

308 764 411 816 οὐκ
439 764 507 834 ἑᾷ
546 778 615 831 με
638 760 926 831 προσέχειν
945 774 959 790 ο
978 760 1229 830 δεύτερον
1254 760 1310 812 δὲ
1338 761 1420 813 ὅτι
1445 756 1586 813 οἶδεν
1635 760 1885 837 Ἀλέξαν-

308 856 457 925 δρος,
490 854 595 907 κᾶν
618 854 668 906 εί
701 853 904 923 σφόδρα
921 869 1001 915 τις
1025 852 1188 908 αὐτὸν
1215 853 1433 922 μεθύειν
1462 853 1568 905 ὑπὸ
1592 853 1691 923 τῆς
1732 854 1888 906 εὐτυ-

309 935 434 1014 χίας
459 944 743 1012 ὑπείληφε,
774 943 871 995 καὶ
904 944 1048 1011 ἑξῆς.
1086 942 1151 995 Τί
1181 938 1275 996 οὖν
1305 942 1364 995 ού
1390 942 1640 1014 καθαιρῶ
1671 943 1741 997 τά
1762 944 1889 1014 τρό-

311 1053 485 1101 παια;
520 1035 572 1088 τί
600 1035 657 1088 δὲ
681 1035 724 1067 ⁸⁸
766 1035 866 1087 οὐκ
909 1036 1199 1106 ἀνατρέπω
1231 1036 1327 1098 τὰς
1355 1036 1587 1106 στήλας;
1614 1036 1668 1089 τί
1701 1035 1757 1089 δὲ
1789 1036 1888 1089 οὐκ

311 1124 581 1194 ἐξαλείφω
608 1125 675 1178 τά
729 1125 1163 1194 ὲπιγράμματας
1192 1125 1376 1179 Πάντα
1426 1127 1532 1197 γὰρ
1566 1122 1720 1197 οἶμαι
1748 1128 1793 1159 δ’
1820 1125 1888 1180 τὰ

309 1217 414 1286 τῆς
449 1216 651 1286 ἀρετῆς
680 1216 1067 1288 ὑπομνήματα,
1087 1217 1277 1288 ὥσπερ
1306 1220 1417 1280 τοῖς
1441 1217 1663 1286 ἀγαθοῖς
1686 1216 1891 1291 κόσμος

311 1310 484 1374 ἐστὶν,
519 1308 691 1372 οὕτως
713 1308 932 1377 ἔλεγχος
969 1311 1079 1372 τοῖς
1110 1296 1549 1380 καταισχύνουσι.

385 1400 581 1463 Καλῶς
641 1398 951 1468 ἐθαύμαζον
999 1399 1098 1470 τὴν
1162 1401 1419 1470 Ποικίλην
1457 1402 1507 1453 oi
1554 1401 1813 1472 Σαλαμῖνι
1842 1401 1889 1433 ⁸⁸

312 1491 781 1551 κινδυνεύσαντες.
823 1488 1136 1542 Ἐδαπάνων
1160 1489 1267 1558 γὰρ
1299 1488 1393 1542 ἐπὶ
1414 1490 1513 1559 τῆς
1543 1489 1813 1559 Θαλάττης
1842 1489 1889 1521 ⁸⁸

310 1584 375 1637 τὸ
400 1582 519 1652 τῆς,
554 1581 787 1651 ἠπείρου
846 1579 1118 1649 λείψανον.
1186 1580 1505 1651 Παρνασσὸς
1531 1580 1577 1612 ⁸⁸
1600 1580 1657 1633 δὲ
1705 1582 1762 1644 ἐς
1790 1580 1890 1651 τὴν

311 1674 589 1729 θάλασσαν
636 1671 925 1740 ἐσφενδόνα
974 1672 1072 1734 τὰς
1111 1671 1380 1741 κορυφὰς,
1426 1671 1521 1723 καὶ
1556 1673 1669 1731 τοῖς
1695 1669 1887 1724 ἑαυτοῦ

316 1764 541 1836 μέρεσιν
569 1762 693 1816 ἀντὶ
725 1762 893 1833 βελῶν
912 1762 1051 1831 ὑπὲρ
1074 1761 1166 1814 τοῦ
1196 1760 1693 1829 γένουςόπλίζεται.
1719 1760 1887 1831 Μερί-

311 1853 497 1917 ζονται
528 1852 584 1905 δὲ
630 1852 731 1914 τὰς
791 1852 968 1922 μάχας
996 1850 1278 1922 Ἕλληνες,
1332 1852 1427 1904 καὶ
1459 1851 1712 1920 νέμονται
1749 1851 1886 1921 πρὸς

248 1976 261 1993 ι
311 1942 572 2014 ἀλλήλους
606 1943 745 2013 μετά
803 1944 914 1995 τῶν
954 1942 1000 1974 ⁸⁸
1034 1942 1313 2013 στοιχείων
1353 1943 1420 1995 τὰ
1462 1941 1883 2013 κατορθώματα,

311 2033 730 2104 Λακεδαιμόνιοι
755 2033 881 2106 [578
910 2032 999 2105 [1.]
1025 2036 1126 2106 τὴν
1148 2036 1396 2105 ἤπειρον,
1453 2036 1613 2105 ἡμεῖς
1667 2036 1765 2105 τὴν
1790 2036 1888 2090 θά-

310 2121 534 2175 λατταν.
581 2123 806 2175 Ἐκεῖνοι
853 2123 1186 2194 τριακοσίοις
1235 2123 1333 2185 τὰς
1388 2123 1571 2186 Πύλας
1619 2122 1885 2193 σώμασιν,

312 2214 475 2282 ἡμεῖς
497 2212 787 2275 τοσαύταις
814 2215 1067 2285 τριήρεσι
1092 2213 1191 2277 τὰς
1212 2215 1312 2284 τῆς
1345 2213 1590 2278 Ἑλλάδος
1623 2216 1889 2286 παρόδους

312 2299 587 2369 κλείομεν.
639 2301 943 2355 Νεανίσκου
1003 2302 1061 2355 δὲ
1096 2303 1403 2367 Μακεδόνος
1454 2305 1576 2359 καθ’
1626 2291 1753 2376 ὅλης
1789 2306 1888 2374 τῆς

314 2389 408 2457 ὑφ’
467 2389 603 2460 ήλίῳ
646 2391 1018 2460 κωμάζοντος,
1058 2393 1154 2445 καὶ
1204 2393 1501 2459 λυποῦντος
1550 2396 1751 2467 μικροῦ
1793 2395 1890 2451 καὶ

311 2480 484 2552 αὐτὴν
514 2480 614 2552 τὴν
644 2482 815 2552 τύχην
841 2476 923 2547 οἷς
946 2484 1217 2557 ἐνυσρίζει
1239 2488 1351 2548 τοῖς
1368 2487 1760 2559 εὐτυχήμασιν,
1786 2488 1888 2542 ούκ

314 2574 465 2628 ἐστιν
486 2574 545 2637 ὃς
575 2574 929 2630 διανίσταται.
962 2577 1089 2631 Ὅτε
1121 2578 1166 2611 ⁸⁷
1204 2578 1416 2647 βασιλεῖ
1441 2581 1539 2643 τὰς
1571 2581 1891 2651 ὑποσχέσεις

314 2665 731 2737 διακονούμενος
757 2667 804 2699 ⁸⁸
825 2668 886 2720 ού
910 2668 1102 2732 πείσας
1134 2669 1396 2739 ἀπῆλθεν,
1425 2670 1560 2725 ἀλλὰ
1614 2672 1885 2741 κερδάνας

314 2756 399 2810 δτι
456 2757 531 2828 μὴ
586 2757 783 2821 πείσας
837 2757 1090 2822 ἐσώζετο.
1144 2760 1320 2829 ’Υμᾶς
1363 2761 1420 2813 δὲ
1469 2762 1772 2832 χειροήθεις
1798 2762 1884 2815 ἀε)⁵

313 2847 428 2909 τοῖς
480 2848 801 2916 τυραννοῦσι
877 2849 921 2883 δ’
963 2852 1498 2921 παρασκευάζουσιν,
1561 2853 1648 2906 ἵνα
1698 2853 1883 2917 αὐτοῖς

317 2937 418 3005 μὲν
454 2937 671 3009 ὑπάρχῃ
700 2939 970 3005 πλουτεῖν,
1030 2942 1098 3011 τῇ
1162 2941 1315 2994 πόλει
1351 2941 1407 2995 δὲ
1456 2943 1518 2995 τὺ
1541 2942 1650 2995 τῶν
1677 2944 1891 2997 οἰκείων

316 3027 623 3120 στέρεσθαι.
660 3030 976 3096 Ἀναγκαίος
1008 3030 1110 3100 μὲν
1136 3032 1165 3084 6
1202 3032 1385 3100 φόϐος,
1427 3033 1524 3102 ὀψὲ
1557 3034 1612 3086 δὲ
1641 3034 1737 3086 καὶ
1764 3035 1885 3089 λίαν
1916 3060 1959 3120 c

315 3117 555 3188 βραδέως
584 3121 709 3190 ἄρτι
737 3122 783 3152 ⁸⁸
812 3121 903 3173 τὸν
946 3124 1148 3192 τρόπον
1200 3124 1293 3178 τὸν
1325 3126 1579 3196 Αἰσχίνου
1605 3128 1649 3160 ⁵¹
1686 3129 1886 3197 φυλάτ-

312 3208 473 3261 τεσθε
502 3209 569 3264 υ.
610 3210 721 3272 Τὰς
748 3212 995 3282 τριήρεις
1027 3213 1301 3285 ἐμπρήσει
1332 3218 1431 3287 τῆς
1468 3217 1673 3282 πόλεως
1705 3218 1886 3272 οὐκέτι

312 3300 384 3355 δι’
428 3301 785 3370 Ἀντιφῶντος
822 3304 944 3357 οὐδὲ
978 3304 1046 3358 δι’
1097 3306 1447 3377 ἀπορρήτων,
1478 3308 1555 3372 ὼς
1601 3310 1885 3382 πρότερον,

314 3392 432 3444 ἀλλ’
483 3394 931 3464 αὑτοπροσώπως
956 3396 1004 3427 ⁸⁸
1025 3396 1125 3467 τήν
1169 3397 1385 3451 ἀδικίαν
1434 3399 1884 3470 ὑποκρινόμενος.

320 3478 387 3533 '0
417 3478 586 3547 δῆμος
611 3483 638 3532 6
666 3481 776 3533 τῶν
811 3481 1115 3552 ’Λθηναίων
1143 3485 1368 3558 Αίσχίνῃ
1388 3487 1590 3557 γράφει
1617 3488 1717 3560 τὴν
1747 3489 1885 3544 κάθ-

312 3566 453 3631 οδον,
502 3570 531 3621 6
574 3570 672 3631 τὰς
715 3568 814 3622 ἀπ’
853 3570 1031 3623 Ἰνδῶν
1064 3572 1248 3641 φήμας
1294 3574 1371 3636 ὡς
1406 3575 1544 3628 ὅπλα
1586 3580 1677 3629 καὶ
1710 3578 1888 3647 μάχας

315 3658 668 3727 φοϐούμενος.
734 3661 967 3715 Ὠκνουν
1054 3662 1392 3736 Ἀριστείδην
1457 3668 1741 3735 κατάγειν,
1793 3671 1887 3722 καίΙ

311 3753 486 3806 ταῦτα
512 3754 571 3804 οὐ
603 3753 822 3819 κακίαν,
855 3753 971 3806 ἀλλ’
991 3754 1191 3825 ἀρετὴν
1214 3757 1311 3826 τῆς·
1331 3757 1509 3826 φυγῆς
1539 3758 1729 3828 ἔχοντα
1755 3761 1893 3830 πρό-

315 3858 500 3911 φασιν.
533 3843 651 3896 Ἵνα
688 3844 795 3913 γὰρ
821 3844 1083 3897 πεισθῶσι
1137 3845 1217 3915 τῷ
1269 3847 1488 3914 Σόλωνι,
1526 3849 1633 3902 οὐδ’
1655 3850 1816 3903 αὑτὸν
1847 3852 1895 3884 ⁸⁸

313 3932 544 4001 ἔφευγον
573 3934 781 3986 ἀδικεῖν
820 3935 968 4001 δόξαι
1022 3936 1087 3988 τὸ
1113 3938 1159 3970 ⁸⁸
1201 3936 1433 3993 δίκαιον.
1492 3940 1686 3994 Κετται
1717 3941 1895 3995 Βαϐυ-

313 4022 445 4089 λὼν,
474 4027 694 4094 Δαρεῖος
722 4027 950 4095 οἴχεται,
1006 4027 1198 4091 Ἰνδοὺς
1248 4029 1510 4101 ἀνῄρηκε,
1539 4033 1745 4103 Πέρσαι
1773 4036 1895 4087 δου-

1990 486 2355 541 calamitatem
2401 486 2517 554 ejus
2558 487 2884 557 ignorarem,
2955 488 3267 557 sepulcrum
3335 503 3553 545 suorum

1990 576 2135 648 facta
2181 586 2283 632 est.
2317 576 2427 632 Hoc
2472 588 2652 631 autem
2706 578 2925 649 impedit
2988 581 3276 647 quominus
3323 580 3557 650 primum

1991 682 2312 738 prosequar.
2356 668 2610 722 Secundo
2639 684 2769 723 vero
2803 670 2961 724 scivit
2989 671 3317 734 Alexander,
3362 686 3555 740 quam-

1988 758 2072 811 vis
2101 771 2222 809 eum
2250 757 2373 825 quis
2400 758 2686 811 admodum
2731 758 2893 813 rebus
2924 760 3179 814 secundis
3210 760 3419 816 ebrium
3454 775 3555 828 pu-

1992 850 2141 912 tarit,
2174 859 2280 905 etc.
2310 850 2419 905 Cur
2446 864 2576 919 ergo
2616 866 2721 904 non
2756 851 2887 905 tollo
2951 853 3188 921 tropaea?
3213 851 3323 907 Cur
3355 854 3557 907 colum-

1990 952 2088 993 nas
2114 953 2220 993 non
2261 940 2485 994 everto?
2524 954 2621 994 cur
2667 940 3050 1009 inscriptiones
3108 957 3214 995 non
3268 942 3554 1011 expungo?

1992 1028 2125 1083 Nam
2153 1030 2267 1083 hac
2290 1030 2472 1082 omnia
2507 1030 2725 1085 virtutis
2769 1032 3088 1087 memoriam
3132 1032 3387 1087 existimo
3424 1047 3556 1085 con-

1993 1121 2184 1184 tinere,
2219 1129 2276 1174 ut
2305 1120 2470 1188 iustis
2507 1121 2562 1176 in
2583 1122 2866 1187 honorem,
2894 1124 3254 1179 deterioribus
3288 1124 3339 1179 in
3364 1138 3555 1194 oppro-

1987 1212 2165 1267 brium
2198 1212 2414 1267 cedant.

2061 1389 2254 1444 Merito
2302 1390 2580 1446 Salaminii
2648 1389 2864 1445 Variam
2908 1391 3100 1463 3556
3155 1400 3275 1461 post
3317 1392 3555 1461 pericula

1993 1481 2259 1550 porticum
2279 1483 2682 1537 admirabantur
2697 1482 2930 1553 (ΒΞ-55).
2951 1482 3084 1537 Nam
3102 1499 3221 1553 qua:
3242 1485 3292 1537 in
3306 1492 3447 1538 terra
3466 1499 3557 1538 su-

1999 1570 2312 1639 perfuerant
2344 1573 2595 1642 reliquae,
2627 1590 2719 1628 eas
2759 1577 2811 1628 in
2854 1590 3003 1629 mare
3037 1590 3134 1645 pro
3167 1575 3269 1629 hac
3306 1590 3556 1630 consum-

1991 1671 2235 1729 pserunt.
2250 1662 2550 1717 Parnassus
2565 1665 2826 1719 contorsit
2846 1665 2900 1719 in
2924 1667 3058 1719 mari
3082 1667 3281 1721 montis
3298 1667 3553 1731 vertices,

1920 1732 1963 1787 Β
1991 1763 2045 1809 et
2070 1753 2311 1823 partibus
2342 1756 2453 1809 suis
2484 1754 2602 1809 loco
2634 1756 2860 1811 telorum
2892 1772 2989 1826 pro
3019 1759 3119 1812 hac
3150 1766 3308 1828 gente
3344 1772 3551 1828 pugna-

1992 1845 2089 1900 vit.
2115 1844 2425 1899 Diviserunt
2450 1845 2622 1900 Graeci
2660 1847 2802 1901 inter
2825 1863 2885 1902 se
2917 1863 3149 1916 pugnas,
3177 1859 3232 1904 et
3260 1851 3556 1906 distribue-

1990 1946 2115 1991 runt
2145 1952 2267 1991 cum
2313 1937 2598 1992 elementis
2637 1947 2693 1992 et
2718 1936 2917 2002 cilicia,
2963 1939 3352 1995 Lacedamonii
3387 1952 3554 2004 terra,

1989 2042 2089 2082 nos
2117 2026 2251 2080 mari
2282 2027 2569 2097 pugnaturi
2595 2067 2611 2091 ,
2644 2027 2718 2080 illi
2753 2028 3009 2083 trecentis
3041 2028 3351 2083 hominibus
3385 2028 3560 2083 Ther-

1993 2117 2272 2188 mopylas,
2329 2132 2429 2172 nos
2478 2118 2701 2172 totidem
2735 2119 3045 2174 triremibus
3092 2135 3282 2175 omnes
3336 2118 3559 2175 Graeciae

1989 2209 2165 2262 aditus
2202 2210 2551 2266 occlusimus.
2602 2210 2772 2267 Nemo
2801 2226 2931 2265 vero
2971 2222 3109 2276 erat,
3135 2212 3224 2281 qui
3252 2223 3433 2281 posset
3466 2228 3557 2266 re-

1991 2300 2186 2354 sistere
2223 2301 2552 2357 adolescenti
2586 2304 2664 2357 illi
2703 2301 3033 2368 Macedonio,
3069 2311 3239 2358 totum
3272 2319 3376 2372 qua
3411 2313 3561 2373 patet

1990 2390 2173 2442 orbem
2208 2393 2543 2460 pervadenti,
2578 2403 2631 2447 et
2666 2407 2803 2461 pene
2834 2394 3211 2447 constristanti
3247 2393 3417 2462 ipsam
3447 2393 3558 2445 for-

1993 2477 2177 2534 tunam
2226 2480 2417 2537 iisdem
2459 2482 2619 2538 rebus
2667 2484 2923 2538 secundis
2957 2484 3150 2552 quibus
3178 2483 3264 2538 ille
3290 2498 3387 2538 nos
3426 2484 3562 2538 infe-

1990 2581 2119 2627 stat.
2141 2571 2238 2627 Hic
2262 2575 2374 2643 regi
2399 2574 2786 2644 promissiones
2802 2574 3049 2645 explens,
3078 2590 3136 2629 re
3158 2574 3355 2630 infecta
3377 2575 3559 2638 rediit,

1990 2666 2085 2720 sed
2126 2665 2177 2719 id
2216 2666 2483 2720 commodi
2535 2668 2783 2737 accepit,
2840 2677 2899 2722 ut
2953 2676 3282 2722 servaretur.
3334 2666 3562 2735 Semper

1991 2757 2207 2826 quidem
2254 2772 2350 2811 vos
2412 2756 2597 2813 faciles
2654 2760 2900 2828 tyrannis
2967 2757 3315 2826 praebuistis,
3376 2767 3435 2810 ut
3485 2755 3563 2810 illi

1991 2849 2208 2915 quidem
2274 2849 2578 2913 ditescant,
2639 2850 2831 2904 civitas
2880 2864 3010 2903 vero
3069 2850 3224 2905 bonis
3279 2848 3562 2918 spolietur.

1993 2938 2342 2994 Necessarius
2379 2942 2595 3009 quidem
2630 2952 2839 3005 metus,
2877 2942 3089 2995 tandem
3116 2957 3270 3004 sero,
3313 2940 3565 3007 lenteque

1993 3029 2277 3083 admodum
2314 3028 2597 3086 Eschinis
2628 3032 3067 3084 consuetudinem
3099 3030 3327 3084 retinete
3368 3047 3382 3083 :
3415 3029 3564 3081 urbis

1994 3122 2245 3178 triremes
2270 3122 2540 3187 incendat,
2577 3136 2681 3175 non
2734 3135 2832 3191 per
2874 3121 3277 3189 Antiphontem,
3317 3130 3405 3174 aut
3432 3121 3566 3176 alios

1992 3212 2268 3277 occultos,
2315 3223 2376 3267 ut
2420 3214 2600 3282 prius,
2648 3212 2742 3267 sed
2786 3226 2883 3281 per
2929 3227 2987 3266 se
3029 3211 3153 3266 ﬁcta
3195 3211 3560 3280 improbitate.

1994 3304 2229 3374 Populus
2255 3303 2603 3359 Atheniensis
2642 3304 2767 3357 licet
2796 3302 2995 3356 famam
3036 3299 3289 3355 Indorum
3321 3310 3378 3354 ut
3412 3315 3563 3354 arma

1992 3405 2048 3448 et
2090 3395 2228 3449 bella
2261 3403 2488 3459 metuat,
2519 3393 2839 3449 Eschinem
2878 3403 3116 3446 revocat.
3147 3390 3379 3462 Negligit
3408 3404 3566 3443 revo-

1991 3504 2121 3544 care
2149 3489 2467 3551 Aristidem,
2494 3488 2585 3556 qui
2618 3503 2723 3541 non
2765 3495 2984 3557 propter
3021 3486 3298 3551 delictum,
3329 3483 3421 3538 sed
3452 3482 3565 3537 vir-

1992 3582 2122 3635 tutis
2146 3581 2366 3634 nomine
2402 3579 2689 3632 exsulavit.
2720 3577 2777 3632 Si
2809 3578 2952 3631 enim
2985 3575 3203 3630 Solonis
3239 3577 3444 3643 legibus
3469 3589 3566 3644 pa-

1990 3680 2190 3733 rerent,
2230 3672 2433 3739 justum
2459 3679 2605 3723 certe
2648 3684 2753 3722 non
2788 3668 3187 3737 proscriberent
3221 3666 3356 3738 (54).
3412 3663 3566 3719 Jacet

2000 3763 2266 3833 Babylon,
2308 3777 2478 3816 caesus
2506 3770 2587 3815 est
2629 3760 2849 3819 Darius.
2891 3759 3049 3812 ludos
3092 3758 3321 3822 evertit,
3371 3756 3568 3810 Persas

2000 3857 2250 3925 subegit,
2296 3856 2392 3909 soli
2442 3854 2801 3909 Athenienses
2832 3852 3030 3906 virtute
3065 3866 3159 3905 sua
3191 3849 3381 3918 reliqui
3416 3858 3563 3913 sunt,

1999 3963 2227 4017 quorum
2278 3947 2443 3999 robur
2482 3947 2639 4001 toties
2678 3945 2857 4000 Persae
2896 3944 3104 4013 experti
3144 3952 3299 4006 sunt,
3345 3939 3557 4010 quoties

2001 4055 2175 4108 pugna
2206 4038 2619 4093 contenderunt.

312 4112 558 4169 λεύουσι-
596 4116 750 4183 μόναι
789 4117 1070 4170 λείπουσιν
1114 4118 1161 4151 ³⁸
1211 4119 1429 4189 Ἀθῆναι
1463 4124 1577 4186 τοῖς
1614 4126 2054 4196 κατορθώμασιν,
2121 4124 2197 4185 ῶν
2266 4130 2472 4200 Πέρσαι
2517 4129 2841 4194 τοσαυτάκις
2901 4127 3129 4201 ᾔσθοντο
3184 4125 3285 4197 τῆς
3340 4124 3565 4194 ἀρετῆς.

312 4204 506 4265 ὁσάκις
538 4204 644 4256 ἔδει
679 4203 971 4272 μάχεσθαι.

325 4320 439 4394 Ἐξ
451 4315 560 4394 τῆς
582 4316 837 4394 μελέτης
857 4310 935 4394 ἧς
978 4315 1025 4347 ⁵⁷
1066 4317 1117 4394 ἡ,
1139 4317 1444 4394 ,ἐπιγραφὴ
1482 4339 1500 4394 ι
1529 4324 1886 4394 Ε’πίκουρος,

391 4381 683 4463 Πρόνοὶαν
716 4386 827 4439 οὐκ
875 4381 1028 4439 εἶναι
1081 4381 1297 4456 λέγωιλξ
1346 4381 1628 4460 ἀσεϐείας
1680 4381 1884 4463 φεῦγὲί
1912 4402 1964 4463 ι)

385 4454 639 4525 γραφήν.
676 4473 698 4509 ι

846 4546 949 4601 Ἐκ
966 4546 1075 4615 τῆς
1104 4548 1340 4616 θεωρίαι,

391 4635 513 4694 οἶδε
563 4639 827 4711 ῥητορικὴ
882 4640 979 4692 καὶ
1022 4640 1340 4709 φιλοσοφίαν
1412 4642 1459 4675 ⁸⁸
1508 4644 1707 4714 ἑαυτῆς
1750 4643 1883 4715 ῦλην

312 4731 641 4800 ποιήσασθαι
667 4746 681 4761 ·
706 4730 969 4793 τύραννος
1026 4731 1136 4799 γὰρ
1165 4733 1201 4801 ή
1227 4732 1322 4787 τοῦ
1348 4732 1526 4788 λὲνιιν
1552 4733 1760 4789 ἀνωθεν
1780 4736 1878 4789 δύ-

310 4836 494 4891 ναμις.

1997 4325 2082 4381 Ex
2126 4326 2511 4381 Declamatione
2555 4329 2641 4381 cui
2670 4319 2868 4382 titulus
2902 4335 2977 4381 est
3008 4341 3027 4379 :
3067 4343 3085 4377 ι
3129 4325 3389 4393 Epicurus
3428 4322 3563 4377 Pro-

2176 4397 2457 4452 videntiam
2482 4412 2693 4467 negans,
2726 4399 3011 4467 impietatis
3039 4406 3338 4449 accusatur.
3375 4411 3394 4446 ι

2560 4548 2679 4628 ὲΕας
2705 4550 2924 4603 uicaria.

2061 4640 2232 4697 Scivit
2271 4640 2548 4696 rhetorica
2582 4640 2686 4695 sibi
2728 4639 3123 4709 philosoph.am
3164 4649 3445 4693 materiam
3482 4639 3563 4693 di-

1988 4730 2148 4785 cendi
2193 4744 2430 4796 parare:
2470 4728 2755 4787 sublimior
2787 4731 2931 4787 enim
2975 4731 3187 4787 dicendi
3228 4730 3346 4795 vis,
3378 4731 3550 4786 instar

1987 4822 2202 4893 tyranni
2229 4831 2333 4879 est.

1608 5000 1835 5059 VARIE
1863 5000 2270 5057 LECTIONES.

381 5136 425 5167 ⁸¹
462 5137 518 5189 δὲ
546 5152 655 5191 om.
688 5138 754 5191 A.
830 5137 877 5170 "
910 5132 1065 5205 οἶμαι
1146 5153 1205 5205 αι
1251 5136 1320 5189 τά

381 5136 425 5167 ⁸¹
462 5137 518 5189 δὲ
546 5152 655 5191 om.
688 5138 754 5191 A.
830 5137 877 5170 "
910 5136 1065 5205 οἶμαι
1146 5153 1205 5205 αι
1251 5136 1320 5189 τά
1362 5137 1497 5204 μετὰ
1528 5136 1566 5188 Β
1599 5146 1652 5191 et
1683 5153 1825 5189 corr.
1883 5138 1948 5192 A.

306 5206 355 5236 ⁸⁸
379 5205 486 5277 τῶν
517 5207 637 5277 add.
674 5208 739 5277 Α.
774 5275 795 5277 ι
816 5209 860 5243 ⁸⁷
890 5205 1085 5277 ὅτε]-ὅ,
1119 5223 1175 5258 τε
1202 5206 1265 5259 C.
1296 5274 1306 5277 _
1345 5206 1392 5277 θ’
1414 5206 1951 5277 διακρινούμενοςίΑ.

2020 5133 2065 5165 ⁵³
2100 5131 2410 5203 Σαλαμίνιοι
2444 5149 2502 5203 ς.
2580 5132 2628 5165 ⁴³
2660 5132 2929 5203 θαλάσσης
2960 5132 3019 5187 Β.
3097 5136 3141 5167 ⁸⁸
3172 5134 3452 5202 Παρνασὸς
3495 5132 3553 5185 Β.

2061 5204 2106 5236 δ’
2136 5199 2479 5274 τυραννοῦ-σι]
2510 5203 2831 5271 τυγχάνουσι
2863 5199 2925 5256 Ᾱ.
3000 5205 3046 5235 ³⁰
3071 5204 3193 5274 ἄρτι
3232 5199 3312 5258 Ᾱε
3344 5206 3461 5274 ἀντί
3482 5221 3552 5274 νς.

307 5278 348 5307 ⁵¹
390 5274 799 5345 τδνᾲᾼίσχᾼτοῦ
830 5270 1064 5345 ΔίσχῘΒ.
1122 5277 1187 5345 ,⁸³
1221 5270 1585 5339 φυλάττεσθαι
1614 5270 1707 5339 ς.’
1752 5277 1799 5308 ⁸³
1824 5270 2244 5345 αὐτοπρόσωπος
2262 5271 2327 5345 Β.
2394 5270 2438 5301 ⁸⁵
2464 5270 2647 5329 inaltm
2677 5274 2827 5331 αὐτὸ.
2904 5274 2951 5307 ⁸⁸
2977 5274 3061 5343 τὸ]
3090 5270 3178 5328 τὸν
3206 5274 3268 5329 Β.
3342 5275 3387 5306 ⁸⁸
3409 5273 3552 5325 λεὶπ.

306 5345 361 5395 αί
412 5342 694 5408 ’Δθῆναιξ
790 5345 837 5378 ⁸⁷
862 5342 1061 5415 mum.
1095 5344 1155 5399 C.
1234 5347 1278 5379 ⁵⁸
1314 5345 1630 5413 φιλοσοφίαν
1663 5344 1883 5416 ἑαυτῆς]
1913 5342 2225 5412 φιλοσοφίας
2246 5342 2309 5394 Α.

1822 5475 2053 5533 NOTAE.

378 5588 837 5661 (δε-δεχῐ-ωαιθ
887 5594 1125 5661 porticus
1168 5592 1413 5647 Athenis.
1440 5591 1573 5649 Vide
1609 5590 1888 5648 Emilium

307 5657 576 5713 Probum.
595 5659 722 5716 Vide
751 5657 900 5718 ἰοὺ-,ζ
922 5663 976 5717 in
1003 5673 1141 5718 orat.
1186 5664 1444 5732 proxima.

2073 5590 2183 5660 (54)
2209 5590 2529 5646 Plutarchus
2547 5592 2599 5646 in
2624 5593 2805 5647 decem
2828 5591 3048 5649 Graeciae
3073 5594 3398 5652 oratoribus.
3422 5590 3556 5647 Vide

2005 5660 2208 5715 Plutar.
2240 5670 2295 5716 et
2319 5660 2482 5717 Corn.
2515 5660 2771 5731 Nepotem
2804 5678 2897 5717 seu
2926 5660 3180 5717 Probum.
