3990 6232
452 273 589 340 1315

927 379 1218 436 Επονάὶιινι
1249 379 1527 435 orationis.

521 475 701 529 Discet
728 487 871 529 nunc
901 483 1088 542 aperte
1121 471 1405 541 Epicurus,
1437 471 1480 526 si
1519 479 1677 526 antea
1709 471 2011 536 ignorabat,

449 566 661 628 doctus,
694 566 787 619 sed
816 565 1116 628 convictus,
1140 562 1485 617 Providentia
1525 563 1636 632 regi
1677 563 2010 617 universum.

450 657 600 722 Quod
627 655 768 708 enim
791 653 914 708 mali
941 655 1386 718 condemnentur,
1411 654 1724 722 puniantur,
1747 662 1800 706 et
1827 666 2016 722 poenas

451 746 620 810 luant,
652 744 846 814 356a
877 741 1218 798 manifestum
1245 752 1327 799 est
1355 743 1610 797 indicium
1669 759 1776 798 non
1809 754 2015 798 naturae

451 847 654 891 temere
681 852 742 892 ac
775 838 974 891 l'rustra
1009 837 1238 900 ruentis,
1261 835 1356 891 sed
1397 835 1531 904 legis
1561 848 1724 906 atque
1757 835 2012 901 instituti,

448 937 502 982 et
543 927 765 980 rationis
811 927 1251 990 adminiStrandi,
1290 933 1344 980 et
1393 928 1494 982 hoc
1536 927 1802 994 amplius,
1846 929 2016 996 ipsius

450 1017 810 1072 Providentiae
861 1029 942 1072 est
979 1027 1374 1088 argumentum.
1419 1016 1537 1072 Jam
1569 1019 1748 1087 itaque
1787 1018 2014 1086 aliquid,

451 1110 825 1175 Athenienses,
843 1110 1362 1164 commemoratione
1377 1110 1597 1178 dignum
1618 1111 1836 1165 accidit.
1861 1109 2019 1164 Venit

453 1204 506 1257 in
533 1203 787 1269 judicium
814 1202 1073 1270 Epicurus
1096 1201 1240 1253 vultu
1268 1200 1538 1264 subtristi,
1570 1209 1624 1255 et
1646 1215 1821 1264 suam,
1853 1215 2016 1269 quam

453 1297 519 1348 de
542 1297 814 1362 voluptate
840 1294 1020 1357 habet,
1043 1293 1352 1361 opinionem
1375 1294 1567 1347 tetrico
1589 1291 1735 1346 vultu
1755 1292 2014 1360 corrupit.

453 1385 660 1454 Duplici
695 1385 758 1439 de
789 1399 951 1440 causa
975 1384 1099 1438 odio
1129 1384 1504 1454 dignissimus,
1536 1399 1656 1437 cum
1688 1385 1830 1452 quod
1865 1382 2019 1438 aliter

455 1479 644 1530 doceat
677 1477 948 1544 privatim,
981 1481 1097 1529 tum
1131 1478 1270 1545 quod
1300 1477 1458 1531 aliter
1489 1475 1699 1544 publice
1749 1475 2016 1529 exhibeat.

454 1563 529 1619 lbi
553 1567 694 1619 enim
725 1566 1048 1633 voluptatem
1076 1565 1296 1633 quidem
1317 1566 1510 1632 jactat,
1546 1575 1603 1617 ut
1624 1564 2018 1633 jucunditatem

1609 268 1870 331 PHOTII
1912 269 2411 330 PATRIARCHE
2437 268 2545 328 CP.

2040 390 2084 442 Α
2113 379 2275 452 [1084
2302 379 2390 452 lt]
2430 379 2530 444 Ἐξ
2562 377 2755 448 αὐτῆς
2777 379 2826 412 ⁸⁸
2843 377 2954 447 τῆς
2972 379 3238 448 μελέτης
3261 378 3331 434 τὸ
3350 380 3682 449 προοιμιον.

3547 267 3687 335 1316

2182 471 2296 524 Νῦν
2328 471 2448 541 μὲν,
2478 471 2527 524 εἰ
2551 472 2646 524 καὶ
2671 470 2746 541 μὴ
2764 470 3045 541 πρότερον,
3075 472 3281 526 εἴσεται
3309 471 3494 541 σαφῶς
3529 473 3686 526 Ἐπί-

2113 581 2306 634 κουρος
2334 566 2416 617 δτι
2445 564 2671 634 πρόνοια
2728 564 2920 618 διοικεῖ
2976 565 3075 636 τὴν
3113 562 3222 620 τῶν
3246 566 3382 620 ὅλων
3411 566 3594 636 φύσιν,
3619 566 3686 618 οὐ

2111 654 2476 723 δογματίζων,
2542 654 2677 708 ἀλλά
2733 655 3082 723 κρινόμενοςο
3129 656 3191 708 τὸ
3226 655 3334 727 γάρ
3361 657 3485 720 τοὺς
3519 674 3688 727 πονη-

2115 745 2243 818 ροὺς
2272 745 2552 817 κρίνεσθαι
2573 747 2668 799 καὶ
2696 744 3018 810 κολάζεσθαι
3060 747 3154 798 καὶ
3181 746 3380 801 διδόναι
3403 747 3562 818 δίκην
3581 747 3685 802 οὐκ

2115 837 2237 906 είκῆ
2269 837 2578 906 φερομένης
2605 838 2702 890 καὶ
2729 836 2909 906 μάτην
2939 836 3171 905 φύσεως,
3203 836 3340 891 ἀλλά
3361 837 3563 908 θεσμοῦ
3588 838 3687 890 καὶ

2116 925 2281 994 νόμου
2303 926 2395 978 καὶ
2428 927 2472 957 ⁶⁰
2506 925 2783 988 πολιτείας
2821 926 2913 978 καὶ
2946 925 3028 994 (τὸ
3076 924 3351 994 μέγιστον)
3385 918 3557 994 αὐτῆς
3583 925 3688 994 τῆς

2115 1017 2371 1085 προνοίας
2398 1017 2651 1087 λαμπρὸν
2678 1017 2912 1086 ὑπάρχει
2940 1017 3259 1086 τεκμήριον.
3294 1015 3430 1084 Ἤδη
3463 1017 3562 1086 μὲν
3590 1011 3688 1069 οὖν

2117 1106 2392 1177 προῦργου
2411 1123 2463 1158 τι
2486 1106 2587 1176 τῆς
2611 1106 2848 1176 γραφῆς,
2883 1105 3073 1176 ἄνδρες
3129 1106 3418 1174 Ἀθηναῖοι,
3457 1106 3690 1175 γεγένη-

2119 1213 2228 1248 ται.
2261 1196 2582 1265 Στυγνάζων
2612 1191 2745 1266 ἦκεν
2763 1196 2802 1227 ⁶¹
2835 1195 2927 1248 ἐπὶ
2981 1197 3082 1266 τὴν
3122 1196 3300 1266 κρίσιν
3341 1193 3685 1266 Ἐπίκουρος,

2117 1289 2211 1340 καὶ
2250 1286 2310 1340 τὸ
2376 1287 2476 1355 τῆς
2507 1287 2697 1357 ἡδονῆς
2729 1287 2905 1358 δόγμα
2961 1290 3025 1357 τῇ
3057 1286 3330 1358 κατηφείᾳ
3365 1287 3684 1355 διέφθαρκε.

2119 1380 2196 1432 Δι’
2231 1381 2512 1450 ἀμφότερα
2540 1380 2601 1433 δὲ
2636 1380 2913 1450 μισεῖσθαι
2940 1380 3165 1445 δίκαιος,
3192 1382 3286 1432 καὶ
3313 1373 3386 1432 ὧν
3419 1379 3525 1449 ίδίᾳ
3554 1396 3688 1432 παι-

2118 1471 2262 1524 δεύει
2291 1473 2385 1524 καὶ
2407 1465 2482 1526 ὧν
2513 1471 2748 1542 δημοσίᾳ
2778 1472 3092 1526 πλάττεται.
3140 1471 3286 1524 Ἐκεῖ
3311 1473 3409 1541 μὲν
3446 1471 3556 1540 γὰρ
3584 1469 3687 1538 τὴν

2120 1563 2310 1632 ἡδονὴν
2328 1562 2528 1633 θρυλεῖ,
2555 1563 2640 1615 ἵνα
2670 1563 2767 1631 τὴν
2792 1560 2940 1632 ὥραν
2965 1562 3062 1632 τὴν
3090 1560 3197 1615 τῶν
3217 1561 3512 1631 χρωμένων
3545 1577 3688 1627 καρ⁹

455 1671 522 1710 ex
560 1655 810 1712 omnibus
859 1657 1018 1712 rebus
1065 1656 1286 1725 colligat
1329 1673 1344 1710 :
1397 1656 1486 1711 hic
1525 1671 1654 1710 vero
1701 1657 2018 1726 gravitatem

2121 1655 2368 1723 πώσηται
2386 1670 2400 1684 ο
2424 1653 2653 1706 ἐνταῦθα
2673 1654 2729 1708 δὲ
2744 1652 2842 1724 τὴν
2873 1653 3174 1723 σεμνότητα
3205 1650 3688 1721 καθυποκρίνεται,

456 1752 734 1815 mentitur,
791 1763 848 1805 ut
881 1751 1096 1821 judiccs‘
1123 1751 1464 1806 conciliando
1490 1751 1775 1820 subripiat.
1811 1749 2019 1806 Novum

2123 1744 2188 1799 ἵν’
2219 1717 2516 1815 ὑφαρπάσῃ
2537 1745 2595 1797 τὺ
2635 1717 3005 1814 δικαστήριον.
3027 1717 3162 1796 ’111⁸⁸
3177 1717 3479 1813 μὲνικρίσις
3506 1741 3691 1812 παρά-

455 1855 586 1894 sane
617 1841 900 1909 judicium,
939 1843 1102 1894 homo
1135 1850 1354 1910 propter
1381 1849 1626 1894 naturam
1665 1842 1848 1895 mundi
1875 1841 2022 1912 judi-

459 1939 630 1995 catur,
663 1943 716 1984 et
744 1947 1026 1997 perversus
1058 1929 1308 1999 Sophista
1331 1969 1346 1995 ,
1379 1941 1600 2000 propter
1625 1932 2020 2000 providentiam

459 2033 672 2088 patinam
719 2022 883 2074 subit.
939 2021 1084 2075 Perit
1137 2022 1315 2075 omnis
1364 2022 1535 2076 virtus
1581 2037 1676 2090 per
1722 2023 2020 2077 doctrinam

471 2110 684 2177 Epicuri
718 2121 772 2165 et
819 2125 1116 2166 sermones.
1149 2112 1388 2166 Pereunt
1423 2112 1676 2176 concilia,
1711 2124 1764 2166 et
1791 2113 2019 2184 judicia,

460 2200 756 2252 honestatis
781 2200 1018 2267 praemia,
1048 2200 1407 2268 improbitatis
1435 2203 1784 2271 supplicium;
1805 2205 1932 2272 quin
1967 2213 2024 2260 et

462 2303 622 2355 supra
679 2289 875 2344 coelum
916 2293 1096 2345 evadit
1128 2291 1405 2360 impietas,
1450 2294 1731 2364 nullusque
1759 2309 1843 2349 est
1874 2297 2024 2351 lucus

459 2379 550 2443 qui
599 2378 938 2447 impudentia:
975 2391 1028 2433 et
1073 2381 1310 2436 audacia!
1353 2382 1565 2452 Epicuri
1599 2386 1669 2438 sit
1714 2400 1926 2454 expers.
1963 2387 2025 2440 Et

463 2470 564 2524 hac
599 2469 665 2524 de
700 2485 892 2536 causa,
932 2471 1170 2542 antiquis
1226 2473 1575 2543 philosophia:
1617 2478 1857 2548 vestigiis
1885 2479 2023 2532 insi-

461 2568 603 2611 stere
643 2559 891 2623 erubuit,
936 2569 991 2614 et
1031 2563 1276 2616 eamdem
1319 2578 1480 2632 quam
1529 2565 1736 2633 priores
1771 2568 1849 2621 ire
1881 2569 2021 2621 viam

464 2647 698 2716 neglexit
725 2648 858 2718 (55).
887 2647 1084 2704 Eorum
1126 2666 1288 2721 porro
1327 2654 1490 2707 animi
1521 2657 1820 2724 angustiam
1851 2657 2021 2726 potis-

465 2739 662 2792 simum
694 2739 923 2804 incusat,
945 2741 1035 2810 qui
1061 2756 1090 2795 a
1120 2743 1276 2797 nobis
1299 2755 1516 2813 propter
1537 2747 1808 2801 doctrinas
1832 2749 2025 2815 impias

463 2826 630 2892 puniti
669 2838 824 2893 sunt,
865 2843 1035 2896 quare
1079 2843 1269 2884 omnes
1327 2833 1505 2886 adhuc
1545 2832 1823 2901 impietate
1867 2836 2023 2905 longo

353 2989 355 2992 φ
463 2918 747 2974 intervallo
773 2935 1031 2989 superare
1069 2930 1240 2989 parat.
1288 2921 1398 2976 Cur
1433 2939 1538 2977 non
1583 2935 1889 2990 accusetur,
1931 2928 2022 2995 qui

465 3007 568 3060 tale
584 3023 648 3062 ac
692 3018 900 3063 tantum
951 3026 1146 3065 nomen
1188 3027 1352 3067 ausus
1378 3021 1463 3066 est
1492 3012 1596 3067 sibi
1628 3011 1925 3082 efﬁngere?
1965 3025 2022 3069 at
2045 3037 2091 3100 ρ

464 3098 552 3151 ubi
584 3099 696 3152 haec
719 3099 1036 3167 proﬁtetur?
1069 3099 1296 3156 Ubinam
1327 3104 1578 3158 convenit
1615 3113 1672 3157 et
1701 3107 2022 3160 commisce-

471 3195 557 3241 tur
585 3187 832 3258 voluptas
858 3189 1152 3257 laboribus,
1186 3193 1443 3248 fortitudo
1463 3194 1708 3250 deliciis?
1733 3197 2024 3252 Academia

463 3276 843 3344 lupanaribus,
886 3280 1219 3349 philosophia
1265 3283 1662 3351 potationibus,
1720 3296 2028 3354 temperan-

467 3369 596 3421 tiunt
648 3371 754 3422 vita
805 3386 928 3426 cum
970 3372 1251 3441 impudicis
1295 3374 1757 3432 adolescentibus?
1798 3377 1863 3430 Et
1898 3378 2026 3446 quid

463 3459 742 3528 praedixit,
772 3461 864 3529 qui
895 3475 1057 3516 ausus
1085 3463 1204 3517 est?
1234 3464 1436 3519 Bellum
1487 3476 1544 3520 et
1576 3481 1724 3520 arma
1763 3469 2027 3524 universa

465 3559 670 3603 naturae
706 3550 912 3620 legibus
957 3553 1180 3616 indicit,
1220 3565 1404 3608 contra
1435 3568 1649 3608 omnem
1682 3565 1896 3609 aetatem
1929 3558 2027 3610 de-

464 3639 720 3692 mentiam
751 3639 1001 3706 eliundit,
1025 3653 1080 3696 et
1105 3643 1173 3696 de
1202 3642 1381 3713 impiis
1413 3645 1776 3700 sectatoribus
1796 3661 1890 3702 eos
1911 3646 2028 3716 plu-

466 3726 661 3782 rimum
691 3727 835 3792 colit,
863 3731 952 3800 qui
983 3731 1304 3799 voluptatem
1335 3743 1460 3788 ante
1485 3733 1622 3789 alios
1666 3736 2022 3791 demirantur.

542 4011 698 4066 Prius
748 4027 876 4068 vero
909 4013 1270 4069 defensionem
1315 4014 1430 4082 ejus
1475 4015 1878 4071 consideremus
1913 4030 2025 4070 :an

467 4103 723 4159 doctrina:
749 4104 863 4170 ejus
895 4119 1107 4174 pmnam
1141 4104 1344 4175 exigis?
1371 4104 1612 4170 Minime,
1649 4109 1741 4160 sed
1778 4107 2024 4174 impieta-

469 4193 556 4247 tis.
598 4191 747 4247 Licet
787 4193 930 4248 enim
982 4195 1178 4249 docere
1219 4195 1514 4263 quodlibet,
1569 4195 1734 4264 impio
1771 4209 1892 4249 esse
1921 4211 2026 4248 nun

469 4280 614 4336 licet.
644 4281 700 4336 Si
731 4283 960 4351 probare
996 4292 1147 4351 potes
1186 4299 1290 4340 non
1315 4299 1435 4339 esse
1465 4299 1559 4340 eos
1591 4284 1782 4352 impios
1813 4286 1864 4339 in
1897 4301 2022 4340 ver-

2119 1834 2267 1900 δοξος
2299 1850 2312 1863 ·
2343 1834 2482 1908 ἀνὴρ
2521 1833 2656 1904 πρὸς
2689 1833 2786 1905 τὴν
2817 1833 2977 1903 φύσιν
2997 1833 3108 1886 τῶν
3138 1833 3306 1887 ὄντων
3340 1833 3386 1863 ⁸⁸
3412 1831 3686 1902 κρίνεται,

2122 1925 2217 1977 καλ⁵
2254 1925 2486 1994 πονηρὸς
2513 1925 2768 1995 σοφιστὴς
2797 1924 2933 1993 πρὸς
2964 1924 3064 1994 τὴν
3094 1923 3348 1992 πρόνοιαν
3379 1922 3685 1986 δικάζεται.

2121 2016 2341 2086 Οἴχεται
2390 2016 2486 2085 μὲν
2541 2015 2709 2087 ἀρετὴ
2772 2017 2918 2068 πᾶσα
2966 2017 3078 2079 τοῖς
3131 2014 3452 2085 Ἐπικούρου
3504 2014 3688 2082 λόγοις

2122 2111 2216 2162 καὶ
2253 2108 2536 2178 δόγμασιν,
2557 2108 2761 2178 οἴχεται
2819 2108 2875 2160 δὲ
2929 2108 3252 2178 δικαστήρια
3286 2107 3414 2178 [579
3454 2106 3550 2179 Η.]
3586 2109 3686 2160 καὶ

2122 2198 2352 2268 κρίσεις,
2384 2201 2475 2252 καὶ
2493 2199 2601 2251 τῶν
2627 2198 2728 2268 μὲν
2753 2197 2971 2266 ἀγαθῶν
3009 2200 3064 2251 al.
3099 2200 3274 2266 τιμαὶ,
3295 2200 3402 2251 τῶν
3434 2199 3490 2251 δὲ
3525 2200 3688 2250 ἐναν-

2121 2291 2249 2343 τίων
2271 2292 2330 2343 τὸ
2357 2292 2591 2362 τίμημα.
2643 2291 2954 2345 Ἀναϐαίνει
2981 2292 3040 2346 δὲ
3079 2295 3172 2346 καὶ
3213 2293 3290 2356 είς
3316 2292 3542 2362 οὐρανὸν
3572 2293 3688 2346 ἀνω

2120 2383 2232 2442 τοῖς
2291 2379 2614 2450 ἀδικήμασι,
2658 2382 2750 2434 καὶ
2801 2380 2964 2443 τόπος
3000 2380 3175 2442 οὐδεὶς
3222 2381 3319 2451 τῆς
3353 2379 3686 2450 θρασύτητος

2122 2468 2442 2539 Ἐπικούρου
2472 2468 2694 2523 καὶτῶν
2720 2469 3079 2538 τολμημάτων
3114 2467 3409 2539 ἐξαίρετος.
3441 2469 3513 2521 Τὸ
3533 2468 3579 2520 δ’
3599 2469 3689 2520 αῖ-

2121 2577 2257 2623 τιον,
2311 2560 2549 2631 ᾐσχύνθη
2603 2563 2714 2623 τοῖς
2775 2561 3022 2631 ἀρχαίοις
3071 2562 3326 2631 ἐμμεῖναι
3370 2558 3692 2628 φιλοσοφίας

2121 2651 2276 2720 ὅροις
2311 2650 2652 2720 Ἐπίκουρος,
2697 2651 2790 2702 καὶ
2850 2651 2949 2717 τὴν
2995 2650 3161 2720 αὐτὴν
3214 2649 3330 2702 ὁδὸν
3373 2647 3548 2700 ἐλθεῖν
3573 2651 3692 2711 τοῖς

2123 2741 2385 2811 πρότερον
2420 2741 2844 2812 φιλοσοφήσασιν
2898 2741 3132 2810 ὤκνησε.
3157 2739 3373 2794 Μᾶλλον
3396 2739 3453 2792 δὲ
3496 2756 3693 2808 μικρο-

2121 2829 2320 2900 ψυχίαν
2351 2833 2652 2899 καταγνοὺς
2694 2830 2802 2883 τῶν
2827 2832 2941 2884 ὅσοι
2981 2831 3112 2900 παρ’
3154 2831 3286 2898 ἡμῖν
3315 2829 3407 2880 ἐπὶ
3436 2830 3694 2897 πονηροῖς

2122 2921 2349 2991 δόγμασι
2390 2921 2835 2990 πλημμελοῦντες
2874 2921 3266 2989 ἐκολάσθησαν,
3304 2919 3445 2986 ἔγνω
3481 2918 3691 2978 πάντας

2123 3012 2332 3082 ἁθρόως
2359 3012 2758 3082 ὑπερϐαλέσθαι
2811 3017 2924 3075 τοῖς
2967 3013 3313 3082 ἀδικήμασιν.
3344 3010 3414 3061 Ἦ
3447 3009 3564 3071 πῶς
3591 3009 3696 3060 οὐκ

2126 3101 2274 3166 ἄξιος
2305 3101 2583 3173 μέμψεως,
2611 3102 2878 3172 τοσαύτης
2902 3101 2998 3154 καὶ
3023 3099 3355 3169 τηλικαύτης
3377 3097 3695 3165 ἐπωνυμίας

2127 3192 2419 3262 ἐπιχειρῶν
2465 3191 2935 3263 καταψεύδεσθαις
2998 3189 3106 3243 Ποῦ
3136 3190 3241 3260 γάρ
3269 3188 3610 3258 ὁμολογεῖται
3649 3187 3695 3219 ⁸³

2125 3283 2326 3350 ταῦτα;
2357 3282 2460 3337 ποῦ
2492 3283 2548 3336 δὲ
2580 3283 2863 3352 συμϐαίνει
2889 3285 2983 3335 καὶ
3019 3282 3274 3352 μίγνυται
3301 3281 3460 3350 ἡδονὴ
3488 3281 3693 3345 πόνοις,

2127 3376 2390 3446 καρτερία
2423 3377 2603 3446 τρυφῇ
2632 3391 2647 3440 ;
2688 3375 2989 3445 Ἀκαδημία
3032 3375 3120 3428 καὶ
3163 3374 3378 3444 πόρναι,
3407 3372 3696 3440 φιλοσοφία

2127 3466 2219 3520 καὶ
2246 3467 2426 3531 πότος,
2457 3465 2880 3537 σωφρονούντων
2917 3465 3027 3534 βίος
3066 3465 3161 3519 καὶ
3202 3465 3476 3518 ἀκόλαστα
3498 3465 3696 3533 μειρά-

2127 3574 2252 3623 κια;
2297 3557 2353 3612 '0
2381 3558 2438 3610 δὲ
2465 3558 2518 3610 τί
2542 3558 2847 3629 προῄρηται
2883 3559 2928 3590 ⁶⁶
2963 3558 3057 3611 καὶ
3083 3557 3137 3610 τί
3157 3556 3454 3627 τετόλμηκε
3481 3571 3496 3620 ;
3530 3556 3694 3608 πόλε-

2129 3666 2229 3718 μον
2267 3649 2478 3704 ἀπειλεῖ
2499 3653 2596 3704 καὶ
2634 3651 2813 3722 μάχην
2843 3651 2956 3713 τοῖς
2993 3649 3180 3719 νόμοις
3229 3648 3358 3718 ὅλης
3389 3649 3432 3679 ⁸⁷
3461 3648 3562 3718 τῆς
3588 3648 3695 3716 φύ-

2127 3754 2282 3800 σεως.
2321 3737 2523 3807 Ἐμάνη
2585 3738 2783 3808 μανίαν
2845 3734 2968 3792 καθ’
3015 3734 3226 3804 ἡλικίας
3284 3735 3494 3802 ἀπάσης
3536 3733 3691 3786 Ἐπί-

2125 3842 2339 3896 κουρος,
2374 3827 2470 3880 καὶ
2495 3826 2773 3889 δυσσεϐεῖς
2820 3825 3026 3896 ἔρωτας
3073 3823 3284 3896 ἠράσθη
3329 3825 3547 3878 πάντων
3577 3825 3693 3877 ὅσοι

2123 3917 2221 3989 τὴν
2245 3918 2394 3990 ὤραν
2424 3919 2562 3991 ὑπὲρ
2594 3920 2719 3982 τοὺς
2749 3917 2942 3980 ἄλλους
2967 3915 3360 3985 θαυμάζονται.

2196 4010 2464 4079 Πρότερον
2522 4009 2578 4062 δὲ
2636 4007 2799 4061 αὐτοῦ
2855 4009 2952 4077 τὴν
2996 4007 3292 4076 ἀπολογίαν
3337 4003 3686 4073 σκειξὼμεθα.

2124 4103 2400 4172 Δόγματος
2424 4099 2516 4156 οὖν
2537 4105 2785 4166 ἀπαιτεῖς
2809 4102 2853 4134 ⁸³
2880 4103 3036 4166 δίκας
3056 4121 3072 4170 ;
3099 4101 3233 4168 Οὓκ,
3251 4101 3365 4156 ἀλλ’
3395 4099 3650 4162 ἀσεϐείας
3670 4115 3686 4130 ο

2123 4195 2468 4264 δογματίζειν
2504 4195 2602 4264 μὲν
2626 4195 2736 4266 γάρ
2757 4194 2900 4261 ὲξδν,
2927 4194 3144 4248 ἀσεϐεῖν
3170 4195 3229 4247 δὲ
3265 4194 3366 4246 οὐκ
3398 4193 3690 4262 ἐπιτέτρα-

2127 4300 2278 4336 πται.
2309 4284 2372 4336 Ei
2403 4284 2502 4354 μὲν
2530 4280 2623 4337 οὖν
2651 4284 2795 4352 έχεις
2825 4286 2996 4338 εἰπεῖν
3028 4285 3103 4346 ὡς
3134 4284 3235 4336 οὑκ
3265 4283 3476 4343 ἀσεϐεῖς
3508 4277 3588 4343 οἷς
3613 4283 3690 4333 εῖ-

465 4370 571 4434 bis,
615 4374 772 4425 verba
805 4388 908 4426 non
948 4375 1144 4430 damno
1170 4393 1186 4428 :
1213 4384 1269 4428 at
1297 4375 1342 4429 si
1375 4375 1552 4429 verbis
1581 4375 1720 4429 inest
1749 4375 2016 4444 impietas,

2124 4387 2319 4443 ρηκας,
2348 4374 2410 4427 οὐ
2450 4375 2620 4444 κρίνω
2643 4377 2770 4438 τοὺς
2794 4375 2982 4442 λόγους
3007 4391 3022 4407 ο
3055 4375 3179 4434 είιδ’
3206 4374 3427 4427 ἀσέϐεια
3465 4374 3576 4435 τοῖς
3603 4371 3695 4422 16-

468 4479 570 4517 non
593 4476 810 4532 propter
831 4465 918 4518 illa
944 4480 1157 4534 pmnam
1182 4467 1354 4530 dabis,
1385 4465 1478 4520 sed
1501 4480 1566 4520 eo
1589 4467 1756 4533 magis
1778 4467 2018 4533 puniere,

465 4556 592 4623 quia
636 4557 701 4608 ad
730 4556 1058 4623 impietatem
1104 4557 1524 4610 conﬁrmandam
1566 4555 1650 4609 his
1679 4556 1857 4610 verbis
1891 4571 2022 4610 usus

465 4662 545 4701 es.
573 4645 686 4700 Non
717 4647 859 4700 enim
897 4662 1115 4716 pmnam
1141 4646 1418 4715 injudicio
1452 4645 1621 4709 dabit,
1659 4646 1704 4699 si
1733 4646 1877 4714 quis,
1919 4647 2022 4702 etsi

467 4734 622 4788 liceat
642 4737 713 4789 uti
747 4738 811 4789 ad
834 4749 898 4789 ea
927 4749 1047 4804 quae
1066 4742 1299 4804 oportet,
1331 4734 1397 4786 ad
1427 4747 1536 4787 rem
1569 4747 1674 4787 non
1697 4735 2024 4789 conveniens

2124 4479 2239 4530 γοις
2291 4465 2601 4533 πρόσεστιν,
2654 4466 2716 4518 οὐ
2783 4465 2869 4519 διὰ
2901 4466 3025 4528 τοὺς
3063 4466 3253 4533 λόγους
3279 4464 3561 4532 κερδανεῖς
3590 4463 3694 4532 τὴν

2121 4553 2296 4624 δίκην,
2357 4554 2492 4609 ἀλλά
2522 4557 2566 4588 ⁸⁸
2601 4555 2910 4626 κολασθήσῃ
2957 4555 3118 4608 πλέον
3157 4549 3238 4616 οἷς
3270 4555 3361 4607 ἐπὶ
3404 4553 3465 4606 τὸ
3487 4553 3695 4605 ἀδικεῖν

2122 4645 2235 4704 τοῖς
2279 4642 2456 4710 λόγοις
2501 4645 2787 4715 κέχρησαι.
2821 4646 2895 4697 Οὐ
2936 4645 3046 4716 γὰρ
3095 4645 3148 4698 ei
3167 4661 3270 4710 τις,
3308 4645 3427 4710 ἐξὸν
3454 4644 3695 4712 χρῆσθαι

2126 4731 2261 4802 πρὸς
2297 4731 2334 4785 ἃ
2359 4733 2462 4797 δεῖ,
2493 4734 2598 4787 κᾶν
2623 4734 2756 4804 πρὸς
2783 4735 2819 4788 ἃ
2849 4734 2924 4805 μὴ
2958 4734 3214 4807 δεῖθέλῃ,
3255 4735 3409 4802 δίκην
3439 4734 3502 4784 οὺ
3529 4733 3695 4786 δώσει

468 4835 569 4878 tem
602 4827 778 4880 verbis
809 4827 882 4879 uti
913 4825 1036 4880 velit
1065 4843 1079 4879 :
1115 4823 1310 4895 3560
1354 4835 1543 4878 contra
1591 4839 1747 4887 vero,
1819 4827 1864 4879 si
1908 4835 2020 4878 rem

2128 4822 2474 4893 κρινόμενοςο
2537 4826 2841 4879 τούναντίον
2893 4825 2950 4878 δὲ
2995 4827 3042 4858 ⁷⁰
3099 4827 3283 4895 ὑφέξει
3356 4825 3536 4892 λόγον,
3609 4824 3695 4876 ὅτι

469 4915 746 4968 honestam
793 4915 1090 4968 inhonestis
1139 4915 1320 4968 verbis
1372 4913 1698 4982 inquinarit,
1741 4915 1810 4969 ob
1856 4916 2020 4969 verba

2128 4913 2288 4966 καλὸν
2314 4915 2547 4985 πρᾶγμα
2576 4919 2786 4987 πονηρᾷ
2819 4916 3011 4989 γνώμῃ
3041 4917 3367 4984 διέφθειρεν.
3405 4913 3696 4982 Καλοῦμεν

467 5018 677 5075 ptenam
708 5005 836 5060 luet.
864 5004 1133 5059 Vocamus
1161 5004 1265 5058 huc
1295 5003 1348 5058 in
1373 5003 1634 5074 judicium
1667 5014 1938 5069 oratores,
1971 5015 2022 5059 et

2131 5005 2224 5056 ἐπὶ
2245 5004 2309 5058 τὸ
2329 5005 2482 5076 βῆμα
2513 5006 2641 5070 τοὺς
2669 5007 2904 5078 ῥήτορας
2925 5021 2941 5037 ο
2975 5007 3080 5061 κᾶν
3122 5008 3254 5076 ὀκνῇ
3287 5023 3390 5071 τις,
3429 5004 3697 5067 πολλάκις

1725 5160 1812 5216 VA
1822 5157 1962 5217 RUE
2017 5161 2416 5222 LECTIONES.

1204 5283 1323 5348 post
1349 5275 1514 5348 νόμου
1533 5289 1644 5348 om.
1680 5275 1737 5327 Β.
1814 5276 2062 5348 “malim
2093 5278 2235 5347 ἥκει.
2280 5347 2285 5348 ί
2312 5279 2356 5348 ⁶ῗ
2377 5279 2476 5348 τὴν
2503 5287 2628 5332 ante
2650 5275 2763 5332 τῶν
2786 5293 2895 5332 om.
2923 5278 2984 5332 Β.
3057 5281 3103 5311 ⁸³
3129 5276 3307 5348 κρίσις
3337 5273 3410 5325 A:
3440 5270 3610 5348 φύσις
3631 5287 3694 5348 ς.-

469 5340 682 5470 ἓέηὸλιέίθ
707 5349 793 5448 Αἰ,
818 5342 1160 5466 δζθδιμὶολῗεί
1201 5340 1266 5398 Ᾱ.
1341 5346 1387 5378 ⁸⁸
1415 5340 1702 5415 ’ποοῄρηκε
1729 5362 1797 5408 ς.
1869 5345 2081 5408 ⁸⁷·ὅλοις
2109 5340 2174 5401 Ᾰ.
2249 5347 2294 5379 ⁸⁸
2325 5340 2554 5403 fortasse
2585 5349 2864 5418 legendum
2889 5349 3095 5419 ἀπαιτῇ
3121 5387 3136 5414 ,
3167 5340 3398 5416 passive.
3480 5343 3528 5381 ⁸⁸
3554 5340 3701 5395 ἀλλὰ

537 5280 582 5349 ε’
607 5278 703 5349 τῆς
724 5275 824 5330 add
833 5315 862 5349 ._
871 5273 946 5349 _A_.
1018 5271 1064 5349 ξ’
1086 5273 1178 5349 καὶ

1968 5505 2196 5562 ΝΟΤΑὲ.

540 5621 652 5692 (35)
694 5622 782 5678 Sic
811 5623 1089 5681 Lucretius
1112 5635 1164 5680 et
1200 5625 1312 5694 ipse
1340 5620 1631 5693 Epicureus
1658 5641 1668 5676 :
1709 5622 1834 5675 Am’a
1865 5620 2134 5676 Pieridum
2165 5637 2384 5691 peragro
2406 5624 2542 5690 loca,
2567 5625 2762 5680 nullius
2786 5636 2906 5682 ante
2946 5625 3094 5680 Trita
3129 5625 3249 5681 talo.
