3990 6232
326 233 461 299 1317

1348 238 1874 303 BIBLIOTHECA.
1915 269 1986 281 —
2014 248 2177 308 COD.
2205 249 2509 311 CCXLIII.

3430 251 3568 318 1318

324 347 352 415 η
389 344 543 416 κοινὴ
572 344 725 414 φωνὴ
754 343 854 411 τῆς
888 343 1095 408 πόλεως
1137 346 1231 398 ἐπὶ
1259 347 1317 401 τὸ
1346 349 1525 417 λέγειν
1558 352 1761 421 ἐγείρει
1802 353 1886 407 καλ

1997 358 2041 412 si
2070 361 2194 427 quis
2237 360 2413 418 lentus
2459 363 2770 430 accesserit,
2803 362 3117 434 frequenter
3141 364 3412 421 communi
3441 368 3568 421 civi-

313 437 409 487 τὸν
459 436 521 487 οὐ
578 436 761 504 λέγειν
814 435 1156 505 βουλόμενον.
1219 438 1558 509 Παρέρχεταί
1597 459 1683 505 τις
1718 446 1797 505 εἰς
1837 444 1898 496 τὸ

317 525 516 593 σεμνὸν
558 523 883 594 Ἐπικούρου
948 528 1361 596 φροντιστήριον
1408 530 1529 592 νέος
1565 531 1598 601 ἢ
1642 532 1771 584 νέα*
1816 535 1895 596 εἰς

313 612 424 684 γάρ
454 614 659 684 ταύτην
686 614 784 686 τὴν
797 614 1013 684 ἠλικίαν
1046 616 1104 669 τὸ
1124 616 1379 687 λαμπρὸν
1408 620 1567 673 τοῦτο
1597 622 1892 692 συνέδριον.

326 704 502 774 ’Υπὲρ
558 705 651 757 τὸν
688 705 876 770 Ἰξίονα
918 705 979 758 τὸ
1031 704 1229 777 θράσος
1268 708 1574 779 ἄνθρωπος,
1624 711 1765 782 ὑπὲρ
1804 713 1895 766 τὸν

315 796 619 865 Σαλμωνέα
642 796 740 866 τὴν
760 796 939 869 ὕϐριν,
965 797 1064 867 τὴν
1079 798 1282 868 τόλμαν
1318 800 1460 871 ὑπὲρ
1487 801 1574 853 τὸν
1604 803 1892 859 Τάνταλον.

328 887 471 940 Ἀλλ’
508 890 691 941 ἐκεῖνα
717 887 816 957 μὲν
853 887 1035 957 μῦθοι,
1094 889 1191 942 καὶ
1217 893 1284 961 τῇ
1340 896 1512 962 σκηνῇ
1552 893 1704 962 μόλις
1731 895 1803 948 τά
1831 911 1894 963 γε

314 977 542 1034 τοιαῦτα
604 977 932 1049 πιστεύομεν
954 995 970 1011 ο
1008 978 1175 1051 [1085
1202 980 1297 1052 R.]
1334 982 1652 1053 Ἐπίκουρος
1699 984 1755 1036 δὲ
1793 986 1896 1039 οὐκ

315 1071 377 1122 ὲν
399 1069 611 1139 μύθοις,
632 1068 748 1122 ἀλλ’
774 1071 833 1122 ὲν
848 1070 1082 1140 δόγμασι
1108 1074 1203 1127 καὶ
1218 1073 1449 1143 πράξεσι
1465 1075 1630 1128 νικῶν
1654 1076 1895 1140 ἐκείνους

316 1157 652 1229 εὑρίσκεται.
674 1159 931 1213 Κάκεῖνοι
965 1161 1062 1230 μὲν
1093 1162 1320 1233 ἑτέρωθί
1360 1180 1464 1216 που
1495 1162 1667 1217 ταῦτα
1686 1166 1891 1236 τολμῆ-

316 1266 411 1302 σαι
439 1248 708 1316 λέγονται,
769 1251 819 1302 οι
874 1250 972 1320 μὲν
1004 1253 1063 1304 ὲν
1090 1251 1293 1322 ὄρεσιν,
1319 1254 1370 1305 οί
1415 1253 1560 1306 δὲ’έν
1588 1254 1806 1319 νάπαις,
1842 1257 1893 1310 οἱ

313 1342 374 1394 δὲ
408 1342 465 1393 ὲν
495 1339 793 1411 βαρϐάροις
836 1344 947 1395 τισὶ
996 1344 1091 1395 καὶ
1146 1344 1584 1414 ἀπερριμμένοις
1625 1346 1887 1415 χωρίοιςο

312 1431 500 1484 δίδωσι
524 1430 581 1483 δέ
612 1448 728 1494 πως
757 1431 799 1463 τί
819 1431 1149 1503 συγγνώμην
1177 1433 1274 1487 καὶ
1300 1434 1466 1488 τόπου
1500 1435 1664 1505 φύσις
1690 1437 1891 1507 ἑγκλίν

315 1538 513 1590 μασιν·
557 1521 872 1591 Ἐπίκουρος
930 1521 989 1574 δὲ
1058 1523 1313 1595 Ἀθήνῃσι
1360 1525 1534 1579 ταῦτα
1590 1528 1888 1597 φιλοσοφεῖ.

323 1613 582 1684 Ἀθήνῃσι
602 1613 659 1666 δὲ
696 1614 824 1668 ὅταν
855 1612 1014 1679 εἴπω,
1053 1614 1114 1666 τὸ
1146 1616 1401 1684 μέγιστον
1424 1612 1577 1670 εἷπον
1600 1619 1700 1689 τῆς
1735 1619 1890 1672 εὐσε-

313 1701 466 1766 ϐείας
508 1703 824 1773 κεφάλαιον.
883 1704 1048 1757 Οὐδὲν
1074 1706 1102 1758 ὁ
1135 1706 1430 1776 Σωκράτης
1475 1724 1556 1760 σοι
1583 1707 1732 1762 δοκεῖ
1753 1707 1889 1779 πρὸς

314 1794 585 1862 μίμησιν;
616 1793 725 1847 Καὶ
775 1794 849 1859 τί,
887 1796 1040 1864 φησὶ,
1098 1795 1207 1849 τῶν
1259 1796 1574 1850 ὑπευθύνων
1606 1798 1888 1868 ἠσέϐησας

308 1884 453 1937 Αὑτό
491 1900 580 1953 μοι
604 1884 802 1952 λέγεις,
844 1882 1157 1955 Ἐπίκουρε,
1187 1886 1247 1938 τὸ
1284 1887 1468 1957 μεῖζον
1506 1888 1777 1960 ἔγκλημα,
1805 1892 1889 1943 ὅτι

312 1977 391 2048 μὴ
414 1977 691 2041 δυσσεϐεῖς
714 1970 900 2047 μόνον,
926 1977 1041 2031 ἀλλ’
1064 1979 1145 2031 ὅτι
1163 1980 1206 2011 "’
1226 1981 1319 2032 καὶ
1332 1981 1513 2036 καινά·
1541 1982 1661 2036 ὅθεν
1682 1983 1897 2054 διχόθεν

309 2069 611 2133 ὑπεύθυνος
634 2069 701 2122 ⁷³.
730 2069 957 2139 Βωμοὺς
1013 2070 1114 2124 οὐκ
1175 2072 1496 2143 ἀνέτρεψας,
1543 2073 1682 2127 ἀλλά
1714 2076 1888 2146 μάτην

306 2163 551 2226 ἑστῶτας
603 2161 833 2227 ἔδειξας,
856 2161 983 2233 [580
1014 2162 1105 2235 ιι]
1149 2165 1411 2235 Πρόνοιαν
1457 2166 1682 2234 ἀνελὼν,
1725 2168 1791 2222 δι’
1818 2170 1885 2241 ἢν

308 2252 529 2323 βωμοὺς
555 2254 913 2324 ἱδρυσάμεθα·
949 2254 1142 2311 θυσίαν
1165 2256 1357 2327 καινὴν
1387 2258 1488 2312 οὐκ
1504 2258 1720 2325 ἔθυσας,
1751 2261 1887 2315 ἀλλὰ

306 2344 490 2409 πάσας
521 2344 730 2416 ἀθρόως
756 2346 802 2377 ⁷⁵
822 2345 1126 2417 ἀνῄρηκας.
1152 2349 1244 2419 Μὴ
1264 2349 1476 2420 ρυέσθω
1506 2350 1550 2382 ⁷⁵
1578 2350 1676 2420 τῆς
1713 2370 1887 2422 τιμω-

308 2438 432 2507 ρίας
472 2438 820 2508 Ἐπίκουρος,
851 2439 933 2492 ὃτι
962 2439 1036 2509 μὴ
1086 2440 1229 2493 κατὰ
1268 2441 1393 2503 τοὺς
1444 2442 1708 2515 πρότερον
1746 2445 1887 2499 κατά

307 2529 445 2580 θεῶν
479 2527 829 2598 ἐθρασύνατο.
857 2529 1071 2593 Πάντας
1098 2531 1198 2600 μὲν
1226 2531 1336 2601 γάρ
1364 2532 1631 2603 ἀσεϐῆσαι
1650 2536 1886 2605 τρόπους

306 2621 387 2672 ἑνὶ
428 2619 537 2672 τῶν
601 2619 739 2672 κατά
791 2620 891 2690 τὴν
938 2620 1091 2674 πόλιν
1139 2620 1439 2677 ἀδύνατονο
1470 2625 1598 2678 εἰδὲ
1631 2625 1882 2694 ἕκαστος,

305 2711 423 2764 ἀνθ’
452 2705 525 2765 ὧν
547 2712 736 2782 έδρασε
798 2714 1239 2786 προϐαλλόμενος
1265 2717 1301 2771 ἃ
1342 2718 1417 2789 μὴ
1462 2721 1754 2790 πεποίηκε,
1786 2721 1885 2792 τὴν

302 2806 571 2873 τιμωρίαν
586 2803 909 2873 ἐκφεύξεται
956 2807 1023 2869 ⁷⁸,
1063 2808 1148 2871 τίς
1203 2808 1387 2876 ὑφέξει
1420 2810 1530 2863 τῶν
1556 2812 1769 2865 ἀσεϐῶν
1805 2813 1885 2867 δὶ-

304 2910 411 2962 κην
443 2894 511 2957 ⁷⁷,
535 2893 597 2946 οὐ
619 2895 827 2959 πάντας
892 2897 1110 2951 ἀσεϐεῖν
1178 2898 1548 2970 ὲγχωροῦντος
1588 2903 1635 2934 ⁷⁸
1667 2904 1883 2974 ἑκάστῳ

1998 450 2127 502 tatis
2146 448 2402 519 suffragio
2422 456 2505 506 vel
2529 452 2732 509 invitus
2750 454 2817 507 ab
2837 453 3124 508 dicendum
3147 456 3381 524 cogitur.
3408 454 3568 510 Venit

1997 536 2192 608 aliquis
2220 538 2435 606 juvenis
2470 540 2550 595 vel
2577 542 2865 609 juvencula
2896 543 3041 611 (nam
3077 546 3146 596 ob
3179 544 3318 597 hanc
3349 554 3565 597 :etatem

1995 628 2289 697 praeclarus
2319 631 2409 684 ille
2439 642 2737 685 conventus
2769 632 3047 686 ordinatus
3077 631 3181 699 eat)
3212 634 3263 685 in
3298 648 3564 686 veneran-

1997 714 2117 767 dam
2151 713 2362 782 Epicuri
2396 715 2660 779 scholam,
2686 716 2912 771 audacia
2938 727 3159 783 superat
3190 717 3278 770 ille
3298 715 3561 781 Ixionem,

1997 803 2194 857 ferocia
2238 804 2568 872 Salmonem,
2616 806 2919 860 temeritate
2961 804 3290 861 Tantalum:
3325 809 3417 862 sed
3452 808 3569 863 haec

1997 898 2049 954 in
2077 899 2295 963 fabulis,
2318 909 2373 956 et
2405 916 2500 969 per
2527 903 2772 956 umbram
2803 904 2889 956 vix
2912 903 3201 957 credimus.
3235 902 3338 958 Sed
3371 919 3475 957 non
3513 904 3567 958 in

1995 987 2189 1043 fabulis
2221 989 2508 1059 Epicurus,
2541 1007 2726 1047 verum
2762 993 2813 1047 in
2848 994 3111 1048 doctrinis
3142 995 3563 1062 actionibusque

1996 1079 2093 1134 hos
2132 1096 2392 1149 superare
2427 1082 2788 1137 convincitur.
2826 1081 3034 1149 Quibus
3076 1084 3128 1137 in
3165 1084 3295 1137 locis
3347 1085 3462 1138 haec
3490 1084 3566 1137 illi

1993 1172 2110 1227 ausi
2142 1173 2309 1229 sunt?
2336 1174 2488 1228 Alius
2524 1175 2573 1227 in
2607 1175 2900 1239 montibus.
2932 1176 3070 1230 alter
3101 1177 3152 1229 in
3193 1176 3441 1241 saltibus,
3475 1176 3564 1231 ille

1995 1261 2047 1315 in
2097 1263 2344 1317 barbaris
2396 1264 2720 1332 quibusdam
2766 1274 2822 1320 et
2862 1266 3085 1333 abjectis
3120 1266 3467 1333 regionibus,
3506 1275 3565 1321 ut

1992 1353 2153 1405 etiam
2190 1353 2337 1407 locus
2379 1357 2592 1409 veniam
2627 1357 2864 1424 peccatis
2904 1357 3034 1410 dare
3058 1356 3337 1411 videatur.
3368 1356 3566 1411 Verum

1991 1441 2257 1512 Epicurus
2298 1446 2412 1499 haec
2452 1446 2609 1500 docet
2651 1446 2905 1503 Athenis;
2963 1448 3206 1501 Athenas
3255 1463 3376 1502 cum
3424 1446 3566 1512 dico,

1992 1536 2208 1603 pietatis
2252 1546 2413 1605 caput
2444 1537 2707 1604 intelligo.
2739 1537 2877 1591 Num
2906 1539 2999 1593 tibi
3039 1540 3254 1594 videtur
3286 1540 3562 1603 Socrates,

1991 1640 2149 1693 quem
2180 1625 2411 1680 imiteris
2463 1626 2697 1695 dignus?
2729 1627 2790 1681 Et
2812 1628 2939 1697 quid
2971 1628 3212 1697 dignum,
3244 1629 3439 1693 inquit,
3466 1644 3563 1683 cur

1992 1732 2116 1771 reus
2165 1718 2268 1773 sim
2323 1719 2609 1773 commisi?
2649 1720 2890 1775 Hoccine
2946 1722 3076 1777 mihi
3128 1723 3247 1787 ais,
3292 1721 3567 1790 Epicure!

1990 1809 2166 1879 majus
2198 1808 2309 1879 jam
2362 1810 2567 1866 crimen
2595 1819 2712 1875 est,
2756 1827 2861 1866 non
2902 1813 3194 1881 impietatis
3236 1815 3431 1878 modo,
3470 1814 3565 1868 sed

1988 1900 2114 1968 quia
2146 1914 2288 1954 nunc
2316 1899 2481 1954 etiam
2513 1916 2712 1955 novum
2752 1899 3021 1972 adiungis.
3050 1900 3206 1956 Unde
3230 1903 3340 1971 jam
3367 1902 3565 1969 duplici

1987 1990 2055 2045 de
2087 2004 2251 2044 causa
2280 2004 2405 2043 reus
2437 1988 2618 2044 factus
2652 2005 2732 2046 es.
2762 1991 2902 2044 Aras
2928 2007 3033 2044 non
3071 1990 3356 2045 evertisti?
3390 2001 3445 2044 at
3473 2006 3567 2045 eas

1987 2076 2188 2133 frustra
2218 2092 2341 2133 esse
2377 2078 2691 2143 ostendisti,
2730 2093 2854 2134 cum
2896 2080 3296 2134 Providentiam
3325 2093 3356 2133 e
3385 2092 3566 2132 rerum

1986 2179 2180 2224 natura
2220 2168 2381 2234 tollis,
2415 2170 2485 2225 ob
2515 2184 2677 2237 quam
2716 2184 2840 2223 aras
2868 2170 3253 2223 exstruximus.
3289 2166 3566 2222 Sacrifivia

1988 2273 2125 2314 πονο
2178 2275 2285 2313 non
2339 2259 2724 2313 introduxisti‘?
2770 2268 2826 2312 at
2870 2260 3049 2312 omnia
3103 2257 3392 2312 sustulisti.
3449 2255 3565 2308 Νυιι

1986 2349 2295 2404 absolvatur
2326 2349 2624 2418 Epicurus,
2672 2348 2797 2417 quia
2841 2364 2945 2403 non
2983 2349 3173 2403 eadem
3207 2363 3327 2416 quae
3356 2346 3567 2416 priores

1986 2444 2053 2495 de
2094 2442 2196 2498 diis
2232 2443 2420 2497 sensit.
2466 2440 2610 2495 Fieri
2657 2444 2801 2496 enim
2842 2456 2947 2496 non
2985 2450 3195 2509 potest,
3240 2454 3296 2493 ut
3339 2456 3476 2495 unus
3512 2441 3565 2493 in

1984 2532 2120 2586 urbe
2141 2533 2275 2587 civis
2298 2530 2550 2587 omnibus
2576 2532 2749 2586 modis
2778 2531 2845 2585 sit
2876 2531 3071 2599 impius
3106 2550 3119 2585 :
3163 2530 3207 2585 si
3242 2545 3368 2585 vero
3395 2545 3566 2584 unus-

1985 2622 2215 2692 quisque
2268 2637 2367 2690 pro
2402 2623 2490 2678 bis
2545 2636 2665 2693 qua:
2709 2621 2840 2675 fecit
2873 2622 3147 2676 adducens
3188 2636 3251 2675 ea
3297 2636 3417 2689 qua:
3458 2637 3565 2675 non

1990 2715 2156 2784 fecit,
2218 2716 2540 2787 supplicium
2588 2715 2798 2781 evadet,
2852 2715 2976 2783 quis
3033 2715 3324 2783 impietatis
3379 2729 3568 2784 poenas

1982 2806 2171 2860 dabit?
2213 2820 2334 2860 cum
2378 2805 2508 2860 nulli
2548 2806 2657 2859 sint
2695 2805 2916 2859 omnino
2952 2804 3099 2871 impii
3123 2845 3137 2865 .
3182 2814 3235 2858 et
3265 2804 3424 2859 liceat
3458 2804 3566 2857 reis

1983 2914 2082 2968 pro
2128 2897 2426 2954 malefactis
2476 2898 2755 2952 benefacta
2789 2894 3052 2967 proferre.
3087 2894 3199 2950 Non
3244 2904 3370 2949 sunt
3405 2910 3433 2948 a
3473 2909 3564 2948 sa-

304 2984 534 3045 καὶ-τοίς
554 2986 895 3055 κρινομένοις
950 2987 1072 3051 ἐξὸν
1129 2990 1250 3043 ἀντὶ
1315 2990 1425 3043 τῶν
1476 2995 1880 3063 πεπραγμένων

1988 2988 2256 3057 pientibus
2307 2988 2387 3042 hae
2452 2986 2834 3042 frustrationes
2878 2986 3240 3040 admittenda.
3278 2984 3390 3038 Non
3422 2984 3565 3037 enim

302 3071 372 3123 τὰ
411 3071 486 3141 μὴ
510 3076 877 3144 πεπραγμένα
924 3076 1336 3147 προτείνεσθαι;
1390 3082 1452 3134 οὐ
1480 3082 1543 3154 δὴ
1566 3084 1611 3115 ⁷⁸
1641 3083 1815 3138 ταῦτά
1836 3086 1879 3116 “°

1988 3078 2285 3131 adhibenda
2322 3076 2565 3131 defensio
2595 3085 2677 3130 est
2728 3089 2941 3141 eorum,
2978 3075 3044 3129 de
3091 3075 3284 3142 quibus
3312 3074 3431 3142 quis
3460 3087 3565 3126 nou

301 3177 368 3227 γε
404 3162 530 3247 νοῦν
551 3165 783 3234 ἐχόντων
814 3168 912 3230 τὰς
931 3167 1198 3234 διαδύσεις
1234 3172 1558 3242 προσίεσθαι
1587 3174 1653 3228 ⁸¹.
1678 3177 1751 3227 Ub
1774 3176 1882 3247 γάρ

303 3250 445 3320 ὑπὲρ
481 3245 557 3306 ὧν
586 3271 670 3318 τις
693 3256 794 3309 οὐκ
849 3257 1152 3324 εὐθύνεται,
1174 3261 1273 3332 τὴν
1312 3263 1608 3331 ἀπολογίαν
1639 3267 1883 3337 προσῆκε

304 3342 595 3408 ποιεῖσθαι,
624 3345 739 3398 ἀλλ’
774 3348 859 3415 ἐφ’
885 3342 962 3411 οἷς
987 3349 1121 3404 οἵτε
1153 3353 1426 3420 κρίνοντες
1454 3356 1877 3428 κατηγοροῦσιν,

302 3433 358 3485 οἵ
381 3450 441 3486 τε
469 3433 776 3503 δικάζοντες
806 3440 1090 3511 κάθηνται.
1112 3446 1173 3498 Οἱ
1204 3445 1261 3498 δὲ
1280 3447 1506 3514 ἀφέντες
1529 3450 1590 3502 τὸ
1611 3450 1884 3503 δικαιότα-

301 3539 395 3575 τον
420 3524 513 3576 ὲπὶ
544 3526 603 3576 τὸ
656 3528 850 3596 ῥᾷστον
896 3529 1204 3597 βαδίζουσι·
1240 3536 1299 3587 τὸ
1337 3536 1435 3606 μὲν
1468 3538 1578 3609 γάρ
1606 3538 1882 3592 δικαιότα-

300 3630 394 3665 τον
446 3613 593 3667 λύειν
628 3617 689 3668 τὸ
740 3616 992 3690 ἔγκλημα
1040 3623 1107 3675 δι’
1138 3624 1167 3676 ὃ
1195 3626 1459 3695 κρίνεται,
1497 3628 1557 3680 τὸ
1587 3630 1781 3699 ῥᾷστον
1826 3629 1883 3682 δὲ

301 3703 685 3771 ἀπολογείσθαι
716 3711 846 3777 περὶ
904 3710 1110 3765 τούτων
1150 3717 1233 3783 ἐφ’
1258 3712 1339 3779 οἷς
1364 3718 1425 3770 οὐ
1467 3718 1658 3787 φεύγει
1687 3737 1771 3783 τις
1803 3720 1882 3773 δί-

301 3810 426 3857 κας.
456 3795 521 3847 Εἴ
547 3813 653 3867 περ
684 3793 777 3851 οὖν
800 3800 881 3852 ὅτι
912 3804 986 3871 μή
1020 3820 1108 3856 πω
1138 3805 1375 3869 δέδωκας
1397 3807 1573 3878 δίκην,
1613 3811 1711 3861 οὐκ
1741 3807 1882 3864 εἶναι

300 3885 543 3949 νομίζεις
576 3888 853 3957 πρόνοιαν,
885 3892 1060 3962 ὀρθῶς
1095 3894 1442 3964 βεϐούλευσαι
1465 3915 1477 3926 ·
1514 3902 1561 3953 εί
1594 3901 1652 3953 δὲ
1673 3901 1759 3955 διά
1784 3900 1882 3972 τὴν

299 3973 463 4043 φύσιν
489 3978 599 4031 τῶν
624 3980 783 4046 ὅλων,
813 3984 842 4035 ὁ
870 3983 1026 4052 λόγος
1061 3987 1310 4054 μάταιος.
1362 3989 1519 4043 Ἀλλά
1544 3991 1724 4057 πόθεν,
1745 3993 1881 4061 πρὸς

298 4066 410 4119 τῶν
434 4069 650 4139 ἀτόμων
672 4073 768 4126 καὶ
802 4073 897 4126 τοῦ
932 4078 1089 4130 κενοῦ
1112 4077 1160 4108 ⁸⁸
1184 4079 1279 4131 τοῦ
1307 4080 1731 4154 πολυθρυλήτου,
1751 4082 1881 4137 ταύ-
1938 4134 1941 4135 ,

297 4172 399 4224 την
433 4158 531 4227 τὴν
593 4160 749 4224 δόξαν
802 4163 1133 4236 ὲξεύρηκας;
1191 4167 1422 4233 ἄτακτός
1442 4187 1527 4235 τις
1546 4172 1751 4242 ἐνοχλεῖ
1782 4172 1881 4244 τὴν

297 4246 407 4300 τῶν
435 4248 571 4302 ὅλων
628 4253 789 4321 φύσιν
838 4256 982 4326 φορά
1006 4257 1051 4288 ⁸⁵
1082 4261 1174 4311 καὶ
1228 4260 1442 4329 κίνησις
1468 4277 1482 4291 ο
1515 4262 1629 4315 ἀλλ’
1653 4265 1878 4333 ἀρχαῖον

1989 3178 2301 3232 accusatur,
2330 3184 2517 3222 verum
2555 3168 2622 3222 de
2656 3167 2854 3235 quibus
2888 3182 3072 3222 coram
3106 3164 3376 3234 iudicibus
3404 3180 3567 3219 accu~

1983 3270 2154 3325 Satur,
2200 3270 2256 3314 et
2293 3259 2361 3314 ob
2405 3275 2525 3328 quae
2575 3260 2967 3329 disceptatores
3013 3258 3232 3313 sedent.
3280 3257 3360 3310 llli
3411 3272 3564 3317 vero,

1984 3353 2310 3422 aequissimis
2330 3354 2570 3418 omissis,
2603 3354 2669 3407 ad
2694 3351 2947 3406 facillima
2982 3351 3317 3405 dilabuntur.
3344 3349 3566 3417 Equis-

1983 3446 2178 3500 simum
2220 3445 2365 3499 enim
2412 3453 2495 3498 est
2539 3444 2807 3513 obiectum
2848 3443 3097 3497 diluere:
3146 3441 3457 3496 facillimum
3502 3456 3563 3493 ea

1985 3534 2295 3600 defendere,
2348 3534 2415 3588 de
2449 3534 2646 3602 quibus
2676 3548 2782 3586 non
2814 3540 3117 3586 accusatur.
3159 3530 3215 3584 Si
3252 3532 3412 3600 igitur
3440 3532 3564 3597 quia

1984 3634 2173 3693 ptenas
2217 3621 2453 3674 nondum
2499 3621 2724 3684 dedisti,
2759 3619 2881 3673 ideo
2914 3616 3316 3671 Providentiam
3366 3632 3561 3685 negas,

1985 3711 2399 3782 rectejudicasti
2418 3729 2434 3777 ;
2456 3711 2538 3767 sin
2563 3719 2781 3779 pr0pter
2799 3720 3048 3762 naturam
3069 3707 3332 3772 universi,
3365 3706 3564 3776 357a

1982 3801 2164 3856 stulte.
2204 3798 2309 3853 Sed
2340 3802 2481 3853 unde
2511 3800 2652 3852 hanc
2685 3798 2752 3852 de
2777 3797 2972 3852 atomis
3016 3805 3070 3850 et
3098 3796 3235 3850 chao
3268 3794 3404 3875 adeo
3439 3797 3564 3848 trito

1982 3891 2288 3960 opinionem
2319 3888 2611 3943 invenisti?
2645 3886 2949 3940 inordinata
2983 3886 3229 3955 quaedam
3255 3883 3479 3949 volutio,
3510 3893 3565 3938 et

1983 3993 2163 4038 motus
2208 3981 2309 4036 hoc
2350 3979 2665 4033 universum
2718 3977 2929 4042 turbat,
2975 3990 3030 4030 et
3078 3975 3361 4044 antiquum
3399 3975 3563 4029 chaos

1980 4083 2084 4139 cst,
2116 4081 2171 4125 et
2201 4071 2307 4125 tuis
2336 4067 2513 4123 verbis
2541 4066 2841 4137 antiquius,
2877 4080 3054 4137 neque
3083 4065 3323 4120 deﬁnitis
3350 4074 3557 4119 natura:

1981 4164 2188 4235 legibus
2216 4163 2573 4230 obtemperat.
2606 4158 2775 4213 Porro
2800 4167 2978 4211 autem
3007 4158 3187 4212 omnia
3218 4156 3407 4210 ordine
3433 4169 3558 4223 pro-

1981 4257 2211 4323 cedunt,
2254 4253 2396 4321 quod
2444 4248 2739 4304 maximum
2781 4247 3143 4302 Providentiae
3178 4255 3553 4315 argumentum

294 4338 360 4388 τὸ
383 4338 511 4406 χάος
541 4342 763 4397 καὶτῶν
790 4345 897 4399 σῶν
925 4348 1100 4416 λόγων
1146 4350 1536 4420 πρεσϐύτερον.
1584 4352 1725 4406 Ἀλλ’
1755 4354 1877 4406 οὐδὲ

1988 4356 2142 4418 puto,
2188 4346 2371 4400 omnia
2419 4342 2628 4397 scilicet
2677 4339 3021 4405 conservari;
3063 4354 3182 4391 nam
3226 4336 3557 4391 inordinatio

296 4426 546 4481 πείθεται
611 4438 723 4496 τοῖς
773 4434 1101 4507 ὡρισμένοις
1152 4440 1336 4510 νόμοις
1366 4441 1464 4510 τῆς
1502 4441 1748 4508 φύσεως’
1785 4445 1880 4497 καὶ

1989 4437 2415 4507 corruptionem,
2446 4434 2579 4488 ordo
2603 4445 2731 4485 vero
2755 4429 3219 4483 conservationem
3256 4426 3481 4480 inducit.

297 4521 408 4587 μὴν
444 4520 660 4576 ἅπαντα
712 4529 805 4579 καὶ
856 4530 1007 4593 τάξει
1063 4535 1252 4602 χωρεῖ,
1315 4533 1408 4584 κα)⁸
1472 4532 1574 4601 τῆς
1618 4535 1883 4604 Προνοίας
1914 4532 2119 4601 ταύτης
2151 4528 2405 4601 μέγιστον
2469 4521 2622 4594 οἶμαι
2669 4522 2966 4593 τεκμήριον
3031 4519 3094 4573 τὸ
3147 4520 3327 4574 πάντα
3389 4517 3559 4581 σώζε-

297 4610 424 4665 σθαι
450 4629 463 4644 ·
494 4615 688 4681 ἀταξία
741 4618 837 4687 μὲν
862 4620 969 4691 γάρ
1025 4622 1256 4693 φθορὰν,
1286 4623 1438 4689 τάξις
1474 4625 1533 4678 δὲ
1588 4627 1861 4696 σωτηρίαν
1887 4624 2199 4697 ἐργάζεται·

365 4705 431 4757 Τί
462 4706 626 4779 συλᾷς
647 4712 711 4763 ἐκ
731 4711 972 4781 Δελφῶν,
988 4713 1063 4776 ὡς
1088 4714 1148 4778 εξ
1172 4716 1427 4788 οὐρανοῦ,
1459 4717 1558 4788 τὴν
1579 4718 1865 4788 πρόνοιαν;

292 4795 410 4853 ἀλλ’
440 4798 591 4868 ὅμως
620 4803 854 4856 ἐκινεῖτο
890 4804 987 4874 μὲν
1017 4807 1300 4875 Παρνασὸς
1321 4809 1415 4862 καὶ
1468 4809 1613 4862 κατὰ
1642 4809 1869 4880 Περσῶν

2046 4713 2185 4781 Quid
2208 4709 2403 4766 adimis
2428 4706 2673 4777 Delphis,
2700 4705 2841 4760 sicut
2863 4718 2893 4759 e
2917 4700 3075 4769 ccelo,
3117 4700 3509 4773 providentiam
3537 4702 3561 4754 ‘l

1971 4811 2350 4860 verumtamen
2378 4799 2697 4855 movebatur
2717 4794 3041 4859 Parnassus,
3075 4801 3128 4848 et
3155 4803 3341 4847 contra
3376 4807 3562 4862 persas

291 4887 665 4957 ὲκραδαίνετο,
727 4896 965 4964 κορυφαὶ
1012 4895 1068 4949 δὲ
1088 4897 1136 4928 ⁸⁸
1166 4897 1309 4969 ὀρῶν
1354 4899 1477 4957 ἀντὶ
1529 4898 1699 4970 βελῶν
1752 4900 1864 4952 ἑτο-

1992 4895 2274 4955 aciehatur
2307 4911 2320 4946 :
2352 4890 2615 4946 montium
2640 4904 2769 4943 vero
2795 4888 3029 4941 vertices
3053 4900 3150 4954 pro
3183 4885 3302 4939 telis
3343 4896 3560 4954 torque-

295 4976 350 5040 ξε
360 4978 535 5046 ύοντο,
564 4983 766 5055 Πέρσαι
793 4985 850 5038 δὲ
872 4985 1101 5040 ἔπιπτον
1123 4988 1311 5057 τάφοις
1331 4992 1450 5053 ταῖς
1484 4992 1710 5060 πέτραις
1731 5006 1867 5061 χρη-

296 5069 539 5139 σάμενοι.
585 5073 904 5145 Ἑπικούρου
953 5075 1011 5128 δὲ
1045 5076 1221 5133 ταῦτα
1284 5078 1462 5147 λέγειν
1516 5081 1658 5133 κατά
1709 5079 1803 5133 τοῦ
1821 5078 1866 5110 ⁸⁷

1972 4989 2190 5044 bantur.
2244 4982 2502 5039 Cecidere
2546 4990 2727 5035 autem
2783 4977 2990 5043 Persae,
3035 4977 3091 5032 in
3130 4976 3298 5048 petris
3340 4975 3555 5045 sepulti,

1974 5079 2173 5133 Verum
2219 5091 2356 5153 cum_
2382 5073 2648 5146 Epicurus
2691 5071 2807 5125 haec
2847 5069 2901 5124 in
2940 5070 3071 5125 deos
3112 5066 3295 5124 dicere
3334 5064 3555 5127 audeat,

1580 5263 1813 5318 νΑιιιΑῑ
1858 5261 2257 5319 LECTIONES.

363 5382 634 5467 ".1'~'9J;_A
674 5404 689 5441 :
721 5407 850 5467 ποτε
876 5410 942 5467 ς.
1016 5396 1062 5424 τ’
1084 5394 1188 5467 καὶ
1224 5410 1334 5449 om.
1365 5397 1430 5451 A.
1464 5397 1553 5467 __"’
1581 5408 1706 5452 ante
1737 5397 2037 5467 ὑπεύθυνος
2064 5394 2551 5467 excidisseopmor
2592 5387 2823 5467 verbuin
2857 5384 2926 5442 εϊ.
2972 5386 3050 5467 ﬂ“
3075 5383 3449 5467 ἀθρόως-ρῳ.
3485 5383 3552 5441 Α.

294 5452 339 5484 ⁷⁸
363 5454 444 5533 μὴ
474 5456 527 5524 ῥα
644 5474 661 5534 _:
700 5461 832 5534 μηδὲ
861 5452 1006 5534 ῥῖᾼς.
1082 5466 1129 5533 ⁷⁸η
1159 5475 1280 5519 ante
1309 5465 1532 5534 ἐκφεύξ.
1563 5482 1686 5522 cum
1719 5466 1851 5521 ABG
1883 5452 2040 5522 omisi
2068 5466 2189 5526 οὐκ.
2265 5466 2308 5499 ⁷⁷
2336 5452 2490 5534 δίκην
2519 5475 2629 5534 om,
2657 5459 2720 5534 A_.
2755 5458 2931 5511 πάντα
2971 5452 3229 5534 §calig§r:
3304 5454 3354 5534 ἰς
3381 5455 3553 5534 έγχω-

291 5526 531 5624 ρδοῦντοςλ
563 5526 776 5624 ἑκάστω
807 5526 1115 5624 ἀσεϐεἶνλῖ.
1191 5535 1236 5567 ⁷³
1265 5535 1329 5616 δὴ
1366 5526 1407 5589 Ᾰ
1451 5556 1464 5590 :

1504 5536 1585 5589 δεῖ
1620 5554 1682 5600 g-
1756 5536 1802 5569 ⁸ο
1842 5536 2040 5597 ταύτας
2074 5534 2333 5604 Scaliger.

2411 5522 2459 5563 si
2496 5522 2781 5600 προῖςοξθαρ
2837 5544 2895 5591 ς,
2970 5528 3016 5561 δ’
3039 5525 3105 5577 δι’
3122 5522 3171 5577 ’ὃ
3202 5525 3246 5577 Α
3282 5522 3548 5587 εδιότιγς.

319 5594 337 5623 ³
372 5594 531 5665 εἴπερ
566 5598 607 5648 Α
641 5613 654 5648 :
688 5594 861 5670 εἰμὲν
894 5619 954 5665 ς.
1029 5594 1078 5636 δέ
1108 5605 1294 5658 καινοῦ
1317 5594 1386 5669 ’ς.
1466 5607 1511 5636 ⁸⁸
1542 5594 1682 5676 φορά
1706 5623 1762 5659 τε
1786 5607 1877 5659 καὶ
1913 5606 1969 5660 Β.
2023 5594 2169 5677 "es
2195 5594 2304 5658 οἶιι.
2340 5601 2397 5654 Β.
2502 5594 2691 5669 ".1091
2723 5598 2819 5667 τῆς
2848 5600 2906 5649 Α·
