3990 6232
463 252 600 319 1319

1609 254 1874 317 ΡΗΟΤΙΙ
1922 252 2427 315 PATRIAHCH/E
2455 251 2565 313 (ΞΡ.

3583 252 3715 318 1320

460 374 673 419 montes
705 377 808 418 non
845 364 1247 430 concutiuntur,
1274 380 1378 420 non
1414 364 1696 435 Hymettus
1724 363 2029 419 evibratur?

2133 361 2256 414 θεοῦ
2312 363 2682 432 τολμήσαντος
2736 376 2837 413 ουκ
2887 359 2988 429 δρη
3035 357 3258 426 σείεται,
3315 361 3413 431 οὑχ
3446 362 3719 434 Ὑμηττὸς

464 469 569 508 non
602 452 846 519 fulmina,
883 468 988 507 non
1019 454 1254 507 tonitrua
1281 455 1423 508 hunc
1450 468 1556 507 una
1596 469 1719 508 cum
1740 452 2034 507 Academia

460 542 740 596 hominum
783 543 953 597 oculis
980 543 1234 611 eripiunt.
1277 544 1545 599 Callidum
1578 545 1801 599 deorum
1846 543 2034 597 inven-

463 642 573 685 tum
608 631 870 699 intelllgo,
904 634 1048 687 hunc
1079 634 1272 688 vestris
1300 632 1527 701 judiciis
1566 640 1940 698 reservarunt,
1976 639 2036 685 ut

462 722 805 776 Atheniensis
828 737 1049 777 senatus
1070 725 1258 777 eadem
1281 740 1401 794 qua:
1421 724 1647 793 Pythius
1674 733 1824 777 vates
1846 721 2033 791 Apollo

464 816 736 870 decernat.
768 816 822 868 Si
849 815 932 870 vel
959 816 1332 869 tantummodo
1360 816 1602 869 scribere
1627 829 1793 868 ausus
1819 814 2033 881 fuisset,

462 916 719 973 quantum
750 908 881 958 satis
910 914 1055 959 esset
1089 905 1156 958 ad
1201 905 1437 959 tollenda
1465 903 1827 958 Providentia:
1856 902 2031 972 signa,

462 996 764 1066 puniendus
792 997 983 1050 fuisset
1010 1005 1067 1050 ut
1095 997 1313 1065 impius.
1341 997 1398 1051 Si
1426 1006 1605 1052 autem
1635 997 1686 1050 in
1715 1011 1833 1051 eam
1859 997 2030 1065 ipsam

462 1087 859 1141 Providentiam
897 1088 1093 1156 impius
1122 1089 1223 1151 sit,
1259 1089 1413 1157 cujus
1443 1089 1730 1143 simulacra
1760 1098 1885 1142 sunt
1916 1100 2033 1141 cte-

463 1180 590 1245 lum,
633 1188 799 1243 terra,
831 1179 1331 1248 elcmentorumque
1363 1189 1569 1233 natura:
1601 1197 1616 1234 :
1653 1195 1719 1232 an
1751 1191 2033 1247 parcemtts

462 1280 717 1340 tanquam
751 1270 1018 1323 modicum
1046 1269 1260 1324 facinus
1286 1269 1553 1338 patrarit?
1587 1268 1731 1321 Bene
1757 1268 1901 1321 enim
1925 1276 2029 1333 est,

461 1359 655 1428 tnqnit,
688 1360 990 1427 improbis;
1026 1369 1084 1412 at
1119 1373 1368 1427 quaenam
1407 1368 1585 1412 tamen
1630 1359 1802 1427 major
1830 1357 2034 1426 impro-

462 1449 628 1503 bitate
677 1447 1009 1501 infelicitas?
1055 1448 1193 1503 Male
1243 1462 1371 1502 vero
1415 1458 1496 1502 est
1540 1448 1897 1515 sapientibus.
1946 1447 2029 1500 An

462 1538 618 1592 aliam
647 1537 960 1593 felicitatem
990 1548 1149 1606 putas
1195 1539 1392 1592 virtute
1432 1538 1755 1592 meliorem?
1783 1537 1887 1603 ita;
1923 1552 2030 1592 non

2140 451 2618 521 συγκραδαίνεται,
2646 450 2709 503 οὑ
2768 449 3087 521 πρηστῆρες
3116 450 3238 504 οὑδὲ
3284 454 3519 521 σκηπτοὶ
3577 455 3717 527 αὐτῇ

2134 540 2324 596 τοῦτον
2361 542 2665 612 Ἀκαδημίᾳ
2692 538 3135 610 συναφανίζουσι.
3175 542 3407 613 Συνίημι
3443 544 3505 597 τὸ
3546 561 3720 616 στρα-

2133 634 2360 703 τήγημα
2381 633 2491 687 τῶν
2519 632 2691 686 θεῶν⁸
2728 631 3024 701 ὑμετέραις
3060 630 3263 701 ψήφοις
3284 632 3473 687 τοῦτον
3519 636 3721 704 ἐτήρης

2136 737 2256 787 σαν,
2289 724 2377 776 ἶνα
2406 723 2649 776 Ἀττικὸν
2677 722 3029 791 δικαστήριον
3072 720 3161 773 ίσα
3204 721 3388 791 Πυθίῳ
3420 722 3719 795 βουλεύση-

2133 829 2243 867 ται.
2280 814 2343 866 Εί
2369 813 2469 883 μὲν
2493 809 2588 867 οὖν
2626 812 2839 882 γράψαι
2880 809 3137 863 τοσοῦτον
3192 813 3355 879 μόνον
3406 813 3716 883 ἐτόλμησεν

2131 903 2256 956 ὅσον
2282 903 2657 974 καθαιρεῖντά
2685 902 2787 971 τῆς
2827 901 3083 972 προνοίας
3115 901 3429 972 ἀγάλματα,
3486 902 3596 957 εδει
3632 904 3714 957 δι-

2130 996 2278 1048 δόναι
2301 997 2457 1067 δίκην
2477 996 2553 1059 ὠς
2571 994 2922 1061 ἀσεϐήσαντα
2953 1010 2969 1025 ·
3001 996 3048 1047 εί
3083 994 3140 1047 δὲ
3168 998 3250 1058 είς
3295 997 3468 1067 αὑτὴν
3493 998 3716 1068 ἐκείνην

2132 1086 2337 1151 ἀσεϐεῖ,
2367 1082 2436 1158 ἧς
2492 1088 2723 1157 οὐρανὸς
2771 1086 2869 1138 καὶ
2919 1086 2988 1154 γῆ
3040 1086 3132 1139 καὶ
3182 1086 3465 1156 στοιχείων
3521 1089 3715 1157 φύσεις

2130 1176 2444 1247 ἀγάλματα,
2481 1178 2557 1241 ώς
2587 1178 2807 1248 μέτριόν
2838 1194 2890 1229 τι
2913 1176 3106 1246 δρᾶσαι
3130 1176 3505 1247 διανοηθέντος
3528 1180 3714 1247 φεισό-

2134 1268 2305 1336 μεθα;
2335 1267 2635 1337 Εὑτυχοῦσι
2655 1269 2787 1338 γὰρ,
2815 1266 2999 1337 φησὶν,
3034 1268 3081 1319 οί
3106 1268 3287 1321 κακοί.
3318 1270 3428 1322 Καὶ
3449 1269 3497 1302 ⁸⁸
3535 1271 3588 1322 τί
3614 1287 3713 1323 κα-

2132 1358 2258 1422 κίας
2292 1358 2473 1427 μεῖζον
2524 1358 2876 1427 δυστύχημα;
2913 1357 3247 1427 δυστυχοῦσι,
3290 1360 3399 1429 γὰρ
3447 1361 3500 1415 oi

2132 1447 2412 1521 [108811.]
2462 1447 2595 1503 Εἶτα
2653 1449 2908 1519 εὐτυχίαν
2968 1448 3137 1520 ἄλλην
3188 1451 3391 1521 ἀρετῆς
3442 1453 3549 1523 ἡγῇ
3590 1453 3711 1522 pex-

2130 1540 2279 1593 τίονα
2294 1541 2370 1608 ⁸⁹;
2403 1543 2515 1611 Ούχ
2545 1535 2620 1605 εἷς
2647 1541 2757 1611 βίος
2776 1539 3064 1610 ἀνθρώπου
3092 1543 3315 1613 γνώμης
3349 1544 3585 1615 ὑπάρχει
3612 1545 3715 1597 καὶ.

460 1643 563 1682 una
606 1637 693 1682 est
736 1628 997 1698 cujusque
1046 1627 1280 1681 hominis
1322 1630 1445 1682 vita:
1491 1629 1631 1682 ratio
1674 1642 1705 1682 a
1747 1637 1935 1681 natura
1975 1635 2030 1680 et

2134 1634 2370 1702 φύσεως,
2404 1634 2539 1686 ἀλλά
2585 1633 2861 1702 σχίζονται
2886 1633 2983 1702 μὲν
3014 1636 3065 1686 οἱ
3117 1633 3227 1687 τῶν
3278 1634 3540 1703 βιούντων
3579 1653 3709 1689 σκο-

460 1720 766 1788 voluntate,
812 1722 906 1775 sed
944 1720 1256 1775 dividuntur
1290 1721 1507 1789 quidem
1542 1721 1817 1774 hominum
1856 1721 2030 1773 inten-

2134 1700 2246 1785 ποὶ,
2275 1700 2702 1794 συμμερίζοντ-αι
2730 1724 2786 1775 δὲ
2818 1700 2991 1795 πέρας
3020 1723 3237 1793 ἑκάστῳ
3278 1700 3342 1777 τὸ
3372 1727 3705 1796 πρόσφορον.

462 1814 674 1867 tiones:
700 1811 946 1866 tribuunt
965 1825 1092 1864 vero
1114 1811 1403 1880 unicuique
1428 1811 1703 1880 proprium
1721 1810 1822 1865 sibi
1848 1810 2027 1865 finem.

460 1903 646 1958 Nullus
672 1902 957 1972 imperium
990 1902 1230 1957 omnium
1262 1902 1433 1956 ambit
1456 1902 1694 1971 sapiens,
1726 1902 1881 1971 cujus
1907 1916 2031 1971 pos-

456 2013 703 2054 sessores
741 1997 959 2068 plurimi
1008 1999 1193 2051 beatos
1242 1997 1556 2065 praedicant,
1601 2012 1719 2061 nec,
1770 1998 1813 2049 si
1851 1997 2031 2051 minus

456 2096 855 2158 consequatur,
906 2088 1158 2139 damnum
1210 2096 1385 2154 putat.
1440 2084 1581 2149 Quid
1628 2099 1760 2154 ergo
1798 2093 2028 2153 spectat,

457 2180 587 2247 quid
617 2178 853 2232 intendit
876 2216 891 2240 ,
924 2192 1024 2230 cur
1051 2175 1283 2238 laborat,
1317 2191 1417 2228 cur
1446 2185 1606 2229 noctu
1632 2174 1839 2243 vigilat,
1865 2184 1920 2228 et
1953 2175 2034 2227 in-

465 2268 639 2322 terdiu
692 2264 908 2320 studet?
974 2264 1042 2320 Ut
1100 2266 1360 2318 virtutem
1434 2274 1821 2330 consequatur.
1879 2266 2033 2319 Hanc

457 2368 725 2429 quomodo
772 2356 1078 2412 obtinebit?
1129 2366 1183 2409 et
1236 2371 1344 2423 qua
1380 2358 1591 2410 ratione
1642 2355 1838 2411 divinae
1888 2356 2031 2411 illius

456 2452 652 2521 praedas
666 2464 887 2519 compos
907 2448 1037 2518 fiet]
1060 2448 1268 2516 Opibus
1289 2457 1343 2501 et
1365 2446 1570 2501 divitiis
1596 2462 1702 2503 non
1728 2448 2034 2516 acquiritur

456 2544 666 2611 virtus,
705 2558 881 2613 neque
912 2542 1155 2608 corporis
1192 2541 1408 2596 robore.
1452 2540 1681 2595 Omnem
1713 2532 1857 2595 enim
1886 2539 2033 2595 olea-

457 2636 668 2705 gineam
715 2648 969 2689 coronam
1000 2633 1239 2690 excedit.
1272 2631 1489 2687 Virtute
1532 2633 1762 2689 bellica?
1794 2633 1861 2687 Et
1887 2648 2035 2702 qure-

460 2748 581 2787 nam
630 2742 828 2802 tropaea
876 2732 1127 2786 chariora
1186 2747 1346 2803 quam
1399 2732 1467 2786 de
1508 2732 1641 2786 vitio
1684 2732 2032 2786 statuuntur?

457 2823 573 2880 Non
610 2822 774 2890 igitur
817 2822 1044 2891 sapienti
1084 2823 1303 2892 pauperi
1345 2831 1720 2891 paupertatem
1768 2820 2024 2890 olnjicias:

458 2933 564 2972 non
597 2916 741 2971 enim
772 2925 982 2984 spectat
1013 2915 1249 2971 divitias.
1301 2912 1497 2986 357b
1530 2913 1714 2984 Neque
1745 2913 2028 2984 aegrotanti

458 3006 880 3062 invaletudinem
944 3005 1276 3075 exprobres,
1337 3008 1601 3074 siquidem
1664 3004 1856 3061 melior
1902 3020 2097 3093 parsC

458 3100 602 3155 illius
633 3097 778 3153 salva
809 3098 909 3163 sit,
945 3112 1117 3167 neque
1174 3096 1513 3166 improbres,
1549 3098 1594 3151 si
1630 3111 1656 3150 a
1690 3097 1891 3151 civitati
1928 3097 2030 3150 im-

459 3191 777 3259 perantibus
811 3190 1077 3253 vincatur,
1113 3188 1548 3257 quandoquidem
1583 3187 1747 3241 etiam
1784 3185 2030 3242 fortiori-

458 3281 559 3334 bus
587 3278 835 3346 superior
863 3287 964 3331 est.
1001 3276 1236 3330 Tantum
1262 3279 1408 3329 enim
1439 3278 1592 3331 abest
1617 3286 1675 3329 ut
1700 3275 1787 3328 vir
1815 3277 2030 3345 sapiens

461 3369 654 3424 horum
690 3368 1087 3438 possessionem
1135 3375 1393 3428 sectetur,
1424 3364 1509 3419 vel
1545 3380 1603 3419 se
1638 3365 1944 3429 infelicem,
1983 3366 2030 3420 si

459 3470 672 3526 careat,
714 3459 1010 3522 existimet,
1042 3468 1101 3511 ut
1138 3457 1301 3512 etiam
1345 3457 1531 3525 aliqui,
1577 3457 1808 3510 maxime
1840 3472 2028 3511 eorum

456 3552 552 3622 qui
600 3550 868 3619 sapientia
912 3558 966 3603 et
1012 3548 1214 3602 virtute
1253 3550 1584 3610 claruerunt,
1632 3547 1699 3599 iis
1742 3561 1800 3600 se
1838 3557 2031 3614 sponte

458 3642 746 3711 privarim,
770 3655 876 3709 quo
902 3640 1057 3695 liberi
1091 3642 1157 3695 ab
1186 3639 1332 3695 omni
1367 3648 1594 3693 externo
1621 3639 2027 3705 impedimento,

460 3733 782 3789 immortalis
829 3732 1046 3786 virtutis
1092 3732 1310 3786 divitias
1368 3742 1630 3785 emerent.
1681 3731 2029 3800 Anaxagoras

456 3830 638 3882 omnia
671 3826 859 3896 patria:
891 3840 1088 3895 pascua
1114 3824 1344 3887 dimisit,
1388 3826 1561 3893 reipsa
1586 3824 1866 3877 declarans
1890 3838 2032 3891 quaa-

457 3934 584 3973 nam
629 3917 955 3987 agricultura
986 3900 1323 3983 sapientibus
1360 3915 1650 3969 conveniat
1690 3915 1824 3984 (36).
1877 3912 2029 3968 Ultro

459 4010 794 4065 Democritus
832 4009 1076 4064 morbum
1106 4006 1369 4075 concivit},
1413 4016 1471 4061 ut
1510 4022 1637 4076 pars
1668 4007 1857 4063 melior
1897 4021 2026 4062 sana

457 4112 620 4157 esset.

528 4194 665 4263 Quid
705 4209 832 4266 ergo
872 4191 1267 4247 Providentiam
1319 4192 1561 4254 incusas,
1616 4201 1873 4259 tanquam
1920 4204 2025 4243 non

455 4294 603 4343 recte
651 4286 778 4354 quid
847 4284 917 4339 sit
977 4283 1177 4350 justum
1236 4281 1684 4336 distribuentem?
1760 4281 1815 4335 Si
1883 4282 2025 4336 enim

2132 1814 2243 1866 Ούκ
2276 1814 2375 1883 ἐρᾷ
2407 1814 2565 1882 σοφὸς
2590 1816 2692 1885 τὴν
2714 1814 2888 1885 ἀρχὴν
2930 1814 3143 1877 οὐδενὸς
3170 1814 3278 1867 τῶν
3322 1815 3565 1880 πάντων,
3621 1815 3709 1885 ἐφ’

2131 1897 2279 1964 οἷςοί
2318 1904 2561 1958 πλεῖστοι
2597 1908 2724 1968 τοὺς
2770 1908 3143 1977 κεκτημένους
3195 1903 3662 1973 εὐδαιμονίζουσιν
3687 1919 3708 1939 ο

2131 1995 2327 2048 οὔκουν
2342 1997 2462 2050 οὑδὲ
2501 1997 2704 2066 ζημίαν
2732 1998 2793 2051 τὸ
2824 1999 2900 2069 μὴ
2925 1998 3212 2068 τυγχάνειν
3244 1995 3364 2068 [581
3402 1996 3496 2068 IL]
3549 1997 3711 2051 ὑπεί-

2130 2087 2288 2156 ληφε.
2320 2089 2384 2141 Τί
2408 2084 2501 2141 οὖν
2520 2090 2712 2160 ἐκείνῳ
2734 2090 2908 2155 τέλος,
2933 2091 3030 2144 καὶ
3060 2090 3195 2160 πρὸς
3246 2090 3299 2141 τί
3352 2088 3565 2159 βλέπων
3615 2090 3710 2143 καὶ

2135 2178 2328 2241 πόνους
2352 2182 2505 2232 πονεί
2534 2181 2627 2233 καὶ
2644 2180 2859 2253 νύκτωρ
2870 2182 3145 2253 ἀγρυπνεῖ
3170 2180 3265 2234 καί⁵
3284 2180 3403 2250 μεθ’
3430 2181 3644 2251 ἡμέραν
3662 2183 3711 2213 ’⁸

2134 2270 2502 2337 ἐσπούδακεν;
2542 2272 2769 2342 Ἀρετῆς
2797 2274 3007 2343 κτῆσις,
3036 2266 3082 2326 ὦ
3104 2274 3221 2327 τάν.
3257 2273 3472 2340 Ταύτην
3502 2273 3559 2325 δὲ
3588 2272 3710 2336 πῶς

2134 2362 2298 2430 αίρεῖ,
2334 2364 2445 2418 κάκ
2497 2363 2642 2426 τίνος
2671 2365 2878 2435 τρόπου
2924 2365 3025 2435 τῆς
3071 2364 3220 2428 θείας
3275 2363 3489 2432 ἐκείνης
3534 2364 3710 2434 θήρας

2134 2453 2410 2524 ἔγκρατὴς
2436 2454 2676 2523 γίνεται;
2718 2455 2935 2526 πλούτῳ
2962 2458 3057 2509 καὶ
3086 2457 3365 2528 χρήμασιν
3416 2457 3520 2510 οὐκ
3561 2455 3711 2508 ἐστιν

2133 2546 2329 2617 αἱρετή
2355 2547 2421 2600 ’⁸.
2462 2546 2647 2619 Ῥώμῃ
2668 2550 2762 2602 τοῦ
2793 2550 2841 2586 ’⁸
2882 2548 3133 2619 σώματος
3153 2550 3235 2615 ⁹³;
3288 2548 3463 2619 ’Υπὲρ
3494 2547 3708 2601 ᾶπαντα

2132 2635 2393 2689 κότινονό
2420 2636 2625 2706 ταύτης
2664 2638 2948 2705 στέφανος.
3002 2638 3242 2706 Δυνάμει
3273 2638 3340 2708 τῇ
3374 2636 3517 2689 κατὰ
3554 2636 3648 2688 τὸν
3662 2638 3711 2667 ⁸⁸

2132 2725 2396 2796 πόλεμον;
2438 2727 2549 2779 Καὶ
2579 2726 2701 2783 τίνα
2731 2728 2967 2799 τρόπαια
2987 2728 3097 2781 τῶν
3136 2729 3245 2780 ἀπὸ
3260 2727 3304 2759 ⁸⁵
3338 2726 3536 2790 κακίας
3589 2726 3710 2797 μεί-

2132 2817 2293 2884 Cava;
2324 2818 2451 2888 μήτ’
2494 2816 2591 2872 οὖν
2632 2820 2914 2890 πενομένῳ
2941 2820 3017 2890 τῷ
3053 2819 3201 2890 σοφῷ
3226 2819 3421 2873 πενίαν
3465 2818 3709 2889 πρόφερε

2133 2907 2215 2980 (οὺ
2237 2910 2344 2980 γὰρ
2377 2905 2445 2980 ἦν
2468 2911 2670 2974 σκοπὸς
2694 2912 2764 2966 τά
2806 2913 3106 2983 χρήματα),
3134 2913 3271 2983 μήτε
3316 2910 3561 2965 νοσοῦντι
3610 2910 3710 2980 τὴν

2131 3002 2442 3072 ἀρρωστίαν
2507 3001 2755 3071 ὀνείδιζε,
2814 3005 2972 3075 εῐπερ
3006 3005 3236 3073 ὑγιαίνει
3288 3003 3357 3057 τὰ
3400 3002 3705 3073 κρείττονα,

2134 3095 2270 3162 μήτε
2288 3093 2332 3126 ⁸⁸
2358 3095 2658 3166 ἡττωμένῳ
2698 3095 2809 3149 τῶν
2868 3094 3307 3151 δυναστεύοντων
3353 3095 3412 3147 ὲν
3465 3092 3707 3157 πόλεσιν,

2129 3185 2287 3255 εἴπερ
2318 3190 2512 3255 κρατεῖ
2531 3190 2645 3250 τοῖς
2679 3188 2947 3257 ἀμείνοσι.
2982 3187 3250 3241 Τοσοῦτον
3264 3188 3310 3219 ⁸⁷
3351 3184 3463 3255 γὰρ
3500 3183 3568 3238 ἂν
3596 3181 3708 3236 δέοι

2131 3278 2419 3341 σπουδαῖος
2436 3279 2579 3349 ἀνὴρ
2614 3279 2973 3348 μεταδιώκειν
2991 3281 3093 3349 τὴν
3122 3278 3236 3332 τῶν
3279 3276 3541 3332 τοιούτων
3571 3274 3705 3342 κτῆ-

2132 3384 2216 3421 σιν
2239 3368 2272 3439 ἢ
2304 3368 2588 3439 δυστυχεῖν
2614 3369 3109 3440 ὑπολαμϐάνειντῷ
3126 3370 3175 3402 ’⁸
3203 3367 3512 3436 στέρεσθαι,
3560 3362 3705 3416 ὥστε

2128 3456 2228 3526 ἤδη
2249 3456 2393 3519 τινὲς
2420 3458 2513 3509 καὶ
2544 3457 2687 3527 μάλα
2717 3458 2827 3511 τῶν
2881 3458 3203 3527 ὀνομαστῶν
3254 3458 3349 3511 ἐπὶ
3403 3457 3567 3526 σοφίᾳ
3610 3454 3708 3507 καὶ

2129 3548 2298 3617 ἀρετῇ
2334 3546 2431 3619 [οἳ]
2464 3548 2668 3602 τούτων
2723 3550 2943 3613 ἑκόντες
2995 3550 3333 3621 ἀπέστησαν,
3389 3549 3475 3602 ἴνα
3524 3546 3709 3613 πάσης

2128 3637 2354 3700 ἑαυτοὺς
2384 3638 2486 3707 τῆς
2530 3638 2730 3706 ἔξωθεν
2790 3629 3045 3709 ἀσχολίας
3101 3638 3565 3710 ἐλευθερώσαντες
3614 3643 3711 3695 τὶν

2128 3728 2396 3782 ἀθάνατον
2425 3729 2527 3799 τῆς
2548 3731 2751 3801 ἀρετῆς
2786 3730 3013 3783 πλοῦτον
3059 3730 3418 3795 ἀλλάξωνται.
3482 3733 3711 3799 Ἀναξα-

2128 3822 2297 3890 γόρας
2326 3821 2428 3890 γῆν
2459 3820 2629 3891 ἀνῆκε
2653 3822 2756 3891 τὴν
2779 3820 2973 3875 ἑαυτοῦ
2998 3822 3180 3875 πᾶσαν
3216 3822 3533 3892 μηλόϐοτον,
3556 3822 3710 3892 έργῳ

2128 3913 2432 3983 νομοθετῶν
2446 3914 2529 3977 τίς
2541 3915 2783 3986 γεωργία
2794 3918 2908 3979 τοῖς
2929 3915 3256 3985 σοφωτέροις
3272 3915 3619 3985 ἁρμόττουσα
3636 3918 3709 3977 ’⁸.

2142 4004 2317 4059 Ἐκὼν
2344 4004 2401 4057 δὲ
2429 4007 2600 4059 ἐνόσει
2628 4007 2692 4059 τὸ
2710 4007 2729 4039 ⁸
2766 4007 2924 4076 σῶμα
2951 3990 3317 4079 Ἀημόκριτος,
3348 4008 3437 4060 ἴνα
3482 4007 3705 4081 ὑγιαίνῃ

2130 4095 2201 4147 τά
2227 4094 2531 4164 κρείττονα.

2199 4187 2264 4238 Τί
2297 4186 2392 4240 οὖν
2421 4186 2669 4256 ἐγκαλεῖς
2717 4190 2952 4260 Προνοία
2983 4190 3059 4254 ώς
3094 4191 3170 4261 μὴ
3231 4190 3528 4263 μεριζούσῃ
3581 4189 3708 4243 κατ’

2129 4278 2287 4343 ἀξίαν
2318 4280 2379 4333 τὺ
2408 4280 2642 4347 δίκαιον;
2673 4281 2736 4333 Ei
2763 4281 2871 4352 γὰρ
2899 4282 2995 4337 καὶ
3034 4285 3333 4353 περιόντων
3388 4281 3706 4353 ὑπερορῶσι

455 4376 636 4431 omnia
687 4384 911 4429 externa
981 4373 1120 4427 bona
1181 4372 1520 4440 despiciunt,
1592 4372 1860 4439 quomodo
1914 4387 2023 4427 non

2132 4368 2238 4421 τῶν
2264 4369 2420 4433 ἐκτὸς
2449 4371 2726 4433 ἁπάντων,
2758 4371 2877 4433 πῶς
2917 4372 2951 4443 ἢ
2977 4373 3234 4443 ἄχθονται
3285 4373 3359 4444 μὴ
3393 4373 3707 4435 παρόντων.

454 4471 713 4525 habentes
752 4467 976 4521 moleste
1036 4463 1243 4525 ferant,
1312 4460 1395 4515 vel
1441 4468 1499 4514 ut
1535 4469 1889 4529 assequamur
1939 4462 2020 4516 la-

455 4557 648 4612 borent
667 4557 689 4610 ἳ
710 4555 841 4623 Quis
865 4555 1008 4609 enim
1038 4553 1189 4608 dives
1212 4568 1313 4608 non
1334 4550 1611 4607 existimet
1632 4567 1762 4621 opes
1787 4557 2021 4607 maximo

452 4647 835 4718 impedimento
857 4646 1012 4701 esse?
1042 4644 1351 4698 Divinarum
1374 4654 1553 4699 autem
1584 4653 1637 4698 et
1663 4645 2018 4699 humanarum

452 4754 634 4795 rerum
675 4740 927 4809 cognitio,
973 4748 1029 4791 et
1071 4737 1192 4792 talis
1219 4751 1283 4791 ac
1324 4744 1485 4791 tanta!
1507 4736 1785 4805 sapientize
1816 4736 2022 4806 magni-

457 4832 605 4897 tudo,
652 4832 817 4884 tibine
836 4829 1080 4884 videatur
1104 4842 1561 4899 supervacaneum
1593 4827 1727 4897 quid
1752 4837 2016 4882 mercatu-

454 4938 566 4977 ram
598 4921 833 4985 facienti,
860 4931 916 4976 et
949 4921 1216 4975 sarcinam
1276 4919 1505 4974 sollicite
1541 4918 1769 4988 gerenti,
1798 4927 1853 4972 et
1878 4933 2018 4974 onus

451 5016 523 5079 ci,
551 5012 641 5082 qui
674 5011 903 5066 honores
936 5025 998 5065 ac
1032 5009 1380 5079 magistratus
1402 5009 1454 5062 in
1483 5008 1703 5063 civitate
1739 5007 2019 5062 sectatur?

2125 4462 2332 4532 ῆὸπως
2364 4464 2586 4537 ὑπάρχῃ
2628 4466 3017 4533 circumtonat;
3056 4467 3153 4530 Τίς
3184 4467 3293 4537 γὰρ
3329 4466 3574 4520 πλουτῶν
3604 4468 3709 4520 οὑκ

2124 4555 2381 4625 ἀσχολίαν
2405 4556 2529 4625 ἄγει
2560 4556 2825 4628 μεγίστην
2852 4558 2991 4612 αὑτά
3015 4558 3081 4611 τὰ
3102 4560 3394 4628 χρήματα;
3425 4557 3591 4611 θείων
3647 4557 3707 4609 δὲ

2125 4648 2325 4713 γνῶσις
2346 4650 2442 4701 καὶ
2462 4648 2819 4719 ἀνθρωπίνων
2856 4650 3219 4720 πραγμάτων,
3280 4651 3375 4703 καὶ
3428 4646 3708 4717 τοσαύτης

2124 4737 2216 4789 καὶ
2241 4737 2572 4808 τηλικαύτης
2608 4740 2801 4808 σοφίας
2836 4739 3085 4811 μέγεθος,
3122 4737 3231 4809 ἆρά
3261 4756 3344 4792 σοι
3379 4738 3528 4792 δοκεῖ
3557 4738 3705 4806 πάρα

2122 4844 2283 4899 εργον
2314 4832 2334 4861 ³
2368 4831 2469 4900 μὲν
2518 4827 2658 4884 εἶναι
2686 4832 2781 4884 τοῦ
2810 4830 3209 4903 χρηματιστοῦ,
3233 4829 3329 4883 τοῦ
3371 4830 3432 4883 δὲ
3485 4846 3707 4899 παρερ-

2122 4919 2349 4987 γοῦντος
2378 4921 2653 4990 ἐφόλκιον,
2683 4922 2778 4975 τοῦ
2813 4923 2870 4975 δὲ
2897 4922 2995 4986 τάς
3026 4924 3086 4975 ἐν
3133 4922 3286 4975 πόλει
3342 4920 3513 4991 τιμὰς
3575 4919 3707 4974 διώ-

2123 5027 2311 5075 κοντος
2336 5013 2790 5084 ὲπακολούθημας
2823 5012 2917 5084 Μὴ
2944 5012 3124 5067 τοίνυν
3162 5013 3562 5081 κακοδαίμονας
3594 5012 3701 5064 κά-

1737 5166 1977 5226 VARIAE
2022 5168 2436 5227 LECTIONES.

432 5283 445 5295 -
523 5282 568 5314 se
599 5282 695 5335 καὶ
729 5298 837 5337 οηι.
868 5284 931 5336 Α.
1007 5283 1053 5352 ⁸λ⁹
1085 5282 1328 5351 βελτίονα
1362 5284 1407 5337 Α
1442 5304 1455 5336 :
1488 5282 1721 5352 βελτίω;
1765 5283 1853 5337 ναί
1880 5302 1940 5350 ς-

450 5366 559 5455 om).
590 5352 660 5455 AB.
720 5354 802 5455 ﬂ"
972 5350 1218 5455 σώματος
1249 5354 1458 5455 ευιιιὲςὶ
1484 5350 1639 5432 ι)ιηίξί
1672 5354 1867 5455 αἱρετῄ

452 5420 557 5492 ὑπὸ
582 5425 646 5475 A.
675 5490 692 5492 _
720 5423 767 5455 "
802 5421 939 5490 μήτε
988 5420 1064 5492 τῷ
1094 5424 1213 5492 ἠττ.
1246 5440 1305 5487 ς.
1383 5427 1427 5458 ³⁷
1457 5421 1678 5475 τοσοῦτο
1712 5420 1771 5486 ἑ.

2014 5283 2063 5316 ⁸⁸
2089 5285 2301 5365 ἡμέρας
2327 5302 2387 5349 ς’.
2463 5286 2508 5367 ξ’
2543 5283 2758 5367 αἱρετή]
2793 5284 2965 5408 aged;
2998 5283 3108 5339 AC.

2014 5355 2137 5407 ebat
2168 5364 2328 5408 etiam
2384 5354 2656 5408 Letcluus.
2694 5371 2745 5408 ι).
2780 5354 2819 5408 Χ
2881 5353 2945 5408 V.
3019 5355 3062 5385 "
3096 5370 3108 5401 ι

1870 5396 1885 5418 ,
1924 5353 2137 5407 delebat
2168 5353 2328 5409 etiam
2384 5353 2656 5415 Leichius,
2694 5353 2757 5423 p.
2780 5353 2945 5423 XXV.

1870 5425 1893 5456 ⁸
1922 5423 2000 5494 τῷ
2035 5423 2112 5494 Βνε
2145 5424 2205 5476 τὸ
2230 5442 2290 5489 ς.

3208 5282 3255 5313 ⁸⁸
3282 5278 3375 5333 τοῦ
3405 5280 3471 5341 A,
3517 5294 3578 5330 τε
3609 5295 3699 5344 cz

2622 5370 2656 5415 ι,
2694 5353 2757 5423 p.
2780 5353 2945 5410 XXV.
3019 5355 3062 5385 "
3096 5353 3325 5434 τὸνριιι.

2622 5424 2788 5487 ζουσα
2814 5422 2874 5477 Β.
2952 5430 2968 5462 ί
2996 5422 3056 5474 τὸ
3088 5420 3209 5476 Itbn
3247 5436 3355 5475 om.

3019 5355 3062 5385 "
3096 5352 3185 5404 τὸν
3214 5366 3325 5405 om.
3360 5348 3451 5420 B._
3497 5350 3544 5381 ”
3566 5347 3701 5420 ἀπὸ]

2394 5426 2440 5456 οι
2473 5417 2788 5493 ἁρμόζουσα
2814 5422 2874 5477 Β.
2950 5422 3056 5493 ξτδ
3088 5420 3209 5476 libri
3247 5436 3355 5475 om.
3433 5417 3454 5448 ²
3490 5417 3704 5490 παέιερ⁴ἰ

450 5490 693 5563 γοῦντος]
724 5489 1138 5560 περιεργοῖητος
1167 5491 1427 5563 Scaliger,
1463 5492 1891 5563 πανουργοῦντος
1917 5489 2187 5557 iteiskius,
2223 5508 2328 5549 non
2360 5489 2701 5565 pejns'fnerit
2727 5491 3120 5562 γεωργοῦντος.

529 5691 632 5764 (36)
672 5692 817 5766 Orig.
854 5692 946 5749 lib.
988 5708 1025 5747 ll
1071 5693 1266 5747 Contra
1311 5691 1551 5761 Celsum;
1598 5693 1839 5749 Lactant.
1870 5601 2311 5763 lib.N:1Of}alsa
2336 5712 2450 5764 sap.
2485 5711 2601 5767 cap.
2629 5696 2699 5750 23
2728 5714 2744 5767 ;
2778 5697 2921 5753 Plut.
2954 5696 3005 5753 in
3045 5694 3162 5749 Vita
3198 5692 3444 5750 Paridis.
