3990 6232
301 279 433 344 1321

1379 272 1898 336 BIBLIOTHECA.
1936 299 2004 310 --
2039 273 2206 335 COD.
2243 273 2550 336 CCXLIlI.

3423 275 3560 342 1322

285 391 371 445 λει
404 388 531 452 τοὺς
560 385 660 460 τὴν
685 384 946 458 μεγίστην
972 383 1321 458 εὐδαιμονίαν
1347 383 1868 456 εὐδαιμονήσαντας,
1903 421 1911 444 Α

1998 380 2094 440 fon
2115 398 2244 454 ergo
2260 398 2355 441 eos
2373 383 2615 440 infelices
2634 383 2922 456 appellato,
2942 387 3035 458 qui
3053 386 3293 442 omnium
3311 388 3562 444 suntfeli-

292 478 430 552 μηδέ
451 478 738 548 δυστυχεῖς
786 475 915 540 τούς
965 473 1351 548 ὁμοιουμένους
1405 474 1520 537 τοῖς
1567 473 1866 544 κρείττοσι,

293 571 432 644 μηδὲ
466 569 728 640 πένητας,
755 561 829 622 ὧν
870 567 1148 640 θησαυρὸς
1194 566 1461 630 ἀθάνατος
1482 566 1525 632 ³,
1583 565 1721 636 μηδὲ
1753 562 1872 618 ἀτί-

291 673 451 730 μους,
483 657 576 722 οὒς
613 660 705 712 ίσα
737 657 880 721 θεοῖς
903 655 1279 728 θαυμάζομεν.
1311 654 1506 708 Πολλοὶ
1530 653 1638 726 γάρ
1675 651 1874 707 πολλά-

289 767 380 814 κις
409 749 568 804 κακοὶ
595 749 690 820 μὲν
719 745 948 818 γνώμην
997 747 1378 815 τυγχάνουσιν,
1407 747 1757 800 ἐπαινοῦνται
1815 745 1872 798 δέ

290 839 555 902 πολλάκις
584 839 716 910 παρ’
750 837 931 903 ἐνίων,
963 836 1064 908 τῆς
1090 835 1279 908 χρείας
1311 835 1572 905 ποιούσης
1607 835 1730 890 ἀντὶ
1775 835 1874 905 τῆς

291 930 555 1002 ἀληθείας
577 931 672 984 τὸν
701 929 948 985 ἔπαινον.

368 1024 568 1077 Καίτοι
601 1039 663 1091 γε
699 1022 874 1092 ἡδέως
916 1020 983 1076 ἂν
1019 1020 1250 1092 ἐροίμην
1277 1021 1402 1084 τοὺς
1438 1020 1722 1086 ὀνειδίζειν
1765 1021 1877 1083 τοῖς

294 1115 481 1182 σοφοῖς
544 1111 642 1183 τὴν
718 1111 1012 1182 δυστυχίαν
1059 1110 1364 1176 ἐθέλοντας,
1423 1112 1652 1182 πότερον
1735 1105 1878 1181 ἦσαν

291 1204 530 1259 τοιοῦτοι
575 1205 707 1276 πρὶν
740 1204 1002 1273 γενέσθαι
1059 1203 1301 1276 σοφοὶ,ἢ
1351 1203 1490 1274 μετὰ
1549 1201 1721 1258 ταῦτα
1769 1202 1879 1254 τῶν

292 1297 606 1368 λεγομένων
652 1297 1054 1368 εὐτυχημάτων
1111 1295 1459 1367 ἀφῄρηνταις
1511 1293 1576 1349 Εί
1619 1295 1716 1365 μὲν
1742 1295 1873 1367 πρό-

293 1407 479 1462 τερον,
533 1391 594 1443 οὐ
647 1390 746 1460 τῆς
779 1388 984 1461 ἀρετῆς
1041 1388 1104 1440 τὸ
1142 1387 1436 1458 ἔγκλημα·
1489 1387 1538 1440 εί
1587 1386 1644 1438 δέ
1694 1384 1754 1450 ἐξ
1820 1375 1881 1438 οὗ

295 1485 506 1555 ταύτην
576 1483 886 1553 εἰλήφασιν,
945 1481 1044 1552 οὐχ
1101 1475 1176 1535 ὧν
1209 1480 1440 1534 ἐπόθουν
1487 1479 1602 1534 ἀλλ’
1654 1472 1728 1534 ὧν
1783 1479 1884 1533 οὐκ

297 1575 529 1630 ἐπόθουν
555 1574 897 1645 ἐστέρηνται.
945 1573 1002 1627 Ὀ
1031 1573 1088 1626 δὲ
1141 1573 1235 1627 καὶ
1283 1569 1733 1642 κατειρωνεύεται
1780 1572 1883 1643 τῆς

300 1669 590 1740 συμφορᾶς
612 1666 655 1732 ⁸,
691 1665 786 1720 κοιλ⁸
823 1665 1253 1736 παραγράφεται
1282 1665 1375 1718 τὸν
1409 1664 1608 1735 τρόπον
1638 1666 1740 1737 ήδη
1783 1665 1885 1736 τῆς

1974 475 2200 539 cissimi,
2220 490 2395 546 neque
2413 474 2796 542 infortunatos,
2823 478 2913 547 qui
2932 477 3184 532 ditissimi
3211 487 3356 542 sunt,
3389 492 3564 548 neque

1972 581 2239 637 pauperes
2296 583 2527 637 quorum
2575 569 2862 625 thesaurus
2884 570 3203 626 immortalis
3236 579 3356 626 est:
3388 585 3566 640 neque

1975 654 2240 730 ignobiles
2280 669 2334 713 et
2362 660 2620 730 abjeclos,
2655 675 2791 729 quos
2821 677 2917 731 pro
2949 661 3056 715 diis
3087 661 3369 717 habemus.
3409 661 3564 732 Saepe

1976 752 2118 804 enim
2137 751 2286 804 multi
2308 751 2532 820 improbi
2552 761 2679 806 sunt
2698 753 2994 817 voluntate,
3015 752 3083 806 ab
3098 752 3366 823 aliquibus
3387 763 3564 808 tamen

1979 840 2196 896 utilitati
2220 841 2398 910 potius
2431 856 2593 912 quam
2621 843 2836 897 veritati
2869 842 3227 900 servientibus
3254 845 3563 900 laudantur.

2042 1035 2302 1092 Libenter
2355 1050 2485 1092 sane
2547 1051 2638 1092 eos
2699 1037 3092 1109 interrogarem
3125 1080 3140 1106 ,
3197 1040 3288 1110 qui
3346 1041 3571 1108 sapien-

1963 1129 2124 1184 tibus
2186 1128 2558 1185 infelicitatem
2615 1133 2948 1200 exprobrare
3011 1132 3257 1195 student,
3322 1148 3390 1187 an
3425 1133 3563 1188 tales

1979 1221 2183 1276 fuerint
2209 1233 2500 1292 antequam
2539 1225 2813 1292 sapientes
2845 1223 3073 1291 tierent,
3105 1239 3172 1278 an
3207 1239 3334 1280 vero
3382 1235 3569 1296 postea

1981 1313 2294 1370 felicitatem
2323 1313 2625 1370 amiserint.
2667 1311 2722 1368 Si
2749 1313 2899 1383 prius
2928 1330 3034 1370 non
3067 1324 3172 1382 est,
3208 1330 3314 1371 non
3346 1324 3430 1370 est
3461 1315 3573 1370 vir-

1982 1405 2114 1458 tutis
2135 1403 2291 1473 culpa
2316 1421 2332 1458 :
2355 1405 2438 1459 sin
2466 1419 2596 1460 vero
2616 1421 2684 1459 ex
2711 1421 2819 1476 quo
2844 1407 3168 1476 sapientiam
3200 1409 3572 1478 acquisierint.

1984 1507 2088 1546 non
2125 1506 2187 1546 ea
2211 1507 2333 1562 qua:
2367 1493 2774 1558 desiderabant,
2798 1496 2895 1550 sed
2919 1511 2982 1550 ea
3007 1511 3128 1565 quae
3158 1511 3265 1553 non
3293 1498 3575 1553 desidera-

1982 1579 2132 1647 bant,
2176 1582 2502 1639 amiserunt.
2534 1583 2639 1638 Hic
2679 1599 2808 1640 vero
2835 1586 3210 1642 calamitatem
3256 1587 3404 1642 illam
3435 1589 3580 1642 deri-

1985 1673 2095 1736 det,
2149 1680 2206 1726 et
2254 1673 2306 1726 in
2353 1672 2562 1742 judicio
2611 1674 2752 1731 hanc
2796 1678 3247 1733 consuetudinem
3300 1679 3577 1736 exsibilat.

299 1761 558 1831 κρίσεως.
591 1753 685 1823 Οἷς
723 1758 834 1829 γὰρ
858 1758 966 1812 οὐδ’
995 1756 1176 1812 ὁτιοῦν
1205 1795 1222 1820 ,
1253 1751 1429 1828 οἴμαι,
1464 1757 1572 1811 τῶν
1625 1756 1895 1811 εἰωθότων

1998 1759 2132 1818 Nam
2153 1762 2353 1832 quibus
2378 1763 2515 1818 nihil
2539 1777 2753 1832 eorum,
2785 1774 2843 1821 ut
2865 1777 3016 1838 puto,
3045 1783 3166 1836 quae
3198 1776 3358 1824 antea
3389 1768 3582 1825 solitus

297 1851 550 1925 ἠδίκηκε,
584 1854 794 1917 τούτοις
824 1855 904 1907 ὅτι
938 1849 1071 1922 μηδέ
1089 1849 1188 1922 τὴν
1224 1850 1399 1922 ἀρχὴν
1429 1852 1657 1924 ἠδίκηκε
1689 1851 1886 1917 δείξειν

303 1947 626 2017 ὑπείληφεν,
653 1947 841 2017 ὥσπερ
883 1947 942 2001 οὑ
966 1948 1054 2004 διὰ
1091 1945 1250 2002 τοῦτο
1290 1945 1534 2018 μείζονος
1563 1944 1734 2017 ὀργῆς
1790 1944 1888 1998 καὶ

304 2045 644 2119 κατηγορίας
669 2046 928 2118 ὑπάρχων
993 2045 1162 2113 ἄξιος,
1205 2045 1289 2101 ὅτι
1325 2043 1548 2098 τοιαῦτα
1576 2044 1669 2096 καὶ
1699 2040 1889 2113 τηλικ-

302 2138 442 2194 αῦτα
469 2139 770 2212 πεποίηκεν
800 2132 874 2194 ὧν
915 2139 1018 2194 οὐκ
1047 2139 1196 2194 ἐστιν
1247 2135 1499 2211 [58211.]
1547 2137 1727 2206 εὑρεῖν
1785 2151 1889 2188 πα-

306 2231 669 2302 ραδείγματα.
697 2230 862 2304 [1089
893 2229 988 2304 R.]
1044 2231 1106 2284 Εί
1162 2230 1208 2284 δ’
1264 2230 1316 2284 οἱ
1363 2229 1433 2284 τά
1467 2227 1640 2300 μείζω
1687 2225 1891 2296 τολμήο

307 2340 522 2390 σαντες,
560 2323 737 2377 ὃτιτὰ
789 2322 961 2393 μείζω
1003 2322 1314 2393 δεδράκασι,
1354 2320 1454 2390 τὴν
1503 2317 1776 2390 τιμωρίαν
1827 2315 1888 2370 οὐ

305 2413 558 2478 δώσουσι,
588 2415 672 2478 τίς
701 2413 782 2467 ἔτι
805 2413 962 2483 λόγος
996 2412 1248 2477 κολάζειν
1275 2411 1449 2465 ἐθέλει
1468 2411 1489 2442 ⁵
1515 2411 1639 2474 τοὺς
1690 2409 1759 2463 τά
1795 2426 1888 2479 μι-

307 2505 576 2578 κρότερα;
609 2505 673 2560 Τί
699 2506 758 2561 δέ
785 2523 800 2573 ;
841 2508 890 2560 εί
919 2505 1046 2569 τούς
1069 2505 1143 2576 μὴ
1169 2504 1238 2558 τὰ
1272 2502 1477 2574 συνήθη
1510 2500 1892 2572 παρανομοῦν-

306 2614 408 2661 τας
431 2599 736 2670 ἀφήσομεν,
792 2598 908 2662 πῶς
961 2598 1062 2652 οὐκ
1119 2597 1339 2662 ἐξουσία
1385 2597 1540 2650 πᾶσα
1600 2594 1893 2667 γενήσεται

308 2693 424 2753 τοῖς
456 2689 738 2750 ἐθέλουσι⁶
768 2691 1112 2762 πλημμελεῖν
1144 2687 1180 2743 ἃ
1215 2687 1291 2762 μὴ
1317 2687 1650 2742 συνείθισται
1675 2689 1742 2752 θ’,
1765 2688 1894 2740 ὅταν

310 2783 361 2836 oi
386 2782 595 2852 πρῶτοι
659 2782 833 2836 ταῦτα
884 2783 1258 2852 τολμήσαντες
1310 2782 1386 2846 ὠς
1442 2782 1544 2836 οὐκ
1584 2779 1896 2843 ἀδικοῦντες

311 2874 636 2942 ἐκφύγοιεν;
671 2874 792 2944 Χρὴ
842 2874 1031 2928 δέσὺκ
1079 2874 1305 2944 ἀφέσεις
1347 2873 1458 2927 τῶν
1507 2872 1747 2944 κρίσεων
1799 2870 1898 2935 τὰς

315 2967 417 3022 ὑπε
433 2965 627 3039 ρϐολὰς
651 2956 761 3022 τίἷῖν
788 2967 1143 3040 ἀδικημάτων
1171 2965 1423 3038 μᾶλλονῆ
1452 2965 1762 3019 τούναντίον
1813 2964 1898 3018 αῖ-

1995 1864 2129 1922 erat,
2167 1855 2407 1926 objecit,
2443 1856 2529 1912 his
2570 1857 2699 1927 quia
2740 1873 2917 1928 neque
2950 1860 3238 1930 imperium
3281 1859 3580 1928 obiecerat,

1995 1956 2244 2017 sperarat
2271 1948 2408 2015 fore,
2454 1958 2514 2003 ut
2549 1950 2756 2006 idcirco
2793 1967 2899 2008 non
2941 1951 3134 2020 majori
3171 1967 3333 2023 poena
3362 1963 3419 2007 et
3454 1969 3586 2023 sup-

1995 2042 2156 2113 plicio
2171 2042 2366 2115 dignus
2387 2043 2698 2111 exsisteret,
2717 2047 3166 2116 quoniam-tanta,
3193 2055 3248 2102 et
3272 2049 3397 2102 talia
3417 2047 3586 2105 fecis-

1997 2147 2111 2202 set,
2142 2152 2371 2206 quorum
2407 2139 2651 2210 exempla
2698 2155 2805 2197 non
2849 2150 3072 2210 possunt
3109 2141 3356 2210 reperiri.
3399 2141 3493 2198 Sin
3531 2140 3585 2196 hi

2003 2230 2093 2300 qni
2123 2230 2329 2300 majora
2364 2233 2481 2287 ausi
2533 2242 2688 2296 sunt,
2741 2233 2868 2302 quia
2913 2230 3121 2300 majora
3167 2233 3582 2295 commiserunt,

1998 2336 2215 2391 pmnam
2245 2337 2354 2378 non
2373 2321 2544 2388 luent,
2571 2337 2817 2392 quamam
2852 2325 2991 2378 ratio
3017 2332 3104 2379 est
3131 2338 3252 2378 eum
3283 2322 3461 2393 puniri
3492 2322 3586 2392 qui

2003 2413 2210 2467 minora
2264 2415 2570 2469 commisit?
2623 2413 2762 2482 Quid
2813 2416 3036 2471 autem?
3093 2413 3151 2471 Si
3201 2429 3296 2470 eos
3343 2414 3585 2470 dimitta-

2001 2519 2144 2572 mus,
2185 2504 2386 2578 358a
2437 2507 2531 2579 qui
2582 2519 2778 2578 praeter
2830 2509 3049 2565 solitum
3107 2508 3243 2564 nihil
3290 2506 3580 2570 fecerunt,

1981 2614 2181 2655 nonne
2216 2601 2308 2656 tiet
2351 2599 2603 2656 omnibus
2639 2610 2881 2670 potestas
2911 2600 3214 2656 volentibus
3244 2599 3587 2656 committere

2001 2706 2125 2762 qua:
2170 2707 2274 2747 non
2325 2701 2765 2758 consueverunt,
2816 2691 3262 2762 quandoquidem
3305 2697 3360 2746 et
3412 2689 3588 2760 primo

2003 2783 2190 2837 eadem
2216 2782 2362 2836 ausis
2384 2781 2603 2854 impune
2628 2783 2831 2838 cessit?
2855 2780 2972 2840 Non
2997 2783 3142 2838 enim
3177 2789 3391 2851 oportet
3418 2780 3589 2849 magis

2004 2875 2295 2929 criminum
2322 2875 2743 2944 exsuperantias
2767 2875 2972 2946 judicia
3005 2873 3217 2939 tollere,
3247 2873 3377 2943 quin
3407 2872 3588 2940 potius

1999 2982 2194 3022 eorum
2243 2981 2438 3022 causas
2486 2967 2748 3023 exsistere
2800 2981 3012 3036 acquum
3063 2973 3195 3032 est,
3232 2965 3374 3035 quod
3423 2976 3588 3032 opera

312 3060 437 3123 τίας
470 3059 741 3127 γίνεσθαι,
763 3059 872 3128 ὅσῳ
899 3058 1038 3129 μετὰ
1065 3056 1172 3110 τῶν
1203 3057 1382 3128 ἔργων
1410 3057 1505 3109 καὶ
1531 3055 1591 3109 τὸ
1630 3055 1730 3126 τῆς
1757 3052 1900 3125 γνώ-

2007 3058 2166 3112 simul
2188 3070 2244 3114 et
2265 3059 2511 3114 voluntas
2531 3059 2656 3114 odio
2679 3059 3004 3114 habeantur.
3038 3055 3190 3113 Velle
3221 3055 3365 3111 enim
3388 3069 3586 3108 novum

317 3167 428 3222 μης
462 3153 783 3224 μεμίσηται.
817 3151 891 3204 Τὸ
919 3151 1027 3221 γὰρ
1052 3144 1130 3214 οἷς
1156 3149 1332 3202 ἀδικεῖ
1361 3165 1444 3213 τις
1470 3148 1566 3203 καὶ
1596 3148 1758 3218 φύσιν
1783 3147 1901 3200 ἀδιο

315 3245 583 3313 κημάτων
605 3241 797 3312 καινὴν
838 3241 1138 3314 προσάγειν
1169 3239 1453 3311 βούλεσθαι
1479 3238 1687 3310 διχόθεν
1723 3237 1788 3292 ἂν
1814 3237 1900 3308 είη

316 3334 418 3406 τὴν
455 3334 758 3406 μοχθηρίαν
791 3333 1130 3404 ἐλέγχοντος,
1153 3332 1248 3385 καὶ
1271 3329 1350 3401 τῷ
1384 3328 1728 3401 πλημμελεῖν
1754 3327 1790 3381 ἃ
1825 3325 1900 3396 μὴ

317 3427 425 3494 δεῖ,
455 3427 550 3480 καὶ
579 3426 656 3498 τῷ
680 3428 855 3480 ποιεῖν
889 3424 1097 3479 ἐθέλειν
1120 3423 1157 3478 ὃ.
1183 3423 1258 3494 μή
1306 3439 1392 3486 τις
1427 3421 1692 3494 πρότερον
1712 3421 1733 3453 ⁷
1775 3419 1904 3490 δρά-

321 3534 489 3572 σειεν.
520 3518 685 3571 Οὐδέν
739 3534 843 3583 σοι,
899 3517 1027 3588 φῂς,
1074 3515 1183 3568 τῶν
1225 3512 1497 3568 εἰωθότων
1546 3512 1897 3582 τετόλμηται.

319 3611 504 3680 Λύτήν
531 3626 621 3679 μοι
649 3609 828 3677 λέγεις
851 3608 951 3680 τὴν
977 3605 1285 3678 ὑπερϐολὴν
1329 3599 1403 3658 ὧν
1444 3604 1820 3675 ὴτυχήκαμεν.
1841 3601 1904 3654 Οἱ

2009 3148 2197 3220 flagitii
2221 3165 2388 3221 genus
2415 3151 2613 3206 addere
2633 3151 2698 3206 iis
2713 3165 2833 3220 qua:
2857 3146 3344 3216 commisitduplici
3370 3143 3590 3200 nomine

2011 3241 2492 3312 reprehendendus
2525 3243 2618 3306 sit,
2647 3256 2771 3298 cum
2803 3228 3128 3312 quod'nefas
3159 3245 3450 3308 patrasset,
3473 3241 3587 3288 tum

2009 3335 2151 3402 quod
2189 3348 2251 3388 ea
2286 3335 2626 3390 committere
2655 3349 2775 3405 quae
2804 3341 2960 3388 antea
3003 3345 3163 3388 nemo
3188 3344 3355 3386 ausus
3388 3328 3494 3395 sit;
3533 3334 3592 3382 at
3615 3377 3636 3394 ,

2009 3424 2144 3477 nihil
2187 3433 2240 3478 te
2271 3438 2459 3478 eorum
2498 3439 2618 3494 quae
2651 3434 2809 3480 antea
2880 3421 3220 3481 commiseris
3241 3461 3256 3487 ,
3288 3419 3483 3476 fecisse
3507 3419 3592 3473 in-

2001 3516 2179 3585 quies.
2211 3516 2389 3586 Ipsum
2429 3516 2543 3588 (57)
2567 3527 2910 3588 acceptorum
2942 3514 3364 3572 infortuniorum
3396 3525 3590 3567 exces-

2003 3621 2120 3662 sum
2164 3624 2380 3665 narras.
2419 3609 2523 3676 Qui
2566 3625 2696 3666 vero
2741 3610 2797 3665 in
2843 3608 3236 3666 recentioribus
3282 3604 3438 3660 malis
3483 3619 3589 3659 non

323 3699 428 3770 μὲν
458 3699 566 3770 γὰρ
600 3699 921 3769 ἠδικημένοι
950 3697 1102 3751 ταῦθ’
1143 3696 1287 3767 ἅπερ
1321 3695 1415 3748 καὶ
1438 3693 1660 3764 ἐτέρους
1711 3693 1906 3763 ήδικη-

2006 3699 2206 3755 habent
2227 3715 2364 3769 quos
2385 3701 2689 3766 imitentur,
2713 3700 3108 3757 intolerabilem
3134 3697 3412 3753 miseriam
3436 3708 3590 3750 suam

325 3789 526 3859 μένους
549 3788 888 3852 ἐπίστανται,
913 3788 1139 3857 φέρουσι
1177 3787 1307 3856 ῥᾷον
1331 3785 1428 3848 τάς
1460 3781 1766 3854 συμφορὰς,
1801 3799 1908 3836 πα-

2005 3789 2342 3856 existimant,
2373 3806 2439 3846 eo
2457 3793 2599 3862 quod
2622 3793 2786 3850 sociis
2816 3793 2884 3848 iis
2914 3795 2967 3848 in
2996 3791 3181 3857 rebus,
3207 3803 3328 3860 quae
3355 3787 3461 3843 illis
3492 3785 3590 3840 ad-

328 3881 601 3954 ραμυθίαν
640 3876 714 3936 ὧν
737 3880 1038 3934 πεπόνθασι
1069 3877 1167 3949 τὴν
1205 3876 1312 3930 τῶν
1333 3877 1355 3909 ⁸
1389 3875 1560 3939 πέλας
1578 3875 1870 3945 δυστυχίαν
1887 3877 1909 3909 ³

2009 3894 2183 3935 versae
2215 3881 2454 3948 fuerunt,
2487 3898 2746 3953 prospere
2773 3882 3022 3939 cesserit.

324 3973 641 4045 νομίζοντες
672 3991 688 4006 ·
722 3973 770 4024 οί
792 3971 848 4024 δέ
870 3968 1154 4038 νεωτέρων
1171 3965 1526 4036 ἀδικημάτων
1550 3963 1651 4017 οὐκ
1687 3962 1907 4034 ἔχοντες
1946 3971 2370 4042 παραδείγματα
2397 3973 2670 4046 ἀφόρητον
2698 3971 2959 4044 ἡγοῦνται
2988 3970 3086 4043 τὴν
3153 3965 3440 4042 συμφορὰν
3515 3981 3595 4037 τῳ

329 4065 406 4140 μὴ
433 4065 538 4120 ειῶν
563 4063 762 4136 ὁμοίων
792 4063 1046 4133 εὐπορεῖν
1067 4059 1210 4130 ἔχειν
1244 4057 1330 4128 ἐφ’
1355 4053 1438 4121 οἷς
1467 4055 1770 4129 ἠτύχησαν.

1144 4177 1224 4230 Ea:
1263 4175 1691 4241 Declamatione,
1741 4177 1796 4229 in
1827 4192 1990 4234 causa
2036 4181 2206 4250 patris
2231 4180 2556 4250 percussoris
2573 4179 2696 4250 ﬁlii.

409 4299 696 4371 Ἡδίκηταί
716 4314 800 4362 τις
821 4313 898 4361 εις
929 4295 1129 4372 παῖδας
1170 4293 1304 4365 Οὐχὶ
1353 4293 1450 4347 καὶ
1479 4291 1619 4363 γυνὴ
1652 4293 1911 4365 προσηδί-

2087 4297 2374 4368 Aliquisne
2404 4298 2663 4369 injuriam
2699 4310 2727 4350 a
2759 4295 2869 4351 lilio
2898 4293 3145 4363 accepit?
3174 4290 3292 4348 Non
3322 4299 3376 4345 et
3407 4289 3597 4344 mulier

325 4410 513 4465 κηται.
548 4391 624 4446 Δι’
655 4391 859 4461 ἀμφοῖν
891 4391 924 4461 ἡ
990 4387 1161 4461 βλάϐη
1208 4385 1571 4458 κεχώρηκεν;
1614 4385 1691 4438 Οὐ
1737 4385 1909 4457 πρόσ-

325 4485 562 4539 κειται¹⁰
594 4483 753 4554 φόνος
804 4483 918 4545 τοῖς
973 4481 1295 4549 ἀδικήμασι.
1329 4478 1558 4547 Σφαγῆς
1590 4493 1676 4539 τις
1739 4477 1909 4539 αἴτιος

325 4578 555 4648 γέγονες
596 4577 728 4629 To“
764 4573 948 4630 λαθεῖν
976 4569 1386 4644 θεραπεύειτὴν
1416 4567 1727 4639 συμφοράν.
1774 4567 1912 4621 Μοι-

325 4669 484 4741 χείαν
517 4668 710 4739 τολμᾷ,
733 4665 1122 4736 καὶλαθραίοις
1161 4662 1552 4733 μηχανήμασιν
1593 4655 1741 4712 οἶκον
1796 4658 1909 4711 διαο

326 4761 446 4814 λύει
475 4758 763 4830 σώφρονας
786 4759 862 4811 Οὐ
893 4756 996 4828 μὴν
1028 4755 1279 4809 τοσοῦτον
1308 4748 1661 4822 κακὸνκακῷ
1699 4749 1906 4821 μείζονι

329 4848 1072 4919 κατασκευάζειδεινότερον,
1106 4845 1272 4900 παῖδα
1323 4841 1658 4898 ἐπιϐαλὼν¹⁸
1717 4839 1905 4911 μητρὶ,

328 4943 567 5006 καὶτοῖς
599 4942 706 4995 τῶν
727 4938 1084 5011 μοιχευόντων
1113 4937 1330 5007 σώμασι
1377 4928 1580 5004 κοῦφον
1611 4931 1782 4986 ποιῶν
1814 4931 1911 4984 καὶ

332 5032 469 5088 αὐτὸ
491 5033 550 5085 τὸ
594 5030 695 5102 τῆς
733 5030 978 5102 μοιχείας
1012 5026 1200 5080 δοκοῦν
1227 5025 1472 5094 ἀδίκημα
1520 5019 1680 5076 εἶναι.
1727 5020 1907 5075 Ἀδιά-

329 5128 534 5199 φθορον
556 5125 600 5157 ¹³
634 5125 735 5195 τὴν
786 5122 965 5193 ψυχὴν
991 5122 1035 5153 ¹⁶
1080 5118 1337 5189 ἔσχηκεν,
1360 5116 1475 5170 ἀλλ’
1503 5115 1626 5186 οὐχὶ
1667 5114 1764 5168 καὶ
1809 5113 1908 5187 τὴν

2012 4391 2211 4446 violata
2261 4390 2381 4446 est?
2426 4389 2508 4443 An
2539 4388 2608 4442 ab
2647 4397 2884 4456 utroque
2930 4387 3187 4441 damnum
3237 4381 3444 4437 illatum
3476 4382 3598 4436 est?

2014 4481 2267 4550 Nunquid
2317 4489 2373 4536 et
2418 4481 2590 4550 stupri
2627 4494 2792 4534 causa
2832 4477 3008 4532 caedes
3049 4474 3234 4531 facta?
3264 4473 3398 4542 Quis
3445 4473 3600 4530 necis

2016 4581 2208 4624 anetor
2235 4569 2490 4624 exstitit?
2523 4566 2803 4638 Mitigatur
2832 4567 2990 4622 dolor
3021 4565 3148 4636 quia
3182 4566 3392 4634 ignoro.
3419 4563 3600 4618 Audet

2019 4661 2343 4715 adulterium
2381 4659 2745 4724 committere,
2784 4669 2838 4714 et
2876 4657 3106 4714 occultis
3136 4656 3274 4711 dolis
3313 4657 3597 4710 honestam

2019 4749 2279 4806 familiam
2319 4748 2534 4804 evertit.
2567 4735 2681 4802 Nan
2716 4757 2895 4803 tamen
2931 4755 3140 4802 tantum
3167 4745 3368 4800 malum
3397 4744 3594 4816 majori

2019 4841 2253 4910 quodam
2281 4839 2421 4893 malo
2443 4839 2662 4909 gravius
2682 4838 2881 4904 reddit,
2921 4838 3089 4893 lilium
3114 4837 3383 4908 adjicieus
3412 4834 3594 4899 matri,

2017 4937 2073 4984 et
2105 4929 2208 4984 illis
2240 4928 2632 4983 nitncliantium
2675 4928 2996 4998 corporibus
3021 4928 3138 4984 leve
3169 4925 3402 4982 reddens
3439 4922 3596 4978 adul-

2020 5021 2139 5076 terii
2190 5022 2420 5076 crimen.
2461 5019 2716 5075 Fortuna:
2762 5021 2900 5076 bona
2949 5020 3176 5076 sortitus
3222 5018 3346 5075 est?
3375 5018 3447 5072 At
3486 5030 3594 5071 non

2014 5125 2070 5169 et
2121 5114 2376 5170 intactam
2424 5113 2540 5184 ejus
2588 5114 2804 5168 domum
2864 5113 3254 5183 relinquemus.
3317 5107 3435 5165 Non
3494 5120 3596 5174 ego

1612 5249 1854 5306 VARUE
1889 5247 2187 5306 LECTION
2194 5250 2297 5306 ES.

415 5354 436 5386 ³
496 5351 761 5414 ἀθάνατος
821 5351 864 5403 Δ
910 5365 925 5402 :
983 5348 1012 5400 ό
1063 5344 1314 5414 θάνατοςῌ
1351 5358 1411 5405 ς.

329 5435 350 5464 ⁷
386 5424 651 5494 πρότερος
887 5421 909 5450 ⁸
935 5415 1186 5494 τῶν-ΑΞ
1221 5411 1315 5494 τοῦ
1345 5429 1405 5476 ς’.
1450 5481 1464 5494 Δ
1494 5412 1514 5442 ⁹
1559 5411 1850 5494 δυρντυχίαν

333 5499 376 5528 ¹²
413 5481 593 5548 malim
627 5481 952 5545 ἐπιϐάλλων.
1047 5487 1094 5520 ¹³
1116 5485 1409 5554 ἀδιάφορον
1435 5481 1502 5536 Α.

1489 5345 1511 5378 ⁸
1538 5340 1637 5404 τὰς
1672 5357 1852 5410 συμφο
1895 5339 1958 5403 ἀς
2012 5356 2072 5404 ς.
2186 5343 2208 5373 ⁸
2239 5340 2445 5395 ἐθέλειν
2475 5339 2536 5396 Β.
2632 5339 2652 5371 ⁸
2675 5339 2917 5393 ἐθέλουσι
2947 5354 3002 5403 ς.

1494 5412 1514 5442 ⁹
1559 5359 2088 5493 δυστυχίανῗττυχεῖν
2129 5409 2170 5467 C
2197 5420 2252 5468 et
2285 5427 2369 5482 pr.
2403 5409 2470 5466 A.
2556 5409 2602 5444 ¹⁰
2625 5409 2914 5482 πρόκειται
2941 5425 3002 5473 ς.

1604 5481 1646 5510 ¹⁹⁵
1678 5479 1947 5551 τύχηνΒ.

2186 5343 2208 5373 ⁵
2239 5340 2445 5415 ἐθέλειν
2475 5338 2536 5396 Β.
2560 5409 2598 5415 η
2632 5339 2652 5371 ⁸
2675 5337 2917 5415 ἐθέλουσι
2947 5354 3008 5403 ς.
3185 5333 3504 5415 σρνήθισται

3087 5405 3129 5438 ¹¹
3150 5403 3234 5477 τὸ]
3257 5403 3335 5475 τῷ
3365 5418 3506 5458 corr.
3535 5403 3594 5454 Β.

1885 5596 2115 5655 ΝΟΤᾸΕ.

401 5702 513 5774 (37)
555 5700 639 5758 Al.
669 5699 954 5754 Adversum
986 5696 1119 5751 milii
1152 5695 1421 5763 fortunam
1452 5692 1657 5763 objicis.

623 5793 898 5852 PATROL.
931 5791 1043 5849 Gn.
1095 5787 1257 5846 €lll.

3111 5765 3189 5827 E2
