3990 6232
419 290 559 358 1323

1514 288 1780 353 PHOTII
1818 282 2327 350 PATRIARCHIE
2352 281 2463 344 CP.

3529 254 3665 321 1324

418 405 620 460 frustra
658 402 896 459 minatus
923 414 1065 471 sum,
1101 414 1134 457 ο
1164 400 1333 457 cives.
1374 399 1567 471 Capti,
1601 398 1862 471 prostrati
1891 412 1984 453 su-
2012 427 2028 468 λ

2130 393 2401 457 ςτίανὲξει
2447 387 2516 443 δι’
2564 381 3097 471 ἡμᾶςηὰδιάφθορον.
3145 374 3260 432 Οὔκ
3301 371 3516 444 ἐψεύσω
3555 373 3670 434 τοῖς

420 510 564 563 mus,
595 493 1121 560 obmutescimus,'et
1153 492 1457 564 respublica
1483 488 1743 546 memoria
1765 486 1989 545 excidit.

2094 485 2276 558 ἐργοις
2303 484 2402 546 τὰς
2422 478 2674 544 ἀπειλὰς,
2699 470 2744 530 ὦ
2777 473 2998 529 πλούσιε
3015 487 3028 502 ·
3067 468 3433 558 έαλώκαμενῆ
3451 464 3670 534 νενική-

423 554 674 645 Gadibus
727 584 884 641 nobis
939 554 1127 641 vocem
1175 554 1458 654 eripuisti,
1505 592 1560 639 et
1610 581 1832 652 tragicis
1887 579 1994 636 illis

2130 554 2259 644 .591,
2282 572 2598 644 σιωπῶμεν,
2625 569 2725 639 τῆς
2758 563 3040 627 πολιτείας
3103 554 3509 654 ἐπελαθόμεθαί
3535 555 3673 654 ’Δπῖ

424 642 728 734 actionibus
753 676 1041 733 facundum
1069 677 1174 732 hoc
1202 642 1275 731 os.
1302 642 1590 730 obturasli.
1621 642 1728 729 Vi;
1759 687 1880 742 quae
1910 670 1997 726 di-

2130 642 2291 738 τεμες
2322 642 2489 735 ήμῶν.
2502 662 2600 733 τὴν
2628 657 2813 729 φωνὴν
2843 657 2955 719 τοῖς
2973 653 3175 723 φόνοις,
3206 648 3300 703 καί
3325 648 3386 701 τδ
3417 643 3594 716 στόμα

426 769 599 824 cenda
627 776 752 824 sunt
789 766 1005 839 profero
1044 786 1060 823 :
1105 767 1158 821 in
1199 777 1477 837 posterum
1518 781 1627 820 non
1655 764 1884 835 amplius
1918 761 1998 817 ci-

425 862 611 917 vitatis
648 871 835 917 orator
871 860 1108 927 futurus,
1150 860 1243 915 sed
1281 873 1417 913 meas
1453 857 1618 913 solius
1655 854 1997 911 calamitatis.

2095 735 2258 815 λάλον
2306 754 2628 827 ἁπέφραξας
2703 752 2816 814 τοῖς
2875 746 3157 819 τραγικοῖς
3217 741 3428 803 τούτοις
3477 735 3680 808 γνωρί⁹

2102 866 2293 920 σμασι.
2318 846 2487 910 Μόλις
2522 842 2823 911 τάναγκαῖα
2843 838 2987 907 λέγω
3014 834 3106 890 καὶ
3127 833 3442 920 φθέγγομαι
3457 845 3479 915 ⁸.
3491 829 3681 920 ῥήτωρ

426 952 593 1020 Cujus
667 961 793 1008 sunt
865 954 981 1008 haec
1059 950 1344 1007 facinora?
1398 950 1589 1005 Nonne
1635 940 1818 1004 omnia
1873 946 2004 1002 tua?

2136 910 2219 1010 ίμὶ
2249 935 2436 989 λοιπὸν
2456 935 2642 989 οὐκέτι
2674 910 2773 999 τῆς
2798 926 3028 992 πόλεως,
3075 921 3193 977 ἀλλ’
3240 921 3345 993 ήδη
3377 910 3560 1020 μόνης.
3579 915 3683 1020 τῆς

428 1040 620 1097 Nonne
658 1058 778 1098 mea
816 1040 908 1097 illa
956 1041 1174 1110 quidem
1215 1043 1461 1104 dextera,
1501 1038 1592 1093 sed
1639 1047 1731 1092 tuo
1772 1034 2004 1091 consilio

2130 1006 2416 1101 ξυμφορᾶς.
2473 1024 2631 1088 Τίνος
2670 1021 2739 1076 τὰ
2780 1016 3082 1091 τηλικαῦτα
3134 1013 3451 1086 μιάσματας
3503 1008 3565 1062 οὒ
3615 1006 3686 1059 σὰ

430 1149 620 1192 omnes
655 1133 970 1204 perierunt?
997 1131 1243 1187 Nondum
1272 1131 1345 1200 id,
1370 1131 1512 1200 quod
1533 1137 1693 1201 caput
1724 1137 1811 1185 est
1834 1128 2005 1184 malo-

2130 1099 2323 1189 τάντας
2362 1118 2424 1173 οὐ
2457 1119 2523 1188 τῇ
2575 1115 2675 1187 μὲν
2717 1113 2868 1204 δεξιᾷ
2886 1111 3111 1204 τῇᾳὲμῇ,
3153 1109 3220 1204 τῇ
3278 1105 3345 1176 σῇ
3390 1102 3451 1204 δὲ
3484 1099 3687 1204 γνώμῃ

432 1242 577 1290 rum,
629 1224 1105 1281 commemoravi:
1159 1223 1495 1294 spectacula,
1553 1223 1800 1292 inquam,
1847 1220 2009 1276 clam

2130 1215 2312 1278 πάντες
2330 1210 2669 1275 ἀνάλωνται;
2732 1202 2899 1259 Οὔπω
2930 1201 2989 1256 τὸ
3021 1198 3313 1269 κεφάλαιον
3348 1195 3458 1249 τῶν
3491 1192 3689 1261 ἀδικη-

432 1321 538 1377 illae
568 1328 672 1376 tuae
698 1334 896 1385 scenae,
937 1334 1059 1389 qua:
1098 1332 1198 1372 suo
1234 1324 1476 1385 tempore
1507 1319 1626 1368 acta
1656 1319 1802 1368 sunt.
1836 1306 2009 1378 Quam

432 1417 613 1471 laetum
642 1414 803 1468 linem
846 1411 1069 1481 tragicis
1112 1407 1270 1463 addis
1305 1404 1641 1468 infortuniis,
1676 1411 1733 1457 et
1775 1401 1842 1455 iis
1873 1399 2013 1455 cala-

2113 1306 2298 1378 μάτων
2321 1297 2497 1366 εἷπον,
2522 1299 2624 1368 τῆς
2647 1296 2906 1369 λαμπρᾶς
2939 1310 3032 1346 σου
3064 1292 3268 1360 σκηνῆς
3292 1287 3361 1341 τά
3391 1285 3533 1339 κατά
3558 1300 3687 1338 και-

2115 1374 2207 1470 ρδν
2264 1393 2607 1463 ἀναφανέντα
2678 1388 3060 1458 γνωρίσματα.
3094 1381 3166 1435 Ὦ
3210 1378 3456 1452 κωμικὸν
3488 1374 3689 1470 -πέρας

433 1507 677 1562 mitatem
721 1518 920 1575 auges,
969 1501 1166 1571 quibus
1208 1496 1264 1552 in
1306 1494 1591 1551 comoediis
1637 1492 1816 1546 luctus
1856 1488 2012 1543 leniri

2130 1488 2406 1560 τραγικαῖς
2453 1483 2641 1554 τύχαις
2669 1476 2965 1547 ἐπαγαγὼν
2984 1477 3049 1541 ⁸³,
3072 1472 3167 1528 καὶ
3203 1471 3413 1533 τούτοις
3442 1467 3691 1537 αὐξήσας

434 1597 593 1654 solet.
630 1596 721 1653 Sic
756 1559 924 1667 igitur
967 1592 1148 1648 omnia
1198 1605 1318 1661 qum
1365 1597 1687 1665 contra'nos
1731 1581 2015 1637 adornavit

2130 1578 2212 1651 τὴν
2266 1576 2573 1649 συμφορὰν,
2620 1568 2766 1636 οἷς¹⁶
2816 1571 2875 1623 ὲν
2927 1566 3238 1638 κωμῳδίαις
3291 1561 3441 1628 πάθη
3477 1559 3693 1613 λύεται.

432 1689 674 1758 undique
733 1662 994 1758 colligens
1041 1682 1324 1754 proferens
1365 1662 1575 1751 3535
1618 1675 1844 1746 profert.
1876 1672 2013 1742 Quid

2116 1668 2272 1725 Οὕτω
2299 1669 2475 1724 τοίνυν
2506 1667 2685 1719 πάντα
2728 1663 2797 1718 τὰ
2843 1661 2966 1716 καθ’
3004 1659 3161 1730 ἡμῶν
3206 1651 3697 1726 διαπεπραγμένος

430 1779 505 1832 de
545 1745 1150 1847 paupertatevdiccres?
1184 1775 1290 1836 An,
1334 1745 1703 1840 quo-dinullus
1741 1764 2012 1835 prohibet,

2130 1760 2342 1836 περιιὼν
2369 1760 2410 1793 ⁸⁷
2447 1758 2632 1827 λέγει·
2661 1755 2725 1810 Τί
2761 1755 2807 1808 δ’
2846 1754 2913 1808 ἂν
2957 1751 3131 1814 εἴποις
3160 1750 3289 1820 περ)⁵
3317 1748 3361 1779 ¹⁸
3387 1746 3484 1800 τοῦ
3527 1745 3700 1814 πένη-

430 1866 525 1922 lex
575 1875 818 1931 accuset,
870 1879 935 1919 ac
975 1860 1333 1919 condemnet?
1380 1858 1512 1914 Dein
1564 1872 1650 1911 me
1690 1858 2010 1925 interrogat,

432 1972 567 2013 num
593 1956 756 2012 liceat
780 1970 1009 2025 puerum
1044 1967 1258 2017 necare,
1292 1965 1419 2005 num
1456 1950 1618 2004 liceat
1650 1948 1809 2019 proli,
1849 1961 2012 2017 quam

439 2047 749 2117 suscepisti,
780 2045 1031 2116 iniuriam
1068 2044 1293 2101 facere?
1321 2042 1378 2098 Si
1407 2050 1588 2097 autem
1620 2051 1909 2109 utrumque
1929 2037 2015 2093 lex

441 2138 755 2208 permittat,
809 2145 872 2192 et
923 2134 1068 2207 quod
1113 2134 1319 2191 licitum
1373 2141 1480 2199 est,
1540 2129 1916 2200 assumpsisti,
1963 2137 2020 2184 et

441 2229 582 2300 quod
613 2245 718 2285 non
747 2229 870 2285 licet
895 2226 1252 2298 coniunxisti,
1274 2241 1380 2281 non
1406 2239 1504 2293 per
1532 2231 1821 2292 utrumque
1836 2221 2018 2278 absol-

440 2322 587 2377 veris
636 2320 851 2389 patius,
898 2335 1059 2390 quam
1111 2332 1328 2388 pennam
1379 2314 1590 2370 subibis
1640 2327 1849 2378 eorum,
1901 2327 2021 2381 quae

443 2412 569 2466 huic
598 2408 864 2479 adiungis,
887 2416 943 2464 et
968 2421 1088 2478 quae
1112 2422 1218 2462 non
1252 2407 1440 2462 licent.
1468 2403 1621 2459 Licet
1648 2403 1801 2467 mihi,
1826 2403 2020 2472 inquit.

443 2498 638 2557 Ilivitis
669 2503 785 2556 haec
835 2501 1025 2566 verba,
1060 2507 1117 2553 et
1164 2496 1462 2568 tyrannica:
1504 2493 1767 2566 superbia:
1800 2510 2025 2564 respon-

446 2609 589 2651 sum.
634 2592 745 2663 Ego
778 2607 909 2648 vero
945 2592 1039 2647 tibi
1091 2590 1332 2660 benigne
1386 2597 1550 2657 atque
1592 2587 1901 2643 humaniter
1944 2600 2027 2641 re—

447 2687 706 2755 spondeo.
740 2684 904 2740 Dabis
949 2682 1094 2738 enim
1128 2694 1324 2753 pcenas
1363 2680 1493 2735 dum
1532 2679 1587 2734 hi
1616 2677 1827 2747 iudices
1869 2676 2027 2733 sede-

446 2771 601 2834 bunt.
627 2775 783 2833 Nosti
811 2775 942 2847 quid
971 2773 1246 2832 hominem
1276 2771 1560 2829 absolvat?
1586 2770 1766 2825 facere
1785 2769 2025 2824 licuisse.

446 2870 519 2926 At
545 2870 589 2926 si
621 2869 835 2926 licentia
870 2869 1073 2925 abusus
1107 2883 1187 2932 es,
1222 2867 1363 2923 hanc
1405 2863 1589 2935 punio,
1635 2862 1776 2934 quod
1815 2863 1917 2918 hac
1940 2876 2030 2916 oc-

449 2963 672 3019 casione
716 2976 934 3017 omnem
1002 2960 1237 3015 licentia:
1292 2967 1542 3013 naturam
1615 2955 1849 3011 exuerit.
1904 2952 2032 3007 Pul-

2112 1833 2237 1917 τος;
2267 1850 2411 1903 Ὅσα
2439 1846 2625 1919 μηδεὶς
2661 1842 2864 1898 κωλύει
2915 1842 3102 1912 νόμος,
3151 1838 3480 1908 κατηγορεῖν
3520 1833 3700 1887 ἐθέλει

2115 1947 2210 2000 καὶ
2238 1943 2563 2016 γράφεσθαι.
2604 1936 2738 1993 Εἷτά
2760 1956 2827 2011 με
2886 1937 3067 2009 ἐρωτᾷ
3095 1951 3109 1965 ’
3142 1935 3256 1988 Οὐκ
3284 1931 3493 1996 ἔξεστιν
3528 1924 3623 1983 οὖν
3652 1927 3700 1962 ι’

2117 2036 2403 2092 ἀνελέσθαι
2433 2033 2680 2099 παιδίον;
2737 2031 2838 2084 οὐκ
2876 2028 3088 2093 ἔξεστιν
3137 2022 3231 2079 οὖν
3292 2021 3457 2095 μηδὲν
3491 2021 3706 2075 ἀδικεῖν

2117 2128 2563 2198 ἀναλαμϐάνοντα
2592 2142 2607 2191 ;
2635 2125 2700 2177 Ei
2752 2122 2796 2176 δ’
2831 2123 3089 2190 ἑκάτερον
3121 2117 3216 2171 τοῦ
3250 2116 3415 2187 νόμου
3465 2112 3706 2175 διδόντος

2119 2220 2215 2275 καὶ
2232 2221 2292 2273 τὸ
2321 2218 2440 2284 ἐξὸν
2471 2217 2600 2272 εῖλω
2616 2219 2661 2249 ²⁰
2690 2215 2787 2270 καὶ
2827 2214 2888 2268 τὸ
2927 2214 3002 2285 μὴ
3035 2211 3153 2279 ὲξδν
3206 2207 3583 2281 προσέθηκας,
3636 2202 3703 2256 οὐ

2119 2313 2207 2367 διὰ
2236 2313 2362 2385 [583
2391 2310 2485 2384 H.]
2518 2312 2743 2382 θάτερον
2772 2307 3021 2377 ἀφεθήσῃ
3060 2303 3259 2375 μᾶλλον
3303 2300 3337 2372 ἢ
3376 2299 3534 2368 δίκην
3601 2297 3707 2365 ὑφ-

2124 2404 2263 2470 έξεις
2283 2398 2365 2468 οἷς
2385 2404 2427 2435 ¹¹
2457 2403 2632 2472 τούτῳ
2663 2399 2958 2471 προσάγεις
2983 2396 3079 2450 καὶ
3103 2394 3138 2449 a
3154 2392 3228 2465 μὴ
3248 2386 3710 2459 ἑξεστιν.”Εξεστί

2128 2515 2238 2568 μοι,
2269 2495 2421 2568 φησί.
2451 2492 2714 2548 Πλουσίου
2749 2492 2927 2560 λόγος,
2961 2486 3290 2558 τυραννικῆς
3319 2478 3711 2553 ὑπερηφανίας

2125 2588 2436 2659 ἀπόκρισις.
2490 2584 2633 2653 Ἐγὼ
2663 2583 2722 2637 δέ
2757 2599 2838 2636 σοι
2869 2581 3061 2654 πράως
3095 2577 3240 2632 οὕτω
3267 2575 3361 2628 καὶ
3385 2571 3705 2644 δημοτικῶς

2126 2681 2519 2751 ἀποκρίνομαι*
2555 2676 2749 2740 δώσεις
2780 2675 2889 2745 γὰρ
2918 2674 3077 2736 δίκας
3101 2671 3239 2734 τέως
3289 2668 3356 2723 ἂν
3384 2661 3530 2722 οὗτοι
3549 2664 3712 2718 δικά-

2128 2775 2293 2838 ζωσιν
2312 2774 2378 2827 ³³.
2413 2771 2698 2840 Ἔγνωκόις
2730 2787 2783 2822 τι
2827 2768 3003 2820 ποιεῖν
3022 2766 3066 2796 ’³
3109 2762 3435 2828 ἀνεύθυνον;
3496 2758 3644 2829 ἔχεις
3662 2757 3715 2789 ’⁸

2127 2864 2224 2935 τὴν
2246 2862 2514 2927 ἐξουσίαν.
2579 2861 2640 2914 Et
2694 2860 2751 2913 δὲ
2792 2856 2892 2928 τὴν
2923 2854 3176 2920 ἐξουσίαν
3230 2854 3316 2916 εἰς
3365 2848 3717 2923 παρανομίαν

2134 2957 2496 3026 μετήνεγκας,
2524 2952 2737 3017 κολάζω
2773 2948 2998 3018 ταύτην,
3025 2945 3188 3019 [1092
3207 2946 3253 3000 R
3280 2943 3301 3016 ]
3345 2944 3428 2996 ὅτι
3474 2943 3542 3012 τῇ
3577 2956 3718 3011 προ-

453 3054 644 3109 chrum
677 3061 763 3109 est
816 3051 1185 3114 commisceri,
1227 3051 1320 3105 sed
1370 3058 1479 3103 tum
1519 3048 1755 3112 demum,
1804 3060 1925 3101 cum
1978 3045 2028 3101 id

2133 3047 2292 3116 φάσει
2326 3045 2423 3117 τὴν
2451 3044 2613 3114 φύσιν
2643 3042 2740 3097 τοῦ
2796 3041 2995 3113 μηκέτι
3040 3039 3242 3105 ἐξεῖναι
3287 3034 3605 3105 μετείληφε.
3640 3030 3719 3084 Τὸ

453 3143 771 3215 suSpicione
806 3149 987 3197 vacat.
1023 3138 1118 3195 Sin
1148 3148 1327 3194 autem
1353 3139 1566 3193 domum
1602 3137 1724 3207 quis
1750 3135 2028 3206 perfodiat,

2137 3114 2412 3192 κοινωνεῖν
2442 3136 2628 3200 καλὸν,
2659 3135 2770 3188 ἀλλ’
2796 3135 2923 3188 ὅταν
2959 3135 2991 3204 ή
3021 3131 3181 3202 χάρις
3217 3125 3549 3187 ἀνύποπτος.
3584 3124 3719 3193 ι”Δν

454 3234 744 3291 insidietur
768 3232 949 3297 uxori,
977 3230 1358 3302 cognationem
1395 3227 1580 3292 violet,
1624 3224 1880 3280 familiam
1911 3238 2034 3279 cor-

454 3332 721 3395 rumpat,
776 3323 957 3378 tictam
1005 3321 1398 3377 humanitatem
1452 3317 1671 3375 simulet
1716 3315 1863 3372 omni
1911 3314 2036 3370 odio

454 3415 700 3484 plenam,
732 3428 854 3484 quae
887 3412 1197 3482 adiunctam
1228 3409 1443 3465 interim
1488 3407 1756 3479 iustitiam
1801 3420 1907 3460 non
1944 3406 2038 3458 ha-

452 3507 681 3573 bentia,
733 3506 1006 3576 permissu
1059 3504 1292 3574 quodam
1339 3501 1498 3556 fiunt;
1557 3498 1685 3556 Haec
1729 3496 1874 3567 quod
1912 3509 2035 3551 eam

455 3597 848 3668 assumpserint
883 3612 991 3668 quo
1056 3596 1309 3652 videntur
1341 3593 1522 3648 minus
1566 3588 2036 3662 reprehendenda,

456 3706 522 3747 eo
552 3700 676 3746 sunt
713 3691 1019 3762 iniustiora.
1059 3689 1164 3745 Sed
1187 3687 1482 3757 adaplandi
1519 3685 1661 3741 forte
1690 3683 1861 3753 gratia
1887 3696 2035 3752 qum-

455 3780 616 3835 rebas
648 3779 838 3845 lilium,
865 3793 964 3835 cur
996 3792 1102 3833 non
1136 3786 1264 3833 ante
1286 3785 1499 3847 partum
1526 3777 1855 3828 voluntatem
1887 3780 2034 3824 tuam

456 3872 757 3928 iudicasti?
793 3880 885 3926 aut
916 3886 1013 3928 cur
1047 3871 1221 3926 adhuc
1251 3884 1474 3940 puerum
1516 3875 1637 3937 post
1684 3873 1896 3934 partum
1932 3878 2037 3918 non

456 3963 783 4031 postulasti?
824 3965 905 4019 An
965 3963 1197 4018 fortasse
1247 3972 1500 4017 neutrum
1547 3960 1739 4015 horum
1789 3956 2040 4013 volebas?

458 4053 564 4109 Sed
607 4054 818 4109 defectu
864 4055 1097 4111 ltzeredis
1138 4053 1533 4124 apprehensum
1593 4066 1699 4105 non
1751 4046 2040 4105 indicasti?

456 4143 647 4199 Nonne
675 4148 972 4200 secundum
1000 4146 1143 4215 leges
1170 4145 1514 4213 adoptionem
1548 4143 1761 4198 fecisti?
1787 4140 1912 4197 Haec
1940 4157 2038 4196 no-

459 4234 544 4289 bis
572 4234 693 4303 quis
721 4235 1089 4305 respondebit,
1122 4242 1309 4289 contra
1335 4233 1481 4303 leges
1512 4231 1708 4286 factam
1746 4246 1851 4285 non
1883 4229 2042 4285 esse?

457 4322 748 4395 [mpudens
787 4326 1040 4381 meretrix
1080 4341 1176 4397 per
1206 4324 1449 4380 fraudem
1490 4339 1621 4378 ausa
1654 4331 1772 4388 est,
1807 4329 1861 4377 et
1892 4321 2041 4412 iure-

2135 3230 2188 3283 δὲ
2218 3231 2468 3301 διορύττῃ
2504 3229 2601 3298 μὲν
2632 3227 2808 3291 οἰκίας
2858 3239 2962 3289 τις,
2999 3221 3327 3292 ὲπιϐουλεύη
3381 3219 3438 3273 δὲ
3486 3217 3718 3286 γάμοις,

2135 3321 2468 3393 λυμαίνηται
2499 3321 2555 3374 δὲ
2584 3321 2743 3388 γένη,
2778 3317 3068 3390 διαφθείρῃ
3119 3316 3173 3369 δὲ
3224 3312 3428 3378 ἑστίας,
3485 3307 3721 3378 ὑποκρίο

2137 3409 2363 3479 νηταιδὲ
2393 3408 2802 3478 φιλανθρωπίαν
2829 3404 3222 3477 ἀπανθρωπίας
3242 3402 3462 3470 ἀπάσης
3510 3398 3721 3468 γέμου-

2141 3516 2260 3563 σαν,
2283 3499 2319 3553 ἃ.
2345 3498 2443 3569 τὴν
2469 3498 2790 3570 προσθήκην
2817 3498 2920 3551 οὐκ
2946 3496 3136 3568 ἔχοντα
3172 3493 3309 3559 τέως
3337 3491 3437 3562 τὴν
3464 3490 3651 3545 ἄδικον
3672 3488 3721 3520 ’⁸

2143 3589 2258 3659 μετ’
2295 3587 2540 3653 ἐξουσίας
2572 3588 2898 3659 ἐπράττετο,
2930 3587 3105 3641 ταῦτα
3155 3586 3238 3639 ὅτι
3282 3582 3488 3652 ταύτην
3545 3596 3722 3651 προσ-

2140 3681 2327 3752 είληφε
2359 3680 2437 3751 τῷ
2456 3680 2633 3733 δοκεῖν
2661 3678 2929 3733 ἀνεύθυνα
2953 3676 3260 3747 φαίνεσθαι,
3294 3672 3582 3746 προσθήκη
3610 3670 3724 3723 τῶν

2140 3772 2489 3843 ἀδικημάτων
2526 3771 2757 3840 γίνεται.
2819 3768 2961 3823 Ἀλλ’
3006 3769 3087 3832 είς
3131 3767 3279 3822 θέσιν
3324 3766 3455 3826 ἴσως
3503 3761 3727 3832 ἐζήτεις

2142 3863 2373 3918 παιδίον.
2407 3863 2471 3916 Τί
2491 3863 2546 3916 δὲ
2577 3863 2639 3916 ού
2667 3861 2772 3933 πρὸ
2799 3860 2891 3915 τοῦ
2912 3861 3074 3915 τόκου
3101 3860 3201 3930 τὴν
3218 3856 3444 3928 γνώμην
3470 3873 3564 3908 σου
3586 3870 3724 3908 κατ-

2141 3957 2398 4029 εμήνυες,
2428 3956 2461 4027 ἢ
2486 3953 2547 4008 τὸ
2574 3954 2786 4008 παιδίον
2805 3953 2948 4023 μετὰ
2977 3951 3075 4015 τὰς
3118 3950 3313 4013 ὠδῖνας
3340 3948 3439 4001 οὐκ
3472 3945 3719 4018 ᾖτησαςς

2146 4048 2217 4103 Ἣ
2240 4049 2400 4120 τυχὸν
2422 4047 2703 4115 οὐδέτερον
2731 4045 2936 4100 τούτων
2969 4043 3162 4117 ⁸ήθελες
3186 4059 3201 4074 ο
3232 4040 3345 4097 ἀλλ’
3379 4036 3473 4094 οὖν
3522 4040 3588 4093 ἑκ
3621 4040 3727 4107 τῆς

2141 4140 2377 4212 ἐρημίας
2412 4138 2616 4194 ἀνελὼν
2658 4139 2822 4203 εὐθὺς
2862 4138 2964 4191 οὐκ
3007 4133 3406 4205 ὲκοινολογήσω
3457 4130 3589 4201 περὶ
3622 4127 3723 4183 τοῦ

2142 4232 2490 4304 πράγματος,
2530 4230 2591 4285 ού
2624 4229 2767 4285 κατὰ
2811 4229 3011 4300 νόμους
3073 4226 3173 4299 τὴν
3212 4225 3360 4281 θέσιν
3424 4223 3723 4295 ἔπραττες.

2142 4321 2327 4376 Ταῦτα
2350 4319 2712 4393 ἀφαιρήσεταί
2742 4336 2823 4383 τις
2873 4320 3019 4390 ἡμᾶς
3036 4318 3102 4383 ⁸⁸,
3152 4316 3228 4380 ὡς
3269 4313 3421 4386 παρά
3460 4313 3584 4376 τοὺς
3634 4309 3727 4363 νό-

458 4414 533 4471 lix
590 4432 725 4487 puer
776 4417 829 4471 in
877 4417 1132 4473 miseram
1180 4428 1410 4472 matrem
1455 4414 1781 4472 exsecrabili
1838 4405 2028 4470 amoris

2147 4432 2280 4487 μους
2306 4415 2368 4468 οὐ
2416 4413 2766 4484 πέπρακται;
2813 4409 3103 4481 Ἐναγὴς³⁷
3163 4406 3384 4480 μοιχεία
3438 4405 3526 4459 διὰ
3571 4420 3730 4471 σοφι-

461 4508 666 4575 scypho
693 4505 892 4560 misere
920 4506 1221 4562 inebriatus
1249 4512 1350 4572 est,
1378 4513 1433 4561 et
1462 4506 1631 4575 patris
1656 4505 1847 4559 dextra
1886 4503 2042 4558 malis

462 4597 671 4651 artibus
713 4597 769 4651 in
800 4592 1247 4669 charissimorum
1283 4612 1506 4652 suorum
1539 4597 1739 4651 caedem
1780 4610 2042 4651 conversa

462 4695 568 4742 est.
600 4686 782 4757 Lugeo
818 4688 983 4758 igitur
1008 4702 1101 4744 eos
1130 4702 1265 4758 quos
1289 4703 1396 4744 non
1427 4696 1488 4741 ut
1527 4687 1709 4741 hostes
1747 4686 1956 4752 necavi,
1985 4695 2043 4741 et

463 4776 772 4848 lacrymans
822 4779 1056 4834 victimis
1110 4779 1346 4844 assideo,
1395 4793 1532 4849 quas
1577 4777 1816 4846 legitime
1867 4776 2041 4832 factas

461 4869 721 4938 putabam
744 4908 759 4935 ,
808 4884 1077 4941 quemque
1108 4879 1233 4924 ante
1276 4869 1478 4924 eadem
1511 4868 1814 4924 adulterum
1847 4869 2038 4924 existi-

465 4959 634 5024 mavi,
666 4958 812 5015 hunc
834 4969 955 5029 post
975 4960 1173 5015 cmdem
1205 4958 1371 5013 filium
1403 4958 1617 5029 agnovi.
1646 4955 1801 5014 Nunc
1824 4960 2043 5014 omnino

464 5048 783 5105 vulneratus
828 5064 922 5117 es,
951 5063 1096 5106 nunc
1130 5058 1187 5104 et
1217 5048 1416 5105 fascias
1455 5049 1783 5118 sepulcrales
1822 5048 2045 5118 accipis,

2151 4508 2374 4578 σμάτων
2399 4507 2750 4578 τετόλμηται,
2774 4504 2869 4559 καὶ
2898 4505 3027 4567 παῖς
3052 4501 3322 4572 δυστυχὴς
3341 4498 3481 4555 κατὰ
3512 4496 3727 4569 μητρὸς

2147 4597 2338 4662 ἀθλίας
2356 4598 2401 4630 ³⁸
2438 4598 2497 4662 ἐξ
2543 4596 2774 4667 ἐναγοῦς
2799 4596 2845 4628 ’³
2888 4594 3162 4668 κρατῆρος
3197 4590 3469 4664 ἐμεθύσθη
3513 4587 3728 4651 κακῶς,

2147 4689 2241 4743 καὶ
2262 4687 2412 4756 δεξιὰ
2446 4688 2654 4760 πατρὸς
2680 4686 2773 4741 ἐπὶ
2800 4687 2994 4755 φόνους
3028 4683 3134 4738 τῶν
3163 4682 3436 4752 φιλτάτων
3473 4678 3579 4733 ὑπὸ
3628 4694 3732 4732 κα-

2146 4779 2379 4851 κοήθους
2404 4778 2602 4851 τέχνης
2632 4776 2983 4844 ὲξώπλισται.
3013 4776 3210 4848 Θρηνῶ
3246 4772 3343 4828 νῦν
3379 4771 3473 4837 οὓς
3520 4771 3597 4834 ὡς
3623 4786 3730 4823 πο·

2146 4869 2370 4941 λεμίους
2400 4871 2688 4941 ἐφόνευσα,
2737 4870 2833 4924 καὶ
2889 4870 3123 4938 σφαγαῖς
3182 4864 3579 4937 παρακάθημαι
3636 4861 3735 4916 δα-

2151 4959 2357 5030 κρύων,
2388 4958 2454 5023 ἃς
2497 4958 2655 5031 ᾤμην
2691 4957 2829 5029 μετὰ
2854 4957 2964 5011 τῶν
2991 4957 3170 5028 νόμων
3213 4953 3583 5028 ὲργάζεσθαιυ
3635 4951 3734 5005 καὶ

2144 5050 2204 5105 δν
2230 5050 2336 5122 πρὸ
2393 5049 2503 5104 τῶν
2557 5050 2733 5118 φόνων
2767 5048 2952 5120 μοιχὸν
2999 5046 3269 5119 ἐνόμιζον,
3316 5045 3508 5099 τοῦτον
3565 5044 3736 5098 παῖδα

465 5142 566 5196 ﬁli.
612 5143 930 5199 Extremum
972 5150 1024 5197 te
1075 5140 1338 5198 invocabo
1393 5156 1498 5196 non
1550 5140 1892 5208 nominibus,
1930 5157 2028 5212 qua

2151 5142 2288 5213 μετὰ
2308 5142 2408 5214 τὴν
2436 5140 2649 5212 σφαγὴν
2696 5140 2989 5211 ἐγνώρισα.
3049 5139 3165 5193 Νῦν
3216 5138 3387 5199 ὅντως
3425 5134 3735 5206 τιτρώσκῃ,

466 5246 567 5302 per
600 5233 901 5290 adulterum
941 5232 1167 5289 sortitus
1194 5247 1288 5298 es,
1326 5232 1418 5287 sed
1456 5246 1573 5302 quae
1609 5246 1705 5301 per
1744 5231 2051 5302 generatio-

2147 5232 2245 5288 νῦν
2273 5233 2371 5305 τὴν
2393 5232 2616 5303 καιρίαν
2648 5229 2969 5302 λαμϐάνεις,
3000 5229 3230 5284 παιδίον.
3265 5225 3497 5282 Καλέσω
3530 5224 3644 5296 γάρ
3674 5240 3738 5276 σε

1761 5365 1997 5422 VARle
2025 5365 2432 5423 LECTIONES.

541 5490 585 5523 ³⁵
624 5488 992 5560 ἐπαναγαγὼν
1014 5507 1080 5560 κς.
1159 5486 1249 5560 __"
1273 5482 1377 5560 οἷςῖ
1406 5488 1480 5552 ὡς
1502 5487 1561 5540 Α,
1658 5483 1933 5560 ¹⁷Απεριὼν
1964 5486 2028 5540 Α.

472 5560 570 5628 μὲν
592 5559 683 5612 οὖν
706 5557 824 5615 ἀλλ’⁷
846 5557 938 5613 ἐπὶ
966 5559 1043 5631 τῷ
1075 5557 1244 5631 μηδὲν
1258 5557 1573 5631 Β-ρὶεοιιίιιςὶ

468 5625 517 5696 ῗ³
549 5632 717 5683 ποιεῖν
747 5632 786 5683 C
834 5650 846 5685 :
876 5625 1026 5698 ποιεῖ’
1067 5625 1149 5692 ἐς(
1191 5697 1203 5698 7
1228 5628 1441 5698 ηέχεις
1491 5628 1616 5682 AC:
1651 5625 1795 5698 ἔχειν
1849 5643 1907 5689 ς.

1672 5557 1715 5587 ²⁰
1744 5571 1840 5625 pro
1864 5555 1992 5609 είλω
2028 5556 2216 5609 lacuna
2245 5555 2321 5609 est
2353 5555 2406 5609 in
2466 5555 2526 5609 B.

2002 5627 2047 5665 ’³
2099 5625 2315 5678 ἀδικίαν
2354 5628 2418 5679 Δ.

2140 5485 2184 5517 ⁸⁸
2216 5482 2368 5557 περὶ]
2397 5483 2541 5557 κατά
2575 5485 2637 5557 B.
2724 5487 2896 5557 :{obx
2926 5487 3073 5557 ἔστιν
3104 5478 3196 5538 οὖν
3230 5478 3508 5557 μηδὲν-ιβ,
3555 5478 3741 5545 ἔξεστι

2625 5554 2798 5627 ²¹οἴς]
2851 5559 2960 5612 imo
3010 5549 3147 5627 tbv._
3200 5549 3244 5586 ’ί
3294 5549 3611 5627 δικᾲζρυσιν
3672 5562 3741 5609 ς.

2513 5627 2559 5663 ²⁶
2588 5626 2730 5706 ὑμαῖς
2756 5617 2819 5683 Ᾰ.
2900 5631 2942 5662 ετ
2998 5625 3196 5689 ἐναγὴς
3231 5618 3469 5694 μοιχεία]
3518 5617 3740 5686 ὲνάγεις

475 5715 564 5767 μοι
593 5702 747 5772 χεῖρα
779 5700 839 5756 Β.
917 5697 963 5732 ⁸⁸
997 5697 1206 5771 ἀθλίας]
1232 5695 1443 5769 ἀθρόως
1477 5698 1538 5752 Β.
1610 5700 1652 5730 ’9
1685 5696 1743 5760 ἐξ
1776 5695 2002 5763 ἐναγοῦς
2036 5696 2296 5764 Scaliger.
2322 5695 2445 5752 libri
2478 5695 2753 5765 ξεναγοῦς.
