3990 6232
323 227 465 296 1325

1356 232 1874 300 BIBLIOTHECA.
1904 263 1974 274 *-
1995 239 2160 302 COD.
2200 242 2502 306 CCXLIII.

3440 253 3573 318 1326

317 345 510 401 λοιπὸν
530 345 593 401 οὐ
613 347 728 411 τοῖς
757 345 864 401 τῶν
890 345 1243 417 ἀδικημάτων
1267 345 1404 402 ἀλλὰ
1426 351 1540 413 τοῖς
1562 348 1663 411 ¹τού
1705 351 1878 420 γένοω

2002 367 2125 408 nem
2177 364 2443 412 nostram.
2481 353 2599 415 Non
2643 356 2788 413 enim
2835 366 2888 413 tu
2924 372 3165 414 meorum
3205 358 3575 420 calamitatum

316 438 583 510 ὀνόμασιν
607 455 622 472 ο
643 439 702 493 οὐ
732 439 842 512 γὰρ
879 438 946 493 σύ
976 456 1066 510 μοι
1103 440 1211 495 τῶν
1240 441 1606 512 ἀτυχημάτων
1634 441 1748 495 ἀλλ’
1781 442 1896 496 ἓτε-

317 545 415 604 ρος
447 530 640 596 αἴτιος.
681 531 883 596 Ἡδέως
902 532 945 585 δ’
973 531 1041 588 ἂν
1067 532 1299 605 ἐροίμην
1327 535 1505 590 ἐκεῖνο
1528 534 1593 605 δή
1614 553 1717 590 που
1749 535 1900 607 πρῶ-

312 639 410 677 τον
435 623 528 678 τὸν
557 623 830 679 πλούσιον.
865 626 1115 696 Χρηστδς
1138 625 1289 697 αὐτῷ
1320 627 1410 681 τὸν
1455 628 1654 700 τρόπον
1688 629 1716 682 ὁ
1765 648 1896 685 νεα-

311 713 506 779 νίσκος
540 715 812 786 ἐφαίνετο,
854 716 889 788 ἢ
946 717 1259 774 τούναντίον
1295 719 1642 792 παράνομος;
1698 721 1763 778 Εἰ
1797 724 1899 795 μὲν

310 806 425 878 γὰρ
448 808 705 880 χρηστὸς,
720 809 865 874 τίνος
888 812 943 864 αἱ
969 811 1218 882 πράξεις,
1235 813 1335 867 οὐκ
1357 813 1550 883 ἄδηλον
1573 831 1588 847 ·
1612 816 1661 869 εί
1701 816 1758 870 δὲ
1793 835 1896 873 πο-

309 901 500 973 νηρδς,
517 901 689 973 ἐχρῆν
727 902 1036 958 ἀποδιδόναι
1082 903 1161 976 τῷ
1189 905 1442 973 φύσαντι.
1473 907 1617 978 Πρὸς
1669 910 1726 963 δὲ
1754 912 1894 966 ’τού-

306 1010 428 1057 τοις
460 992 690 1065 πότερον
711 993 955 1065 ἐλελήθει
1002 1012 1063 1048 σε
1096 994 1269 1052 ταῦτα
1311 996 1504 1063 ποιῶν,
1538 999 1571 1069 ἢ
1620 1001 1889 1070 προειδὼς

307 1084 415 1140 οὐκ
440 1084 711 1152 ἔκώλυεςς
745 1087 809 1140 Εἰ
835 1086 933 1157 μὲν
961 1087 1068 1160 γὰρ
1090 1087 1332 1157 ἠγνόεις,
1378 1089 1586 1161 πατρός
1631 1107 1696 1160 γε
1722 1091 1891 1158 ὅντως

308 1177 563 1250 φυλακὴν
618 1177 798 1246 λέγεις
824 1193 839 1208 ·
874 1180 924 1232 εί
972 1179 1017 1231 δ’
1056 1178 1156 1233 οὐκ
1185 1180 1427 1250 ἠγνόεις,
1473 1181 1664 1254 ὥσπερ
1720 1184 1889 1248 εἰκὸς,

309 1268 575 1338 μέλλοντα
599 1270 849 1337 κωλύειν,
879 1270 942 1325 οὐ
968 1272 1305 1343 πεποιηκότα
1327 1274 1516 1345 ἐχρῆν.
1551 1275 1625 1329 Τὸ
1656 1275 1756 1347 μὲν
1780 1276 1890 1346 γὰρ

306 1360 589 1431 προνοίας,
622 1362 685 1416 τὸ
732 1362 789 1416 δὲ
848 1362 1064 1427 ἀδικίας
1127 1366 1468 1437 τεκμήριον·
1540 1368 1636 1421 καὶ
1672 1369 1735 1421 τὸ
1788 1369 1888 1438 μὲν

301 1451 399 1505 τὸν
423 1450 633 1517 εὔνουν,
664 1453 725 1507 τὸ
748 1454 806 1507 δὲ
831 1453 924 1509 τὸν
958 1455 1428 1528 προσποιούμενον
1468 1458 1759 1515 δείκνυσιν.
1826 1459 1887 1515 '0

302 1543 590 1607 νεανίσκος
618 1544 872 1599 ἀπάντων
897 1545 942 1577 ³ο
956 1546 1149 1610 αἴτιος.
1175 1547 1239 1600 Ei
1267 1550 1372 1618 γὰρ
1402 1542 1515 1611 οἷός
1542 1567 1603 1603 τε
1633 1544 1703 1621 ἦν
1731 1552 1887 1618 ἀφεῖ-

300 1648 393 1688 ναι
416 1634 603 1705 φωνὴν
623 1673 638 1699 ,
671 1635 720 1688 εί
754 1636 863 1707 γάρ
900 1653 985 1700 τις
1011 1637 1175 1691 αὑτὸν
1205 1637 1342 1693 θεῶν
1361 1678 1377 1705 ,
1408 1636 1496 1694 οἷα
1544 1641 1715 1696 πολὶά
1751 1642 1884 1697 πολ-

300 1723 462 1789 λάκις
484 1726 635 1796 παρά
668 1727 778 1780 τῶν
837 1727 1079 1799 ποιητῶν
1113 1727 1405 1801 ἀκούομεν,
1447 1731 1583 1803 πρὸς
1610 1732 1654 1765 ³⁸
1687 1735 1883 1805 μικρὸν

299 1816 527 1887 ἀνῆκεν,
566 1818 691 1872 ὅσον
724 1818 1133 1891 παραγενέσθαι
1181 1822 1249 1892 τῇ
1293 1821 1504 1893 κρίσει,
1551 1824 1652 1878 οὐκ
1689 1823 1757 1878 ἂν
1820 1826 1885 1878 ὲκ

303 1908 487 1980 μέσων
517 1908 628 1965 τῶν
660 1911 887 1981 πληγῶν
916 1912 1011 1967 καὶ
1046 1911 1157 1967 τῶν
1188 1915 1523 1985 τραυμάτων
1552 1915 1879 1987 ἀνέκραγεν,

303 2001 521 2070 Ἔγωγε
559 2003 777 2074 μοιχός;
814 2004 927 2072 ἐγὼ
975 2005 1328 2076 παράνομος;
1379 2007 1539 2077 ἐχθρὲ
1597 2009 1693 2062 καὶ
1723 2009 1886 2063 πλού-

301 2107 386 2144 σιε
416 2107 432 2123 ·
463 2092 562 2162 ὀψὲ
593 2095 704 2165 γάρ
734 2111 799 2164 με
831 2094 960 2167 [584
991 2095 1082 2169 Η.]
1137 2097 1238 2160 τὰς
1292 2098 1507 2170 σεαυτῷ
1555 2100 1880 2171 πρεπούσας

298 2179 622 2251 ἐπωνυμίας
652 2182 916 2250 ἐδίδαξας.
949 2183 1091 2238 Ἀλλ’
1141 2186 1438 2259 οἰκτείρας,
1474 2190 1629 2259 φησὶ,
1680 2190 1741 2243 τὸ
1773 2191 1882 2245 πά·-

299 2270 392 2334 θος
422 2271 747 2337 ὲπὲδειξα³²
814 2274 885 2328 τὰ
935 2274 1313 2347 γνωρίσματα,
1369 2278 1559 2347 τάφων
1611 2279 1883 2352 πατρῴων

296 2362 596 2434 ἀξιωθῆναι
624 2364 776 2435 παρά
815 2365 911 2419 σοῦ
940 2366 1034 2420 τὸν
1073 2368 1354 2422 νεανίσκον
1390 2367 1730 2439 βουλόμενος,
1787 2372 1884 2435 Είς

295 2454 493 2525 καιρόν
520 2471 585 2524 γε
617 2456 701 2528 (οὐ
733 2455 843 2529 γάρ
872 2457 912 2529 ;)
965 2456 1064 2522 τὰς
1115 2458 1411 2527 διαλλαγὰς
1439 2461 1738 2532 ἐτήρησας,
1787 2462 1883 2515 καὶ

289 2546 414 2601 τότε
453 2548 805 2621 ἀνεμνήσθης
839 2550 1074 2622 συνάψαι
1106 2553 1169 2606 τὸ
1196 2552 1375 2622 γένος,
1409 2553 1499 2607 ὅτε
1523 2553 1616 2608 τὸν
1644 2554 1881 2626 πόλεμον

292 2641 562 2697 ἄσπονδον
589 2642 647 2696 ὲν
675 2643 820 2713 ξίφει
851 2645 943 2698 καὶ
975 2644 1191 2718 μοιχείᾳ
1226 2646 1555 2718 πεποίηκας.

361 2755 427 2808 Εἰ
449 2755 598 2827 λέγει
643 2759 737 2812 καὶ
784 2759 987 2831 γράφει
1037 2759 1131 2815 καὶ
1167 2762 1268 2834 τὴν
1313 2765 1586 2838 πατρικὴν
1619 2766 1712 2821 τοῦ
1763 2766 1879 2839 βίου

289 2847 447 2915 τάξιν
470 2850 809 2922 εὑρίσκεται,
849 2853 910 2906 οὐ
950 2853 1215 2925 δεήσομαι
1255 2859 1656 2929 γνωρισμάτων
1690 2860 1877 2915 πλειό-

290 2955 420 3003 νων,
453 2941 674 3012 γνωριῶ
721 2943 819 3014 τὴν
856 2942 1019 3014 φύσιν
1080 2944 1189 2998 ἀπὸ
1226 2947 1319 3000 τοῦ
1353 2947 1619 3020 βήματος.
1656 2952 1754 3014 Δός
1788 2970 1879 3020 μοι

290 3029 433 3103 νόσῳ
465 3034 558 3086 καὶ
588 3034 763 3105 λοιμῷ
806 3034 1183 3107 δαπανηθέντα
1222 3040 1574 3110 κομίσασθαι.
1608 3043 1879 3115 Θρηνήσω

291 3121 392 3191 μὲν
423 3124 519 3178 καὶ
562 3125 684 3178 τότε
743 3126 844 3196 τὴν
884 3129 1173 3200 συντυχίαν
1223 3129 1325 3201 τῆς
1351 3132 1624 3200 γνώσεως,
1652 3134 1735 3187 ὅτι
1771 3151 1873 3206 μου

287 3215 390 3286 τὴν
408 3217 722 3287 ἐπωνυμίαν
760 3221 861 3288 τὴν
898 3220 995 3274 τοῦ
1026 3223 1234 3294 πατρὸς
1267 3225 1413 3295 μόνῳ
1437 3225 1514 3297 τῷ
1533 3227 1693 3300 τάφῳ
1712 3230 1874 3299 τετή-

289 3320 501 3376 ρηκας·
544 3312 1006 3384 παραμυθήσεται
1033 3315 1092 3369 δέ
1129 3334 1196 3388 με
1226 3319 1287 3371 τὸ
1332 3318 1549 3388 πέμψαι
1579 3320 1672 3374 τὸν
1708 3320 1874 3374 παῖδα

283 3398 399 3458 τοῖς
437 3397 586 3452 κάτω
635 3400 778 3467 θεοῖς
824 3409 964 3477 νόσῳ
1016 3406 1266 3476 λυθέντα,
1313 3409 1389 3482 μὴ
1420 3410 1683 3482 δράμασι.
1733 3412 1873 3466 Νυνὶ

282 3488 340 3542 δὲ
366 3488 434 3560 (ὢ
460 3492 561 3563 τῆς
595 3498 864 3568 τραγικῆς
887 3499 1077 3564 ὅντως,
1110 3501 1155 3554 ὣ
1183 3505 1283 3574 τῆς
1304 3503 1483 3575 ἀώρου
1510 3505 1602 3558 καὶ
1632 3505 1872 3576 ἀπηνοῦς

281 3581 394 3635 τῶν
433 3588 832 3658 γνωρισμάτων
863 3593 1371 3664 καταμηνύσεωςί),
1418 3593 1583 3666 [1095
1628 3595 1719 3669 IL]
1776 3595 1872 3650 νῦν

282 3674 637 3748 ἠνάγκασμαι
685 3681 975 3752 γνωρίζειν
1025 3684 1118 3738 τὸν
1156 3685 1344 3752 παῖδα,
1375 3687 1464 3740 ὅτε
1495 3687 1713 3755 ἀγνοεῖν
1749 3704 1875 3741 συν-

282 3766 474 3838 έφερε,
531 3771 627 3824 καὶ
663 3773 786 3826 τότε
841 3775 1025 3847 πατὴρ
1095 3778 1498 3850 ἀναγορεύομαι
1531 3779 1598 3845 ³³,
1643 3780 1731 3834 ὅτε
1776 3779 1873 3833 καὶ

283 3859 631 3926 παιδοκτόνος
664 3864 1011 3936 εὑρίσκομαι.
1045 3868 1152 3922 Ἔα
1185 3886 1252 3940 με
1282 3871 1451 3942 μόνην
1479 3870 1580 3941 τὴν
1620 3871 1869 3943 μοιχείαν

280 3950 529 4024 θρηνεῖν,
567 3954 647 4009 ἐνί
704 3970 810 4028 μου
842 3957 887 3990 ³³
945 3960 1346 4033 παραχώρησον
1384 3966 1453 4016 τὰ
1480 3963 1874 4036 δυστυχήματα

279 4040 541 4113 δράματι.
569 4045 634 4099 Τί
671 4047 728 4101 δέ
760 4066 827 4121 με
849 4051 1094 4124 μερίζεις
1124 4056 1235 4117 τοῖς
1263 4058 1549 4125 ποιηταῖς;
1581 4055 1633 4109 τί
1661 4055 1718 4110 δὲ
1742 4054 1874 4110 ’καθ’

278 4133 514 4190 ἕκαστον
556 4137 665 4193 τῶν
697 4141 845 4211 ἐμῶν
884 4144 1254 4217 ἀτυχημάτων
1285 4148 1491 4220 σκηνὴν
1511 4148 1747 4220 ὲγείρεις
1774 4149 1869 4204 καὶ

281 4223 524 4299 θέατρα;
585 4230 723 4285 Νυνὶ
750 4231 806 4287 δι
834 4236 1327 4309 παρηκολούθηκας
1386 4240 1636 4311 ἀριθμῶν
1666 4259 1770 4313 μου
1797 4242 1870 4298 τὰ

280 4315 696 4390 δυστυχήματα.
747 4324 859 4378 Καὶ
908 4325 1030 4380 τότε
1100 4345 1202 4399 μου
1253 4330 1541 4402 πληρῶσαι
1570 4333 1660 4386 τὸν
1699 4333 1871 4404 τάφον

285 4406 484 4475 θέλεις,
519 4410 607 4465 ὅτε
643 4413 733 4469 τὸν
764 4410 911 4470 οἷκον
959 4419 1254 4484 ὲκὲνωσας.
1294 4421 1474 4492 edem
1498 4440 1567 4494 με
1587 4425 1631 4457 ³⁸
1688 4424 1870 4495 βούλει

286 4496 385 4553 τὸν
430 4501 633 4571 παῖδα;
700 4504 872 4578 καλῆς
899 4508 1076 4581 γε(οὐ
1109 4510 1285 4583 γάρ;)
1352 4530 1444 4583 μοι
1494 4512 1804 4584 φιλοτιμίας
1823 4516 1868 4553 ³⁸

284 4593 709 4667 παρεχώρησας.
754 4598 884 4670 Ἐμὲ
918 4600 972 4654 δὲ
1001 4601 1141 4673 ἄφες
1189 4603 1394 4659 στένειν
1417 4604 1514 4669 τὰς
1555 4606 1863 4679 συμφοράς’

280 4683 350 4736 σὺ
377 4684 470 4736 καὶ
501 4686 713 4756 βάψον,
748 4690 796 4741 εί
838 4689 1034 4755 θέλεις,
1066 4693 1157 4746 τὸν
1208 4694 1573 4766 ἀνῃρημένον,
1637 4696 1732 4749 καὶ
1775 4697 1865 4760 δὸς

277 4771 432 4844 αὑτῷ
485 4775 674 4846 φέρειν
729 4779 849 4833 ἀντὶ
908 4781 1018 4836 τῶν
1048 4784 1316 4854 ἑνταφίων
1335 4786 1404 4838 τὰ
1436 4786 1748 4857 σπάργανα.
1796 4788 1863 4841 Αἱ

279 4865 377 4916 σαὶ
427 4865 610 4936 χεῖρές
659 4871 765 4922 εἰσι
823 4871 1079 4944 τοιαύτης
1110 4876 1288 4944 ταφῆς
1331 4877 1569 4945 ὲπάξιαι.
1603 4878 1774 4932 Πόθεν
1803 4879 1861 4933 δὲ

262 4954 377 5010 καὶ
422 4957 522 5028 τὴν
562 4960 800 5031 ἐκφορὰν
847 4964 1175 5035 ποιήσομαι;
1215 4967 1322 5020 ἀπὸ
1379 4969 1476 5039 τῆς
1508 4969 1691 5030 ἑστίας
1720 4987 1734 5035 ;
1768 4970 1864 5024 καὶ

276 5049 434 5102 ποῖον
466 5049 685 5121 ὄρυγμα
749 5054 848 5124 τῆς
900 5056 1192 5129 δυστυχοῦς
1216 5059 1431 5129 ἐκείνης
1465 5061 1857 5131 στυγνότερον;

277 5139 409 5211 περὶ
436 5140 564 5181 ⁸⁷-³³
594 5143 763 5216 αὐτὴν
794 5147 1029 5221 δυστυχῆ
1063 5150 1312 5222 σώματα,
1339 5153 1434 5206 κοιλ¹
1462 5152 1692 5224 φοϐερὸν
1721 5148 1860 5223 αἷμα

2008 461 2193 513 causa,
2226 448 2320 504 sed
2348 449 2509 509 alius.
2534 448 2799 506 Libenter
2828 461 3008 508 autem
3037 453 3140 510 hoc
3169 455 3403 525 primum
3434 469 3582 525 quaa-

2001 538 2184 594 sieritn
2207 555 2239 595 a
2263 540 2448 610 divite,
2472 541 2739 612 bonisque
2766 543 3027 611 moribus,
3055 560 3122 598 an
3145 554 3335 601 contra
3358 544 3526 620 359
3546 564 3580 603 α

2000 628 2280 699 improbus
2299 629 2514 700 juvenis
2538 630 2707 689 fuisse
2730 633 2779 689 ei
2805 633 3088 690 videatur?
3123 633 3180 691 Si
3209 637 3353 691 enim
3381 637 3575 702 bonus,

1999 734 2104 775 non
2135 721 2428 778 obscurum
2459 733 2564 788 est,
2597 723 2750 795 cujus
2775 725 2858 780 hae
2887 727 2994 782 sint
3023 724 3289 784 factiones
3316 744 3330 782 :
3364 728 3451 785 sin
3478 729 3580 785 im-

1998 815 2198 883 probus
2225 823 2366 881 erat,
2392 816 2534 886 patri
2568 816 2717 871 reddi
2749 817 3053 886 oportebat.
3095 817 3303 875 Deinde
3331 834 3442 874 non
3466 820 3578 876 sei-

1996 905 2120 960 visti
2161 905 2278 961 haec
2315 921 2438 960 eum
2474 921 2690 976 patrare
2714 907 2972 963 solitum?
3007 908 3090 963 An
3130 902 3310 965 sciens
3341 911 3579 981 prudens

1998 1012 2102 1052 non
2137 997 2505 1065 prohibuisti?
2533 998 2588 1052 Si
2619 998 2763 1054 enim
2801 999 3113 1070 ignorabas,
3147 1002 3213 1055 ad
3244 1009 3449 1070 patrem
3480 1016 3575 1056 cu-

1998 1089 2226 1145 stodiam
2261 1090 2534 1159 pertinere
2564 1091 2742 1146 dicis?
2773 1090 2829 1146 Si
2869 1104 2998 1146 vero
3030 1093 3261 1160 sciebas,
3293 1102 3354 1147 ut
3380 1094 3576 1149 verisi-

1994 1181 2118 1235 mile
2145 1189 2249 1248 est,
2274 1179 2456 1236 futura
2481 1182 2657 1237 adhuc
2692 1197 2791 1237 nec
2821 1181 2966 1238 facta
2996 1184 3285 1251 prohibere
3318 1184 3574 1243 debebas.

1995 1268 2113 1326 Hoc
2133 1271 2277 1326 enim
2300 1286 2466 1338 curre,
2492 1272 2619 1328 illud
2648 1273 2903 1346 nequitiae
2931 1275 3190 1331 indicium
3218 1287 3323 1345 est;
3351 1277 3454 1333 hoc
3479 1279 3574 1333 be-

1989 1361 2390 1428 nevolentiam,
2448 1362 2579 1417 illud
2628 1364 3030 1422 simulationem
3082 1367 3338 1423 declarat.
3378 1367 3573 1425 Adole-

1990 1466 2148 1506 scens
2173 1461 2278 1518 est,
2303 1468 2519 1509 omnem
2548 1454 2759 1524 culpam
2782 1457 3036 1512 sustinet.
3071 1456 3126 1513 Si
3150 1458 3294 1512 enim
3319 1459 3572 1513 emittere

1988 1556 2178 1597 vocem
2214 1543 2508 1610 voluisset,
2540 1545 2584 1599 si
2613 1546 2812 1616 aliquis
2841 1548 2974 1603 deus
3001 1548 3203 1617 (qualia
3239 1549 3406 1603 multa
3425 1550 3568 1621 apud

1988 1642 2178 1702 poetas
2212 1634 2485 1706 audimus)
2514 1635 2665 1690 illum
2693 1647 2801 1690 tam
2832 1636 2925 1692 diu
2957 1637 3285 1706 reliquisset,
3323 1639 3448 1692 dum
3475 1639 3568 1710 ju-

1986 1725 2129 1781 dicio
2153 1727 2460 1794 sisteretur,
2487 1742 2663 1783 nonne
2688 1729 2740 1782 in
2771 1728 2966 1785 mediis
2989 1729 3304 1786 vulneribus
3328 1738 3380 1785 et
3404 1731 3572 1801 plagis

1987 1813 2287 1887 clamaret:
2323 1813 2438 1886 Ego
2481 1816 2728 1882 adulter,
2764 1829 2864 1886 ego
2904 1816 3285 1886 prtevaricatur
3331 1818 3571 1887 improbe

1988 1884 2160 1961 dives.
2185 1904 2322 1962 Sero
2341 1884 2485 1963 enim
2510 1922 2597 1963 me
2618 1907 3010 1979 appellationes
3031 1923 3146 1972 eas,
3171 1922 3291 1978 quae
3316 1906 3411 1963 tibi
3439 1923 3571 1963 con—

1987 1997 2239 2064 veniant,
2291 1997 2558 2065 docuisti,
2607 2001 2700 2055 sed
2730 1998 3017 2053 misertum
3038 2038 3054 2065 ,
3096 1998 3290 2068 inquit,
3322 2007 3374 2054 te
3402 1998 3571 2055 cladis

1986 2087 2119 2143 satis
2163 2090 2446 2156 indicasti,
2497 2091 2774 2160 cupiens'a
2817 2101 2867 2145 te
2900 2088 3297 2147 adolescentem
3328 2092 3571 2161 paternis

1989 2176 2286 2249 sepulturis
2308 2180 2529 2250 dignum
2560 2180 2732 2245 reddi,
2767 2188 3067 2250 opportune
3097 2194 3246 2238 sane.
3279 2180 3395 2237 Non
3426 2182 3569 2237 enim

1986 2270 2164 2327 foedus
2195 2271 2447 2336 servasti,
2476 2278 2531 2326 et
2563 2279 2687 2326 tunc
2714 2270 2766 2324 in
2798 2278 3032 2326 mentem
3059 2270 3159 2326 tibi
3185 2273 3332 2327 venit
3352 2272 3570 2344 conjun-

1986 2379 2114 2436 gere
2143 2374 2425 2435 cognatos,
2453 2364 2669 2434 quando
2700 2364 3046 2435 implacabile
3071 2365 3277 2424 bellum
3308 2366 3362 2422 in
3390 2368 3569 2439 gladio

1985 2466 2041 2510 et
2074 2454 2339 2511 adulterio
2371 2454 2672 2512 collocasti.

2055 2756 2147 2813 Sic
2180 2755 2358 2824 dicat,
2391 2766 2447 2814 et
2476 2755 2703 2824 scribat,
2735 2765 2789 2811 et
2820 2757 2944 2812 vita:
2978 2765 3221 2827 paternae
3253 2756 3452 2813 seriem
3490 2759 3567 2814 in-

1983 2850 2185 2916 veniat,
2210 2850 2365 2921 plura
2399 2850 2554 2920 signa
2582 2865 2690 2905 non
2723 2855 2904 2919 petam
2932 2863 2963 2904 e
2986 2849 3232 2918 vestigiis
3264 2858 3434 2904 totam
3466 2864 3563 2904 na-

1984 2953 2158 2999 turam
2190 2940 2730 3012 deprehensam.Fac
2762 2940 2952 2995 morbo
2982 2948 3035 2995 et
3062 2949 3212 3010 peste
3237 2940 3563 2998 exstinctum

1981 3033 2187 3101 eﬂ‘erri,
2208 3032 2433 3103 plorabo
2457 3033 2539 3087 vel
2568 3040 2697 3087 tunc
2737 3032 3000 3101 agnitum,
3042 3047 3167 3087 eum
3200 3031 3331 3087 mihi
3363 3048 3559 3088 nomen

1904 3115 1949 3178 C
1983 3124 2152 3195 patris
2201 3124 2317 3180 solo
2360 3123 2609 3193 sepulcro
2653 3122 2978 3179 servaveris.
3026 3121 3144 3177 Erit
3194 3122 3324 3177 mibi
3370 3121 3564 3178 solatio

1978 3218 2148 3275 ﬁlium
2177 3219 2367 3274 morbo
2399 3217 2729 3272 exstinctum
2769 3231 2872 3270 non
2908 3214 2962 3269 in
2996 3215 3259 3287 tragoedia
3285 3216 3350 3271 ad
3376 3214 3565 3271 Manes

1979 3311 2215 3366 mittere.
2257 3308 2411 3365 Nunc
2458 3323 2609 3375 vero,
2654 3324 2687 3364 o
2722 3309 3007 3378 tragicam,
3050 3323 3084 3364 ο
3128 3308 3471 3363 immaturam
3505 3319 3565 3364 et

1979 3403 2254 3460 crudelem
2286 3403 2562 3473 signorum
2590 3392 3040 3469 declamationem
3065 3402 3078 3455 ί
3102 3399 3223 3456 Jam
3266 3415 3563 3472 agnoscere

1976 3493 2145 3548 filium
2166 3501 2385 3548 coactus
2406 3508 2548 3559 sum,
2589 3492 2805 3561 quando
2826 3492 3078 3562 ignorare
3098 3492 3437 3561 prtestitisset
3463 3509 3476 3546 :
3508 3502 3562 3563 ct

1979 3597 2090 3644 tum
2115 3589 2330 3647 demum
2359 3591 2529 3661 patris
2555 3605 2754 3646 nomen
2790 3591 3022 3658 ascisco,
3057 3604 3180 3646 cum
3208 3588 3300 3642 filii
3335 3602 3560 3659 percus-

1975 3695 2070 3736 sor
2098 3680 2494 3751 depreliendar.
2529 3682 2777 3757 Sineme
2808 3680 2983 3739 solum
3014 3680 3339 3736 adulterium
3371 3678 3559 3750 deplo-

1974 3790 2127 3842 rare,
2170 3776 2267 3829 des
2305 3775 2359 3830 in
2391 3790 2499 3830 uno
2540 3777 2790 3832 dramate
2834 3775 3148 3832 infortuniis
3183 3775 3320 3830 meis
3358 3774 3555 3830 locum.

1974 3868 2115 3936 Quid
2165 3879 2344 3924 autem
2399 3885 2486 3925 me
2534 3869 2767 3926 diversis
2816 3869 2992 3938 poetis
3041 3866 3252 3924 tradis?
3305 3866 3444 3933 Quid
3491 3867 3557 3919 ad

1973 3957 2213 4026 singulas
2263 3973 2413 4014 meas
2453 3959 2789 4014 calamitates
2840 3972 3093 4023 scenam,
3147 3964 3203 4010 et
3253 3952 3557 4024 spectacula

1973 4051 2254 4106 adornas?
2281 4049 2437 4105 Nunc
2466 4064 2596 4105 vero
2623 4063 2906 4105 numerum
2953 4032 3286 4107 calamitatis
3318 4060 3451 4100 mea:
3479 4044 3558 4096 vi-

1972 4142 2137 4208 disti,
2180 4149 2239 4197 et
2277 4152 2388 4196 tum
2437 4140 2736 4209 adimplere
2790 4138 3099 4209 sepulcrum
3152 4151 3331 4191 meum
3380 4135 3552 4203 cupis,

1960 4216 2096 4292 {cum
2119 4235 2382 4291 familiam
2409 4234 2752 4291 exbauseris.
2781 4231 3023 4312 sepelire
3048 4244 3227 4283 meum
3254 4229 3337 4283 vis
3362 4226 3557 4282 tilium!

1972 4324 2212 4383 Honeste
2240 4326 2457 4397 quidem
2487 4340 2503 4379 :
2534 4339 2641 4379 non
2685 4314 2829 4378 enim
2875 4322 3005 4376 milii
3055 4319 3403 4375 contentione
3429 4332 3550 4372 ces-

1975 4419 2121 4474 sisti.
2165 4417 2424 4471 Permitte
2467 4429 2554 4470 me
2590 4413 2865 4468 fortunam
2913 4425 3087 4465 meam
3131 4409 3453 4477 deplorare:
3496 4418 3553 4463 at

1978 4521 2032 4566 tu
2064 4507 2407 4566 interfectum
2442 4506 2489 4560 si
2515 4505 2645 4559 libet
2679 4511 2839 4558 terra!
2881 4501 3098 4563 manda,
3133 4509 3298 4568 atque
3332 4498 3407 4553 illi
3453 4515 3549 4569 pro

1973 4599 2252 4671 sepultura
2306 4598 2372 4653 da
2403 4594 2597 4666 359b
2630 4593 2849 4648 fascias.
2891 4590 3019 4645 Tute
3044 4590 3188 4645 enim
3228 4605 3417 4644 manus
3447 4592 3550 4646 hoc

1973 4690 2223 4762 sepulcro
2251 4689 2428 4759 digna:
2460 4695 2607 4742 sunt.
2638 4682 2790 4739 Unde
2821 4692 3002 4737 autem
3036 4681 3196 4737 funus
3220 4682 3473 4739 efferam?
3501 4686 3547 4740 E

1972 4779 2165 4835 domo?
2209 4778 2276 4832 Et
2319 4775 2590 4845 quodnam
2636 4771 2945 4843 sepulcrum
2989 4771 3091 4827 hac
3141 4772 3341 4830 infelici
3387 4777 3548 4832 domo

1971 4870 2185 4927 dirius?
2218 4869 2315 4925 llic
2342 4867 2585 4922 infelicia
2614 4879 2872 4934 corpora,
2908 4874 2963 4918 et
2987 4878 3139 4919 sacer
3169 4867 3448 4937 sanguinis
3478 4870 3547 4923 ab

1969 4962 2115 5019 omni
2165 4968 2321 5031 parte
2367 4957 2572 5014 effusus
2620 4964 2736 5022 est,
2774 4956 3048 5027 multaque
3114 4958 3292 5014 caedes
3352 4958 3547 5030 (triste

1967 5049 2388 5124 spectaculum!)
2414 5050 2466 5104 in
2487 5047 2822 5116 mediojacet
2843 5066 2857 5103 :
2882 5049 3020 5103 hanc
3037 5048 3253 5103 domum
3278 5049 3543 5115 dirarum,

1968 5147 2304 5209 darmonum,
2340 5157 2404 5196 ac
2446 5139 2709 5196 furiarum
2747 5140 2919 5197 ambit
2960 5141 3176 5197 cohors.
3220 5140 3374 5198 Nunc
3414 5159 3546 5199 vero

276 5227 419 5283 κατά
437 5230 546 5285 πᾶν
570 5234 735 5305 μέρος
758 5238 1067 5312 ἐκκέχυται,
1109 5242 1203 5297 καὶ
1231 5243 1399 5309 πολὺς
1425 5245 1582 5315 φόνος
1602 5246 1659 5299 ὲν
1679 5244 1851 5316 μέσῳ,

1989 5237 2120 5308 prob
2152 5236 2416 5292 malorum
2451 5235 2722 5306 ingentem
2743 5233 3018 5290 cumulum
3040 5233 3079 5307 !)
3099 5234 3153 5290 in
3175 5234 3342 5290 filium
3366 5251 3544 5292 arma-

1587 5425 1825 5483 VABUE
1860 5422 2265 5483 LECTIONES.

343 5540 393 5635 ξ’
406 5544 675 5635 Δἁπάντων
706 5552 1083 5635 Δερᾌπάντων
1116 5578 1176 5635 gl.
1232 5562 1294 5635 ί³¹
1325 5564 1464 5635 πρὸς
1494 5562 1575 5618 Bt
1606 5563 1683 5627 ὡς
1714 5581 1776 5629 ς-

1881 5564 1927 5597 ³²
1957 5565 2206 5631 ἐπέδειξα
2236 5562 2281 5619 Α
2311 5572 2367 5619 et
2395 5579 2539 5619 corr.
2571 5564 2641 5617 B:
2672 5560 2953 5633 ἐπέδειξας
2993 5579 3054 5627 ς.
3128 5562 3173 5633 ξ³
3197 5559 3541 5633 ἀναγορεύω-

265 5614 526 5755 ζξξτῇὲεῖ
654 5640 743 5694 μοι
787 5625 895 5681 ΑΒ·
972 5629 1017 5662 ³⁸
1048 5614 1463 5702 sanescunt:
1495 5614 1781 5706 Ῑιιᾶτῖᾖοῦ.
1850 5634 1895 5668 ιδ
1923 5614 2365 5706 (piis—{133%}:-
2400 5614 2537 5676 ῖίἓίέ
2563 5614 2794 5704 ἦέριζ
2810 5614 3051 5706 scabis
3085 5614 3541 5705 ΑΒόἷῖδὲὲὲρῖ.

730 5866 749 5895 \
