3990 6232
352 254 492 323 1329
1381 263 1910 325 BIBLIOTHECA.
1953 288 2022 303 -
2063 263 2226 326 COD.
2261 265 2568 328 CCXLI”.
3461 265 3600 330 1330

348 372 504 442 φόϐῳ
534 370 591 424 δὲ
618 370 962 442 βιαζόμενον,
987 372 1199 429 δεδιότα
1227 375 1326 446 μὲν
1356 373 1456 446 τὴν
1490 374 1757 447 μοιχείαν,
1779 374 1932 430 οὔπω

2052 378 2213 449 magis
2234 378 2603 450 obstupescas.
2633 378 2830 435 Venias
2855 381 3069 434 demum
3093 380 3160 435 ad
3185 380 3409 450 pictura:
3430 392 3609 454 caput,

341 465 402 519 δὲ
431 463 684 518 συνιέντα
707 464 789 518 ὃτι
813 463 1066 520 καὶκατὰ
1092 466 1300 538 μητρὸς
1330 465 1726 535 ἀναγκάζεται.
1752 469 1932 522 Ἔστω

2052 483 2194 524 arma
2231 468 2504 526 infelicem
2543 484 2834 540 pauperem
2875 470 2928 524 in
2964 470 3348 538 charissimos,
3395 481 3450 528 et
3485 476 3612 529 talia

342 573 451 610 που
498 558 595 610 καὶ
631 555 899 628 δυστυχὴς
927 557 1248 629 πρεσϐῦτις,
1278 557 1326 610 εί
1365 556 1570 622 θέλειςο
1592 557 1801 628 γράψον
1834 557 1932 610 αὑ-

2052 561 2310 631 excogita,
2343 575 2464 631 quae
2491 561 2619 617 licet
2645 561 2793 629 ticta,
2821 561 3200 618 crudelitatem
3228 571 3372 618 tuam
3401 565 3615 626 valeant

340 647 444 718 τὴν
467 646 703 719 ἐρῶσαν,
755 647 895 702 ἀλλὰ
943 647 1084 719 μετὰ
1119 649 1218 719 τῆς
1242 649 1478 718 ῥυτίδας,
1504 649 1640 704 ἀλλὰ
1669 647 1807 720 μετὰ
1834 649 1932 718 τῆς

2052 653 2278 723 explere.
2318 652 2538 724 lmpone
2584 653 2816 722 denique
2861 654 3096 709 dramati
3151 655 3344 721 finem,
3386 659 3614 726 teipsnm

342 741 525 811 κόμης
566 740 666 810 τῆς
709 739 902 803 πολιᾶς
923 780 937 803 ,
988 740 1076 794 ἵνα
1108 741 1307 812 μᾶλλον
1347 739 1623 813 ἐκπλήξῃς
1651 740 1730 812 τῷ
1754 758 1932 812 παρα-

2052 744 2254 801 scilicet
2288 745 2341 800 in
2386 745 2535 800 caede
2576 745 2744 816 signis
2777 745 3098 815 quibusdam
3128 747 3488 813 eminentem,
3537 749 3614 801 ti-

341 831 490 902 λόγῳ
552 830 648 887 τοῦ
699 831 994 903 δράματος.
1035 832 1188 886 Ἐλθὲ
1211 832 1399 886 λοιπὸν
1429 834 1520 886 ἐπὶ
1551 832 1612 886 τό
1636 831 1930 901 κεφάλαιον

2052 836 2278 902 :lentem,
2322 835 2551 892 hilarem
2572 877 2588 902 ,
2621 846 2678 892 et
2702 838 2860 908 quasi
2892 853 2949 894 re
2979 839 3113 893 bene
3149 848 3300 907 gesta
3337 841 3616 896 exsultau-

340 920 444 990 τῆς
472 921 722 994 γραφῆςο
749 922 972 977 ὅπλισον
1004 922 1098 976 τὸν
1130 923 1370 994 δυστυχῆ
1403 915 1615 993 πένητα
1644 922 1784 976 κατὰ
1816 922 1924 976 τῶν

2052 943 2166 987 .em.
2199 928 2368 985 Serva
2388 939 2443 986 et
2467 931 2598 986 mihi
2621 946 2716 1002 per
2738 938 2867 987 deos
2897 932 3133 1003 aliquam
3157 947 3368 1003 partem
3397 934 3613 1000 tabulae,

343 1011 642 1078 φιλτάτων,
700 1013 795 1067 καὶ
844 1013 1085 1068 τοσαῦτα
1113 1013 1354 1086 μίμησαι
1393 1013 1720 1084 πράγματα,
1758 1011 1932 1066 ὁπόσα

2052 1035 2107 1077 ne
2148 1022 2271 1091 quis
2313 1023 2638 1092 quaesierit:
2679 1021 2781 1077 Ubi
2825 1023 3013 1090 infelix
3055 1028 3300 1094 pauper?
3343 1027 3616 1091 Quomodo

341 1103 620 1174 ἐμπλήσει
645 1105 743 1176 τὴν
766 1106 863 1177 σὴν
885 1106 1283 1180 ἀπανθρωπίαν
1299 1108 1664 1178 πλαττόμενα.
1692 1105 1932 1178 Πρόσθες

2052 1111 2206 1168 vixit?
2231 1110 2350 1178 Qua
2364 1113 2567 1168 ratione
2591 1123 2705 1183 post
2724 1123 2795 1168 tot
2831 1131 2986 1168 casus
3006 1117 3166 1169 vitam
3200 1117 3400 1185 egerit?
3423 1117 3615 1172 Verum

341 1196 448 1266 ἤδη
483 1197 670 1252 λοιπὸν
699 1199 792 1252 τὸν
817 1199 1100 1267 κολοφῶνα
1135 1199 1228 1254 τοῦ
1258 1201 1553 1272 δράματος,
1595 1199 1792 1254 σαυτὸν
1824 1202 1932 1264 τοῖς

2052 1218 2152 1258 non
2185 1205 2298 1259 haec
2331 1205 2422 1260 tibi
2450 1212 2706 1276 perpetua
2741 1204 2902 1261 fuerit
2934 1205 3186 1272 felicitas,
3218 1223 3251 1264 ο
3286 1208 3457 1275 dives,
3487 1218 3538 1264 et
3567 1219 3618 1263 te

344 1289 527 1356 φόνοις
557 1290 696 1361 μετὰ
750 1291 858 1346 τῶν
885 1293 1284 1364 γνωρισμάτων
1321 1292 1768 1362 ἐπιφαινόμενον,
1818 1307 1932 1360 μει-

2052 1303 2262 1364 oportet
2305 1295 2568 1352 dramatis
2600 1307 2807 1366 partem
2841 1311 2984 1353 esse.
3019 1297 3190 1353 Nemo
3218 1313 3454 1368 unquam
3487 1299 3618 1352 insi-

341 1381 562 1450 διῶντα,
612 1384 856 1454 φαιδρὸν,
899 1386 1010 1446 τοῖς
1044 1385 1498 1457 κατωρθωμένοις
1541 1385 1845 1456 γανύμενον
1872 1383 1932 1442 ⁸⁷.

2052 1401 2208 1455 gnem
2237 1385 2471 1454 aliquam
2503 1389 2770 1456 spectavit
2801 1388 3144 1459 tragmdiatn,
3172 1390 3222 1443 in
3257 1405 3360 1460 qua
3401 1390 3614 1461 tyranni

345 1473 602 1550 Τήρησον
646 1477 782 1548 πρὸς
837 1477 986 1531 Θεῶν
1048 1478 1217 1547 κάμοί
1263 1496 1314 1532 τι
1354 1479 1518 1550 μέρος
1544 1478 1638 1532 τοῦ
1688 1477 1932 1540 πίνακος¹

2052 1490 2158 1530 non
2177 1490 2208 1530 e
2231 1475 2457 1543 pristina
2484 1474 2703 1531 fortuna
2719 1479 3038 1534 exciderunt
3074 1480 3210 1550 (58).

347 1543 447 1621 ἵνα
479 1543 555 1638 μή
591 1587 675 1633 τις
691 1543 1032 1643 ’ἐπιζητήσῃο
1068 1543 1193 1626 Ποῦ
1225 1570 1296 1625 δὲ
1324 1543 1367 1626 ό.
1391 1543 1705 1640 δυστυχὴς
1737 1568 1969 1638 ater-nc;
2005 1565 2130 1633 πῶς
2163 1565 2298 1634 ἐζη;
2327 1565 2453 1634 πῶς
2489 1568 2627 1622 ἐϐίω
2670 1569 2817 1638 μετὰ
2858 1543 3135 1637 τοιαύτας
3159 1543 3204 1603 ίδ
3261 1569 3574 1641 συμφοράς
3596 1591 3617 1634 ,-

349 1656 480 1730 [586
506 1659 598 1733 H.]
676 1661 814 1715 Ἀλλ’
858 1663 918 1716 οὐ
949 1664 1125 1717 πάντα
1174 1665 1483 1736 χαρήσῃιο,
1543 1662 1788 1718 πλούσιε.
1851 1661 1943 1715 Δεῖ
1979 1659 2234 1730 γενέσθαι
2276 1659 2372 1713 καὶ
2395 1659 2455 1714 σέ
2516 1661 2685 1732 μέρος
2733 1661 2830 1716 τοῦ
2885 1661 3178 1733 δράματος.
3223 1662 3414 1737 Οὐδεὶς
3475 1659 3614 1716 οῐδεν

347 1753 562 1826 ὑψηλὴν
591 1755 916 1827 τραγῳδίαν,
950 1757 1085 1812 ὅπου
1118 1757 1195 1830 μὴ
1233 1759 1491 1813 πίπτουσι
1513 1757 1784 1828 τύραννοι.

357 1933 457 2009 Ἐκ
481 1934 1099 2009 τῆςΑέπι-γραςρομένης
1123 1939 1386 2009 μελέτης
1408 1939 1561 2008 μετὰ
1593 1937 1666 1993 τὰ
1701 1937 1935 2009 Μηδικὰ

419 2005 806 2077 ἐψηφίσαντο
834 2005 1139 2074 Ἀθηναῖοί
1189 2005 1371 2077 πρὸς,
1398 2005 1540 2074 τοὺς
1589 2007 1934 2077 βαρϐάρους

418 2074 709 2148 πόλεμον.
787 2078 1133 2148 Πυθόμενος
1189 2074 1242 2133 6⁷
1260 2074 1562 2146 βασιλεὺς
1596 2074 1600 2075 ν
1630 2074 1935 2148 ὑπέσχετο

418 2147 503 2218 τὰΔ
530 2147 982 2218 λελυμασμένα
998 2149 1044 2181 ⁸ο
1087 2150 1622 2218 ἐπανορθώσασθαι
1655 2193 1670 2214 ,
1725 2152 1780 2204 εί
1796 2147 1803 2148 ⁷
1820 2147 1935 2203 τὸν

419 2215 1152 2290 πόλεμοῄκατατλυσειαν.
1189 2238 1208 2272 ι
1239 2215 1583 2290 Βουλομένων
1622 2221 1804 2274 αὐτῶν
1835 2220 1936 2272 Θε-

423 2286 721 2358 μιστοκλῆς
752 2288 1041 2358 ἀντιλέγει.
1079 2307 1100 2342 ι
1142 2319 1212 2333 —
1251 2286 1420 2346 Αὺτό
1434 2291 1500 2344 τὸ
1526 2291 1864 2360 Προοίμιον.

421 2400 590 2456 Οὔπω
638 2403 738 2473 τῆς
786 2403 1002 2472 πείρας,
1050 2404 1127 2467 ὡς
1174 2404 1349 2460 ἔοικεν
1374 2446 1390 2473 ,
1422 2398 1469 2460 ὦ
1510 2404 1804 2477 Ἀθηναῖοι,
1833 2406 1934 2477 τῆς

348 2493 472 2548 καθ’
500 2493 657 2564 ἡμῶν
688 2495 940 2567 βασιλεὺς
973 2495 1230 2562 παύεται,
1275 2495 1379 2550 κᾶν
1409 2497 1496 2550 ἀεὶ
1541 2496 1777 2568 κρείττω
1832 2497 1934 2567 τῆς

346 2583 546 2639 ἑαυτοῦ
570 2587 764 2658 τέχνης
788 2587 880 2640 τὸν
903 2587 1104 2659 τρόπον
1147 2587 1378 2662 εὑρίσκῃ
1401 2589 1500 2659 τῆς
1520 2588 1748 2653 πόλεως.
1792 2589 1934 2657 Ἐγὼ

345 2676 407 2730 δὲ
452 2677 602 2730 οὐδὲν
660 2677 883 2748 βασιλέα
930 2681 1046 2743 τοῖς
1098 2679 1285 2743 αὐτοῖς
1305 2681 1350 2712 ⁵¹
1419 2675 1578 2744 αὖθις
1631 2681 1935 2752 ἐπιχειρεῖν

347 2767 662 2838 θαυμαστὸν
707 2769 891 2839 οἴομαι
923 2785 939 2801 ο
983 2769 1110 2834 τοὺς
1133 2769 1243 2839 γὰρ
1273 2772 1330 2824 ἐν
1360 2769 1565 2843 ἀπορίᾳ
1595 2769 1934 2841 καθεστηκό-

345 2877 448 2924 τας
462 2861 556 2914 καὶ
577 2860 764 2930 φόϐοις
807 2862 961 2916 οὐδὲν
998 2862 1312 2934 θαυμαστὸν
1345 2863 1513 2934 μηδὲν
1543 2861 1638 2932 ἀφ’
1677 2856 1754 2918 ὧν
1782 2863 1931 2933 διορ-

347 2953 616 3010 θώσονται
642 2954 743 3018 τὰς
789 2955 1098 3025 συμφορὰς,
1145 2954 1427 3027 εὑρίσκειν
1456 2955 1740 3012 δύνασθαι.
1772 2957 1933 3010 Ὥστε

341 3046 503 3102 τοῦτο
527 3047 624 3116 μὲν
643 3047 896 3118 οὐδαμῶς
917 3047 1120 3105 ἄτοπον
1138 3063 1153 3080 ο
1197 3049 1323 3113 τοὺς
1351 3047 1407 3102 δὲ
1425 3049 1471 3082 ⁵³
1502 3051 1739 3120 ῥήτορας
1759 3049 1824 3104 ἄν
1849 3064 1934 3111 τις

341 3139 568 3202 δικαίως
613 3140 813 3210 μᾶλλον
845 3140 974 3205 τοὺς
1035 3142 1165 3211 παρ’
1193 3143 1327 3212 ἡμῖν
1357 3142 1710 3211 θαυμάσειεν,
1733 3142 1782 3194 εί
1812 3159 1934 3194 και-

2040 1930 2125 1984 Ea;
2155 1931 2545 2004 Declamatione
2585 1935 2740 2004 cujus
2781 1933 2892 1987 Ita’c
2931 1934 3241 2004 inscriptio:
3276 1937 3614 1992 Athenienses

2109 2011 2223 2072 post
2257 2001 2521 2072 Medicum
2554 2001 2763 2066 bellum,
2797 2012 2982 2058 contra
3016 2001 3279 2061 Barbaros
3303 2007 3493 2062 bellum
3519 2009 3613 2060 de-

2107 2070 2328 2126 erevere.
2383 2070 2498 2138 Quo
2529 2075 2758 2142 cognito,
2791 2089 2882 2127 rea:
2910 2085 3123 2142 accepta
3155 2074 3372 2141 damna,
3407 2079 3452 2131 si
3483 2079 3613 2131 bello

2107 2143 2421 2213 abstineant,
2452 2153 2804 2213 Aresarturum
2867 2160 2976 2199 sese
3025 2149 3287 2213 promisit.
3340 2165 3359 2198 ι
3414 2147 3606 2201 Αεεοιισ

2109 2211 2368 2268 tientibus
2432 2211 2856 2270 Atheniensibus
2917 2211 3244 2272 contradicit
3309 2215 3616 2272 Themisto-

2104 2282 2234 2339 cles.
2265 2301 2286 2336 ι
2323 2311 2395 2324 --
2429 2280 2773 2338 Prooemium.

2106 2395 2410 2467 Numquam
2441 2397 2700 2463 adducar,
2730 2405 2788 2452 ut
2828 2400 3075 2468 credam,
3112 2401 3496 2468 Athenienses,
3530 2418 3615 2458 re-

2035 2504 2157 2560 gem
2198 2491 2252 2544 in
2288 2489 2444 2546 nobis
2479 2491 2751 2546 tentandis
2785 2491 2944 2547 finem
2979 2491 3277 2558 facturum,
3327 2493 3428 2549 etsi
3464 2494 3614 2550 inve—

2036 2583 2177 2638 nerit
2204 2581 2351 2638 cives
2389 2593 2605 2640 nostros
2640 2583 2835 2656 360b
2866 2594 2984 2640 arte
3032 2584 3257 2640 militari
3285 2587 3610 2656 superiores.

2037 2670 2300 2741 Equidem
2325 2671 2460 2728 nihil
2485 2673 2862 2728 admirandum
2891 2685 3038 2744 puto,
3073 2675 3119 2730 si
3153 2691 3246 2732 rex
3270 2677 3460 2733 eadem
3495 2694 3613 2732 rur-

2035 2778 2128 2818 sus
2180 2771 2430 2819 attentet.
2485 2762 2586 2830 Qui
2639 2767 2784 2821 enim
2846 2767 2898 2820 in
2947 2768 3141 2823 timore
3186 2782 3250 2823 ac
3299 2779 3615 2839 paupertate

2037 2865 2326 2910 versantur
2361 2853 2496 2928 (59),
2527 2856 2659 2926 quid
2691 2859 2888 2912 mirum
2918 2857 2963 2913 si
2997 2859 3062 2912 ad
3095 2870 3241 2916 artes
3274 2861 3610 2933 confugiant,

2034 2961 2143 3016 quo
2169 2961 2280 3002 suae
2303 2947 2622 3004 medeantur
2647 2948 2944 3005 calamitati
2968 2951 2992 3005 ?
3022 2952 3198 3019 Quare
3231 2969 3337 3009 non
3367 2954 3469 3010 hoc
3494 2970 3611 3010 om-

2035 3039 2164 3095 nino
2193 3041 2486 3096 ahsurdum
2513 3051 2617 3097 est.
2657 3039 2866 3099 Justius
2899 3058 3028 3099 vero
3067 3046 3187 3115 quis
3233 3056 3477 3104 oratores
3513 3063 3614 3103 nos

2034 3143 2178 3191 stros
2221 3137 2549 3204 admiretur,
2596 3137 2640 3194 si
2683 3153 2782 3196 nos
2813 3139 3074 3209 prodendi
3120 3143 3463 3198 occasionem
3512 3144 3612 3198 sibi

344 3231 440 3301 ρον
490 3231 675 3294 αὐτοῖς
725 3231 807 3285 ἐτι
833 3233 932 3302 τῆς
963 3230 1114 3306 [παρ’
1137 3233 1294 3305 ἡμῖν]
1349 3233 1644 3304 προδοσίας
1680 3232 1928 3304 νομίζου-

2052 3221 2210 3276 tdhuc
2253 3236 2375 3278 esse
2416 3232 2706 3293 putarent,
2755 3226 2974 3296 quando
3015 3242 3081 3282 ne
3119 3243 3209 3282 rex
3245 3231 3460 3300 quidem
3503 3230 3616 3299 ipse

343 3339 449 3389 σιν,
499 3323 584 3377 ὅτε
603 3323 649 3356 ⁸³
703 3324 839 3395 μηδὲ
895 3324 1147 3395 βασιλεὺς
1201 3325 1490 3395 ἀρνεῖσθαι
1539 3324 1602 3377 τὸ
1645 3323 1932 3396 κρείττους

337 3413 480 3470 εἶναι
500 3415 601 3486 τῆς
629 3415 825 3470 ἐαυτοῦ
875 3417 1194 3481 δυναστείας
1225 3417 1511 3484 διέγνωκε.
1542 3415 1820 3488 Προσήκει
1868 3416 1926 3469 δὲ

341 3507 438 3559 καὶ
486 3507 628 3576 ὑμᾶς
648 3508 694 3540 ⁸⁸
725 3507 800 3580 μὴ
834 3507 1052 3581 χείρους
1077 3509 1137 3562 ἐν
1183 3506 1352 3579 κοινῷ
1408 3507 1510 3579 τῆς
1567 3507 1686 3572 ἐνὸς
1736 3507 1931 3578 ἀνδρὸς

337 3597 567 3669 γνώμης
604 3599 944 3670 ἐλέγχεσθαι,
1001 3603 1076 3663 ὡς
1102 3599 1253 3653 ἐστιν
1295 3599 1498 3653 ἄτοπον
1528 3598 1928 3671 φιλοτιμεῖσθαι

341 3691 507 3759 μέν⁸⁵
543 3692 635 3744 ἐπὶ
686 3691 764 3763 τῷ
789 3692 916 3756 τοὺς
978 3692 1290 3764 βαρϐάρους
1343 3693 1459 3756 τοῖς
1504 3691 1690 3755 ὅπλοις
1747 3694 1926 3763 νικᾷν,

338 3781 658 3835 ἁλίσκεσθαι
695 3781 754 3835 δὲ
794 3781 1052 3842 ἐλάττους
1084 3783 1142 3836 ἐν
1177 3781 1257 3853 τῷ
1287 3779 1661 3852 βουλεύεσθαι.
1708 3780 1927 3851 Ἤδηδέ

339 3874 436 3928 καὶ
467 3873 568 3938 τὰς
597 3875 767 3939 αὐτὰς
797 3875 950 3945 ὴφίει
981 3874 1163 3945 φωνὰς
1184 3876 1324 3946 ὑπὲρ
1345 3875 1457 3928 τῶν
1481 3875 1617 3928 ὅλων
1644 3877 1756 3939 τοῖς
1784 3875 1926 3939 θεοῖς

2037 3311 2275 3382 potentia
2318 3327 2416 3368 sua
2445 3330 2543 3370 nos
2579 3316 2834 3372 fortiores
2868 3331 2991 3374 esse
3019 3330 3199 3391 negat.
3237 3321 3400 3378 Decet
3434 3330 3611 3377 autem

2035 3400 2202 3458 nihilo
2231 3416 2332 3458 nos
2373 3402 2660 3460 inferiores
2698 3407 3016 3463 existimare
3047 3408 3190 3465 illius
3229 3409 3296 3467 de
3325 3413 3481 3468 nobis
3513 3414 3610 3467 viri

2032 3497 2456 3555 existimatione.
2511 3499 2822 3556 Absurdutn
2875 3506 3019 3557 enim
3065 3513 3148 3560 est
3197 3520 3295 3561 nos
3347 3504 3614 3562 Barbaros

2031 3585 2202 3642 armis
2249 3603 2544 3658 superare,
2594 3589 2823 3646 consilio
2872 3601 3052 3647 autem
3095 3595 3282 3649 iisdczn
3329 3596 3612 3652 inferiores

2029 3693 2172 3733 esse.
2203 3679 2342 3746 Quin
2366 3690 2421 3736 et
2444 3681 2543 3736 has
2574 3683 2640 3738 de
2663 3682 2821 3739 nobis
2852 3685 3105 3740 omnibus
3126 3701 3286 3741 voces
3319 3688 3420 3742 diis
3443 3689 3611 3758 signi-

2031 3770 2232 3836 ﬁcavit,
2265 3781 2319 3827 et
2343 3771 2594 3843 Pythium
2625 3774 2928 3845 Apollinem
2965 3777 3032 3832 de
3064 3779 3380 3834 triremibus
3416 3796 3612 3836 consu-

2032 3856 2128 3912 lui.
2180 3857 2319 3926 Quid
2372 3861 2512 3916 freta
2557 3871 2779 3933 propter
2820 3877 2908 3918 me
2954 3865 3175 3921 turbas?
3224 3865 3362 3933 Quid
3404 3876 3613 3924 montes
3701 3913 3706 3917 .

339 3966 435 4019 καὶ
459 3965 531 4018 τὰ
565 3963 705 4020 αὐτὰ
730 3965 809 4037 τῷ
838 3965 1024 4038 Πυθίῳ
1080 3966 1210 4037 περὶ
1232 3967 1340 4019 τῶν
1369 3965 1612 4037 τριηρῶν
1648 3965 1922 4031 ἐδόξαζεν.

2052 3964 2217 4015 .ecas,
2263 3962 2322 4006 ut
2352 3953 2524 4009 instar
2569 3955 2737 4010 maris
2780 3956 3055 4011 serviant?
3111 3957 3248 4024 Quid
3289 3970 3433 4015 terra
3478 3963 3612 4034 tegis

337 4059 403 4110 Τί
432 4058 700 4130 πορθμοῖς
739 4057 976 4130 ἐνοχλεῖς
1006 4059 1075 4112 δι’
1129 4058 1262 4128 ἐμέ;
1298 4059 1350 4112 τί
1370 4059 1428 4113 δὲ
1461 4059 1563 4130 ὄρη
1587 4058 1806 4130 τέμνεις
1842 4060 1923 4123 εἰς

2052 4041 2240 4098 Iudas?
2285 4041 2402 4098 sine
2438 4052 2545 4099 stet
2582 4044 2784 4112 Athos,
2830 4061 2934 4102 nec
2979 4048 3288 4116 montibus,
3328 4052 3421 4105 sed
3473 4055 3608 4108 mari

336 4149 651 4218 οά).ασσαν;
678 4151 732 4204 τί
765 4150 1062 4215 καλύπτεις
1114 4151 1332 4223 ἠπείρῳ
1365 4153 1425 4204 τὸ
1483 4149 1698 4222 ῥόθιονς
1721 4152 1922 4206 Ἕασον

2052 4144 2238 4190 nnatet
2271 4135 2488 4194 classis.
2523 4137 2676 4205 Quod
2713 4138 2836 4195 licet
2866 4143 3060 4196 horum
3095 4145 3344 4215 exiguam
3373 4146 3607 4204 habuisti

334 4241 558 4296 ἑστάναι
611 4241 704 4295 τὸν
739 4241 910 4308 Ἀθω,
973 4244 1068 4296 καὶ
1135 4242 1211 4313 μὴ
1243 4241 1427 4312 πέμπε
1465 4259 1556 4312 μοι
1576 4243 1623 4274 ⁵⁸
1674 4243 1764 4296 διὰ
1810 4241 1921 4298 τῶν

2053 4229 2315 4296 atiouem,
2333 4229 2665 4300 minimeque
2681 4234 2904 4299 curasti,
2927 4234 3169 4289 emlestia
3195 4252 3324 4292 vero
3353 4247 3405 4292 et
3421 4253 3611 4309 super-

332 4335 475 4405 ὁρῶν
531 4333 668 4388 ἀλλὰ
698 4334 787 4388 διὰ
838 4334 933 4389 τοῦ
975 4335 1158 4404 ροθίου
1186 4334 1278 4388 τὸν
1321 4335 1527 4389 στόλον.
1573 4334 1712 4388 Ἀλλ’
1742 4335 1791 4388 εί
1827 4335 1920 4389 καὶ

2052 4334 2090 4372 ιιι
2118 4335 2254 4375 cave
2280 4336 2350 4376 ne
2378 4322 2976 4392 attingas.Nonjaculis
3009 4329 3140 4383 mihi
3165 4343 3262 4398 pro
3293 4331 3607 4386 dienoctem

330 4421 542 4477 τούτων
569 4424 751 4490 ὀλίγον
798 4424 923 4479 τινὰ
967 4426 1210 4495 ἐποιήσω
1234 4424 1410 4493 λόγον,
1441 4424 1550 4479 τῶν
1573 4424 1840 4494 οὐρανίων
1869 4426 1914 4458 ⁵⁷

2052 4413 2270 4479 nduras,
2303 4429 2478 4484 neque
2511 4430 2542 4468 e
2572 4416 2786 4486 sagittis
2816 4419 3090 4473 exercitus
3132 4420 3204 4474 tui
3241 4422 3412 4476 nubes
3439 4423 3608 4478 densa

330 4515 539 4586 ἀπέχου
576 4532 686 4586 μοι,
741 4517 838 4572 καὶ
887 4520 1069 4586 φεῖσαι
1088 4519 1188 4586 τῆς
1213 4517 1326 4573 άνω
1348 4517 1577 4588 λήξεως.
1632 4516 1793 4587 [1097
1820 4517 1912 4590 IL]

2052 4503 2186 4558 ulem
2211 4505 2620 4575 cooperiat.Sed
2651 4507 2782 4561 nihil
2801 4507 3124 4564 intentatum
3147 4512 3426 4581 relinquis,
3445 4523 3502 4568 ut
3521 4517 3606 4570 ni-

329 4607 424 4678 Μή
458 4625 549 4678 μοι
597 4607 769 4662 νύκτα
827 4607 972 4663 ποίει
1027 4609 1125 4681 τὴν
1149 4609 1362 4680 ἡμέραν
1412 4609 1526 4672 τοῖς
1556 4607 1757 4678 βέλεσι,
1791 4589 1912 4678 μηδῖ

2052 4596 2217 4650 litum
2238 4595 2578 4652 Athenarum
2602 4599 2796 4654 civitas
2816 4600 3102 4656 Medorum
3127 4603 3368 4659 historia:
3400 4615 3607 4674 partem

330 4698 685 4770 ὑποτρεχέτω
718 4701 811 4756 τὸν
839 4700 991 4772 ἥλιον
1011 4700 1173 4771 νέφος
1197 4701 1264 4754 ἐκ
1277 4701 1387 4755 τῶν
1417 4699 1586 4770 βελῶν
1614 4699 1716 4769 τῆς
1751 4699 1848 4769 σῆς
1866 4698 1911 4730 ⁸³

2052 4687 2250 4757 liquam
2271 4688 2534 4746 obtineat.
2560 4691 2716 4748 Visus
2730 4709 2788 4749 es
2810 4693 2953 4748 fama
2983 4695 3100 4765 ipsa
3126 4698 3441 4765 terribilior,
3464 4703 3608 4770 quod

331 4794 591 4864 στρατιᾶς
646 4795 1032 4865 συγκείμενον.
1080 4793 1220 4847 Ἀλλ’
1282 4793 1436 4848 οὐδὲν
1478 4794 1574 4864 ἐᾷς
1628 4791 1910 4862 ἀκίνητον,

2057 4785 2374 4852 aperientia
2400 4785 2714 4856 didicimus,
2744 4805 2885 4845 nunc
2914 4792 2969 4845 in
3003 4792 3376 4848 continentem
3407 4805 3604 4849 terram

329 4885 416 4937 ἴνα
456 4887 516 4939 ἓν
540 4887 768 4958 γένηται
818 4889 928 4942 τῶν
955 4889 1217 4960 Μηδικῶν
1249 4889 1603 4959 διηγημάτων
1628 4889 1661 4957 ἠ
1695 4887 1851 4950 πόλις
1879 4887 1910 4956 ἡ

2052 4875 2266 4930 miranda
2291 4877 2381 4931 illa
2405 4875 2666 4942 facinora,
2693 4895 2834 4934 nunc
2855 4883 2904 4934 in
2936 4896 3085 4937 mare
3114 4885 3398 4953 grandium
3429 4901 3607 4940 rerum

342 4974 663 5046 Ἀθηναίων.
695 4977 1080 5050 Φοϐερὼτερος
1105 4979 1163 5034 δέ
1186 4981 1287 5052 τῆς
1316 4981 1505 5052 φήμης
1545 4979 1638 5033 ἐπὶ
1675 4979 1774 5050 τῆς
1794 4978 1916 5032 πεί-

2055 4981 2252 5026 onatus
2285 4983 2405 5029 tuos
2439 4975 2799 5044 transferens,
2824 4989 2875 5032 et
2897 4994 3037 5054 nunc
3061 4979 3276 5050 quidem
3310 4982 3360 5035 in
3392 4980 3606 5035 ﬂutniua

1586 5117 1824 5173 VARUE
1876 5113 2281 5171 LECTIONES.

402 5225 469 5310 "‘
508 5230 846 5319 γαννῦμενον
906 5233 1036 5319 Βές.
1097 5234 1161 5319 ⁸⁸⁸
1215 5235 1467 5319 τοιαύτας
1520 5236 1966 5319 A_:_cosa_6:a;
2016 5254 2113 5319 ς..
2155 5233 2201 5266 δ’
2255 5235 2502 5319 χαιρὴση
2725 5237 2772 5268 ⁸ο
2810 5238 3216 5319 ,λελυμασμένα
3248 5238 3607 5319 Α,λελυμένα

332 5289 762 5380 [ξεκλελρσμένα
794 5321 856 5380 ςἐ
1035 5308 1149 5380 τοῖς
1175 5289 1367 5380 ,αὐτοῖς
1409 5289 1475 5370 Α’,
1512 5289 1630 5380 τοῖς
1650 5289 1844 5362 ἐαυτοῦ
1871 5307 1912 5361 Β
1933 5289 2052 5380 ε’τῷ
2072 5289 2290 5380 ,ἐαυτοῧ
2408 5289 2418 5306 ’
2442 5289 2502 5380 ’⁵⁵
2545 5306 2601 5380 δὲ
2651 5322 2763 5380 om.

337 5367 384 5398 ⁸³
413 5367 582 5451 ὃτιΒ.
624 5367 635 5371 ’
660 5373 709 5412 ⁵⁸
738 5367 882 5444 ὑμᾶς
934 5375 1068 5434 ABG
1101 5367 1142 5432 τ’
1163 5378 1310 5449 ἡμᾶς
1464 5367 1512 5416 δ’
1538 5367 1644 5436 ut»;
1670 5395 1780 5436 om.
1805 5381 1872 5433 A.
1945 5379 1992 5413 ⁸⁸
2024 5367 2100 5450 μὴ
2131 5377 2315 5448 πέμπε
2332 5367 2462 5448 μοι]
2489 5377 2676 5448 πέμπε
2703 5379 2780 5450 μὴ
2813 5367 2872 5432 Β.
2899 5367 2916 5379 ³
2949 5380 2992 5412 ⁸⁷
3015 5367 3356 5448 οὗράνῶκίΒξ
3430 5379 3475 5412 ⁵⁸
3511 5384 3599 5451 σῆς

331 5451 443 5494 om.
477 5438 538 5493 Β.

1861 5513 2096 5570 ΝΟΤᾸΞ.

2126 5634 2239 5704 (39)
2277 5634 2498 5691 Persius
2540 5657 2550 5692 :

2142 5704 2395 5773 Magister
2437 5709 2568 5760 artis
2616 5709 2912 5778 ingeniique
2959 5708 3184 5779 largitor
3217 5720 3404 5764 venter.

401 5619 515 5695 (38)
536 5619 818 5695 iuvenalis
890 5625 1008 5682 Sat.
1040 5645 1096 5695 x,
1128 5645 1276 5686 vers.
1312 5631 1413 5686 IS:

403 5691 482 5770 {id
506 5708 752 5770 generum
774 5694 978 5751 Cereris
1001 5691 1114 5754 sine
1136 5702 1277 5754 crede
1297 5711 1346 5755 et
1370 5701 1578 5756 vulnere
1600 5705 1756 5770 pauci

407 5759 740 5817 Descendunt
773 5781 936 5837 reges,
966 5781 1013 5823 et
1041 5771 1180 5824 sicca
1219 5781 1383 5827 morte
1413 5759 1647 5843 tyranni.
