3990 6232
429 253 564 320 1331

1523 264 1790 329 PHOTII
1815 268 2322 334 PATRIARCHIE
2341 271 2448 334 (ΖΡ.

3541 264 3679 331 1332

415 371 624 441 copias,
653 386 797 429 nunc
827 388 878 429 ιιι
909 389 1079 432 sotem
1105 376 1284 448 iacula
1310 418 1326 445 ,
1359 378 1413 435 in
1444 379 1641 438 ﬂuctus
1669 383 1837 456 ﬂagra
1867 385 1988 441 mit-

2099 404 2199 459 ρας
2226 388 2572 459 φαινόμενος,
2606 386 2703 442 νῦν
2740 385 2839 458 μὲν
2862 383 2953 441 ἐπὶ
2982 385 3082 458 τῆς
3106 382 3342 457 ¹ἡπείρου
3361 381 3433 439 τά
3464 382 3673 455 θαύμα-

417 462 506 519 tis.
542 460 988 536 Mons‘procellis
1025 468 1265 538 agitatus
1295 472 1603 540 navigatur,
1630 472 1826 530 fretum
1852 477 1990 532 inte-

415 571 569 627 grum
596 566 760 627 ponte
787 559 1082 615 commisso
1117 561 1346 629 pedibus
1392 562 1685 631 trajicitur.
1725 565 1827 621 Per
1868 582 1987 625 me-

414 648 561 702 dium
590 650 766 703 Athon
805 652 1061 721 navigant
1089 653 1363 722 triremes,
1388 655 1439 708 in
1476 654 1732 713 ﬂuctibus
1761 674 1989 714 curren—

417 744 522 790 tem
566 735 843 794 Medorum
886 742 1020 796 vidit
1062 744 1363 814 equitatum
1416 745 1824 817 Hellespontus.
1856 750 1991 805 Tre-

416 828 558 883 centi
624 828 881 900 Spartani
931 844 1090 889 erant
1142 838 1385 904 milites,
1441 841 1738 895 auxiliares
1788 843 1986 912 copim,

414 921 609 992 reliqui
654 938 782 981 vero
827 927 1165 984 diversarum
1207 944 1365 987 erant
1407 934 1669 1002 gentium.
1720 934 1992 993 Scivimus

414 1014 614 1070 bellum
651 1018 1011 1086 periculosius
1037 1022 1206 1092 priori
1233 1034 1286 1079 te
1315 1024 1601 1094 conﬂasse,
1639 1044 1745 1083 non
1775 1028 1921 1083 mille
1938 1037 1993 1082 et

417 1117 689 1166 trecentas
720 1111 787 1165 ad
838 1113 1028 1169 urbem
1074 1116 1327 1174 triremes
1375 1120 1627 1186 adducis,
1661 1135 1761 1177 nec
1794 1120 1991 1176 ﬂuctus

416 1209 556 1256 terra
583 1204 720 1272 tegis
747 1206 1080 1273 continente,
1130 1224 1306 1280 neque
1338 1222 1539 1267 terram
1573 1214 1841 1270 militibus
1888 1227 1989 1268 an-

412 1303 626 1361 gustam
685 1296 793 1350 tuis
825 1299 1030 1367 reddis,
1070 1309 1125 1354 et
1154 1300 1418 1358 elementa
1451 1314 1540 1359 tuo
1564 1303 1682 1358 usui
1716 1306 1835 1359 loco
1874 1319 1990 1360 mo-

414 1381 523 1436 veri
548 1384 720 1453 cogis.
759 1383 966 1441 Novisti
1000 1389 1145 1444 enim
1180 1406 1268 1446 nte
1298 1393 1382 1447 bis
1416 1394 1672 1449 omnibus
1703 1394 1987 1452 fortiorem

410 1475 705 1529 exstitisse.
739 1475 1011 1548 Babylone
1041 1481 1225 1549 copias
1242 1482 1521 1539 adducens
1551 1485 1753 1556 361a
1799 1488 1988 1553 urbem

412 1579 714 1637 oppugnas,
758 1578 812 1624 et
839 1585 936 1640 per
964 1587 1248 1644 praecones
1281 1591 1379 1632 nos
1410 1578 1680 1633 machinis
1710 1582 1817 1635 tuis
1858 1583 1990 1639 ado-

413 1655 561 1721 riris,
593 1667 648 1713 et
675 1658 924 1729 gloriam,
966 1666 1298 1735 praecipuum
1330 1668 1643 1736 reipublicae
1669 1679 1869 1727 nostra:
1900 1687 1991 1728 or-

2092 496 2182 544 τα,
2226 479 2322 535 νῦν
2365 481 2423 534 δὲ
2468 480 2793 551 μεταφέρων
2837 478 2936 551 τὴν
2976 478 3379 548 μεγαλουργίαν
3428 475 3524 530 ἐπὶ
3574 476 3683 545 τὴν
3724 462 3741 489 ’

2093 570 2388 636 θάλατταν,
2441 572 2536 624 καὶ¹
2585 569 2680 624 νῦν
2733 569 2831 640 μὲν
2897 569 3157 637 ἐπαφιεὶς
3181 569 3295 631 τοῖς
3322 566 3592 635 ποταμοῖς
3615 565 3681 618 τὸ

2093 663 2429 734 στράτευμα,
2484 663 2579 717 νῦν
2615 662 2672 715 δὲ
2702 662 2839 733 ἡλίῳ
2876 660 2946 714 τὰ
2990 660 3141 731 βέλη,
3193 659 3290 714 νῦν
3316 659 3375 713 δὲ
3409 657 3489 728 τῷ
3515 656 3681 729 ῥοθίῳ

2090 756 2191 818 τὰς
2242 755 2535 825 μάστιγας.
2568 756 2734 828 Ὄρος
2778 753 2998 809 έπλεῖτο
3014 755 3057 788 ⁸⁸
3103 752 3532 825 χειμαζόμενον,
3582 749 3682 805 καὶ

2090 846 2340 917 πορθμὸς
2397 847 2514 910 ὅλος
2562 845 2907 917 γεφυρωθεὶς
2973 845 3297 911 ὲπεζεύειτο⁸
3352 841 3535 906 Ἀθως
3589 839 3681 895 διά

2094 941 2262 1011 μέσου
2307 940 2555 1012 τριήρεις
2600 939 2838 1011 ἔπεμπε,
2881 940 2976 994 καὶ
3013 940 3112 1011 τὴν
3176 937 3343 991 ἵππον
3389 935 3534 1007 ὑπὲρ
3581 933 3679 987 τοῦ

2095 1033 2276 1104 ροθίου
2322 1032 2555 1087 θέουσαν
2619 1032 2718 1104 τὴν
2789 1032 3041 1103 Μηδικὴν
3108 1029 3526 1100 Ἑλλήσποντος.
3580 1025 3680 1090 El;

2089 1127 2439 1198 τριακοσίους
2496 1122 2566 1200 ἦν
2606 1126 2834 1191 ὁπλίτας
2888 1126 2952 1180 τὸ
3015 1126 3170 1197 παρά
3222 1119 3683 1193 Λακεδαιμονίοις

2090 1216 2304 1288 ὄφελος,
2353 1218 2405 1270 οἱ
2465 1216 2523 1270 δὲ
2562 1217 2743 1271 λοιποὶ
2785 1215 2929 1288 τύχῃ
2986 1215 3048 1267 τὸ
3086 1214 3250 1313 γένος
3288 1209 3565 1313 ὲμέριζρν.
3601 1209 3678 1262 Οὐ

2089 1309 2326 1381 λέληθας
2379 1310 2532 1380 ἡμᾶς
2562 1309 2721 1364 ἀλλον
2748 1309 3050 1379 δεινότερον
3064 1306 3110 1337 ⁸ο
3149 1304 3374 1373 ἐπάγων
3411 1304 3508 1355 τοῦ
3537 1316 3679 1371 προ-

2090 1401 2255 1471 τέρου
2290 1400 2549 1471 πόλεμον.
2587 1399 2785 1454 Οὐκέτι
2805 1398 2983 1470 χιλίας
3012 1397 3110 1452 καὶ
3140 1394 3420 1458 διακοσίας
3451 1394 3495 1426 ⁶¹
3526 1391 3683 1464 τριή-

2097 1506 2211 1561 ρεις
2244 1490 2472 1560 πληροῖς
2527 1490 2670 1545 κατά
2714 1490 2816 1561 τῆς
2856 1488 3086 1554 πόλεως,
3124 1487 3248 1541 οὐδὲ
3299 1483 3682 1554 ἀποκρύπτεις

2092 1582 2308 1654 ἠπείρῳ
2345 1583 2407 1637 τὸ
2475 1583 2653 1655 ῥόθιον
2672 1624 2688 1650 ,
2742 1581 2864 1636 οὐδὲ
2907 1582 3266 1652 στενοχωρείς
3317 1577 3681 1651 στρατιώταις

2091 1670 2191 1744 τὴν
2241 1673 2507 1745 ἤπειρον,
2561 1673 2685 1727 οὐδὲ
2737 1672 2806 1727 τὰ
2856 1676 3100 1744 στοιχεῖα
3141 1671 3278 1743 πρδς
3327 1670 3428 1742 τὴν
3478 1667 3680 1724 σαυτοῦ

415 1725 725 1803 ηδιηοηιιιιη
772 1752 1136 1822 legationibus
1183 1757 1499 1828 perfringis,
1527 1774 1632 1816 non
1662 1771 1845 1817 autem
1877 1772 1986 1821 tro-

2093 1725 2283 1835 χρείαύ
2307 1725 3301 1836 minutatumassulatim...
3327 1725 3532 1828 οῖέαςη
3570 1761 3683 1833 τὰρ

411 1839 543 1906 pmis
599 1850 739 1896 terra
786 1845 1033 1915 marique
1069 1848 1300 1915 erectis,
1361 1850 1581 1920 haecque
1636 1853 1882 1910 beneﬁcii
1930 1864 1987 1913 et

411 1932 603 1999 gratia:
630 1935 847 1990 nomine
879 1939 1135 2008 appellas.
1169 1939 1224 1994 Si
1259 1940 1343 1995 illa
1380 1943 1667 1999 scribenda
1703 1946 1987 2007 existime-

416 2022 516 2087 tis,
569 2038 688 2092 quae
737 2027 986 2082 manibus
1031 2029 1278 2086 facienda
1325 2044 1490 2100 sunt,
1535 2044 1739 2106 atquae
1779 2042 1987 2112 scripta

411 2123 539 2168 sunt
588 2131 692 2171 non
732 2116 1002 2187 facienda,
1045 2130 1104 2177 ut
1153 2121 1389 2180 illustres
1432 2128 1630 2183 vestris
1679 2134 1987 2201 appareatis

410 2204 660 2272 decretis,
703 2208 864 2267 factis
900 2223 1081 2269 autem
1120 2215 1429 2274 dissimiles.
1466 2219 1612 2276 Bene
1666 2224 1847 2279 habet.
1885 2224 1985 2281 llic

409 2296 636 2352 consilio
660 2301 931 2369 egregius,
960 2305 1129 2373 gestis
1162 2322 1266 2361 non
1295 2308 1365 2362 ita
1388 2310 1680 2379 excellens,
1712 2328 1988 2384 nunquam

409 2387 712 2452 perlectam
745 2390 959 2449 laudem
1009 2400 1326 2466 reportavit,
1363 2402 1456 2456 sed
1494 2418 1713 2473 semper
1737 2420 1860 2460 cum
1891 2422 1990 2462 cx-

408 2478 662 2547 ceptinne
705 2480 955 2540 laudatus
981 2497 1082 2541 est.
1108 2487 1245 2542 Nam
1275 2490 1436 2545 linem
1461 2507 1670 2559 omnes,
1704 2504 1762 2549 ιιι
1808 2499 1987 2553 consi—

410 2566 542 2621 lium
578 2569 940 2643 admirentur,
993 2588 1337 2645 exspectant.
1378 2580 1481 2637 llic
1530 2593 1714 2640 autem
1756 2601 1786 2641 a
1824 2589 1987 2645 rebus

408 2662 836 2729 experimentum
863 2667 1082 2736 capiens
1104 2671 1174 2725 ob
1206 2672 1320 2728 haec
1346 2683 1602 2745 utraque,
1642 2692 1761 2747 qua:
1783 2682 1985 2748 optime

408 2761 584 2819 tenet,
630 2758 927 2824 suspicitur
962 2779 976 2816 :
1014 2762 1083 2816 ob
1141 2765 1464 2820 sententiam
1511 2782 1630 2823 eum
1675 2770 1980 2841 iudicavit:

407 2842 529 2897 dein
558 2845 628 2900 ob
656 2846 859 2903 factum
883 2865 1006 2905 eum
1032 2853 1253 2908 decreta
1281 2855 1440 2913 factis
1471 2874 1577 2912 non
1602 2865 1874 2934 coarguit.

2092 1857 2170 1922 ὡς
2194 1856 2413 1913 πάντων
2430 1858 2654 1912 ἐκείνων
2668 1856 2795 1928 [587.
2819 1856 2913 1930 [1.]
2933 1857 3199 1927 κρείττων
3218 1856 3486 1927 ἐγενόμην
3509 1854 3683 1927 μαχό-

2100 1965 2283 2019 μενος.
2326 1948 2460 2002 Ἀπὸ
2480 1948 2798 2013 Βαϐυλῶνος
2825 1948 3187 2015 προσϐάλλεις
3205 1949 3252 1981 ⁸³
3279 1951 3347 2018 τῇ
3369 1946 3547 2012 πόλει,
3584 1946 3681 1999 καὶ

2094 2040 2181 2095 διὰ
2205 2039 2311 2095 τῶν
2334 2039 2590 2113 κηρύκων
2620 2042 2748 2113 ἡμῖν
2772 2040 3000 2113 έφιστᾷς
3028 2039 3400 2117 μηχανήματα
3431 2037 3529 2092 καὶ
3559 2039 3683 2101 ταῖς

2094 2132 2411 2203 πρεσϐείαις
2459 2133 2759 2205 διορύττεις
2791 2134 2891 2205 τὴν
2930 2135 3027 2188 ἐπὶ
3053 2133 3162 2187 τῶν
3190 2131 3496 2187 καλλίστων
3524 2128 3682 2199 φιλο-

2091 2224 2282 2295 τιμίαν
2312 2224 2413 2295 τῆς
2459 2225 2666 2290 πόλεως
2687 2225 2754 2292 ⁸⁸,
2813 2227 2908 2281 καὶ
2935 2224 3109 2279 ταῦτα
3161 2223 3370 2296 δωρεὰς
3393 2221 3683 2293 ὀνομάζεις

2088 2316 2185 2370 καὶ
2221 2317 2474 2387 χάριτας.
2508 2318 2599 2390 Μὴ
2628 2318 2764 2389 πρὸς
2800 2317 3081 2388 τροπαίων
3113 2315 3201 2370 διὰ
3229 2318 3333 2386 γῆς
3359 2314 3454 2368 καὶ
3480 2312 3683 2367 θαλάτ-

2087 2424 2184 2477 της
2205 2408 2250 2440 ⁸⁵
2273 2410 2680 2479 ἐγηγερμένωνι
2708 2409 2769 2463 Εἰ
2799 2410 2845 2442 ⁸⁵
2876 2410 2975 2479 μὲν
3032 2407 3124 2463 οὖν
3170 2407 3349 2461 οἴεσθε
3385 2407 3496 2460 δεῖν
3515 2404 3684 2477 ξγρά-

2095 2516 2217 2568 φειν
2245 2499 2346 2570 μὲν
2373 2500 2410 2555 ἂ
2432 2502 2536 2572 χρὴ
2570 2503 2763 2567 ποιεῖν,
2788 2502 2826 2556 ἀ
2855 2502 2899 2554 δ’
2919 2500 2986 2555 ἃν
3013 2499 3264 2572 γράψητε
3292 2498 3337 2530 ⁸⁷
3370 2498 3444 2569 μὴ
3481 2498 3678 2563 ποιεῖν,

2093 2595 2189 2648 καὶ
2221 2595 2464 2667 λαμπροὶ
2511 2596 2611 2667 μὲν
2638 2597 2731 2650 ἐπὶ
2764 2596 2872 2651 τῶν
2899 2597 3266 2668 ψηφισμάτων
3306 2593 3594 2665 φαίνεσθαι
3611 2594 3682 2658 ⁸⁸,

2093 2685 2182 2740 διὰ
2208 2687 2266 2740 δὲ
2311 2687 2423 2743 τῶν
2451 2688 2629 2760 ἔργων
2676 2690 2775 2761 οὐχ
2819 2691 3032 2761 ὅμοιοι,
3060 2689 3242 2752 καλῶς
3287 2688 3423 2758 ἔχει.
3490 2686 3548 2740 ὐ
3581 2686 3683 2757 μὲν

2092 2779 2202 2851 γάρ
2229 2782 2286 2833 ὲν
2311 2780 2390 2853 τῷ
2421 2781 2767 2852 βουλεύεσθαί
2792 2800 2844 2835 τι
2867 2782 3141 2853 λαμπρὸς,
3165 2780 3246 2851 τῷ
3285 2781 3360 2850 μή
3387 2798 3476 2833 πω
3520 2778 3683 2848 δῆλῡς

2092 2866 2289 2924 srvat“
2319 2873 2401 2925 ὅτι
2459 2874 2554 2926 καὶ
2586 2874 2844 2944 πράξειεν
2865 2875 2936 2939 το,
2967 2873 3121 2926 οὔπω
3148 2871 3401 2943 καθαρῶς
3458 2870 3559 2942 τὴν
3591 2868 3686 2922 εὑ-

406 2934 618 3004 φημίαν
677 2941 982 3009 κομίζεται,
1014 2944 1128 2998 ἀλλ’
1150 2945 1229 2999 ἔτι
1257 2948 1397 3018 πρὸς
1440 2952 1568 3015 τοὺς
1597 2953 1854 3021 ἐπαίνους
1888 2958 2188 3029 ἀμφίϐολος
2213 2980 2226 2994 ·
2263 2934 2754 3039 περιμένουσαγὰνρ
2778 2965 2839 3021 τὸ
2867 2934 3021 3030 τέλος
3081 2934 3319 3027 ἅπαντες
3345 3005 3363 3030 ,
3434 2963 3523 3016 ἴνα
3581 2960 3682 3032 τὴν

405 3024 632 3096 γνώμην
661 3027 1035 3101 θαυμάσωσιν.
1083 3035 1140 3089 '0
1171 3036 1217 3089 δ’
1242 3034 1325 3102 οἷς
1360 3039 1500 3109 ἔγνω
1528 3045 1710 3110 καλῶς
1780 3050 1876 3103 καὶ
2057 3024 2182 3109 ἀπὸ-
2219 3024 2350 3113 τῶν⁸
2396 3024 2574 3131 έργων
2623 3024 2818 3131 πεῖραν
2875 3024 3151 3129 ἑλόμενος,
3211 3024 3314 3112 ἐπ’*
3346 3024 3683 3129 ἀμφοτέροις

407 3117 768 3189 θαυμάζεται,
818 3123 917 3196 τὴν
971 3126 1068 3198 μὲν
1123 3127 1368 3203 γνώμην,
1423 3130 1506 3199 οἷς
1569 3137 1771 3209 ἔκρινε,
1806 3143 1907 3213 τὴν
1934 3117 1992 3198 δέ
2032 3147 2312 3218 πρᾶξιντί,
2348 3117 2562 3215 οἷςιούκ
2618 3117 2814 3223 ἤλεγξε
2847 3151 2914 3205 τὰ
2954 3117 3299 3223 φηφισθέντα
3361 3117 3474 3214 τιοίς
3535 3150 3683 3221 πρά-

405 3226 635 3279 γμασιν.

482 3304 742 3361 Libenter
775 3318 957 3365 autetn
997 3326 1091 3369 eos
1112 3315 1202 3384 qui
1230 3320 1634 3390 contradicunt,
1670 3325 1979 3400 interroga-
2010 3335 2053 3395 G

407 3393 533 3460 rim,
569 3404 773 3464 utrum,
807 3415 929 3455 cum
962 3403 1158 3460 bellum
1191 3412 1736 3486 conﬁrmaveramus,
1765 3428 1987 3476 contra:

406 3483 642 3539 dixerint
670 3527 686 3553 ,
724 3504 790 3543 an
820 3491 1057 3560 quietem
1098 3511 1347 3556 amantes
1379 3507 1687 3561 consentire
1715 3523 1835 3563 cum
1858 3527 1987 3569 eon-

405 3578 736 3637 sultantibus
798 3584 1001 3655 dignati
1053 3589 1184 3644 sint.
1241 3591 1299 3648 Si
1345 3611 1449 3650 non
1506 3602 1981 3672 contradixerint,

408 3683 513 3724 non
548 3672 707 3727 modo
732 3675 909 3743 nobis,
937 3694 1125 3735 verum
1161 3684 1324 3739 etiam
1362 3687 1464 3741 sibi
1500 3690 1630 3758 ipsis
1683 3706 1986 3764 repugnan-

409 3762 480 3815 tia
514 3761 696 3821 faccre
718 3768 994 3836 videntur,
1022 3773 1106 3829 bis
1143 3791 1238 3831 eos
1273 3793 1533 3837 accusare
1565 3783 1823 3854 nitentes,
1846 3804 1984 3857 quos

406 3853 462 3907 in
507 3854 770 3920 judicium
801 3874 998 3917 vocare
1025 3873 1353 3934 statuentes,
1408 3871 1534 3925 dum
1587 3888 1674 3929 res
1713 3853 1985 3948 prosperae

407 3956 615 4014 essent,
652 3950 927 4007 silentium
976 3956 1323 4014 induxerunt.
1357 3961 1541 4033 Neque
1579 3967 1725 4023 enim
1755 3984 1784 4025 e
1816 3987 1984 4041 pravo

405 4034 624 4106 ingenio
648 4038 879 4098 libentes
910 4058 969 4099 se
996 4048 1280 4106 utilitatem
1314 4055 1629 4117 occultasse
1658 4034 1857 4115 dicent.
1879 4060 1984 4119 Ve-

406 4140 526 4180 rum
566 4129 611 4184 si
652 4135 1090 4194 contradicentes
1143 4155 1307 4199 causa
1341 4146 1662 4219 ceciderint,
1708 4155 1983 4221 quomodo

405 4232 513 4273 non
551 4220 780 4290 ignaviae
825 4225 923 4292 rei,
960 4228 1075 4285 haec
1119 4231 1315 4289 iterum
1364 4220 1746 4308 aggredientcs
1775 4243 1980 4314 dicere,

404 4322 526 4376 qua:
553 4312 706 4381 prius
742 4317 835 4384 qui
867 4320 982 4373 ausi
1014 4331 1160 4388 sunt,
1194 4326 1430 4383 minores
1453 4344 1576 4386 esse
1606 4335 1985 4391 contradicen-

406 4401 550 4457 tibus
578 4406 814 4463 convicti
845 4411 1019 4465 sunt?
1052 4411 1109 4468 Si
1148 4432 1281 4473 vero
1316 4421 1686 4489 dissolvimus,
1732 4442 1852 4496 quae
1884 4428 1982 4483 de-

403 4496 695 4564 crevimus,
727 4514 834 4555 non
881 4504 985 4557 erit
1023 4506 1211 4578 utique
1240 4512 1554 4581 obscurum,
1587 4532 1684 4573 nos
1707 4527 1763 4573 et
1800 4520 1982 4576 nimiae

403 4585 682 4644 facilitatis
714 4589 875 4646 simul
925 4604 981 4650 et
1030 4601 1357 4657 temeritatis
1395 4605 1606 4661 crimen
1653 4605 1976 4668 subituros:

2172 3329 2372 3394 Ἡδέως
2400 3329 2446 3383 δ’
2467 3328 2532 3383 ἂν
2565 3330 2798 3401 ἐροίμην
2826 3333 2950 3394 τοὺς
2998 3331 3404 3400 ἀντιλέγοντας,
3447 3334 3685 3406 πότερον

2089 3426 2340 3479 ἀντεῖπον
2388 3422 2551 3493 ἡνίκα
2580 3422 2887 3494 ὲκυροῦμεν
2933 3422 3025 3477 τὸν
3055 3422 3312 3494 πόλεμον,
3336 3424 3368 3495 ἦ
3396 3424 3497 3496 τὴν
3545 3428 3679 3496 ἡσυ.

2087 3514 2211 3583 χίαν
2269 3513 2492 3582 ἄγοντες
2543 3511 2711 3565 είκειν
2767 3510 2953 3581 ἠξίουν
3003 3514 3119 3576 τοῖς
3179 3513 3680 3584 συμϐου).εύουσιν;

2088 3605 2152 3658 Εἰ
2185 3606 2282 3677 μὲν
2339 3605 2449 3675 γὰρ
2488 3605 2589 3659 οὐκ
2637 3606 2910 3674 ἀντεῖπον,
2936 3606 3032 3678 οὐχ
3066 3608 3196 3677 ἡμῖν
3225 3609 3384 3679 μόνον
3415 3609 3552 3663 ἀλλὰ
3583 3611 3682 3662 καὶ

2089 3699 2271 3768 σφίσιν
2327 3698 2512 3760 αὐτοῖς
2580 3698 2842 3751 τάναντία
2915 3699 3246 3769 πράττοντες
3267 3701 3315 3732 τ’
3370 3701 3677 3770 φαίνονται,

2085 3788 2295 3852 τούτοις
2373 3788 2628 3857 ἐγκαλεῖν
2692 3790 3103 3856 σπουδάζοντες,
3156 3787 3256 3856 οἷς
3285 3793 3361 3857 ὡς
3410 3792 3682 3847 κάλλιστα.

2086 3880 2272 3951 ἔχουσι
2330 3880 2543 3952 σιωπὴν
2599 3880 2962 3953 ἐπεφήμιζον.
3005 3883 3081 3935 Οὐ
3114 3883 3222 3954 γάρ
3252 3900 3355 3936 που
3389 3882 3614 3955 δυσνοίᾳ
3632 3883 3679 3916 τι

2087 3989 2152 4042 γε
2207 3973 2441 4044 φήσουσι
2491 3973 2553 4026 τὸ
2594 3973 2874 4044 συμφέρον
2930 3974 3153 4037 ἑκόντες
3221 3974 3675 4046 ἀποκρύψασθαι.

2101 4063 2262 4117 Ἀλλὰ
2289 4063 2395 4134 μὴν
2421 4062 2538 4132 είγε
2589 4063 2940 4129 ἀντειπόντες
2993 4065 3332 4136 ἡττήθησαν,
3398 4065 3518 4129 πῶς
3572 4066 3678 4120 οὐκ

2083 4154 2361 4218 ἀναιδείας
2381 4155 2427 4187 ⁷⁵
2464 4153 2757 4211 ὑπεύθυνοι
2784 4157 2854 4211 τά
2877 4156 3021 4211 αύτά
3060 4156 3240 4227 λέγειν
3267 4157 3677 4229 ἐπιχειροῦντες

2085 4246 2355 4317 δεύτερον,
2377 4246 2413 4302 ἀ
2440 4247 2675 4319 πρόσθεν
2709 4249 2884 4302 εἰπεῖν
2904 4249 3275 4321 τολμήσαντες
3303 4250 3501 4321 ἥττους
3529 4244 3674 4303 εἶναι

2084 4339 2192 4392 τῶν
2223 4338 2610 4407 ἀντιλεγόντων
2630 4338 3010 4411 ἠλέγχθησανς
3037 4339 3132 4393 καὶ
3165 4339 3272 4410 μὴν
3301 4338 3420 4407 εἴγε
3439 4337 3678 4410 λύσομεν

2089 4431 2125 4486 ἀ
2142 4449 2274 4485 κεκυ
2284 4430 2560 4503 ρώκαμεν,
2587 4432 2688 4486 οὐκ
2706 4420 2899 4503 ἄδηλον
2918 4431 3187 4503 δήπουθεν
3215 4431 3291 4496 ὡς
3315 4431 3597 4503 εὐχερείας
3614 4447 3677 4484 τε

2087 4524 2223 4595 ὁμοῦ
2253 4525 2349 4578 καὶ
2399 4525 2655 4590 ἀϐουλίας
2687 4525 2889 4589 ὄνειδος
2918 4524 3137 4596 ἕξομεν,
3169 4524 3427 4588 ἀϐουλίας
3471 4525 3570 4595 μὲν
3599 4525 3677 4590 ὡς

2090 4619 2150 4673 ὲν
2196 4621 2338 4692 ἀρχῇ
2388 4619 2506 4674 δέον
2562 4622 2742 4691 εύρεῖν
2785 4620 2848 4674 τὸ
2903 4621 3182 4693 συμφέρον
3213 4620 3675 4691 ἀδυνατήσαντες,

407 4680 734 4738 temeritatis
779 4686 1021 4753 quidem,
1056 4692 1199 4759 quod
1246 4694 1401 4751 initio
1431 4712 1553 4751 eum
1582 4710 1862 4769 oporteret
1900 4705 1984 4758 in-

2092 4680 2373 4782 εὕχερέίας
2427 4710 2484 4765 δὲ
2546 4680 2642 4775 ὼςί
2663 4710 2758 4780 ἀφ’
2787 4705 2861 4765 ὧν
2900 4680 3195 4782 ἐκρίναμεν
3243 4680 3453 4781 ταχέως
3516 4680 3678 4773 αὖθις

402 4771 674 4840 vestigare
740 4774 874 4831 utile
921 4793 1065 4835 nunc
1099 4797 1205 4839 non
1240 4788 1513 4855 potuimus
1543 4808 1557 4843 :
1592 4791 1776 4847 nimiae
1803 4786 1981 4850 facili-

2100 4771 2581 4874 μεταϐαλλόμενοι.
2604 4771 2732 4857 ’Καί
2763 4803 2917 4857 ούπω
2955 4771 3176 4872 λέγωτὸ
3198 4771 3381 4873 μεῖξον
3417 4771 3677 4872 έγκλημα

405 4863 534 4919 tatis
556 4880 677 4923 eum
702 4881 767 4923 ea
795 4884 917 4940 quae
939 4869 1283 4933 decrevimus
1307 4883 1520 4949 statim,
1555 4892 1610 4939 et
1637 4900 1706 4940 ex
1740 4895 1984 4956 tempore

2093 4863 2178 4951 δτι
2229 4895 2324 4949 καὶ
2376 4863 2564 4966 χρείας
2598 4896 2894 4967 ἡττημένοι
2916 4863 3140 4966 δόξομεν
3161 4863 3365 4947 ἐθέλειν
3397 4863 3556 4963 ἡμῶν
3576 4863 3679 4944 Ξο-

403 4961 885 5020 contmutavimus.
930 4966 1181 5024 Nondum
1237 4971 1535 5027 maximum
1574 4977 1781 5032 crimen
1825 4980 1981 5048 dico,

2092 4987 2194 5042 τῶν
2243 4961 2754 5058 καταῷηφίζεσθαινί
2785 4988 2941 5059 ὅπερ,
2965 4961 3143 5058 οῐμαι,
3180 4985 3275 5039 καὶ
3298 4961 3677 5054 ἀπαραίτητον

402 5047 531 5117 quia
571 5048 881 5113 videbimur
920 5061 1245 5117 necessitate
1283 5064 1409 5119 victi
1457 5068 1615 5122 nobis
1662 5070 1796 5141 ipsis
1847 5047 1986 5130 velle

2092 5080 2234 5132 ποιεῖ
2260 5078 2321 5131 τὸ
2343 5047 2616 5150 ἔγκλημα.
2649 5080 2718 5134 Ἀ
2745 5078 2854 5150 γὰρ
2881 5047 2977 5133 καὶ
3012 5047 3182 5152 χωρίς
3213 5047 3470 5146 τοιαύτης
3493 5047 3679 5136 αἰτίας

407 5141 711 5215 adversari,
743 5150 887 5218 quod
918 5165 1054 5208 sane
1083 5154 1487 5214 inexcusabiles
1516 5176 1613 5218 nos
1633 5164 1980 5224 reddit.Cutn

2092 5169 2193 5222 ούκ
2216 5141 2441 5223 ἀνεκτδν
2469 5141 2859 5241 ἡμαρτηκότας
2887 5141 3230 5240 ἐλέγχεσθαι,
3261 5164 3380 5229 πῶς
3407 5141 3508 5234 οὐχ
3524 5158 3676 5227 ἅπαξ

1795 5308 2034 5368 νΑιιιιλΕ
2094 5312 2497 5371 LECTIONES.

496 5407 542 5439 υ
602 5405 838 5481 ὲπλεῖτο]
896 5409 1085 5465 ἔπειτα
1146 5413 1213 5467 Α.
1316 5415 1361 5448 ⁸ο
1421 5415 1723 5490 δεινότερον
1778 5432 1898 5490 post
1949 5428 2221 5498 προτέρου
2298 5429 2444 5495 ponit
2492 5428 2551 5482 Β.
2651 5429 2693 5461 ⁶¹
2742 5429 3056 5502 τριακοσίας
3114 5444 3174 5491 ς.
3284 5423 3330 5456 ⁸⁸
3381 5416 3525 5484 εῖδες
3552 5420 3671 5524 “B.

496 5479 526 5510 ’³
550 5477 877 5524 προσϐάλλει
912 5483 969 5524 Δ-
1000 5482 1090 5524 ΠΙιῖ
1122 5493 1175 5524 Al
1211 5499 1332 5524 mnv
1368 5488 1615 5524 l-mt'rrarnm
1648 5521 1718 5524 _
1742 5491 2005 5524 R.--.'.-_-.
2145 5500 2392 5524 ι..-...ιν,.
2495 5499 2542 5524 αι
2578 5501 2638 5524 -ει
2681 5501 2826 5524 _n-_
2879 5519 2909 5524 _
3011 5501 3055 5524 tta
3084 5497 3358 5524 11.51.-..”
3414 5493 3442 5524 Δ
3624 5492 3671 5524 .ι

477 5474 878 5572 οιιπρρσϐάλζξι
905 5482 1091 5572 Atqui
1122 5493 1186 5572 et.
1210 5474 2442 5572 ωσι,ὲφὶστησδ-,δῖορύττεῖ
2678 5474 3055 5567 uti???
3084 5474 3358 5572 θᾷλάςσης
3548 5489 3675 5572 ξέοι

404 5542 485 5641 AI:
521 5545 645 5599 ἐπεὶ
677 5564 789 5641 ςσῃ
815 5551 860 5583 ⁸⁷
884 5542 1134 5641 γρμάῷητξ
1155 5554 1221 5622 Α,
1253 5542 1501 5641 χράφὴεε
1534 5542 1574 5610 Β
1599 5542 2014 5641 magaria}:
2096 5542 2458 5641 σῖᾆέἓῖῖἕςῖὀᾶι
2488 5542 2654 5626 ABf)";
2684 5542 2939 5641 ἓρἔἷιὲσῗθὲ
2977 5589 3039 5636 ς.
3088 5542 3354 5641 *ἴδ’ξῖνῖῖξ
3368 5542 3499 5641 add;
3546 5542 3672 5615 Sic:

407 5589 485 5597 ---
522 5589 645 5599 νην*
680 5589 735 5611 δ·
895 5589 1134 5623 ιιιυιγιινε
1155 5589 1221 5622 τ’»
1265 5589 1499 5627 ιιαυιγσιυε
1534 5589 1611 5614 νδ
1651 5589 1920 5635 τραφηται
1954 5589 2014 5633 ς.
2097 5589 2141 5602 νυ
2213 5589 2458 5623 αινεσυαι
2488 5589 2654 5626 anu:
2684 5589 2939 5641 φαίνεσυε
2977 5589 3039 5636 ς.
3117 5589 3161 5601 ν’
3189 5589 3326 5621 ειναι
3368 5589 3500 5684 ειαυὶ
3546 5589 3666 5615 οισ-

407 5614 1055 5712 93'i'.‘.‘.'?;-,_74????”
1255 5625 1553 5712 Ἔπεάξιγ
1603 5630 1690 5686 Ατ
1746 5636 1899 5704 τάξιν
1932 5657 1992 5703 ςο
2099 5641 2144 5674 ⁷³
2171 5589 2596 5712 ἵισιπρέιττθντεες
2629 5643 2773 5699 libri.
2872 5638 3166 5711 "50W?
3195 5638 3269 5693 Βε
3320 5633 3479 5688 δυσνο
3503 5646 3569 5694 ας
3602 5645 3666 5695 ς’·

411 5681 457 5714 ⁷⁵
493 5684 765 5754 ἀναιδείας
800 5681 1047 5752 Βέίδιξίιιε
1096 5710 1110 5750 :
1159 5694 1282 5753 libri
1316 5681 1631 5762 ἀν’δεξλίας.
