3990 6232
388 250 527 316 1333

1417 253 1943 318 BlBLIOTHECA.
1981 280 2050 291 -
2076 254 2240 318 COD.
2279 254 2584 318 CCXLIII.

3518 251 3654 318 1334

385 342 796 431 summm,
816 363 946 420 ὅταν
970 362 1066 419 και
1087 364 1376 437 λήμματος
1406 365 1455 437 μ
1472 366 1572 423 too
1595 364 1690 439 11.]
1715 366 1968 423 ἀλλάττε-

2080 367 2238 439 igitur
2283 382 2391 424 non
2436 370 2508 425 sit
2542 366 2828 425 lerendum
2872 365 2954 424 eis
3000 365 3093 438 qui
3138 371 3456 438 peccarunt,
3485 369 3653 426 etiam

390 454 514 507 σθαι
551 454 652 525 τὴν
705 453 923 520 ἀδοξίαν
949 447 1303 527 φαινώμεθα;
1339 457 1401 511 Ei
1429 457 1488 511 δέ
1509 474 1592 523 τις
1623 458 1732 513 τῶν
1749 458 1972 531 συμμά-

386 563 501 616 χων
538 547 637 616 τῆς
672 546 881 611 πόλεως
936 547 1147 620 δωρεὰν
1172 547 1323 621 παρὰ
1370 548 1633 619 βασιλέως
1680 548 1973 620 δεξάμενος

386 639 539 694 λύειν
595 640 872 710 ἐπεχείρει
917 640 980 695 τὸ
1012 640 1186 713 δόγμα
1226 642 1327 712 τῆς
1381 641 1593 706 πόλεως
1620 641 1652 714 ἢ
1680 641 1971 696 καταλύειν

387 726 489 798 τήν
550 730 869 801 συμμαχίαν
923 729 1243 802 ἐτόλμησεν,
1283 726 1373 802 ἆρ’
1424 731 1614 786 οὐκᾶν
1660 731 1972 804 ὠργίσθητε

389 818 489 872 καὶ
507 820 662 892 δίκην
689 821 1014 893 ἀπῃτήσατε
1045 824 1196 894 παρὰ
1220 822 1329 877 τῶν
1358 825 1604 895 ἀναιρεῖν
1629 824 1971 895 ἐπιχειρούν-

388 928 498 966 των
539 913 576 968 ἀ
611 914 999 985 κεκυρώκατες
1025 914 1135 986 ἐγὼ
1173 916 1274 987 μὲν
1313 916 1556 988 ἀκριϐῶς
1593 913 1746 988 οἶμαι
1768 916 1834 971 ⁷⁸.
1858 911 1973 970 Εἶθ’

392 1001 601 1072 ἑτέροις
616 1002 682 1057 ἄν
709 1021 762 1057 τι
783 1003 941 1058 λῦσαι
967 1005 1075 1059 τῶν
1096 1006 1378 1078 ὑμετέρων
1405 1007 1467 1060 ού
1495 1008 1970 1078 συγχωρήσαντες,

391 1092 545 1146 αὐτοὶ
582 1095 741 1148 τοῦτο
776 1093 1058 1159 ποιοῦντες
1080 1096 1427 1168 ὀφθήσεσθε;
1464 1098 1559 1152 καὶ
1596 1093 1783 1168 ὲφόἷς
1809 1100 1973 1154 ἄλλου

391 1185 702 1255 πράξαντος
744 1186 845 1242 οὐκ
867 1187 934 1243 ἂν
956 1188 1250 1259 ἠνέσχεσθε
1267 1190 1313 1221 ⁷⁸
1335 1191 1400 1243 τὸ
1434 1189 1511 1262 μὴ
1533 1189 1627 1243 καὶ
1680 1190 1834 1253 δίκας
1858 1190 1973 1243 είσ-

390 1278 726 1351 πράξασθαι,
749 1280 922 1335 ταῦτα
950 1282 1165 1346 ἑκόντες
1186 1282 1340 1337 αὐτοὶ
1367 1282 1715 1355 πλημμελεῖν
1748 1282 1929 1350 δόξετε
1954 1303 1969 1353 ;

389 1371 487 1422 καὶ
519 1370 627 1440 μὴν
675 1368 889 1425 ἅπαντα
946 1374 1044 1442 μὲν
1074 1372 1401 1443 εὐλαϐητέον
1436 1374 1767 1445 ἐργάζεσθαι
1791 1375 1859 1429 τά
1879 1380 1974 1430 καὶ

386 1460 519 1516 ὄντα
547 1462 762 1534 πονηρά
807 1465 902 1518 καὶ
943 1466 1295 1536 νομιζόμενα,
1359 1467 1620 1521 ἐκεῖναδὲ
1659 1468 1862 1537 πλεῖον,
1897 1463 1973 1525 ὧν

387 1554 554 1618 αὐτός
590 1572 674 1619 τις
730 1555 942 1624 φθάσας
995 1558 1363 1627 κατέγνωκεν.
1426 1558 1543 1629 Ἐφ’
1603 1554 1686 1625 οἷς
1738 1561 1848 1633 γάρ
1890 1580 1975 1628 τις

387 1644 716 1713 ἀγανακτῶν
744 1646 820 1711 ὡς
856 1648 1083 1717 φαύλοις
1115 1650 1482 1705 ἐπιδείκνυται
1506 1692 1520 1716 ,
1551 1651 1682 1723 [588
1709 1652 1801 1726 [1.]
1830 1656 1877 1707 εί
1906 1657 1973 1711 τά

387 1734 531 1788 αὐτά
557 1736 812 1807 πράττων
835 1739 1143 1806 ἁλίσκοιτο,
1177 1740 1610 1814 φιλαπεχθήμων
1642 1746 1779 1817 ὁμοῦ
1797 1746 1845 1779 ⁷⁷
1873 1749 1969 1802 καὶ

387 1825 645 1899 πονηρὸς,
686 1828 924 1900 πονηρὸς
955 1831 1075 1900 μὲν,
1115 1825 1197 1895 οἷς
1222 1832 1257 1885 ἀ
1285 1832 1360 1903 μὴ
1392 1833 1498 1905 χρὴ
1528 1834 1787 1906 πράττων
1817 1836 1969 1907 ἐλέγ-

385 1929 567 1983 χεται,
617 1916 1048 1987 φιλαπεχθήμων
1063 1919 1109 1950 ⁷⁸
1141 1918 1220 1985 δὲ,
1241 1919 1386 1974 ὅτιτί
1426 1921 1636 1977 τούτων
1674 1924 1801 1989 τοὺς
1832 1924 1970 1997 πληο

388 2006 508 2060 σίον
551 2006 756 2080 εἵργειν
783 2008 957 2081 ζητεῖ,
985 2010 1022 2065 ἂ
1053 2011 1133 2083 τῷ
1162 2011 1306 2084 λόγῳ
1344 2018 1524 2085 μισεῖν
1560 2018 1971 2090 προσποιούμε-

386 2114 478 2162 νος
501 2098 684 2171 ἔργοις
721 2101 1072 2172 μεταδιώκων
1104 2104 1409 2160 ἁλίσκεται.

458 2280 601 2351 Λέγε
635 2298 723 2352 μοι
749 2281 819 2337 τά
847 2283 955 2337 τῶν
1010 2285 1336 2354 νομοθετῶν,
1369 2288 1419 2341 εί
1459 2288 1660 2359 βούλει,
1713 2291 1968 2363 ῥήματα’

387 2373 612 2444 ἀρίθμει
652 2392 742 2445 μοι
777 2376 912 2446 μετὰ
936 2377 1163 2445 τούτων,
1197 2381 1244 2431 εί
1284 2379 1479 2450 θέλεις,
1536 2384 1629 2436 καὶ
1652 2384 1723 2436 τὰ,
1745 2385 1845 2453 τῆς
1875 2387 1973 2439 πό-

386 2465 529 2528 λεως
557 2467 797 2538 τρόπαια
813 2469 861 2501 ⁸⁸
884 2487 898 2504 ο
927 2470 1128 2541 νόμους
1146 2475 1255 2544 γάρ
1286 2473 1398 2543 ἐγὼ
1415 2476 1749 2546 πολεμικοὺς
1775 2479 1974 2550 ὀνομά-

387 2558 471 2623 ζω
496 2559 565 2613 τὰ
592 2564 693 2629 τῆς
721 2562 931 2626 πόλεως
955 2563 1000 2596 ⁸³
1040 2565 1465 2637 κατορθώματα.
1495 2568 1562 2620 Τί
1587 2568 1683 2623 νῦν
1716 2572 1772 2623 ὲν
1803 2570 1972 2625 ἀπασι

388 2650 600 2716 τούτοις
650 2652 1102 2722 διεσπούδασταις
1139 2658 1213 2729 μὴ
1263 2659 1587 2714 σπένδεσθαι
1648 2661 1966 2735 βαρϐάροις,

390 2747 572 2814 μισεῖν
602 2746 661 2799 τὸ
689 2748 847 2814 γένος
876 2750 951 2814 ὡς
975 2749 1274 2822 ἀλιτήριον,
1307 2753 1664 2809 ἀδιάλλακτον
1721 2759 1974 2828 ήγεῖσθαι

387 2834 482 2889 τὸν
511 2837 648 2907 πρὸς
687 2839 955 2911 ἀλλήλους
987 2841 1245 2914 πόλεμον.
1293 2846 1405 2898 Καὶ
1433 2846 1558 2916 μάλ’
1590 2848 1844 2913 είκότωςο
1879 2852 1974 2918 οὓς

389 2930 501 3002 γάρ
526 2933 592 3002 τῇ
624 2932 785 3002 φύσει
836 2934 1128 3004 πολεμίους
1167 2937 1439 3007 ἐνόμιζον,
1477 2942 1629 3012 παρὰ
1658 2941 1864 2996 τούτων
1887 2944 1974 2999 ἀεί

2078 459 2293 515 sublato
2316 458 2410 514 tali
2431 458 2687 523 crimine,
2717 456 2989 528 quomodo
3017 470 3127 512 non
3161 455 3323 511 simul
3346 457 3657 512 veniaindi—

2077 555 2166 623 gni
2193 552 2493 618 videamur,
2528 548 2925 618 turpitudinem
2962 553 3179 603 mutare
3210 547 3384 603 lucro.
3428 545 3486 601 Si
3531 546 3655 616 quis

2078 656 2211 697 vero
2245 640 2678 696 commilitonum
2704 638 2866 708 hujus
2890 636 3045 710 urbis
3070 636 3227 692 donis
3263 651 3295 691 a
3329 648 3458 707 rege
3496 649 3654 692 acce-

2080 733 2211 805 ptis,
2243 733 2485 788 civitatis
2530 732 2808 789 decretum
2853 729 3070 787 solvere
3108 729 3522 801 aggrederetur,
3569 729 3655 784 vel

2078 828 2396 882 societatem
2418 825 2671 896 frangere
2698 826 2946 890 auderet,
2975 824 3221 895 nunquid
3248 824 3650 889 irasceremini,

2077 926 2134 972 et
2163 931 2378 987 pmnam
2425 932 2456 971 a
2483 916 2693 973 solvere
2719 916 3030 973 volentibus
3058 930 3178 986 qua:
3207 915 3534 971 decrevistis
3561 930 3655 970 su-

2079 1007 2338 1061 meretis‘l
2363 1006 2560 1078 361i)
2606 1006 2873 1075 Equidem
2915 1006 3139 1061 omnino
3173 1006 3373 1062 sentio.
3400 1006 3486 1060 An
3524 1020 3654 1061 vero

2081 1113 2205 1153 cum
2249 1098 2371 1154 aliis
2398 1109 2581 1155 vestra
2610 1099 2827 1155 decreta
2856 1099 3112 1169 frangere
3142 1112 3250 1153 non
3303 1098 3651 1167 permisistis,

2079 1189 2183 1243 hoc
2212 1203 2308 1245 vos
2351 1189 2550 1246 fecisse
2603 1191 2962 1247 videbiminil
2991 1189 3059 1245 Et
3101 1191 3155 1246 in
3187 1191 3388 1262 quibus
3413 1191 3524 1246 alio
3567 1190 3651 1245 fa-

2080 1281 2259 1336 ciente
2285 1281 2617 1352 supplicium
2657 1297 2764 1338 non
2801 1282 3152 1349 omitteretis,
3199 1282 3255 1337 in
3289 1283 3357 1338 iis
3381 1297 3478 1340 vos
3508 1282 3653 1339 ultro

2080 1371 2402 1442 delinquere
2437 1373 2879 1443 cognoscemini‘l
2921 1372 3095 1429 Porro
3139 1383 3321 1429 autem
3349 1376 3652 1430 cavendum

2081 1474 2185 1532 est,
2220 1480 2288 1521 ne
2314 1465 2522 1534 omnia,
2559 1475 2613 1521 et
2642 1480 2832 1522 revera
2855 1465 3024 1532 mala,
3056 1473 3110 1523 et
3138 1479 3260 1537 quae
3293 1467 3431 1522 mala
3458 1475 3655 1539 putan-

2083 1562 2171 1609 tur
2199 1570 2444 1625 agamus,
2477 1570 2543 1611 ea
2578 1566 2762 1611 autem
2796 1557 3043 1612 cavenda
3077 1565 3205 1612 sunt
3231 1557 3405 1627 magis
3426 1560 3494 1613 de
3528 1558 3651 1627 qui-

2081 1647 2184 1701 bus
2217 1646 2385 1701 alium
2418 1656 2578 1703 antea
2608 1646 2912 1703 accusavit.
2946 1645 3082 1701 Nam
3106 1647 3174 1703 de
3190 1648 3388 1718 quibus
3413 1649 3539 1719 quis
3566 1662 3655 1704 se-

2004 1726 2046 1780 Β
2078 1736 2183 1792 mel
2226 1745 2287 1792 ut
2319 1737 2476 1794 malis
2513 1747 2851 1809 conquestus
2894 1739 3067 1797 fuisse
3112 1741 3557 1811 deprehenditur,
3598 1750 3657 1798 et

2075 1827 2273 1884 iterum
2317 1832 2508 1886 eadem
2559 1829 2745 1886 facere
2784 1832 3154 1899 convincitur,
3186 1842 3242 1887 et
3275 1833 3549 1901 inimicus,
3598 1842 3655 1891 et

2074 1921 2374 1977 sceleratus
2400 1929 2485 1977 est
2517 1939 2533 1977 :
2558 1916 2862 1978 sceleratus
2886 1923 3106 1992 quidem
3130 1938 3194 1980 ea
3227 1924 3500 1991 faciendo,
3536 1942 3657 1998 quae

2075 2018 2255 2073 facere
2284 2032 2391 2073 non
2417 2019 2748 2088 oportebat:
2783 2018 3041 2075 inimicus
3083 2033 3232 2087 vero,
3275 2035 3399 2077 cum
3436 2022 3504 2078 iis
3532 2024 3671 2079 illos.

2073 2110 2364 2180 prohibere
2390 2110 2606 2177 nititur,
2636 2125 2779 2180 quae,
2803 2110 2935 2168 licet
2962 2112 3133 2168 verbo
3161 2114 3346 2170 odisse
3372 2125 3653 2186 appareat,

2072 2204 2328 2272 operibus
2349 2211 2527 2258 tamen
2558 2202 2785 2271 diligere
2818 2202 3085 2257 videatur.

2147 2294 2263 2356 Dic,
2294 2293 2337 2347 si
2370 2293 2524 2359 libet,
2557 2291 2927 2361 legislatnrum
2952 2294 3139 2360 verba,
3159 2308 3385 2350 numera
3437 2295 3653 2357 deinde.

2075 2385 2119 2439 si
2156 2384 2368 2453 cupias,
2414 2383 2657 2439 civitatis
2703 2383 2966 2453 tropluea.
2999 2382 3136 2438 Nam
3184 2387 3367 2439 omnia
3412 2387 3655 2444 civitatis

2076 2475 2317 2530 facinora
2360 2475 2498 2531 bene
2531 2483 2685 2544 gesta
2750 2475 3016 2530 militares
3059 2475 3208 2544 leges
3245 2475 3476 2544 appello.
3517 2477 3656 2544 Quid

2070 2566 2182 2637 jam
2207 2567 2461 2622 euntibus
2500 2567 2584 2621 liis
2628 2567 2881 2621 ell‘ectum
2914 2566 3037 2621 est?
3061 2581 3168 2623 non
3201 2568 3399 2637 pacisci
3445 2568 3658 2624 scilicet

2075 2677 2198 2718 cum
2230 2659 2507 2730 Barbarie,
2540 2670 2759 2731 gentem
2792 2660 3033 2714 alienam
3068 2662 3367 2725 exsecrari,
3400 2662 3658 2731 implaca-

2075 2754 2186 2808 bile
2212 2753 2411 2808 bellum
2445 2768 2566 2807 cum
2600 2752 2855 2808 hostibus
2891 2750 3217 2806 existimare
3248 2768 3262 2804 :
3294 2761 3349 2806 et
3377 2767 3512 2808 sane
3543 2767 3660 2808 me-

2075 2848 2205 2901 rito.
2233 2846 2383 2913 Quos
2414 2846 2563 2900 enim
2592 2843 2871 2898 naturales
2902 2842 3091 2898 hostes
3119 2843 3555 2913 arbitrabantur,
3590 2848 3661 2902 ab

2076 2940 2162 2995 his
2203 2939 2409 3009 aliquid
2452 2937 2766 2992 detrimenti
2812 2950 3031 3007 semper
3085 2945 3496 3005 exspectantes,
3541 2937 3661 3008 lege

387 3038 442 3126 τι
475 3023 643 3078 κακὸν
703 3025 1167 3098 προσδοκήσαντες
1224 3030 1376 3102 νόμῳ
1403 3032 1462 3085 τὸ
1496 3033 1571 3104 μὴ
1597 3034 1790 3089 παθεῖν
1840 3040 1973 3106 ἐφυ-

2081 3032 2469 3097 coliibueruut,
2518 3044 2585 3085 ne
2629 3028 2757 3099 quid
2805 3028 2929 3083 mali
2963 3034 3305 3099 paterentur,
3349 3029 3658 3083 maximum

388 3112 636 3181 λάξαντο,
670 3117 924 3187 μέγιστον
955 3115 1095 3175 εἶναι
1114 3122 1214 3193 τῆς
1243 3122 1453 3187 πόλεως
1473 3125 1845 3200 φυλακτήριον
1873 3130 1974 3201 τὴν

2083 3124 2234 3179 urbis
2260 3123 2574 3194 praesidium
2619 3136 2807 3177 eorum
2842 3120 3230 3176 inﬁdelitatem
3259 3122 3658 3179 existimantes.

389 3205 652 3261 ἀπιστίαν
710 3211 810 3280 τὴν
876 3211 1011 3280 πρὸς
1052 3213 1253 3277 αὐτοὺς
1313 3216 1675 3287 ἡγησάμενοι.
1737 3221 1976 3276 Εἰώθασι

390 3296 501 3369 γάρ
540 3299 589 3351 οί
639 3301 867 3371 πονηροὶ
921 3301 1032 3356 τῶν
1096 3304 1399 3376 ἀνθρώπων
1457 3310 1553 3362 καὶ
1592 3310 1728 3382 πρὸς
1785 3312 1975 3366 πλεον-

390 3390 541 3457 εξίαν
630 3391 701 3444 τά
782 3393 964 3448 πάντα
1071 3394 1364 3466 βλέποντες
1443 3398 1671 3455 πλείονα
1757 3403 1977 3473 κερδαί-

391 3500 504 3537 νειν
535 3484 626 3537 ἐπὶ
664 3485 848 3554 φιλίας
882 3490 1232 3561 προσχήματι
1260 3492 1369 3546 τῶν
1408 3492 1498 3546 ὅτε
1526 3494 1776 3566 φανερῶς
1827 3496 1978 3567 ὡμο-

390 3573 586 3643 λόγουν
623 3577 712 3631 τὸν
737 3579 993 3650 πόλεμον.
1020 3582 1363 3654 Ψηφίσματα
1402 3585 1510 3657 γὰρ
1546 3586 1843 3658 Ἀθηναίων
1867 3589 1979 3658 ἐγὼ

395 3669 547 3722 καλῶ
584 3670 650 3724 τὰ
678 3671 773 3725 τοῦ
835 3670 981 3727 θείου
1037 3674 1241 3728 Πυθίου
1301 3677 1680 3749 μαντεύματα.
1715 3680 1978 3751 Πολὲμιος

393 3762 423 3813 ὁ
453 3761 668 3835 Πέρσης
689 3764 750 3818 ού
781 3765 904 3819 καθ’
934 3765 1031 3818 ἕνα
1060 3768 1251 3839 καιρὸν
1287 3768 1407 3822 οὐδὲ
1441 3770 1654 3840 χρόνον,
1698 3773 1817 3826 οὐδὲ
1847 3777 1979 3845 παρ’

396 3855 570 3927 αὐτὴν
607 3856 774 3929 μόνην
832 3859 931 3930 τὴν
963 3859 1060 3913 τοῦ
1108 3860 1345 3932 πολέμου
1389 3863 1718 3935 καταϐολὴν,
1751 3864 1866 3919 ἀλλ’
1901 3867 1981 3931 εἰς

399 3947 578 4001 πάντα
605 3947 697 4001 τὸν
726 3948 841 4019 βίον
865 3949 964 4021 τῆς
999 3949 1227 4015 πόλεως.
1252 3950 1325 4004 Οὐ
1362 3952 1472 4024 γὰρ
1503 3953 1783 4017 Πλαταιάς
1816 3957 1984 4026 μόνας

400 4038 734 4110 κατέσκαψε,
770 4043 863 4094 καὶ
894 4040 1066 4112 δῆμον
1097 4043 1177 4105 είς
1207 4043 1333 4106 τοὺς
1366 4044 1508 4116 ὑπὲρ
1545 4045 1645 4116 τῆς
1671 4044 1983 4118 ἐλευθερίας

400 4131 670 4203 πολέμους
726 4132 1056 4206 αὐτόκλητον
1106 4133 1366 4205 ἐποίησεν
1429 4135 1642 4190 ἄπολιν.
1681 4137 1757 4191 Οὐ
1801 4139 1911 4208 γάρ
1948 4139 1984 4193 ἃ

401 4225 638 4279 πέπονθε
699 4224 971 4296 βασιλεὺς,
1032 4227 1207 4281 ταῦτα
1255 4226 1726 4299 διαλογιζομένους
1777 4231 1985 4287 ἐκεῖνον

400 4318 765 4373 ἀπαλλάττειν
798 4321 895 4391 τῆς
929 4320 1189 4391 μέμψεως
1221 4320 1304 4374 δεῖ
1321 4320 1388 4387 ⁸⁸,
1423 4319 1540 4373 ἀλλ’
1575 4321 1719 4394 ἅπερ
1749 4322 1816 4377 ἂν
1847 4340 1985 4395 κρα-

2081 3216 2268 3271 Solent
2307 3216 2451 3271 enim
2476 3214 2730 3271 scelerati
2758 3214 3035 3280 homines,
3067 3223 3123 3269 et
3152 3213 3308 3270 lucro
3343 3214 3510 3270 dediti
3538 3230 3663 3287 spe-

2080 3310 2166 3363 cie
2204 3307 2464 3362 amicitiae
2497 3306 2700 3362 lucrari
2727 3306 2904 3376 plura,
2936 3320 3099 3376 quam
3141 3312 3270 3360 tunc
3308 3320 3432 3361 cum
3476 3316 3661 3377 aperte

2080 3400 2278 3455 bellum
2330 3398 2678 3454 denuntiant.
2727 3396 3149 3453 Atheniensium
3201 3405 3409 3452 statuta
3465 3397 3660 3470 Pythia

2079 3491 2297 3548 oracula
2345 3505 2620 3562 nuncupo.
2654 3491 2822 3545 Persa
2856 3503 2961 3545 non
2995 3504 3103 3545 uno
3153 3498 3400 3559 tempore
3430 3498 3523 3544 aut
3555 3503 3663 3545 uno
3702 3518 3707 3523 ι

2082 3591 2379 3651 momento,
2430 3598 2604 3653 neque
2655 3583 2758 3638 hoc
2797 3581 2960 3638 modo
3010 3580 3137 3637 belli
3186 3591 3434 3653 tempore
3478 3584 3652 3637 hostis

2082 3687 2289 3746 noster,
2330 3677 2426 3734 sed
2464 3676 2612 3732 omni
2652 3676 2804 3731 urbis
2837 3683 3039 3730 nostra:
3084 3674 3221 3739 vita,
3270 3689 3377 3729 non
3434 3674 3662 3730 Plataeas

2082 3771 2241 3826 modo
2269 3769 2456 3834 diruit,
2472 3776 2526 3823 et
2550 3767 2814 3840 populum
2848 3765 2992 3822 ultro
3021 3766 3087 3821 ad
3116 3764 3314 3821 bellum
3348 3779 3448 3836 pro
3494 3765 3662 3821 liber-

2085 3873 2196 3919 tate
2224 3872 2539 3933 susceptum
2567 3859 2979 3917 exterminavit.
3016 3858 3134 3914 Non
3159 3859 3304 3915 enim
3334 3859 3449 3914 haec
3479 3859 3663 3913 animo

2082 3956 2385 4021 volventes,
2437 3969 2559 4024 quae
2587 3967 2681 4009 rex
2728 3952 2961 4007 adversa
2991 3951 3205 4017 habuit,
3238 3948 3390 4004 illum
3431 3950 3664 4007 crimine

2085 4048 2319 4104 liberare
2342 4047 2622 4111 debemus,
2648 4042 2742 4099 sed
2768 4058 2832 4100 ea
2860 4051 3194 4111 reputantes,
3219 4056 3341 4112 quae
3370 4041 3546 4097 victor
3580 4039 3663 4096 fe-

2085 4142 2250 4197 cisset
2272 4139 2518 4195 eamdem
2554 4137 2635 4193 illi
2680 4150 2897 4208 pmnam
2931 4135 3178 4206 irrogare
3204 4143 3442 4205 oportet.
3475 4133 3664 4204 Neque

2080 4232 2286 4302 justum
2312 4240 2395 4287 est
2419 4230 2610 4285 eadem
2656 4242 2756 4285 nos
2786 4229 3022 4282 victores
3045 4226 3284 4296 perpeti,
3313 4240 3435 4296 qua:
3461 4226 3529 4279 ab
3561 4226 3660 4279 iis-

2087 4322 2210 4378 dem
2250 4323 2381 4378 victi
2426 4321 2804 4378 subiissemus.
2843 4319 2946 4375 Hic
2979 4333 3110 4375 vero
3135 4318 3317 4372 statim
3366 4326 3660 4387 antequam

399 4412 570 4481 τήσας
601 4410 847 4484 ἔδρασεν,
879 4412 936 4465 ὲν
959 4411 1035 4483 νῷ
1064 4410 1355 4477 λαϐόντας,
1385 4412 1572 4466 πᾶσαν
1596 4412 1729 4477 ίσως
1757 4413 1805 4446 ⁸³
1830 4416 1976 4486 νομί-

2089 4418 2274 4473 hostes
2311 4414 2648 4479 inducerent,
2689 4427 2720 4466 a
2744 4413 2945 4482 quibus
2972 4409 3335 4467 circumventi
3365 4417 3545 4472 erant,
3583 4409 3663 4462 ir-

402 4501 513 4568 ζειν
541 4502 694 4574 δίκην
743 4504 840 4575 τῆς
899 4502 1053 4567 ἀξίας
1106 4501 1448 4573 κομίζεσθαι.
1502 4502 1637 4557 Οὐδὲ
1675 4503 1885 4560 δίκαιον
1914 4507 1982 4562 τά

404 4596 543 4650 αὐτὰ
574 4595 649 4668 μὴ
681 4597 876 4667 δρᾶσαι
914 4597 1318 4667 κρατήσαντας,
1351 4594 1496 4666 άπερ
1524 4595 1850 4669 ἡττηθέντες
1878 4597 1983 4652 ύπδ

399 4686 511 4740 τῶν
563 4687 980 4758 κεκρατηκότων
1032 4686 1099 4742 ἂν
1164 4688 1460 4759 ἐπάθομεν.
1529 4687 1587 4741 '0
1651 4689 1781 4760 γάρ,
1843 4691 1975 4760 πρὶν

402 4782 714 4851 ἀνενεγκεῖν
765 4778 921 4845 αὖθις
953 4781 1078 4845 τοὺς
1108 4780 1387 4844 ἐναντίους
1421 4781 1516 4849 ἀφ’
1544 4773 1619 4834 ὧν
1641 4781 1978 4853 ἐσφάλησαν,

402 4874 633 4940 ἐπεξιὼν
692 4875 788 4930 καὶ
848 4873 1259 4946 τιμωρούμενος
1315 4872 1436 4927 οὐδὲ
1500 4873 1727 4938 ἐκείνοις
1766 4875 1985 4946 ,καιρὸν

402 4965 500 5019 ἐπὶ
519 4966 565 4999 ⁸⁸
590 4967 688 5037 τῆς
729 4964 945 5038 ἀμύνης
982 4965 1245 5028 ἐνδίδωσι,
1284 4964 1378 5019 καὶ
1407 4966 1587 5018 πᾶσαν
1618 4965 1797 5036 ἑαυτῷ
1844 4980 1985 5038 προ-

406 5057 551 5124 ξενεῖ
601 5057 696 5112 τοῦ
748 5059 879 5129 μήτι
911 5055 1105 5111 παθεῖν
1153 5057 1475 5126 ἀσφάλειαν,
1506 5052 1588 5123 οἷς
1622 5057 1766 5113 κατά
1800 5060 1991 5131 καιρὸν

404 5148 665 5217 ἐπέξεισι,
697 5149 905 5215 τούτοις
930 5149 1287 5221 περιγράφων
1311 5147 1531 5205 ἃπασαν
1562 5150 1663 5224 τὴν
1692 5151 1750 5204 ὲν
1781 5151 1992 5224 ὑστέρῳ

406 5242 561 5313 παρά
587 5243 699 5297 τῶν
738 5240 1115 5297 πεπονθόντων
1145 5242 1409 5298 ἐπίδοσιν.
1438 5243 1548 5298 Καί
1580 5261 1736 5313 (pater
1767 5246 1986 5317 Δωρεὰς

404 5335 484 5408 τῷ
508 5337 667 5410 δήμῳ
723 5336 973 5409 βασιλεὺς
1032 5337 1311 5410 πέπομφε.
1366 5337 1640 5410 Κυρσίλον
1689 5356 1779 5410 μοι
1806 5339 1985 5409 λέγεις

2089 4521 2364 4576 rumpens,
2407 4514 2464 4559 et
2504 4504 2797 4559 vindiCtam
2821 4503 3083 4572 exigens,
3111 4514 3287 4570 neque
3318 4511 3531 4569 tempus
3563 4499 3664 4555 de-

2088 4596 2344 4653 fendendi
2370 4596 2454 4651 sui
2477 4595 2675 4667 362a
2704 4594 2814 4650 illis
2854 4591 3023 4657 dedit,
3053 4599 3106 4647 et
3136 4606 3385 4662 magnam
3431 4591 3556 4658 sibi,
3595 4607 3665 4647 ne

2087 4685 2215 4756 quid
2243 4694 2541 4753 pateretur,
2572 4683 2927 4738 securitatem
2950 4681 3150 4746 attulit,
3175 4690 3231 4736 et
3255 4681 3455 4751 quibus
3494 4681 3666 4738 semel

2087 4776 2302 4845 irrupit,
2342 4776 2425 4830 his
2459 4776 2512 4829 in
2551 4783 2828 4846 posterum
2867 4789 2898 4829 a
2939 4773 3098 4829 victis
3127 4787 3345 4829 omnem
3394 4775 3666 4830 accessio-

2086 4883 2213 4926 nem
2239 4867 2694 4941 circumscripsit.
2729 4865 2900 4932 Dona,
2948 4865 3225 4936 inquiunt,
3279 4865 3476 4935 popqu
3517 4865 3667 4921 misit

2089 4977 2204 5018 rex.
2236 4959 2434 5031 Cyrsili
2477 4958 2608 5013 mihi
2643 4959 2807 5011 verba
2856 4956 3016 5023 dicis,
3065 4964 3121 5011 et
3157 4956 3287 5011 mali
3324 4956 3499 5011 nuntii
3534 4970 3664 5011 suc-

2083 5067 2349 5110 cessores.
2381 5050 2449 5105 Et
2476 5051 2591 5106 haec
2622 5063 2786 5104 ausus
2811 5062 2874 5103 es
2897 5048 3128 5103 Athenis
3153 5047 3353 5113 dicere,
3383 5047 3474 5102 ubi
3495 5054 3552 5102 et
3578 5045 3664 5100 al-

2084 5156 2260 5203 terum
2313 5145 2365 5198 id
2412 5141 2566 5213 prius
2599 5140 2878 5197 dicentem
2929 5140 3303 5211 sepelivimus.
3352 5139 3487 5194 Cum
3535 5152 3664 5193 vero

2093 5240 2408 5310 ignoremus
2445 5248 2553 5305 quo
2593 5234 2753 5289 modo
2787 5232 3000 5289 navalis
3038 5248 3219 5304 pugna
3245 5231 3538 5303 iudicanda
3569 5231 3660 5295 sit,

2092 5350 2199 5392 non
2225 5346 2359 5388 sane
2379 5314 2666 5385 honestum
2695 5336 2800 5395 est,
2824 5330 2893 5384 ob
2930 5341 3053 5398 qua
3080 5325 3260 5383 studia
3287 5323 3490 5381 laudati
3513 5322 3665 5377 vide-

1684 5469 1919 5527 VARIIE
1960 5468 2375 5532 LECTIONES.

477 5557 861 5637 ’ξοῖμαιῖἰιηο
886 5558 1024 5622 οἶδα.
1080 5563 1148 5637 7⁵
1173 5563 1238 5620 ἂν
1267 5563 1634 5637 ἠνέσχεσθεΑ
1683 5563 2016 5637 δ’ἀνείχεσθε
2056 5584 2117 5631 ς,
2192 5562 2259 5637 ,⁷⁷
2320 5562 2481 5637 ὁμοῦ.
2556 5559 2608 5637 ⁷¹ξ
2644 5557 3251 5637 φιλαπεχθήμωνῄοιξξ,
3307 5557 3391 5637 Ᾱο,
3446 5621 3457 5637 ,

1400 5585 1559 5638 χεσυε
1588 5585 1634 5619 A
1683 5585 1700 5615 τ
1737 5585 2016 5635 ανειχεσυε
2056 5585 2117 5631 ς,
2219 5585 2255 5597 ’⁸
2320 5585 2481 5635 ομου.
2644 5585 3077 5629 φιιιαπξχυημων
3127 5585 3238 5609 um.
3307 5585 3372 5606 η.
3446 5621 3457 5637 .
3558 5585 3661 5620 vva.

1415 5653 1524 5694 om.
1557 5635 1623 5689 Α.
1720 5633 1768 5668 ⁸³
1798 5634 1878 5689 δεῖ
1902 5636 2032 5692 ABG
2078 5652 2088 5685 τ
2115 5634 2221 5708 χρὴ
2247 5652 2305 5699 ς.
2387 5636 2432 5668 ⁸³
2458 5630 2797 5704 icw;]mulim
2825 5629 2995 5700 ἥττω.
3070 5624 3118 5660 ⁸⁵
3142 5624 3264 5678 οὐδὲ
3287 5651 3353 5663 -—
3376 5618 3490 5693 ἐπι]
3547 5634 3667 5675 rcc-

408 5632 467 5706 ὃς
500 5633 560 5688 Β.
610 5632 999 5706 ’ἔθ’τρόπαια.
1073 5632 1358 5706 ⁸¹πόλεως
1400 5632 1524 5694 ’ὸιιι.
1557 5635 1623 5689 Α.

414 5705 521 5760 tius
552 5704 837 5778 scripseris
861 5704 985 5761 οὔτε
1014 5737 1078 5748 -
1112 5705 1213 5770 εει.

2216 5562 2259 5597 ⁷⁷
2320 5562 2481 5635 ὁμοῦ.
2556 5559 2608 5635 ⁷¹ξ
2644 5557 3251 5635 φιλαπεχθήμωνώοῳζ.
3307 5551 3391 5635 Α..
3446 5551 3526 5635 ﬁ"
3557 5548 3661 5635 ὅτι]
3692 5546 3705 5561 ⁵
