3990 6232
361 241 500 310 1335

1480 242 1745 305 PHOTII
1773 240 2285 304 PATRIARCHIE
2317 243 2429 305 (ΖΡ.

3460 246 3598 313 1336

354 372 501 423 mur,
530 362 589 412 et
629 353 686 411 in
714 351 913 423 quibus
944 350 1056 408 nati
1083 365 1291 417 sumus,
1315 348 1427 421 jam
1463 365 1527 405 ea
1550 351 1658 405 hoc
1682 349 1907 404 consilio

2020 346 2261 416 ῥήματα,
2318 348 2415 402 καὶ
2449 348 2692 419 πονηρᾶς
2720 342 2775 402 εἴ
2798 348 3141 423 δημηγορίας
3182 350 3457 424 νδιάδοχος,
3504 356 3600 408 καὶ

352 448 695 506 oblitterare.
729 444 863 501 Nam
882 442 1079 514 quibus
1115 443 1273 498 initio
1306 443 1504 513 exigua
1535 441 1756 497 virtutis
1785 454 1914 496 cura

353 548 470 606 est,
521 553 627 594 non
671 551 867 607 magna
902 536 989 592 bis
1020 536 1375 607 pereuntibus
1403 536 1622 607 jactura
1660 534 1722 588 fit
1749 549 1764 587 :
1792 535 1918 602 qui-

355 632 456 687 bus
481 644 611 686 vero
643 629 859 684 virtutis
890 635 1040 683 tanta
1079 642 1144 683 ac
1170 628 1299 683 talia
1325 636 1532 683 statuta
1580 637 1708 683 sunt
1735 641 1920 682 exem-

354 725 462 794 pla,
483 726 529 779 si
555 723 789 791 priorem
812 721 1039 792 gloriam
1066 721 1464 792 posterioribus
1494 721 1800 777 actionibus
1826 733 1917 775 re-

353 815 606 886 pudiasse
638 823 954 882 arguantur.
1001 812 1207 868 Omnes
1231 813 1376 867 enim
1416 812 1549 867 mihi
1579 810 1747 867 Xerxi
1793 825 1922 881 pro-

353 903 669 976 pinquiores
702 903 773 958 ob
807 916 1031 957 munera
1051 911 1109 956 et
1132 902 1421 958 beneficia.
1454 902 1640 972 Atque
1671 903 1839 958 etiam
1868 903 1916 957 si

352 997 522 1070 gratis
554 997 755 1052 donum
774 995 1037 1062 dedisset,
1064 1000 1212 1050 esset
1241 994 1469 1050 forsitan
1495 992 1642 1063 justa
1664 993 1910 1063 quaedam

351 1101 516 1143 causa
570 1086 638 1141 iis
680 1085 772 1155 qni
814 1084 930 1154 regi
978 1083 1418 1154 patrocinautur,
1463 1096 1773 1152 quanquam
1810 1082 1913 1137 hoc

352 1190 526 1246 neque
569 1174 990 1234 Atheniensibus
1022 1172 1242 1242 dignum
1281 1173 1373 1228 sit.
1422 1170 1481 1227 Si
1514 1170 1913 1229 remuneratio-

352 1279 474 1322 nem
492 1266 560 1321 ab
594 1265 728 1320 urbe
758 1271 929 1332 petat,
963 1259 1313 1318 manifestum
1360 1275 1491 1317 sane
1519 1271 1604 1316 est
1639 1259 1776 1315 nihil
1805 1259 1913 1315 uti-

350 1373 457 1429 que
478 1357 651 1429 gratis
675 1355 909 1421 dedisse,
939 1353 1156 1423 quando
1184 1367 1283 1423 pro
1308 1352 1374 1408 iis
1404 1351 1626 1422 rependi
1655 1351 1759 1408 sibi
1787 1366 1916 1405 mu-

349 1457 500 1505 tuum
534 1448 742 1519 cupiat.
770 1447 829 1503 Si
860 1460 988 1503 vero
1015 1446 1084 1502 ab
1103 1461 1169 1503 eo
1196 1444 1522 1516 simpliciter
1542 1444 1780 1499 donante
1803 1458 1907 1499 non

349 1547 434 1597 est
459 1554 674 1611 aequum
706 1537 976 1608 accipere,
999 1547 1202 1608 quanto
1230 1538 1407 1593 minus
1431 1552 1528 1608 par
1563 1546 1665 1603 est,
1691 1539 1916 1609 quando

348 1645 455 1688 non
499 1629 734 1701 gratuito
769 1628 955 1695 donat,
1000 1629 1095 1684 sed
1137 1629 1594 1685 remunerationis
1642 1628 1912 1699 ejusmodi

2019 438 2192 493 ταῦτα
2241 438 2419 508 λέγειν
2438 440 2498 493 ἐν
2537 439 2787 512 Ἀθήναις
2817 442 3263 515 ἐπικεχείρηκας,
3298 445 3384 513 ἐφ’
3405 440 3489 509 οἷς
3517 449 3599 517 τῷ

2021 530 2337 603 προειπόντι
2389 533 2558 600 τάφον
2603 532 2941 604 ἐποιήσαμεν
2987 534 3080 589 τὸν
3125 536 3290 590 τόπον
3312 536 3398 605 ἐφ’
3426 529 3600 609 οὗπερ

2019 622 2259 693 εἱστήκει
2286 621 2678 694 φθεγγόμενος.
2694 624 2920 692 Ἀδήλου
2946 625 3002 679 δὲ
3023 626 3177 690 ὄντος
3202 627 3326 682 τίνα
3341 628 3546 699 τρόπον
3562 629 3597 698 ἡ

2020 714 2295 784 ναυμαχία
2311 714 2647 785 κριθήσεται,
2676 714 2737 767 ού
2758 715 2820 787 δὴ
2836 714 3017 781 καλὸν,
3038 716 3129 785 ἀφ’
3149 710 3226 770 ὧν
3245 717 3600 789 εὐδοκιμοῦν-

2019 823 2112 869 τες
2141 806 2443 876 φαινόμεθα
2464 808 2558 860 καὶ
2585 806 2704 877 μεθ’
2731 800 2806 861 ὧν
2829 807 3274 878 ἐπιτηδευμάτων
3286 809 3602 877 διαγεγὸνα-

2023 913 2145 967 μεν,
2175 897 2353 968 ἄκυρα
2415 900 2590 952 ποιεῖν
2630 897 2724 952 ἐπὶ
2747 899 2842 951 τοῦ
2901 899 3168 970 παρόντος
3223 898 3597 968 βουλεύεσθαι.

2021 985 2118 1055 οἷς
2145 990 2242 1060 μὲν
2269 989 2377 1060 γὰρ
2412 990 2470 1056 ἐξ
2495 991 2670 1061 ἀρχῆς
2709 990 2890 1059 ὀλίγος
2942 992 3041 1062 τῆς
3072 993 3274 1064 ἀρετῆς
3307 994 3396 1046 6⁸³
3416 993 3596 1063 λόγος.

2020 1082 2080 1136 ού
2110 1081 2280 1151 μέγας
2294 1081 2504 1145 τούτοις
2523 1081 2645 1135 οὐδὲ
2666 1082 2938 1152 σφαλεῖσιν
2959 1083 2988 1136 ὁ
3008 1083 3269 1148 κίνδυνος⁸
3296 1078 3379 1149 οἷς
3402 1084 3459 1139 δὲ
3475 1102 3601 1138 τοσ-

2020 1172 2161 1228 αὖτα
2179 1174 2273 1228 καὶ
2299 1173 2600 1246 τηλικαῦτα
2626 1174 3045 1247 παραδείγματα
3077 1174 3178 1247 τῆς
3213 1177 3415 1248 ἀρετῆς
3436 1177 3601 1250 ἐστη-

2019 1282 2106 1331 κε,
2137 1265 2221 1329 τίς
2253 1264 2550 1338 συγγνώμη
2582 1266 2735 1338 παρὰ
2787 1269 2902 1331 τοῖς
2929 1264 3149 1333 ἔξωθεν,
3184 1266 3243 1320 ἐν
3273 1269 3386 1331 τοῖς
3411 1266 3600 1322 τελευ-

2019 1355 2196 1420 ταίοις
2227 1354 2585 1426 ἀφανίζοντες
2615 1356 2713 1429 τὴν
2735 1356 3046 1429 ἔμπροσθεν
3067 1356 3225 1425 δόξαν
3243 1360 3547 1433 ἐλέγχοιντο
3577 1379 3594 1428 ;

2021 1448 2178 1520 [1101
2213 1446 2308 1521 R.]
2369 1449 2483 1512 Πᾶς
2539 1448 2645 1520 γὰρ
2694 1451 2820 1519 ἐμοὶ
2855 1449 3057 1522 Ξέρξου
3109 1452 3246 1523 πρὸς
3266 1452 3474 1525 δωρεὰν
3500 1452 3597 1507 καὶ

2020 1538 2180 1610 χάριν
2199 1537 2511 1611 ἐγγύτερος.
2550 1539 2674 1592 Ἔτι
2704 1539 2905 1606 τοίνυν,
2935 1541 2986 1594 εί
3005 1542 3104 1612 μὲν
3133 1545 3335 1614 προῖκα
3365 1545 3596 1615 παρεῖχε

2020 1631 2118 1702 τὴν
2162 1631 2371 1703 δωρεάν
2391 1631 2460 1698 ⁸⁸,
2493 1625 2563 1702 ἧν
2590 1630 2656 1686 ἄν
2675 1648 2760 1696 τις
2822 1631 2979 1701 λόγος
3034 1632 3165 1697 ίσως
3214 1636 3327 1697 τοῖς
3380 1632 3597 1705 βασιλεῖ

347 1691 541 1792 gratia",
568 1735 675 1790 qua
712 1720 845 1776 satis
869 1691 1121 1786 testatur,
1148 1734 1305 1775 suum
1334 1719 1470 1775 velle
1503 1691 1719 1790 pensari
1749 1720 1907 1777 bene-

2020 1691 2261 1798 [5'89H.':|
2306 1691 2808 1797 συναγοριιύουσιϋθ⁷
2841 1741 2856 1757 ο
2894 1691 3078 1779 καίτοι
3133 1691 3196 1795 γε
3246 1691 3393 1780 οὐδὲ.
3433 1725 3597 1780 τοῦτο

347 1816 551 1875 ﬁcium.
589 1814 833 1887 Agedum
866 1814 1132 1886 promissa
1175 1814 1290 1871 haec
1328 1815 1632 1871 videamus.
1678 1816 1781 1883 Ea,
1827 1817 1914 1872 in-

345 1908 482 1979 quit,
533 1921 815 1977 reponam,
840 1921 958 1976 quae
1010 1906 1149 1962 bello
1203 1908 1397 1978 dejeci.
1441 1907 1719 1964 Hunccine
1776 1910 1908 1964 mihi

344 1998 582 2056 bellandi
626 2006 947 2070 praetextum
979 1998 1138 2063 dicis,
1187 2009 1244 2055 et
1299 2014 1491 2071 pugnae
1530 2000 1717 2070 potius
1751 2017 1911 2073 quam

343 2090 569 2148 fmderis
595 2099 856 2147 tesseram
883 2091 1111 2160 profers,
1142 2105 1241 2146 nec
1271 2092 1429 2148 vides
1460 2092 1531 2149 iis
1555 2093 1758 2160 verbis,
1794 2096 1916 2164 qui-

343 2183 445 2238 bus
486 2180 603 2252 regi
655 2180 844 2237 urbem
890 2180 1185 2239 conciliare
1229 2182 1441 2247 niteris,
1479 2184 1584 2238 nos'
1611 2184 1678 2239 ad
1714 2183 1911 2239 bellum

344 2275 515 2344 magis
552 2274 820 2330 excitari?
851 2272 897 2330 Ο
933 2289 1096 2344 quam
1123 2274 1341 2330 diversa
1381 2284 1509 2330 sunt
1542 2276 1659 2330 haec
1707 2275 1907 2330 verba!

339 2365 676 2423 Perditorem
715 2369 962 2423 eumdem
988 2381 1152 2423 vocas
1191 2375 1248 2423 et
1290 2369 1552 2431 amicum.
1598 2367 1913 2424 interfecto-

339 2471 455 2515 rem
483 2469 540 2514 et
564 2458 796 2524 socium;
825 2458 1073 2514 eamdem
1106 2457 1240 2528 legis
1265 2458 1548 2528 epistolam
1593 2458 1804 2528 plenam
1838 2458 1914 2513 in-

335 2548 498 2619 juriis
539 2558 594 2604 et
642 2547 798 2604 donis
827 2588 844 2615 ,
884 2547 1221 2617 permiscens
1270 2562 1419 2603 mere
1458 2548 1598 2602 mala
1643 2558 1700 2604 ct
1747 2548 1908 2614 dona,

338 2639 635 2702 beneﬁcia,
683 2648 741 2695 et
794 2640 1025 2707 damna,
1067 2638 1360 2707 Barbaros,
1404 2648 1460 2696 et
1512 2639 1751 2696 Graecos.
1799 2640 1912 2696 Hoc

338 2734 523 2793 studes
538 2733 691 2790 urbis
721 2732 1061 2789 commodum
1092 2732 1264 2789 videri
1295 2747 1562 2803 quarere,
1594 2734 1689 2791 sed
1729 2734 1911 2790 verius

338 2829 492 2895 illud,
522 2843 644 2883 cum
672 2826 825 2883 urbis
845 2834 1044 2882 nostra:
1070 2826 1283 2882 ruinam
1304 2827 1420 2896 regi
1441 2826 1663 2882 honoris
1693 2826 1908 2881 initium

339 2917 530 2976 facias.
549 2917 689 2985 Quid
709 2930 841 2986 ergo
857 2915 924 2971 ad
949 2915 1197 2970 triremes
1228 2929 1332 2971 non
1365 2915 1635 2993 vadimus,
1662 2916 1756 2971 sed
1785 2930 1909 2971 sus-

2015 1817 2125 1872 τῶν
2155 1817 2453 1890 ’Δθηναίων
2481 1818 2650 1884 ἄξιον.
2680 1818 2742 1873 Ei
2760 1818 2804 1872 δ’
2831 1819 3080 1874 άνταιτεῖ
3104 1820 3264 1891 χάριν
3315 1818 3468 1892 παρά
3492 1819 3596 1892 τῆς

2016 1909 2244 1974 πόλεως,
2295 1908 2515 1979 εὔδηλον
2560 1908 2830 1981 δήπουθεν
2850 1908 2927 1973 ὡς
2945 1904 3029 1974 οἷς
3073 1910 3208 1980 παρ’
3258 1910 3416 1981 ἡμῶν
3468 1909 3592 1964 ἀντ’

2014 2001 2240 2055 ἐκείνων
2263 2002 2447 2071 τυχεῖν
2486 2001 2806 2066 ἐσπούδασε,
2832 2005 3043 2066 τούτοις
3064 2001 3398 2058 ἐπιδείκνυσι
3423 2004 3594 2075 μηδὲν

2015 2093 2178 2156 αὐτὸς
2209 2082 2584 2164 χαριζόμενος.
2625 2094 2688 2147 El.
2712 2093 2770 2147 δὲ
2796 2094 2982 2157 ἁπλῶς
3001 2094 3237 2158 διδόντος
3262 2094 3450 2148 λαϐεῖν
3488 2095 3593 2148 οὐκ

2014 2185 2256 2254 εὔλογον,
2286 2185 2404 2248 πῶς
2430 2185 2493 2239 ού
2529 2184 2713 2251 πλέον,
2735 2185 2826 2239 ὅτε
2860 2185 2996 2255 μηδὲ
3023 2188 3225 2256 προῖκα
3251 2185 3349 2257 τὴν
3379 2185 3592 2256 δωρεὰν

2013 2276 2128 2331 ἀλλ’
2164 2277 2250 2331 ἐπ’
2280 2276 2544 2331 ἀντιδόσει
2568 2277 2825 2351 τοσαύτῃ,
2921 2276 3017 2331 καὶ
3045 2277 3207 2341 αὐτὸς
3245 2277 3403 2343 δῆλός
3434 2280 3591 2333 ἐστιν

2012 2366 2051 2422 ἃ.
2075 2367 2289 2422 δίδωσιν
2347 2365 2623 2438 ὁμολογῶν
2664 2366 3125 2435 ἀνταλλάξασθαι;
3179 2367 3317 2440 Φέρε
3362 2367 3426 2439 δὴ
3491 2368 3591 2423 καὶ

2014 2459 2183 2522 αὐτὰς
2212 2458 2311 2521 τάς
2343 2459 2664 2529 ὑποσχέσεις
2689 2458 3038 2529 σκεψώμεθα.
3078 2459 3588 2530 Ἀντικαταστὴσω,

2015 2550 2200 2622 φησὶν,
2260 2544 2340 2614 οἷς
2375 2548 2733 2620 ἐλυμηνάμην
2790 2550 2933 2604 κατὰ
2999 2551 3090 2604 τὸν
3117 2550 3376 2621 πόλεμον.
3402 2552 3592 2622 Αύτήν

2016 2659 2105 2713 μοι
2163 2640 2341 2709 λέγεις
2395 2637 2490 2692 τοῦ
2518 2638 2754 2709 πολέμου
2785 2638 2882 2711 τὴν
2924 2639 3218 2711 πρόφασιν,
3264 2638 3360 2694 καὶ
3400 2639 3588 2710 μάχης

2015 2734 2214 2806 μᾶλλον
2242 2733 2276 2804 ἢ
2306 2731 2599 2801 διαλλαγῆς
2630 2731 2785 2801 μοι⁸⁸
2808 2731 3204 2799 ἀναγινώσκεις
3234 2730 3586 2803 συνθήματα,

2011 2825 2109 2880 καὶ⁵
2137 2824 2418 2888 λανθάνεις
2443 2817 2523 2887 οἷς
2550 2822 2827 2887 διαλλάξαι
2856 2821 3064 2893 βασιλεῖ
3084 2822 3179 2894 τὴν
3208 2823 3361 2876 πόλιν
3381 2820 3587 2876 ἐσπούο

2010 2918 2199 2982 δακας,
2231 2916 2438 2981 τούτοις
2467 2916 2614 2987 ἡμᾶς
2647 2916 2875 2987 ἐγείρων
2908 2914 3067 2968 πλέον
3080 2914 3172 2968 ἐπὶ
3200 2915 3292 2968 τὸν
3322 2914 3587 2984 πόλεμον.

263 3002 269 3009 ’
338 3012 576 3069 tinemus
645 3022 828 3078 regem
875 3007 1064 3078 patriae
1093 3006 1308 3063 ruinam
1337 3005 1653 3063 alierentem
1673 3005 1697 3060 τ
1717 3007 1824 3063 Sed
1848 3016 1902 3062 et

2011 3011 2074 3063 Ὠ
2109 3009 2218 3062 τῶν
2263 3006 2533 3078 ἀνομοίων
2577 3006 2858 3079 ῥημάτωνί
2887 3005 3144 3077 λυμεῶνά
3173 3022 3268 3076 μοι
3289 3004 3379 3059 τὸν
3417 3004 3587 3058 αὐτὸν

336 3099 618 3159 historiam
644 3107 882 3154 nostram
910 3096 1122 3152 curiose
1147 3094 1354 3152 Xerxes
1380 3096 1648 3166 quaesivit,
1671 3096 1826 3168 quasi
1851 3107 1907 3151 et

2011 3099 2437 3178 προσαγορεύεις
2485 3097 2580 3152 καὶ
2623 3097 2797 3167 φίλον,
2833 3096 3145 3166 αὐτόχειρα
3185 3095 3281 3150 καὶ
3306 3095 3467 3149 πάλιν
3493 3093 3586 3147 ἔνο

337 3206 461 3248 cum
499 3189 651 3247 urbis
705 3187 990 3258 praeconiis
1033 3185 1234 3242 bellum
1276 3195 1650 3257 suscepturus.
1707 3187 1902 3259 362b

337 3284 517 3351 Quare
540 3283 588 3338 si
629 3281 699 3337 ab
734 3280 904 3336 altero
933 3279 1210 3350 injuriam,
1253 3280 1321 3334 ab
1366 3279 1540 3336 altero
1580 3282 1901 3337 beneficium

337 3373 667 3444 accepimus,
703 3370 858 3427 illum
893 3371 1109 3441 quidem
1144 3379 1204 3426 ut
1232 3370 1439 3426 hostem
1479 3380 1737 3439 tractare,
1756 3373 1898 3427 hunc

339 3478 469 3521 vero
497 3472 556 3519 ut
601 3462 923 3520 beneficium
971 3463 1310 3517 remunerari
1360 3463 1619 3532 oportuit.
1663 3462 1818 3531 Quod
1857 3466 1902 3520 si

336 3565 626 3625 utrumque
665 3554 807 3610 idem
854 3553 1129 3624 praestitit,
1167 3563 1347 3609 utrum
1377 3554 1537 3610 decet
1578 3555 1900 3612 beneﬁcium

335 3646 615 3702 attenderc
636 3660 733 3715 pro
767 3645 835 3700 iis
869 3659 990 3714 quia:
1018 3644 1303 3714 promittit,
1349 3645 1431 3701 vel
1463 3646 1704 3717 exigere,
1741 3646 1901 3717 cujus

335 3747 623 3794 accusatur
679 3734 1231 3804 iniuriteiQuaenam
1278 3744 1434 3802 sunt,
1481 3753 1603 3809 qua:
1640 3738 1729 3795 ille
1774 3739 1898 3795 laesa

344 3831 481 3887 dicit
508 3832 532 3886 ‘l
560 3845 657 3900 per
702 3830 803 3886 bas
829 3828 1038 3886 litteras
1063 3829 1388 3886 beneficium
1419 3831 1555 3889 dicis
1580 3835 1754 3903 gratia
1787 3836 1903 3904 pol-

335 3922 549 3985 licetur,
578 3919 821 3975 Athenas
869 3919 1093 3974 omnino
1122 3930 1555 4001 restauraturutn
1588 3939 1649 3980 se
1687 3928 1901 3995 signifi-

332 4021 450 4078 cat;
477 4012 580 4067 hoc
612 4009 825 4066 scilicet
852 4008 1083 4065 obscure
1110 4008 1334 4077 dicitur,
1368 4012 1493 4069 licet
1517 4024 1707 4085 aperte
1735 4018 1899 4073 verbo

333 4104 616 4161 nominare
649 4117 758 4159 non
786 4102 983 4159 audeat
1015 4100 1304 4171 :Athenas,
1340 4104 1537 4177 inquit,
1566 4112 1896 4164 restaurabo.

331 4194 412 4250 Tu
444 4195 630 4255 urbem
660 4193 930 4250 Palladis?
952 4193 1032 4249 Tu
1061 4194 1339 4253 civitatem
1371 4199 1590 4268 Thesei,
1619 4211 1673 4257 et
1696 4201 1900 4258 Cecro-

327 4290 450 4359 pis?
481 4289 683 4358 Deinde
712 4288 1045 4347 Erichthonii
1074 4302 1131 4349 et
1183 4294 1476 4364 Cecropes,
1505 4304 1567 4350 et.
1590 4294 1807 4359 Thesei,
1843 4305 1900 4352 et

2008 3193 2232 3249 σπονδον
2257 3191 2357 3260 τὴν
2413 3185 2581 3255 αὐτὴν
2610 3182 3005 3253 ἀναγινώσκεις
3047 3183 3338 3254 ἐπιστολὴ-ι
3370 3183 3581 3253 μεστὴν

2005 3282 2354 3354 ἀδικημάτων
2384 3280 2478 3333 καὶ
2509 3275 2750 3348 δωρεῶν,
2786 3277 2977 3347 μιγνὺς
3009 3275 3077 3329 τὰ
3095 3276 3140 3309 ⁸⁸
3172 3275 3384 3346 ἄμικτα
3407 3273 3588 3344 πάθη,

2007 3372 2284 3451 [δωρεάςνί
2319 3372 2568 3444 Χάριτας,
2599 3367 2902 3440 συμφορὰς,
2936 3366 3266 3439 βαρϐάρους,
3295 3366 3587 3438 Ἓλληνας

2005 3471 2100 3525 καὶ
2124 3468 2202 3538 τῷ
2229 3466 2324 3538 μὲν
2352 3466 2526 3519 δοκεῖν
2573 3461 2898 3525 σπουδάζεις
2943 3460 3084 3530 ὑπὲρ
3117 3461 3216 3531 τῆς
3267 3459 3496 3524 πόλεως,
3520 3458 3585 3510 th

2005 3563 2050 3617 δ’
2094 3560 2332 3630 ἀληθὲς,
2380 3555 2591 3627 βασιλεῖ
2640 3555 2815 3617 ποιεῖς
2866 3551 3179 3622 φιλοτιμίας
3233 3549 3489 3605 ὑπόθεσιν
3527 3548 3594 3602 τὸ

2008 3654 2210 3724 πτῶμα
2265 3654 2364 3722 τῆς
2412 3649 2639 3710 πόλεως.
2675 3645 2742 3699 Τί
2773 3640 2867 3699 οὖν
2909 3644 3009 3698 οὐκ
3060 3644 3153 3698 ἐπὶ
3191 3643 3290 3707 τὰς
3342 3643 3592 3714 τριήρεις

2007 3746 2214 3817 ῐμεν⁹⁰,
2249 3743 2366 3798 ἀλλ’
2417 3737 2728 3811 ἀνεχόμεθα
2755 3736 3126 3809 προφέροντος
3151 3738 3284 3808 ἡμῖν
3320 3733 3591 3805 βασιλέως

2003 3839 2101 3909 τὴν
2155 3835 2453 3909 πόρθησιν;
2516 3830 3048 3902 ἐπολυπραγμόνησέ
3114 3846 3218 3899 μου
3277 3825 3484 3897 Ξέρξης
3516 3825 3591 3878 τὰ

2000 3930 2337 4001 διηγήματα,
2391 3925 2581 3991 ὥσπερ
2638 3922 2884 3984 καὶτοῖς
2947 3919 3245 3991 ἐγκωμίοις
3277 3916 3590 3987 πολεμῆσαι

2002 4023 2168 4078 θέλων
2211 4022 2310 4092 τῆς
2333 4018 2561 4082 πόλεως.
2588 4018 2649 4069 El
2681 4016 2780 4087 μὲν
2811 4009 2904 4069 οὖν
2940 4014 3072 4087 παρ’
3093 4013 3282 4084 ἐτέρου
3314 4011 3413 4082 μὲν
3443 4005 3513 4081 ἦν
3534 4007 3584 4041 ³⁸

2001 4113 2061 4167 τὸ
2089 4111 2350 4183 ἀδίκημα,
2395 4108 2528 4179 παρ’
2562 4107 2750 4177 ἐτέρου
2775 4106 2890 4179 δὲή
2920 4105 3102 4176 χάρις,
3147 4103 3224 4175 τῷ
3272 4102 3372 4175 μὲν
3418 4099 3589 4170 ἐχρῆν

1999 4204 2075 4267 ὡς
2104 4201 2348 4272 πολεμίῳ
2382 4196 2642 4269 χρῆσθαι,
2695 4196 2786 4250 τὸν
2818 4196 2864 4249 δ’
2896 4195 2971 4260 ὡς
2999 4193 3297 4264 εὐεργέτην
3354 4189 3589 4261 ἀμείϐε-

2003 4293 2147 4348 σοαι.
2172 4292 2236 4346 El
2262 4290 2318 4344 δέ
2341 4290 2430 4344 δ”
2480 4287 2641 4352 αὐτὸς
2692 4286 3002 4358 ἀμφότερα,
3050 4284 3105 4337 τί
3134 4283 3333 4354 μᾶλλον
3385 4281 3588 4334 εἰδέναι

325 4380 487 4445 Codri
526 4381 999 4438 obscurabuntur?
1043 4383 1168 4441 Haec
1217 4386 1398 4441 omnia
1441 4386 1649 4441 civitati
1700 4386 1900 4444 Xerxis

2011 4387 2165 4459 χάριν
2216 4383 2333 4439 ἀνθ’
2380 4378 2453 4436 ὧν
2515 4382 2857 4451 ὑπισχνεῖται
2915 4378 3194 4451 προσῆκεν
3234 4378 3267 4449 ἢ
3313 4373 3587 4447 τιμωρίαν

324 4471 634 4529 debebunt?
659 4474 1062 4542 Conditor,dux
1091 4476 1333 4544 laudum,
1356 4479 1750 4547 praeconiorum
1780 4496 1895 4536 ma-

325 4562 498 4617 teria?
526 4561 624 4618 Hei
656 4564 787 4618 mihi
835 4565 920 4620 his
947 4565 1102 4622 malis
1130 4568 1144 4621 ε
1179 4567 1368 4623 Victus
1390 4583 1421 4623 a
1457 4584 1542 4624 me
1567 4567 1779 4626 Xerxes
1812 4586 1899 4627 ca—

321 4654 403 4726 pit
434 4654 647 4711 urbem.
684 4654 821 4722 Quid
855 4671 986 4714 vero
1015 4667 1073 4714 et
1098 4669 1312 4715 nosmet
1343 4669 1532 4716 contra
1562 4660 1781 4718 Graecos
1800 4663 1894 4734 ju-

321 4748 413 4802 bet
438 4747 717 4817 pugnare?
746 4746 862 4804 Non
884 4749 1030 4805 enim
1053 4766 1267 4821 aequum
1296 4767 1393 4808 nos
1422 4752 1524 4818 illi,
1555 4756 1649 4824 qui
1684 4757 1889 4812 circum

319 4838 462 4893 hanc
493 4839 681 4896 urbem
701 4841 841 4895 mira
887 4840 1285 4910 editfacinora,
1313 4860 1418 4900 non
1449 4845 1637 4902 venire
1662 4848 1888 4917 auxilio;

2004 4481 2254 4534 ἀπαιτεῖν
2283 4478 2368 4546 ἐφ’
2394 4469 2479 4540 οἷς
2533 4473 2738 4527 ἀδικῶν
2790 4474 3109 4544 ὲλέγχεται;
3140 4470 3274 4525 Τίνα
3306 4470 3363 4522 δὲ
3401 4468 3493 4522 καὶ
3513 4466 3585 4520 τά

2001 4569 2384 4643 λελυμασμένα
2443 4567 2631 4634 καλεῖς
2694 4563 3016 4634 ἀφοσιοῦται
3064 4564 3170 4634 γὰρ
3208 4563 3303 4616 καὶ
3352 4559 3439 4613 διὰ
3469 4558 3583 4613 τῶν

2001 4663 2344 4736 γραμμάτων
2387 4661 2486 4730 τὴν
2538 4659 2718 4730 χάριν.
2767 4657 2880 4720 Τάς
2918 4656 3150 4727 Ἀθήνας
3183 4654 3402 4717 πάντως
3431 4651 3582 4704 ἀνοι-

2000 4760 2135 4812 κιεῖν
2158 4753 2586 4823 ἐπαγγέλλεται·
2633 4749 2793 4805 τοῦτο
2832 4749 2939 4822 γὰρ
2979 4748 3352 4803 ὑπαινίττεται
3379 4745 3578 4815 δήπου,

1995 4849 2097 4905 κᾶν
2132 4847 2207 4919 μὴ
2229 4845 2405 4916 τολμᾷ
2434 4842 2684 4914 φανερῶς
2711 4842 3003 4913 ὀνομάζειν
3029 4841 3106 4913 τῷ
3129 4843 3355 4912 ῥήματι.
3401 4839 3576 4906 ’Λθή-

315 4936 372 4982 et
422 4929 650 4995 merito;
691 4945 799 4986 non
844 4931 990 4987 enim
1037 4941 1147 4987 tum
1200 4934 1371 4991 aciem
1423 4939 1641 5008 dignam
1688 4943 1889 4997 erectis

2011 4960 2104 5010 ρας
2134 4939 2393 5005 ἀνοικιῶ,
2428 4938 2583 5011 φησί.
2619 4939 2691 4991 Σὺ
2719 4937 2833 5009 ξτὴν
2862 4937 2960 5008 τῆς
2994 4936 3227 5008 Ἀθηνᾶς
3280 4933 3470 4998 πόλιν;
3499 4933 3573 4985 Σὺ

318 5017 536 5087 tropaeis
569 5019 922 5076 instruemus.
961 5021 1145 5078 Xerxe
1166 5025 1306 5081 duce
1333 5027 1525 5085 vicinis
1559 5032 1893 5089 nostrisbel-

2011 5034 2087 5107 μὴν
2139 5033 2360 5104 Θησέως
2411 5032 2506 5085 καὶ
2558 5030 2880 5100 Κέκροποςς
2938 5026 3057 5083 εἶτα
3123 5027 3574 5098 σιωηθήσονται

314 5108 425 5164 lum
472 5109 790 5180 inferentes,
835 5122 1059 5184 propter
1086 5130 1221 5186 quos
1259 5118 1404 5176 visus
1434 5131 1518 5177 est
1559 5120 1742 5178 Persis
1778 5141 1883 5179 non

2011 5126 2321 5197 Ἐριχοόνιοι
2345 5122 2438 5177 καὶ
2459 5121 2761 5193 Κέκροπες,
2791 5121 2870 5176 ἔτι
2892 5122 2949 5177 δὲ
2971 5121 3167 5194 Θησεῖς
3203 5121 3298 5173 καὶ
3329 5118 3561 5190 Κόδροις

315 5201 509 5270 victor,
540 5204 636 5259 sed
677 5213 933 5275 tanquam
963 5208 1115 5263 exsul
1154 5219 1210 5263 et
1249 5210 1527 5282 fugitivus,
1573 5216 1658 5271 his
1698 5219 1884 5273 urbem

2011 5219 2172 5272 πάντα
2195 5217 2251 5269 δὲ
2281 5216 2430 5271 ἔσται
2454 5214 2662 5286 Ξέρξης
2692 5215 2757 5287 τῇ
2806 5215 2981 5281 πόλει,
3024 5213 3291 5285 οἰκιστὴς,
3325 5210 3567 5282 ἀρχηγέ-

313 5293 568 5360 condere,
601 5304 653 5348 et
689 5293 772 5349 his
800 5295 1123 5355 benefacere
1149 5300 1371 5370 cupiet?
1407 5302 1558 5369 Quod
1595 5308 1640 5362 si
1673 5317 1893 5377 putaret.

2011 5330 2096 5384 ιης
2122 5328 2135 5342 '
2169 5311 2278 5367 τῶν
2309 5309 2570 5375 ἐπαίνων,
2616 5308 2724 5362 τῶν
2759 5309 3049 5379 ἐγκωμίων
3076 5305 3365 5371 ὑπόθεσις;
3404 5304 3565 5372 Οίμοι

1556 5440 1600 5494 γ
1614 5440 1643 5494 1
1653 5441 1793 5500 RUE
1847 5441 2255 5501 LECTIONES.

399 5523 629 5611 “éﬁom.
841 5533 1042 5611 “ante
1089 5536 1661 5611 δωρεὶινᾲςιιῐηηΑλΒΟ
1731 5542 1888 5611 omisi
1956 5538 2284 5611 ἔμπροσθεν.

459 5595 515 5716 δ’
576 5606 771 5671 μιγνὺς
827 5606 919 5659 καὶ
968 5606 1036 5660 τά
1076 5595 1179 5671 ,ς.’
1280 5609 1323 5638 ὀ
1367 5607 1511 5678 ἴμεν]
1567 5608 1687 5663 libri
1773 5595 1998 5682 εἶμεν.’
2064 5595 2235 5678 δ¹.ἦν
2318 5610 2439 5664 add.
2504 5595 2567 5663 Δί
2643 5595 2838 5664 ὸᾟιιι.

3185 5536 3230 5569 ⁸⁸
3292 5552 3381 5607 μοι
3431 5534 3555 5607 add.

2397 5540 2442 5571 ⁸⁷
2505 5537 2969 5609 προσαγορεύουσι
3027 5536 3086 5591 C.
3185 5536 3230 5569 ⁸⁸
3292 5552 3381 5607 μοι
3431 5536 3555 5590 add.

2397 5610 2439 5664 ll.
2504 5610 2567 5663 Α.
2643 5614 2669 5662 ὸ
2730 5626 2838 5664 out.
2912 5610 2976 5663 A.
3055 5609 3098 5640 ⁸⁸
3169 5606 3227 5661 δέ
3285 5616 3405 5676 post
3473 5605 3555 5657 ἔτι

2912 5610 2976 5663 Α.
3055 5609 3098 5640 ει
