3990 6232
326 176 460 247 1337

1330 180 1855 245 BIBLIOTHECA.
1878 206 1950 218 -—
1981 180 2147 273 con.
2175 177 2485 244 ccxuu.

3445 177 3582 244 1338

324 287 433 345 τῶν
486 289 716 347 κακῶνῐ
746 290 1053 365 ἡττημένος
1101 308 1202 365 μου
1246 288 1455 365 Ξέρξης
1512 293 1901 365 λαμϐάνειτὴν

2005 304 2283 366 acceptam
2311 294 2517 349 cladem
2550 292 2719 349 armis
2742 290 3049 349 instaurare
3069 304 3248 363 posse,
3283 290 3580 347 exercitum

327 382 501 438 πόλιν.
542 382 609 437 Τί
633 382 680 438 δ’
723 382 792 439 ἃν
818 384 915 439 καὶ
953 385 1101 457 ἡμᾶς
1148 384 1349 450 αὐτοὺς
1399 386 1543 440 κατὰ
1575 386 1683 440 τῶν
1715 384 1908 458 Ἐλλή-

326 490 431 528 νων
465 473 929 545 συστρατεύεσθαι
947 476 994 509 ⁸³
1028 474 1256 548 κελεύῃ;
1285 476 1344 529 ού
1383 477 1492 549 γὰρ
1531 472 1669 530 εἶναι
1699 475 1908 531 δίκαιον

326 565 399 635 τῷ
454 565 726 638 τοσαύτην
783 568 1179 640 ἐνδεικνυμένῳ
1229 567 1362 640 ’περὶ⁹
1419 568 1519 640 τὴν
1566 567 1724 622 πόλιν
1805 585 1905 638 με·

324 655 661 726 γαλοψυχίαν
676 655 725 691 ⁸⁸
789 657 865 729 μὴ
922 658 1100 713 πάντα
1143 658 1345 730 τρόπον
1419 656 1904 728 συναγωνίζεσθαι.

322 745 513 811 Καλάς
535 749 581 782 ⁸⁸
628 763 692 817 γε
761 747 844 821 (ού
918 749 1028 823 γάρ
1052 748 1100 820 ;)
1156 750 1280 805 τότε
1331 751 1428 807 καὶ
1474 748 1583 804 τῶν
1630 749 1907 820 τροπαίων

322 835 484 901 ἀξίας
539 835 646 892 τῶν
698 839 1088 912 ἐγηγερμένων
1146 841 1247 905 τάς
1325 839 1663 913 παρατάξεις
1724 858 1907 913 παρα-

320 926 618 997 ταξόμεθα,
678 928 783 983 ύπὺ
831 929 1008 1003 Ξέρξῃ
1062 929 1352 1002 στρατηγῷ
1414 930 1540 994 τοὺς
1592 931 1734 985 κατὰ
1794 930 1906 985 τῶν

321 1017 613 1089 ὁμοφύλων
652 1019 926 1092 πολέμους
977 1022 1325 1094 ἐκφέροντες.
1347 1021 1427 1076 Δι’
1459 1020 1552 1086 οὓς
1577 1021 1729 1094 ὤφθη
1759 1023 1904 1093 Πέρ-

324 1124 449 1172 σαις
503 1110 623 1165 ἀντὶ
666 1112 962 1185 νικηφόρου
989 1117 1175 1186 σχῆμα
1218 1114 1488 1183 δραπέτου
1537 1114 1632 1168 καὶ
1662 1114 1904 1186 φυγάδος

323 1200 723 1273 περικείμενος,
774 1204 1047 1269 τούτοις’⁶
1106 1206 1261 1261 πόλιν
1319 1207 1567 1275 οἰκίζειν,
1620 1208 1841 1274 τούτους
1857 1210 1901 1242 ’⁷

322 1297 632 1363 εὐεργετεῖν
660 1295 908 1363 ἀνέξεται
932 1314 948 1364 ;
972 1299 1037 1354 El
1067 1300 1167 1371 μὲν
1195 1301 1306 1373 γὰρ
1333 1301 1498 1366 εὐθὺς
1522 1301 1901 1373 ἀναμάχεσθαι

319 1386 438 1450 τοῖς
469 1385 654 1452 ὅπλοις
687 1388 788 1460 τὴν
826 1383 1000 1461 ἧτταν
1050 1391 1357 1460 ἐπίστευεν,
1410 1393 1768 1467 ἐστράτευσεν
1813 1394 1899 1461 ἂν,

320 1476 425 1531 οὐκ
438 1477 824 1549 ἐπρεσϐεύετο·
847 1482 971 1535 ἐπεὶ
989 1482 1045 1536 δὲ
1067 1483 1435 1553 ἀπογινώσκει
1455 1487 1565 1539 τῶν
1593 1487 1898 1558 δυνάμεων,

2007 386 2322 447 adduceret,
2351 399 2457 440 non
2495 393 2679 440 autem
2722 384 2928 454 legatos
2950 383 3211 438 mitteret.
3242 382 3314 437 At
3353 397 3476 437 cum
3504 382 3584 436 vi-

2010 477 2162 533 ribus
2188 475 2392 533 diﬂidat
2421 477 2556 545 suis,
2592 476 2839 533 fraudem
2853 492 2952 547 pro
2986 476 3153 530 armis
3180 475 3428 530 adhibet.
3447 474 3582 530 Cum

2007 581 2189 625 autem
2229 571 2414 639 copias
2460 570 2855 633 recensuisset,
2898 577 3011 624 tum
3076 570 3292 622 demum
3342 566 3585 621 fraudem

2006 677 2282 717 armorum
2330 662 2448 719 loco
2510 663 2789 733 produxit.
2832 660 3145 729 Quinetiam
3201 661 3398 717 urbem
3447 659 3585 715 hanc

2006 752 2147 821 apud
2190 763 2416 808 caeteros
2458 752 2679 808 Graecos
2712 751 2967 807 infamem
3017 751 3247 807 reddere
3284 750 3586 815 contendit,

2006 849 2066 895 ut
2097 855 2195 897 nos
2251 857 2441 897 eorum
2487 842 2698 898 auxilio
2728 843 2980 898 desertos
3014 842 3289 908 redderet,
3327 851 3384 896 et
3431 840 3589 896 nobis

2007 930 2138 988 solis
2173 931 2372 988 bellum
2426 945 2612 1003 posrea
2650 933 2903 990 inferret.
2930 933 3001 989 Et
3028 949 3094 989 ex
3117 933 3202 988 his
3233 932 3413 989 verbis
3442 942 3589 1003 patet

2005 1024 2208 1078 donum
2255 1024 2394 1079 dicis
2450 1025 2626 1095 gratia
2675 1024 2897 1081 oil'erre.
2955 1024 3106 1081 Illius
3133 1033 3251 1080 erat
3297 1023 3589 1079 manifeste

2004 1114 2203 1170 litteris
2244 1115 2546 1171 inscribere
2594 1117 2736 1171 hanc
2783 1116 2920 1171 velle
2953 1131 3011 1171 se
3048 1117 3235 1170 urbem
3262 1115 3586 1170 instaurare.

2007 1207 2117 1263 Hoc
2163 1212 2341 1262 autem
2385 1220 2490 1260 non
2553 1205 2874 1272 declarans,
2911 1206 3232 1276 simpliciter
3282 1220 3341 1261 se
3392 1205 3589 1258 damna

2003 1298 2141 1356 bello
2183 1298 2330 1355 illata
2376 1310 2718 1355 res:trturum
2763 1301 2926 1365 dicit,
2961 1300 3200 1355 adverbii
3229 1298 3585 1369 amphibolia.

2004 1406 2124 1463 qum
2155 1390 2298 1446 mala
2326 1391 2614 1460 cogitavit,
2636 1391 2862 1461 epistola
2911 1392 3264 1462 signiﬁcavit.
3304 1390 3456 1459 Quod
3491 1405 3591 1445 au-

2006 1492 2112 1541 tem
2144 1495 2263 1539 erat
2288 1484 2441 1539 urbis
2483 1495 2690 1541 nostra
2716 1485 2981 1556 insigne?
3014 1484 3414 1557 Magniﬁcentia
3455 1484 3589 1539 aedi-

320 1569 421 1642 τὴν
452 1571 666 1643 ἀπάτην
723 1572 863 1638 τέως
921 1572 1048 1647 [590
1080 1574 1172 1649 H.]
1204 1577 1324 1630 ἀντὶ
1349 1578 1459 1632 τῶν
1487 1578 1666 1633 ὃπλων
1700 1580 1901 1652 προϐέ-

2007 1576 2287 1641 liciorum,
2335 1576 2571 1646 antiquae
2610 1578 2923 1648 ubicunque
2976 1577 3195 1632 virtutis
3243 1575 3586 1651 testimonia,

318 1660 539 1733 ὄληται.
575 1662 699 1719 Ἔτι
726 1663 908 1722 τοίνυν
966 1667 1061 1720 καλ⁵
1111 1648 1418 1723 διαϐάλλειν
1450 1667 1719 1738 Ἕλληνας
1746 1648 1901 1738 *πρὸς

2008 1678 2215 1724 natura:
2245 1678 2493 1734 ornatus,
2534 1669 2629 1737 qui
2671 1667 2849 1739 majus
2876 1669 2998 1724 urbi
3031 1668 3181 1723 addit
3206 1648 3589 1725 ornamentum

316 1753 420 1828 τὴν
445 1754 598 1808 πόλιν
619 1756 968 1824 ἐσπούδασεν,
1003 1757 1093 1812 ῐνα
1128 1759 1367 1830 ἐρήμους
1386 1758 1489 1830 τῆς
1510 1763 1639 1832 παρ’
1677 1760 1905 1815 ἐκείνων

319 1846 646 1918 συμμαχίας
690 1848 1066 1919 ἐργασάμενος
1114 1849 1253 1921 πρὸς
1279 1849 1476 1921 μόνους
1499 1850 1646 1922 ἡμᾶς
1676 1849 1904 1924 ὕστερον

316 1934 579 2010 ἐξενέγκῃ
596 1936 688 1992 τὸν
711 1939 970 2011 πόλεμον.
1003 1939 1117 1995 Καὶ⁵
1130 1940 1239 2012 μὴν
1268 1941 1329 2006 ἐξ
1354 1940 1539 1995 αὐτῶν
1558 1941 1604 1975 ⁸⁸
1638 1942 1906 2014 ῥημάτων

313 2026 478 2098 δῆλός
505 2028 623 2083 ἐστι
656 2030 793 2102 πρὸς
812 2031 914 2104 τὴν
945 2032 1155 2104 δωρεὰν
1169 2033 1584 2106 ἀφοσιούμενος.
1612 2033 1778 2108 [1104
1803 2034 1902 2109 IL]

314 2117 427 2173 Τοῦ
449 2120 549 2191 μὲν
593 2124 704 2194 γὰρ
752 2123 1027 2179 ἀνοικίσαι
1063 2123 1164 2198 τὴν
1194 2125 1348 2180 πόλιν
1389 2126 1489 2197 τὴν
1521 2126 1797 2199 ἡμετέραν
1818 2127 1905 2181 θέ-

312 2209 499 2277 λοντος
521 2212 684 2285 ἔργον
719 2209 788 2287 ἦν
835 2215 968 2270 αὐτὸ
1013 2216 1174 2272 τοῦτο
1223 2218 1410 2290 σαφῶς
1464 2218 1743 2291 ἐγγράψαι
1787 2222 1902 2286 τοῖς

312 2301 644 2373 γράμμασιν
676 2322 692 2336 ⁸
737 2307 767 2358 ό
798 2306 856 2360 δὲ
882 2305 1045 2362 τοῦτο
1099 2308 1199 2381 μὲν
1260 2309 1362 2365 οὐκ
1393 2309 1586 2378 είπὼν,
1628 2310 1815 2377 ἁπλῶς
1843 2312 1902 2366 δέ

313 2395 783 2469 ἀντικαταστῆσαι
838 2401 1019 2470 φήσας
1065 2397 1149 2466 οἷς
1178 2401 1486 2474 ἐλυμήνατο
1511 2404 1653 2459 κατὰ
1683 2405 1774 2458 τὸν
1804 2405 1902 2460 πό-

309 2483 499 2556 λεμον,
523 2490 591 2559 τῇ
618 2488 713 2542 τοῦ
767 2493 1157 2564 προσρήματος
1194 2493 1497 2567 ἀμφιϐολίᾳ
1537 2495 1725 2560 κακῶς
1757 2499 1803 2531 ⁸⁸
1835 2496 1864 2550 δ
1883 2496 1901 2529 ⁸

310 2582 617 2651 κακουργεῖ
664 2580 754 2635 διά
784 2583 892 2637 τῶν
921 2584 1274 2656 γραμμάτων
1302 2587 1625 2658 δεδήλωκεν.
1654 2588 1721 2642 Τί
1743 2588 1800 2642 δὲ
1831 2584 1902 2662 ἦν

309 2669 408 2739 τῆς
454 2671 658 2737 πόλεως
713 2672 816 2743 τῆς
875 2674 1152 2746 ἡμετέρας
1182 2676 1244 2729 τὸ
1276 2676 1582 2748 ἐπίσημον;
1635 2677 1903 2751 σεμνότης

310 2759 783 2834 οίκοδομημάτων,
826 2764 1106 2838 πανταχοῦ
1148 2767 1251 2838 τῆς
1275 2768 1509 2840 ἀρχαίας
1535 2771 1736 2842 ἀρετῆς
1764 2771 1900 2826 ὐπο-

313 2853 598 2923 μνήματα,
629 2857 659 2910 ό
695 2855 850 2926 παρά
901 2858 1003 2930 τῆς
1053 2858 1269 2929 φύσεως
1308 2861 1514 2933 κόσμος
1560 2864 1748 2934 μεῖζον
1804 2862 1900 2919 τοῦ

312 2943 612 3040 παράᾳτῆς
644 2946 857 3040 τέχνης
904 2949 1224 3040 προστιθεὶς
1251 2954 1318 3023 τῇ
1374 2953 1528 3009 πόλει
1585 2953 1648 3008 τὺ
1679 2955 1897 3019 κάλλος.
1929 2984 1972 3040 c

310 3034 415 3089 Οἴα
442 3035 544 3104 μὲν
573 3036 702 3092 ίδετν
721 3038 1041 3111 ἀκρόπολις,
1073 3036 1188 3097 οἷον
1213 3043 1341 3098 ἄλλο
1362 3044 1500 3099 θεῶν
1528 3047 1648 3118 μετ’
1677 3047 1904 3119 οὐρανὸν

308 3126 680 3201 ἐνδιαίτημαῑ
732 3125 847 3197 οἷος
873 3132 932 3186 δὲ
976 3135 1006 3188 ό
1037 3132 1141 3204 τῆς
1195 3135 1458 3202 Πολιάδος
1513 3138 1670 3204 νεὼς.
1718 3141 1904 3194 καὶτὸ

309 3217 645 3285 Ποσειδῶνος
676 3224 698 3256 ³
752 3222 1011 3293 τέμενοςί
1073 3225 1394 3298 συνήψαμεν
1460 3229 1569 3301 γὰρ
1633 3230 1722 3284 διὰ
1792 3231 1902 3286 τῶν

308 3309 627 3382 ἀνακτόρων
647 3315 774 3377 τοὺς
793 3313 951 3379 θεοὺς
975 3315 1226 3388 ἀλλήλοις
1256 3320 1394 3389 μετὰ
1418 3319 1518 3391 τὴν
1539 3321 1794 3392 ἅμιλλαν.
1823 3324 1900 3378 Οὐ

307 3400 574 3472 λαμϐάνω
601 3405 754 3476 παρά
778 3406 971 3478 ἀνδρὸς
994 3408 1088 3462 τὸν
1124 3409 1351 3482 τελετῆς
1381 3412 1547 3466 τόπον
1559 3413 1600 3478 ⁸,
1633 3413 1695 3469 δν
1722 3415 1898 3489 εἴργει

306 3492 411 3562 τῆς
447 3493 675 3566 τελετῆς
709 3496 813 3569 τῆς
841 3500 1122 3572 ἡμετέρας
1149 3500 1212 3555 τὸ
1239 3502 1525 3574 κήρυγμα.
1549 3505 1646 3570 Τίς
1667 3509 1903 3580 ἀναστή-

309 3600 393 3638 σει
416 3585 544 3650 τοὺς
568 3586 789 3659 ἀνδρας,
817 3588 913 3654 οὓς
929 3591 1275 3661 ἀπολῶλεκε;
1309 3594 1394 3659 τίς
1421 3596 1491 3649 τὰ
1532 3596 1759 3661 σώματα
1790 3600 1900 3657 τῶν

306 3676 606 3746 πεσόντων,
628 3674 710 3745 οἷς
737 3674 895 3747 οὗτος
923 3684 1071 3738 κατὰ
1091 3685 1219 3750 τοὺς
1238 3687 1512 3758 πολέμους
1530 3688 1862 3762 λελύμανται
1879 3712 1895 3763 ;

309 3768 537 3841 Ἄνδρες
564 3770 695 3844 γὰρ,
726 3775 891 3848 φησὶν
916 3775 959 3842 ⁸,
1004 3778 1061 3832 αἱ
1097 3777 1303 3843 πόλεις,
1336 3779 1436 3835 οὐκ
1463 3780 1897 3854 οἰκοδομήματα.

305 3859 375 3914 El
390 3860 449 3913 δέ
473 3860 546 3915 τὰ
571 3860 956 3937 λελυμασμένα
987 3869 1122 3940 ἡμῖν
1143 3869 1449 3927 ἀποδώσειν
1472 3873 1896 3943 ἐπαγγέλλεται,

300 3948 511 4005 τούτων
543 3951 601 4006 δὲ
627 3952 696 4007 τά
727 3954 829 4025 μὲν
883 3957 996 4011 οὐδ’
1048 3958 1187 4024 ὅλως
1227 3960 1465 4033 ἐγχωρεῖ
1488 3963 1711 4031 ξλαδεῖν,
1738 3967 1809 4022 τά
1840 3968 1898 4023 δὲ

302 4042 419 4104 τοῖς
449 4040 866 4115 διεφθαρμένοις
913 4048 1013 4119 οὐχ
1077 4048 1264 4120 ὃμοια,
1318 4051 1438 4115 πῶς
1489 4053 1592 4108 οὐκ
1637 4054 1896 4121 ἀδύνατος

302 4130 586 4203 ἐλέγχεται
620 4136 734 4200 τοῖς
761 4138 927 4194 πᾶσιν
955 4139 989 4211 ἡ
1021 4140 1151 4210 περὶ
1181 4139 1386 4195 τούτων
1415 4142 1712 4216 ὑπόσχεσις
1736 4161 1752 4213 ;
1781 4148 1896 4203 Οὐκ

299 4223 543 4293 ἤνεγκαν
566 4227 689 4282 οὐδὲ
737 4231 1086 4301 τριακοσίους
1108 4233 1310 4287 ἐκεῖνοι
1336 4234 1807 4307 Λακεδαιμονίους
1833 4241 1894 4295 ἐν

2005 1774 2166 1831 quam
2200 1759 2514 1814 artiﬁcium.
2546 1758 2734 1825 Qualis
2763 1758 3009 1815 cernitur
3038 1759 3127 1815 hic
3165 1774 3262 1814 arx
3310 1759 3460 1827 (40),
3497 1759 3588 1813 ubi

2008 1850 2134 1912 tale,
2162 1850 2300 1905 coelo
2326 1860 2573 1919 excepto,
2604 1849 2802 1922 363a
2835 1849 3131 1920 hospitium
3194 1859 3279 1904 est
3322 1848 3592 1911 deorum?

2006 1939 2177 2007 Quale
2200 1940 2456 2010 templum
2504 1938 2744 1995 Poliadis
2766 1939 3062 1995 Minervae?
3096 1949 3152 1995 et
3194 1939 3321 1995 huic
3351 1939 3588 1994 vicinum

2006 2022 2287 2086 delubrum
2318 2027 2573 2099 Neptuni.
2605 2028 3011 2099 Conjunximus
3041 2030 3186 2085 enim
3220 2037 3339 2098 post
3366 2037 3589 2084 conten-

2007 2123 2206 2179 tionem
2247 2122 2376 2177 deos
2410 2137 2505 2193 per
2534 2137 2692 2193 rcges
2741 2123 2794 2177 in
2852 2121 3068 2191 templis
3106 2137 3228 2177 cum
3276 2121 3419 2177 aliis.
3469 2118 3586 2174 Non

2007 2216 2214 2286 recipio
2244 2213 2528 2270 formulam
2549 2229 2833 2271 sacrorum
2865 2216 2933 2270 ab
2968 2215 3208 2279 homine,
3242 2212 3454 2285 qualem
3490 2228 3589 2283 per

2008 2320 2314 2378 praeconem
2351 2319 2542 2361 arcere
2573 2304 2834 2361 solemus.
2867 2304 3001 2372 Quis
3029 2306 3305 2376 reparabit
3337 2304 3587 2360 homines

2003 2414 2141 2469 quos
2183 2396 2327 2453 bello
2372 2396 2655 2466 perdidit?
2682 2396 2816 2464 Quis
2848 2397 3038 2451 reddet
3092 2406 3430 2449 mortuorum
3464 2409 3590 2449 cor-

2005 2502 2154 2560 pora,
2185 2502 2306 2560 quae
2334 2486 2475 2542 bello
2500 2485 2774 2541 abstulit?
2814 2485 2931 2541 Viri
2956 2486 3124 2547 enim,
3152 2484 3395 2547 utaiunt,
3424 2484 3589 2540 urbes

2004 2589 2149 2647 sunt,
2185 2594 2291 2635 non
2322 2580 2515 2634 domus
2558 2578 2719 2649 ipsa);
2758 2578 2802 2634 si
2833 2579 3027 2635 damna
3075 2593 3134 2633 se
3163 2578 3587 2632 instauraturum

2005 2672 2309 2745 pollicetur,
2342 2687 2409 2729 ex
2456 2673 2542 2729 his
2594 2658 2991 2742 quaetlamnon
3042 2670 3253 2741 integre
3300 2669 3590 2724 restituere

2005 2773 2203 2836 potest,
2229 2764 2472 2834 quaedam
2506 2780 2610 2819 non
2639 2763 2790 2833 paria
2823 2762 3097 2834 prioribus
3122 2763 3348 2817 reddere
3379 2768 3578 2831 potest.

2004 2859 2283 2927 Quomodo
2309 2858 2525 2913 illiusiu
2561 2857 2646 2913 his
2672 2855 2963 2928 promissio
3007 2864 3066 2910 ut
3110 2855 3455 2924 impossibilis
3483 2870 3588 2912 non

2008 2952 2366 3020 redarguatur
2383 2952 2451 3006 ab
2489 2948 2782 3005 omnibus?
2803 2947 2885 3002 Illi
2916 2946 3363 3002 Lacedaemonios
3380 2955 3591 3001 trecen-

2008 3049 2093 3098 tos
2124 3042 2190 3097 ad
2216 3041 2379 3114 Pylas
2413 3056 2520 3096 non
2577 3041 2982 3104 sustinuerunt,
3021 3037 3115 3095 sed
3161 3038 3216 3092 in
3253 3037 3423 3094 oculis
3448 3038 3593 3108 regis

2009 3142 2088 3191 tot
2131 3135 2410 3207 myriades
2449 3133 2766 3190 ceciderunt
2819 3133 3081 3187 adversus
3137 3146 3306 3186 unum
3359 3146 3590 3202 agmen,

2005 3227 2159 3300 quasi
2187 3226 2373 3298 ﬂagris
2400 3226 2684 3284 ordinatae.
2721 3225 2841 3296 Ipse
2870 3239 2965 3281 rex
2999 3225 3051 3278 in
3076 3223 3267 3279 Asiam
3288 3238 3389 3279 nos
3409 3234 3591 3293 vocat,

2004 3317 2294 3372 ostendens
2318 3315 2552 3387 demptis
2577 3317 2769 3386 pugnis
2799 3324 2970 3370 tutum
3005 3330 3190 3371 secum
3219 3315 3418 3371 bellum
3450 3315 3589 3371 fore.

2009 3407 2121 3463 Una
2154 3408 2300 3464 acies
2329 3417 2518 3463 contra
2555 3417 2722 3463 totam
2755 3406 2941 3462 Asiam
2982 3407 3246 3462 instructa
3276 3418 3329 3462 et
3365 3407 3590 3462 trecenti

2005 3499 2259 3569 Spartani
2300 3500 2452 3569 prius
2498 3500 2669 3554 armis
2719 3497 3134 3570 Thermopylas,
3168 3498 3366 3556 deinde
3421 3508 3593 3553 morte

2001 3592 2388 3657 occludentes,
2432 3591 2806 3648 honorabilius
2879 3591 3224 3661 sepulcrum,
3271 3606 3440 3662 quam
3485 3592 3594 3646 sint

2006 3694 2209 3753 tropaea
2246 3683 2578 3739 excitarunt.
2616 3682 2729 3753 Ego
2756 3697 2974 3754 quoque
3003 3681 3071 3739 de
3098 3682 3369 3739 Thebanis
3395 3682 3593 3754 suppli-

1953 3812 1956 3815 η
2001 3774 2142 3829 cium
2185 3774 2504 3830 sumendum
2537 3774 2744 3842 putavi.
2773 3773 3027 3831 Accusati
3065 3784 3194 3831 sunt
3231 3773 3437 3831 Graecia
3461 3774 3592 3831 Per-

1999 3865 2075 3922 sis
2122 3864 2442 3936 proditionis
2480 3865 2656 3937 gentis
2698 3880 2830 3931 suae,
2880 3875 2936 3921 et
2973 3866 3105 3922 urhs
3149 3882 3272 3922 mea
3310 3867 3591 3923 Persicum

1997 3967 2185 4014 contra
2226 3956 2443 4013 Graecos
2491 3956 2786 4029 assumpsit
2848 3959 3173 4014 exercitum.
3227 3959 3359 4016 Cum
3410 3959 3591 4015 Persa:

1998 4051 2125 4107 victi
2167 4061 2313 4118 sunt,
2355 4066 2461 4106 non
2498 4056 2658 4107 modo
2707 4050 3121 4119 Athenienses,-
3148 4053 3245 4108 sed
3298 4061 3353 4108 et
3399 4068 3589 4110 omnes

1996 4140 2169 4199 (ἔτωοί
2208 4141 2418 4198 lucrum
2461 4150 2831 4210 reportarunt.
2880 4140 3095 4199 Utinam
3121 4143 3285 4198 etiam
3321 4142 3390 4198 ad
3433 4141 3591 4214 Pylas

1997 4236 2445 4303 oceurrissemus,
2464 4234 2863 4291 Lacedaemonii
2886 4250 2988 4307 pro
3011 4234 3291 4304 sepultura
3325 4242 3588 4303 tropaeum

290 4314 507 4381 Πύλαις
533 4355 550 4382 ,
598 4318 714 4373 ἀλλ’
757 4321 815 4375 ἐν
866 4322 1168 4394 ὀφθαλμοῖς
1220 4323 1486 4395 βασιλέως
1546 4326 1778 4385 ἔπιπτον
1829 4333 1885 4385 αί

2003 4328 2298 4385 )stendant.
2316 4327 2375 4381 In
2393 4324 2625 4381 Xerxem
2653 4329 2772 4381 hate
2793 4318 2938 4391 (ﬂeo,
2969 4327 3020 4379 in
3052 4323 3312 4391 Xerxem,
3340 4324 3581 4395 inquam,

295 4403 561 4460 τοσαῦται
609 4408 871 4480 μυριάδες
910 4409 1047 4481 πρὸς
1093 4411 1191 4467 ἕνα
1243 4411 1400 4483 λόχον
1448 4411 1555 4467 ὑπὸ
1611 4417 1894 4487 μαστίγων

2003 4435 2029 4475 ο
2066 4419 2280 4491 Apollo,
2303 4421 2396 4490 qui
2433 4433 2604 4490 usque
2637 4420 2705 4475 ad
2747 4434 2875 4475 aras
2901 4427 3022 4474 tuas
3065 4417 3265 4473 bellum
3306 4418 3499 4487 gessit,
3532 4427 3588 4473 et

295 4499 777 4570 παραταττόμεναι
799 4500 844 4556 ⁸.
869 4502 1045 4567 Αὐτὸς
1066 4505 1215 4576 ἡμᾶς
1246 4505 1340 4559 ἐπὶ
1377 4504 1478 4579 τὴν
1520 4507 1708 4562 ’Δσίαν
1737 4509 1897 4563 καλεί

2003 4511 2174 4583 ignem
2206 4525 2366 4567 sacro
2401 4509 2597 4579 tripodi
2634 4520 2725 4564 tuo
2765 4507 3037 4578 subjicere
3072 4518 3304 4564 conatus
3349 4517 3450 4571 est,
3488 4524 3586 4579 per

294 4588 550 4659 βασιλεὺς
570 4587 651 4657 οἷς
688 4598 1039 4667 παραιτεῖται
1066 4596 1163 4661 τὰς
1194 4598 1397 4670 μάχας,
1429 4599 1642 4663 τούτοις
1664 4602 1885 4656 ἀκίνδυ-

2003 4618 2152 4672 quem
2193 4602 2312 4658 edis
2352 4601 2600 4657 oracula.
2634 4597 2772 4671 Volo
2812 4598 3126 4670 regionibus
3151 4598 3219 4655 de
3249 4597 3386 4653 meis
3428 4610 3578 4654 recte

290 4699 386 4736 νον
435 4679 575 4739 εἷναι
603 4685 699 4740 τὸν
748 4688 889 4758 πρὸς
918 4685 1083 4745 αὐτόν
1123 4691 1386 4747 δεικνύων
1426 4694 1683 4766 πόλεμον.
1714 4695 1887 4767 Δόχος

2003 4693 2150 4749 iactis
2182 4708 2380 4749 nonien
2416 4691 2643 4763 imponi,
2669 4700 2724 4747 et
2745 4691 2938 4757 maria,
2979 4706 3044 4746 ac
3073 4688 3297 4745 ﬂumina
3335 4690 3516 4760 potius
3554 4704 3585 4745 a

290 4770 377 4840 εἷς
401 4776 539 4848 πρὸς
565 4777 697 4848 ὅλην
716 4779 818 4851 τὴν
855 4780 1043 4837 Ἀσίαν
1064 4786 1573 4858 παραταττόμενος,
1611 4787 1704 4841 καὶ
1734 4805 1886 4859 τρια-

2003 4786 2126 4841 meis
2152 4784 2406 4856 tropaeis,
2435 4798 2597 4855 quam
2625 4783 2864 4854 antiquis
2884 4782 3196 4838 nominibus
3217 4780 3582 4838 denominari-

289 4867 467 4919 κόσιοι
481 4867 824 4939 Σπαρτιᾶται
846 4870 1116 4939 κλείοντες
1138 4875 1408 4947 πρότερον
1439 4876 1539 4949 μὲν
1563 4879 1677 4942 τοῖς
1697 4877 1883 4943 ὅπλοις

2003 4877 2224 4949 )bjiciet
2244 4877 2460 4947 aliquis,
2481 4878 2700 4948 quando
2720 4878 2934 4942 urbem,
2964 4875 3048 4930 vel
3066 4876 3209 4930 unde
3238 4874 3585 4930 reﬁciemus?

290 4954 524 5030 ὕπερον
550 4959 609 5042 δέ
628 4960 708 5034 τῷ
740 4962 958 5036 θανάτῳ
984 4965 1086 5029 τὰς
1111 4965 1317 5032 Πύλας.
1347 4967 1682 5040 Σεμνότερον
1726 4970 1880 5041 ἡγεί-

2003 4971 2161 5038 Quam
2197 4968 2429 5038 amplius
2460 4967 2650 5023 urbem
2677 4967 2900 5039 quaeris,
2943 4981 3066 5023 eum
3088 4965 3287 5021 habeas
3315 4964 3536 5020 trireme
3556 4979 3584 5018 s

291 5065 422 5121 ρατε
470 5055 736 5122 τροπαίου
760 5056 824 5111 τδ
857 5057 1240 5131 πολυάνδριον.
1286 5059 1440 5130 Ἐγὼ
1488 5061 1584 5115 καὶ
1614 5062 1757 5135 ὑπὲρ
1785 5061 1892 5135 Θη-

2003 5074 2098 5133 pro
2128 5074 2269 5117 nova
2293 5059 2448 5127 urbe,
2488 5068 2543 5115 et
2580 5059 2865 5115 ductorem
2887 5057 3215 5130 Apollinem.
3244 5055 3448 5127 Objicit
3477 5070 3582 5110 au-

1583 5199 1819 5256 VA'RI/E
1853 5198 2263 5257 LECTIONES.

311 5347 342 5362 η
365 5280 413 5361 εξ
450 5283 846 5362 στρατεύεσθαι
874 5286 943 5362 ᾼ.
1096 5288 1291 5362 μεγαλ.
1327 5292 1423 5344 καὶ
1454 5289 1531 5362 μὴ
1561 5310 1623 5357 ς.
1707 5294 1756 5326 ⁸⁵
1794 5293 1967 5358 καλάς
2011 5295 2088 5347 A:
2119 5290 2401 5362 καλῶςίς.
2473 5287 2766 5362 θολτούτους
2787 5304 2856 5362 ς..
2929 5289 2978 5362 ξ’
3009 5286 3233 5362 τούτοις
3250 5304 3311 5354 ς.
3358 5286 3428 5362 ’⁸⁸
3459 5286 3571 5341 τῶν

286 5347 671 5432 libris‘dégst.”
728 5358 774 5389 θ’
802 5357 983 5421 καλῶς
1012 5348 1075 5413 ϐ’.
1096 5347 1110 5359 ’
1134 5347 1229 5432 {3|
1257 5362 1439 5414 malim
1454 5347 1591 5422 ’ὅτις
1634 5367 1654 5395 '
1682 5363 1744 5418 τὸ
1768 5347 2095 5428 msero-divo;
2127 5362 2170 5420 C
2196 5380 2210 5417 :
2235 5347 2331 5417 τοῦ
2349 5347 2690 5426 Ποσειδῶνος
2724 5347 2816 5426 si:
2837 5359 2862 5394 ³
2887 5357 3051 5413 τόπον
3075 5375 3158 5431 pr.
3195 5347 3280 5416 ΕΞ
3313 5356 3479 5413 τύπον
3510 5372 3573 5425 ς.

286 5423 312 5457 δ
331 5419 497 5487 φασιν
528 5421 791 5497 Scaliger.
881 5438 902 5469 δ
926 5419 1327 5502 παραττόμένοι
1374 5432 1437 5486 C.

359 5604 474 5681 (40)
512 5608 696 5667 Pallas
724 5629 854 5685 quas
888 5615 1121 5671 condidit
1154 5629 1299 5670 arm
1325 5611 1449 5685 Ipsa
1475 5614 1628 5671 colat.
1674 5525 2054 5688 (Υπιέῗτῶ.
