3990 6232
449 294 584 361 1339
1574 250 1843 351 .PHOTII
1882 284 2388 348 eammeam
2417 286 2524 347 ep.
3577 291 3701 357 mo

446 400 564 464 tem'
589 421 690 477 pro
722 404 993 462 moenibus
1013 417 1185 471 mare,
1222 410 1276 459 et
1310 417 1411 473 pro
1438 401 1681 458 turribus
1713 400 1941 467 insulas,
1967 407 2021 455 et

2147 400 2295 452 ἲαίων
2352 402 2655 472 ἀπαιτῆσαι
2710 400 2869 467 δίκας
2927 398 3260 457 ἐσπούδακα.
3297 404 3482 475 Δῆμος
3512 404 3708 477 Ἕλλην

444 515 547 572 pro
583 505 780 553 ornatu
825 505 1047 566 tropaea.
1090 494 1147 549 Si
1193 503 1250 549 et
1272 493 1534 549 terminos
1596 491 1785 547 studes
1833 506 2036 559 cogno-

2147 492 2225 545 5ιᾶ
2243 492 2459 562 Πέρσας
2475 491 2763 563 τοῦξκοινοῦ
2789 492 2978 563 γένους
2999 493 3292 565 προδοσίαν
3321 495 3711 566 κατέγνωσται»

447 605 628 654 scere,
671 587 1036 644 obivit‘fama
1064 594 1233 641 totum
1286 595 1550 641 terrarum
1595 583 1804 649 orbem,
1839 582 2037 655 363b

2147 583 2232 637 καὶ
2261 582 2416 646 πόλις
2445 583 2552 656 ἐμὴ
2570 586 2590 617 ⁸
2617 585 2885 657 Περσικὸν
2911 586 3131 653 ἐδέξατο
3158 589 3302 643 κατὰ
3326 588 3435 644 τῶν
3451 589 3714 660 Ἐλλήνων

451 692 651 737 terram
690 693 797 749 qua
842 678 975 744 itur,
1017 692 1167 732 mare
1206 692 1309 747 qua
1354 677 1659 743 navigatur.
1708 672 1818 730 llos
1862 675 2034 730 Athe-

2147 672 2518 744 στρατόπεδον.
2548 674 2755 747 Κέρδος
2772 676 2873 730 οὐκ
2907 676 3207 749 Ἀθηναίων
3244 678 3426 750 μόνον,
3459 678 3596 732 ἀλλὰ
3626 681 3717 734 καὶ

450 774 667 828 nienses
694 773 833 827 duce
861 769 1228 827 Themistocle
1257 768 1532 823 consecuti
1589 775 1713 822 sunt
1745 767 2029 822 terminos.

2147 763 2314 818 κοινὸν
2336 763 2445 819 τῶν
2476 765 2747 837 Ἐλλήνων
2804 767 3082 834 ἁπάντων,
3139 769 3348 840 Πέρσαι
3402 769 3716 841 νικώμενοι.

447 863 742 920 Posmlabo
762 881 791 918 a
821 861 1001 917 Xerxe
1033 875 1140 916 non
1170 859 1473 930 oleaginum
1520 873 1733 913 ramum
1771 855 2025 924 Palladis,

2147 857 2261 911 Εῑθε
2312 857 2408 911 καὶ
2465 859 2547 924 είς
2617 859 2802 926 Πύλας
2862 862 3290 934 ἀπηντήσαμενί
3342 863 3606 934 τρόπαιον
3656 861 3722 916 ἂν

445 956 539 1009 sel
572 953 851 1024 platanum
877 968 892 1007 :
921 961 981 1007 nt
1010 952 1118 1007 duo
1142 950 1380 1007 Palladis
1409 958 1609 1018 tropaea
1653 947 1805 1015 juxta
1844 962 2024 1003 arcem

2147 950 2449 1006 ἐδείκνυσαν
2469 946 2581 1008 ’νῦν
2610 952 2731 1007 ἀντὶ
2778 952 2873 1008 τοῦ
2902 955 3075 1025 τάφου
3118 954 3557 1026 Λακεδαιμόνιοι.
3597 954 3724 1008 Ἐπὶ

445 1052 755 1118 vidcantur,
779 1059 968 1105 contra
993 1046 1303 1120 Neptunum
1339 1046 1479 1115 olea,
1534 1051 1727 1101 contra
1753 1042 2025 1101 Barbaros

2147 1043 2344 1115 Ξέρξην
2370 1044 2543 1110 καλῶ,
2598 1045 2691 1100 ἐπὶ
2712 1043 2940 1119 Ξέρξην,
2977 1047 3264 1115 Ἀπολλον,
3294 1048 3386 1102 τὸν
3414 1048 3578 1118 μέχρι
3614 1046 3725 1101 τῶν

445 1142 720 1213 platanus.
2137 1137 2347 1193 ἀδύτων
2398 1139 2830 1211 στρατεύσαντα,
2878 1141 2974 1196 τὸν
3028 1143 3143 1207 τοῖς
3178 1143 3345 1213 ἱεροῖς
3375 1158 3470 1195 σου
3501 1141 3726 1212 τρίποσι

445 1234 507 1289 τδ
530 1234 641 1306 πῦρ
673 1233 975 1305 προσάγειν
1019 1231 1495 1303 φιλονεικήσαντα,
1536 1231 1604 1285 δι’
1664 1232 1724 1287 ὃν
1766 1232 2030 1305 ἐκίνησας
2068 1230 2352 1302 φάσματα.
2406 1231 2606 1285 Δοῦναι
2655 1233 2796 1287 θέλω
2850 1234 3087 1298 καὶτοῖς
3167 1234 3389 1306 χωρίοις
3442 1232 3553 1288 ἀπὸ
3614 1232 3725 1285 τῶν

446 1323 596 1396 ἐμῶν
649 1323 1090 1395 κατορθωμάτων
1138 1321 1401 1393 ὀνόματα,
1461 1320 1646 1375 καὶτὰ
1707 1322 1921 1392 πελάγη
1968 1320 2062 1373 καὶ
2132 1320 2262 1382 τοὺς
2318 1323 2598 1390 ποταμοὺς
2646 1321 2755 1375 ἀπὸ
2800 1322 2907 1377 τῶν
2961 1324 3109 1395 ἐμῶν
3156 1322 3435 1391 τροπαίων
3468 1319 3590 1394 [591
3626 1320 3725 1393 Η.]

448 1416 704 1488 μᾶλλονῆ
732 1414 842 1469 τῶν
895 1413 1138 1487 ἀρχαίων
1189 1412 1471 1483 ὀνομάτων
1506 1412 2035 1485 προσαγορεύεσθαι.
2077 1411 2212 1465 Πότε
2236 1406 2329 1464 οὖν
2355 1409 2389 1480 ἢ
2416 1412 2579 1466 πόθεν
2609 1415 2845 1469 ἀνοικιοῦ
2858 1433 2958 1487 μεν
2991 1415 3091 1488 τὴν
3154 1418 3347 1487 πόλιν;
3417 1416 3731 1489 ὑπέκρουσέ

443 1530 550 1576 τις.
600 1510 770 1566 Ποίαν
801 1509 910 1582 γὰρ
949 1509 1226 1581 ἐπιζητεῖς
1271 1504 1352 1559 ἐτι
1386 1506 1562 1573 πόλιν,
1621 1506 1721 1571 τάς
1774 1508 2020 1579 τριήρεις
2061 1506 2220 1576 ἔχων,
2263 1508 2361 1578 τῆς
2408 1511 2535 1573 νέας
2595 1508 2806 1573 πόλεως
2857 1509 3102 1581 οἰκιστὴν
3152 1509 3291 1581 ἔχων
3338 1510 3431 1565 τὸν
3470 1510 3726 1576 Πύθιον;

444 1606 816 1678 Προὸάλλεται
854 1606 913 1659 δὲ
942 1604 1114 1675 αὑτῆς
1144 1602 1264 1657 ἀντὶ
1289 1603 1387 1675 μὲν
1413 1599 1606 1671 τειχῶν
1630 1600 1729 1667 τὴν
1750 1598 2051 1668 θάλασσαν,
2092 1601 2212 1655 ἀντὶ
2235 1602 2291 1657 δὲ
2323 1603 2572 1674 πύργων,
2594 1603 2707 1673 τὰς,
2722 1601 2939 1673 νήσους,
2968 1603 3089 1657 ἀντὶ
3114 1602 3171 1657 δὲ
3205 1602 3416 1675 κόσμου
3463 1601 3533 1657 τά
3594 1601 3731 1675 τρό-

445 1716 601 1754 παια.
632 1698 694 1752 El
721 1697 778 1753 δὲ
801 1698 897 1751 καὶ
938 1697 1064 1760 τοὺς
1112 1696 1272 1765 ὄρους
1300 1693 1473 1764 αὑτῆς
1538 1690 1820 1762 ἐπιζητεῖς
1890 1692 2103 1763 μαθεῖν,
2145 1695 2400 1764 περίελθε
2424 1693 2609 1766 κύκλῳ
2628 1695 2705 1766 τῷ
2736 1694 2980 1769 λογισμῷ
2994 1698 3091 1771 τὴν
3133 1699 3461 1772 οἰκουμένην
3486 1698 3732 1762 ἃπασαν,

445 1790 540 1844 καὶ
558 1792 660 1862 γῆν
687 1791 785 1861 ὅση
812 1787 974 1859 βατὴ,
1002 1787 1098 1841 καὶ
1128 1785 1397 1840 θάλατταν
1417 1787 1588 1856 ὁπόση
1607 1785 1836 1856 πλόϊμος
1857 1783 1880 1815 ⁷
1902 1800 1918 1815 ·
1972 1778 2118 1839 οὗτοι
2181 1786 2291 1842 τῶν
2372 1787 2612 1860 Ἀθηνῶν
2672 1787 2780 1841 τῶν
2826 1790 2920 1842 ἐπὶ
2971 1791 3406 1861 Θεμιστοκλέους
3470 1792 3519 1844 οἱ
3584 1791 3731 1863 ὅροι.

458 1877 774 1954 ’Δπαιτήσω
803 1879 1006 1951 Ξέρξην
1043 1880 1163 1935 όιντὶ¹
1213 1878 1308 1933 τοῦ
1361 1879 1555 1934 θαλλοῦ
1585 1882 1685 1950 τῆς
1718 1877 1951 1949 Ἀθηνᾶς
1986 1878 2088 1949 τὴν
2119 1879 2411 1945 πλάτανον,
2453 1881 2543 1936 ἵνα
2574 1881 2667 1934 δύο
2694 1882 2958 1953 βλέπηται
2980 1883 3076 1955 τῆς
3117 1883 3240 1938 θεοῦ
3268 1882 3412 1938 κατὰ
3431 1882 3531 1956 τὴν
3561 1884 3736 1954 ἀκρό-

449 1974 604 2030 πολιν
624 1974 885 2045 τρόπαια,
923 1972 1063 2027 κατὰ
1095 1973 1191 2045 μὲν
1214 1972 1547 2036 Ποσειδῶνος
1575 1973 1603 2025 ό
1641 1971 1856 2039 θαλλὸς,
1888 1971 2033 2027 κατὰ
2068 1973 2124 2026 δὲ
2149 1974 2257 2027 τῶν
2290 1974 2583 2046 βαρϐάρων
2609 1978 2642 2047 ἡ
2676 1976 2967 2043 πλάτανος.

662 2065 749 2121 Ex
779 2065 1031 2120 Oratione
1071 2065 1316 2119 militari.
1350 2096 1421 2106 —-
1452 2063 1798 2123 Prowmium.

522 2158 639 2215 Non
669 2157 932 2227 astipulor
964 2159 1051 2223 iis,
1080 2158 1169 2228 qui
1200 2174 1410 2219 eorum,
1452 2157 1543 2227 qui
1584 2157 1901 2213 memoriter
1945 2173 2035 2213 so—

452 2253 563 2306 lent
612 2251 817 2315 dicere,
851 2250 1023 2319 legem
1072 2250 1499 2319 reprehendunt,
1548 2264 1736 2302 verum
1786 2248 2036 2305 laudato-

456 2342 608 2396 ribus
641 2340 937 2396 assentiar.
974 2340 1283 2395 Ahsurdnm
1315 2339 1458 2393 enim
1494 2346 1576 2392 est
1612 2352 1735 2392 cum
1765 2354 1793 2392 a
1827 2353 2036 2394 memo-

455 2434 533 2487 ria
564 2433 776 2487 dicendi
809 2431 1110 2487 subsidium
1144 2438 1332 2500 petant
1363 2438 1634 2495 oratores,
1666 2441 1856 2485 contra
1890 2446 2037 2486 eam-

453 2529 575 2581 dem
614 2528 821 2581 dicere.
856 2524 1162 2596 chislator
1198 2525 1341 2580 enim
1380 2536 1580 2579 metum
1614 2526 1803 2581 mortis
1836 2528 2038 2581 oratio-

455 2619 540 2673 nis
573 2617 835 2687 dignitate
878 2618 1145 2681 eximens,
1179 2616 1463 2671 audaciam
1494 2625 1769 2670 strenuam
1802 2616 1856 2670 in
1888 2618 2036 2687 peri-

454 2708 617 2773 culis,
641 2708 897 2762 omnibns
928 2706 1132 2773 injecit.
1163 2704 1364 2761 Laudis
1399 2722 1645 2771 causam,
1676 2722 1790 2762 mea
1822 2708 2037 2777 quidem

454 2801 748 2867 sententia,
793 2816 985 2855 omnes
1041 2814 1385 2855 communem
1438 2798 1641 2853 habent
1680 2815 1692 2852 :
1743 2810 1798 2855 at
1845 2801 2038 2856 horum

454 2893 695 2947 virorum
724 2908 834 2961 prae
859 2891 1071 2947 caeteris
1107 2892 1306 2946 eximia
1339 2899 1441 2945 est.
1475 2889 1704 2957 Quidam
1735 2892 1881 2945 enim
1913 2892 2040 2947 dum

455 2986 592 3041 alios
636 2985 857 3041 laudare
899 2992 1186 3049 conantur,
1224 2993 1283 3039 ut
1329 3000 1496 3054 genus
1543 2999 1607 3039 ac
1648 2984 1871 3054 stirpem
1905 2999 2042 3054 pra“;

456 3078 658 3141 dicent,
692 3077 759 3131 ad
791 3074 1054 3142 majorum
1085 3075 1330 3130 encomia
1363 3075 1664 3130 orationem
1695 3084 2038 3142 convertunt,

457 3178 551 3224 aut
579 3169 809 3238 patriam
847 3168 988 3223 unde
1020 3166 1253 3236 majores
1282 3167 1630 3223 exstiterunt.
1663 3166 1862 3225 Omnes
1896 3169 2040 3224 enim

456 3263 547 3332 qui
573 3261 883 3329 laudantur,
910 3260 1084 3316 exteri
1111 3260 1225 3315 fere
1254 3258 1496 3315 luerunt.
1522 3263 1627 3318 Sed
1661 3263 1920 3320 adversus
1945 3264 2043 3320 hos

457 3355 574 3410 haec
596 3355 679 3409 lex
717 3369 819 3408 non
840 3354 991 3421 vicit,
1019 3352 1113 3409 sed
1138 3353 1296 3408 sinml
1324 3356 1684 3412 Athenienses
1720 3358 2040 3412 nominave-

458 3456 564 3513 rat,
592 3457 646 3501 et
667 3448 767 3502 hac
787 3446 1148 3517 appellatione
1170 3445 1413 3501 ostendis
1434 3446 1717 3518 indigenas
1735 3449 2043 3505 esse.Vive-
2069 3426 2116 3486 ο

457 3540 587 3594 bant
609 3539 725 3593 sine
746 3538 934 3605 armis,
970 3538 1075 3593 tela
1098 3553 1202 3592 non
1230 3538 1619 3607 producebant,
1649 3541 1805 3610 equis
1833 3542 1911 3595 uti
1934 3557 2041 3596 non

456 3631 775 3688 didicerant.
801 3630 932 3686 Usui
963 3642 1137 3685 tamen
1164 3645 1283 3685 esse
1312 3629 1494 3685 docuit
1516 3644 1685 3699 equos
1717 3630 1766 3685 in
1790 3632 2045 3686 certami-

458 3722 617 3776 nibus
662 3735 725 3775 ac
763 3719 983 3790 przeliis.
1016 3718 1075 3773 1n
1112 3719 1501 3774 certaminibus
1530 3734 1684 3774 ramo
1722 3729 1776 3775 et
1801 3720 2045 3791 germine

456 3813 705 3884 oleagina
766 3813 1049 3867 victoriam
1100 3810 1510 3867 denuntiabant.
1553 3812 1686 3867 Cum
1728 3828 1879 3868 ramo
1913 3812 2045 3869 olea:

459 3901 602 3967 dico,
644 3903 799 3956 deam
835 3901 1032 3955 indico.
1058 3899 1172 3955 Hoc
1205 3901 1349 3956 enim
1380 3900 1615 3957 Palladis
1651 3902 1860 3974 insigne
1897 3904 2046 3958 exis-

458 3994 613 4047 timo.
638 3991 750 4047 Nec
780 4008 910 4047 vero
930 3993 981 4047 id
1013 3992 1154 4062 quod
1184 3991 1486 4060 lmjusmodi
1509 3994 1633 4063 quis
1659 3994 1877 4060 dixerit,
1909 3992 2045 4047 dilii-

459 4085 562 4141 cile
590 4095 672 4141 est
695 4086 759 4139 ad
785 4082 1165 4138 inveniendum
1199 4102 1213 4138 :
1251 4083 1439 4139 saltem
1466 4096 1524 4138 nt
1545 4085 1660 4139 haec
1689 4099 1794 4139 non
1822 4082 2044 4137 imitans

464 4175 649 4247 procul
683 4175 751 4230 ab
788 4177 853 4231 iis
888 4176 1053 4231 rebus
1107 4177 1198 4242 sit,
1248 4191 1382 4246 quas
1429 4176 1648 4247 quidem
1701 4175 1897 4245 partim
1947 4188 2045 4244 pro

463 4269 682 4325 civitate
728 4269 962 4337 majores
1009 4268 1121 4325 illic
1163 4265 1488 4339 iacentium,
1529 4269 1726 4340 partim
1773 4283 1901 4323 vero
1947 4282 2045 4337 pro

464 4365 717 4419 universa
768 4361 979 4419 Graecia
1034 4361 1127 4417 lilii
1184 4373 1440 4432 parentes
1498 4378 1626 4417 suos
1677 4360 1893 4426 imitati,
1949 4375 2045 4430 per

462 4471 677 4511 omnem
702 4464 919 4510 mlatem
949 4465 1004 4511 et
1033 4454 1433 4511 successionem
1464 4457 1639 4525 gentis
1671 4451 2042 4509 fortitudinem

466 4547 802 4617 proferentes
826 4556 1216 4616 susceperunt.
1252 4545 1662 4600 lleraclidarum
1698 4560 1827 4600 vero
1855 4554 2045 4614 poten-

467 4639 597 4693 tiam
654 4639 1035 4704 admittentes,
1086 4639 1309 4693 alterius
1362 4639 1578 4707 quidcm
1625 4637 1850 4706 injurias
1893 4653 2044 4693 com-

2071 2078 2113 2133 Β
2145 2066 2308 2140 [1105
2338 2067 2429 2141 IL]
2466 2070 2576 2138 Ἔλε
2585 2069 2690 2125 τοῦ
2709 2071 3181 2142 πολεμαρχικοῦ.
3204 2102 3274 2113 —-
3296 2072 3367 2125 Τὸ
3381 2072 3725 2142 προοίμιον.

2208 2160 2281 2214 Οὐ
2305 2163 2417 2225 τοῖς
2442 2161 2672 2232 ψέγουσι
2705 2162 2795 2216 τὸν
2819 2163 2984 2234 νόμον
3012 2162 3124 2217 τῶν
3151 2161 3245 2216 ἐπὶ
3280 2162 3377 2216 τοῦ
3438 2163 3734 2234 μνήματος

2139 2253 2405 2308 εἰωθότων
2450 2254 2655 2322 λέγειν,
2687 2256 2826 2309 ἀλλὰ
2860 2257 2974 2319 τοῖς
3023 2255 3310 2309 ἐπαινοῦσι
3364 2255 3733 2327 συνθήσομαι.

2140 2342 2250 2396 Καὶ
2278 2342 2385 2413 γάρ
2418 2344 2619 2398 ἄτοπον
2646 2345 2746 2413 τὴν
2778 2344 2871 2398 τοῦ
2901 2345 3085 2412 λέγειν
3136 2343 3390 2407 ἐξουσίαν
3441 2345 3574 2415 παρ’
3632 2346 3732 2398 αὑ-

2140 2434 2234 2486 τοῦ
2267 2434 2554 2501 λαϐόντας,
2617 2436 2738 2489 κατ’
2779 2435 2980 2490 αὑτοῦ⁸
3044 2439 3109 2508 τῇ
3148 2435 3347 2509 [παρὰ]
3399 2435 3493 2490 τοῦ
3549 2436 3735 2505 λέγειν

2141 2525 2359 2597 ἐξουσία
2395 2528 2652 2599 χρῆσθαι.
2684 2526 2788 2582 Τὸν
2820 2530 2929 2600 γάρ
2978 2529 3044 2582 ἐκ
3076 2527 3171 2581 τοῦ
3202 2527 3435 2583 θανάτου
3481 2528 3652 2598 φόϐον
3707 2530 3737 2582 ό

2142 2618 2437 2688 νομοθέτης
2461 2621 2526 2689 τῇ
2557 2619 2710 2691 παρὰ
2740 2619 2832 2673 τοῦ
2864 2619 3024 2689 λόγου
3053 2622 3187 2691 τιμῇ
3208 2619 3731 2692 παραμυθούμενος,

2143 2712 2334 2766 ἄοκνον
2365 2714 2497 2766 πᾶσι
2524 2713 2622 2784 τὴν
2645 2714 2850 2786 τόλμαν
2870 2714 2967 2786 τὴν
2996 2714 3135 2786 ὑπὲρ
3161 2713 3271 2767 τῶν
3290 2713 3556 2767 κινδύνων
3587 2713 3732 2767 καθα

2147 2803 2377 2874 ίστησιν.
2418 2803 2484 2856 Ἠ
2518 2804 2574 2856 δὲ
2601 2804 2711 2857 τῶν
2760 2804 3053 2874 ἐγκωμίων
3081 2804 3224 2875 ἀρχὴ
3259 2802 3337 2874 τῷ
3378 2803 3476 2872 μὲν
3499 2804 3520 2834 ⁸
3543 2802 3729 2856 δοκεῖν

2146 2894 2299 2965 κοινὴ
2330 2896 2464 2966 πρὸς
2502 2896 2752 2958 ἅπαντας
2782 2895 2848 2961 ¹⁰,
2879 2895 2940 2949 τὸ
2996 2895 3041 2949 δ’
3097 2894 3297 2965 ἀληθὲς
3364 2892 3475 2947 τῶν
3517 2893 3735 2963 ἀνδρῶν

2145 2987 2348 3041 τούτων
2374 2987 2672 3059 ἐξαίρετος.
2711 2989 2775 3043 Ui
2803 2988 2901 3059 μὲν
2932 2987 3038 3061 γὰρ
3069 2989 3195 3052 τοὺς
3237 2985 3431 3049 ἄλλους
3486 2985 3739 3038 ἐπαινεῖν

2147 3079 2565 3145 σπουδάζοντες,
2599 3080 2687 3135 ἵνα
2734 3081 2796 3133 τὸ
2842 3080 2997 3149 γένος
3043 3080 3381 3152 ὑμνήσωσιν,
3404 3079 3483 3143 είς
3530 3077 3740 3148 προγόο

2146 3188 2252 3226 νων
2286 3170 2439 3235 τινὰς
2468 3171 2745 3243 εὐφημίας
2773 3171 2874 3242 τὴν
2902 3171 2997 3225 τοῦ
3026 3171 3208 3241 λέγειν
3260 3169 3424 3240 φύσιν
3460 3167 3737 3223 ἀναϐιϐά-

2148 3266 2357 3332 ζουσιν,
2385 3265 2418 3337 ἢ
2449 3265 2546 3337 τὴν
2596 3266 2700 3336 γῆν
2746 3264 2867 3318 ὅθεν
2898 3265 2947 3318 οἱ
2971 3264 3227 3337 πρόγονοι
3256 3262 3365 3317 τῶν
3400 3260 3740 3330 ἐπαινουμέ⁴

2148 3376 2253 3411 νων
2281 3358 2549 3427 ἐγένοντο.
2582 3357 2788 3420 Πάντες
2810 3357 2919 3429 γὰρ
2964 3354 3227 3419 ἐπιεικῶς
3259 3356 3310 3408 οἱ
3343 3355 3603 3425 πρόγονοι
3627 3351 3739 3404 τῶν

2149 3448 2426 3519 πανταχοῦ
2453 3448 2884 3520 θαυμαζομένων
2905 3448 3193 3520 ἐπήλυδες.
3225 3448 3299 3501 Οὑ
3329 3447 3440 3517 μὴν
3472 3445 3567 3499 καὶ
3595 3442 3742 3498 κατὰ

2149 3539 2354 3592 τούτων
2376 3541 2404 3591 ό
2433 3539 2597 3609 νόμος
2631 3534 2787 3602 οὗτος
2817 3539 3125 3609 νενίκηκεν,
3153 3538 3268 3592 ἀλλ’
3307 3536 3444 3608 όμοῦ
3474 3553 3536 3589 τε
3570 3534 3740 3605 Ἀθη-

2151 3630 2333 3692 ναίους
2368 3630 2620 3700 εἴρηκας,
2666 3630 2762 3682 καὶ
2818 3627 2960 3700 μετὰ
3021 3628 3123 3698 τῆς
3180 3624 3499 3695 ἐπωνυμίας
3554 3623 3740 3694 δηλοῖς

2149 3724 2275 3787 τοὺς
2304 3721 2653 3792 αὐτόχθονας.
2696 3722 2928 3785 Ἀοπλος
2955 3716 3023 3791 ἦν
3061 3723 3089 3773 ό
3119 3719 3234 3791 βίος
3259 3736 3275 3752 ·
3311 3718 3453 3772 ὅπλα
3480 3717 3592 3771 τῶν
3624 3733 3744 3770 κιν-

2151 3814 2478 3869 δυνευόντων
2500 3812 2837 3886 προύϐάλετο
2865 3814 2930 3867 ¹¹.
2970 3813 3189 3865 Ἵππων
3231 3811 3432 3883 χρῆσιν
3468 3809 3571 3863 οὑκ
3606 3808 3740 3879 ηπί-

2154 3924 2318 3961 στατο
2349 3923 2362 3936 ·
2396 3908 2610 3979 μερίζει
2664 3906 2858 3979 πρώτη
2910 3907 3045 3979 πρὸς
3092 3905 3289 3965 ἄθλους
3338 3904 3435 3958 καὶ
3488 3902 3736 3972 πολέμου

2152 3997 2343 4069 χρείαν
2374 3997 2472 4067 τὴν
2502 3999 2685 4052 ἵππων
2701 3997 2935 4067 γένεσιν.
2972 3995 3277 4067 Κριθείσης
3293 3994 3349 4048 δὲ
3372 3993 3475 4064 τῆς
3498 3992 3739 4064 ἁμίλλης

2153 4088 2333 4160 θαλλῷ
2363 4106 2421 4143 τε
2444 4089 2485 4119 ³⁸
2514 4088 2610 4142 καὶ
2633 4087 2860 4159 κύματι,
2900 4085 2979 4158 τῷ
3006 4085 3185 4157 θαλλῷ
3208 4085 3309 4156 τὴν
3331 4085 3512 4155 ψῆφον
3564 4084 3745 4138 τίθεν-

2151 4200 2260 4236 ται.
2292 4180 2381 4253 Τῷ
2407 4179 2583 4251 θαλλῷ
2616 4179 2660 4234 δ’
2688 4181 2817 4235 ὅταν
2852 4178 2992 4233 εἴπω
3013 4219 3029 4245 ,
3058 4182 3124 4249 τῇ
3159 4176 3330 4248 θεῷ¹³
3357 4177 3504 4245 λέγω
3523 4191 3538 4208 ·
3577 4173 3742 4245 Ἀθη-

2153 4275 2249 4335 νᾶς
2280 4270 2412 4339 γὰρ,
2439 4262 2616 4341 οίμαι,
2651 4268 2713 4322 τὸ
2744 4266 3054 4338 γνώρισμα.
3075 4266 3240 4320 Ἀλλὰ
3270 4264 3377 4337 γὰρ
3402 4265 3502 4335 οὑχ
3523 4264 3552 4317 ὅ
3576 4280 3633 4316 τι
3658 4279 3744 4325 τις

2151 4359 2390 4413 τοιοῦτον
2416 4357 2545 4429 εἴπῃ
2569 4357 2611 4389 ’⁸
2638 4356 2877 4429 χαλεπὸν
2921 4356 3126 4428 εὑρεῖν,
3175 4354 3289 4409 ἀλλ’
3331 4349 3478 4426 [οῦν]
3503 4354 3547 4385 ¹⁸
3588 4352 3743 4416 ὅπως

2157 4452 2231 4523 μὴ
2248 4450 2459 4515 τούτοις
2490 4450 2757 4521 ἑπόμενος
2797 4449 2988 4521 πόρρω
3040 4447 3148 4501 τῶν
3183 4447 3437 4518 πράξεων
3486 4447 3741 4516 γένηται,

2152 4542 2218 4600 ἃς
2246 4540 2403 4596 τοῦτο
2432 4542 2530 4612 μὲν
2567 4542 2707 4612 ὑπὲρ
2730 4543 2828 4611 τῆς
2877 4539 3088 4604 πόλεως
3121 4542 3171 4593 οἱ
3228 4539 3338 4593 τῶν
3380 4539 3509 4610 τῇδε
3544 4537 3740 4607 κειμέ-

2155 4655 2262 4691 νων
2291 4635 2571 4708 πρόγονοι,
2601 4634 2760 4688 τοῦτο
2788 4634 2846 4687 δέ
2899 4632 3043 4704 ὑπὲρ
3090 4632 3191 4702 τῆς
3239 4632 3367 4703 ὅλης
3404 4631 3448 4661 ¹⁶
3490 4629 3742 4691 Ἑλλάδος

465 4741 820 4797 ριἐριιετυῐιι,
868 4730 972 4785 sibi
1016 4744 1147 4784 vero
1197 4728 1477 4784 fortunam
1532 4737 1832 4793 mutantes,
1884 4728 2041 4783 totius

2154 4730 2376 4801 ἤραντο,
2411 4728 2599 4791 παῖδες
2634 4726 2876 4799 πατέρας
2916 4724 3267 4799 μιμούμενοι,
3295 4723 3392 4779 καὶ
3432 4721 3523 4776 διὰ
3557 4721 3741 4790 πάσης

467 4821 821 4892 Peloponnesi
864 4836 1021 4892 reges
1062 4835 1159 4889 pro
1204 4818 1482 4880 exsulibus
1534 4817 1798 4874 fecerunt.
1841 4818 2041 4876 invidia

2153 4788 2373 4892 ηλικίας
2394 4837 2453 4873 τε
2484 4788 2618 4891 ὁμοῦ
2637 4819 2733 4874 καὶ
2760 4788 3013 4889 διαδοχῆς
3066 4788 3163 4871 τοῦ
3186 4788 3379 4885 γένους
3409 4816 3513 4885 τὴν
3570 4788 3742 4882 eaqu-

466 4921 647 4968 autem
678 4923 805 4968 tunc
835 4913 1093 4983 temporis
1138 4913 1193 4966 in
1224 4911 1366 4966 hanc
1396 4909 1590 4967 urbem
1630 4911 1731 4966 tria
1764 4911 1902 4966 bella
1945 4911 2041 4969 Do-

2147 4914 2271 4983 χὲαν
2301 4911 2783 4976 καταϐιϐάζοντες.
2831 4909 3193 4979 Ἡρακλείδας
3243 4907 3301 4961 δὲ
3349 4905 3742 4975 ὑποδεξάμενοι

469 5005 642 5060 ricum
686 5006 867 5072 simul,
898 5015 951 5058 et
987 5003 1287 5058 Boeoticum
1337 5013 1394 5059 et
1441 5004 1664 5075 insuper
1695 5003 2041 5062 Chalcidense

2149 5007 2239 5059 τόν
2272 5005 2374 5075 μὲν
2408 5003 2699 5074 ὑϐρίζοντα
2728 5003 2827 5073 τῆς
2859 5001 3215 5075 παρανομίας
3249 4998 3523 5062 ἔπαυσαν,
3550 4997 3737 5058 αὑτοῖς

467 5098 835 5153 concitarunt.
864 5094 1063 5167 365a
1094 5095 1213 5162 Qua
1243 5095 1407 5167 igitur
1435 5095 1649 5152 ratione
1679 5094 1765 5151 his
1800 5095 2041 5151 omnibus

2151 5097 2339 5169 δὲτὴν
2402 5097 2573 5168 τύχην
2639 5095 2976 5167 ἀμείψαντες
3023 5093 3280 5165 βασιλέας
3324 5089 3739 5158 Πελοποννήσου

470 5187 602 5244 nubs
629 5187 869 5244 restitit?
896 5187 1224 5243 Ceciderunt
1250 5186 1446 5252 Bwoti,
1473 5186 1641 5243 Dores
1669 5187 1871 5243 servati
1899 5186 2041 5256 quie-

2152 5191 2336 5259 πάσης
2366 5189 2488 5243 ἀντὶ
2507 5188 2762 5258 φυγάδων
2779 5188 2819 5219 ¹⁷
2856 5187 3207 5258 εἰργάσαντο.
3259 5183 3516 5253 Ἐκίνησε
3542 5180 3738 5251 φθόνος

468 5289 701 5345 verunt;
751 5278 1140 5334 Chalcidenses
1194 5291 1384 5333 omnes
1441 5276 1656 5332 abducti
1716 5288 1861 5334 sunt.
1921 5276 2041 5331 Tria

2159 5279 2288 5353 [592
2312 5280 2405 5354 11.]
2428 5281 2560 5335 ποτέ
2584 5278 2726 5333 κατὰ
2776 5279 2876 5350 τῆς
2909 5279 3119 5342 πόλεως
3161 5274 3409 5347 Δωρικὸν
3441 5271 3578 5344 ὁμοῦ
3639 5268 3735 5323 καὶ

471 5384 605 5428 vero
659 5381 789 5428 tunc
845 5371 966 5426 ﬁxit
1016 5379 1254 5440 tropaea,
1299 5368 1395 5425 sed
1444 5366 1710 5423 illustrior
1755 5378 1841 5425 est
1887 5382 2041 5437 quam

2159 5371 2415 5427 Βοιώτιον
2450 5373 2546 5426 καὶ
2575 5370 2803 5443 προσέτι
2851 5369 3164 5425 Χαλκιδέων
3205 5366 3316 5422 τῶν
3366 5364 3462 5420 ἀπ’
3511 5360 3741 5425 Εὐϐοίας

1786 5527 2018 5585 VARUE
2051 5528 2464 5589 LECTIONES.

550 5646 1019 5734 ξιξμὴᾙΕλληνικῂ
1040 5647 1465 5734 Wernsdgrﬁus;
1510 5657 1555 5730 ,τ
1579 5646 1827 5734 πλώῖμοί
1849 5667 1909 5734 ς.
1974 5649 1996 5683 ⁸
2018 5646 2351 5734 antire-atqu
2368 5648 2507 5734 (λη’
2538 5647 2640 5734 μὲν
2667 5645 2922 5734 annuli.“
3012 5644 3157 5698 ἆπαν
3184 5643 3289 5734 Β.η
3307 5636 3737 5734 *ξετροιξξξιέὶζειξο

483 5705 638 5773 ΔΒΟΖ
681 5705 754 5753 ’³η
775 5718 857 5791 τε]
877 5705 938 5772 τε
964 5705 1148 5782 ἐλαίας
1169 5718 1231 5776 C.
1283 5720 1327 5753 ¹³
1349 5721 1414 5790 τῇ
1438 5716 1545 5790 θεῷ
1573 5705 1771 5805 ῥετῆν
1802 5705 1921 5774 iis-ev
1949 5737 2008 5783 ς.
2073 5720 2115 5752 ¹⁵
2136 5720 2277 5773 εἴποι
2312 5716 2370 5773 Β.
2435 5718 2478 5751 ¹⁵
2505 5705 2596 5773 οῦν
2628 5733 2735 5774 om.
2769 5719 2829 5775 C.
2879 5718 2923 5755 ¹⁶
2946 5716 3072 5785 ὅλης
3104 5730 3215 5771 om.
3248 5712 3310 5778 C,
3339 5713 3383 5747 ¹⁷
3414 5705 3654 5782 ἱρυγὰδδς
3669 5705 3730 5761 Bo
