3990 6232
373 218 509 286 1341

1367 227 1891 294 BIBLIOTHECA.
1923 257 1996 270 -
2031 233 2195 297 COD.
2223 235 2530 299 CCXLIII.

3490 228 3629 297 1342

353 333 421 386 ἐκ
438 330 625 404 τρίτου
659 332 918 406 πόλεμον.
957 335 1082 399 Πῶς
1109 332 1204 392 οὖν
1234 336 1409 394 ἅπασι
1436 341 1652 406 τούτοις
1719 345 1752 415 η
1788 343 1938 408 πόλις

2045 347 2273 402 victoria
2309 348 2589 403 celeritas.
2623 344 2747 403 Uno
2776 342 2864 400 die
2904 342 3122 400 Eubosis
3162 350 3220 398 et
3265 341 3469 398 Bmotis
3515 351 3630 398 tro-

351 424 631 496 ἀπέστης
666 423 895 481 ἔπιπτον
938 428 1186 495 Βοιωτοὶ,
1228 430 1456 502 Δωριεῖς
1478 435 1709 503 ἠγάπων
1769 434 1942 500 σωζό-

2044 451 2161 507 paea
2183 448 2365 494 erecta
2398 446 2547 495 sunt.
2581 436 2793 492 Etenim
2825 451 2947 491 cum
2976 435 3198 504 cupiam
3235 435 3488 506 omnibus
3516 433 3632 505 glo-

356 532 534 587 μενοι,
569 516 861 582 Χαλκιδεῖς
896 519 1136 583 ἅπαντες
1167 521 1382 592 ἤγοντο,
1417 525 1543 595 τρία
1590 525 1647 579 δὲ
1699 527 1938 597 εἱστήκει

2049 528 2145 585 τίω
2189 529 2424 601 aliquam
2469 539 2677 599 partem
2724 529 2793 584 iis
2842 527 3103 589 tribuere,
3135 528 3226 597 qui
3259 525 3631 597 superioribus

352 606 614 676 τρόπαια.
646 608 767 664 Τῶν
789 609 845 663 δὲ
868 611 1146 680 τροπαίων
1173 612 1235 665 τὸ
1261 614 1426 684 τάχος
1464 616 1583 670 ἐστὶ
1624 616 1943 689 λαμπρότε-

357 713 453 767 ρον
472 711 487 727 ·
522 698 587 752 rb
618 700 729 767 γὰρ
752 700 873 755 κατ’
903 698 1133 767 Εὐϐοίας
1154 703 1248 756 καί⁵
1272 704 1525 759 Βοιωτῶν
1549 708 1678 777 μιᾶς
1704 702 1774 779 ἦν
1807 709 1945 779 ἠμέ-

359 806 466 859 ρας
516 789 582 844 τὸ
638 793 1071 866 συναμφότερον.
1140 795 1300 849 ’Δλλά
1353 797 1464 870 γὰρ
1513 798 1668 854 ἔοικα
1715 803 1849 856 πᾶσι
1880 802 1943 857 τὸ

356 881 527 952 μέρος
552 883 861 939 ἀποδιδόναι
923 887 1022 958 τῆς
1076 888 1352 962 εὐφημίας
1409 889 1729 963 βουλόμενος
1762 895 1943 959 τοῖς¹⁸

352 970 471 1025 ἄνω
499 972 712 1044 χρόνοις
748 976 888 1048 ὑπὲρ
915 977 1014 1048 τῆς
1045 980 1307 1052 πατρίδος
1348 982 1444 1036 καὶ
1473 984 1674 1049 παντὸς
1695 984 1818 1054 ζτοῦ
1850 987 1943 1054 γέ-

354 1077 484 1126 νους
513 1063 656 1118 κατά
695 1065 795 1130 τὰς
826 1068 1008 1139 μάχας
1056 1071 1438 1142 πρωτεύσασιν
1463 1075 1531 1141 ¹⁹,
1566 1074 1692 1130 οὕτε
1728 1079 1941 1142 τούτοις

2045 619 2155 678 illis
2203 621 2537 693 temporibus
2574 635 2673 690 pro
2717 619 2916 690 patria,
2965 618 3222 688 omnique
3271 617 3489 688 populo,
3525 632 3629 687 pu-

2045 715 2261 784 gnando
2290 713 2492 784 primas
2536 711 2809 777 ferebant,
2841 711 2989 766 vis‘us
3032 723 3149 764 sum
3187 723 3253 763 ne
3298 708 3383 763 his
3410 708 3629 777 quidem

2048 806 2184 862 satis
2221 806 2436 877 dignam
2473 806 2789 871 contulisse,
2823 819 3003 860 rerum
3040 815 3317 874 gestarum
3359 800 3632 872 magnitu-

2049 897 2231 954 dinem
2266 897 2557 953 verborum
2597 897 2842 954 exilitate
2884 896 3202 962 deterendo,
3232 908 3407 963 neque
3452 892 3630 948 attin-

2048 991 2221 1061 gendo
2249 1006 2312 1047 ea
2350 1006 2579 1061 quorum
2628 993 2841 1047 laudem
2890 990 3162 1047 auditores
3194 989 3400 1060 pridem
3434 1003 3630 1059 exspe-

2048 1091 2261 1138 ctantes
2294 1083 2560 1155 indignari
2592 1083 2862 1149 videntur,
2891 1083 3034 1152 quod
3061 1096 3247 1138 eorum
3282 1079 3377 1136 fiat
3405 1080 3630 1136 minime

352 1152 456 1245 την
476 1153 633 1219 ἀξίαν
660 1161 848 1228 τηρεῖν
878 1162 956 1231 τῷ
983 1161 1044 1215 τὸ
1074 1162 1306 1233 μέγεθος
1323 1165 1435 1219 τῶν
1457 1166 1708 1238 πράξεων
1741 1169 1800 1222 ἐν
1854 1168 1935 1242 τῷ

2043 1173 2304 1230 desiderio
2332 1152 2487 1231 satis.
2527 1174 2651 1229 Haec
2682 1174 2847 1245 igitur
2871 1174 2992 1243 jam
3036 1176 3282 1230 oratione
3317 1173 3625 1228 tractanda.

353 1244 466 1300 τῶν
492 1246 666 1315 λόγων
690 1249 847 1320 τάχει
870 1252 1340 1322 συγκρύπτεσθαι,
1384 1257 1481 1312 καὶ
1527 1258 1693 1329 μήπω
1725 1259 1935 1314 τούτων

353 1339 794 1408 προσάπτεσθαι,
826 1336 902 1398 ὧν
932 1347 965 1415 ἡ
984 1346 1091 1399 τῶν
1117 1348 1487 1419 ἀκροωμένων
1508 1351 1809 1421 προσδοκία
1839 1354 1935 1426 ζη-

351 1429 525 1485 τοῦσα
549 1433 717 1489 πάλαι
737 1436 832 1490 τὸν
861 1436 1086 1492 ἔπαινον
1119 1441 1406 1511 ἀσχάλλειν
1432 1441 1607 1497 ἔοικεν
1657 1428 1739 1499 ὅτί
1769 1447 1936 1518 μήπω

2037 1262 2371 1321 Necessitate
2426 1279 2563 1321 vero
2618 1280 2803 1335 parem
2859 1265 3092 1321 dicendo
3150 1279 3256 1320 non
3315 1278 3456 1332 esse,
3519 1279 3625 1319 non

2042 1357 2166 1413 unis
2237 1356 2513 1427 proprium
2592 1356 2841 1427 crimen,
2889 1359 2986 1416 sed
3043 1371 3331 1415 commune
3384 1355 3628 1412 omnium

2044 1448 2228 1507 fuerit.

350 1525 454 1595 τῆς
496 1527 790 1597 ἐπιθυμίας
822 1530 1183 1601 ἐμπίπλαται.
1237 1535 1447 1590 Οὐκοῦν
1499 1536 1593 1591 ἐπὶ
1618 1537 1789 1592 ταῦτα
1837 1540 1939 1614 ἤδη
1980 1540 2120 1596 ίτέον
2154 1542 2414 1615 τῷλόγῳ.
2453 1544 2528 1598 Tb
2554 1544 2612 1599 δὲ
2644 1541 2705 1611 ἐξ
2730 1540 2979 1613 ἀνάγκης
3034 1540 3430 1597 ἀπολείπεσθαι
3496 1540 3628 1613 μέλ-

350 1615 467 1673 λειν
495 1619 605 1674 τῶν
640 1620 915 1691 πράξεων,
944 1624 1027 1676 ὅτι
1066 1625 1244 1681 κοινὸν
1280 1627 1558 1694 ἁπάντων,
1619 1629 1833 1695 οὐδενὸς
1876 1631 1942 1686 ἂν
1976 1631 2065 1703 εἴη
2093 1633 2300 1689 δίκαιον
2330 1634 2606 1708 ἔγκλημα.

423 1713 634 1784 Πέρσαι
697 1713 901 1785 κλῆρον
952 1715 1052 1770 ἕνα
1089 1716 1190 1789 τὴν
1236 1718 1326 1789 ὑφ’
1361 1721 1498 1792 ἡλίῳ
1543 1723 1725 1778 πᾶσαν
1757 1723 1931 1792 δεῖξαι

2109 1725 2289 1784 Persa:
2321 1738 2491 1783 totum
2524 1737 2791 1782 terrarum
2825 1724 3012 1782 orbem
3053 1740 3160 1781 uno
3188 1739 3355 1795 regno
3383 1724 3627 1783 volentes

349 1805 466 1868 τοῖς
488 1804 672 1869 ὅπλοις
702 1804 1036 1878 βουλόμενοι,
1070 1810 1253 1882 μικρῷ
1297 1812 1454 1885 μέρει
1498 1813 1578 1885 τῷ
1605 1816 1742 1887 πρὸς
1770 1817 1936 1872 ἐσπέσ-

354 1913 457 1967 ρον
506 1896 798 1969 πληρῶσαι
845 1899 943 1970 τὴν
972 1900 1273 1971 ἐπιθυμίαν
1318 1903 1667 1974 ἀπείργοντο.
1746 1907 1837 1972 Ὧς
1891 1909 1936 1962 δ’

351 1990 514 2054 ἀφεὶς
540 1988 636 2042 ἀπ’
659 1990 705 2021 ²⁰
738 1990 943 2055 Ἰωνίας
964 1993 992 2045 ό
1018 1992 1226 2059 στόλος,
1264 1996 1361 2049 καὶ
1391 1997 1558 2051 πάλιν
1604 2000 1934 2072 ἀποκρύψας

351 2077 552 2149 πλήθει
586 2080 724 2135 νεῶν
742 2083 803 2135 rb
853 2084 1202 2155 φαινόμενον,
1256 2089 1387 2159 περὶ
1429 2089 1530 2154 τὰς
1589 2091 1786 2162 νήσους
1837 2092 1937 2157 τὰς

349 2169 474 2224 κατ’
504 2172 729 2241 Αἰγαῖον
750 2174 1017 2245 ἐσχίζετο,
1065 2176 1228 2250 [1108
1274 2179 1367 2252 IL]
1411 2182 1513 2252 τὴν
1569 2182 1668 2253 μὲν
1720 2183 1937 2251 Ναξίων

350 2262 508 2316 πόλιν
535 2264 672 2335 πρὸς
699 2266 797 2337 τὴν
839 2267 1109 2323 θάλατταν
1139 2270 1301 2335 εὐθὺς
1333 2274 1637 2343 μερίζεται,
1698 2278 1764 2347 τῇ
1828 2279 1928 2348 μὲν

350 2353 512 2423 ἀφεὶς
533 2356 576 2386 ²¹
608 2356 749 2427 μετά
772 2358 871 2428 τῆς
896 2360 1215 2432 ἐπωνυμίας
1239 2362 1526 2435 τοῦδαφος,
1561 2366 1725 2432 αὐτὸς
1755 2368 1814 2421 δὲ
1868 2369 1930 2422 rb

350 2446 509 2512 γένος
534 2450 615 2511 εἰς
634 2449 734 2512 τὰς
759 2451 1005 2522 τριήρεις
1034 2452 1323 2524 ἐνθέμενος
1348 2472 1363 2487 ·
1401 2457 1494 2511 τὸν
1512 2459 1570 2512 δὲ
1612 2460 1935 2531 Ἐρετριέων

350 2537 523 2607 δῆμον
542 2538 721 2593 ὅπλων
747 2540 847 2611 μὲν
872 2542 975 2597 οὐκ
1009 2542 1268 2613 ἠξίωσαν,
1337 2546 1598 2602 ἐλάττονα
1652 2548 1929 2620 Περσικοῦ

354 2628 590 2701 πολέμου
616 2632 717 2703 τὴν
742 2632 914 2705 τύχην
948 2635 1128 2689 αὐτῶν
1151 2636 1495 2706 νομίσαντες,
1527 2641 1673 2711 χειρὶ
1696 2642 1753 2694 δὲ
1779 2644 1938 2712 χεῖρα

354 2722 556 2786 πάντες
579 2724 827 2794 ἀλλήλων
883 2727 1203 2798 συνέχοντες
1264 2731 1562 2801 σαγηνείας
1613 2733 1799 2788 είκόνα
1837 2734 1937 2806 τὴν

367 2814 690 2886 Ἐρετριέων
714 2817 924 2886 ἔδειξαν
951 2821 1236 2893 πόρθησιν.
1290 2822 1444 2876 Ἐπεὶ
1501 2822 1561 2877 δὲ
1591 2825 1688 2879 καὶ
1740 2827 1937 2899 Μαρα-

355 2908 526 2975 θῶνος
559 2912 791 2983 ἥψαντο,
821 2914 892 2968 τὰ
925 2913 1023 2985 μὲν
1050 2915 1159 2969 τῶν
1180 2916 1414 2971 ἐλπίδων
1431 2918 1722 2989 ἠφάνιστο,
1765 2920 1938 2990 ἐγνώ-

356 3020 514 3073 ρισαν
546 3004 602 3058 δὲ
623 3005 803 3071 καλῶς
827 3007 919 3062 διὰ
943 3009 1042 3079 τῆς
1066 3008 1266 3080 πείρας
1294 3010 1560 3077 μαθόντες
1582 3012 1707 3065 ὅσον
1750 3013 1813 3065 τὸ
1844 3014 1939 3083 μέ-

2039 1817 2337 1885 includere,
2378 1833 2475 1888 spe
2520 1832 2617 1873 sua
2666 1816 2912 1871 frustrati
2959 1824 3109 1882 sunt,
3147 1830 3270 1870 cum
3322 1829 3430 1870 una
3472 1822 3628 1883 parte

2042 1909 2405 1966 Occidentalis
2445 1908 2598 1980 regni
2629 1906 2982 1978 cupiditatem
3020 1904 3245 1975 implere
3283 1920 3393 1959 non
3438 1913 3626 1974 potue-

2040 2003 2167 2058 rint.
2215 2002 2419 2057 Classis
2466 2002 2611 2057 enim
2654 2015 2721 2056 ex
2775 1999 2921 2057 lonia
2983 1999 3241 2065 solvens,
3319 1998 3630 2065 iterumque

2039 2091 2385 2147 multitudine
2457 2092 2674 2145 navium
2752 2105 2939 2160 aequor
3023 2098 3244 2157 tegens,
3315 2088 3630 2157 insulasque

2038 2184 2207 2255 ΑΞεωί
2252 2186 2439 2249 maris,
2472 2184 2734 2255 dissipata
2766 2192 2871 2239 est.
2905 2182 3199 2237 Naxiorum
3235 2181 3453 2251 quidem
3495 2178 3629 2233 civi-

2042 2291 2205 2337 tatem
2260 2280 2326 2334 ad
2377 2262 2530 2334 mare
2583 2278 2768 2333 statim
2830 2276 3071 2340 invadit,
3131 2275 3224 2331 ubi
3266 2290 3385 2328 eam
3439 2273 3627 2328 urbem

2040 2376 2284 2431 funditus
2325 2390 2430 2429 una
2465 2389 2587 2430 cum
2623 2372 2842 2427 nomine
2882 2372 3193 2437 diruerunt,
3225 2378 3280 2424 et
3308 2377 3526 2439 gentem
3570 2366 3628 2421 in

2041 2470 2291 2523 triremes
2319 2469 2705 2534 imposuerunt.
2732 2464 2923 2535 Opera:
2950 2463 3181 2533 pretium
3224 2477 3330 2516 non
3357 2462 3631 2516 duxerunt

2037 2578 2161 2617 cum
2210 2560 2616 2616 Eretriensibus
2668 2557 2835 2612 armis
2883 2557 3183 2618 decertare,
3229 2553 3374 2624 quod
3430 2567 3623 2607 eorum

2040 2651 2309 2707 fortunam
2356 2651 2574 2706 Persico
2613 2650 2755 2705 bello
2797 2648 3109 2703 inferiorem
3153 2654 3426 2716 putarent.
3483 2642 3631 2699 Inter

2040 2760 2103 2800 se
2141 2744 2392 2798 manibus
2419 2743 2689 2798 consertis
2716 2743 2789 2796 ita
2820 2743 3137 2794 invaserunt
3164 2737 3525 2803 Eretrienses,
3567 2749 3631 2791 ac

2041 2834 2086 2890 si
2129 2834 2185 2889 in
2229 2849 2427 2904 sagena
2470 2832 2878 2888 concluderent.
2912 2830 3046 2885 Cum
3090 2828 3463 2884 Marathonem
3504 2828 3631 2882 atti-

2040 2925 2267 2996 gissent,
2301 2939 2427 2993 spes
2471 2922 2795 2977 labefactata
2842 2929 2949 2975 est.
2998 2920 3177 2976 Probe
3225 2920 3371 2975 enim
3415 2920 3631 2987 experi-

2042 3027 2225 3072 mento
2252 3017 2394 3071 docti
2426 3014 2750 3079 didicerant,
2780 3021 3044 3083 quantum
3079 3011 3221 3066 inter
3249 3026 3348 3066 nos
3408 3017 3462 3066 et
3497 3010 3631 3065 Ere-

355 3113 451 3163 σον
480 3097 803 3169 Ἐρετριέων
832 3099 929 3153 καὶ
955 3100 1055 3170 τῆς
1080 3101 1357 3176 ἡμετέρας
1414 3102 1643 3167 πόλεως.
1693 3104 1827 3158 Τότε
1855 3122 1938 3170 τις

2048 3108 2283 3164 trienses
2314 3107 2629 3162 interesset.
2662 3103 2799 3159 Tum
2848 3105 3057 3160 navalis
3085 3103 3303 3175 quidam
3342 3103 3496 3157 miles
3532 3103 3630 3156 ad-

352 3188 612 3245 καὶκατὰ
636 3191 897 3263 τριήρους
948 3190 1077 3264 ὅλης
1107 3192 1359 3257 ναυτικὸς
1413 3194 1754 3267 στρατιώτης
1793 3197 1941 3251 ἐτόλ-

355 3297 532 3351 μησεν
560 3296 575 3311 ·
617 3281 941 3354 ἐπιδραμὼν
969 3283 1078 3354 γάρ
1106 3286 1217 3349 τοῖς
1248 3284 1540 3353 φεύγουσιν
1566 3287 1647 3350 είς
1694 3288 1792 3358 τὴν
1846 3290 1941 3343 θά-

352 3374 558 3429 λασσαν
585 3373 871 3445 Φοινίσσης
903 3374 1041 3439 νεὼς
1066 3375 1425 3445 λαμϐάνεται,
1447 3378 1731 3448 κρείττονα
1761 3379 1939 3445 δεξιὰν

352 3465 498 3538 ἔχειν
530 3466 792 3538 τριήρους
819 3466 949 3538 ὅλης
977 3468 1243 3538 οἰόμενος.
1274 3467 1563 3534 Δείσαντες
1592 3471 1649 3524 δὲ
1666 3472 1809 3543 ὑπὲρ
1838 3475 1939 3545 τῆς

350 3556 612 3626 τριήρους
637 3557 687 3609 οί
723 3555 1010 3629 βάρϐαροι,
1053 3557 1127 3629 μὴ
1180 3556 1361 3623 δεξιᾶς
1419 3559 1673 3629 Ἀττικῆς
1712 3564 1939 3634 γένηται

349 3648 614 3721 λάφυρον,
652 3648 872 3703 πελέκει
904 3650 1004 3720 τὴν
1025 3653 1186 3722 χεῖρα
1219 3650 1557 3722 μερίζουσιν.
1592 3654 1652 3707 '0
1707 3655 1766 3709 δὲ
1795 3656 1937 3728 πλη-

350 3742 471 3812 γεὶς
508 3741 687 3797 ἔκειτο
737 3745 839 3816 τῆς
888 3744 989 3816 μὲν
1027 3749 1212 3816 χειρὸς
1251 3749 1573 3819 ἀφαιρεθεὶς
1597 3753 1663 3818 ”,
1722 3753 1824 3824 τῆς
1880 3752 1938 3806 δὲ

351 3835 613 3907 τριήρους
641 3835 923 3906 ἐχόμενος.
972 3833 1045 3892 Ὦ
1097 3839 1305 3910 πρῶτοι
1351 3842 1452 3914 τὴν
1496 3843 1726 3915 Περσῶν
1767 3844 1939 3916 τύχην

353 3928 699 3998 ἐλέγξαντεςί
734 3923 780 3983 ὦ
816 3930 1102 4002 κρείττους
1163 3933 1264 4004 τῆς
1313 3935 1666 4009 ἀνθρωπίνης
1711 3937 1929 4006 φύσεως

354 4017 510 4083 νίκας
534 4020 888 4090 νικήσαντεςῐ
920 4014 965 4074 ὧ
994 4021 1133 4092 μετά
1169 4022 1526 4095 διηγημάτων
1581 4025 1865 4093 πεσόντες,
1898 4026 1935 4083 ἃ

358 4109 497 4182 μήτε
524 4110 633 4183 πρὸ
663 4112 818 4182 ὑμῶν
849 4113 986 4184 μήτε
1017 4113 1136 4183 μεθ’
1172 4113 1317 4184 ὑμᾶς
1363 4118 1392 4169 ὁ
1431 4116 1621 4187 χρόνος
1669 4118 1934 4190 ἦνεγκενί

358 4197 407 4257 ὦ
438 4203 768 4275 σεμνότερον
824 4206 1088 4276 τροπαίου
1126 4205 1298 4274 τάφον
1376 4205 1823 4279 κτησάμενοιίῶ
1876 4210 1939 4265 rb

353 4295 699 4366 Μαραθῶνος
763 4296 938 4368 ὄνομα
981 4299 1095 4361 τοῖς
1122 4297 1288 4365 ἡλίου
1349 4299 1570 4369 δρόμοις
1618 4302 1935 4355 συναποτεί-

351 4393 569 4452 νοντεςι
605 4389 884 4460 Μαραθὼν
916 4390 1014 4461 μὲν
1034 4389 1237 4461 ἔχειτά
1268 4388 1516 4460 σώματα,
1535 4391 1634 4455 τὰς
1675 4392 1732 4445 δὲ
1759 4392 1936 4464 ψυχάς

350 4481 400 4533 oi
434 4481 837 4552 συστρατιῶται
871 4481 1007 4547 θεοὶ,
1035 4482 1105 4552 γῆ
1130 4482 1188 4534 δὲ
1217 4482 1278 4535 rb
1332 4482 1489 4546 κλέος
1532 4483 1628 4537 καὶ⁹
1675 4483 1935 4541 θάλαττα.

353 4572 712 4644 Θυμουμένου
738 4574 795 4628 δέ
824 4573 921 4628 τοῦ
940 4573 1142 4645 Ξέρξου
1188 4574 1330 4627 κατά
1376 4573 1478 4643 τῆς
1531 4574 1742 4638 πόλεως
1788 4574 1944 4629 οὐδὲν

352 4664 464 4718 τῶν
492 4665 712 4720 πάντων
740 4664 1036 4738 ἡσύχαζεν,
1066 4664 1205 4721 ἀλλὰ
1251 4666 1361 4720 πᾶν
1410 4664 1561 4736 αὐτῷ
1611 4668 1944 4720 συνεκινεῖτο

354 4759 452 4812 καὶ
472 4758 797 4823 συνεσείετο,
822 4758 1079 4831 καθάπερ
1104 4758 1442 4822 Ποσειδῶνος
1465 4757 1633 4813 αὐτοῦ
1657 4756 1942 4814 τινάσσον-

299 4852 305 4859 ’
353 4866 448 4911 τος
466 4849 511 4881 ’³
537 4850 641 4920 γῆν
666 4849 803 4919 ὁμοῦ
822 4851 1002 4904 πᾶσαν
1046 4851 1143 4904 καὶ
1173 4849 1446 4906 θάλατταν
1464 4851 1532 4906 ’⁵.
1585 4851 1659 4920 Γῆ
1686 4849 1818 4922 [595
1845 4849 1937 4923 Η.]

356 4940 419 4995 δὲ
472 4942 568 4994 καὶ
611 4941 852 4996 θάλαττα
912 4942 1013 5011 τὴν
1077 4941 1329 5013 ἀλλήλων
1380 4941 1543 5013 φύσιν
1591 4942 1936 5014 ὴλλάττοντο.

357 5034 485 5096 Tui;
503 5033 602 5105 μὲν
622 5034 890 5106 πορθμοῖς
915 5034 1156 5087 ἐπετίθει
1176 5034 1274 5106 τὴν
1297 5036 1545 5107 ἤπειρον,
1580 5035 1682 5099 τὰς
1713 5035 1771 5088 δὲ
1818 5036 1943 5088 Φοι-

358 5124 548 5189 νεσσας
570 5126 661 5179 διὰ
682 5126 790 5180 τῶν
821 5125 1031 5197 ἰσθμῶν
1052 5124 1320 5198 ἔπεμπεν.
1371 5126 1550 5198 Ὠερθη
1586 5127 1708 5181 τότε
1757 5114 1940 5198 πάσης

352 5216 574 5281 ἐλπίδος
608 5217 892 5291 κρείττονα
923 5218 1202 5291 θαύματα,
1233 5217 1400 5283 ἵππος
1451 5217 1574 5273 καθ’
1605 5218 1938 5291 Ἐλλησπόνη

357 5326 456 5363 του
474 5309 521 5341 ’⁸
543 5310 784 5383 Μηδικὴ,
816 5312 994 5366 καὶδι’
1040 5310 1194 5366 ’Ἄθω
1251 5311 1419 5381 μέσου
1468 5311 1651 5373 στόλος
1699 5309 1945 5382 τριηρῶν

357 5403 736 5476 πεμπόμενος.
779 5405 1060 5478 Ἀπείχετο
1086 5404 1132 5459 δ’
1154 5407 1183 5459 ὁ
1208 5402 1414 5478 Ξέρξης
1437 5405 1558 5459 οὐδὲ
1577 5404 1808 5475 ούρανοῦ
1828 5406 1945 5468 τοῖς

2048 3212 2238 3253 versus
2292 3199 2558 3265 integrant
2619 3196 2896 3251 triremem
2955 3210 3119 3251 ausus
3171 3203 3253 3251 est
3305 3196 3628 3264 depugnare.

2048 3288 2256 3359 Urgens
2292 3287 2560 3355 fugientes
2610 3288 2676 3342 ad
2718 3303 2867 3343 mare
2904 3287 3217 3353 Phoenicim,
3265 3286 3385 3340 navi
3440 3299 3632 3340 manus

2044 3382 2263 3453 injecit,
2318 3382 2592 3439 fortiorem
2644 3380 2964 3436 existimans
3015 3388 3129 3436 tota
3187 3380 3315 3434 navi
3360 3379 3628 3434 dextram.

2047 3473 2216 3539 Yeriti
2278 3485 2458 3530 autem
2522 3473 2786 3536 Barbari,
2851 3490 2919 3528 ne
2984 3473 3138 3527 navis
3193 3486 3382 3526 eorum
3440 3471 3632 3525 Atticm

2045 3566 2249 3621 dextrae
2296 3565 2350 3619 in
2389 3565 2625 3635 praedam
2673 3562 2914 3631 cederet,
2951 3563 3129 3618 securi
3178 3578 3399 3617 manum
3445 3577 3633 3632 ampu-

2045 3664 2165 3711 tant
2200 3674 2214 3710 :
2254 3657 2371 3727 ipse
2399 3671 2525 3712 vero
2571 3656 2792 3712 saucius
2825 3656 2943 3710 sine
2987 3670 3146 3709 manu
3182 3654 3430 3725 jacebat,
3475 3654 3631 3710 trire-

2044 3763 2187 3804 mem
2230 3758 2405 3804 tamcn
2457 3750 2737 3804 mordicus
2792 3757 3002 3802 tenens.
3053 3745 3098 3803 0
3149 3762 3244 3802 vos
3294 3747 3492 3817 primi,
3540 3747 3631 3817 qui

2045 3838 2334 3896 Persarum
2392 3838 2661 3895 fortunam
2719 3838 2998 3895 illusistisl
3057 3836 3102 3894 0
3146 3853 3246 3894 vos
3285 3839 3378 3907 qui
3432 3836 3633 3906 majora

2044 3931 2262 3986 vincitis
2321 3947 2483 4001 quam
2542 3940 2737 3986 natura
2799 3932 3035 3987 humana
3096 3931 3404 4001 permittat!
3446 3928 3492 3985 0
3538 3929 3631 4000 qui

2045 4006 2370 4076 occumbitis
2398 4038 2521 4077 cum
2555 4038 2618 4077 ea
2655 4038 2835 4078 rerum
2869 4032 3143 4093 gestarum
3193 4021 3442 4085 historia,
3472 4036 3633 4090 quam

2044 4125 2222 4181 neque
2270 4120 2395 4165 ante
2436 4125 2556 4176 vos,
2590 4126 2690 4166 nec
2736 4120 2858 4181 post
2896 4123 3111 4179 tempus
3157 4109 3316 4181 tulit}
3357 4109 3403 4165 Ο
3441 4110 3533 4178 qui
3570 4108 3635 4163 il-

2044 4204 2353 4260 lustriorem
2384 4202 2578 4275 3641)
2603 4204 2743 4258 nacti
2765 4204 2900 4259 estis
2924 4213 3126 4272 tropaeo
3158 4202 3510 4272 sepulturam,
3539 4201 3633 4271 qui

2044 4311 2242 4352 nomen
2275 4294 2611 4350 Marathonis
2634 4294 2763 4350 solis
2785 4295 3036 4349 cursibus
3081 4293 3406 4349 extenditis!
3453 4292 3634 4347 Mara-

2047 4389 2179 4443 thon
2214 4396 2360 4442 tenet
2390 4397 2568 4441 vestra
2614 4400 2866 4454 corpora,
2899 4386 3111 4439 animas
3149 4385 3250 4453 ipsi
3289 4385 3384 4450 dii,
3418 4385 3508 4454 qui
3539 4398 3634 4438 vo-

2043 4479 2256 4535 biscum
2291 4486 2621 4548 pugnarunt,
2649 4476 2872 4547 gloriam
2908 4486 3051 4530 terra
3086 4475 3330 4529 continet
3360 4489 3425 4528 ac
3460 4488 3628 4530 mare.

2040 4573 2252 4627 Xerxes
2303 4582 2484 4626 autem
2541 4571 2668 4625 huic
2726 4572 2847 4625 urbi
2900 4568 3134 4624 infestus
3179 4567 3313 4622 nihil
3367 4569 3630 4623 intactum

2040 4664 2279 4735 reliquit,
2309 4665 2403 4719 sed
2450 4664 2633 4718 omnia
2677 4664 2930 4718 movebat
2969 4670 3026 4716 et
3067 4661 3434 4727 concutiebat,
3467 4662 3631 4730 quasi

2040 4756 2326 4827 Neptunus
2381 4766 2582 4811 terram
2616 4766 2672 4809 et
2703 4755 2862 4809 simul
2900 4768 3050 4810 mare
3092 4764 3408 4810 concuteret
3439 4772 3453 4809 :
3490 4765 3633 4810 terra

2049 4860 2104 4905 et
2144 4866 2294 4905 mare
2333 4864 2485 4905 suam
2532 4848 2763 4904 invicem
2803 4857 3054 4902 naturam
3089 4849 3493 4917 permutabant.
3524 4847 3633 4902 lm-

2046 4944 2231 5013 posuit
2262 4951 2460 4998 terram
2496 4940 2672 5005 fretis,
2709 4950 2763 4995 et
2811 4938 3130 4996 Phoenicum
3165 4954 3331 4997 naves
3364 4955 3462 5010 per
3500 4955 3634 4995 con-

2047 5035 2309 5091 tinentem
2356 5034 2525 5089 misit.
2574 5032 2727 5090 Tunc
2773 5035 2921 5088 omni
2972 5047 3067 5103 spe
3116 5033 3320 5103 majora
3372 5033 3631 5086 miracula

2045 5129 2318 5194 vidimus,
2369 5141 2465 5197 per
2518 5124 2926 5196 Hellespontum
2982 5126 3257 5194 equitatus
3313 5124 3627 5191 Medorum,

2049 5238 2146 5293 per
2200 5221 2469 5277 Athonem
2500 5220 2804 5275 triremium
2836 5218 3027 5275 classis
3068 5220 3170 5279 iter
3213 5217 3360 5274 fecit.
3399 5217 3542 5283 Quin
3576 5228 3633 5274 et

2044 5315 2111 5369 ad
2146 5312 2343 5369 caalum
2384 5326 2556 5383 usque
2600 5310 2884 5366 audaciam
2935 5325 3090 5365 suam
3127 5308 3336 5365 Xerxes
3363 5309 3628 5377 extendit,

2042 5414 2097 5461 et
2137 5408 2250 5462 suis
2296 5404 2620 5477 prodigiosis
2668 5403 2831 5460 factis
2877 5402 3167 5460 transilivit
3198 5418 3228 5459 a
3256 5403 3387 5458 mari
3435 5402 3488 5458 in
3506 5411 3636 5467 dera

1668 5520 1909 5577 VARUE
1946 5521 2356 5579 LECTIONES.

447 5610 491 5693 ’ξ
520 5613 656 5699 τοῖς]
705 5614 1030 5699 ιιηιιξριιτοῖς
1081 5614 1168 5699 ἐν,
1193 5616 1325 5699 τοῖςἸ

1456 5616 1500 5652 ιθ
1525 5614 1888 5687 πρῳτεύσασα
1914 5633 1976 5687 ς’.

2110 5616 2154 5647 ὀ
2176 5616 2271 5669 ἀπ’
2300 5618 2338 5669 Λ
2370 5634 2382 5670 :
2412 5615 2499 5668 ἐπ’
2531 5632 2592 5679 ς.
2711 5615 2754 5649 ιι
2785 5613 2946 5680 ἀφεὶς
2971 5611 3187 5668 codices
3208 5608 3456 5670 Himerii.
3485 5608 3625 5669 Phor-

361 5683 490 5738 tiani
525 5683 742 5745 ἀφεῖσα.
818 5688 862 5720 ³³
884 5684 1270 5757 ἀφαιρεθείσης
1304 5686 1368 5742 Α.
1460 5683 1740 5759 "rivers.
1775 5686 1872 5758 τὴν
1892 5686 1996 5757 γῆν
2023 5703 2080 5751 ς.
2162 5686 2207 5721 ³⁵
2241 5685 2512 5743 θάλασσαν
2543 5685 2604 5741 Β.
2684 5686 2727 5720 ³⁵
2754 5684 3115 5755 έλλήσποντον
3140 5699 3200 5749 ς.
