3990 6232
457 287 595 357 1343

1526 326 1531 329 -
1601 283 1867 346 ΡΗΟΤΙΙ
1888 274 2397 345 PATRIARCH/E
2423 272 2534 334 ΟΡ.

3544 256 3669 322 1344

455 415 596 469 rain,
623 416 655 457 a
690 407 831 456 terra
861 399 914 454 in
947 396 1165 462 ctelum,
1201 394 1327 451 inde
1369 395 1424 450 in
1468 395 1658 450 solem.
1692 392 1826 448 Nam
1867 392 2016 462 jacu-

2131 386 2485 457 τολμήμασιν,
2514 377 2650 434 ἀλλὰ
2683 372 2868 448 μετῂει
2904 372 3000 427 καὶ
3040 367 3312 469 μετεπήδα
3337 370 3443 469 τοῖς
3479 367 3671 439 θαύμα.

426 492 575 550 ⁷Ιιιιι8
609 493 738 548 solis
777 492 954 548 lumen
1005 487 1240 554 obtexit,
1289 487 1549 556 navigans
1578 483 1745 540 maris
1776 491 2023 538 naturam

459 585 708 651 mutavit,
736 583 840 638 iter
867 582 1070 637 faciens
1099 594 1222 636 cum
1255 578 1496 634 exercitu
1528 587 1685 632 terrae
1713 574 2022 645 angustiam

458 678 742 735 incusavit.
806 675 1075 729 Praetereo
1131 672 1303 727 maria
1367 668 1676 725 triremibus
1736 675 2021 735 cooperta;

461 781 614 827 taceo
662 767 958 824 exercitum
1020 774 1228 820 naturae
1290 777 1571 819 numerum
1634 759 2022 825 excedentem;

455 860 650 917 omitto
679 867 864 927 gentes
901 856 1174 911 alimentis
1215 855 1519 927 praebendis
1561 856 1821 922 impares,
1850 861 1905 907 et
1935 863 2026 905 re-

457 967 577 1024 gem
612 951 810 1020 ubique
838 958 1037 1005 metum
1066 948 1440 1010 iucutientem,
1472 944 1691 999 ubinam
1720 957 1851 998 vero
1882 953 2028 998 esset

458 1053 676 1115 propter
723 1043 933 1113 copiam
982 1041 1277 1108 exercitus,
1324 1040 1654 1111 ignoratum.
1710 1034 2027 1106 Huiusmodi

462 1137 643 1208 itaque
691 1136 954 1202 tumultu,
1002 1150 1066 1191 ac
1122 1142 1272 1189 tanto
1317 1139 1527 1187 terrore
1582 1137 1727 1185 terra
1776 1128 2029 1183 universa

459 1233 743 1293 fremente,
783 1238 837 1283 et
877 1229 1129 1284 omnibus
1170 1226 1392 1283 Gracia:
1442 1227 1714 1282 interitum
1764 1236 2032 1294 auguran-

461 1325 624 1393 tibus,
652 1324 706 1379 bl
740 1323 953 1394 quidem
987 1330 1194 1376 tantum
1233 1320 1499 1376 commodi
1538 1321 1591 1374 in
1629 1317 2031 1375 calamitatibus

460 1416 768 1485 sperabant,
801 1422 1062 1484 quantum
1101 1414 1170 1469 ab
1206 1413 1447 1482 ipsorum
1494 1411 1812 1466 civitatibus
1853 1408 2032 1463 Persae

461 1507 713 1563 abessent
746 1523 760 1561 :
799 1505 992 1560 civitas
1024 1518 1152 1559 vero
1195 1511 1378 1558 nostra
1420 1503 1531 1572 regi
1577 1502 1757 1557 omnia
1790 1497 2029 1555 turbanti

461 1613 568 1653 non
597 1597 786 1663 cessit,
813 1611 914 1653 nec
941 1605 1086 1651 metu
1115 1595 1372 1659 rumoris,
1404 1602 1560 1666 turpe
1583 1594 1710 1665 quid
1741 1602 2026 1662 antequam

460 1688 779 1745 sentisceret
813 1688 1075 1753 decrevit,
1103 1686 1197 1743 sed
1236 1687 1416 1741 statim
1456 1695 1577 1755 post
1611 1686 1838 1754 primam
1882 1686 2026 1756 lega-

463 1778 661 1834 tionem
708 1793 835 1849 rege
878 1778 1125 1847 superior
1173 1776 1292 1831 fuit.
1323 1777 1442 1846 Ipse
1480 1776 1696 1844 quidem
1744 1776 2027 1832 servitutis

460 1870 709 1941 poposcit
744 1869 1079 1925 conditiones
1109 1883 1124 1923 :
1153 1867 1226 1922 illi
1258 1867 1521 1947 libertatis
1551 1868 1896 1923 remiserunt.
1922 1867 2029 1923 Ca-

459 1960 625 2031 pitale
662 1967 781 2016 erat
819 1959 987 2028 siquis
1016 1957 1207 2030 legatis
1247 1972 1466 2013 munera
1509 1957 1684 2013 daret.
1723 1956 1867 2012 Nihil
1902 1971 2028 2013 vero

456 2048 679 2105 omnino
713 2047 834 2104 illos
879 2052 1140 2114 terrebat,
1170 2046 1324 2115 nihil,
1360 2062 1458 2102 cur
1486 2047 1703 2103 virtutis
1745 2047 2030 2103 oblivisce-

462 2147 674 2205 rentur,
699 2137 985 2196 eﬂlciebat.
1017 2136 1135 2194 Non
1171 2137 1565 2193 Lacedaemonii
1612 2139 1722 2210 jam
1754 2139 1904 2206 victi,
1936 2138 2027 2209 qui

457 2226 659 2283 Graecis
700 2226 836 2282 adeo
879 2226 1218 2296 profuerunt,
1254 2237 1313 2281 ut
1355 2227 1568 2283 fortiter
1599 2227 1907 2283 dimicando
1933 2241 2030 2281 oc-

459 2318 769 2385 cubuerint,
810 2332 919 2374 non
950 2318 1229 2373 verberari
1268 2315 1484 2384 ﬂuctus,
1514 2332 1618 2372 non
1650 2319 1822 2387 puniti
1856 2317 2022 2383 venti,

455 2416 512 2463 ct
535 2408 710 2464 mollis
754 2417 943 2464 contra
994 2416 1246 2463 naturam
1292 2408 1588 2472 Barbarus,
1639 2409 1939 2464 terrebant.
1984 2400 2027 2464 0

459 2498 664 2569 majora
698 2514 861 2556 ausos
900 2498 1084 2556 Xerxe
1130 2498 1338 2572 [contra
1365 2497 1698 2571 naturam]!
1735 2498 1780 2556 0
1818 2499 2029 2556 animos

454 2590 737 2647 elementis
784 2590 1035 2647 fortiores
1078 2591 1468 2647 ostendentes!
1507 2588 1862 2646 OPersarum
1908 2590 2030 2646 telis

457 2683 638 2738 animo
673 2684 1062 2740 concidentesl
1096 2683 1142 2740 0
1175 2684 1385 2739 duobus
1424 2683 1641 2753 tropaeis
1666 2682 1892 2739 classem
1937 2683 2031 2738 de-

455 2774 575 2830 cem
622 2788 886 2830 annorum
936 2775 1259 2830 illudentes!
1293 2774 1399 2830 Vos
1434 2788 1557 2829 eum
1588 2773 1682 2845 qui
1721 2788 1818 2843 per
1857 2780 2028 2829 totum

439 2866 645 2921 orbem
679 2874 734 2921 et
765 2879 915 2921 mare
961 2865 1078 2932 ivit,
1112 2865 1366 2936 coegistis
1412 2865 1596 2920 furtim
1638 2873 1695 2921 et
1732 2864 2031 2921 clementer

2128 496 2213 535 σιν
2245 477 2354 532 ἀπὸ
2384 472 2659 540 θαλάσσης
2679 467 2766 522 ἐπ’
2796 468 3046 538 ἧπειρον,
3064 463 3175 518 ἀπὸ
3201 461 3305 532 γῆς
3338 459 3428 513 ἐπ’
3460 462 3672 532 οὐρανὸν

2128 569 2340 625 ἐκεῖθεν
2363 565 2459 622 καὶ
2483 565 2634 637 ἥλιον
2655 579 2670 595 ·
2700 559 2797 615 τοῦ
2831 558 2928 629 μὲν
2947 558 3056 627 γὰρ
3081 553 3314 622 τοξεύων
3360 552 3421 607 τὸ
3446 552 3556 623 φῶς
3579 556 3674 608 ἀπ-

2128 659 2418 730 έκρυπτεν,
2455 655 2556 724 τῆς
2591 650 2650 704 δὲ
2673 649 2853 703 πλέων
2880 646 2978 718 τὴν
3009 645 3172 715 φύσιν
3204 642 3449 716 ἤμειϐεν,
3496 643 3587 713 τῆς
3623 643 3674 697 δὲ

2127 747 2372 814 πεζεύων
2395 747 2494 817 τὴν
2522 744 2709 816 χρείαν
2731 740 2981 813 ἧλεγχεν.
3012 739 3125 793 Καὶ
3145 737 3334 792 σιωπῶ
3361 736 3566 806 πελάγη
3585 736 3674 806 μὲν

2129 844 2236 898 ὑπὸ
2257 842 2496 916 τριηρῶν
2534 838 2911 911 κρυπτόμενα,
2938 833 3278 906 στρατόπεδα
3305 832 3405 901 τῆς
3456 831 3672 901 ἀριθμοῦ

2130 935 2344 1005 φύσεως
2374 931 2684 1003 κρείττονα,
2719 927 2846 997 ἔθνη
2871 925 2928 979 δὲ
2947 924 3179 979 δείπνων
3200 921 3442 991 δαπάνης
3470 922 3674 992 ἥττονα,

2134 1025 2361 1100 βασιλέα
2389 1022 2448 1077 δὲ
2476 1018 2754 1090 πανταχοῦ
2785 1018 2885 1089 μὲν
2914 1017 3043 1070 ὄντα
3066 1013 3147 1086 τῷ
3184 1013 3354 1083 φόϐῳ,
3380 1005 3442 1065 οὗ
3481 1011 3537 1066 δὲ
3583 1011 3677 1081 γῆς

2131 1120 2218 1185 εἴη
2240 1121 2308 1184 ’⁸,
2336 1114 2424 1169 διὰ
2450 1115 2512 1168 τὸ
2545 1112 2750 1183 πλῆθος
2800 1108 3152 1163 λανθάνοντα.
3190 1104 3457 1158 Τοσούτου
3512 1103 3675 1157 τοίνυν

2131 1208 2361 1281 θορύϐου
2417 1209 2523 1277 γῆς
2577 1203 2796 1273 ἁπάσης
2852 1200 3176 1272 ὴχήσαντος,
3211 1197 3308 1252 καὶ
3362 1195 3678 1268 κρινομένων

2131 1302 2224 1355 ἐπὶ
2245 1301 2343 1371 τῆς
2389 1298 2637 1361 Ἑλλάδος
2658 1296 2770 1349 τῶν
2794 1295 2952 1358 ὅλων,
2980 1292 3030 1345 οἱ
3062 1290 3160 1361 μὲν
3206 1289 3357 1343 ἄλλοι
3388 1288 3678 1359 σύμπαντες

2131 1391 2386 1447 τοσοῦτον
2422 1392 2481 1444 ὲν
2507 1391 2619 1453 τοῖς
2641 1388 2834 1449 δεινοίς
2864 1382 3169 1454 κερδαίνειν
3195 1379 3365 1451 ᾤοντο
3389 1382 3510 1434 ὅσον
3538 1380 3679 1433 ἀπεῖ-

2131 1500 2220 1537 ναι
2257 1482 2472 1553 Πέρσας
2503 1480 2612 1533 τῶν
2638 1478 2868 1542 πόλεων,
2895 1475 2956 1528 οὑ
2989 1472 3096 1546 μὴν
3118 1472 3258 1543 καὶὴ
3284 1471 3436 1534 πόλις
3461 1466 3565 1535 εἶξε
3593 1469 3680 1541 βα-

2136 1573 2277 1626 σιλεῖ
2301 1572 2372 1624 τὰ
2399 1571 2576 1625 πάντα
2598 1568 2816 1631 σείοντι,
2841 1565 2963 1619 οὐδὲ
2985 1563 3133 1632 φόϐῳ
3147 1562 3249 1632 τῆς
3265 1561 3454 1630 φήμης
3476 1558 3680 1628 αἰσχρόν

2058 1643 2102 1700 Β
2126 1684 2178 1719 τι
2209 1664 2305 1718 καὶ
2337 1662 2443 1735 πρὸ
2467 1662 2567 1734 τῆς
2594 1659 2792 1731 πείρας
2813 1656 3132 1711 ἐϐούλευσεν
3161 1655 3227 1720 ⁸⁷,
3265 1651 3380 1707 ἀλλ’
3407 1649 3572 1704 dub"
3591 1648 3681 1718 τῆς

2129 1755 2426 1827 πρεσϐείας
2472 1751 2696 1826 πρώτης
2718 1751 2764 1783 ³⁸
2808 1746 3074 1820 κρείττων
3116 1742 3382 1816 βασιλέως
3432 1741 3679 1810 ἐγίγνετο.

2139 1850 2199 1903 '0
2234 1847 2334 1919 μὲν
2368 1847 2435 1900 τὰ
2456 1845 2556 1915 τῆς
2579 1842 2825 1905 δουλείας
2848 1839 3049 1912 ἀπῄτει
3097 1833 3370 1907 σύμϐολα,
3435 1834 3483 1886 οί
3541 1831 3595 1885 δὲ
3620 1832 3681 1884 τὰ

2127 1940 2228 2010 τῆς
2254 1937 2570 2008 ἐλευθερίας
2600 1933 2950 2004 ἀπέπεμπον
2974 1947 2990 1963 ’
3024 1926 3094 2001 ἦν
3126 1927 3232 2000 γὰρ
3282 1926 3511 1989 θάνατος
3534 1926 3568 1994 ἡ
3593 1924 3680 1992 τῆς

2128 2024 2424 2106 πρεσϐείας
2450 2027 2739 2091 ἀντίδοσις.
2785 2022 3003 2093 Ἐφόϐει
3033 2020 3091 2074 δὲ
3118 2019 3321 2081 αὐτοὺς
3345 2016 3493 2070 οὐδὲν
3515 2016 3558 2048 ³⁸
3586 2013 3683 2106 τῶν

2129 2104 2403 2191 ἁπάντων,
2427 2121 2549 2176 οὐδὲ
2570 2119 2744 2173 ὲποίει
2767 2116 2868 2187 τῆς
2893 2112 3098 2185 ἀρετῆς
3123 2108 3592 2175 ἐπιλανθάνεσθαι,
3622 2104 3681 2160 οὐ

2128 2214 2546 2285 Λακεδαιμόνιοι
2580 2213 2875 2273 πίπτοντες
2916 2207 3013 2260 καὶ
3039 2204 3293 2258 τοσοῦτον
3324 2198 3683 2262 συντελοῦντες

2128 2310 2240 2371 τοῖς
2272 2305 2531 2376 Ἕλλησιν
2555 2305 2680 2358 ὅσον
2709 2299 2974 2373 ἅνδρείως
3007 2297 3150 2368 ὑπὲρ
3179 2294 3419 2350 θανάτου
3478 2289 3682 2362 βουλεύ-

2131 2399 2349 2466 σασθαι,
2409 2398 2470 2451 οὺ
2516 2394 2891 2466 μαστιζόμενα
2946 2392 3170 2462 κύματα
3221 2388 3323 2443 καὶ
3369 2383 3686 2454 κολαζόμενα

2129 2491 2421 2561 πνεύματα
2450 2490 2544 2542 καὶ
2570 2487 2792 2561 τρυφῶν
2844 2484 3119 2556 βάρϐαρος
3156 2478 3307 2534 κατὰ
3342 2478 3440 2548 τῆς
3468 2475 3683 2546 φύσεως.

2128 2581 2199 2639 Ὦ
2239 2581 2462 2655 μείζονα
2489 2581 2693 2655 Ξέρξου
2734 2578 3106 2649 τολμήσαντες
3125 2574 3203 2626 ³¹ί
3238 2565 3287 2625 ὧ
3344 2569 3531 2655 ψυχας⁸
3564 2582 3688 2619 στοι-

2129 2653 2296 2748 χείων
2327 2653 2679 2747 βεϐαιοτέρας
2718 2666 3155 2738 ὲπιδειξάμενοιί
3188 2659 3465 2737 [H09R.J
3511 2653 3554 2713 ὦ
3585 2657 3686 2720 τοῖς

2131 2768 2357 2840 Περσῶν
2383 2765 2718 2834 τοξεύμασιν
2750 2762 2813 2815 οὐ
2846 2758 3215 2829 καλυφθέντες
3232 2755 3278 2788 ³⁸
3332 2752 3395 2807 τὸ
3422 2748 3684 2822 φρόνημαί

2129 2860 2176 2918 ὧ
2201 2862 2296 2917 δύο
2331 2857 2617 2933 τροπαίοις
2659 2854 2890 2923 δεκαετῆ
2924 2851 3110 2907 στόλον
3143 2844 3502 2916 ὲλέγξαντεςι
3548 2842 3689 2933 ὑμεῖς

457 2957 686 3012 salutem
719 2972 873 3013 suam
901 2972 1144 3026 quaerere
1176 2932 1312 3027 :qni
1344 2957 1444 3012 soli
1478 2958 1792 3013 ostendistis
1829 2955 2029 3029 365a

2132 2953 2224 3008 τὸν
2257 2952 2353 3005 ἐπὶ
2383 2950 2567 3003 πᾶσαν
2590 2948 2740 3001 ίόντα
2767 2945 2813 2978 ³⁸
2841 2944 2946 3015 γῆν
2962 2942 3057 2997 καὶ
3101 2940 3382 3046 θάλαττμν
3411 2932 3688 3046 dum???

457 3050 709 3106 unmibus
764 3025 1079 3105 hominibus
1130 3025 1318 3105 omnes
1374 3049 1559 3119 copias
1610 3049 1814 3105 virtute
1842 3025 2029 3119 ipes—se

2135 3043 2336 3113 κλέψαι
2365 3042 2465 3112 τὴν
2487 3037 2762 3109 σωτηρίαν
2795 3032 3275 3104 κατηναγκάσατε.
3309 3025 3382 3084 Ὠ
3410 3028 3552 3119 μόνοι
3594 3025 3690 3078 δείσ

440 3142 723 3198 coerceri.

529 3344 636 3401 Sed
695 3344 807 3398 haec
864 3342 1026 3398 etiam
1070 3340 1284 3397 silentio
1359 3351 1788 3410 praetereamus,
1842 3349 1895 3395 ct
1946 3339 2028 3394 fa-

458 3450 561 3497 cta:
582 3453 703 3496 cum
733 3451 860 3508 rege
911 3436 1060 3506 pacis
1117 3434 1480 3499 recordemur,
1515 3448 1634 3503 quae
1661 3434 1800 3488 banc
1843 3434 2026 3488 urbem

459 3532 609 3588 omni
658 3541 861 3600 tropaeo
910 3527 1260 3584 illustriorem
1314 3524 1509 3591 reddit,
1553 3533 1607 3580 et
1654 3524 1867 3577 merito.
1915 3520 2029 3576 lloe

458 3639 602 3695 saepe
658 3623 876 3679 fortuna
932 3620 1024 3686 ﬁt,
1067 3623 1165 3676 sed
1212 3621 1361 3685 illud,
1406 3631 1589 3691 regem
1638 3617 1866 3671 libenter
1911 3615 2029 3668 urbi

458 3718 654 3773 cedere
709 3716 885 3786 spatio
940 3713 1154 3768 itineris
1198 3713 1321 3782 equi
1373 3711 1534 3767 unius
1585 3708 1719 3778 diei,
1763 3707 2030 3779 superiori

460 3809 593 3862 mari
620 3808 912 3873 abstinere,
937 3806 1079 3859 intra
1104 3803 1487 3868 Cbelidoneas,
1511 3811 1566 3857 et
1588 3802 1833 3875 Cyaneas
1866 3814 2033 3856 naves

459 3917 564 3955 non
606 3901 841 3966 mittere,
889 3897 1161 3968 quomodo
1209 3912 1315 3952 non
1358 3897 1622 3952 sinceram
1673 3897 2031 3966 undecunque

460 3991 577 4045 urbi
612 3990 836 4062 gloriam
888 3999 1044 4060 parat
1062 3989 1088 4042 ἲ

527 4147 739 4204 Etenim
777 4147 1183 4203 Atheniensium
1204 4147 1351 4202 varia
1386 4150 1605 4217 tropaea,
1635 4152 1691 4201 et
1739 4143 1956 4200 navales
1979 4151 2036 4199 et

455 4240 736 4308 pedestres
765 4253 991 4311 pugnas,
1026 4249 1081 4296 et
1103 4253 1207 4309 qua
1240 4240 1448 4295 ratione
1474 4237 1746 4312 tyrannidi
1778 4239 2034 4308 omnique

2137 3136 2328 3204 ξαντες
2366 3131 2671 3202 ἀνθρώποις
2692 3127 2736 3161 ³⁸
2767 3128 2970 3182 ἆπασιν
3005 3126 3088 3180 ὅτι
3122 3125 3275 3179 πᾶσα
3311 3117 3431 3193 χεὶρ
3458 3120 3550 3174 ὑπ’
3572 3120 3690 3189 ἀρε-

2134 3230 2235 3299 τῆς
2260 3227 2564 3296 ἐλέγχεται.

2220 3315 2380 3371 Ἀλλὰ
2409 3313 2512 3368 κᾶν
2548 3310 2720 3366 ταῦτα
2752 3311 2877 3380 σιγῇ
2928 3306 3317 3379 παρέλθωμεν,
3357 3304 3456 3358 κᾶν
3494 3304 3589 3373 τῆς
3628 3302 3693 3354 εί-

2140 3409 2308 3480 ρήνης
2334 3406 2472 3477 πρὸς
2503 3402 2728 3475 βασιλέα
2749 3403 3125 3471 γεγενημένης
3157 3396 3635 3470 μνημονεύσωμεν,
3659 3393 3689 3462 ἢ

2137 3498 2340 3561 παντὸς
2376 3494 2640 3567 τροπαίου
2676 3491 3012 3564 σεμνοτέραν
3065 3489 3145 3542 ἔτι
3197 3488 3302 3559 τὴν
3344 3488 3496 3541 πόλιν
3549 3484 3694 3555 ἑργάι

2139 3592 2311 3655 ζεται.
2361 3587 2473 3641 Καὶ⁸
2502 3585 2649 3657 μάλα
2685 3583 2929 3646 εἰκότως.
2971 3583 3038 3635 ’Δ
3068 3581 3114 3612 ³⁵
3144 3580 3244 3651 μὲν
3272 3580 3386 3652 γὰρ
3419 3580 3511 3633 καὶ
3544 3577 3693 3647 τύχης

2137 3683 2299 3755 ἔργον
2330 3679 2590 3740 πολλάκις
2611 3695 2627 3711 ο
2656 3676 2716 3731 τὸ
2760 3675 2818 3729 δὲ
2855 3675 3049 3730 ἑκόντα
3094 3676 3449 3744 συγχωρῆσαι
3496 3669 3694 3734 βασιλέα

2136 3778 2203 3846 τῇ
2226 3773 2379 3828 πόλει
2400 3771 2569 3825 ῐππου
2598 3769 2698 3836 μὲν
2725 3768 2924 3841 δρόμον
2949 3766 3158 3838 ἡμέρας
3194 3765 3466 3836 θαλάττης
3496 3761 3693 3831 ἀνθέξειν

2138 3866 2273 3933 ἄνω,
2305 3865 2434 3920 εἵσω
2477 3863 2534 3917 δὲ
2563 3861 2896 3918 Χελιδονέων
2948 3860 3041 3913 καὶ
3071 3857 3335 3913 Κυανέων
3372 3858 3446 3928 μὴ
3480 3853 3695 3924 πέμψειν

2137 3945 2359 4021 ὁλκάδα,
2390 3957 2506 4020 πῶς
2524 3956 2586 4010 οὐ
2625 3953 2870 4027 καθαρὰν
2914 3949 3251 4020 πανταχόθεν
3278 3951 3349 4021 τῇ
3399 3947 3546 4002 πόλει
3574 3958 3694 4014 προ·

2140 4052 2285 4118 ξενεῖ
2314 4050 2414 4120 τὴν
2435 4047 2686 4103 εὔκλειαν
2711 4064 2727 4111 ;

2222 4141 2386 4196 ’Λλλὰ
2417 4142 2526 4212 γὰρ
2567 4138 2862 4209 Ἀθηναίων
2892 4136 2962 4190 τὰ
2995 4134 3167 4207 μυρία
3192 4133 3431 4205 τρόπαια
3464 4132 3553 4186 καὶ
3580 4147 3694 4184 νανο

2144 4235 2348 4307 μαχίας
2385 4235 2481 4286 καὶ
2528 4229 2889 4303 πεζομαχίας,
2925 4229 3020 4282 καὶ
3051 4226 3128 4290 ὡς
3168 4226 3309 4298 πρὸς
3356 4224 3566 4279 ἃπασαν
3610 4218 3695 4289 μὲν

456 4333 710 4404 potentite
724 4333 1000 4388 restiterin
1010 4342 1048 4399 ι,
1082 4333 1219 4390 alias
1230 4333 1458 4389 diversis
1475 4330 1807 4402 temporibus
1819 4344 1917 4399 pro
1934 4331 2029 4386 hac

2139 4324 2429 4396 τυραννίδα
2457 4323 2593 4395 πρὸς
2629 4322 2848 4378 ἃπασαν
2886 4320 2944 4374 δὲ
2990 4318 3311 4372 δυναστείαν
3362 4315 3694 4382 ἀντέστησαν,

457 4432 619 4492 gente
640 4426 783 4479 varia
805 4425 1100 4481 certamina
1129 4425 1470 4495 recipientes,
1496 4439 1594 4479 nec
1619 4422 1756 4478 mihi
1773 4421 1932 4477 facile
1950 4432 2036 4477 est

456 4530 762 4580 recensere,
801 4533 901 4573 nec
930 4516 1102 4588 siquis
1140 4519 1192 4572 id
1231 4517 1382 4587 prius
1408 4530 1693 4589 aggressus
1736 4515 1826 4571 sit.
1855 4516 2036 4581 Quare

454 4602 710 4662 existimo
726 4623 889 4663 unum
904 4608 1110 4664 etidem
1130 4617 1535 4663 monumentum
1552 4606 1803 4677 conjungi
1826 4615 2035 4676 Oporte-

461 4712 543 4763 re,
568 4699 1018 4768 quemadmodum
1034 4699 1125 4768 qui
1150 4699 1462 4754 renuntiant
1487 4698 1542 4753 in
1565 4699 1744 4754 stadio
1773 4698 2031 4765 victores,

457 4792 539 4847 sic
554 4789 748 4847 etbuie
767 4789 917 4845 verbi
935 4789 1229 4845 secundum
1246 4790 1417 4860 legem
1436 4788 1861 4846 consecrandum
1884 4803 2028 4844 esse.

456 4879 504 4936 0
534 4882 625 4951 qui
661 4895 878 4936 omnem
901 4890 1103 4935 terram
1130 4890 1188 4935 ct
1217 4895 1366 4936 mare
1393 4895 1498 4951 qua
1530 4881 1636 4936 iter
1665 4892 1749 4937 est
1777 4880 2031 4954 [victoria

456 4969 537 5044 et]
571 4970 813 5040 tropaeis,
838 4978 894 5026 et
926 4984 1031 5039 qua
1068 4970 1170 5024 iter
1196 4984 1301 5025 non
1328 4979 1432 5036 est,
1456 4970 1626 5039 gloria
1660 4979 1716 5026 et
1749 4971 2037 5042 splendore

457 5061 849 5131 centiplevistis,
886 5061 978 5129 qui
1026 5060 1129 5115 soli
1178 5060 1430 5116 maximis
1480 5063 1647 5118 rebus
1689 5062 1860 5131 gestis
1901 5072 2038 5119 tem-

461 5167 560 5224 pus
606 5164 664 5210 et
713 5152 972 5210 invidiam
1030 5155 1369 5223 superastis,
1416 5153 1509 5225 qui
1561 5168 1779 5208 omnem
1833 5162 2037 5210 terram

2138 4419 2327 4473 ἄλλοτε
2357 4415 2482 4471 κατ’
2528 4413 2724 4477 ἄλλους
2753 4412 2976 4483 χρόνους
2998 4410 3043 4443 ³⁸
3075 4410 3215 4480 ὑπὲρ
3241 4407 3337 4461 τοῦ
3375 4406 3558 4475 γένους
3604 4416 3695 4469 μυ-

2142 4511 2287 4584 ρίους
2329 4509 2552 4580 ἀγῶνας
2615 4506 3029 4574 ἀναδεξάμενοι,
3084 4500 3206 4557 οὔτε
3249 4499 3376 4571 ἐμοὶ
3432 4493 3696 4584 διεξελθεῖν

2136 4581 2320 4675 ῥᾴδιον
2350 4600 2479 4656 οὔτε
2520 4598 2575 4652 εῐ
2602 4615 2690 4663 τις
2723 4596 2990 4670 πρότερον
3029 4593 3436 4665 ἐπικεχείρηκε.
3475 4581 3694 4659 [59411.]

2134 4696 2332 4767 Διόπερ
2357 4688 2512 4764 οἶμαι
2543 4691 2677 4754 δεῖν,
2707 4689 2782 4753 ὼς
2808 4689 2859 4743 oi
2892 4688 3018 4751 τοὺς
3061 4687 3121 4741 ὲν
3151 4687 3263 4748 τοῖς
3298 4682 3528 4743 σταδίοις
3556 4691 3697 4742 νικη-

2137 4786 2335 4857 φόρους
2392 4782 2882 4855 ἀνακηρύττοντες,
2942 4778 3000 4832 ἓν
3060 4777 3160 4833 καὶ
3215 4774 3413 4829 ταυτὸν
3449 4769 3697 4825 συνθεῖναι

2135 4877 2444 4950 γνώρισμα,
2477 4872 2577 4929 εἷθ’
2601 4873 2745 4929 οὕτω
2767 4871 2939 4943 ταύτῃ
2966 4869 3061 4924 καὶ
3093 4868 3230 4941 πρὸς
3282 4866 3376 4921 τὸν
3415 4864 3572 4933 νόμον
3600 4860 3693 4950 ἀφ·

2139 4967 2494 5024 οσιὼσασθαι.
2520 4962 2592 5019 Ὦ
2617 4967 2802 5020 πᾶσαν
2853 4963 2954 5035 γῆν
2982 4962 3080 5016 καὶ
3136 4960 3432 5023 θάλασσαν,
3476 4957 3572 5023 ὅση
3610 4949 3696 5020 μὲν

2139 5061 2299 5134 βατὴ,
2328 5061 2489 5131 νίκης
2514 5059 2559 5092 ⁸¹
2594 5058 2693 5113 καὶ
2721 5055 3023 5128 τροπαίων,
3053 5054 3152 5125 ὅση
3200 5051 3245 5106 δ’
3298 5050 3516 5112 ἄϐατος,
3555 5042 3697 5110 δόξης

2142 5155 2239 5211 καὶ
2286 5154 2479 5218 κλέους
2528 5149 2951 5222 πληρώσαντεςῑ
2978 5143 3051 5202 Ὅ
3079 5146 3232 5219 μόνοι
3285 5146 3405 5207 ταῖς
3454 5137 3696 5215 μεγάλαις

1730 5354 1968 5412 VARIIE
2024 5354 2431 5413 LECTIONES.

543 5498 590 5533 Is
618 5498 705 5572 εἴη
730 5514 863 5568 mg”
895 5498 918 5551 ι’
981 5510 1065 5568 pr.
1095 5495 1160 5564 C,
1243 5494 1445 5551 ueteri.
1544 5496 1591 5528 ’⁷
1623 5493 1717 5547 καὶ
1750 5494 1856 5566 πρὸ
1879 5515 1910 5550 τ

459 5568 507 5603 ιιι
524 5568 656 5637 ἀπδ]
680 5570 884 5640 mtan
918 5516 958 5623 ὓ
985 5578 1038 5640 et
1057 5638 1063 5640 _
1084 5581 1228 5621 corr.
1250 5566 1324 5640 Ἀ.
1401 5564 1448 5598 ⁸⁸
1471 5564 1716 5640 πρώτης]
1740 5566 1910 5640 αὖῖᾖς

1544 5496 1591 5567 ’ξ’
1623 5493 1717 5567 καλ.
1750 5494 1857 5567 πρὸ
1879 5494 1978 5567 τῆς
2003 5495 2202 5567 πείρας
2242 5486 2588 5567 ἐϐούλευσεν]
2627 5490 2925 5567 πεποίηκεν
2954 5488 2996 5541 Β
3017 5494 3070 5543 el
3090 5487 3271 5567 rc.-A.
3314 5500 3398 5555 pr.
3429 5482 3566 5539 enim

2273 5563 2337 5616 A.
2413 5562 2458 5595 ⁸³
2481 5546 2634 5616 οὐδὲν
2662 5580 2723 5627 ς.
2799 5546 2841 5598 ’ἰ
2873 5570 3001 5629 post
3028 5546 3557 5629 τολμήσαντες-(ξυιυ-

1214 5614 1228 5621 ⁷
1824 5614 2374 5707 δ’ἰόναξῶαὲεαιίςξειχε
2418 5614 2539 5707 libri
2558 5614 2768 5707 ‘t's’sv'e'g.
2845 5614 2891 5666 ³ἶ
2917 5614 3224 5707 ἀνθρώποις
3253 5642 3358 5683 om.
3377 5614 3441 5680 ἶ).
3514 5622 3558 5655 ³⁸
3585 5614 3695 5672 libri

463 5726 539 5760 αι.
616 5710 661 5746 ³⁵
688 5710 809 5763 κατ’
839 5703 1032 5771 ἄλλους
1055 5706 1301 5777 χρόνους]
1331 5703 1557 5764 fortasse
1587 5705 1867 5776 lugendum
1899 5704 2018 5758 κατ’
2036 5703 2235 5759 ἄλλων.

2312 5704 2355 5742 ³⁷
2381 5704 2535 5773 νίκης
2570 5718 2677 5759 om.
2707 5702 2750 5756 (ἆ
2783 5710 2836 5758 et
2866 5717 2949 5773 pr.
2979 5701 3042 5754 Α.
