3990 6232
380 293 518 360 1345
1402 279 1929 344 BlBLIO’I‘HECA.
1964 303 2033 316 -
2065 278 2230 341 COD.
2256 279 2561 341 CCXLIII.
3505 269 3639 342 13456

375 404 613 478 πράξεσι
642 400 834 474 χρόνον
862 400 957 454 καὶ
1011 395 1204 467 φθόνον
1231 394 1589 465 νικήσαντεςι
1616 390 1690 446 Ὦ
1730 392 1830 464 τὴν
1869 392 1949 446 ol-

2073 407 2159 448 ion
2189 393 2482 459 columnis,
2521 391 2613 447 sed
2657 387 2872 460 tropazis
2907 385 3134 443 dimensi
3169 383 3323 442 estis.
3376 382 3496 439 Dixi
3529 383 3642 440 lor-

377 475 650 569 κουμένην
685 495 901 548 ἃπασαν
929 491 991 545 οὐ
1020 489 1245 560 στήλαις
1273 488 1410 543 ἀλλὰ
1436 487 1716 558 τροπαίοις
1744 487 1952 557 μετρήη

2073 484 2200 539 sitan
2234 485 2412 539 minus
2451 496 2613 552 quam
2665 495 2824 536 causa
2860 478 3128 548 exigebat,
3161 491 3267 531 non
3313 482 3494 531 tamen
3536 475 3642 529 mi-

378 568 609 652 σαντεςι
661 585 892 657 Εἴρηται
939 583 1110 654 κάμοῖ⁵
1158 583 1262 651 τῆς
1316 579 1414 651 μὲν
1463 579 1777 642 ὑποθέσεως
1824 579 1955 641 ἴσως

2073 588 2164 628 nus
2195 587 2360 641 quam
2397 571 2486 628 alii
2521 570 2760 642 plurimi.
2795 568 3081 639 Reliquum
3115 575 3219 633 est,
3249 573 3310 622 ut
3356 573 3642 638 postquam

378 682 627 745 ἔλαττον,
670 679 782 734 τῶν
833 677 890 731 δὲ
923 675 1136 730 πολλῶν
1165 676 1266 729 οὐκ
1294 673 1572 728 ἐλάττονα.
1605 670 1865 726 Λείπεται
1893 669 1953 723 δὲ

2073 679 2253 722 omnes
2285 663 2640 721 acclamariut
2662 662 2973 726 memoriae,
3007 663 3084 716 sic
3111 674 3299 716 omnes
3337 658 3641 715 discedant.

378 780 617 850 εὐφήμῳ
652 778 748 849 βοῇ
779 775 1232 848 προσηχήσαντας
1267 770 1540 841 πανδημεὶ
1569 769 1776 832 πάντας
1807 767 1851 799 ³⁸
1877 764 1957 836 τῷ
1999 764 2264 834 μνήματι,
2301 760 2445 815 οὕτω
2471 763 2570 830 τῆς
2603 760 2770 831 τιμῆς
2801 755 3256 812 ἀπαλλάττεσθαι.

391 873 496 925 Ἐκ
545 870 653 924 τοῦ
712 865 1190 937 Ἀρεοπαγιτικοῦ
1239 864 1279 933 ἣ
1328 859 1794 937 ἐλευθερωξικοῆ
1849 857 1958 913 τοῦ

453 941 587 996 υἱοῦ
618 930 807 994 αὑτοῦ
850 937 952 992 τοῦ
968 930 1293 1005 Ῥουφιγοὺ
1325 935 1392 988 ⁸⁸.
1418 963 1487 974 —
1515 930 1587 987 Τὸ
1609 930 1952 1001 Προοίμιον.

459 1037 686 1106 Ἀνδρες
719 1036 770 1088 οἱ
810 1034 905 1089 καὶ
959 1031 1102 1096 θεοῖς
1151 1030 1292 1101 ὑπὲρ
1323 1029 1481 1100 νίκης
1527 1027 1695 1080 πάλαι
1731 1026 1826 1080 καὶ
1863 1024 1958 1080 νῦν

397 1123 706 1194 Ἀθηναίοις
731 1122 872 1191 ὑπὲρ
907 1119 1220 1190 ἐλευθερίας
1270 1117 1600 1183 δικάζοντες.
1637 1115 1848 1170 Οὐκοῦν
1881 1113 1960 1181 τῷ

384 1216 538 1287 νόμῳ
585 1214 909 1284 πειθόμενος
954 1211 1025 1265 τὰ
1061 1211 1159 1281 τῆς
1210 1208 1400 1280 χρείας
1439 1209 1608 1280 μόνης
1635 1206 1962 1278 [φθέγξομαι

387 1309 636 1378 ῥήματα.
675 1303 817 1373 Ἐγὼ
845 1303 938 1357 καὶ
967 1302 1229 1374 σοφιστὴς
1264 1301 1532 1371 ἐγενόμην
1562 1298 1690 1370 παρ’
1721 1300 1849 1369 ύμῖν
1868 1297 1964 1352 καὶ
2007 1356 2010 1359 χ

386 1398 594 1469 πατήρ.
623 1397 689 1452 Εἰ
736 1394 994 1466 σοφιστὴς
1027 1393 1221 1461 δεξιὸς,
1260 1393 1418 1464 ὑμεῖς
1462 1392 1755 1446 ὶπίστασθε
1777 1407 1792 1422 ο
1821 1391 1964 1460 λέγω

343 1529 351 1534 ς
385 1491 500 1563 γὰρ
524 1491 631 1555 ἀεὶ,
665 1489 759 1545 καὶ
788 1490 888 1560 τὴν
924 1488 1062 1559 ἐμὴν
1093 1486 1370 1541 πολιτείαν
1402 1484 1517 1556 ἔχει
1545 1484 1618 1539 τὰ
1649 1484 1886 1556 θέατρα’
1915 1485 1963 1536 εἰ

386 1583 575 1654 πατὴρ
619 1581 884 1645 Ἀττικὸς,
920 1582 954 1652 ή
992 1579 1242 1651 παροῦσα
1272 1578 1514 1632 δείκνυσι
1561 1578 1862 1650 πρόφασιςο
1902 1575 1964 1630 οὐ

389 1675 502 1745 γάρ
535 1673 799 1742 ἀνέχομαι
851 1672 943 1725 τὸν
1002 1671 1300 1741 Ἀθηναίων
1348 1669 1516 1723 παῖδα
1572 1669 1646 1739 μὴ
1695 1683 1968 1738 προσαγο-

2063 853 2147 908 Ea:
2186 853 2601 920 Areopagelt'ca,
2655 867 2746 905 seu
2801 866 2903 920 qua
2955 847 3202 920 Ruﬁnum
3255 845 3424 920 ﬁlium
3485 859 3640 896 suum

2201 915 2412 977 liberali
2451 915 2615 975 causa
2649 915 3038 974 manu'asserit.
3061 945 3130 957 —
3160 915 3478 969 Prowmium

2135 1014 2251 1070 Viri
2287 1015 2378 1084 qui
2421 1014 2549 1069 olim
2592 1015 2658 1068 de
2690 1012 2931 1067 victoriis
2965 1026 3085 1066 cum
3117 1009 3222 1064 diis
3254 1005 3638 1068 decertabatis,

2061 1109 2115 1160 et
2148 1118 2292 1158 nunc
2319 1118 2440 1156 cum
2479 1099 2904 1156 Atheniensibus
2951 1098 3017 1153 de
3062 1096 3332 1152 libertate.
3366 1093 3533 1165 Igitur
3563 1092 3642 1145 le-

2062 1195 2220 1265 gibus
2245 1195 2630 1263 obtemperans
2674 1206 2735 1246 ea
2767 1189 2942 1245 solum
2980 1188 3122 1254 dico,
3149 1202 3269 1255 quae
3309 1183 3641 1240 necessaria.

2061 1285 2174 1355 Ego
2217 1292 2275 1339 et
2306 1293 2463 1355 pater
2494 1282 2635 1352 apud
2688 1295 2784 1336 vos
2833 1279 3088 1350 sophista:
3131 1276 3350 1340 fuimus,
3411 1283 3466 1330 et
3513 1289 3640 1328 num

2064 1385 2290 1445 argutus
2349 1373 2570 1440 fuerim,
2609 1387 2706 1428 vos
2765 1371 2993 1426 novistis
3040 1367 3173 1440 -(hoc
3210 1367 3354 1422 enim
3395 1366 3647 1434 frequen-

2067 1474 2150 1519 ter
2177 1480 2408 1534 usurpo,
2437 1471 2492 1520 et
2525 1478 2698 1518 meam
2728 1461 3123 1516 institutionem
3158 1458 3368 1512 theatra
3409 1454 3648 1524 loquun-_

2073 1557 2180 1626 tur)
2213 1572 2336 1610 num
2370 1555 2581 1611 Atticus
2610 1563 2761 1623 pater
2790 1551 2976 1615 fuerit,
3009 1551 3126 1605 haec
3165 1547 3405 1603 declarat
3444 1544 3640 1603 oratio.

2071 1646 2204 1701 Nolo
2263 1647 2406 1702 enim
2467 1645 2882 1700 Atheniensium
2950 1641 3188 1697 sobolem
3253 1638 3476 1693 liberam
3534 1651 3642 1690 non

392 1725 923 1837 gathEEth§3;60€pov.
963 1725 1210 1815 Πιστεύω
1238 1760 1332 1814 και
1369 1759 1475 1830 πρδ
1499 1725 1646 1830 seu;
1673 1725 1773 1828 τὴλ,
1816 1725 1968 1810 ιλὲυ-

2073 1738 2364 1809 appellare.
2401 1737 2730 1792 Libertatem
2761 1735 2924 1789 etiam
2976 1743 3102 1787 ante
3148 1731 3490 1802 pubertatem
3535 1725 3645 1780 lilio

391 1856 584 1929 θερίαν
612 1856 690 1927 τῷ
727 1854 898 1910 παιδί.
938 1853 1098 1924 Ἐμός
1129 1855 1298 1920 ἐστιν,
1351 1851 1633 1922 Ἀθηναῖός
1684 1851 1822 1915 ἐστι,
1868 1848 1966 1902 πό-

391 1948 529 2011 λεως
560 1948 654 2002 καὶ
683 1947 848 2000 πλέον
873 1944 1124 2016 τιμώσης
1162 1945 1223 2000 τὸ
1255 1943 1436 1998 κοινὸν
1481 1943 1660 2014 γῆρας
1688 1943 1722 2013 ἢ
1742 1942 1827 1995 ’τὸ
1855 1940 1966 1995 τῶν

393 2033 644 2105 πατέρων
676 2033 874 2103 ἕτεροι.
907 2025 1076 2097 Οὗτός
1105 2035 1253 2086 ἐστιν
1295 2034 1360 2086 ὲκ
1399 2030 1768 2102 Πλουτάρχου,
1805 2031 1872 2084 δι’
1903 2023 1965 2084 οὗ

392 2127 604 2190 πάντας
630 2126 788 2195 ὑμεῖς
833 2124 1117 2179 παιδεύετε
1139 2141 1152 2155 ⁸
1189 2116 1344 2188 οὗτος
1375 2125 1440 2177 ὲκ
1476 2121 1840 2179 Μινουκιανοῦ
1870 2120 1965 2175 τοῦ

390 2217 480 2271 διὰ
503 2217 607 2288 τῆς
638 2215 834 2271 ἑαυτοῦ
875 2217 1058 2287 φωνῆς
1104 2216 1334 2279 πολλοὺς
1363 2214 1624 2278 πολλάκις
1664 2212 1966 2284 ἐλευθερώ-

392 2325 606 2372 σαντος.
638 2307 741 2361 Τὸν
772 2308 836 2361 ὲκ
880 2307 1189 2378 Νικαγόρου
1223 2307 1575 2377 προσήγαγον
1611 2305 1760 2376 ὑμῖν,
1791 2305 1882 2358 τὸν
1909 2303 1969 2369 ἐξ

392 2397 658 2469 ἐμαυτοῦ.
704 2398 978 2467 Σοφιστῶν
1013 2399 1141 2469 ὑμῖν
1173 2399 1266 2452 καὶ
1288 2397 1591 2467 φιλοσόφων
1619 2397 1763 2466 λέγω
1797 2397 1968 2454 κατά-

393 2494 571 2562 λογον,
608 2491 860 2563 Ἀττικὴν
907 2491 1076 2554 ὅντως
1117 2491 1416 2560 εὐγένειαν.
1458 2491 1672 2561 Ἀφῆκα
1713 2489 1969 2554 πολλάκις

393 2585 491 2647 τὰς
520 2583 614 2639 τοῦ
649 2584 902 2654 σοφιστοῦ
927 2583 1134 2653 φωνὰς,
1152 2583 1247 2638 νῦν
1267 2583 1367 2647 τὰς
1394 2582 1488 2638 τοῦ
1519 2582 1726 2654 πατρὸς
1743 2582 1966 2654 ἀφίημι.

407 2676 678 2731 Ἐδώκατέ
729 2693 817 2746 μοι
869 2675 1034 2729 παῖδα
1086 2675 1154 2729 δι’
1205 2674 1454 2729 Ἀττικοῦ
1506 2675 1729 2744 γένουςσ
1777 2674 1971 2728 λάϐετε

394 2767 580 2822 τοῦτον
608 2767 704 2822 καὶ
727 2766 815 2821 διὰ
839 2767 938 2838 τῆς
962 2766 1145 2839 ψήφου
1167 2767 1210 2799 ⁴⁰
1231 2766 1330 2838 τῆς
1361 2766 1634 2838 ὑμετέρας
1662 2764 1968 2836 ἐλεύθερον.

395 2861 605 2914 θύκοῦν
650 2859 817 2930 ἄφετὲ
849 2877 939 2931 μοι
967 2861 1035 2931 τῇ
1085 2859 1252 2931 ψήφῳ
1285 2859 1378 2913 τὸν
1431 2858 1618 2921 παῖδα,
1652 2857 1748 2912 καὶ
1787 2857 1971 2927 φωνὴν

395 2952 704 3024 ἐλευθέριον
757 2951 1194 3021 συνεπηχήσατε,
1227 2949 1314 3004 ἵνα
1363 2949 1439 3013 ὡς
1481 2948 1764 3020 Ἀθηναῖος
1822 2947 1970 3018 (ἴσον

393 3045 504 3114 γὰρ
556 3045 730 3097 εἰπεῖν
766 3041 1072 3113 ἐλεύθερος)
1131 3040 1230 3095 καὶ
1275 3040 1410 3112 λέγῃ
1458 3040 1552 3093 καὶ
1598 3040 1785 3112 γράφῃ
1836 3039 1969 3110 παρ’

397 3137 547 3208 ύμῖν,
580 3136 682 3190 κᾶν
703 3135 752 3188 οἱ
792 3133 905 3188 θεολ⁹
942 3131 1266 3204 βούλωνται,
1297 3132 1391 3186 καὶ
1418 3130 1792 3203 πολιτεύηται.

396 3293 558 3367 [1112
719 3289 824 3367 Ἐκ
855 3289 969 3367 τῇς
1017 3288 1476 3367 μονῳδίας-τῆς
1508 3291 1604 3367 εἷς·
1635 3289 1743 3343 τὸν
1786 3289 1974 3343 αὐτὸν

607 3359 742 3417 υῖὸν
770 3361 815 3393 ⁵⁸
855 3360 1194 3429 Ῥουφίνον.
1222 3391 1291 3401 -
1314 3359 1384 3414 Τὸ
1424 3361 1759 3430 Προοίμιον.

481 3452 678 3508 Ἀδικῶ
703 3454 802 3523 μὲν
827 3452 965 3516 ὅλως
992 3451 1363 3523 φθεγγόμενος
1391 3451 1670 3520 Ῥουφίνου
1697 3451 1971 3521 κειμένου,

398 3544 541 3617 πλὴν
583 3545 632 3598 εί
663 3545 709 3577 ’⁵³
743 3543 821 3615 τῷ
869 3543 1083 3614 δαίμονι
1125 3543 1438 3614 τετήρημαι
1475 3542 1612 3612 πρὸς
1667 3541 1835 3612 μόνην
1876 3541 1974 3612 τὴν

403 3635 670 3707 μονῳδίαν
691 3635 784 3689 τοῦ
814 3635 1111 3707 δράματος.
1138 3631 1447 3704 Φθέγξομαί
1475 3649 1539 3702 γε
1569 3632 1716 3702 ὅμως
1733 3645 1750 3661 ο
1784 3631 1844 3684 οὐ
1866 3631 1975 3702 γάρ

403 3743 493 3798 μοι
520 3725 675 3797 θέμις
704 3726 780 3797 μὴ
819 3725 915 3780 καὶ
938 3725 1082 3797 λόγῳ
1122 3725 1390 3796 θρηνῆσαι
1419 3722 1510 3777 τὸν
1551 3721 1730 3775 αὐτῶν
1759 3720 1866 3776 τῶν
1889 3721 1976 3775 λό-

401 3835 514 3886 γων
545 3816 784 3886 ἔκγονον.
827 3813 1085 3885 Ἥγνόουν
1125 3816 1184 3870 δὲ
1213 3816 1322 3888 ἄρα
1367 3817 1396 3868 ὁ
1438 3813 1670 3877 δείλαιος
1706 3812 1828 3866 ἀντὶ
1879 3812 1977 3881 μὲν

400 3911 641 3984 λουτρῶν
671 3913 896 3975 ἀνιστάς
951 3928 1034 3965 σοι
1076 3911 1314 3980 τάφους,
1347 3909 1470 3964 ἀντὶ
1513 3909 1570 3962 δὲ
1612 3907 1800 3963 οἰκιῶν
1840 3906 1978 3978 τύμ-

403 4003 531 4067 ϐους
563 4003 658 4057 καὶ
685 4001 937 4074 χώματα,
966 4001 1089 4056 ἀντὶ
1113 4002 1170 4056 δὲ
1216 4000 1452 4054 πλούτου
1485 4000 1582 4054 καὶ
1615 3998 1799 4070 χλιδῆς
1846 4015 1976 4070 τρασ

402 4094 678 4163 γικώτατα
710 4092 857 4165 δῶρα
881 4092 990 4146 τῶν
1041 4094 1098 4146 ἐν
1124 4090 1464 4163 ἀνθρώποις,
1497 4089 1746 4158 ἐντάφια.
1783 4087 1980 4158 Ἐδημ-

401 4184 639 4254 αγώγεις
689 4183 814 4256 ἄρτι
861 4183 930 4238 τά
982 4183 1131 4255 [595
1184 4180 1299 4253 H.]
1349 4181 1540 4252 πρῶτα
1588 4178 1976 4250 φθεγγόμενος,

403 4278 677 4346 ἀνήρτησο
736 4277 915 4330 πᾶσαν
973 4275 1070 4345 τὴν
1110 4273 1201 4344 ὑφ’
1252 4273 1405 4342 ἥλιον
1432 4274 1545 4336 τοῖς
1613 4273 1848 4342 ἀσήμοις
1899 4269 1979 4324 ἔτι

404 4367 766 4437 κνυζήμασιν.
802 4364 1029 4420 Ἐπειθε
1070 4363 1364 4434 Περικλῆς,
1395 4362 1530 4416 ἀλλὰ
1579 4361 1718 4433 μετὰ
1754 4361 1980 4427 Ἀναξα-

2068 1830 2370 1885 committo.
2413 1827 2563 1883 Meus
2607 1835 2709 1892 est,
2763 1825 3108 1880 Atheniensis
3159 1831 3267 1889 est,
3316 1822 3513 1875 donum
3562 1825 3645 1871 est

2070 1917 2345 1987 publicum
2378 1917 2586 1972 civitati
2626 1916 2746 1986 plus
2783 1915 2994 1969 caneris
3031 1915 3325 1967 honoratae.
3369 1908 3467 1963 llic
3501 1906 3643 1962 enim

2067 2015 2152 2063 est
2193 2006 2492 2072 Plutarchi,
2542 2021 2649 2076 quo
2709 2020 2807 2062 vos
2859 2019 3045 2059 omnes
3097 2002 3355 2071 magistro
3408 1995 3644 2053 utimini.

2067 2097 2157 2154 hic
2189 2097 2506 2164 Minuciani,
2540 2096 2630 2167 qui
2677 2111 2774 2152 sua
2822 2111 2953 2150 voce
2996 2091 3189 2164 36511
3225 2091 3484 2163 plurimos
3526 2101 3648 2158 per-

2068 2206 2212 2261 saepe
2261 2190 2463 2245 liberos
2517 2187 2666 2255 fecit,
2726 2189 2871 2242 hunc
2936 2184 3216 2255 Nicagorae
3270 2182 3442 2243 tilium
3493 2177 3648 2233 vobis

2069 2281 2429 2346 adduximus,
2480 2289 2534 2336 et
2583 2280 2722 2335 hanc
2770 2292 2947 2333 meam
2994 2276 3220 2346 prolem.
3268 2272 3644 2344 Sophistarum

2070 2373 2244 2438 vobis,
2301 2371 2854 2442 philosophorumque
2905 2380 3162 2423 recenseo
3211 2365 3433 2430 seriem,
3483 2362 3646 2417 decus

2070 2477 2202 2518 sane
2255 2461 2468 2517 Atticae.
2527 2459 2702 2517 Omisi
2757 2473 2899 2528 saepe
2977 2457 3340 2527 sophistarum
3391 2453 3647 2515 nomina,

2073 2567 2217 2607 nunc
2260 2551 2431 2623 patris
2473 2552 2684 2607 omitto.
2718 2549 2954 2604 Dedistis
2998 2547 3164 2602 ﬁlium
3205 2545 3360 2610 mihi,
3391 2543 3644 2614 quoniam

2071 2642 2424 2699 Atheniensis
2467 2652 2572 2708 est,
2607 2639 2837 2710 accipite
2872 2638 2986 2710 jam
3026 2638 3271 2691 eumdem
3307 2645 3488 2690 vestra
3523 2650 3648 2689 sen-

2074 2738 2238 2790 tentia
2301 2735 2552 2790 liberum.
2597 2734 2884 2789 redditum.
2941 2730 3118 2798 Quare
3191 2728 3444 2784 dimittite
3513 2727 3644 2781 mihi

2073 2838 2257 2884 veStro
2290 2828 2510 2882 decreto
2552 2826 2740 2890 lilium,
2769 2832 2822 2879 et
2860 2823 2983 2877 dein
3025 2835 3210 2876 vocetn
3253 2819 3398 2874 illam
3445 2817 3646 2872 libera-

2075 2922 2201 2988 lem,
2229 2935 2320 2975 seu
2351 2918 2613 2973 vindicias
2636 2915 2932 2972 secundum
2961 2913 3264 2967 libertatem
3290 2909 3645 2974 acclamante,

2074 3025 2134 3070 ut
2186 3026 2443 3083 tanquam
2488 3009 2836 3066 Atheniensis
2884 3005 3049 3078 (quod
3094 3011 3178 3060 est
3218 3018 3282 3058 ac
3326 3001 3372 3057 si
3413 3001 3645 3056 dicerem

1998 3116 2041 3174 α
2074 3103 2230 3174 liber)
2264 3103 2402 3172 apud
2430 3116 2526 3156 vos
2558 3109 2614 3156 et
2641 3099 2811 3164 dicat,
2841 3105 2896 3152 et
2924 3095 3147 3158 scribat,
3176 3101 3250 3157 et,
3280 3090 3327 3146 si
3354 3090 3426 3146 dii
3459 3089 3646 3154 velint,

2074 3194 2237 3249 etiam
2269 3192 2323 3246 in
2359 3189 2653 3260 Republica
2686 3189 2925 3242 honores
2953 3192 3296 3254 assequatur.

2074 3287 2124 3338 E
2175 3281 2818 3353 funebri_laudatione_,_
2855 3293 3042 3353 quam_
3071 3276 3125 3328 in
3180 3274 3350 3352 ﬁlium
3412 3269 3650 3325 eumdem

2375 3351 2627 3419 Ruﬁnum
2658 3344 2966 3403 habuit.'—
2999 3344 3342 3399 Prommium.

2150 3465 2306 3533 Quod
2335 3465 2446 3535 jam
2481 3472 2699 3520 mortuo
2743 3460 2936 3516 Ruﬁno
2961 3459 3121 3514 verba
3161 3455 3341 3512 facere
3383 3456 3434 3510 in
3451 3455 3650 3520 cipiwne

2076 3555 2216 3612 facio
2250 3557 2453 3626 inique,
2487 3555 2591 3609 nisi
2635 3569 2664 3609 a
2706 3552 2928 3608 numine
2959 3549 3192 3620 quodam
3236 3549 3304 3603 ad
3347 3545 3648 3600 monodiam

2079 3642 2337 3702 dramatis
2375 3651 2619 3698 servatus
2666 3640 2767 3694 sim
2802 3656 2816 3694 :
2849 3638 3037 3708 loquar
3086 3645 3288 3690 tamen.
3338 3632 3452 3687 Non
3502 3632 3649 3688 enirn

2077 3734 2208 3788 mihi
2241 3733 2320 3788 fas
2359 3741 2445 3788 est
2491 3734 2738 3788 oratione
2781 3728 2929 3784 illum
2975 3742 3080 3783 non
3125 3725 3409 3795 deplorare
3455 3723 3648 3778 horum

2076 3822 2402 3892 eloquentiae
2437 3822 2739 3877 studiorum
2780 3819 3079 3873 alumnum.
3117 3814 3432 3870 Nesciebam
3473 3813 3654 3881 itaque

2079 3911 2264 3968 infelix
2297 3927 2394 3983 pro
2424 3911 2632 3967 balneis
2665 3924 2753 3965 me
2785 3907 2880 3963 tibi
2912 3907 3239 3977 sepulcrum,
3270 3919 3368 3974 pro
3405 3902 3656 3958 domibus

2079 4004 2315 4066 bustum,
2348 4011 2401 4057 et
2432 4001 2718 4066 tumulum,
2767 4016 2866 4070 pro
2914 3999 3115 4054 divitiis
3153 4005 3209 4052 ct
3254 3997 3528 4066 voluptate
3566 3994 3656 4051 fu-

2079 4093 2308 4162 neralia,
2339 4109 2459 4162 quae
2506 4093 2820 4148 hominibus
2867 4091 3105 4146 omnium
3145 4088 3457 4144 tristissima
3507 4096 3653 4151 sunt,

2079 4186 2312 4257 erigere.
2342 4185 2557 4248 Dixisti,
2585 4184 2762 4254 primo
2789 4197 2958 4253 nuper
2979 4181 3043 4236 ad
3067 4179 3320 4251 populum
3351 4192 3651 4248 perorans:

2079 4291 2294 4334 omnem
2343 4291 2464 4344 quae
2517 4273 2620 4330 sub
2673 4273 2786 4328 sole
2832 4281 2916 4327 est
2964 4280 3163 4326 terram
3213 4267 3481 4323 indecoris
3520 4265 3656 4320 meis

2081 4369 2264 4426 verbis
2318 4368 2574 4436 implebo.
2626 4363 2902 4419 Persuasit
2947 4361 3238 4431 aliquando
3267 4357 3527 4422 Pericles,
3561 4357 3656 4411 sed

401 4460 569 4533 γόραν
592 4459 904 4531 δημηγόρος
924 4473 940 4486 ο
983 4457 1048 4511 σὺ
1078 4457 1134 4510 δὲ
1172 4455 1318 4527 ῆσθα
1346 4453 1662 4524 δημηγόρος
1701 4454 1766 4507 ὲκ
1801 4454 1970 4523 μέσωι

2086 4468 2368 4529 postquam
2422 4457 2488 4510 ab
2533 4455 2851 4522 Anaxagora
2894 4451 3004 4523 (41)
3051 4449 3227 4504 laetus
3264 4457 3407 4503 esset
3444 4456 3652 4511 orator,

403 4551 758 4622 σπαργάνων.
813 4543 976 4604 Εἷλεν
1038 4545 1384 4616 Ἀλκιϐιάδης
1434 4547 1555 4600 ὅλον
1615 4544 1675 4596 τὸ
1731 4544 1970 4615 θέατρον¹

2079 4558 2134 4603 ιιι
2180 4557 2366 4602 orator
2409 4560 2439 4601 e
2490 4544 2773 4599 cunabulis
2823 4542 3102 4597 exstitisti.
3145 4539 3450 4594 Alcibiades
3483 4546 3654 4592 totum

399 4643 516 4698 ἀλλ’
547 4642 810 4714 ἀκμάζων
843 4641 943 4713 ’ήδη
972 4639 1073 4713 τὴν
1099 4638 1249 4711 ὥραν
1275 4640 1370 4691 καὶ
1391 4636 1489 4707 τὴν
1533 4635 1752 4707 ἠλικίαν
1785 4652 1970 4707 μειρα-

2076 4647 2388 4710 suggestum
2439 4635 2745 4704 occupavit,
2801 4633 2894 4689 sed
2948 4632 3002 4687 in
3053 4630 3185 4686 ﬂore
3230 4628 3547 4698 iuventutis,
3601 4633 3658 4682 et

403 4733 718 4806 κιούμενοςο
755 4734 820 4788 σὺ
865 4733 924 4786 δὲ
953 4730 1034 4785 ἔτι
1057 4731 1138 4802 τῷ
1194 4729 1388 4801 μασθῷ
1409 4728 1456 4762 ⁸³
1509 4727 1604 4782 καὶ
1631 4726 1711 4798 τῷ
1745 4725 1970 4796 γάλακτι

2076 4739 2235 4786 aetate
2277 4726 2682 4783 adolescentiae.
2719 4723 2819 4797 [At
2872 4731 2930 4778 tu
2979 4721 3276 4778 etiamnum
3315 4719 3568 4774 uberibus
3601 4726 3658 4772 et

403 4826 823 4898 προσκείμενος.

2077 4821 2214 4876 lacte
2245 4806 2530 4890 nutritus.']

473 4911 544 4968 Ὦ
609 4913 782 4978 πάθος
839 4913 940 4983 τῆς
985 4909 1256 4983 Αἰσχύλου
1314 4909 1726 4982 μεγαλοφωνίας
1780 4908 1969 4976 ἄξιονῐ

2150 4910 2195 4966 Ο
2225 4909 2376 4966 dolor
2410 4907 2651 4979 Eschyli
2689 4905 2881 4975 dignus
2909 4901 3210 4959 cothurno!
3254 4897 3536 4955 Herculem
3581 4905 3662 4951 te-

410 5003 675 5076 Ἠρακλεῖ
706 5005 803 5076 μὲν
827 5005 1014 5074 ἐδέησε
1035 5001 1239 5075 πολλῆς
1260 5000 1510 5074 περιόδου
1537 5001 1631 5055 καὶ
1647 5000 1757 5054 τῶν
1779 5000 1970 5066 ἄθλων,

2087 5013 2175 5053 ras
2205 4997 2512 5069 pervagari,
2544 4994 2786 5064 oportuit
2814 5001 2869 5048 et
2912 4991 2980 5046 12
3023 4989 3159 5045 adeo
3207 4987 3421 5042 labores
3453 4983 3658 5045 subire,

400 5089 576 5166 οἶμαι,
601 5094 713 5151 τῶν
751 5093 990 5160 δώδεκα,
1042 5093 1133 5148 ἵνα
1184 5094 1465 5166 μάρτυρας
1492 5091 1593 5161 τῆς
1629 5090 1830 5163 ἀρετῆς
1879 5089 1970 5161 τὴν

2087 5098 2146 5143 ιιι
2177 5098 2444 5144 terrarum
2496 5087 2684 5143 orbem
2729 5082 2895 5140 veluti
2945 5080 3164 5136 virtutis
3197 5091 3311 5133 sua:
3351 5082 3541 5130 testem
3570 5086 3660 5126 re-

403 5187 492 5256 ὐφ’
523 5188 674 5258 ῆλιον
709 5187 886 5241 πᾶσαν
933 5184 1225 5255 κτήσαιτοο
1282 5181 1347 5234 σὺ
1389 5180 1447 5234 δὲ
1484 5181 1615 5234 εἵσω
1634 5177 1729 5233 τοῦ
1774 5177 1970 5232 κύκλου

2079 5179 2376 5255 linqueret.
2411 5182 2490 5238 Tu
2520 5197 2647 5238 vero
2670 5180 2808 5235 intra
2835 5187 2956 5234 tuos
2983 5180 3348 5232 commoratus
3377 5167 3655 5232 terminos,

1701 5337 1934 5394 VARIJE
1971 5338 2374 5399 LECTIONES.

508 5462 550 5496 ³⁸
581 5460 785 5521 πάντας
811 5459 1068 5528 expungit
1119 5456 1198 5528 Α,
1227 5468 1336 5528 om.
1530 5451 1574 5493 ³³
1609 5451 1701 5528 τοῦ
1750 5450 2058 5520 Ῥουφίνου]
2084 5449 2300 5520 ροφίνου
2365 5449 2426 5503 B.
2504 5451 2548 5488 ἰο
2592 5448 2685 5518 τῆς
2711 5446 2892 5519 ψήφου
2928 5441 3054 5499 add.
3095 5439 3163 5496 A.
3240 5437 3283 5470 “
3316 5431 3474 5488 αὑτὸν
3509 5425 3622 5485 υἱὸν
3637 5423 3661 5500 j

410 5531 524 5585 υἱὸν
553 5529 717 5585 αὑτοῦ
753 5529 809 5582 Β.
886 5523 932 5564 δ’
961 5523 1033 5599 ei]
1066 5529 1123 5581 ὲν
1174 5524 1284 5579 AC.
1360 5523 1422 5594 ⁸³,
1471 5523 1660 5593 μαστῷ
1710 5541 1767 5586 ς.

1912 5628 2140 5686 NOT/E.

489 5713 600 5782 (41)
634 5711 807 5769 Valer.
841 5710 976 5764 Max.
1015 5710 1105 5763 lib.
1142 5724 1171 5761 ν
1203 5717 1339 5762 extr.
