3990 6232
324 252 459 322 1347

1468 255 1735 318 ΡΗΟΤῙΙ
1764 256 2271 320 PATRIARCH/E
2308 257 2422 321 CP.

3444 246 3585 322 1318

320 367 536 438 egregie
581 365 742 426 factis
788 366 1037 427 Herculis
1078 367 1357 425 columnas
1401 368 1559 426 nobis
1602 371 1893 441 superasti.

2010 370 2181 441 μένων
2212 368 2489 441 ὑπερέϐης
2545 366 2648 431 τὰς
2698 367 2899 439 στήλας
2917 367 3050 439 ἡμῖν
3080 366 3182 433 τὰς
3224 364 3587 439 Ἡρακλείους

320 459 496 526 Quod,
522 474 726 530 quaeso,
759 475 958 515 numen
989 474 1209 515 auream
1243 460 1525 516 caesariem
1562 461 1780 516 familiae
1810 461 1904 516 de-

320 551 498 606 tondit
550 565 682 607 mea
735 549 886 623 (42)?
938 551 1062 620 quis
1114 551 1302 622 glorias
1363 567 1499 608 mea:
1552 553 1903 623 splendorem

319 645 622 700 exstinxit?
691 659 941 715 quaenam
1016 642 1216 701 furiam
1287 661 1550 717 genarum
1627 647 1900 711 ruborem,

319 735 576 791 blandum
622 734 1035 808 jucundumque
1085 738 1263 794 vultus
1311 739 1385 794 tui
1445 740 1617 795 risum
1663 739 1905 809 eripuit?

320 829 435 895 una
484 831 712 895 ratione,
747 831 852 886 heu
884 846 1009 896 me,
1041 846 1231 901 passus
1265 848 1346 899 es,
1386 848 1419 888 0
1460 832 1644 901 Liber,
1682 849 1715 890 e
1755 832 1903 890 delu-

319 917 435 974 bris
488 920 597 975 tuis
642 935 858 975 sacrum
913 921 1073 990 diripi
1117 921 1417 992 juvenem?
1453 922 1753 980 Commune
1801 923 1906 980 hoc

321 1013 606 1068 adversum
640 1022 692 1068 te
731 1028 1016 1083 meamque
1050 1015 1311 1069 familiam
1342 1015 1609 1087 Erinnyes
1640 1025 1902 1086 tropaeum

321 1103 579 1157 ﬁxerunt.
624 1103 733 1159 Cur
760 1104 807 1159 ei
872 1104 1172 1160 thalamum
1241 1106 1534 1176 nuptialem
1588 1104 1902 1163 inferiorem

320 1211 429 1250 non
465 1195 744 1265 apparavi,
774 1196 1212 1266 quandoquidem
1257 1198 1593 1266 superiorem
1632 1196 1683 1252 ei
1714 1195 1904 1251 Parere

322 1284 651 1340 inviderunt.
700 1285 858 1351 Hem,
906 1287 1104 1355 quibus
1149 1301 1309 1356 quam
1365 1287 1609 1341 tristibus
1658 1297 1905 1342 servatus

321 1389 441 1431 sum
505 1374 764 1432 luctuosis
821 1376 1206 1433 sermonibus!
1268 1378 1468 1449 366a
1524 1376 1721 1433 Omnia
1782 1393 1906 1434 cum

322 1468 630 1523 orationum
658 1475 978 1538 argumenta
1014 1467 1318 1534 traetarim,
1349 1482 1514 1522 unum
1546 1467 1724 1523 luctus
1756 1484 1906 1524 sem-

320 1571 419 1628 per
449 1558 749 1625 declinavi;
791 1558 1099 1613 nesciebam
1147 1559 1292 1613 enim
1342 1573 1428 1613 me
1473 1559 1612 1614 meis
1655 1559 1905 1617 lamentis

324 1647 554 1704 servari.
603 1646 720 1703 Jam
763 1646 971 1718 pridem
1025 1648 1305 1718 cogitabas
1354 1658 1502 1703 tuum
1539 1649 1668 1705 hinc
1700 1650 1905 1706 disces-

2004 460 2117 524 τοῖς
2143 457 2408 529 θαύμασι.
2438 456 2536 521 Τίς
2566 455 2830 527 ἀπέκειρε
2855 456 3066 528 δαίμων
3094 456 3196 528 τῆς
3223 457 3368 529 ἐμῆς
3394 457 3585 522 ἑστίας

2003 552 2097 607 τὸν
2141 549 2380 622 χρυσοῦν
2414 550 2747 623 βόστρυχον;
2795 549 2879 614 τίς
2931 549 3021 605 τὸν
3056 549 3263 622 πυρσὸν
3297 550 3396 620 τῆς
3436 549 3585 621 ἐμῆς

2004 641 2163 713 δόξης
2206 640 2434 709 έσὸεσε;
2465 641 2552 705 τίς
2590 638 2853 712 Ἐρινύων
2879 639 2927 673 ⁸⁵
2964 641 3027 694 τὸ
3074 640 3318 711 παρειῶν
3359 639 3586 709 ἔρευθος

2006 732 2188 787 καὶτὸ
2219 731 2489 805 προσηνὲς
2528 732 2624 785 καὶ
2645 731 2746 803 ἡδὺ
2794 731 3061 802 μειδίαμα
3109 730 3220 785 τῶν
3274 731 3384 785 σῶν
3412 745 3583 802 προσ-

2004 822 2170 879 ώπων
2196 822 2498 895 ἐσύλησεν;
2527 822 2710 893 υῐμοι,
2733 822 2974 877 Διόνυσεί
3000 822 3119 886 πῶς
3139 822 3376 893 ἤνεγκας
3402 823 3468 875 ἐκ
3486 817 3584 875 τοῦ

2008 917 2104 971 σοῦ
2150 917 2413 986 τεμένους
2459 916 2622 970 παῖδα
2643 914 2735 969 τὸν
2766 915 2912 987 ἱερὸν
2949 914 3365 985 άρπαζόμενον;
3402 912 3586 969 κοινὸν

2006 1009 2209 1081 ἔστηκε
2231 1007 2374 1063 κατὰ
2403 1007 2498 1061 σοῦ
2523 1010 2736 1079 καὶτῆς
2758 1009 2899 1078 ἐμῆς
2935 1007 3120 1070 ἑστίας
3160 1006 3399 1080 Ἐρινύσι
3427 1005 3585 1059 τοῦτο

2005 1100 2068 1155 τὸ
2095 1101 2140 1133 ⁵⁵
2171 1101 2457 1172 τρόπαιον.
2491 1100 2556 1153 Τί
2584 1101 2642 1154 δὲ
2671 1101 2768 1171 οὐχ
2802 1099 3097 1171 ἡτοίμαζον
3130 1099 3280 1170 αὐτῷ
3303 1099 3395 1154 τὸν
3430 1100 3584 1155 κάτω

2008 1192 2274 1263 θάλαμον,
2308 1192 2496 1263 ἐπειδὴ
2523 1192 2623 1257 τὰς
2652 1191 2764 1247 ἄνω
2785 1192 3065 1254 παστάδας
3105 1190 3365 1262 Ἐρινύων
3389 1189 3584 1261 φθόνος

2008 1284 2355 1356 ἐξήρπασεν;
2380 1284 2523 1348 οἵαις
2550 1284 2839 1355 μονῳδίαις
2866 1284 3177 1355 τετήρημαι
3201 1301 3217 1351 ;
3244 1284 3424 1348 πάσας
3450 1284 3586 1337 ὑπο-

2008 1375 2183 1439 θέσεις
2198 1356 2492 1446 ’τολμήσας
2528 1374 2702 1444 λόγων
2734 1375 2930 1446 μόνους
2958 1375 3086 1437 τοὺς
3119 1374 3349 1446 θρήνους
3376 1372 3585 1438 ἐξέκλι-

2007 1485 2118 1523 νον.
2162 1467 2487 1523 Ἐλάνθανον
2510 1468 2566 1522 δὲ
2590 1467 2697 1539 ἄρα
2723 1470 2839 1532 τοῖς
2865 1466 3107 1539 ἐμαυτοῦ
3134 1467 3354 1539 θρήνοις
3384 1484 3449 1539 τη
3458 1468 3585 1539 ρού-

2012 1576 2195 1628 μενος.
2249 1559 2543 1633 Πόρρωθεν
2589 1559 2700 1630 ἄρα
2730 1559 3109 1631 ἐμμελέτησας
3137 1558 3185 1590 ἰ’
3225 1558 3326 1630 τήν
3374 1558 3585 1612 ἐνθένδε

2009 1650 2375 1722 ἀναχώρησιν,
2418 1650 2700 1722 πόρρωθεν
2745 1650 2936 1715 ἐδίδως
2984 1649 3032 1682 ⁸⁷
3083 1652 3219 1716 ,τοῖς
3265 1648 3587 1720 δυναμένοις

323 1757 464 1808 sum,
496 1742 607 1812 jam
647 1743 855 1811 pridem
890 1742 1032 1807 aliis,
1068 1743 1157 1811 qui
1188 1753 1461 1811 poterant,
1503 1745 1902 1814 conjiciendum

2010 1715 2388 1811 τεκμήρασθαι
2415 1715 2504 1792 ὅτι.
2530 1715 2797 1810 κρείττων
2820 1738 2927 1811 ἄρα
2958 1734 3102 1811 ἦσθα
3128 1715 3225 1809 τῆς
3253 1741 3381 1812 τῇδε
3404 1715 3451 1772 δ’
3485 1739 3587 1810 λή-

324 1834 616 1905 reliquisti,
644 1833 787 1904 quod
818 1836 921 1888 hac
955 1845 1102 1888 sorte
1131 1835 1323 1889 melior
1346 1850 1518 1890 esses.
1552 1836 1595 1890 0
1627 1837 1716 1906 qui
1746 1849 1904 1893 antea

2010 1832 2167 1897 ξεως.
2202 1826 2276 1884 Ὦ
2304 1829 2573 1901 πρότερον
2616 1832 2744 1893 τοὺς
2780 1832 2880 1901 τῆς
2926 1831 3143 1902 ἡλικίας
3168 1832 3331 1903 ὄρους
3365 1834 3433 1903 τῇ
3474 1831 3587 1885 τῶν

323 1928 500 1981 aetatis
558 1927 817 1980 terminos
871 1925 1135 1979 virtutum
1195 1925 1412 1981 dotibus
1461 1929 1743 1995 transisti,
1794 1929 1905 1998 jam

2010 1913 2235 1995 ἀρετῶν’
2269 1922 2482 1992 κτήσει,
2520 1924 2639 1978 νυνὶ
2665 1923 2712 1957 ³⁸
2754 1923 2811 1977 δέ
2846 1924 2926 1996 τῷ
2973 1924 3189 1995 θανάτῳ
3237 1923 3590 1995 παραμειψά·

323 2034 454 2072 vero
492 2026 665 2071 morte
696 2016 1073 2072 commntasti!
1100 2017 1214 2087 fqni
1249 2016 1491 2095 fraterno
1527 2035 1711 2075 amore
1741 2023 1905 2075 etiam

2012 2018 2201 2088 μενοςῐ
2235 1998 2629 2091 ὧφιλαδελφίᾳ
2672 2017 2903 2088 νικήσας
2942 2015 3013 2070 τὰ
3040 2016 3382 2087 Διοσκούρων
3411 2014 3589 2085 ἐγκώ-

324 2109 616 2164 Dioscnros
648 2106 939 2175 superasti.
980 2107 1063 2160 Illi
1095 2107 1312 2176 quidem
1339 2123 1436 2175 pro
1467 2107 1673 2164 Helena
1709 2110 1906 2166 bellum

2013 2114 2150 2181 μιαι
2186 2115 2248 2166 Οί
2276 2114 2376 2184 μὲν
2410 2112 2520 2183 γὰρ
2552 2111 2694 2182 ὑπὲρ
2746 2110 2967 2180 Ἑλένης
3000 2110 3348 2181 ἐστράτευον,
3399 2109 3497 2181 τὴν
3530 2110 3589 2164 δέ

324 2206 634 2267 gesserunt,
687 2206 900 2265 raptum
961 2207 1138 2250 tamen
1195 2198 1610 2266 prohibuerunt.
1653 2198 1732 2254 Tu
1780 2216 1907 2257 vero

2011 2208 2266 2279 ἁρπαγὴν
2285 2208 2386 2262 οὐκ
2415 2206 2726 2261 ἐκώλυσαν·
2756 2206 2821 2259 σὺ
2855 2205 2911 2259 δέ
2937 2205 3112 2276 φύλαξ
3134 2207 3231 2277 τῆς
3251 2207 3588 2276 αύταδέλφου

326 2289 514 2344 fratris
545 2289 619 2342 tui
652 2288 895 2358 germani
929 2296 1116 2343 custos
1143 2290 1288 2342 omni
1329 2304 1484 2345 muro
1541 2305 1664 2346 eras
1695 2289 1906 2360 fortior,

2010 2296 2152 2372 ἦσθα
2181 2300 2383 2364 παντὸς
2412 2298 2628 2370 τείχους
2658 2298 3021 2369 ὁχυρώτερος.
3055 2299 3124 2352 Σὺ
3151 2299 3207 2353 δέ
3244 2299 3382 2371 πρὸς
3408 2299 3590 2364 πάσας

327 2388 383 2435 ιιι
414 2380 664 2433 omnibus
693 2377 898 2432 morbis
924 2377 1039 2433 solo
1068 2379 1233 2432 animi
1265 2380 1463 2435 robore
1495 2397 1708 2451 semper
1745 2385 1907 2439 resti-

2011 2392 2200 2453 νόσους
2228 2390 2393 2462 ἕστης
2416 2389 2502 2443 ἀεὶ
2535 2390 2683 2460 μόνῳ
2706 2387 2785 2459 τῷ
2822 2388 2920 2460 τῆς
2959 2387 3139 2460 ψυχῆς
3170 2389 3588 2460 παραστήματι.

328 2470 463 2526 tisti.
513 2468 795 2537 Improbus
850 2467 1082 2525 fortasse
1130 2470 1361 2539 daemon,
1406 2481 1461 2527 et
1510 2473 1744 2530 crudelis
1792 2476 1907 2533 ideo

2025 2483 2430 2553 Ἐφιλονείκησέ
2466 2497 2548 2534 σοι
2594 2480 2684 2533 διὰ
2715 2480 2873 2534 τοῦτο
2902 2480 3033 2543 ίσως
3054 2481 3081 2534 ό
3116 2480 3349 2551 πονηρὸς
3379 2480 3591 2552 δαίμων

328 2590 504 2635 tecum
550 2578 849 2644 contendit,
886 2579 1172 2656 et_multis
1219 2580 1424 2649 prmliis
1465 2592 1750 2652 superatus
1792 2591 1907 2639 tan-

2011 2575 2106 2629 καὶ
2162 2575 2375 2646 ἄγριος,
2409 2576 2505 2629 καὶ
2542 2572 2744 2637 πολλάς
2785 2571 3045 2643 ἡττηθεὶς
3096 2572 3274 2643 μάχας
3321 2573 3421 2643 ὀψέ
3457 2592 3591 2628 ποτε

328 2672 448 2727 dem
482 2670 771 2739 aliquando
823 2670 1180 2726 clandestinis
1225 2680 1280 2726 et
1324 2672 1606 2731 fallacibus
1642 2679 1907 2736 machinis

2012 2665 2258 2737 λαθραίῳ
2322 2666 2607 2721 κατέσεισε
2657 2664 3034 2738 μηχανήματι.
3100 2662 3265 2730 Εἶξας
3330 2665 3387 2719 δὲ
3471 2667 3595 2720 οὐδὲ

330 2772 383 2817 te
418 2761 734 2832 prostravit.
767 2759 951 2831 Neque
976 2776 1106 2817 vero
1131 2763 1341 2818 cessisti
1373 2765 1440 2820 ad
1466 2775 1711 2823 extrema
1743 2785 1907 2841 usque

2012 2759 2141 2830 ἄχρι
2186 2758 2296 2812 τῶν
2351 2760 2619 2831 ἐσχάτων,
2652 2758 2730 2823 ὡς
2777 2757 2926 2813 ἔστιν
2951 2757 3193 2828 ἀκούειν,
3240 2757 3318 2828 τῷ
3351 2758 3591 2829 δαίμονι,

329 2851 592 2916 dzemoni,
647 2859 706 2903 ut
758 2865 1048 2920 possumus
1103 2853 1325 2921 audire,
1377 2856 1469 2910 sed
1513 2871 1744 2927 corpore
1785 2862 1907 2917 licet

2014 2848 2151 2901 ἀλλά
2177 2848 2530 2921 παραχωρῶν
2584 2847 2679 2901 τοῦ
2717 2844 2972 2918 σώματος
3007 2846 3102 2901 τοῦ
3151 2850 3497 2918 φρονήματος
3526 2847 3592 2900 ού

329 2944 582 3009 cesseris,
629 2942 812 2997 animo
867 2957 972 2997 non
1013 2945 1249 3000 cessisti.
1301 2946 1502 3002 Verum
1555 2951 1907 3020 strangulavit

2016 2941 2441 3013 παρεχώρησας.
2481 2941 2623 2995 Ἀλλ’
2652 2942 2680 2994 ὁ
2715 2941 2813 3012 μέν
2846 2936 2986 3011 ἦγχε
3006 2942 3053 2975 ⁸⁰
3084 2940 3180 2994 καὶ
3225 2941 3492 3004 ἐϐιάζετο,
3525 2941 3594 2993 σὺ

331 3039 442 3105 ille,
478 3053 683 3109 perque
724 3037 832 3091 vim
883 3035 1131 3105 abstulit;
1185 3047 1240 3092 tu
1275 3053 1404 3094 vero
1457 3041 1508 3094 in
1559 3041 1676 3111 ipso
1720 3044 1907 3115 laqueo

2016 3033 2164 3087 δὲέκ
2198 3033 2364 3103 μέσου
2408 3031 2502 3087 τοῦ
2535 3033 2733 3105 βρόχου
2776 3033 3033 3097 διετέλεις
3057 3031 3154 3105 τὴν
3189 3032 3349 3105 φίλην
3387 3051 3470 3087 σοι
3514 3050 3597 3087 τιο

333 3131 568 3185 animam
611 3129 832 3199 agebas,
876 3128 1169 3183 amabilem
1208 3127 1299 3184 tibi
1347 3132 1610 3186 nutricem
1650 3149 1783 3190 voce
1828 3137 1916 3190 in-

332 3224 596 3290 clamans,
630 3223 802 3277 donec
835 3231 887 3276 te
919 3222 1067 3276 omni
1100 3236 1201 3291 ope
1234 3222 1573 3291 deStitutum,
1605 3225 1683 3280 sic
1725 3225 1918 3297 laqueo

330 3314 619 3372 conclusit.
669 3312 905 3369 Noverat
940 3313 1086 3369 enim
1135 3315 1276 3383 quod
1330 3330 1476 3384 saepe
1520 3316 1722 3383 victus,
1764 3328 1917 3389 patre

331 3416 600 3478 praesente
638 3413 692 3459 et
730 3404 980 3476 juvante,
1015 3405 1364 3462 discesserat.
1399 3404 1621 3463 Viceras
1658 3418 1707 3463 et
1743 3411 1916 3465 obsti-

331 3509 488 3555 natos
556 3496 971 3565 immobilesque
1028 3496 1276 3567 judicum
1339 3498 1553 3555 animos
1623 3516 1640 3554 :
1691 3508 1747 3555 et
1801 3509 1912 3556 tum

329 3590 564 3661 primum
599 3602 847 3645 severum
881 3589 1031 3644 illum
1070 3603 1391 3644 concessum
1423 3590 1611 3646 risisse
1644 3592 1911 3661 apparuit.

331 3683 612 3741 Desiderio
652 3684 726 3739 tui
768 3691 977 3739 mentes
1012 3681 1132 3737 illas
1167 3681 1387 3748 ﬂexisti,
1426 3697 1561 3751 quas
1590 3683 1661 3738 dii
1702 3683 1802 3753 ipsi
1827 3682 1914 3752 ju-

334 3774 478 3831 dicio
537 3775 902 3842 disceptantes
958 3770 1176 3827 ﬂectere
1227 3770 1568 3841 acquierunt.
1626 3771 1910 3828 Occlusisti

326 3861 440 3933 iam
486 3862 619 3917 mihi
669 3869 845 3916 morte
898 3867 1083 3930 portas
1130 3859 1303 3926 urbis,
1330 3859 1603 3915 occlusiin
1635 3860 1907 3919 Eleusino.

337 3957 453 4023 Qua
486 3954 698 4010 ratione
742 3951 1000 4008 Minervae
1037 3952 1377 4018 sacriﬁcabo,
1424 3968 1545 4023 qua:
1588 3970 1684 4024 pro
1721 3964 1770 4010 te
1800 3955 1909 4010 Fu-

333 4047 472 4102 riam
525 4051 711 4099 contra
763 4043 1059 4098 daemonem
1101 4041 1248 4096 illum
1290 4057 1395 4098 non
1434 4044 1734 4100 excitavit?
1765 4048 1911 4121 Quo-

335 4136 498 4193 modo
546 4136 702 4190 deum
753 4133 987 4202 patrium
1038 4133 1210 4190 colam
1255 4145 1410 4204 pater
1449 4138 1518 4191 ob
1561 4136 1730 4192 ﬁlium
1777 4154 1908 4195 con-

332 4225 616 4284 tristatus?
664 4222 709 4281 Ο
742 4226 973 4280 audaces
1014 4226 1323 4281 sermones!
1376 4225 1526 4283 Jaeet
1571 4226 1823 4297 Rufinus,
1851 4240 1908 4286 et

2021 3124 2119 3196 θὴν
2146 3126 2190 3158 ⁵¹
2242 3124 2745 3195 ἀναφθεγγόμενος,
2785 3127 2892 3191 ἕως
2943 3127 3125 3198 πάσης
3171 3141 3231 3178 σε
3274 3125 3595 3195 συμμαχίας

2018 3216 2258 3285 ποιήσας
2296 3215 2529 3287 ἔρημον,
2564 3214 2708 3269 οὕτω
2742 3221 2989 3288 προσῆγε
3043 3217 3135 3271 τὸν
3190 3216 3406 3287 βρόχον.
3439 3215 3598 3286 ᾝδει

2017 3306 2123 3378 γὰρ
2153 3306 2227 3370 ὡς
2266 3306 2525 3369 πολλάκις
2549 3307 2810 3377 ἡττηθεὶς
2839 3307 3049 3378 ἀπῆλθε
3077 3306 3172 3361 τοῦ
3215 3306 3422 3377 πατρὸς
3450 3324 3596 3377 παρ-

2015 3399 2167 3461 όντος
2227 3399 2323 3452 καὶ
2375 3399 2821 3465 συνασπίζοντος.
2865 3401 3154 3472 Ἐνίκησας
3192 3400 3288 3454 καὶ
3322 3399 3415 3453 τοῦ
3443 3399 3599 3453 δικα-

2019 3490 2242 3560 στηρίου
2286 3491 2350 3544 τὸ
2402 3492 2663 3560 στεγανόν
2699 3509 2761 3546 τε
2817 3492 2910 3547 καὶ
2939 3492 3241 3565 ἄτρεπτον·
3286 3490 3443 3561 ὤφθη
3471 3490 3596 3544 τότε

2018 3580 2301 3651 μειδιᾶσαν
2360 3579 2576 3653 πρῶτον
2628 3581 2691 3635 τὸ
2742 3581 2966 3636 σύννουν
3024 3584 3115 3637 ἀεὶ
3176 3581 3478 3652 συνέδριον·
3513 3582 3597 3645 είς

2013 3672 2181 3727 πόθον
2216 3672 2394 3744 ψυχὰς
2433 3673 2720 3742 ἐκίνησας,
2759 3674 2925 3746 [1115
2959 3674 3054 3748 0.]
3100 3675 3166 3740 ἃς
3207 3675 3306 3729 οὐκ
3334 3673 3598 3743 ἐκίνησαν

2012 3765 2135 3819 οὐδὲ
2164 3765 2279 3819 θεοὶ
2319 3767 2688 3836 δικαζόμενοι.
2738 3767 3097 3833 Ἀπέκλεισάς
3137 3785 3226 3839 μοι
3252 3768 3328 3838 τῷ
3377 3767 3596 3837 θανάτῳ

2010 3856 2110 3921 τὰς
2138 3856 2234 3910 τοῦ
2269 3856 2477 3922 ἄστεως
2500 3859 2547 3890 ³³
2572 3858 2768 3927 πύλας,
2797 3859 3126 3924 ἀπέκλεισάς
3162 3873 3251 3932 μοι
3277 3862 3378 3934 τὴν
3404 3860 3593 3915 Ἐλευ-

2012 3952 2153 4004 σῖνα.
2196 3949 2323 4015 Πῶς
2367 3949 2569 4022 Ἀθηνᾷ
2617 3950 2786 4016 θύσω,
2834 3951 2991 4023 ἢτὴν
3026 3953 3266 4023 Γοργόνα
3320 3954 3461 4009 κατὰ
3494 3953 3592 4008 τοῦ

2009 4041 2263 4113 δαίμονος
2295 4041 2436 4114 ὑπὲρ
2476 4042 2594 4108 σοῦ,
2652 4042 2889 4110 παιδίον,
2942 4044 3043 4098 οὐκ
3075 4044 3287 4111 Euctus;
3340 4043 3459 4109 πῶς
3512 4043 3592 4115 τῷ

2008 4133 2250 4206 πατρῴῳ
2289 4133 2683 4205 προσεύξομαι,
2724 4136 2908 4208 πατὴρ
2942 4136 3036 4190 ἐπὶ
3074 4137 3273 4208 παιδίῳ
3315 4136 3594 4207 λυπούμε-

2007 4243 2131 4294 νος;
2162 4222 2235 4280 Ὦ
2279 4226 2545 4299 τολμηροὶ
2576 4227 2704 4299 [596
2727 4227 2818 4301 H.]
2851 4227 3026 4298 λόγοιὶ
3063 4231 3239 4284 κεῖται
3283 4228 3587 4299 Ῥουφῖνός·

329 4337 430 4380 vos
476 4321 653 4378 adhuc
702 4317 945 4376 ﬁoretis?
995 4316 1041 4374 Ο
1091 4317 1279 4375 infelix
1362 4319 1579 4391 lingua,
1627 4320 1903 4379 Musarum

2012 4317 2173 4388 ὑμεῖς
2202 4317 2261 4372 δέ
2301 4317 2383 4373 ἔτι
2415 4319 2782 4376 νεανιεύεσθε.
2811 4314 2883 4374 '0
2912 4321 2958 4354 ⁵³
2983 4320 3251 4392 δυστυχὴς
3277 4320 3513 4389 γλῶττα,
3542 4311 3592 4375 ὦ

325 4416 480 4488 prius
532 4414 969 4477 instrumentum,
1009 4425 1155 4466 nunc
1201 4424 1332 4466 vero
1385 4412 1558 4482 turpis
1615 4415 1904 4471 daemonis!

2015 4408 2277 4482 πρότερον
2328 4410 2426 4481 μέν
2470 4409 2702 4480 ὄργανον
2736 4411 2973 4466 Μουσῶν
2993 4453 3009 4473 ,
3071 4413 3189 4467 vovi.
3241 4412 3298 4465 δέ
3341 4411 3590 4480 ἀμούσου

328 4507 375 4564 0
403 4506 495 4577 qui
523 4503 730 4560 clarius
767 4502 1020 4559 Lucifero
1054 4502 1407 4573 splenduisti!
1442 4505 1533 4575 qui
1574 4505 1908 4563 laetissimum

327 4597 461 4654 mihi
491 4605 600 4651 tum
629 4595 770 4650 diem
804 4593 1110 4661 ostendisti,
1144 4608 1266 4649 cum
1303 4602 1354 4649 te
1388 4595 1620 4664 primum
1660 4595 1742 4653 sol
1775 4612 1909 4653 con-

328 4689 537 4761 spexit!
569 4686 687 4743 Jam
723 4701 853 4744 vero
903 4701 1123 4743 rursum
1172 4686 1571 4754 tristissimum,
1605 4703 1715 4759 quo
1757 4704 1911 4746 acer-

327 4782 452 4837 bum
494 4780 667 4847 illum,
708 4787 763 4833 et
799 4778 1062 4848 tragicum
1102 4777 1350 4832 nuntium
1396 4781 1649 4850 percepi!
1690 4779 1736 4837 Ο
1767 4797 1907 4851 qua-

326 4873 433 4928 lem
467 4885 650 4927 casum
683 4884 784 4940 pro
812 4870 911 4924 hac
945 4882 1061 4939 spe,
1092 4883 1125 4924 0
1146 4869 1383 4936 daemon,
1422 4870 1552 4924 mihi
1584 4871 1903 4926 destinasti!

329 4962 507 5020 Deﬂeo
535 4961 644 5032 jam
676 4975 838 5031 quem
880 4958 1189 5016 Minuciano
1230 4961 1709 5036 vehementiorem,
1745 4963 1908 5019 Nica-

329 5069 458 5126 gora
488 5051 819 5125 graviorem,
852 5048 1152 5126 Plutarcho
1184 5051 1633 5122 eloquentiorem,
1662 5052 1907 5110 Musonio

328 5123 742 5216 sapientiorem,
774 5123 1278 5208 Sexto'fortiorem,
1305 5149 1360 5197 et
1391 5142 1640 5199 omnibus
1675 5133 1908 5215 denique

2011 4500 2301 4571 δαίμονοςί
2329 4498 2401 4555 Ὦ
2417 4501 2641 4571 λάμψας
2668 4504 2946 4576 ἐωσφόρου
2970 4503 3268 4575 ταχύτερον
3287 4504 3300 4557 l
3321 4498 3368 4560 ὦ
3398 4501 3591 4557 πασῶν

2014 4592 2117 4665 μὲν
2162 4593 2345 4659 δείξας
2395 4595 2521 4666 ἐμοὶ
2556 4596 2919 4668 φαιδροτέραν
2968 4596 3204 4667 ἡμέραν,
3237 4596 3325 4650 ὅτε
3371 4612 3431 4650 σε
3478 4590 3590 4649 εἶδε

2012 4685 2228 4756 πρῶτον
2256 4685 2285 4738 ὁ
2317 4685 2489 4756 ἥλιος,
2522 4687 2714 4741 πασῶν
2737 4686 2796 4742 δέ
2843 4687 3257 4759 ἀφεγγεστάτην
3296 4683 3364 4742 αὖ
3401 4686 3588 4751 πάλιν,

2011 4778 2107 4847 ἀφ’
2146 4773 2215 4849 ἧς
2265 4780 2366 4847 τὴν
2417 4779 2656 4850 δυστυχῆ
2695 4780 2791 4833 καὶ⁹
2837 4780 3105 4852 τραγικὴν
3147 4780 3337 4851 φήμην
3368 4779 3594 4849 κεκόμι-

1996 4871 2184 4939 ’σμαιί
2217 4870 2352 4923 Οῐαν
2393 4870 2565 4942 τύχην
2606 4870 2723 4924 ἀνθ’
2752 4871 2880 4925 οἵων
2905 4872 3138 4926 ἐλπίδων
3179 4870 3209 4922 ὁ
3240 4871 3450 4941 δαίμων
3486 4885 3590 4939 μου

2014 4959 2420 5031 κατεψήφισται
2441 4961 2455 5012 l
2490 4961 2685 5031 Θρηνῶ
2713 4960 2809 5016 νῦν
2846 4961 2904 5016 ὃν
2927 4962 3225 5033 δεινότερον
3245 4962 3453 5033 ἤλπισα
3475 4961 3589 5015 Μι-

2014 5052 2299 5106 νουκιανοῦ
2353 5049 2717 5123 φθέγξασθαι,
2769 5053 3095 5126 σεμνότερον
3132 5053 3189 5107 δὲ
3250 5051 3587 5124 Νικαγόρου,

2015 5143 2367 5218 Πλουτάρχου
2399 5145 2456 5200 δέ
2496 5144 2949 5218 εύγλωττότερον,
2990 5145 3308 5201 Μουσωνίου
3350 5144 3409 5199 δέ
3437 5142 3590 5213 φιλο-

1620 5296 1856 5355 νΑΒΙᾹΞ
1897 5298 2307 5357 LECTIONES.

401 5432 456 5497 ξι
513 5400 782 5497 ἐριννλύων
820 5441 882 5497 ςι,
983 5420 1114 5497 ιξρτρ
1167 5434 1289 5497 om_._
1335 5420 1401 5497 Α,

1510 5426 1556 5460 ἰθ
1624 5424 1964 5494 ἐμελέτησας
2009 5423 2051 5479 C
2104 5442 2118 5479 :
2166 5422 2546 5494 ἐμμελετήσας
2569 5440 2632 5488 ς.

324 5496 483 5568 τοῦδε
514 5486 578 5562 ςῖ.
651 5494 699 5528 ⁸³
724 5486 914 5551 νῦνἈ.
1009 5492 1054 5525 ⁵⁰
1082 5487 1219 5563 ἦγχε
1253 5491 1329 5547 B:
1365 5486 1478 5563 εἶχε
1513 5509 1574 5557 ς.
1657 5486 1715 5526 ’⁸³
1740 5486 1914 5566 τήθην
1944 5486 2026 5564 pr.
2061 5494 2129 5563 Α,
2160 5486 2332 5566 τῆθὴν
2355 5486 2611 5565 (1,’τηθὺν
2632 5492 2695 5552 Β.

2732 5428 2781 5465 ⁸⁷
2795 5422 3126 5527 ,ἱδὲδέἓεὶΡλ
3199 5425 3582 5527 “.ξῆδὶ2¹ελ²

2865 5494 3055 5559 ἄστεος
3084 5511 3148 5559 ς.
3249 5495 3298 5530 ⁵³
3317 5494 3364 5553 ὦ
3385 5494 3588 5554 οωξΑ.

1844 5599 2073 5659 NOTAE.

402 5701 515 5775 (42)
555 5700 703 5775 Virg.
738 5703 832 5762 lib.
868 5720 942 5771 Iv,
977 5717 1118 5762 vers.
1143 5702 1246 5765 689
1274 5702 1516 5769 113mm,
1550 5701 1793 5760 Nomium
1821 5702 1907 5758 isti
1950 5699 2266 5771 Proserpina
2301 5703 2588 5771 crinem,...
2620 5718 2681 5760 ex
2720 5704 2989 5774 Euripidis
3028 5704 3309 5763 Alceslide.
