  <div class='ocr_page' id='page_1' title='image "/cluster/home/n/w/nwhite01/storage/ocr_20150623/103 pt.3/mdp.39015061933738/692.png"; bbox 0 0 3990 6232; ppageno 0'>
   <div class='ocr_carea' id='block_1_1' title="bbox 344 266 484 334">
    <p class='ocr_par' dir='ltr' id='par_1_1' title="bbox 344 266 484 334">
     <span class='ocr_line' id='line_1_1' title="bbox 344 266 484 334; baseline -0.007 0"><span class='ocrx_word' id='word_1_1' title='bbox 344 266 484 334; x_wconf 66' lang='grc' dir='ltr'><strong>ηιξ)</strong></span> 
     </span>
    </p>
   </div>
   <div class='ocr_carea' id='block_1_2' title="bbox 1373 269 2519 334">
    <p class='ocr_par' dir='ltr' id='par_1_2' title="bbox 1373 269 2519 334">
     <span class='ocr_line' id='line_1_2' title="bbox 1373 269 2519 334; baseline 0.002 -3"><span class='ocrx_word' id='word_1_2' title='bbox 1373 269 1887 332; x_wconf 74' lang='grc' dir='ltr'><strong>ΒῘΒΙᾸΟΤΗΕΟΑ.</strong></span> <span class='ocrx_word' id='word_1_3' title='bbox 1922 294 1993 308; x_wconf 91' lang='grc'><strong><em>-</em></strong></span> <span class='ocrx_word' id='word_1_4' title='bbox 2025 271 2189 333; x_wconf 91' lang='lat' dir='ltr'><strong>COD.</strong></span> <span class='ocrx_word' id='word_1_5' title='bbox 2214 271 2519 334; x_wconf 82' lang='lat' dir='ltr'><strong>CCXLIlI.</strong></span> 
     </span>
    </p>
   </div>
   <div class='ocr_carea' id='block_1_3' title="bbox 3445 280 3582 347">
    <p class='ocr_par' dir='ltr' id='par_1_3' title="bbox 3445 280 3582 347">
     <span class='ocr_line' id='line_1_3' title="bbox 3445 280 3582 347; baseline 0.015 -2"><span class='ocrx_word' id='word_1_6' title='bbox 3445 280 3582 347; x_wconf 83' lang='grc'><strong>1350</strong></span> 
     </span>
    </p>
   </div>
   <div class='ocr_carea' id='block_1_4' title="bbox 344 378 1917 464">
    <p class='ocr_par' dir='ltr' id='par_1_4' title="bbox 344 378 1916 454">
     <span class='ocr_line' id='line_1_4' title="bbox 344 378 1916 454; baseline 0.002 -20"><span class='ocrx_word' id='word_1_7' title='bbox 344 378 677 451; x_wconf 80' lang='grc' dir='ltr'>σοφώτερον,</span> <span class='ocrx_word' id='word_1_8' title='bbox 734 379 930 446; x_wconf 78' lang='grc' dir='ltr'><strong>Σέξτου</strong></span> <span class='ocrx_word' id='word_1_9' title='bbox 973 379 1033 434; x_wconf 76' lang='grc' dir='ltr'>δὲ</span> <span class='ocrx_word' id='word_1_10' title='bbox 1084 378 1574 454; x_wconf 86' lang='grc' dir='ltr'>καρτερικώτερον,</span> <span class='ocrx_word' id='word_1_11' title='bbox 1607 384 1825 438; x_wconf 88' lang='grc' dir='ltr'>πάντων</span> <span class='ocrx_word' id='word_1_12' title='bbox 1871 383 1916 437; x_wconf 82' lang='grc' dir='ltr'>δ’</span> 
     </span>
    </p>
   </div>
   <div class='ocr_carea' id='block_1_5' title="bbox 2025 378 3593 464">
    <p class='ocr_par' dir='ltr' id='par_1_5' title="bbox 2025 384 3593 464">
     <span class='ocr_line' id='line_1_5' title="bbox 2025 384 3593 464; baseline 0.006 -25"><span class='ocrx_word' id='word_1_13' title='bbox 2025 384 2392 456; x_wconf 82' lang='lat' dir='ltr'><strong>superioribus</strong></span> <span class='ocrx_word' id='word_1_14' title='bbox 2422 385 2768 440; x_wconf 76' lang='lat' dir='ltr'><strong>illustriorem</strong></span> <span class='ocrx_word' id='word_1_15' title='bbox 2801 385 2997 458; x_wconf 65' lang='lat'><strong>36611</strong></span> <span class='ocrx_word' id='word_1_16' title='bbox 3037 388 3423 460; x_wconf 86' lang='lat' dir='ltr'><strong>melioremque</strong></span> <span class='ocrx_word' id='word_1_17' title='bbox 3469 408 3593 464; x_wconf 84' lang='lat' dir='ltr'><strong>spe-</strong></span> 
     </span>
    </p>
   </div>
   <div class='ocr_carea' id='block_1_6' title="bbox 339 470 1915 543">
    <p class='ocr_par' dir='ltr' id='par_1_6' title="bbox 339 470 1915 543">
     <span class='ocr_line' id='line_1_6' title="bbox 339 470 1915 543; baseline 0.003 -16"><span class='ocrx_word' id='word_1_18' title='bbox 339 471 478 542; x_wconf 83' lang='grc' dir='ltr'>όμοῦ</span> <span class='ocrx_word' id='word_1_19' title='bbox 503 470 614 526; x_wconf 83' lang='grc' dir='ltr'><strong>τῶν</strong></span> <span class='ocrx_word' id='word_1_20' title='bbox 636 471 920 543; x_wconf 85' lang='grc' dir='ltr'>προγόνων</span> <span class='ocrx_word' id='word_1_21' title='bbox 939 470 1321 543; x_wconf 80' lang='grc' dir='ltr'>λαμπρότερόν</span> <span class='ocrx_word' id='word_1_22' title='bbox 1343 487 1401 524; x_wconf 87' lang='grc' dir='ltr'><strong>τε</strong></span> <span class='ocrx_word' id='word_1_23' title='bbox 1429 476 1524 525; x_wconf 77' lang='grc' dir='ltr'>καὶ</span> <span class='ocrx_word' id='word_1_24' title='bbox 1544 473 1829 543; x_wconf 83' lang='grc' dir='ltr'>κρείττονα</span> <span class='ocrx_word' id='word_1_25' title='bbox 1848 475 1915 531; x_wconf 76' lang='grc'><strong>⁸⁸.</strong></span> 
     </span>
    </p>
   </div>
   <div class='ocr_carea' id='block_1_7' title="bbox 338 559 1921 634">
    <p class='ocr_par' dir='ltr' id='par_1_7' title="bbox 338 559 1921 634">
     <span class='ocr_line' id='line_1_7' title="bbox 338 559 1921 634; baseline 0.002 -18"><span class='ocrx_word' id='word_1_26' title='bbox 338 561 513 627; x_wconf 75' lang='grc' dir='ltr'>Αὐτὸς</span> <span class='ocrx_word' id='word_1_27' title='bbox 539 561 640 634; x_wconf 78' lang='grc' dir='ltr'>μὲν</span> <span class='ocrx_word' id='word_1_28' title='bbox 663 562 773 634; x_wconf 82' lang='grc' dir='ltr'>γὰρ</span> <span class='ocrx_word' id='word_1_29' title='bbox 812 561 1173 633; x_wconf 81' lang='grc' dir='ltr'><strong>παρεχώρουν</strong></span> <span class='ocrx_word' id='word_1_30' title='bbox 1207 561 1290 616; x_wconf 73' lang='grc' dir='ltr'>ἔτι</span> <span class='ocrx_word' id='word_1_31' title='bbox 1323 559 1627 633; x_wconf 81' lang='grc' dir='ltr'>κουρίζοντι</span> <span class='ocrx_word' id='word_1_32' title='bbox 1650 579 1732 616; x_wconf 85' lang='grc' dir='ltr'><strong>σοι</strong></span> <span class='ocrx_word' id='word_1_33' title='bbox 1748 564 1817 618; x_wconf 81' lang='grc' dir='ltr'>τὰ</span> <span class='ocrx_word' id='word_1_34' title='bbox 1842 583 1921 619; x_wconf 84' lang='grc' dir='ltr'>νι-</span> 
     </span>
    </p>
   </div>
   <div class='ocr_carea' id='block_1_8' title="bbox 341 652 1919 725">
    <p class='ocr_par' dir='ltr' id='par_1_8' title="bbox 341 652 1919 725">
     <span class='ocr_line' id='line_1_8' title="bbox 341 652 1919 725; baseline 0.001 -18"><span class='ocrx_word' id='word_1_35' title='bbox 341 654 605 725; x_wconf 80' lang='grc' dir='ltr'>κητήρια,</span> <span class='ocrx_word' id='word_1_36' title='bbox 632 653 731 708; x_wconf 76' lang='grc' dir='ltr'>καὶ</span> <span class='ocrx_word' id='word_1_37' title='bbox 767 654 893 718; x_wconf 83' lang='grc' dir='ltr'>τοὺς</span> <span class='ocrx_word' id='word_1_38' title='bbox 933 654 1063 717; x_wconf 79' lang='grc' dir='ltr'>σοὺς</span> <span class='ocrx_word' id='word_1_39' title='bbox 1105 652 1297 721; x_wconf 86' lang='grc' dir='ltr'>λόγους</span> <span class='ocrx_word' id='word_1_40' title='bbox 1319 652 1427 706; x_wconf 83' lang='grc' dir='ltr'><strong>τῶν</strong></span> <span class='ocrx_word' id='word_1_41' title='bbox 1473 653 1712 725; x_wconf 77' lang='grc' dir='ltr'><strong>ἐμαυτοῦ</strong></span> <span class='ocrx_word' id='word_1_42' title='bbox 1743 654 1919 724; x_wconf 89' lang='grc' dir='ltr'>λόγων</span> 
     </span>
    </p>
   </div>
   <div class='ocr_carea' id='block_1_9' title="bbox 341 743 1919 817">
    <p class='ocr_par' dir='ltr' id='par_1_9' title="bbox 341 743 1919 817">
     <span class='ocr_line' id='line_1_9' title="bbox 341 743 1919 817; baseline 0.002 -18"><span class='ocrx_word' id='word_1_43' title='bbox 341 744 597 816; x_wconf 79' lang='grc' dir='ltr'>ἡγούμην</span> <span class='ocrx_word' id='word_1_44' title='bbox 618 746 955 816; x_wconf 79' lang='grc' dir='ltr'>κρείττονας.</span> <span class='ocrx_word' id='word_1_45' title='bbox 980 743 1319 816; x_wconf 83' lang='grc' dir='ltr'>Προῦκρινον</span> <span class='ocrx_word' id='word_1_46' title='bbox 1348 744 1457 799; x_wconf 84' lang='grc' dir='ltr'><strong>τῶν</strong></span> <span class='ocrx_word' id='word_1_47' title='bbox 1487 746 1919 817; x_wconf 83' lang='grc' dir='ltr'>σπουδασμάτων</span> 
     </span>
    </p>
   </div>
   <div class='ocr_carea' id='block_1_10' title="bbox 338 836 1921 910">
    <p class='ocr_par' dir='ltr' id='par_1_10' title="bbox 338 836 1921 910">
     <span class='ocr_line' id='line_1_10' title="bbox 338 836 1921 910; baseline 0.003 -23"><span class='ocrx_word' id='word_1_48' title='bbox 338 837 411 890; x_wconf 81' lang='grc' dir='ltr'><strong>τά</strong></span> <span class='ocrx_word' id='word_1_49' title='bbox 441 837 511 891; x_wconf 79' lang='grc' dir='ltr'><strong>σά</strong></span> <span class='ocrx_word' id='word_1_50' title='bbox 546 836 912 909; x_wconf 79' lang='grc' dir='ltr'>ψελλίσματα.</span> <span class='ocrx_word' id='word_1_51' title='bbox 955 837 1117 893; x_wconf 82' lang='grc' dir='ltr'>Ἀλλὰ</span> <span class='ocrx_word' id='word_1_52' title='bbox 1147 838 1321 893; x_wconf 85' lang='grc' dir='ltr'>ταῦτα</span> <span class='ocrx_word' id='word_1_53' title='bbox 1371 838 1546 893; x_wconf 85' lang='grc' dir='ltr'>πάντα</span> <span class='ocrx_word' id='word_1_54' title='bbox 1582 837 1721 910; x_wconf 82' lang='grc' dir='ltr'>ὁμοῦ</span> <span class='ocrx_word' id='word_1_55' title='bbox 1756 840 1921 910; x_wconf 85' lang='grc' dir='ltr'>συλή-</span> 
     </span>
    </p>
   </div>
   <div class='ocr_carea' id='block_1_11' title="bbox 340 924 1914 1001">
    <p class='ocr_par' dir='ltr' id='par_1_11' title="bbox 340 924 1914 1001">
     <span class='ocr_line' id='line_1_11' title="bbox 340 924 1914 1001; baseline 0.006 -26"><span class='ocrx_word' id='word_1_56' title='bbox 340 940 445 987; x_wconf 88' lang='grc' dir='ltr'><strong>σας</strong></span> <span class='ocrx_word' id='word_1_57' title='bbox 475 924 505 977; x_wconf 85' lang='grc' dir='ltr'><strong>ό</strong></span> <span class='ocrx_word' id='word_1_58' title='bbox 526 924 738 995; x_wconf 84' lang='grc' dir='ltr'>δαίμων</span> <span class='ocrx_word' id='word_1_59' title='bbox 769 927 997 996; x_wconf 78' lang='grc' dir='ltr'>οἷχεται,</span> <span class='ocrx_word' id='word_1_60' title='bbox 1025 926 1150 996; x_wconf 78' lang='grc' dir='ltr'>ἐμοὶ</span> <span class='ocrx_word' id='word_1_61' title='bbox 1177 926 1235 980; x_wconf 80' lang='grc' dir='ltr'>δὲ</span> <span class='ocrx_word' id='word_1_62' title='bbox 1251 928 1461 997; x_wconf 81' lang='grc' dir='ltr'>ἀφῆκεν</span> <span class='ocrx_word' id='word_1_63' title='bbox 1492 927 1614 981; x_wconf 67' lang='lat' dir='ltr'><strong>em</strong></span> <span class='ocrx_word' id='word_1_64' title='bbox 1650 927 1744 982; x_wconf 89' lang='grc' dir='ltr'><strong>σοῦ</strong></span> <span class='ocrx_word' id='word_1_65' title='bbox 1780 927 1914 1001; x_wconf 86' lang='grc' dir='ltr'>θρή-</span> 
     </span>
    </p>
   </div>
   <div class='ocr_carea' id='block_1_12' title="bbox 339 1014 1914 1087">
    <p class='ocr_par' dir='ltr' id='par_1_12' title="bbox 339 1014 1914 1087">
     <span class='ocr_line' id='line_1_12' title="bbox 339 1014 1914 1087; baseline 0.003 -20"><span class='ocrx_word' id='word_1_66' title='bbox 339 1032 471 1078; x_wconf 88' lang='grc' dir='ltr'>νους</span> <span class='ocrx_word' id='word_1_67' title='bbox 491 1015 585 1068; x_wconf 83' lang='grc' dir='ltr'>καὶ</span> <span class='ocrx_word' id='word_1_68' title='bbox 612 1014 844 1086; x_wconf 84' lang='grc' dir='ltr'>δάκρυα.</span> <span class='ocrx_word' id='word_1_69' title='bbox 866 1017 1149 1086; x_wconf 77' lang='grc' dir='ltr'>Κοσμήσω</span> <span class='ocrx_word' id='word_1_70' title='bbox 1171 1033 1231 1070; x_wconf 87' lang='grc' dir='ltr'><strong>σε</strong></span> <span class='ocrx_word' id='word_1_71' title='bbox 1267 1017 1361 1070; x_wconf 77' lang='grc' dir='ltr'><strong>καὶ</strong></span> <span class='ocrx_word' id='word_1_72' title='bbox 1386 1018 1692 1086; x_wconf 77' lang='grc' dir='ltr'><strong>ἐπιταφίοις</strong></span> <span class='ocrx_word' id='word_1_73' title='bbox 1721 1018 1914 1087; x_wconf 86' lang='grc' dir='ltr'>ἀγῶσι,</span> 
     </span>
    </p>
   </div>
   <div class='ocr_carea' id='block_1_13' title="bbox 338 1103 1918 1181">
    <p class='ocr_par' dir='ltr' id='par_1_13' title="bbox 338 1103 1918 1181">
     <span class='ocr_line' id='line_1_13' title="bbox 338 1103 1918 1181; baseline 0.004 -24"><span class='ocrx_word' id='word_1_74' title='bbox 338 1105 438 1157; x_wconf 74' lang='grc' dir='ltr'>καὶ</span> <span class='ocrx_word' id='word_1_75' title='bbox 462 1103 772 1175; x_wconf 81' lang='grc' dir='ltr'><strong>παραδώσω</strong></span> <span class='ocrx_word' id='word_1_76' title='bbox 794 1105 870 1176; x_wconf 81' lang='grc' dir='ltr'>τῷ</span> <span class='ocrx_word' id='word_1_77' title='bbox 893 1107 1070 1177; x_wconf 85' lang='grc' dir='ltr'>χρόνῳ</span> <span class='ocrx_word' id='word_1_78' title='bbox 1091 1106 1152 1160; x_wconf 86' lang='grc' dir='ltr'><strong>τδ</strong></span> <span class='ocrx_word' id='word_1_79' title='bbox 1174 1107 1267 1161; x_wconf 72' lang='grc' dir='ltr'><strong>σὺν</strong></span> <span class='ocrx_word' id='word_1_80' title='bbox 1287 1107 1480 1177; x_wconf 74' lang='grc' dir='ltr'>ὄνομα,</span> <span class='ocrx_word' id='word_1_81' title='bbox 1500 1109 1592 1162; x_wconf 80' lang='grc' dir='ltr'>καὶ</span> <span class='ocrx_word' id='word_1_82' title='bbox 1615 1110 1918 1181; x_wconf 83' lang='grc' dir='ltr'>γενήσομαι</span> 
     </span>
    </p>
   </div>
   <div class='ocr_carea' id='block_1_14' title="bbox 338 1196 1920 1273">
    <p class='ocr_par' dir='ltr' id='par_1_14' title="bbox 338 1196 1920 1273">
     <span class='ocr_line' id='line_1_14' title="bbox 338 1196 1920 1273; baseline 0.005 -24"><span class='ocrx_word' id='word_1_83' title='bbox 338 1196 438 1250; x_wconf 85' lang='grc' dir='ltr'><strong>τοῦ</strong></span> <span class='ocrx_word' id='word_1_84' title='bbox 471 1197 729 1268; x_wconf 89' lang='grc' dir='ltr'>δαίμονος</span> <span class='ocrx_word' id='word_1_85' title='bbox 765 1198 909 1253; x_wconf 79' lang='grc' dir='ltr'>κατὰ</span> <span class='ocrx_word' id='word_1_86' title='bbox 939 1199 1100 1253; x_wconf 88' lang='grc' dir='ltr'>τοῦτο</span> <span class='ocrx_word' id='word_1_87' title='bbox 1129 1200 1262 1265; x_wconf 89' lang='grc' dir='ltr'>γοῦν</span> <span class='ocrx_word' id='word_1_88' title='bbox 1315 1200 1377 1253; x_wconf 86' lang='grc' dir='ltr'>τὸ</span> <span class='ocrx_word' id='word_1_89' title='bbox 1408 1200 1574 1273; x_wconf 88' lang='grc' dir='ltr'>μέρος</span> <span class='ocrx_word' id='word_1_90' title='bbox 1622 1202 1920 1271; x_wconf 86' lang='grc' dir='ltr'>φιλονεικό-</span> 
     </span>
    </p>
   </div>
   <div class='ocr_carea' id='block_1_15' title="bbox 340 1288 1920 1366">
    <p class='ocr_par' dir='ltr' id='par_1_15' title="bbox 340 1288 1920 1366">
     <span class='ocr_line' id='line_1_15' title="bbox 340 1288 1920 1366; baseline 0.006 -26"><span class='ocrx_word' id='word_1_91' title='bbox 340 1304 502 1360; x_wconf 85' lang='grc' dir='ltr'>τερος</span> <span class='ocrx_word' id='word_1_92' title='bbox 532 1288 620 1343; x_wconf 78' lang='grc' dir='ltr'><strong>ἵνα</strong></span> <span class='ocrx_word' id='word_1_93' title='bbox 647 1288 748 1362; x_wconf 77' lang='grc' dir='ltr'><strong>ἔχῃ</strong></span> <span class='ocrx_word' id='word_1_94' title='bbox 783 1289 882 1361; x_wconf 85' lang='grc' dir='ltr'>μὲν</span> <span class='ocrx_word' id='word_1_95' title='bbox 915 1292 1123 1355; x_wconf 72' lang='grc' dir='ltr'>ἐκεῖνος</span> <span class='ocrx_word' id='word_1_96' title='bbox 1152 1292 1213 1345; x_wconf 85' lang='grc' dir='ltr'>τὸ</span> <span class='ocrx_word' id='word_1_97' title='bbox 1244 1291 1427 1362; x_wconf 84' lang='grc' dir='ltr'>σῶμα,</span> <span class='ocrx_word' id='word_1_98' title='bbox 1469 1292 1570 1363; x_wconf 83' lang='grc' dir='ltr'>τὴν</span> <span class='ocrx_word' id='word_1_99' title='bbox 1609 1292 1666 1347; x_wconf 80' lang='grc' dir='ltr'>δὲ</span> <span class='ocrx_word' id='word_1_100' title='bbox 1690 1292 1868 1366; x_wconf 78' lang='grc' dir='ltr'>ψυχὴν</span> <span class='ocrx_word' id='word_1_101' title='bbox 1891 1296 1920 1349; x_wconf 87' lang='grc' dir='ltr'><strong>ό</strong></span> 
     </span>
    </p>
   </div>
   <div class='ocr_carea' id='block_1_16' title="bbox 337 1379 1599 1455">
    <p class='ocr_par' dir='ltr' id='par_1_16' title="bbox 337 1379 1599 1455">
     <span class='ocr_line' id='line_1_16' title="bbox 337 1379 1599 1455; baseline 0.005 -24"><span class='ocrx_word' id='word_1_102' title='bbox 337 1379 596 1450; x_wconf 78' lang='grc' dir='ltr'>οὐρανὸς,</span> <span class='ocrx_word' id='word_1_103' title='bbox 621 1380 722 1451; x_wconf 84' lang='grc' dir='ltr'>τὴν</span> <span class='ocrx_word' id='word_1_104' title='bbox 751 1380 807 1433; x_wconf 84' lang='grc' dir='ltr'>δὲ</span> <span class='ocrx_word' id='word_1_105' title='bbox 838 1380 996 1446; x_wconf 78' lang='grc' dir='ltr'>δόξαν</span> <span class='ocrx_word' id='word_1_106' title='bbox 1028 1381 1269 1445; x_wconf 76' lang='grc' dir='ltr'>ἅπαντες</span> <span class='ocrx_word' id='word_1_107' title='bbox 1297 1382 1599 1455; x_wconf 80' lang='grc' dir='ltr'>ἄνθρωποι.</span> 
     </span>
    </p>
   </div>
   <div class='ocr_carea' id='block_1_17' title="bbox 350 1491 1921 1567">
    <p class='ocr_par' dir='ltr' id='par_1_17' title="bbox 350 1491 1921 1567">
     <span class='ocr_line' id='line_1_17' title="bbox 350 1491 1921 1567; baseline 0.004 -21"><span class='ocrx_word' id='word_1_108' title='bbox 350 1491 460 1546; x_wconf 80' lang='grc' dir='ltr'>Ἐκ</span> <span class='ocrx_word' id='word_1_109' title='bbox 496 1492 604 1548; x_wconf 85' lang='grc' dir='ltr'><strong>τοῦ</strong></span> <span class='ocrx_word' id='word_1_110' title='bbox 644 1494 733 1558; x_wconf 81' lang='grc' dir='ltr'>εις</span> <span class='ocrx_word' id='word_1_111' title='bbox 782 1492 1051 1562; x_wconf 77' lang='grc' dir='ltr'>Σεϐἦρον</span> <span class='ocrx_word' id='word_1_112' title='bbox 1086 1494 1503 1567; x_wconf 63' lang='grc' dir='ltr'>ἐπιθαλάμιον.</span> <span class='ocrx_word' id='word_1_113' title='bbox 1552 1526 1622 1535; x_wconf 95' lang='grc'><strong>-</strong></span> <span class='ocrx_word' id='word_1_114' title='bbox 1678 1497 1778 1552; x_wconf 83' lang='grc' dir='ltr'>Ἐκ</span> <span class='ocrx_word' id='word_1_115' title='bbox 1808 1496 1921 1567; x_wconf 84' lang='grc' dir='ltr'>τῆς</span> 
     </span>
    </p>
   </div>
   <div class='ocr_carea' id='block_1_18' title="bbox 938 1564 1321 1633">
    <p class='ocr_par' dir='ltr' id='par_1_18' title="bbox 938 1564 1321 1633">
     <span class='ocr_line' id='line_1_18' title="bbox 938 1564 1321 1633; baseline 0.003 -16"><span class='ocrx_word' id='word_1_116' title='bbox 938 1564 1321 1633; x_wconf 78' lang='grc' dir='ltr'>προθεωρίας.</span> 
     </span>
    </p>
   </div>
   <div class='ocr_carea' id='block_1_19' title="bbox 412 1653 1919 1731">
    <p class='ocr_par' dir='ltr' id='par_1_19' title="bbox 412 1653 1919 1731">
     <span class='ocr_line' id='line_1_19' title="bbox 412 1653 1919 1731; baseline 0.005 -24"><span class='ocrx_word' id='word_1_117' title='bbox 412 1654 584 1719; x_wconf 84' lang='grc' dir='ltr'>Ἴσως</span> <span class='ocrx_word' id='word_1_118' title='bbox 610 1655 709 1726; x_wconf 83' lang='grc' dir='ltr'>μὲν</span> <span class='ocrx_word' id='word_1_119' title='bbox 735 1656 801 1711; x_wconf 78' lang='grc' dir='ltr'>ἄν</span> <span class='ocrx_word' id='word_1_120' title='bbox 827 1673 904 1723; x_wconf 86' lang='grc' dir='ltr'>τῳ</span> <span class='ocrx_word' id='word_1_121' title='bbox 932 1656 1223 1728; x_wconf 83' lang='grc' dir='ltr'>περίεργον</span> <span class='ocrx_word' id='word_1_122' title='bbox 1252 1653 1392 1713; x_wconf 80' lang='grc' dir='ltr'>εἶναι</span> <span class='ocrx_word' id='word_1_123' title='bbox 1411 1658 1580 1724; x_wconf 82' lang='grc' dir='ltr'>δόξειε</span> <span class='ocrx_word' id='word_1_124' title='bbox 1604 1660 1665 1713; x_wconf 82' lang='grc' dir='ltr'>τὸ</span> <span class='ocrx_word' id='word_1_125' title='bbox 1687 1660 1794 1731; x_wconf 78' lang='grc' dir='ltr'>πρὸ</span> <span class='ocrx_word' id='word_1_126' title='bbox 1810 1661 1919 1715; x_wconf 83' lang='grc' dir='ltr'><strong>τῶν</strong></span> 
     </span>
    </p>
   </div>
   <div class='ocr_carea' id='block_1_20' title="bbox 2020 473 3593 545">
    <p class='ocr_par' dir='ltr' id='par_1_20' title="bbox 2020 473 3593 545">
     <span class='ocr_line' id='line_1_20' title="bbox 2020 473 3593 545; baseline 0.005 -17"><span class='ocrx_word' id='word_1_127' title='bbox 2020 488 2265 528; x_wconf 83' lang='lat' dir='ltr'><strong>raveram</strong></span> <span class='ocrx_word' id='word_1_128' title='bbox 2306 484 2605 529; x_wconf 86' lang='lat' dir='ltr'><strong>oratorum.</strong></span> <span class='ocrx_word' id='word_1_129' title='bbox 2657 473 2767 545; x_wconf 77' lang='lat' dir='ltr'><strong>Ego</strong></span> <span class='ocrx_word' id='word_1_130' title='bbox 2808 476 2929 545; x_wconf 86' lang='lat' dir='ltr'><strong>ipse</strong></span> <span class='ocrx_word' id='word_1_131' title='bbox 2969 478 3251 533; x_wconf 79' lang='lat' dir='ltr'><strong>victoriam</strong></span> <span class='ocrx_word' id='word_1_132' title='bbox 3286 479 3381 535; x_wconf 88' lang='lat' dir='ltr'><strong>tibi</strong></span> <span class='ocrx_word' id='word_1_133' title='bbox 3415 483 3593 536; x_wconf 86' lang='lat' dir='ltr'><strong>adhuc</strong></span> 
     </span>
    </p>
   </div>
   <div class='ocr_carea' id='block_1_21' title="bbox 2014 564 3592 642">
    <p class='ocr_par' dir='ltr' id='par_1_21' title="bbox 2014 564 3592 642">
     <span class='ocr_line' id='line_1_21' title="bbox 2014 564 3592 642; baseline 0.007 -25"><span class='ocrx_word' id='word_1_134' title='bbox 2014 564 2199 634; x_wconf 81' lang='lat' dir='ltr'><strong>juveni</strong></span> <span class='ocrx_word' id='word_1_135' title='bbox 2225 564 2607 632; x_wconf 84' lang='lat' dir='ltr'><strong>concedebam,</strong></span> <span class='ocrx_word' id='word_1_136' title='bbox 2647 573 2903 635; x_wconf 89' lang='lat' dir='ltr'><strong>tuamque</strong></span> <span class='ocrx_word' id='word_1_137' title='bbox 2930 568 3231 624; x_wconf 89' lang='lat' dir='ltr'><strong>orationem</strong></span> <span class='ocrx_word' id='word_1_138' title='bbox 3273 585 3388 626; x_wconf 88' lang='lat' dir='ltr'><strong>mea</strong></span> <span class='ocrx_word' id='word_1_139' title='bbox 3410 572 3592 642; x_wconf 87' lang='lat' dir='ltr'><strong>splen-</strong></span> 
     </span>
    </p>
   </div>
   <div class='ocr_carea' id='block_1_22' title="bbox 2018 657 3591 731">
    <p class='ocr_par' dir='ltr' id='par_1_22' title="bbox 2018 657 3591 731">
     <span class='ocr_line' id='line_1_22' title="bbox 2018 657 3591 731; baseline 0.004 -20"><span class='ocrx_word' id='word_1_140' title='bbox 2018 657 2285 712; x_wconf 88' lang='lat' dir='ltr'><strong>didiorem</strong></span> <span class='ocrx_word' id='word_1_141' title='bbox 2312 658 2471 726; x_wconf 80' lang='lat' dir='ltr'><strong>longe</strong></span> <span class='ocrx_word' id='word_1_142' title='bbox 2499 658 2825 724; x_wconf 88' lang='lat' dir='ltr'><strong>arbitrabar,</strong></span> <span class='ocrx_word' id='word_1_143' title='bbox 2855 667 2911 713; x_wconf 89' lang='lat' dir='ltr'><strong>et</strong></span> <span class='ocrx_word' id='word_1_144' title='bbox 2938 659 3268 715; x_wconf 86' lang='lat' dir='ltr'><strong>balbutiente</strong></span> <span class='ocrx_word' id='word_1_145' title='bbox 3298 670 3352 731; x_wconf 86' lang='lat' dir='ltr'><strong>te</strong></span> <span class='ocrx_word' id='word_1_146' title='bbox 3378 662 3445 717; x_wconf 90' lang='lat' dir='ltr'><strong>de</strong></span> <span class='ocrx_word' id='word_1_147' title='bbox 3472 674 3591 718; x_wconf 88' lang='lat' dir='ltr'><strong>stu-</strong></span> 
     </span>
    </p>
   </div>
   <div class='ocr_carea' id='block_1_23' title="bbox 2017 746 3589 819">
    <p class='ocr_par' dir='ltr' id='par_1_23' title="bbox 2017 746 3589 819">
     <span class='ocr_line' id='line_1_23' title="bbox 2017 746 3589 819; baseline 0.004 -19"><span class='ocrx_word' id='word_1_148' title='bbox 2017 746 2228 801; x_wconf 90' lang='lat' dir='ltr'><strong>diorum</strong></span> <span class='ocrx_word' id='word_1_149' title='bbox 2285 749 2497 803; x_wconf 90' lang='lat' dir='ltr'><strong>ratione</strong></span> <span class='ocrx_word' id='word_1_150' title='bbox 2543 749 2927 819; x_wconf 72' lang='lat' dir='ltr'><strong>praeludieavi,</strong></span> <span class='ocrx_word' id='word_1_151' title='bbox 2978 752 3073 806; x_wconf 90' lang='lat' dir='ltr'><strong>sed</strong></span> <span class='ocrx_word' id='word_1_152' title='bbox 3123 753 3238 807; x_wconf 84' lang='lat' dir='ltr'><strong>haec</strong></span> <span class='ocrx_word' id='word_1_153' title='bbox 3276 753 3454 807; x_wconf 86' lang='lat' dir='ltr'><strong>omnia</strong></span> <span class='ocrx_word' id='word_1_154' title='bbox 3496 753 3589 807; x_wconf 90' lang='lat' dir='ltr'><strong>tibi</strong></span> 
     </span>
    </p>
   </div>
   <div class='ocr_carea' id='block_1_24' title="bbox 2019 838 3589 915">
    <p class='ocr_par' dir='ltr' id='par_1_24' title="bbox 2019 838 3589 915">
     <span class='ocr_line' id='line_1_24' title="bbox 2019 838 3589 915; baseline 0.003 -22"><span class='ocrx_word' id='word_1_155' title='bbox 2019 838 2230 894; x_wconf 68' lang='lat' dir='ltr'><strong>daemon</strong></span> <span class='ocrx_word' id='word_1_156' title='bbox 2288 840 2543 895; x_wconf 79' lang='lat' dir='ltr'><strong>auferens</strong></span> <span class='ocrx_word' id='word_1_157' title='bbox 2592 840 2796 912; x_wconf 79' lang='lat' dir='ltr'><strong>effugit,</strong></span> <span class='ocrx_word' id='word_1_158' title='bbox 2843 853 2899 897; x_wconf 90' lang='lat' dir='ltr'><strong>et</strong></span> <span class='ocrx_word' id='word_1_159' title='bbox 2945 842 3075 897; x_wconf 92' lang='lat' dir='ltr'><strong>mihi</strong></span> <span class='ocrx_word' id='word_1_160' title='bbox 3129 843 3367 898; x_wconf 85' lang='lat' dir='ltr'><strong>dolorem</strong></span> <span class='ocrx_word' id='word_1_161' title='bbox 3417 844 3589 915; x_wconf 81' lang='lat' dir='ltr'><strong>lact-y-</strong></span> 
     </span>
    </p>
   </div>
   <div class='ocr_carea' id='block_1_25' title="bbox 2019 932 3593 1003">
    <p class='ocr_par' dir='ltr' id='par_1_25' title="bbox 2019 932 3593 1003">
     <span class='ocr_line' id='line_1_25' title="bbox 2019 932 3593 1003; baseline 0.004 -18"><span class='ocrx_word' id='word_1_162' title='bbox 2019 944 2245 1000; x_wconf 85' lang='lat' dir='ltr'><strong>masque</strong></span> <span class='ocrx_word' id='word_1_163' title='bbox 2273 945 2369 1001; x_wconf 91' lang='lat' dir='ltr'><strong>pro</strong></span> <span class='ocrx_word' id='word_1_164' title='bbox 2398 941 2450 987; x_wconf 90' lang='lat' dir='ltr'><strong>te</strong></span> <span class='ocrx_word' id='word_1_165' title='bbox 2482 932 2721 1003; x_wconf 86' lang='lat' dir='ltr'><strong>reliquit.</strong></span> <span class='ocrx_word' id='word_1_166' title='bbox 2761 934 2978 991; x_wconf 87' lang='lat' dir='ltr'><strong>Ornabo</strong></span> <span class='ocrx_word' id='word_1_167' title='bbox 3011 943 3063 990; x_wconf 89' lang='lat' dir='ltr'><strong>te</strong></span> <span class='ocrx_word' id='word_1_168' title='bbox 3095 935 3235 991; x_wconf 83' lang='lat' dir='ltr'><strong>ludis</strong></span> <span class='ocrx_word' id='word_1_169' title='bbox 3276 936 3593 992; x_wconf 77' lang='lat' dir='ltr'><strong>luttebribus</strong></span> 
     </span>
    </p>
   </div>
   <div class='ocr_carea' id='block_1_26' title="bbox 2018 1023 3591 1107">
    <p class='ocr_par' dir='ltr' id='par_1_26' title="bbox 2018 1023 3591 1107">
     <span class='ocr_line' id='line_1_26' title="bbox 2018 1023 3591 1107; baseline 0.003 -30"><span class='ocrx_word' id='word_1_170' title='bbox 2018 1031 2074 1077; x_wconf 86' lang='lat' dir='ltr'><strong>et</strong></span> <span class='ocrx_word' id='word_1_171' title='bbox 2117 1023 2421 1092; x_wconf 86' lang='lat' dir='ltr'><strong>posteritati</strong></span> <span class='ocrx_word' id='word_1_172' title='bbox 2466 1039 2662 1079; x_wconf 90' lang='lat' dir='ltr'><strong>nomen</strong></span> <span class='ocrx_word' id='word_1_173' title='bbox 2711 1025 2916 1079; x_wconf 89' lang='lat' dir='ltr'><strong>tradam</strong></span> <span class='ocrx_word' id='word_1_174' title='bbox 2958 1034 3129 1107; x_wconf 81' lang='lat' dir='ltr'><strong>tuum,</strong></span> <span class='ocrx_word' id='word_1_175' title='bbox 3163 1036 3217 1081; x_wconf 89' lang='lat' dir='ltr'><strong>et</strong></span> <span class='ocrx_word' id='word_1_176' title='bbox 3260 1028 3362 1083; x_wconf 91' lang='lat' dir='ltr'><strong>hac</strong></span> <span class='ocrx_word' id='word_1_177' title='bbox 3399 1026 3591 1082; x_wconf 90' lang='lat' dir='ltr'><strong>saltem</strong></span> 
     </span>
    </p>
   </div>
   <div class='ocr_carea' id='block_1_27' title="bbox 2018 1114 3593 1188">
    <p class='ocr_par' dir='ltr' id='par_1_27' title="bbox 2018 1114 3593 1188">
     <span class='ocr_line' id='line_1_27' title="bbox 2018 1114 3593 1188; baseline 0.004 -22"><span class='ocrx_word' id='word_1_178' title='bbox 2018 1124 2173 1184; x_wconf 88' lang='lat' dir='ltr'><strong>parte</strong></span> <span class='ocrx_word' id='word_1_179' title='bbox 2204 1114 2503 1171; x_wconf 69' lang='lat' dir='ltr'><strong>dmmonem</strong></span> <span class='ocrx_word' id='word_1_180' title='bbox 2533 1117 2766 1182; x_wconf 86' lang='lat' dir='ltr'><strong>vincam,</strong></span> <span class='ocrx_word' id='word_1_181' title='bbox 2794 1128 2851 1169; x_wconf 94' lang='lat' dir='ltr'><strong>ut</strong></span> <span class='ocrx_word' id='word_1_182' title='bbox 2891 1117 2980 1171; x_wconf 91' lang='lat' dir='ltr'><strong>ille</strong></span> <span class='ocrx_word' id='word_1_183' title='bbox 3019 1118 3233 1186; x_wconf 81' lang='lat' dir='ltr'><strong>quidem</strong></span> <span class='ocrx_word' id='word_1_184' title='bbox 3275 1131 3468 1188; x_wconf 82' lang='lat' dir='ltr'><strong>corpus</strong></span> <span class='ocrx_word' id='word_1_185' title='bbox 3494 1119 3593 1174; x_wconf 84' lang='lat' dir='ltr'><strong>ba-</strong></span> 
     </span>
    </p>
   </div>
   <div class='ocr_carea' id='block_1_28' title="bbox 2021 1205 3389 1272">
    <p class='ocr_par' dir='ltr' id='par_1_28' title="bbox 2021 1205 3389 1272">
     <span class='ocr_line' id='line_1_28' title="bbox 2021 1205 3389 1272; baseline 0.004 -13"><span class='ocrx_word' id='word_1_186' title='bbox 2021 1205 2169 1272; x_wconf 88' lang='lat' dir='ltr'><strong>beat,</strong></span> <span class='ocrx_word' id='word_1_187' title='bbox 2203 1205 2440 1260; x_wconf 87' lang='lat' dir='ltr'><strong>animam</strong></span> <span class='ocrx_word' id='word_1_188' title='bbox 2472 1215 2645 1272; x_wconf 82' lang='lat' dir='ltr'><strong>astra,</strong></span> <span class='ocrx_word' id='word_1_189' title='bbox 2673 1220 2859 1261; x_wconf 87' lang='lat' dir='ltr'><strong>omnes</strong></span> <span class='ocrx_word' id='word_1_190' title='bbox 2888 1206 3135 1264; x_wconf 84' lang='lat' dir='ltr'><strong>homines</strong></span> <span class='ocrx_word' id='word_1_191' title='bbox 3170 1208 3389 1265; x_wconf 81' lang='lat' dir='ltr'><strong>fatuam.</strong></span> 
     </span>
    </p>
   </div>
   <div class='ocr_carea' id='block_1_29' title="bbox 2091 1489 3519 1567">
    <p class='ocr_par' dir='ltr' id='par_1_29' title="bbox 2091 1489 3519 1567">
     <span class='ocr_line' id='line_1_29' title="bbox 2091 1489 3519 1567; baseline 0.006 -22"><span class='ocrx_word' id='word_1_192' title='bbox 2091 1489 2177 1545; x_wconf 80' lang='lat' dir='ltr'><strong>Ea:</strong></span> <span class='ocrx_word' id='word_1_193' title='bbox 2210 1491 2566 1558; x_wconf 80' lang='lat' dir='ltr'><strong>Epithalamio</strong></span> <span class='ocrx_word' id='word_1_194' title='bbox 2594 1495 2662 1547; x_wconf 87' lang='lat' dir='ltr'><strong>ad</strong></span> <span class='ocrx_word' id='word_1_195' title='bbox 2677 1493 2944 1550; x_wconf 73' lang='lat' dir='ltr'><strong>Severum.</strong></span> <span class='ocrx_word' id='word_1_196' title='bbox 2967 1526 3039 1535; x_wconf 91' lang='lat'><strong>—</strong></span> <span class='ocrx_word' id='word_1_197' title='bbox 3057 1494 3144 1550; x_wconf 70' lang='lat' dir='ltr'><strong>Ex</strong></span> <span class='ocrx_word' id='word_1_198' title='bbox 3188 1497 3519 1567; x_wconf 70' lang='lat' dir='ltr'><strong>prmfatt&#39;one.</strong></span> 
     </span>
    </p>
   </div>
   <div class='ocr_carea' id='block_1_30' title="bbox 2092 1647 3593 1722">
    <p class='ocr_par' dir='ltr' id='par_1_30' title="bbox 2092 1647 3593 1722">
     <span class='ocr_line' id='line_1_30' title="bbox 2092 1647 3593 1722; baseline 0.005 -20"><span class='ocrx_word' id='word_1_199' title='bbox 2092 1647 2280 1716; x_wconf 70' lang='lat' dir='ltr'><strong>Operae</strong></span> <span class='ocrx_word' id='word_1_200' title='bbox 2323 1650 2555 1717; x_wconf 88' lang='lat' dir='ltr'><strong>pretium</strong></span> <span class='ocrx_word' id='word_1_201' title='bbox 2596 1650 2821 1705; x_wconf 85' lang='lat' dir='ltr'><strong>forsitan</strong></span> <span class='ocrx_word' id='word_1_202' title='bbox 2870 1653 3047 1707; x_wconf 89' lang='lat' dir='ltr'><strong>visum</strong></span> <span class='ocrx_word' id='word_1_203' title='bbox 3093 1669 3196 1708; x_wconf 88' lang='lat' dir='ltr'><strong>non</strong></span> <span class='ocrx_word' id='word_1_204' title='bbox 3226 1654 3409 1722; x_wconf 80' lang='lat' dir='ltr'><strong>fuerit,</strong></span> <span class='ocrx_word' id='word_1_205' title='bbox 3467 1665 3593 1711; x_wconf 81' lang='lat' dir='ltr'><strong>ante</strong></span> 
     </span>
    </p>
   </div>
   <div class='ocr_carea' id='block_1_31' title="bbox 339 1728 1917 1823">
    <p class='ocr_par' dir='ltr' id='par_1_31' title="bbox 339 1728 1917 1823">
     <span class='ocr_line' id='line_1_31' title="bbox 339 1728 1917 1823; baseline 0.004 -23"><span class='ocrx_word' id='word_1_206' title='bbox 339 1747 720 1817; x_wconf 78' lang='grc' dir='ltr'>ἐπιθαλαμίων</span> <span class='ocrx_word' id='word_1_207' title='bbox 747 1748 1085 1818; x_wconf 85' lang='grc' dir='ltr'>τεχνολογεῖν</span> <span class='ocrx_word' id='word_1_208' title='bbox 1107 1766 1120 1779; x_wconf 94' lang='grc'><strong>·</strong></span> <span class='ocrx_word' id='word_1_209' title='bbox 1178 1750 1315 1804; x_wconf 83' lang='grc' dir='ltr'>ὅπου</span> <span class='ocrx_word' id='word_1_210' title='bbox 1346 1751 1456 1823; x_wconf 85' lang='grc' dir='ltr'><strong>γάρ</strong></span> <span class='ocrx_word' id='word_1_211' title='bbox 1497 1728 1784 1819; x_wconf 81' lang='grc' dir='ltr'>Ὑμέναιος</span> <span class='ocrx_word' id='word_1_212' title='bbox 1825 1754 1917 1807; x_wconf 77' lang='grc' dir='ltr'>καὶ</span> 
     </span>
    </p>
   </div>
   <div class='ocr_carea' id='block_1_32' title="bbox 2025 1728 3588 1823">
    <p class='ocr_par' dir='ltr' id='par_1_32' title="bbox 2025 1739 3588 1818">
     <span class='ocr_line' id='line_1_32' title="bbox 2025 1739 3588 1818; baseline 0.004 -25"><span class='ocrx_word' id='word_1_213' title='bbox 2025 1739 2372 1807; x_wconf 82' lang='lat' dir='ltr'><strong>epithalamia</strong></span> <span class='ocrx_word' id='word_1_214' title='bbox 2404 1741 2697 1797; x_wconf 81' lang='lat' dir='ltr'><strong>artiﬁciosa</strong></span> <span class='ocrx_word' id='word_1_215' title='bbox 2723 1743 2926 1797; x_wconf 88' lang='lat' dir='ltr'><strong>dicere.</strong></span> <span class='ocrx_word' id='word_1_216' title='bbox 2951 1742 3086 1797; x_wconf 86' lang='lat' dir='ltr'><strong>Nam</strong></span> <span class='ocrx_word' id='word_1_217' title='bbox 3119 1746 3207 1799; x_wconf 92' lang='lat' dir='ltr'><strong>ubi</strong></span> <span class='ocrx_word' id='word_1_218' title='bbox 3250 1747 3588 1818; x_wconf 63' lang='lat' dir='ltr'><strong>Hymenaeus,</strong></span> 
     </span>
    </p>
   </div>
   <div class='ocr_carea' id='block_1_33' title="bbox 337 1839 1917 1915">
    <p class='ocr_par' dir='ltr' id='par_1_33' title="bbox 337 1839 1917 1915">
     <span class='ocr_line' id='line_1_33' title="bbox 337 1839 1917 1915; baseline 0.004 -23"><span class='ocrx_word' id='word_1_219' title='bbox 337 1839 494 1911; x_wconf 75' lang='grc' dir='ltr'>χοροὶ</span> <span class='ocrx_word' id='word_1_220' title='bbox 543 1841 640 1894; x_wconf 80' lang='grc' dir='ltr'>καὶ</span> <span class='ocrx_word' id='word_1_221' title='bbox 674 1842 962 1911; x_wconf 76' lang='grc' dir='ltr'><strong>ποιητικῆς</strong></span> <span class='ocrx_word' id='word_1_222' title='bbox 996 1842 1327 1915; x_wconf 78' lang='grc' dir='ltr'><strong>αὐτονομίας</strong></span> <span class='ocrx_word' id='word_1_223' title='bbox 1356 1845 1529 1911; x_wconf 80' lang='grc' dir='ltr'>ἄδεια,</span> <span class='ocrx_word' id='word_1_224' title='bbox 1560 1846 1645 1909; x_wconf 88' lang='grc' dir='ltr'><strong>τίς</strong></span> <span class='ocrx_word' id='word_1_225' title='bbox 1683 1846 1917 1900; x_wconf 77' lang='grc' dir='ltr'>ἐνταῦθα</span> 
     </span>
    </p>
   </div>
   <div class='ocr_carea' id='block_1_34' title="bbox 335 1929 1918 2003">
    <p class='ocr_par' dir='ltr' id='par_1_34' title="bbox 335 1929 1918 2003">
     <span class='ocr_line' id='line_1_34' title="bbox 335 1929 1918 2003; baseline 0.001 -20"><span class='ocrx_word' id='word_1_226' title='bbox 335 1929 536 2001; x_wconf 85' lang='grc' dir='ltr'>τέχνης</span> <span class='ocrx_word' id='word_1_227' title='bbox 569 1930 790 2000; x_wconf 55' lang='lat' dir='ltr'><strong>mm;</strong></span> <span class='ocrx_word' id='word_1_228' title='bbox 831 1930 986 1983; x_wconf 79' lang='grc' dir='ltr'>Ἐπεὶ</span> <span class='ocrx_word' id='word_1_229' title='bbox 1009 1930 1066 1983; x_wconf 83' lang='grc' dir='ltr'>δὲ</span> <span class='ocrx_word' id='word_1_230' title='bbox 1109 1932 1214 2002; x_wconf 87' lang='grc' dir='ltr'>χρὴ</span> <span class='ocrx_word' id='word_1_231' title='bbox 1242 1932 1335 1986; x_wconf 78' lang='grc' dir='ltr'>τὸν</span> <span class='ocrx_word' id='word_1_232' title='bbox 1378 1933 1715 2003; x_wconf 78' lang='grc' dir='ltr'>ἐπιστήμονα</span> <span class='ocrx_word' id='word_1_233' title='bbox 1739 1934 1835 1986; x_wconf 76' lang='grc' dir='ltr'>καὶ</span> <span class='ocrx_word' id='word_1_234' title='bbox 1860 1935 1918 1987; x_wconf 79' lang='grc' dir='ltr'>ὲν</span> 
     </span>
    </p>
   </div>
   <div class='ocr_carea' id='block_1_35' title="bbox 338 2021 1920 2097">
    <p class='ocr_par' dir='ltr' id='par_1_35' title="bbox 338 2021 1920 2097">
     <span class='ocr_line' id='line_1_35' title="bbox 338 2021 1920 2097; baseline 0.003 -23"><span class='ocrx_word' id='word_1_235' title='bbox 338 2024 456 2086; x_wconf 84' lang='grc' dir='ltr'>τοῖς</span> <span class='ocrx_word' id='word_1_236' title='bbox 483 2021 746 2085; x_wconf 80' lang='grc' dir='ltr'>τοιούτοις</span> <span class='ocrx_word' id='word_1_237' title='bbox 779 2022 947 2092; x_wconf 84' lang='grc' dir='ltr'>μηδὲν</span> <span class='ocrx_word' id='word_1_238' title='bbox 973 2022 1104 2077; x_wconf 83' lang='grc' dir='ltr'>ἄνευ</span> <span class='ocrx_word' id='word_1_239' title='bbox 1133 2024 1332 2097; x_wconf 83' lang='grc' dir='ltr'>τέχνης</span> <span class='ocrx_word' id='word_1_240' title='bbox 1366 2026 1560 2093; x_wconf 81' lang='grc' dir='ltr'>ποιεῖν,</span> <span class='ocrx_word' id='word_1_241' title='bbox 1588 2025 1795 2096; x_wconf 80' lang='grc' dir='ltr'>βραχέα</span> <span class='ocrx_word' id='word_1_242' title='bbox 1825 2025 1920 2080; x_wconf 73' lang='grc' dir='ltr'>καὶ</span> 
     </span>
    </p>
   </div>
   <div class='ocr_carea' id='block_1_36' title="bbox 338 2112 1919 2187">
    <p class='ocr_par' dir='ltr' id='par_1_36' title="bbox 338 2112 1919 2187">
     <span class='ocr_line' id='line_1_36' title="bbox 338 2112 1919 2187; baseline 0.003 -21"><span class='ocrx_word' id='word_1_243' title='bbox 338 2113 470 2185; x_wconf 77' lang='grc' dir='ltr'>περὶ</span> <span class='ocrx_word' id='word_1_244' title='bbox 504 2112 712 2167; x_wconf 88' lang='grc' dir='ltr'>τούτων</span> <span class='ocrx_word' id='word_1_245' title='bbox 741 2114 917 2167; x_wconf 77' lang='grc' dir='ltr'>εἰπεῖν</span> <span class='ocrx_word' id='word_1_246' title='bbox 966 2114 1138 2181; x_wconf 77' lang='grc' dir='ltr'>ἄξιον.</span> <span class='ocrx_word' id='word_1_247' title='bbox 1180 2117 1358 2169; x_wconf 85' lang='grc' dir='ltr'><strong>Ἔστω</strong></span> <span class='ocrx_word' id='word_1_248' title='bbox 1408 2116 1590 2170; x_wconf 81' lang='grc' dir='ltr'>τοίνυν</span> <span class='ocrx_word' id='word_1_249' title='bbox 1620 2117 1648 2168; x_wconf 90' lang='grc' dir='ltr'><strong>ό</strong></span> <span class='ocrx_word' id='word_1_250' title='bbox 1700 2118 1919 2187; x_wconf 81' lang='grc' dir='ltr'>ἄριστος</span> 
     </span>
    </p>
   </div>
   <div class='ocr_carea' id='block_1_37' title="bbox 336 2202 1920 2278">
    <p class='ocr_par' dir='ltr' id='par_1_37' title="bbox 336 2202 1920 2278">
     <span class='ocr_line' id='line_1_37' title="bbox 336 2202 1920 2278; baseline 0.003 -22"><span class='ocrx_word' id='word_1_251' title='bbox 336 2204 721 2276; x_wconf 80' lang='grc' dir='ltr'>ὲπιθαλαμίων</span> <span class='ocrx_word' id='word_1_252' title='bbox 771 2202 951 2259; x_wconf 86' lang='grc' dir='ltr'>κανὼν</span> <span class='ocrx_word' id='word_1_253' title='bbox 996 2205 1058 2257; x_wconf 79' lang='grc' dir='ltr'>τὸ</span> <span class='ocrx_word' id='word_1_254' title='bbox 1111 2206 1210 2278; x_wconf 82' lang='grc' dir='ltr'>τὴν</span> <span class='ocrx_word' id='word_1_255' title='bbox 1261 2206 1360 2276; x_wconf 76' lang='grc' dir='ltr'>μὲν</span> <span class='ocrx_word' id='word_1_256' title='bbox 1415 2205 1559 2272; x_wconf 77' lang='grc' dir='ltr'>λέξιν</span> <span class='ocrx_word' id='word_1_257' title='bbox 1602 2206 1739 2277; x_wconf 86' lang='grc' dir='ltr'>πρὸς</span> <span class='ocrx_word' id='word_1_258' title='bbox 1792 2207 1920 2270; x_wconf 83' lang='grc' dir='ltr'>τοὺς</span> 
     </span>
    </p>
   </div>
   <div class='ocr_carea' id='block_1_38' title="bbox 342 2293 1921 2368">
    <p class='ocr_par' dir='ltr' id='par_1_38' title="bbox 342 2293 1921 2368">
     <span class='ocr_line' id='line_1_38' title="bbox 342 2293 1921 2368; baseline 0.002 -20"><span class='ocrx_word' id='word_1_259' title='bbox 342 2293 575 2363; x_wconf 82' lang='grc' dir='ltr'>ποιητάς</span> <span class='ocrx_word' id='word_1_260' title='bbox 604 2296 759 2366; x_wconf 77' lang='grc' dir='ltr'>όρᾷν,</span> <span class='ocrx_word' id='word_1_261' title='bbox 800 2293 871 2347; x_wconf 84' lang='grc' dir='ltr'>τὰ</span> <span class='ocrx_word' id='word_1_262' title='bbox 902 2294 1210 2366; x_wconf 86' lang='grc' dir='ltr'>πράγματα</span> <span class='ocrx_word' id='word_1_263' title='bbox 1243 2296 1301 2348; x_wconf 83' lang='grc' dir='ltr'>δὲ</span> <span class='ocrx_word' id='word_1_264' title='bbox 1323 2296 1460 2367; x_wconf 86' lang='grc' dir='ltr'>πρὸς</span> <span class='ocrx_word' id='word_1_265' title='bbox 1497 2297 1595 2368; x_wconf 80' lang='grc' dir='ltr'>τὴν</span> <span class='ocrx_word' id='word_1_266' title='bbox 1625 2296 1835 2366; x_wconf 81' lang='grc' dir='ltr'>χρείαν,</span> <span class='ocrx_word' id='word_1_267' title='bbox 1859 2297 1921 2350; x_wconf 83' lang='grc' dir='ltr'>τὸ</span> 
     </span>
    </p>
   </div>
   <div class='ocr_carea' id='block_1_39' title="bbox 336 2379 1919 2459">
    <p class='ocr_par' dir='ltr' id='par_1_39' title="bbox 336 2379 1919 2459">
     <span class='ocr_line' id='line_1_39' title="bbox 336 2379 1919 2459; baseline 0.003 -22"><span class='ocrx_word' id='word_1_268' title='bbox 336 2384 396 2438; x_wconf 82' lang='grc' dir='ltr'>δὲ</span> <span class='ocrx_word' id='word_1_269' title='bbox 426 2384 624 2457; x_wconf 85' lang='grc' dir='ltr'>μέτρον</span> <span class='ocrx_word' id='word_1_270' title='bbox 668 2384 804 2455; x_wconf 81' lang='grc' dir='ltr'>πρὸς</span> <span class='ocrx_word' id='word_1_271' title='bbox 837 2385 935 2459; x_wconf 79' lang='grc' dir='ltr'>τὴν</span> <span class='ocrx_word' id='word_1_272' title='bbox 971 2385 1250 2441; x_wconf 85' lang='grc' dir='ltr'>ὑπόθεσιν.</span> <span class='ocrx_word' id='word_1_273' title='bbox 1282 2379 1384 2441; x_wconf 80' lang='grc' dir='ltr'>Ὧν</span> <span class='ocrx_word' id='word_1_274' title='bbox 1420 2388 1470 2441; x_wconf 85' lang='grc' dir='ltr'>εἰ</span> <span class='ocrx_word' id='word_1_275' title='bbox 1511 2388 1730 2441; x_wconf 87' lang='grc' dir='ltr'>πάντων</span> <span class='ocrx_word' id='word_1_276' title='bbox 1760 2390 1789 2442; x_wconf 93' lang='grc' dir='ltr'><strong>ό</strong></span> <span class='ocrx_word' id='word_1_277' title='bbox 1823 2388 1919 2442; x_wconf 85' lang='grc' dir='ltr'>λό-</span> 
     </span>
    </p>
   </div>
   <div class='ocr_carea' id='block_1_40' title="bbox 340 2477 1844 2551">
    <p class='ocr_par' dir='ltr' id='par_1_40' title="bbox 340 2477 1844 2551">
     <span class='ocr_line' id='line_1_40' title="bbox 340 2477 1844 2551; baseline 0.001 -21"><span class='ocrx_word' id='word_1_278' title='bbox 340 2492 439 2544; x_wconf 87' lang='grc' dir='ltr'><strong>γος</strong></span> <span class='ocrx_word' id='word_1_279' title='bbox 465 2478 812 2549; x_wconf 83' lang='grc' dir='ltr'>ὲστόχασται,</span> <span class='ocrx_word' id='word_1_280' title='bbox 840 2477 1175 2549; x_wconf 80' lang='grc' dir='ltr'>σαφέστερον</span> <span class='ocrx_word' id='word_1_281' title='bbox 1197 2478 1360 2544; x_wconf 78' lang='grc' dir='ltr'><strong>δείξει</strong></span> <span class='ocrx_word' id='word_1_282' title='bbox 1390 2478 1451 2531; x_wconf 86' lang='grc' dir='ltr'>τὸ</span> <span class='ocrx_word' id='word_1_283' title='bbox 1479 2477 1844 2551; x_wconf 88' lang='grc' dir='ltr'>σύγγραμμα.</span> 
     </span>
    </p>
   </div>
   <div class='ocr_carea' id='block_1_41' title="bbox 628 2590 1627 2661">
    <p class='ocr_par' dir='ltr' id='par_1_41' title="bbox 628 2590 1627 2661">
     <span class='ocr_line' id='line_1_41' title="bbox 628 2590 1627 2661; baseline 0.004 -17"><span class='ocrx_word' id='word_1_284' title='bbox 628 2590 700 2644; x_wconf 86' lang='grc' dir='ltr'>Τό</span> <span class='ocrx_word' id='word_1_285' title='bbox 724 2592 1049 2661; x_wconf 78' lang='grc' dir='ltr'>Προοίμιον</span> <span class='ocrx_word' id='word_1_286' title='bbox 1068 2592 1174 2646; x_wconf 85' lang='grc' dir='ltr'><strong>τοῦ</strong></span> <span class='ocrx_word' id='word_1_287' title='bbox 1210 2592 1627 2655; x_wconf 72' lang='grc' dir='ltr'>ἐπιθαλάμιον.</span> 
     </span>
    </p>
   </div>
   <div class='ocr_carea' id='block_1_42' title="bbox 426 2680 1921 2757">
    <p class='ocr_par' dir='ltr' id='par_1_42' title="bbox 426 2680 1921 2757">
     <span class='ocr_line' id='line_1_42' title="bbox 426 2680 1921 2757; baseline 0.006 -23"><span class='ocrx_word' id='word_1_288' title='bbox 426 2680 743 2738; x_wconf 80' lang='grc' dir='ltr'>Ἀπόλλωνά</span> <span class='ocrx_word' id='word_1_289' title='bbox 800 2700 937 2752; x_wconf 85' lang='grc' dir='ltr'>φασι</span> <span class='ocrx_word' id='word_1_290' title='bbox 989 2686 1127 2754; x_wconf 80' lang='grc' dir='ltr'>μετὰ</span> <span class='ocrx_word' id='word_1_291' title='bbox 1169 2686 1267 2749; x_wconf 86' lang='grc' dir='ltr'><strong>τὰς</strong></span> <span class='ocrx_word' id='word_1_292' title='bbox 1317 2687 1560 2757; x_wconf 75' lang='grc' dir='ltr'><strong>μεγάλας</strong></span> <span class='ocrx_word' id='word_1_293' title='bbox 1610 2688 1802 2751; x_wconf 86' lang='grc' dir='ltr'>νίκας,</span> <span class='ocrx_word' id='word_1_294' title='bbox 1854 2688 1921 2752; x_wconf 75' lang='grc' dir='ltr'>ἃς</span> 
     </span>
    </p>
   </div>
   <div class='ocr_carea' id='block_1_43' title="bbox 342 2770 1922 2849">
    <p class='ocr_par' dir='ltr' id='par_1_43' title="bbox 342 2770 1922 2849">
     <span class='ocr_line' id='line_1_43' title="bbox 342 2770 1922 2849; baseline 0.007 -26"><span class='ocrx_word' id='word_1_295' title='bbox 342 2770 596 2843; x_wconf 85' lang='grc' dir='ltr'>πλήττων</span> <span class='ocrx_word' id='word_1_296' title='bbox 619 2773 719 2843; x_wconf 77' lang='grc' dir='ltr'>τὴν</span> <span class='ocrx_word' id='word_1_297' title='bbox 739 2774 910 2846; x_wconf 85' lang='grc' dir='ltr'>λύραν</span> <span class='ocrx_word' id='word_1_298' title='bbox 930 2776 1122 2847; x_wconf 77' lang='grc' dir='ltr'>ῆρατο,</span> <span class='ocrx_word' id='word_1_299' title='bbox 1138 2777 1391 2831; x_wconf 80' lang='grc' dir='ltr'>καὶκατὰ</span> <span class='ocrx_word' id='word_1_300' title='bbox 1409 2778 1695 2833; x_wconf 80' lang='grc' dir='ltr'>παστάδων</span> <span class='ocrx_word' id='word_1_301' title='bbox 1718 2779 1922 2849; x_wconf 81' lang='grc' dir='ltr'>ἠχῆσαι</span> 
     </span>
    </p>
   </div>
   <div class='ocr_carea' id='block_1_44' title="bbox 347 2861 1922 2939">
    <p class='ocr_par' dir='ltr' id='par_1_44' title="bbox 347 2861 1922 2939">
     <span class='ocr_line' id='line_1_44' title="bbox 347 2861 1922 2939; baseline 0.004 -24"><span class='ocrx_word' id='word_1_302' title='bbox 347 2861 509 2931; x_wconf 80' lang='grc' dir='ltr'>μέλος</span> <span class='ocrx_word' id='word_1_303' title='bbox 559 2864 847 2939; x_wconf 84' lang='grc' dir='ltr'>γαμήλιον.</span> <span class='ocrx_word' id='word_1_304' title='bbox 902 2867 1063 2934; x_wconf 80' lang='grc' dir='ltr'>Ἀγει</span> <span class='ocrx_word' id='word_1_305' title='bbox 1114 2868 1211 2922; x_wconf 78' lang='grc' dir='ltr'>καὶ</span> <span class='ocrx_word' id='word_1_306' title='bbox 1265 2868 1588 2939; x_wconf 78' lang='grc' dir='ltr'>Ἀφροδίτην</span> <span class='ocrx_word' id='word_1_307' title='bbox 1635 2869 1721 2937; x_wconf 78' lang='grc' dir='ltr'><strong>ἐφ’</strong></span> <span class='ocrx_word' id='word_1_308' title='bbox 1769 2868 1922 2939; x_wconf 79' lang='grc' dir='ltr'>ἆρμα</span> 
     </span>
    </p>
   </div>
   <div class='ocr_carea' id='block_1_45' title="bbox 343 2936 1923 3033">
    <p class='ocr_par' dir='ltr' id='par_1_45' title="bbox 343 2936 1923 3033">
     <span class='ocr_line' id='line_1_45' title="bbox 343 2936 1923 3033; baseline 0.007 -28"><span class='ocrx_word' id='word_1_309' title='bbox 343 2952 622 3023; x_wconf 82' lang='grc' dir='ltr'>Χαρίτων,</span> <span class='ocrx_word' id='word_1_310' title='bbox 650 2955 745 3009; x_wconf 73' lang='grc' dir='ltr'>καὶ</span> <span class='ocrx_word' id='word_1_311' title='bbox 771 2936 930 3027; x_wconf 82' lang='grc' dir='ltr'>χδρὸν</span> <span class='ocrx_word' id='word_1_312' title='bbox 965 2955 1214 3028; x_wconf 84' lang='grc' dir='ltr'>Ἐρώτων</span> <span class='ocrx_word' id='word_1_313' title='bbox 1250 2936 1651 3029; x_wconf 81' lang='grc' dir='ltr'>συμπαίστορα.</span> <span class='ocrx_word' id='word_1_314' title='bbox 1682 2936 1792 3014; x_wconf 77' lang='grc' dir='ltr'><strong>Καὶ</strong></span> <span class='ocrx_word' id='word_1_315' title='bbox 1812 2936 1923 3033; x_wconf 70' lang='grc' dir='ltr'>τῆς</span> 
     </span>
    </p>
   </div>
   <div class='ocr_carea' id='block_1_46' title="bbox 2016 1831 3591 1907">
    <p class='ocr_par' dir='ltr' id='par_1_46' title="bbox 2016 1831 3591 1907">
     <span class='ocr_line' id='line_1_46' title="bbox 2016 1831 3591 1907; baseline 0.007 -24"><span class='ocrx_word' id='word_1_316' title='bbox 2016 1831 2190 1897; x_wconf 89' lang='lat' dir='ltr'><strong>chori,</strong></span> <span class='ocrx_word' id='word_1_317' title='bbox 2250 1833 2583 1901; x_wconf 71' lang='lat' dir='ltr'><strong>poeticthue</strong></span> <span class='ocrx_word' id='word_1_318' title='bbox 2627 1832 2890 1887; x_wconf 88' lang='lat' dir='ltr'><strong>libertatis</strong></span> <span class='ocrx_word' id='word_1_319' title='bbox 2933 1834 3147 1889; x_wconf 90' lang='lat' dir='ltr'><strong>licentia</strong></span> <span class='ocrx_word' id='word_1_320' title='bbox 3199 1847 3303 1903; x_wconf 90' lang='lat' dir='ltr'><strong>est,</strong></span> <span class='ocrx_word' id='word_1_321' title='bbox 3340 1839 3461 1907; x_wconf 87' lang='lat' dir='ltr'><strong>quis</strong></span> <span class='ocrx_word' id='word_1_322' title='bbox 3520 1839 3591 1894; x_wconf 89' lang='lat' dir='ltr'><strong>ibi</strong></span> 
     </span>
    </p>
   </div>
   <div class='ocr_carea' id='block_1_47' title="bbox 2018 1923 3594 1995">
    <p class='ocr_par' dir='ltr' id='par_1_47' title="bbox 2018 1923 3594 1995">
     <span class='ocr_line' id='line_1_47' title="bbox 2018 1923 3594 1995; baseline 0.004 -18"><span class='ocrx_word' id='word_1_323' title='bbox 2018 1925 2118 1977; x_wconf 88' lang='lat' dir='ltr'><strong>arti</strong></span> <span class='ocrx_word' id='word_1_324' title='bbox 2154 1923 2341 1979; x_wconf 82' lang='lat' dir='ltr'><strong>locus?</strong></span> <span class='ocrx_word' id='word_1_325' title='bbox 2367 1926 2497 1979; x_wconf 79' lang='lat' dir='ltr'><strong>Cum</strong></span> <span class='ocrx_word' id='word_1_326' title='bbox 2549 1935 2727 1980; x_wconf 88' lang='lat' dir='ltr'><strong>autem</strong></span> <span class='ocrx_word' id='word_1_327' title='bbox 2765 1927 2817 1979; x_wconf 91' lang='lat' dir='ltr'><strong>in</strong></span> <span class='ocrx_word' id='word_1_328' title='bbox 2853 1927 2940 1980; x_wconf 87' lang='lat' dir='ltr'><strong>bis</strong></span> <span class='ocrx_word' id='word_1_329' title='bbox 2980 1929 3109 1995; x_wconf 86' lang='lat' dir='ltr'><strong>ipsis</strong></span> <span class='ocrx_word' id='word_1_330' title='bbox 3159 1929 3274 1983; x_wconf 91' lang='lat' dir='ltr'><strong>sine</strong></span> <span class='ocrx_word' id='word_1_331' title='bbox 3305 1940 3421 1985; x_wconf 87' lang='lat' dir='ltr'><strong>arte</strong></span> <span class='ocrx_word' id='word_1_332' title='bbox 3462 1930 3594 1986; x_wconf 85' lang='lat' dir='ltr'><strong>nihil</strong></span> 
     </span>
    </p>
   </div>
   <div class='ocr_carea' id='block_1_48' title="bbox 2019 2016 3592 2091">
    <p class='ocr_par' dir='ltr' id='par_1_48' title="bbox 2019 2016 3592 2091">
     <span class='ocr_line' id='line_1_48' title="bbox 2019 2016 3592 2091; baseline 0.006 -23"><span class='ocrx_word' id='word_1_333' title='bbox 2019 2016 2253 2084; x_wconf 86' lang='lat' dir='ltr'><strong>peritum</strong></span> <span class='ocrx_word' id='word_1_334' title='bbox 2320 2017 2500 2073; x_wconf 82' lang='lat' dir='ltr'><strong>facere</strong></span> <span class='ocrx_word' id='word_1_335' title='bbox 2557 2029 2830 2087; x_wconf 80' lang='lat' dir='ltr'><strong>oporteat,</strong></span> <span class='ocrx_word' id='word_1_336' title='bbox 2902 2020 3143 2074; x_wconf 84' lang='lat' dir='ltr'><strong>breviter</strong></span> <span class='ocrx_word' id='word_1_337' title='bbox 3192 2022 3256 2074; x_wconf 90' lang='lat' dir='ltr'><strong>de</strong></span> <span class='ocrx_word' id='word_1_338' title='bbox 3307 2021 3392 2076; x_wconf 89' lang='lat' dir='ltr'><strong>bis</strong></span> <span class='ocrx_word' id='word_1_339' title='bbox 3446 2022 3592 2091; x_wconf 90' lang='lat' dir='ltr'><strong>loqui</strong></span> 
     </span>
    </p>
   </div>
   <div class='ocr_carea' id='block_1_49' title="bbox 2017 2108 3592 2180">
    <p class='ocr_par' dir='ltr' id='par_1_49' title="bbox 2017 2108 3592 2180">
     <span class='ocr_line' id='line_1_49' title="bbox 2017 2108 3592 2180; baseline 0.006 -20"><span class='ocrx_word' id='word_1_340' title='bbox 2017 2108 2214 2162; x_wconf 79' lang='lat' dir='ltr'><strong>visum.</strong></span> <span class='ocrx_word' id='word_1_341' title='bbox 2252 2108 2334 2162; x_wconf 91' lang='lat' dir='ltr'><strong>Sit</strong></span> <span class='ocrx_word' id='word_1_342' title='bbox 2383 2109 2545 2179; x_wconf 72' lang='lat' dir='ltr'><strong>igitur</strong></span> <span class='ocrx_word' id='word_1_343' title='bbox 2572 2110 2687 2164; x_wconf 74' lang='lat' dir='ltr'><strong>hmc</strong></span> <span class='ocrx_word' id='word_1_344' title='bbox 2721 2111 2923 2178; x_wconf 85' lang='lat' dir='ltr'><strong>optima</strong></span> <span class='ocrx_word' id='word_1_345' title='bbox 2962 2112 3437 2180; x_wconf 89' lang='lat' dir='ltr'><strong>epithalamiorum</strong></span> <span class='ocrx_word' id='word_1_346' title='bbox 3463 2129 3592 2168; x_wconf 89' lang='lat' dir='ltr'><strong>uor-</strong></span> 
     </span>
    </p>
   </div>
   <div class='ocr_carea' id='block_1_50' title="bbox 2019 2200 3596 2271">
    <p class='ocr_par' dir='ltr' id='par_1_50' title="bbox 2019 2200 3596 2271">
     <span class='ocr_line' id='line_1_50' title="bbox 2019 2200 3596 2271; baseline 0.005 -19"><span class='ocrx_word' id='word_1_347' title='bbox 2019 2214 2128 2264; x_wconf 88' lang='lat' dir='ltr'><strong>ma,</strong></span> <span class='ocrx_word' id='word_1_348' title='bbox 2161 2200 2511 2255; x_wconf 85' lang='lat' dir='ltr'><strong>considerare</strong></span> <span class='ocrx_word' id='word_1_349' title='bbox 2542 2202 2730 2267; x_wconf 83' lang='lat' dir='ltr'><strong>verba,</strong></span> <span class='ocrx_word' id='word_1_350' title='bbox 2764 2211 2823 2255; x_wconf 85' lang='lat' dir='ltr'><strong>ut</strong></span> <span class='ocrx_word' id='word_1_351' title='bbox 2854 2205 2906 2256; x_wconf 91' lang='lat' dir='ltr'><strong>in</strong></span> <span class='ocrx_word' id='word_1_352' title='bbox 2940 2203 3164 2271; x_wconf 86' lang='lat' dir='ltr'><strong>poeticis</strong></span> <span class='ocrx_word' id='word_1_353' title='bbox 3198 2202 3356 2269; x_wconf 86' lang='lat' dir='ltr'><strong>solet,</strong></span> <span class='ocrx_word' id='word_1_354' title='bbox 3392 2219 3501 2257; x_wconf 92' lang='lat' dir='ltr'><strong>rem</strong></span> <span class='ocrx_word' id='word_1_355' title='bbox 3538 2213 3596 2260; x_wconf 89' lang='lat' dir='ltr'><strong>ut</strong></span> 
     </span>
    </p>
   </div>
   <div class='ocr_carea' id='block_1_51' title="bbox 2018 2290 3594 2362">
    <p class='ocr_par' dir='ltr' id='par_1_51' title="bbox 2018 2290 3594 2362">
     <span class='ocr_line' id='line_1_51' title="bbox 2018 2290 3594 2362; baseline 0.004 -18"><span class='ocrx_word' id='word_1_356' title='bbox 2018 2290 2072 2344; x_wconf 90' lang='lat' dir='ltr'><strong>itt</strong></span> <span class='ocrx_word' id='word_1_357' title='bbox 2105 2291 2255 2345; x_wconf 84' lang='lat' dir='ltr'><strong>chria</strong></span> <span class='ocrx_word' id='word_1_358' title='bbox 2279 2330 2295 2353; x_wconf 82' lang='lat'><strong>,</strong></span> <span class='ocrx_word' id='word_1_359' title='bbox 2332 2292 2624 2355; x_wconf 87' lang='lat' dir='ltr'><strong>modulum,</strong></span> <span class='ocrx_word' id='word_1_360' title='bbox 2658 2308 2757 2361; x_wconf 85' lang='lat' dir='ltr'><strong>pro</strong></span> <span class='ocrx_word' id='word_1_361' title='bbox 2799 2294 3099 2361; x_wconf 82' lang='lat' dir='ltr'><strong>argumenti</strong></span> <span class='ocrx_word' id='word_1_362' title='bbox 3132 2295 3360 2349; x_wconf 87' lang='lat' dir='ltr'><strong>ratione.</strong></span> <span class='ocrx_word' id='word_1_363' title='bbox 3385 2295 3594 2362; x_wconf 85' lang='lat' dir='ltr'><strong>Quibus</strong></span> 
     </span>
    </p>
   </div>
   <div class='ocr_carea' id='block_1_52' title="bbox 2018 2380 3591 2454">
    <p class='ocr_par' dir='ltr' id='par_1_52' title="bbox 2018 2380 3591 2454">
     <span class='ocr_line' id='line_1_52' title="bbox 2018 2380 3591 2454; baseline 0.004 -19"><span class='ocrx_word' id='word_1_364' title='bbox 2018 2380 2271 2436; x_wconf 89' lang='lat' dir='ltr'><strong>omnibus</strong></span> <span class='ocrx_word' id='word_1_365' title='bbox 2300 2382 2346 2438; x_wconf 89' lang='lat' dir='ltr'><strong>si</strong></span> <span class='ocrx_word' id='word_1_366' title='bbox 2377 2382 2672 2438; x_wconf 86' lang='lat' dir='ltr'><strong>accesserit</strong></span> <span class='ocrx_word' id='word_1_367' title='bbox 2695 2383 2892 2450; x_wconf 88' lang='lat' dir='ltr'><strong>oratio,</strong></span> <span class='ocrx_word' id='word_1_368' title='bbox 2925 2384 3251 2454; x_wconf 85' lang='lat' dir='ltr'><strong>apertiorem</strong></span> <span class='ocrx_word' id='word_1_369' title='bbox 3280 2395 3591 2442; x_wconf 76' lang='lat' dir='ltr'><strong>contextum</strong></span> 
     </span>
    </p>
   </div>
   <div class='ocr_carea' id='block_1_53' title="bbox 2019 2471 2228 2527">
    <p class='ocr_par' dir='ltr' id='par_1_53' title="bbox 2019 2471 2228 2527">
     <span class='ocr_line' id='line_1_53' title="bbox 2019 2471 2228 2527; baseline 0.005 -2"><span class='ocrx_word' id='word_1_370' title='bbox 2019 2471 2228 2527; x_wconf 88' lang='lat' dir='ltr'><strong>reddet.</strong></span> 
     </span>
    </p>
   </div>
   <div class='ocr_carea' id='block_1_54' title="bbox 2440 2583 3165 2654">
    <p class='ocr_par' dir='ltr' id='par_1_54' title="bbox 2440 2583 3165 2654">
     <span class='ocr_line' id='line_1_54' title="bbox 2440 2583 3165 2654; baseline 0.006 -16"><span class='ocrx_word' id='word_1_371' title='bbox 2440 2585 2790 2654; x_wconf 78' lang='lat' dir='ltr'><strong>Epithalamii</strong></span> <span class='ocrx_word' id='word_1_372' title='bbox 2822 2583 3165 2642; x_wconf 70' lang='lat' dir='ltr'><strong>Prowmium.</strong></span> 
     </span>
    </p>
   </div>
   <div class='ocr_carea' id='block_1_55' title="bbox 2089 2673 3590 2746">
    <p class='ocr_par' dir='ltr' id='par_1_55' title="bbox 2089 2673 3590 2746">
     <span class='ocr_line' id='line_1_55' title="bbox 2089 2673 3590 2746; baseline 0.006 -18"><span class='ocrx_word' id='word_1_373' title='bbox 2089 2673 2293 2729; x_wconf 85' lang='lat' dir='ltr'><strong>Ferunt</strong></span> <span class='ocrx_word' id='word_1_374' title='bbox 2350 2675 2657 2743; x_wconf 79' lang='lat' dir='ltr'><strong>Apollinem</strong></span> <span class='ocrx_word' id='word_1_375' title='bbox 2734 2686 2855 2746; x_wconf 83' lang='lat' dir='ltr'><strong>post</strong></span> <span class='ocrx_word' id='word_1_376' title='bbox 2916 2677 3251 2733; x_wconf 85' lang='lat' dir='ltr'><strong>clarissimas</strong></span> <span class='ocrx_word' id='word_1_377' title='bbox 3310 2678 3590 2746; x_wconf 81' lang='lat' dir='ltr'><strong>victorias,</strong></span> 
     </span>
    </p>
   </div>
   <div class='ocr_carea' id='block_1_56' title="bbox 2020 2766 3592 2839">
    <p class='ocr_par' dir='ltr' id='par_1_56' title="bbox 2020 2766 3592 2839">
     <span class='ocr_line' id='line_1_56' title="bbox 2020 2766 3592 2839; baseline 0.004 -20"><span class='ocrx_word' id='word_1_378' title='bbox 2020 2780 2155 2834; x_wconf 79' lang='lat' dir='ltr'><strong>quas</strong></span> <span class='ocrx_word' id='word_1_379' title='bbox 2195 2766 2438 2821; x_wconf 80' lang='lat' dir='ltr'><strong>feriendo</strong></span> <span class='ocrx_word' id='word_1_380' title='bbox 2482 2766 2649 2839; x_wconf 84' lang='lat' dir='ltr'><strong>lyram</strong></span> <span class='ocrx_word' id='word_1_381' title='bbox 2700 2768 2991 2830; x_wconf 83' lang='lat' dir='ltr'><strong>adamavit.</strong></span> <span class='ocrx_word' id='word_1_382' title='bbox 3039 2770 3106 2824; x_wconf 89' lang='lat' dir='ltr'><strong>ad</strong></span> <span class='ocrx_word' id='word_1_383' title='bbox 3163 2770 3427 2829; x_wconf 85' lang='lat' dir='ltr'><strong>thalamos</strong></span> <span class='ocrx_word' id='word_1_384' title='bbox 3456 2788 3592 2827; x_wconf 89' lang='lat' dir='ltr'><strong>cou-</strong></span> 
     </span>
    </p>
   </div>
   <div class='ocr_carea' id='block_1_57' title="bbox 2016 2858 3591 2928">
    <p class='ocr_par' dir='ltr' id='par_1_57' title="bbox 2016 2858 3591 2928">
     <span class='ocr_line' id='line_1_57' title="bbox 2016 2858 3591 2928; baseline 0.008 -21"><span class='ocrx_word' id='word_1_385' title='bbox 2016 2858 2198 2928; x_wconf 79' lang='lat' dir='ltr'><strong>jugale</strong></span> <span class='ocrx_word' id='word_1_386' title='bbox 2242 2860 2507 2915; x_wconf 86' lang='lat' dir='ltr'><strong>cecinisse</strong></span> <span class='ocrx_word' id='word_1_387' title='bbox 2561 2859 2750 2914; x_wconf 91' lang='lat' dir='ltr'><strong>melos.</strong></span> <span class='ocrx_word' id='word_1_388' title='bbox 2794 2860 3059 2916; x_wconf 77' lang='lat' dir='ltr'><strong>Venerem</strong></span> <span class='ocrx_word' id='word_1_389' title='bbox 3112 2863 3275 2916; x_wconf 88' lang='lat' dir='ltr'><strong>etiam</strong></span> <span class='ocrx_word' id='word_1_390' title='bbox 3326 2864 3378 2918; x_wconf 89' lang='lat' dir='ltr'><strong>in</strong></span> <span class='ocrx_word' id='word_1_391' title='bbox 3427 2880 3591 2919; x_wconf 90' lang='lat' dir='ltr'><strong>curru</strong></span> 
     </span>
    </p>
   </div>
   <div class='ocr_carea' id='block_1_58' title="bbox 2022 2950 3590 3022">
    <p class='ocr_par' dir='ltr' id='par_1_58' title="bbox 2022 2950 3590 3022">
     <span class='ocr_line' id='line_1_58' title="bbox 2022 2950 3590 3022; baseline 0.002 -16"><span class='ocrx_word' id='word_1_392' title='bbox 2022 2950 2327 3006; x_wconf 87' lang='lat' dir='ltr'><strong>Gratiarum</strong></span> <span class='ocrx_word' id='word_1_393' title='bbox 2369 2960 2425 3007; x_wconf 87' lang='lat' dir='ltr'><strong>et</strong></span> <span class='ocrx_word' id='word_1_394' title='bbox 2457 2952 2715 3005; x_wconf 86' lang='lat' dir='ltr'><strong>Amorum</strong></span> <span class='ocrx_word' id='word_1_395' title='bbox 2761 2952 2985 3008; x_wconf 85' lang='lat' dir='ltr'><strong>chorum</strong></span> <span class='ocrx_word' id='word_1_396' title='bbox 3019 2952 3375 3008; x_wconf 85' lang='lat' dir='ltr'><strong>colludenteut</strong></span> <span class='ocrx_word' id='word_1_397' title='bbox 3421 2956 3590 3022; x_wconf 89' lang='lat' dir='ltr'><strong>ducit,</strong></span> 
     </span>
    </p>
   </div>
   <div class='ocr_carea' id='block_1_59' title="bbox 348 3041 1917 3140">
    <p class='ocr_par' dir='ltr' id='par_1_59' title="bbox 348 3043 1917 3124">
     <span class='ocr_line' id='line_1_59' title="bbox 348 3043 1917 3124; baseline 0.006 -28"><span class='ocrx_word' id='word_1_398' title='bbox 348 3043 449 3113; x_wconf 81' lang='grc' dir='ltr'>μὲν</span> <span class='ocrx_word' id='word_1_399' title='bbox 476 3044 716 3117; x_wconf 81' lang='grc' dir='ltr'><strong>ὑακίνθῳ</strong></span> <span class='ocrx_word' id='word_1_400' title='bbox 763 3046 861 3110; x_wconf 84' lang='grc' dir='ltr'>τὰς</span> <span class='ocrx_word' id='word_1_401' title='bbox 896 3046 1074 3118; x_wconf 83' lang='grc' dir='ltr'>κόμας</span> <span class='ocrx_word' id='word_1_402' title='bbox 1119 3048 1412 3117; x_wconf 83' lang='grc' dir='ltr'>σφίγξασα,</span> <span class='ocrx_word' id='word_1_403' title='bbox 1438 3050 1597 3122; x_wconf 69' lang='grc' dir='ltr'>σπλὴν</span> <span class='ocrx_word' id='word_1_404' title='bbox 1633 3053 1756 3105; x_wconf 80' lang='grc' dir='ltr'>ὅσαι</span> <span class='ocrx_word' id='word_1_405' title='bbox 1791 3070 1917 3124; x_wconf 88' lang='grc' dir='ltr'>μετ-</span> 
     </span>
    </p>
   </div>
   <div class='ocr_carea' id='block_1_60' title="bbox 2025 3041 3594 3140">
    <p class='ocr_par' dir='ltr' id='par_1_60' title="bbox 2025 3041 3594 3118">
     <span class='ocr_line' id='line_1_60' title="bbox 2025 3041 3594 3118; baseline 0.001 -19"><span class='ocrx_word' id='word_1_406' title='bbox 2025 3053 2077 3099; x_wconf 88' lang='lat' dir='ltr'><strong>et</strong></span> <span class='ocrx_word' id='word_1_407' title='bbox 2112 3048 2291 3101; x_wconf 86' lang='lat' dir='ltr'><strong>crines</strong></span> <span class='ocrx_word' id='word_1_408' title='bbox 2325 3045 2455 3099; x_wconf 84' lang='lat' dir='ltr'><strong>ﬂore</strong></span> <span class='ocrx_word' id='word_1_409' title='bbox 2485 3041 2773 3116; x_wconf 84' lang='lat' dir='ltr'><strong>hyacintho</strong></span> <span class='ocrx_word' id='word_1_410' title='bbox 2815 3045 3194 3116; x_wconf 81' lang='lat' dir='ltr'><strong>constringens</strong></span> <span class='ocrx_word' id='word_1_411' title='bbox 3235 3045 3367 3118; x_wconf 68' lang='grc'><strong>(45),</strong></span> <span class='ocrx_word' id='word_1_412' title='bbox 3397 3059 3594 3118; x_wconf 58' lang='lat' dir='ltr'><strong>praeter</strong></span> 
     </span>
    </p>
   </div>
   <div class='ocr_carea' id='block_1_61' title="bbox 341 3134 1918 3215">
    <p class='ocr_par' dir='ltr' id='par_1_61' title="bbox 341 3134 1918 3215">
     <span class='ocr_line' id='line_1_61' title="bbox 341 3134 1918 3215; baseline 0.006 -26"><span class='ocrx_word' id='word_1_413' title='bbox 341 3134 479 3206; x_wconf 84' lang='grc' dir='ltr'>ώπῳ</span> <span class='ocrx_word' id='word_1_414' title='bbox 501 3136 547 3168; x_wconf 83' lang='grc'><strong><em>⁵⁵</em></strong></span> <span class='ocrx_word' id='word_1_415' title='bbox 579 3137 915 3209; x_wconf 79' lang='grc' dir='ltr'>μερίζονται,</span> <span class='ocrx_word' id='word_1_416' title='bbox 952 3140 1050 3204; x_wconf 84' lang='grc' dir='ltr'><strong>τὰς</strong></span> <span class='ocrx_word' id='word_1_417' title='bbox 1098 3141 1291 3205; x_wconf 83' lang='grc' dir='ltr'>λοιπάς</span> <span class='ocrx_word' id='word_1_418' title='bbox 1319 3144 1439 3206; x_wconf 81' lang='grc' dir='ltr'>ταῖς</span> <span class='ocrx_word' id='word_1_419' title='bbox 1467 3141 1661 3214; x_wconf 76' lang='grc' dir='ltr'>αὔραις</span> <span class='ocrx_word' id='word_1_420' title='bbox 1705 3144 1918 3215; x_wconf 78' lang='grc' dir='ltr'>ἀφῆκεν</span> 
     </span>
    </p>
   </div>
   <div class='ocr_carea' id='block_1_62' title="bbox 346 3227 1917 3307">
    <p class='ocr_par' dir='ltr' id='par_1_62' title="bbox 346 3227 1917 3307">
     <span class='ocr_line' id='line_1_62' title="bbox 346 3227 1917 3307; baseline 0.006 -28"><span class='ocrx_word' id='word_1_421' title='bbox 346 3227 765 3298; x_wconf 83' lang='grc' dir='ltr'>ὐποκυμαίνειν,</span> <span class='ocrx_word' id='word_1_422' title='bbox 788 3232 838 3285; x_wconf 82' lang='grc' dir='ltr'><strong>εί</strong></span> <span class='ocrx_word' id='word_1_423' title='bbox 888 3231 1213 3303; x_wconf 68' lang='grc' dir='ltr'>πλήττοιεψ</span> <span class='ocrx_word' id='word_1_424' title='bbox 1256 3233 1367 3287; x_wconf 85' lang='grc' dir='ltr'><strong>τῶν</strong></span> <span class='ocrx_word' id='word_1_425' title='bbox 1393 3233 1545 3288; x_wconf 77' lang='grc' dir='ltr'>δὲτὰ</span> <span class='ocrx_word' id='word_1_426' title='bbox 1593 3236 1767 3307; x_wconf 84' lang='grc' dir='ltr'>πτερά</span> <span class='ocrx_word' id='word_1_427' title='bbox 1822 3237 1917 3288; x_wconf 79' lang='grc' dir='ltr'>καὶ</span> 
     </span>
    </p>
   </div>
   <div class='ocr_carea' id='block_1_63' title="bbox 342 3317 1916 3395">
    <p class='ocr_par' dir='ltr' id='par_1_63' title="bbox 342 3317 1916 3395">
     <span class='ocr_line' id='line_1_63' title="bbox 342 3317 1916 3395; baseline 0.005 -26"><span class='ocrx_word' id='word_1_428' title='bbox 342 3317 470 3381; x_wconf 75' lang='grc' dir='ltr'>τοὺς</span> <span class='ocrx_word' id='word_1_429' title='bbox 502 3318 835 3391; x_wconf 81' lang='grc' dir='ltr'>βοστρύχους</span> <span class='ocrx_word' id='word_1_430' title='bbox 862 3321 1049 3393; x_wconf 87' lang='grc' dir='ltr'>χρυσῷ</span> <span class='ocrx_word' id='word_1_431' title='bbox 1100 3324 1427 3394; x_wconf 80' lang='grc' dir='ltr'>κοσμήσασα</span> <span class='ocrx_word' id='word_1_432' title='bbox 1460 3324 1569 3395; x_wconf 81' lang='grc' dir='ltr'>πρὸ</span> <span class='ocrx_word' id='word_1_433' title='bbox 1596 3323 1689 3377; x_wconf 87' lang='grc' dir='ltr'><strong>τοῦ</strong></span> <span class='ocrx_word' id='word_1_434' title='bbox 1728 3324 1916 3394; x_wconf 83' lang='grc' dir='ltr'>δίφρου</span> 
     </span>
    </p>
   </div>
   <div class='ocr_carea' id='block_1_64' title="bbox 347 3408 1917 3486">
    <p class='ocr_par' dir='ltr' id='par_1_64' title="bbox 347 3408 1917 3486">
     <span class='ocr_line' id='line_1_64' title="bbox 347 3408 1917 3486; baseline 0.007 -26"><span class='ocrx_word' id='word_1_435' title='bbox 347 3408 570 3463; x_wconf 77' lang='grc' dir='ltr'><strong>σπεύδει</strong></span> <span class='ocrx_word' id='word_1_436' title='bbox 612 3409 660 3443; x_wconf 84' lang='grc'><strong><em>⁸⁸</em></strong></span> <span class='ocrx_word' id='word_1_437' title='bbox 715 3411 1102 3477; x_wconf 84' lang='grc' dir='ltr'>πολιτεύοντας</span> <span class='ocrx_word' id='word_1_438' title='bbox 1146 3415 1240 3468; x_wconf 78' lang='grc' dir='ltr'>καὶ</span> <span class='ocrx_word' id='word_1_439' title='bbox 1270 3415 1316 3447; x_wconf 81' lang='grc'><strong>⁸⁷</strong></span> <span class='ocrx_word' id='word_1_440' title='bbox 1364 3415 1496 3486; x_wconf 80' lang='grc' dir='ltr'>δᾷδα</span> <span class='ocrx_word' id='word_1_441' title='bbox 1544 3415 1831 3479; x_wconf 82' lang='grc' dir='ltr'>κινοῦντας</span> <span class='ocrx_word' id='word_1_442' title='bbox 1870 3416 1917 3449; x_wconf 84' lang='grc'><strong>⁸⁸</strong></span> 
     </span>
    </p>
   </div>
   <div class='ocr_carea' id='block_1_65' title="bbox 348 3500 1920 3577">
    <p class='ocr_par' dir='ltr' id='par_1_65' title="bbox 348 3500 1920 3577">
     <span class='ocr_line' id='line_1_65' title="bbox 348 3500 1920 3577; baseline 0.008 -27"><span class='ocrx_word' id='word_1_443' title='bbox 348 3500 664 3570; x_wconf 83' lang='grc' dir='ltr'>μετάρσιον.</span> <span class='ocrx_word' id='word_1_444' title='bbox 729 3502 886 3557; x_wconf 79' lang='grc' dir='ltr'>Ἐπεὶ</span> <span class='ocrx_word' id='word_1_445' title='bbox 924 3504 985 3559; x_wconf 79' lang='grc' dir='ltr'>δὲ</span> <span class='ocrx_word' id='word_1_446' title='bbox 1035 3505 1251 3559; x_wconf 88' lang='grc' dir='ltr'>Πέλοπα</span> <span class='ocrx_word' id='word_1_447' title='bbox 1298 3508 1348 3559; x_wconf 76' lang='grc' dir='ltr'>οἱ</span> <span class='ocrx_word' id='word_1_448' title='bbox 1397 3509 1498 3577; x_wconf 83' lang='grc' dir='ltr'>τῆς</span> <span class='ocrx_word' id='word_1_449' title='bbox 1538 3507 1920 3577; x_wconf 82' lang='grc' dir='ltr'>Ἱπποδαμείας</span> 
     </span>
    </p>
   </div>
   <div class='ocr_carea' id='block_1_66' title="bbox 342 3591 1919 3670">
    <p class='ocr_par' dir='ltr' id='par_1_66' title="bbox 342 3591 1919 3670">
     <span class='ocr_line' id='line_1_66' title="bbox 342 3591 1919 3670; baseline 0.005 -27"><span class='ocrx_word' id='word_1_450' title='bbox 342 3591 503 3647; x_wconf 83' lang='grc' dir='ltr'>πόθοι</span> <span class='ocrx_word' id='word_1_451' title='bbox 558 3591 684 3664; x_wconf 84' lang='grc'>[597</span> <span class='ocrx_word' id='word_1_452' title='bbox 736 3592 830 3667; x_wconf 74' lang='grc' dir='ltr'><strong>Β.]</strong></span> <span class='ocrx_word' id='word_1_453' title='bbox 875 3596 1080 3668; x_wconf 84' lang='grc' dir='ltr'>Ἔρωτι</span> <span class='ocrx_word' id='word_1_454' title='bbox 1133 3597 1229 3651; x_wconf 69' lang='grc' dir='ltr'>καὶ</span> <span class='ocrx_word' id='word_1_455' title='bbox 1290 3598 1579 3670; x_wconf 77' lang='grc' dir='ltr'>Ἀφροδίτῃ</span> <span class='ocrx_word' id='word_1_456' title='bbox 1638 3597 1919 3668; x_wconf 87' lang='grc' dir='ltr'>λατρεύειν</span> 
     </span>
    </p>
   </div>
   <div class='ocr_carea' id='block_1_67' title="bbox 342 3679 1918 3758">
    <p class='ocr_par' dir='ltr' id='par_1_67' title="bbox 342 3679 1918 3758">
     <span class='ocr_line' id='line_1_67' title="bbox 342 3679 1918 3758; baseline 0.006 -26"><span class='ocrx_word' id='word_1_457' title='bbox 342 3679 596 3747; x_wconf 80' lang='grc' dir='ltr'>ἔπεισαν,</span> <span class='ocrx_word' id='word_1_458' title='bbox 626 3682 770 3751; x_wconf 76' lang='grc' dir='ltr'>,τότε</span> <span class='ocrx_word' id='word_1_459' title='bbox 820 3685 916 3738; x_wconf 75' lang='grc' dir='ltr'>καὶ</span> <span class='ocrx_word' id='word_1_460' title='bbox 955 3688 983 3740; x_wconf 90' lang='grc' dir='ltr'><strong>ό</strong></span> <span class='ocrx_word' id='word_1_461' title='bbox 1023 3686 1295 3740; x_wconf 78' lang='grc' dir='ltr'>Ἀπόλλων</span> <span class='ocrx_word' id='word_1_462' title='bbox 1315 3687 1406 3741; x_wconf 80' lang='grc' dir='ltr'>τὸν</span> <span class='ocrx_word' id='word_1_463' title='bbox 1460 3687 1569 3741; x_wconf 87' lang='grc' dir='ltr'><strong>τῶν</strong></span> <span class='ocrx_word' id='word_1_464' title='bbox 1628 3688 1918 3758; x_wconf 74' lang='grc' dir='ltr'>Νηρηΐδων</span> 
     </span>
    </p>
   </div>
   <div class='ocr_carea' id='block_1_68' title="bbox 341 3772 1920 3851">
    <p class='ocr_par' dir='ltr' id='par_1_68' title="bbox 341 3772 1920 3851">
     <span class='ocr_line' id='line_1_68' title="bbox 341 3772 1920 3851; baseline 0.005 -26"><span class='ocrx_word' id='word_1_465' title='bbox 341 3772 502 3843; x_wconf 64' lang='grc' dir='ltr'>χορὸν</span> <span class='ocrx_word' id='word_1_466' title='bbox 530 3773 793 3846; x_wconf 85' lang='grc' dir='ltr'>ἀθροίσας</span> <span class='ocrx_word' id='word_1_467' title='bbox 826 3776 1008 3847; x_wconf 78' lang='grc' dir='ltr'>ἵστησι</span> <span class='ocrx_word' id='word_1_468' title='bbox 1044 3778 1144 3849; x_wconf 83' lang='grc' dir='ltr'>μὲν</span> <span class='ocrx_word' id='word_1_469' title='bbox 1180 3778 1330 3849; x_wconf 87' lang='grc' dir='ltr'><strong>αὐτῷ</strong></span> <span class='ocrx_word' id='word_1_470' title='bbox 1380 3781 1501 3833; x_wconf 84' lang='grc' dir='ltr'>κατ’</span> <span class='ocrx_word' id='word_1_471' title='bbox 1552 3779 1729 3850; x_wconf 81' lang='grc' dir='ltr'>ἄκρας</span> <span class='ocrx_word' id='word_1_472' title='bbox 1764 3781 1920 3851; x_wconf 76' lang='grc' dir='ltr'>ᾐόνος</span> 
     </span>
    </p>
   </div>
   <div class='ocr_carea' id='block_1_69' title="bbox 340 3863 1920 3942">
    <p class='ocr_par' dir='ltr' id='par_1_69' title="bbox 340 3863 1920 3942">
     <span class='ocr_line' id='line_1_69' title="bbox 340 3863 1920 3942; baseline 0.006 -27"><span class='ocrx_word' id='word_1_473' title='bbox 340 3863 436 3916; x_wconf 86' lang='grc' dir='ltr'>τὸν</span> <span class='ocrx_word' id='word_1_474' title='bbox 485 3863 765 3937; x_wconf 85' lang='grc' dir='ltr'>θάλαμον·</span> <span class='ocrx_word' id='word_1_475' title='bbox 805 3867 958 3939; x_wconf 88' lang='grc' dir='ltr'>κῦμα</span> <span class='ocrx_word' id='word_1_476' title='bbox 984 3869 1041 3923; x_wconf 74' lang='grc' dir='ltr'>δὲ</span> <span class='ocrx_word' id='word_1_477' title='bbox 1092 3864 1181 3941; x_wconf 75' lang='grc' dir='ltr'>ἦν,</span> <span class='ocrx_word' id='word_1_478' title='bbox 1215 3865 1392 3940; x_wconf 76' lang='grc' dir='ltr'>οἶμαι,</span> <span class='ocrx_word' id='word_1_479' title='bbox 1434 3873 1462 3924; x_wconf 87' lang='grc' dir='ltr'>ὁ</span> <span class='ocrx_word' id='word_1_480' title='bbox 1503 3870 1742 3940; x_wconf 88' lang='grc' dir='ltr'>θάλαμος</span> <span class='ocrx_word' id='word_1_481' title='bbox 1782 3888 1920 3942; x_wconf 90' lang='grc' dir='ltr'>πορ-</span> 
     </span>
    </p>
   </div>
   <div class='ocr_carea' id='block_1_70' title="bbox 341 3952 1920 4033">
    <p class='ocr_par' dir='ltr' id='par_1_70' title="bbox 341 3952 1920 4033">
     <span class='ocr_line' id='line_1_70' title="bbox 341 3952 1920 4033; baseline 0.006 -28"><span class='ocrx_word' id='word_1_482' title='bbox 341 3952 514 4025; x_wconf 87' lang='grc' dir='ltr'>φῦρόν</span> <span class='ocrx_word' id='word_1_483' title='bbox 541 3956 586 3987; x_wconf 79' lang='grc'><strong>⁸⁹</strong></span> <span class='ocrx_word' id='word_1_484' title='bbox 615 3973 676 4010; x_wconf 88' lang='grc' dir='ltr'><strong>τε</strong></span> <span class='ocrx_word' id='word_1_485' title='bbox 708 3957 803 4011; x_wconf 72' lang='grc' dir='ltr'>καὶ</span> <span class='ocrx_word' id='word_1_486' title='bbox 833 3959 1149 4030; x_wconf 84' lang='grc' dir='ltr'>μετάρσιον,</span> <span class='ocrx_word' id='word_1_487' title='bbox 1173 3960 1312 4031; x_wconf 79' lang='grc' dir='ltr'>ὑπὲρ</span> <span class='ocrx_word' id='word_1_488' title='bbox 1338 3960 1434 4014; x_wconf 85' lang='grc' dir='ltr'><strong>τοῦ</strong></span> <span class='ocrx_word' id='word_1_489' title='bbox 1462 3960 1655 4032; x_wconf 86' lang='grc' dir='ltr'>λέχους</span> <span class='ocrx_word' id='word_1_490' title='bbox 1685 3961 1920 4033; x_wconf 88' lang='grc' dir='ltr'>κυρτού-</span> 
     </span>
    </p>
   </div>
   <div class='ocr_carea' id='block_1_71' title="bbox 344 4049 1916 4126">
    <p class='ocr_par' dir='ltr' id='par_1_71' title="bbox 344 4049 1916 4126">
     <span class='ocr_line' id='line_1_71' title="bbox 344 4049 1916 4126; baseline 0.006 -26"><span class='ocrx_word' id='word_1_491' title='bbox 344 4064 510 4117; x_wconf 88' lang='grc' dir='ltr'>μενον</span> <span class='ocrx_word' id='word_1_492' title='bbox 530 4089 547 4116; x_wconf 92' lang='grc'><strong>,</strong></span> <span class='ocrx_word' id='word_1_493' title='bbox 581 4050 667 4105; x_wconf 78' lang='grc' dir='ltr'>ἵνα</span> <span class='ocrx_word' id='word_1_494' title='bbox 686 4053 937 4108; x_wconf 82' lang='grc' dir='ltr'>παστάδα</span> <span class='ocrx_word' id='word_1_495' title='bbox 969 4055 1297 4126; x_wconf 87' lang='grc' dir='ltr'>μιμήσηται.</span> <span class='ocrx_word' id='word_1_496' title='bbox 1323 4049 1432 4109; x_wconf 69' lang='grc' dir='ltr'><strong>*Ην</strong></span> <span class='ocrx_word' id='word_1_497' title='bbox 1458 4056 1576 4120; x_wconf 86' lang='grc' dir='ltr'>θεὸς</span> <span class='ocrx_word' id='word_1_498' title='bbox 1602 4056 1697 4110; x_wconf 78' lang='grc' dir='ltr'>καὶ</span> <span class='ocrx_word' id='word_1_499' title='bbox 1724 4055 1883 4126; x_wconf 85' lang='grc' dir='ltr'>φύσις</span> <span class='ocrx_word' id='word_1_500' title='bbox 1900 4071 1916 4087; x_wconf 76' lang='grc' dir='ltr'><strong>ο</strong></span> 
     </span>
    </p>
   </div>
   <div class='ocr_carea' id='block_1_72' title="bbox 343 4136 1917 4217">
    <p class='ocr_par' dir='ltr' id='par_1_72' title="bbox 343 4136 1917 4217">
     <span class='ocr_line' id='line_1_72' title="bbox 343 4136 1917 4217; baseline 0.007 -28"><span class='ocrx_word' id='word_1_501' title='bbox 343 4136 438 4189; x_wconf 76' lang='grc' dir='ltr'>καὶ</span> <span class='ocrx_word' id='word_1_502' title='bbox 468 4139 496 4191; x_wconf 84' lang='grc' dir='ltr'>ὁ</span> <span class='ocrx_word' id='word_1_503' title='bbox 525 4138 624 4208; x_wconf 81' lang='grc' dir='ltr'>μὲν</span> <span class='ocrx_word' id='word_1_504' title='bbox 645 4139 815 4194; x_wconf 71' lang='grc' dir='ltr'>ἐδεῖτο</span> <span class='ocrx_word' id='word_1_505' title='bbox 836 4142 1028 4211; x_wconf 84' lang='grc' dir='ltr'>γονῆς,</span> <span class='ocrx_word' id='word_1_506' title='bbox 1059 4144 1093 4213; x_wconf 82' lang='grc' dir='ltr'><strong>ἡ</strong></span> <span class='ocrx_word' id='word_1_507' title='bbox 1122 4143 1181 4197; x_wconf 78' lang='grc' dir='ltr'>δὲ</span> <span class='ocrx_word' id='word_1_508' title='bbox 1209 4143 1304 4198; x_wconf 89' lang='grc' dir='ltr'><strong>τοῦ</strong></span> <span class='ocrx_word' id='word_1_509' title='bbox 1336 4145 1584 4199; x_wconf 87' lang='grc' dir='ltr'>κυΐσκειν</span> <span class='ocrx_word' id='word_1_510' title='bbox 1611 4145 1917 4217; x_wconf 88' lang='grc' dir='ltr'>μέλλοντος.</span> 
     </span>
    </p>
   </div>
   <div class='ocr_carea' id='block_1_73' title="bbox 263 4226 1921 4309">
    <p class='ocr_par' dir='ltr' id='par_1_73' title="bbox 263 4226 1921 4309">
     <span class='ocr_line' id='line_1_73' title="bbox 263 4226 1921 4309; baseline 0.006 -27"><span class='ocrx_word' id='word_1_511' title='bbox 263 4254 275 4266; x_wconf 81' lang='grc' dir='ltr'><strong>ο</strong></span> <span class='ocrx_word' id='word_1_512' title='bbox 343 4226 508 4300; x_wconf 77' lang='grc'><strong>[1116</strong></span> <span class='ocrx_word' id='word_1_513' title='bbox 536 4229 634 4304; x_wconf 69' lang='lat'><strong>8.]</strong></span> <span class='ocrx_word' id='word_1_514' title='bbox 659 4233 775 4288; x_wconf 85' lang='grc' dir='ltr'>Ἵνα</span> <span class='ocrx_word' id='word_1_515' title='bbox 790 4234 855 4305; x_wconf 83' lang='grc' dir='ltr'>δὴ</span> <span class='ocrx_word' id='word_1_516' title='bbox 884 4234 1060 4289; x_wconf 87' lang='grc' dir='ltr'>ταῦτα</span> <span class='ocrx_word' id='word_1_517' title='bbox 1088 4235 1341 4309; x_wconf 76' lang='grc' dir='ltr'>ἄρξηται,</span> <span class='ocrx_word' id='word_1_518' title='bbox 1382 4237 1623 4309; x_wconf 86' lang='grc' dir='ltr'>θάλαμος</span> <span class='ocrx_word' id='word_1_519' title='bbox 1645 4237 1723 4309; x_wconf 85' lang='grc' dir='ltr'><strong>τῷ</strong></span> <span class='ocrx_word' id='word_1_520' title='bbox 1754 4238 1921 4293; x_wconf 79' lang='grc' dir='ltr'>παντὶ</span> 
     </span>
    </p>
   </div>
   <div class='ocr_carea' id='block_1_74' title="bbox 340 4320 1922 4401">
    <p class='ocr_par' dir='ltr' id='par_1_74' title="bbox 340 4320 1922 4401">
     <span class='ocr_line' id='line_1_74' title="bbox 340 4320 1922 4401; baseline 0.006 -27"><span class='ocrx_word' id='word_1_521' title='bbox 340 4320 403 4374; x_wconf 81' lang='grc' dir='ltr'>τὸ</span> <span class='ocrx_word' id='word_1_522' title='bbox 430 4323 539 4376; x_wconf 74' lang='grc' dir='ltr'>πᾶν</span> <span class='ocrx_word' id='word_1_523' title='bbox 561 4322 792 4393; x_wconf 77' lang='grc' dir='ltr'>ἐγίνετο.</span> <span class='ocrx_word' id='word_1_524' title='bbox 830 4326 928 4379; x_wconf 87' lang='grc' dir='ltr'>Ἐκ</span> <span class='ocrx_word' id='word_1_525' title='bbox 955 4326 1014 4380; x_wconf 77' lang='grc' dir='ltr'>δὲ</span> <span class='ocrx_word' id='word_1_526' title='bbox 1031 4325 1094 4399; x_wconf 82' lang='grc' dir='ltr'>δὴ</span> <span class='ocrx_word' id='word_1_527' title='bbox 1113 4328 1223 4381; x_wconf 87' lang='grc' dir='ltr'><strong>τῶν</strong></span> <span class='ocrx_word' id='word_1_528' title='bbox 1246 4328 1440 4399; x_wconf 83' lang='grc' dir='ltr'>γάμων</span> <span class='ocrx_word' id='word_1_529' title='bbox 1463 4328 1669 4383; x_wconf 88' lang='grc' dir='ltr'>τούτων</span> <span class='ocrx_word' id='word_1_530' title='bbox 1693 4330 1922 4401; x_wconf 85' lang='grc' dir='ltr'>οὐρανὸς</span> 
     </span>
    </p>
   </div>
   <div class='ocr_carea' id='block_1_75' title="bbox 2023 3136 3591 3210">
    <p class='ocr_par' dir='ltr' id='par_1_75' title="bbox 2023 3136 3591 3210">
     <span class='ocr_line' id='line_1_75' title="bbox 2023 3136 3591 3210; baseline 0.001 -17"><span class='ocrx_word' id='word_1_531' title='bbox 2023 3152 2116 3193; x_wconf 74' lang='lat' dir='ltr'><strong>eos</strong></span> <span class='ocrx_word' id='word_1_532' title='bbox 2158 3138 2249 3206; x_wconf 91' lang='lat' dir='ltr'><strong>qui</strong></span> <span class='ocrx_word' id='word_1_533' title='bbox 2301 3136 2477 3192; x_wconf 79' lang='lat' dir='ltr'><strong>fronte</strong></span> <span class='ocrx_word' id='word_1_534' title='bbox 2527 3137 2860 3203; x_wconf 88' lang='lat' dir='ltr'><strong>dividuntur,</strong></span> <span class='ocrx_word' id='word_1_535' title='bbox 2919 3137 3154 3207; x_wconf 89' lang='lat' dir='ltr'><strong>reliquos</strong></span> <span class='ocrx_word' id='word_1_536' title='bbox 3208 3149 3367 3193; x_wconf 87' lang='lat' dir='ltr'><strong>vento</strong></span> <span class='ocrx_word' id='word_1_537' title='bbox 3412 3140 3591 3210; x_wconf 77' lang='lat' dir='ltr'><strong>spargi</strong></span> 
     </span>
    </p>
   </div>
   <div class='ocr_carea' id='block_1_76' title="bbox 2024 3227 3593 3299">
    <p class='ocr_par' dir='ltr' id='par_1_76' title="bbox 2024 3227 3593 3299">
     <span class='ocr_line' id='line_1_76' title="bbox 2024 3227 3593 3299; baseline 0.002 -16"><span class='ocrx_word' id='word_1_538' title='bbox 2024 3229 2307 3299; x_wconf 88' lang='lat' dir='ltr'><strong>permittit,</strong></span> <span class='ocrx_word' id='word_1_539' title='bbox 2338 3228 2482 3284; x_wconf 70' lang='lat' dir='ltr'><strong>forte</strong></span> <span class='ocrx_word' id='word_1_540' title='bbox 2513 3229 2565 3283; x_wconf 93' lang='lat' dir='ltr'><strong>in</strong></span> <span class='ocrx_word' id='word_1_541' title='bbox 2601 3228 2712 3298; x_wconf 80' lang='lat' dir='ltr'><strong>lyra</strong></span> <span class='ocrx_word' id='word_1_542' title='bbox 2743 3229 3041 3283; x_wconf 76' lang='lat' dir='ltr'><strong>illiduntur.</strong></span> <span class='ocrx_word' id='word_1_543' title='bbox 3074 3227 3276 3283; x_wconf 86' lang='lat' dir='ltr'><strong>Ilorum</strong></span> <span class='ocrx_word' id='word_1_544' title='bbox 3319 3245 3453 3285; x_wconf 86' lang='lat' dir='ltr'><strong>vero</strong></span> <span class='ocrx_word' id='word_1_545' title='bbox 3478 3231 3593 3286; x_wconf 87' lang='lat' dir='ltr'><strong>alas</strong></span> 
     </span>
    </p>
   </div>
   <div class='ocr_carea' id='block_1_77' title="bbox 2024 3320 3594 3385">
    <p class='ocr_par' dir='ltr' id='par_1_77' title="bbox 2024 3320 3594 3385">
     <span class='ocr_line' id='line_1_77' title="bbox 2024 3320 3594 3385; baseline 0 -10"><span class='ocrx_word' id='word_1_546' title='bbox 2024 3329 2079 3375; x_wconf 92' lang='lat' dir='ltr'><strong>et</strong></span> <span class='ocrx_word' id='word_1_547' title='bbox 2110 3321 2386 3375; x_wconf 72' lang='lat' dir='ltr'><strong>etesariem</strong></span> <span class='ocrx_word' id='word_1_548' title='bbox 2427 3334 2559 3374; x_wconf 91' lang='lat' dir='ltr'><strong>auro</strong></span> <span class='ocrx_word' id='word_1_549' title='bbox 2595 3320 2854 3385; x_wconf 82' lang='lat' dir='ltr'><strong>vestiens,</strong></span> <span class='ocrx_word' id='word_1_550' title='bbox 2883 3330 3008 3373; x_wconf 89' lang='lat' dir='ltr'><strong>ante</strong></span> <span class='ocrx_word' id='word_1_551' title='bbox 3045 3335 3264 3374; x_wconf 89' lang='lat' dir='ltr'><strong>currum</strong></span> <span class='ocrx_word' id='word_1_552' title='bbox 3301 3322 3461 3375; x_wconf 89' lang='lat' dir='ltr'><strong>mittit</strong></span> <span class='ocrx_word' id='word_1_553' title='bbox 3492 3321 3594 3375; x_wconf 85' lang='lat' dir='ltr'><strong>mi-</strong></span> 
     </span>
    </p>
   </div>
   <div class='ocr_carea' id='block_1_78' title="bbox 2025 3410 3596 3481">
    <p class='ocr_par' dir='ltr' id='par_1_78' title="bbox 2025 3410 3596 3481">
     <span class='ocr_line' id='line_1_78' title="bbox 2025 3410 3596 3481; baseline 0.003 -17"><span class='ocrx_word' id='word_1_554' title='bbox 2025 3410 2341 3474; x_wconf 89' lang='lat' dir='ltr'><strong>nistrantes,</strong></span> <span class='ocrx_word' id='word_1_555' title='bbox 2373 3419 2426 3466; x_wconf 91' lang='lat' dir='ltr'><strong>et</strong></span> <span class='ocrx_word' id='word_1_556' title='bbox 2462 3410 2601 3465; x_wconf 86' lang='lat' dir='ltr'><strong>altas</strong></span> <span class='ocrx_word' id='word_1_557' title='bbox 2644 3411 2949 3481; x_wconf 87' lang='lat' dir='ltr'><strong>quatientes</strong></span> <span class='ocrx_word' id='word_1_558' title='bbox 2980 3411 3146 3467; x_wconf 84' lang='lat' dir='ltr'><strong>faces.</strong></span> <span class='ocrx_word' id='word_1_559' title='bbox 3186 3411 3319 3467; x_wconf 90' lang='lat' dir='ltr'><strong>Cum</strong></span> <span class='ocrx_word' id='word_1_560' title='bbox 3347 3428 3474 3468; x_wconf 88' lang='lat' dir='ltr'><strong>vero</strong></span> <span class='ocrx_word' id='word_1_561' title='bbox 3498 3411 3596 3468; x_wconf 90' lang='lat' dir='ltr'><strong>Pe-</strong></span> 
     </span>
    </p>
   </div>
   <div class='ocr_carea' id='block_1_79' title="bbox 2024 3499 3591 3574">
    <p class='ocr_par' dir='ltr' id='par_1_79' title="bbox 2024 3499 3591 3574">
     <span class='ocr_line' id='line_1_79' title="bbox 2024 3499 3591 3574; baseline 0.002 -20"><span class='ocrx_word' id='word_1_562' title='bbox 2024 3499 2134 3568; x_wconf 87' lang='lat' dir='ltr'><strong>lopi</strong></span> <span class='ocrx_word' id='word_1_563' title='bbox 2170 3502 2526 3571; x_wconf 80' lang='lat' dir='ltr'><strong>persuasisset</strong></span> <span class='ocrx_word' id='word_1_564' title='bbox 2575 3517 2729 3556; x_wconf 89' lang='lat' dir='ltr'><strong>amor</strong></span> <span class='ocrx_word' id='word_1_565' title='bbox 2760 3502 3129 3571; x_wconf 70' lang='lat' dir='ltr'><strong>Hippodamia:</strong></span> <span class='ocrx_word' id='word_1_566' title='bbox 3170 3503 3306 3574; x_wconf 74' lang='grc'><strong>(44),</strong></span> <span class='ocrx_word' id='word_1_567' title='bbox 3344 3513 3403 3559; x_wconf 89' lang='grc' dir='ltr'><strong>ιιι</strong></span> <span class='ocrx_word' id='word_1_568' title='bbox 3426 3502 3591 3574; x_wconf 89' lang='lat' dir='ltr'><strong>Cupi-</strong></span> 
     </span>
    </p>
   </div>
   <div class='ocr_carea' id='block_1_80' title="bbox 2024 3591 3594 3669">
    <p class='ocr_par' dir='ltr' id='par_1_80' title="bbox 2024 3591 3594 3669">
     <span class='ocr_line' id='line_1_80' title="bbox 2024 3591 3594 3669; baseline 0.005 -24"><span class='ocrx_word' id='word_1_569' title='bbox 2024 3591 2136 3669; x_wconf 81' lang='lat' dir='ltr'><strong>dini</strong></span> <span class='ocrx_word' id='word_1_570' title='bbox 2180 3602 2234 3647; x_wconf 91' lang='lat' dir='ltr'><strong>et</strong></span> <span class='ocrx_word' id='word_1_571' title='bbox 2264 3593 2459 3648; x_wconf 78' lang='lat' dir='ltr'><strong>Veneri</strong></span> <span class='ocrx_word' id='word_1_572' title='bbox 2502 3594 2759 3659; x_wconf 83' lang='lat' dir='ltr'><strong>serviret,</strong></span> <span class='ocrx_word' id='word_1_573' title='bbox 2802 3602 2913 3648; x_wconf 89' lang='lat' dir='ltr'><strong>tum</strong></span> <span class='ocrx_word' id='word_1_574' title='bbox 2957 3594 3119 3648; x_wconf 90' lang='lat' dir='ltr'><strong>etiam</strong></span> <span class='ocrx_word' id='word_1_575' title='bbox 3150 3595 3337 3663; x_wconf 86' lang='lat' dir='ltr'><strong>Apollo</strong></span> <span class='ocrx_word' id='word_1_576' title='bbox 3369 3595 3594 3653; x_wconf 81' lang='lat' dir='ltr'><strong>collecto</strong></span> 
     </span>
    </p>
   </div>
   <div class='ocr_carea' id='block_1_81' title="bbox 2023 3683 3593 3753">
    <p class='ocr_par' dir='ltr' id='par_1_81' title="bbox 2023 3683 3593 3753">
     <span class='ocr_line' id='line_1_81' title="bbox 2023 3683 3593 3753; baseline 0.005 -14"><span class='ocrx_word' id='word_1_577' title='bbox 2023 3683 2312 3741; x_wconf 87' lang='lat' dir='ltr'><strong>Nereidum</strong></span> <span class='ocrx_word' id='word_1_578' title='bbox 2352 3686 2540 3753; x_wconf 78' lang='lat' dir='ltr'><strong>choro,</strong></span> <span class='ocrx_word' id='word_1_579' title='bbox 2582 3689 2634 3743; x_wconf 91' lang='lat' dir='ltr'><strong>in</strong></span> <span class='ocrx_word' id='word_1_580' title='bbox 2677 3702 2891 3743; x_wconf 84' lang='lat' dir='ltr'><strong>summo</strong></span> <span class='ocrx_word' id='word_1_581' title='bbox 2939 3687 3121 3744; x_wconf 89' lang='lat' dir='ltr'><strong>littore</strong></span> <span class='ocrx_word' id='word_1_582' title='bbox 3169 3690 3244 3745; x_wconf 94' lang='lat' dir='ltr'><strong>illi</strong></span> <span class='ocrx_word' id='word_1_583' title='bbox 3296 3692 3593 3747; x_wconf 88' lang='lat' dir='ltr'><strong>thalamum</strong></span> 
     </span>
    </p>
   </div>
   <div class='ocr_carea' id='block_1_82' title="bbox 2024 3775 3596 3848">
    <p class='ocr_par' dir='ltr' id='par_1_82' title="bbox 2024 3775 3596 3848">
     <span class='ocr_line' id='line_1_82' title="bbox 2024 3775 3596 3848; baseline 0.004 -18"><span class='ocrx_word' id='word_1_584' title='bbox 2024 3775 2236 3841; x_wconf 89' lang='lat' dir='ltr'><strong>statuit,</strong></span> <span class='ocrx_word' id='word_1_585' title='bbox 2271 3775 2423 3843; x_wconf 86' lang='lat' dir='ltr'><strong>cujus</strong></span> <span class='ocrx_word' id='word_1_586' title='bbox 2464 3777 2636 3831; x_wconf 90' lang='lat' dir='ltr'><strong>vicem</strong></span> <span class='ocrx_word' id='word_1_587' title='bbox 2681 3778 2822 3830; x_wconf 89' lang='lat' dir='ltr'><strong>unda</strong></span> <span class='ocrx_word' id='word_1_588' title='bbox 2868 3777 3034 3833; x_wconf 89' lang='lat' dir='ltr'><strong>dense</strong></span> <span class='ocrx_word' id='word_1_589' title='bbox 3080 3779 3301 3848; x_wconf 81' lang='lat' dir='ltr'><strong>agitata,</strong></span> <span class='ocrx_word' id='word_1_590' title='bbox 3343 3790 3399 3835; x_wconf 88' lang='lat' dir='ltr'><strong>et</strong></span> <span class='ocrx_word' id='word_1_591' title='bbox 3426 3783 3596 3837; x_wconf 80' lang='lat' dir='ltr'><strong>subli-</strong></span> 
     </span>
    </p>
   </div>
   <div class='ocr_carea' id='block_1_83' title="bbox 2025 3866 3598 3933">
    <p class='ocr_par' dir='ltr' id='par_1_83' title="bbox 2025 3866 3598 3933">
     <span class='ocr_line' id='line_1_83' title="bbox 2025 3866 3598 3933; baseline 0.005 -13"><span class='ocrx_word' id='word_1_592' title='bbox 2025 3868 2128 3923; x_wconf 86' lang='lat' dir='ltr'><strong>mis</strong></span> <span class='ocrx_word' id='word_1_593' title='bbox 2155 3868 2207 3921; x_wconf 91' lang='lat' dir='ltr'><strong>in</strong></span> <span class='ocrx_word' id='word_1_594' title='bbox 2242 3867 2364 3922; x_wconf 89' lang='lat' dir='ltr'><strong>lecti</strong></span> <span class='ocrx_word' id='word_1_595' title='bbox 2399 3882 2599 3923; x_wconf 79' lang='lat' dir='ltr'><strong>morem</strong></span> <span class='ocrx_word' id='word_1_596' title='bbox 2640 3866 2796 3933; x_wconf 83' lang='lat' dir='ltr'><strong>ﬂexa,</strong></span> <span class='ocrx_word' id='word_1_597' title='bbox 2842 3868 2916 3923; x_wconf 88' lang='lat' dir='ltr'><strong>ita</strong></span> <span class='ocrx_word' id='word_1_598' title='bbox 2950 3879 3010 3925; x_wconf 91' lang='lat' dir='ltr'><strong>ut</strong></span> <span class='ocrx_word' id='word_1_599' title='bbox 3047 3870 3261 3926; x_wconf 88' lang='lat' dir='ltr'><strong>thorum</strong></span> <span class='ocrx_word' id='word_1_600' title='bbox 3294 3872 3598 3928; x_wconf 87' lang='lat' dir='ltr'><strong>imitaretur</strong></span> 
     </span>
    </p>
   </div>
   <div class='ocr_carea' id='block_1_84' title="bbox 2026 3958 3597 4030">
    <p class='ocr_par' dir='ltr' id='par_1_84' title="bbox 2026 3958 3597 4030">
     <span class='ocr_line' id='line_1_84' title="bbox 2026 3958 3597 4030; baseline 0.001 -16"><span class='ocrx_word' id='word_1_601' title='bbox 2026 3959 2309 4027; x_wconf 84' lang='lat' dir='ltr'><strong>implebat.</strong></span> <span class='ocrx_word' id='word_1_602' title='bbox 2358 3958 2527 4013; x_wconf 85' lang='lat' dir='ltr'><strong>Erant</strong></span> <span class='ocrx_word' id='word_1_603' title='bbox 2576 3958 2683 4014; x_wconf 91' lang='lat' dir='ltr'><strong>illic</strong></span> <span class='ocrx_word' id='word_1_604' title='bbox 2720 3959 2852 4014; x_wconf 87' lang='lat' dir='ltr'><strong>deus</strong></span> <span class='ocrx_word' id='word_1_605' title='bbox 2873 3968 2928 4013; x_wconf 89' lang='lat' dir='ltr'><strong>et</strong></span> <span class='ocrx_word' id='word_1_606' title='bbox 2974 3970 3200 4016; x_wconf 88' lang='lat' dir='ltr'><strong>natura:</strong></span> <span class='ocrx_word' id='word_1_607' title='bbox 3251 3960 3340 4016; x_wconf 88' lang='lat' dir='ltr'><strong>ille</strong></span> <span class='ocrx_word' id='word_1_608' title='bbox 3383 3962 3597 4030; x_wconf 88' lang='lat' dir='ltr'><strong>quidem</strong></span> 
     </span>
    </p>
   </div>
   <div class='ocr_carea' id='block_1_85' title="bbox 2025 4049 3597 4123">
    <p class='ocr_par' dir='ltr' id='par_1_85' title="bbox 2025 4049 3597 4123">
     <span class='ocr_line' id='line_1_85' title="bbox 2025 4049 3597 4123; baseline 0.002 -18"><span class='ocrx_word' id='word_1_609' title='bbox 2025 4051 2138 4105; x_wconf 80' lang='lat' dir='ltr'><strong>fetu</strong></span> <span class='ocrx_word' id='word_1_610' title='bbox 2196 4049 2489 4120; x_wconf 79' lang='lat' dir='ltr'><strong>indigebat,</strong></span> <span class='ocrx_word' id='word_1_611' title='bbox 2538 4049 2654 4106; x_wconf 85' lang='lat' dir='ltr'><strong>haec</strong></span> <span class='ocrx_word' id='word_1_612' title='bbox 2699 4065 2830 4108; x_wconf 86' lang='lat' dir='ltr'><strong>vero</strong></span> <span class='ocrx_word' id='word_1_613' title='bbox 2868 4066 2989 4123; x_wconf 66' lang='lat' dir='ltr'><strong>qua:</strong></span> <span class='ocrx_word' id='word_1_614' title='bbox 3019 4062 3254 4123; x_wconf 87' lang='lat' dir='ltr'><strong>pareret.</strong></span> <span class='ocrx_word' id='word_1_615' title='bbox 3299 4051 3372 4109; x_wconf 89' lang='lat' dir='ltr'><strong>Ut</strong></span> <span class='ocrx_word' id='word_1_616' title='bbox 3415 4063 3597 4108; x_wconf 89' lang='lat' dir='ltr'><strong>autem</strong></span> 
     </span>
    </p>
   </div>
   <div class='ocr_carea' id='block_1_86' title="bbox 2025 4143 3600 4215">
    <p class='ocr_par' dir='ltr' id='par_1_86' title="bbox 2025 4143 3600 4215">
     <span class='ocr_line' id='line_1_86' title="bbox 2025 4143 3600 4215; baseline 0.001 -16"><span class='ocrx_word' id='word_1_617' title='bbox 2025 4144 2142 4199; x_wconf 62' lang='lat' dir='ltr'><strong>hare</strong></span> <span class='ocrx_word' id='word_1_618' title='bbox 2193 4143 2609 4211; x_wconf 85' lang='lat' dir='ltr'><strong>inchoarentur,</strong></span> <span class='ocrx_word' id='word_1_619' title='bbox 2672 4144 2855 4200; x_wconf 88' lang='lat' dir='ltr'><strong>omnia</strong></span> <span class='ocrx_word' id='word_1_620' title='bbox 2905 4145 3160 4200; x_wconf 91' lang='lat' dir='ltr'><strong>omnibus</strong></span> <span class='ocrx_word' id='word_1_621' title='bbox 3206 4159 3303 4215; x_wconf 91' lang='lat' dir='ltr'><strong>pro</strong></span> <span class='ocrx_word' id='word_1_622' title='bbox 3361 4144 3600 4201; x_wconf 88' lang='lat' dir='ltr'><strong>thalamo</strong></span> 
     </span>
    </p>
   </div>
   <div class='ocr_carea' id='block_1_87' title="bbox 2026 4233 3625 4306">
    <p class='ocr_par' dir='ltr' id='par_1_87' title="bbox 2026 4233 3625 4306">
     <span class='ocr_line' id='line_1_87' title="bbox 2026 4233 3625 4306; baseline -0.001 -16"><span class='ocrx_word' id='word_1_623' title='bbox 2026 4245 2205 4291; x_wconf 90' lang='lat' dir='ltr'><strong>erant.</strong></span> <span class='ocrx_word' id='word_1_624' title='bbox 2258 4233 2335 4289; x_wconf 75' lang='lat' dir='ltr'><strong>Ex</strong></span> <span class='ocrx_word' id='word_1_625' title='bbox 2372 4233 2460 4290; x_wconf 91' lang='lat' dir='ltr'><strong>his</strong></span> <span class='ocrx_word' id='word_1_626' title='bbox 2513 4235 2701 4303; x_wconf 89' lang='lat' dir='ltr'><strong>utique</strong></span> <span class='ocrx_word' id='word_1_627' title='bbox 2747 4235 2954 4306; x_wconf 86' lang='lat' dir='ltr'><strong>nuptiis</strong></span> <span class='ocrx_word' id='word_1_628' title='bbox 2998 4235 3193 4290; x_wconf 67' lang='lat' dir='ltr'><strong>coelum</strong></span> <span class='ocrx_word' id='word_1_629' title='bbox 3244 4234 3357 4306; x_wconf 70' lang='grc'><strong>(45)</strong></span> <span class='ocrx_word' id='word_1_630' title='bbox 3406 4243 3461 4290; x_wconf 89' lang='lat' dir='ltr'><strong>et</strong></span> <span class='ocrx_word' id='word_1_631' title='bbox 3513 4237 3625 4291; x_wconf 86' lang='lat' dir='ltr'><strong>sol.</strong></span> 
     </span>
    </p>
   </div>
   <div class='ocr_carea' id='block_1_88' title="bbox 2027 4323 3596 4395">
    <p class='ocr_par' dir='ltr' id='par_1_88' title="bbox 2027 4323 3596 4395">
     <span class='ocr_line' id='line_1_88' title="bbox 2027 4323 3596 4395; baseline -0.001 -16"><span class='ocrx_word' id='word_1_632' title='bbox 2027 4333 2282 4395; x_wconf 79' lang='lat' dir='ltr'><strong>generata</strong></span> <span class='ocrx_word' id='word_1_633' title='bbox 2330 4331 2479 4387; x_wconf 90' lang='lat' dir='ltr'><strong>sunt,</strong></span> <span class='ocrx_word' id='word_1_634' title='bbox 2538 4332 2807 4377; x_wconf 89' lang='lat' dir='ltr'><strong>astrorum</strong></span> <span class='ocrx_word' id='word_1_635' title='bbox 2866 4334 3061 4389; x_wconf 71' lang='lat' dir='ltr'><strong>costus,</strong></span> <span class='ocrx_word' id='word_1_636' title='bbox 3119 4323 3259 4377; x_wconf 84' lang='lat' dir='ltr'><strong>lunae</strong></span> <span class='ocrx_word' id='word_1_637' title='bbox 3321 4324 3596 4393; x_wconf 89' lang='lat' dir='ltr'><strong>splendor,</strong></span> 
     </span>
    </p>
   </div>
   <div class='ocr_carea' id='block_1_89' title="bbox 341 4409 1917 4494">
    <p class='ocr_par' dir='ltr' id='par_1_89' title="bbox 341 4409 1917 4493">
     <span class='ocr_line' id='line_1_89' title="bbox 341 4409 1917 4493; baseline 0.008 -29"><span class='ocrx_word' id='word_1_638' title='bbox 341 4409 601 4479; x_wconf 81' lang='grc' dir='ltr'>γεννᾶται</span> <span class='ocrx_word' id='word_1_639' title='bbox 632 4415 726 4469; x_wconf 79' lang='grc' dir='ltr'>καὶ</span> <span class='ocrx_word' id='word_1_640' title='bbox 757 4416 929 4486; x_wconf 81' lang='grc' dir='ltr'>ἥλιος,</span> <span class='ocrx_word' id='word_1_641' title='bbox 986 4417 1067 4471; x_wconf 73' lang='grc' dir='ltr'>ἔτι</span> <span class='ocrx_word' id='word_1_642' title='bbox 1116 4418 1173 4472; x_wconf 82' lang='grc' dir='ltr'>δὲ</span> <span class='ocrx_word' id='word_1_643' title='bbox 1218 4420 1437 4489; x_wconf 88' lang='grc' dir='ltr'>ἄστρων</span> <span class='ocrx_word' id='word_1_644' title='bbox 1478 4420 1658 4492; x_wconf 80' lang='grc' dir='ltr'>χορὸς,</span> <span class='ocrx_word' id='word_1_645' title='bbox 1693 4421 1917 4493; x_wconf 85' lang='grc' dir='ltr'>σελήνης</span> 
     </span>
    </p>
   </div>
   <div class='ocr_carea' id='block_1_90' title="bbox 2025 4409 3601 4494">
    <p class='ocr_par' dir='ltr' id='par_1_90' title="bbox 2029 4413 3601 4486">
     <span class='ocr_line' id='line_1_90' title="bbox 2029 4413 3601 4486; baseline -0.003 -14"><span class='ocrx_word' id='word_1_646' title='bbox 2029 4426 2258 4486; x_wconf 87' lang='lat' dir='ltr'><strong>uterque</strong></span> <span class='ocrx_word' id='word_1_647' title='bbox 2286 4414 2463 4485; x_wconf 89' lang='lat' dir='ltr'><strong>polus,</strong></span> <span class='ocrx_word' id='word_1_648' title='bbox 2498 4415 2703 4470; x_wconf 89' lang='lat' dir='ltr'><strong>circum</strong></span> <span class='ocrx_word' id='word_1_649' title='bbox 2738 4413 2938 4484; x_wconf 78' lang='lat' dir='ltr'><strong>367a</strong></span> <span class='ocrx_word' id='word_1_650' title='bbox 2964 4428 3102 4483; x_wconf 90' lang='lat' dir='ltr'><strong>quos</strong></span> <span class='ocrx_word' id='word_1_651' title='bbox 3152 4415 3359 4481; x_wconf 88' lang='lat' dir='ltr'><strong>primus</strong></span> <span class='ocrx_word' id='word_1_652' title='bbox 3399 4415 3601 4483; x_wconf 86' lang='lat' dir='ltr'><strong>prima-</strong></span> 
     </span>
    </p>
   </div>
   <div class='ocr_carea' id='block_1_91' title="bbox 342 4501 1924 4579">
    <p class='ocr_par' dir='ltr' id='par_1_91' title="bbox 342 4501 1924 4579">
     <span class='ocr_line' id='line_1_91' title="bbox 342 4501 1924 4579; baseline 0.004 -24"><span class='ocrx_word' id='word_1_653' title='bbox 342 4501 570 4571; x_wconf 82' lang='grc' dir='ltr'>φέγγος,</span> <span class='ocrx_word' id='word_1_654' title='bbox 600 4504 692 4558; x_wconf 82' lang='grc' dir='ltr'>καὶ</span> <span class='ocrx_word' id='word_1_655' title='bbox 717 4505 895 4560; x_wconf 82' lang='grc' dir='ltr'>διπλοί</span> <span class='ocrx_word' id='word_1_656' title='bbox 923 4507 1097 4571; x_wconf 83' lang='grc' dir='ltr'>πόλοι,</span> <span class='ocrx_word' id='word_1_657' title='bbox 1128 4508 1255 4579; x_wconf 80' lang='grc' dir='ltr'>περὶ</span> <span class='ocrx_word' id='word_1_658' title='bbox 1294 4506 1388 4571; x_wconf 83' lang='grc' dir='ltr'>οὓς</span> <span class='ocrx_word' id='word_1_659' title='bbox 1421 4508 1455 4578; x_wconf 79' lang='grc' dir='ltr'><strong>ἡ</strong></span> <span class='ocrx_word' id='word_1_660' title='bbox 1489 4507 1680 4579; x_wconf 81' lang='grc' dir='ltr'>πρώτη</span> <span class='ocrx_word' id='word_1_661' title='bbox 1710 4508 1924 4578; x_wconf 83' lang='grc' dir='ltr'>γένεσις</span> 
     </span>
    </p>
   </div>
   <div class='ocr_carea' id='block_1_92' title="bbox 338 4592 1925 4671">
    <p class='ocr_par' dir='ltr' id='par_1_92' title="bbox 338 4592 1925 4671">
     <span class='ocr_line' id='line_1_92' title="bbox 338 4592 1925 4671; baseline 0.004 -26"><span class='ocrx_word' id='word_1_662' title='bbox 338 4592 451 4646; x_wconf 84' lang='grc' dir='ltr'>τῶν</span> <span class='ocrx_word' id='word_1_663' title='bbox 480 4593 713 4665; x_wconf 87' lang='grc' dir='ltr'>πρώτων</span> <span class='ocrx_word' id='word_1_664' title='bbox 740 4596 835 4649; x_wconf 91' lang='grc' dir='ltr'><strong>τοῦ</strong></span> <span class='ocrx_word' id='word_1_665' title='bbox 904 4596 1029 4651; x_wconf 85' lang='grc' dir='ltr'>θεοῦ</span> <span class='ocrx_word' id='word_1_666' title='bbox 1061 4596 1256 4668; x_wconf 86' lang='grc' dir='ltr'>γάμων</span> <span class='ocrx_word' id='word_1_667' title='bbox 1292 4597 1581 4651; x_wconf 80' lang='grc' dir='ltr'>ἑλίττεται.</span> <span class='ocrx_word' id='word_1_668' title='bbox 1629 4598 1925 4671; x_wconf 75' lang='grc' dir='ltr'>Δευτέρους</span> 
     </span>
    </p>
   </div>
   <div class='ocr_carea' id='block_1_93' title="bbox 339 4680 1926 4758">
    <p class='ocr_par' dir='ltr' id='par_1_93' title="bbox 339 4680 1926 4758">
     <span class='ocr_line' id='line_1_93' title="bbox 339 4680 1926 4758; baseline 0.003 -22"><span class='ocrx_word' id='word_1_669' title='bbox 339 4680 406 4752; x_wconf 82' lang='grc' dir='ltr'>δὴ</span> <span class='ocrx_word' id='word_1_670' title='bbox 426 4683 567 4752; x_wconf 82' lang='grc' dir='ltr'>μετὰ</span> <span class='ocrx_word' id='word_1_671' title='bbox 582 4684 802 4749; x_wconf 87' lang='grc' dir='ltr'>τούτους</span> <span class='ocrx_word' id='word_1_672' title='bbox 829 4686 1044 4757; x_wconf 84' lang='grc' dir='ltr'>γάμους</span> <span class='ocrx_word' id='word_1_673' title='bbox 1075 4685 1332 4741; x_wconf 83' lang='grc' dir='ltr'>Ὠκεανοῦ</span> <span class='ocrx_word' id='word_1_674' title='bbox 1355 4687 1451 4740; x_wconf 77' lang='grc' dir='ltr'>καὶ</span> <span class='ocrx_word' id='word_1_675' title='bbox 1474 4684 1737 4758; x_wconf 85' lang='grc' dir='ltr'>Τηθύοςή</span> <span class='ocrx_word' id='word_1_676' title='bbox 1764 4685 1926 4757; x_wconf 85' lang='grc' dir='ltr'>φύσις</span> 
     </span>
    </p>
   </div>
   <div class='ocr_carea' id='block_1_94' title="bbox 341 4770 1922 4849">
    <p class='ocr_par' dir='ltr' id='par_1_94' title="bbox 341 4770 1922 4849">
     <span class='ocr_line' id='line_1_94' title="bbox 341 4770 1922 4849; baseline 0.005 -25"><span class='ocrx_word' id='word_1_677' title='bbox 341 4772 544 4838; x_wconf 74' lang='grc' dir='ltr'>ἔδειξεν</span> <span class='ocrx_word' id='word_1_678' title='bbox 569 4775 637 4840; x_wconf 78' lang='grc'><strong>⁸⁸,</strong></span> <span class='ocrx_word' id='word_1_679' title='bbox 668 4776 760 4846; x_wconf 83' lang='grc' dir='ltr'><strong>ἀφ’</strong></span> <span class='ocrx_word' id='word_1_680' title='bbox 794 4770 870 4832; x_wconf 81' lang='grc' dir='ltr'><strong>ὧν</strong></span> <span class='ocrx_word' id='word_1_681' title='bbox 900 4778 1182 4848; x_wconf 79' lang='grc' dir='ltr'>ἀνίσχουσι</span> <span class='ocrx_word' id='word_1_682' title='bbox 1210 4778 1308 4849; x_wconf 78' lang='grc' dir='ltr'>μὲν</span> <span class='ocrx_word' id='word_1_683' title='bbox 1338 4778 1575 4849; x_wconf 78' lang='grc' dir='ltr'>ποταμοὶ</span> <span class='ocrx_word' id='word_1_684' title='bbox 1595 4779 1694 4832; x_wconf 73' lang='grc' dir='ltr'>καὶ</span> <span class='ocrx_word' id='word_1_685' title='bbox 1713 4778 1922 4849; x_wconf 86' lang='grc' dir='ltr'>λίμναι,</span> 
     </span>
    </p>
   </div>
   <div class='ocr_carea' id='block_1_95' title="bbox 340 4862 1921 4940">
    <p class='ocr_par' dir='ltr' id='par_1_95' title="bbox 340 4862 1921 4940">
     <span class='ocr_line' id='line_1_95' title="bbox 340 4862 1921 4940; baseline 0.005 -24"><span class='ocrx_word' id='word_1_686' title='bbox 340 4862 422 4917; x_wconf 74' lang='grc' dir='ltr'>ἔτι</span> <span class='ocrx_word' id='word_1_687' title='bbox 455 4864 513 4919; x_wconf 73' lang='grc' dir='ltr'>δὲ</span> <span class='ocrx_word' id='word_1_688' title='bbox 542 4868 741 4939; x_wconf 79' lang='grc' dir='ltr'>κρῆναι</span> <span class='ocrx_word' id='word_1_689' title='bbox 771 4868 868 4922; x_wconf 73' lang='grc' dir='ltr'>καὶ</span> <span class='ocrx_word' id='word_1_690' title='bbox 896 4869 1074 4938; x_wconf 79' lang='grc' dir='ltr'>πηγαὶ</span> <span class='ocrx_word' id='word_1_691' title='bbox 1100 4870 1196 4924; x_wconf 82' lang='grc' dir='ltr'>καὶ</span> <span class='ocrx_word' id='word_1_692' title='bbox 1234 4869 1445 4940; x_wconf 81' lang='grc' dir='ltr'>φρέατα</span> <span class='ocrx_word' id='word_1_693' title='bbox 1486 4869 1583 4923; x_wconf 73' lang='grc' dir='ltr'>καὶ</span> <span class='ocrx_word' id='word_1_694' title='bbox 1633 4870 1668 4940; x_wconf 77' lang='grc' dir='ltr'><strong>ἡ</strong></span> <span class='ocrx_word' id='word_1_695' title='bbox 1702 4869 1921 4924; x_wconf 84' lang='grc' dir='ltr'>πάντων</span> 
     </span>
    </p>
   </div>
   <div class='ocr_carea' id='block_1_96' title="bbox 345 4956 1920 5031">
    <p class='ocr_par' dir='ltr' id='par_1_96' title="bbox 345 4956 1920 5031">
     <span class='ocr_line' id='line_1_96' title="bbox 345 4956 1920 5031; baseline 0.002 -20"><span class='ocrx_word' id='word_1_696' title='bbox 345 4956 533 5030; x_wconf 81' lang='grc' dir='ltr'>μήτηρ</span> <span class='ocrx_word' id='word_1_697' title='bbox 562 4962 818 5031; x_wconf 85' lang='grc' dir='ltr'>ναμάτων</span> <span class='ocrx_word' id='word_1_698' title='bbox 863 4962 1128 5029; x_wconf 83' lang='grc' dir='ltr'>θάλασσα,</span> <span class='ocrx_word' id='word_1_699' title='bbox 1168 4962 1410 5016; x_wconf 85' lang='grc' dir='ltr'>τίκτεται</span> <span class='ocrx_word' id='word_1_700' title='bbox 1438 4961 1497 5014; x_wconf 79' lang='grc' dir='ltr'>δὲ</span> <span class='ocrx_word' id='word_1_701' title='bbox 1522 4961 1617 5015; x_wconf 80' lang='grc' dir='ltr'>καὶ</span> <span class='ocrx_word' id='word_1_702' title='bbox 1646 4961 1792 5031; x_wconf 83' lang='grc' dir='ltr'>φυτὰ</span> <span class='ocrx_word' id='word_1_703' title='bbox 1823 4962 1920 5017; x_wconf 75' lang='grc' dir='ltr'><strong>καὶ</strong></span> 
     </span>
    </p>
   </div>
   <div class='ocr_carea' id='block_1_97' title="bbox 342 5044 1921 5124">
    <p class='ocr_par' dir='ltr' id='par_1_97' title="bbox 342 5044 1921 5124">
     <span class='ocr_line' id='line_1_97' title="bbox 342 5044 1921 5124; baseline 0.004 -24"><span class='ocrx_word' id='word_1_704' title='bbox 342 5044 483 5113; x_wconf 79' lang='grc' dir='ltr'>ζῶα,</span> <span class='ocrx_word' id='word_1_705' title='bbox 536 5048 632 5103; x_wconf 75' lang='grc' dir='ltr'>καὶ</span> <span class='ocrx_word' id='word_1_706' title='bbox 665 5051 735 5122; x_wconf 86' lang='grc' dir='ltr'>γῆ</span> <span class='ocrx_word' id='word_1_707' title='bbox 766 5052 1023 5118; x_wconf 74' lang='grc' dir='ltr'>οἰκεῖται,</span> <span class='ocrx_word' id='word_1_708' title='bbox 1072 5051 1167 5107; x_wconf 74' lang='grc' dir='ltr'>καὶ</span> <span class='ocrx_word' id='word_1_709' title='bbox 1203 5052 1265 5106; x_wconf 83' lang='grc' dir='ltr'>τὸ</span> <span class='ocrx_word' id='word_1_710' title='bbox 1308 5051 1605 5124; x_wconf 82' lang='grc' dir='ltr'>νηχόμενον</span> <span class='ocrx_word' id='word_1_711' title='bbox 1652 5052 1921 5124; x_wconf 77' lang='grc' dir='ltr'>λαμϐάνει</span> 
     </span>
    </p>
   </div>
   <div class='ocr_carea' id='block_1_98' title="bbox 2027 4504 3596 4576">
    <p class='ocr_par' dir='ltr' id='par_1_98' title="bbox 2027 4504 3596 4576">
     <span class='ocr_line' id='line_1_98' title="bbox 2027 4504 3596 4576; baseline -0.002 -14"><span class='ocrx_word' id='word_1_712' title='bbox 2027 4524 2147 4563; x_wconf 89' lang='lat' dir='ltr'><strong>rum</strong></span> <span class='ocrx_word' id='word_1_713' title='bbox 2218 4506 2530 4576; x_wconf 86' lang='lat' dir='ltr'><strong>nuptiarum</strong></span> <span class='ocrx_word' id='word_1_714' title='bbox 2589 4506 2682 4560; x_wconf 90' lang='lat' dir='ltr'><strong>Dei</strong></span> <span class='ocrx_word' id='word_1_715' title='bbox 2757 4516 2911 4560; x_wconf 90' lang='lat' dir='ltr'><strong>ortus</strong></span> <span class='ocrx_word' id='word_1_716' title='bbox 2973 4506 3225 4559; x_wconf 90' lang='lat' dir='ltr'><strong>volvitur.</strong></span> <span class='ocrx_word' id='word_1_717' title='bbox 3287 4504 3596 4559; x_wconf 90' lang='lat' dir='ltr'><strong>Secundum</strong></span> 
     </span>
    </p>
   </div>
   <div class='ocr_carea' id='block_1_99' title="bbox 2028 4594 3599 4670">
    <p class='ocr_par' dir='ltr' id='par_1_99' title="bbox 2028 4594 3599 4670">
     <span class='ocr_line' id='line_1_99' title="bbox 2028 4594 3599 4670; baseline -0.001 -17"><span class='ocrx_word' id='word_1_718' title='bbox 2028 4599 2223 4653; x_wconf 89' lang='lat' dir='ltr'><strong>deinde</strong></span> <span class='ocrx_word' id='word_1_719' title='bbox 2250 4597 2577 4654; x_wconf 87' lang='lat' dir='ltr'><strong>connubium</strong></span> <span class='ocrx_word' id='word_1_720' title='bbox 2604 4596 2827 4664; x_wconf 87' lang='lat' dir='ltr'><strong>Oceani,</strong></span> <span class='ocrx_word' id='word_1_721' title='bbox 2860 4605 2914 4651; x_wconf 87' lang='lat' dir='ltr'><strong>et</strong></span> <span class='ocrx_word' id='word_1_722' title='bbox 2938 4595 3178 4668; x_wconf 83' lang='lat' dir='ltr'><strong>Tethyos</strong></span> <span class='ocrx_word' id='word_1_723' title='bbox 3204 4606 3391 4651; x_wconf 89' lang='lat' dir='ltr'><strong>natura</strong></span> <span class='ocrx_word' id='word_1_724' title='bbox 3424 4594 3599 4670; x_wconf 89' lang='lat' dir='ltr'><strong>[mon-</strong></span> 
     </span>
    </p>
   </div>
   <div class='ocr_carea' id='block_1_100' title="bbox 2026 4687 3595 4760">
    <p class='ocr_par' dir='ltr' id='par_1_100' title="bbox 2026 4687 3595 4760">
     <span class='ocr_line' id='line_1_100' title="bbox 2026 4687 3595 4760; baseline -0.003 -14"><span class='ocrx_word' id='word_1_725' title='bbox 2026 4688 2244 4760; x_wconf 81' lang='lat' dir='ltr'><strong>stravit]</strong></span> <span class='ocrx_word' id='word_1_726' title='bbox 2276 4706 2306 4744; x_wconf 91' lang='lat' dir='ltr'><strong>a</strong></span> <span class='ocrx_word' id='word_1_727' title='bbox 2348 4689 2547 4758; x_wconf 89' lang='lat' dir='ltr'><strong>quibus</strong></span> <span class='ocrx_word' id='word_1_728' title='bbox 2590 4688 2701 4743; x_wconf 89' lang='lat' dir='ltr'><strong>nati</strong></span> <span class='ocrx_word' id='word_1_729' title='bbox 2742 4687 2889 4743; x_wconf 82' lang='lat' dir='ltr'><strong>ﬂuvii</strong></span> <span class='ocrx_word' id='word_1_730' title='bbox 2924 4700 2979 4743; x_wconf 88' lang='lat' dir='ltr'><strong>et</strong></span> <span class='ocrx_word' id='word_1_731' title='bbox 3004 4688 3176 4753; x_wconf 88' lang='lat' dir='ltr'><strong>lacus,</strong></span> <span class='ocrx_word' id='word_1_732' title='bbox 3212 4688 3595 4758; x_wconf 77' lang='lat' dir='ltr'><strong>scaturigines,</strong></span> 
     </span>
    </p>
   </div>
   <div class='ocr_carea' id='block_1_101' title="bbox 2026 4776 3595 4846">
    <p class='ocr_par' dir='ltr' id='par_1_101' title="bbox 2026 4776 3595 4846">
     <span class='ocr_line' id='line_1_101' title="bbox 2026 4776 3595 4846; baseline -0.002 -13"><span class='ocrx_word' id='word_1_733' title='bbox 2026 4789 2082 4834; x_wconf 87' lang='lat' dir='ltr'><strong>et</strong></span> <span class='ocrx_word' id='word_1_734' title='bbox 2112 4776 2309 4842; x_wconf 81' lang='lat' dir='ltr'><strong>fontes,</strong></span> <span class='ocrx_word' id='word_1_735' title='bbox 2340 4776 2515 4846; x_wconf 87' lang='lat' dir='ltr'><strong>putei,</strong></span> <span class='ocrx_word' id='word_1_736' title='bbox 2540 4776 2892 4846; x_wconf 87' lang='lat' dir='ltr'><strong>omniumque</strong></span> <span class='ocrx_word' id='word_1_737' title='bbox 2922 4790 3182 4844; x_wconf 89' lang='lat' dir='ltr'><strong>aquarum</strong></span> <span class='ocrx_word' id='word_1_738' title='bbox 3212 4786 3373 4845; x_wconf 88' lang='lat' dir='ltr'><strong>caput</strong></span> <span class='ocrx_word' id='word_1_739' title='bbox 3413 4791 3595 4845; x_wconf 88' lang='lat' dir='ltr'><strong>mare;</strong></span> 
     </span>
    </p>
   </div>
   <div class='ocr_carea' id='block_1_102' title="bbox 2028 4865 3595 4936">
    <p class='ocr_par' dir='ltr' id='par_1_102' title="bbox 2028 4865 3595 4936">
     <span class='ocr_line' id='line_1_102' title="bbox 2028 4865 3595 4936; baseline -0.002 -13"><span class='ocrx_word' id='word_1_740' title='bbox 2028 4870 2118 4925; x_wconf 88' lang='lat' dir='ltr'><strong>hic</strong></span> <span class='ocrx_word' id='word_1_741' title='bbox 2162 4876 2343 4921; x_wconf 88' lang='lat' dir='ltr'><strong>autem</strong></span> <span class='ocrx_word' id='word_1_742' title='bbox 2402 4874 2542 4921; x_wconf 72' lang='lat' dir='ltr'><strong>nata:</strong></span> <span class='ocrx_word' id='word_1_743' title='bbox 2572 4866 2787 4936; x_wconf 53' lang='lat' dir='ltr'><strong>planta,</strong></span> <span class='ocrx_word' id='word_1_744' title='bbox 2840 4877 2894 4920; x_wconf 92' lang='lat' dir='ltr'><strong>et</strong></span> <span class='ocrx_word' id='word_1_745' title='bbox 2929 4865 3225 4934; x_wconf 84' lang='lat' dir='ltr'><strong>animalia;</strong></span> <span class='ocrx_word' id='word_1_746' title='bbox 3277 4868 3404 4922; x_wconf 91' lang='lat' dir='ltr'><strong>hinc</strong></span> <span class='ocrx_word' id='word_1_747' title='bbox 3452 4876 3595 4923; x_wconf 84' lang='lat' dir='ltr'><strong>terra</strong></span> 
     </span>
    </p>
   </div>
   <div class='ocr_carea' id='block_1_103' title="bbox 2028 4957 3599 5029">
    <p class='ocr_par' dir='ltr' id='par_1_103' title="bbox 2028 4957 3599 5029">
     <span class='ocr_line' id='line_1_103' title="bbox 2028 4957 3599 5029; baseline 0 -14"><span class='ocrx_word' id='word_1_748' title='bbox 2028 4959 2317 5026; x_wconf 89' lang='lat' dir='ltr'><strong>incolitur;</strong></span> <span class='ocrx_word' id='word_1_749' title='bbox 2358 4958 2486 5014; x_wconf 89' lang='lat' dir='ltr'><strong>hinc</strong></span> <span class='ocrx_word' id='word_1_750' title='bbox 2528 4958 2705 5027; x_wconf 89' lang='lat' dir='ltr'><strong>pisces</strong></span> <span class='ocrx_word' id='word_1_751' title='bbox 2734 4957 2962 5014; x_wconf 84' lang='lat' dir='ltr'><strong>assumit</strong></span> <span class='ocrx_word' id='word_1_752' title='bbox 2996 4974 3180 5027; x_wconf 87' lang='lat' dir='ltr'><strong>mare;</strong></span> <span class='ocrx_word' id='word_1_753' title='bbox 3216 4959 3342 5014; x_wconf 92' lang='lat' dir='ltr'><strong>hinc</strong></span> <span class='ocrx_word' id='word_1_754' title='bbox 3380 4959 3480 5013; x_wconf 86' lang='lat' dir='ltr'><strong>alis</strong></span> <span class='ocrx_word' id='word_1_755' title='bbox 3506 4975 3599 5029; x_wconf 86' lang='lat' dir='ltr'><strong>pe-</strong></span> 
     </span>
    </p>
   </div>
   <div class='ocr_carea' id='block_1_104' title="bbox 2027 5048 3596 5121">
    <p class='ocr_par' dir='ltr' id='par_1_104' title="bbox 2027 5048 3596 5121">
     <span class='ocr_line' id='line_1_104' title="bbox 2027 5048 3596 5121; baseline -0.001 -15"><span class='ocrx_word' id='word_1_756' title='bbox 2027 5050 2312 5107; x_wconf 89' lang='lat' dir='ltr'><strong>netrabilis</strong></span> <span class='ocrx_word' id='word_1_757' title='bbox 2361 5064 2476 5106; x_wconf 88' lang='lat' dir='ltr'><strong>aer.</strong></span> <span class='ocrx_word' id='word_1_758' title='bbox 2526 5048 2806 5106; x_wconf 88' lang='lat' dir='ltr'><strong>Postremo</strong></span> <span class='ocrx_word' id='word_1_759' title='bbox 2858 5064 2989 5106; x_wconf 83' lang='lat' dir='ltr'><strong>vero</strong></span> <span class='ocrx_word' id='word_1_760' title='bbox 3043 5051 3368 5106; x_wconf 79' lang='lat' dir='ltr'><strong>coenobium</strong></span> <span class='ocrx_word' id='word_1_761' title='bbox 3421 5052 3596 5121; x_wconf 83' lang='lat' dir='ltr'><strong>ipsum</strong></span> 
     </span>
    </p>
   </div>
   <div class='ocr_carea' id='block_1_105' title="bbox 1648 5206 2312 5265">
    <p class='ocr_par' dir='ltr' id='par_1_105' title="bbox 1648 5206 2312 5265">
     <span class='ocr_line' id='line_1_105' title="bbox 1648 5206 2312 5265; baseline 0.005 -4"><span class='ocrx_word' id='word_1_762' title='bbox 1648 5206 1880 5264; x_wconf 65' lang='lat' dir='ltr'><strong>VARIIE</strong></span> <span class='ocrx_word' id='word_1_763' title='bbox 1912 5207 2312 5265; x_wconf 82' lang='lat' dir='ltr'><strong>LECTIONES.</strong></span> 
     </span>
    </p>
   </div>
   <div class='ocr_carea' id='block_1_106' title="bbox 921 5328 1868 5400">
    <p class='ocr_par' dir='ltr' id='par_1_106' title="bbox 921 5328 1868 5400">
     <span class='ocr_line' id='line_1_106' title="bbox 921 5328 1868 5400; baseline 0.001 -18"><span class='ocrx_word' id='word_1_764' title='bbox 921 5333 968 5365; x_wconf 83' lang='lat'><strong>&quot;</strong></span> <span class='ocrx_word' id='word_1_765' title='bbox 1006 5329 1272 5400; x_wconf 86' lang='grc' dir='ltr'>μετώπων</span> <span class='ocrx_word' id='word_1_766' title='bbox 1328 5329 1388 5383; x_wconf 86' lang='grc' dir='ltr'>Β.</span> <span class='ocrx_word' id='word_1_767' title='bbox 1483 5331 1530 5365; x_wconf 78' lang='grc'><strong>⁵⁸</strong></span> <span class='ocrx_word' id='word_1_768' title='bbox 1561 5329 1772 5384; x_wconf 78' lang='grc' dir='ltr'>σπένδει</span> <span class='ocrx_word' id='word_1_769' title='bbox 1803 5328 1868 5383; x_wconf 80' lang='grc' dir='ltr'>Α.</span> 
     </span>
    </p>
   </div>
   <div class='ocr_carea' id='block_1_107' title="bbox 412 5331 1623 5471">
    <p class='ocr_par' dir='ltr' id='par_1_107' title="bbox 412 5331 1623 5471">
     <span class='ocr_line' id='line_1_107' title="bbox 412 5331 1623 5401; baseline -0.002 -18"><span class='ocrx_word' id='word_1_770' title='bbox 412 5331 461 5367; x_wconf 64' lang='grc'><strong>⁵⁸</strong></span> <span class='ocrx_word' id='word_1_771' title='bbox 493 5333 739 5401; x_wconf 83' lang='grc' dir='ltr'>κρεῖττον</span> <span class='ocrx_word' id='word_1_772' title='bbox 761 5349 821 5396; x_wconf 84' lang='grc' dir='ltr'><strong>ς.</strong></span> <span class='ocrx_word' id='word_1_773' title='bbox 921 5333 968 5365; x_wconf 86' lang='grc'><strong><em>⁸³</em></strong></span> <span class='ocrx_word' id='word_1_774' title='bbox 1006 5331 1272 5400; x_wconf 86' lang='grc' dir='ltr'>μετώπων</span> <span class='ocrx_word' id='word_1_775' title='bbox 1328 5331 1388 5383; x_wconf 87' lang='grc' dir='ltr'><strong>Β.</strong></span> <span class='ocrx_word' id='word_1_776' title='bbox 1483 5331 1530 5365; x_wconf 77' lang='grc'><strong>⁵⁸</strong></span> <span class='ocrx_word' id='word_1_777' title='bbox 1561 5347 1623 5382; x_wconf 76' lang='grc' dir='ltr'><strong>στι</strong></span> 
     </span>
     <span class='ocr_line' id='line_1_108' title="bbox 420 5400 1623 5471; baseline 0 -17"><span class='ocrx_word' id='word_1_778' title='bbox 420 5401 743 5471; x_wconf 82' lang='grc' dir='ltr'>πορφυροῦν</span> <span class='ocrx_word' id='word_1_779' title='bbox 788 5418 850 5466; x_wconf 84' lang='grc' dir='ltr'><strong>ς.</strong></span> <span class='ocrx_word' id='word_1_780' title='bbox 961 5403 1004 5434; x_wconf 75' lang='grc'><strong>⁸⁸</strong></span> <span class='ocrx_word' id='word_1_781' title='bbox 1041 5400 1240 5466; x_wconf 76' lang='grc' dir='ltr'>ἔδειξεν</span> <span class='ocrx_word' id='word_1_782' title='bbox 1283 5416 1393 5456; x_wconf 83' lang='lat' dir='ltr'><strong>om.</strong></span> <span class='ocrx_word' id='word_1_783' title='bbox 1443 5416 1527 5471; x_wconf 87' lang='lat' dir='ltr'><strong>pr.</strong></span> <span class='ocrx_word' id='word_1_784' title='bbox 1559 5401 1623 5456; x_wconf 69' lang='grc' dir='ltr'>υ.</span> 
     </span>
    </p>
   </div>
   <div class='ocr_carea' id='block_1_108' title="bbox 341 5401 850 5474">
    <p class='ocr_par' dir='ltr' id='par_1_108' title="bbox 341 5401 850 5474">
     <span class='ocr_line' id='line_1_109' title="bbox 341 5401 850 5474; baseline 0.002 -20"><span class='ocrx_word' id='word_1_785' title='bbox 341 5402 386 5435; x_wconf 79' lang='grc'><strong>⁸³</strong></span> <span class='ocrx_word' id='word_1_786' title='bbox 420 5401 743 5474; x_wconf 82' lang='grc' dir='ltr'>πορφυροῦν</span> <span class='ocrx_word' id='word_1_787' title='bbox 788 5418 850 5466; x_wconf 78' lang='grc' dir='ltr'>ς’.</span> 
     </span>
    </p>
   </div>
   <div class='ocr_carea' id='block_1_109' title="bbox 1973 5330 2390 5387">
    <p class='ocr_par' dir='ltr' id='par_1_109' title="bbox 1973 5330 2390 5387">
     <span class='ocr_line' id='line_1_110' title="bbox 1973 5330 2390 5387; baseline 0.002 -2"><span class='ocrx_word' id='word_1_788' title='bbox 1973 5330 2019 5363; x_wconf 83' lang='grc'><strong>⁸⁷</strong></span> <span class='ocrx_word' id='word_1_789' title='bbox 2055 5331 2151 5386; x_wconf 76' lang='grc' dir='ltr'>καὶ</span> <span class='ocrx_word' id='word_1_790' title='bbox 2179 5346 2289 5387; x_wconf 92' lang='lat' dir='ltr'><strong>om.</strong></span> <span class='ocrx_word' id='word_1_791' title='bbox 2325 5332 2390 5386; x_wconf 87' lang='lat' dir='ltr'><strong>A.</strong></span> 
     </span>
    </p>
   </div>
   <div class='ocr_carea' id='block_1_110' title="bbox 2489 5326 3521 5402">
    <p class='ocr_par' dir='ltr' id='par_1_110' title="bbox 2489 5326 3521 5402">
     <span class='ocr_line' id='line_1_111' title="bbox 2489 5326 3521 5402; baseline -0.003 -17"><span class='ocrx_word' id='word_1_792' title='bbox 2489 5330 2536 5364; x_wconf 80' lang='grc'>⁸⁸</span> <span class='ocrx_word' id='word_1_793' title='bbox 2561 5330 2693 5402; x_wconf 72' lang='grc' dir='ltr'>δᾷδα</span> <span class='ocrx_word' id='word_1_794' title='bbox 2724 5327 3032 5398; x_wconf 64' lang='grc' dir='ltr'>κινοῦντας]</span> <span class='ocrx_word' id='word_1_795' title='bbox 3060 5327 3430 5394; x_wconf 83' lang='grc' dir='ltr'>διακινοῦντας</span> <span class='ocrx_word' id='word_1_796' title='bbox 3458 5326 3521 5383; x_wconf 85' lang='lat' dir='ltr'><strong>C.</strong></span> 
     </span>
    </p>
   </div>
   <div class='ocr_carea' id='block_1_111' title="bbox 1897 5507 2132 5568">
    <p class='ocr_par' dir='ltr' id='par_1_111' title="bbox 1897 5507 2132 5568">
     <span class='ocr_line' id='line_1_112' title="bbox 1897 5507 2132 5568; baseline -0.004 -2"><span class='ocrx_word' id='word_1_797' title='bbox 1897 5507 2132 5568; x_wconf 65' lang='lat' dir='ltr'><strong>NOTAE.</strong></span> 
     </span>
    </p>
   </div>
   <div class='ocr_carea' id='block_1_112' title="bbox 415 5601 1698 5677">
    <p class='ocr_par' dir='ltr' id='par_1_112' title="bbox 415 5601 1698 5677">
     <span class='ocr_line' id='line_1_113' title="bbox 415 5601 1698 5677; baseline -0.002 -16"><span class='ocrx_word' id='word_1_798' title='bbox 415 5605 528 5675; x_wconf 77' lang='lat' dir='ltr'><strong>(i5)</strong></span> <span class='ocrx_word' id='word_1_799' title='bbox 562 5604 749 5672; x_wconf 81' lang='lat' dir='ltr'><strong>Quam</strong></span> <span class='ocrx_word' id='word_1_800' title='bbox 795 5607 948 5677; x_wconf 74' lang='lat' dir='ltr'><strong>jocus</strong></span> <span class='ocrx_word' id='word_1_801' title='bbox 978 5601 1307 5677; x_wconf 69' lang='lat' dir='ltr'><strong>circumvolet</strong></span> <span class='ocrx_word' id='word_1_802' title='bbox 1338 5616 1370 5677; x_wconf 25' lang='lat'><strong>4.-</strong></span> <span class='ocrx_word' id='word_1_803' title='bbox 1399 5612 1450 5677; x_wconf 59' lang='grc' dir='ltr'><strong>ει</strong></span> <span class='ocrx_word' id='word_1_804' title='bbox 1486 5603 1698 5677; x_wconf 72' lang='lat' dir='ltr'><strong>cupido.</strong></span> 
     </span>
    </p>
   </div>
   <div class='ocr_carea' id='block_1_113' title="bbox 1084 5672 1839 5746">
    <p class='ocr_par' dir='ltr' id='par_1_113' title="bbox 1084 5672 1839 5746">
     <span class='ocr_line' id='line_1_114' title="bbox 1084 5672 1839 5746; baseline 0.004 -20"><span class='ocrx_word' id='word_1_805' title='bbox 1084 5674 1295 5746; x_wconf 64' lang='lat' dir='ltr'><strong>(tlorat.</strong></span> <span class='ocrx_word' id='word_1_806' title='bbox 1328 5672 1429 5726; x_wconf 87' lang='lat' dir='ltr'><strong>0d.</strong></span> <span class='ocrx_word' id='word_1_807' title='bbox 1464 5688 1526 5742; x_wconf 91' lang='lat' dir='ltr'><strong>tt,</strong></span> <span class='ocrx_word' id='word_1_808' title='bbox 1553 5686 1606 5731; x_wconf 82' lang='lat' dir='ltr'><strong>et</strong></span> <span class='ocrx_word' id='word_1_809' title='bbox 1625 5673 1839 5745; x_wconf 79' lang='lat' dir='ltr'><strong>Lamb.)</strong></span> 
     </span>
    </p>
   </div>
   <div class='ocr_carea' id='block_1_114' title="bbox 2098 5597 2967 5670">
    <p class='ocr_par' dir='ltr' id='par_1_114' title="bbox 2098 5597 2967 5670">
     <span class='ocr_line' id='line_1_115' title="bbox 2098 5597 2967 5670; baseline -0.001 -14"><span class='ocrx_word' id='word_1_810' title='bbox 2098 5601 2211 5670; x_wconf 71' lang='grc' dir='ltr'><strong>(Μ)</strong></span> <span class='ocrx_word' id='word_1_811' title='bbox 2251 5601 2518 5661; x_wconf 74' lang='lat' dir='ltr'><strong>Pindarus</strong></span> <span class='ocrx_word' id='word_1_812' title='bbox 2543 5599 2646 5655; x_wconf 82' lang='lat' dir='ltr'><strong>0d.</strong></span> <span class='ocrx_word' id='word_1_813' title='bbox 2684 5615 2724 5664; x_wconf 78' lang='grc' dir='ltr'><strong>ι,</strong></span> <span class='ocrx_word' id='word_1_814' title='bbox 2759 5597 2967 5670; x_wconf 81' lang='lat' dir='ltr'><strong>Olymp.</strong></span> 
     </span>
    </p>
   </div>
   <div class='ocr_carea' id='block_1_115' title="bbox 2093 5670 2837 5746">
    <p class='ocr_par' dir='ltr' id='par_1_115' title="bbox 2093 5670 2837 5746">
     <span class='ocr_line' id='line_1_116' title="bbox 2093 5670 2837 5746; baseline -0.005 -18"><span class='ocrx_word' id='word_1_815' title='bbox 2093 5673 2203 5746; x_wconf 68' lang='grc'><strong>(45)</strong></span> <span class='ocrx_word' id='word_1_816' title='bbox 2232 5672 2450 5732; x_wconf 85' lang='lat' dir='ltr'><strong>llcsiod.</strong></span> <span class='ocrx_word' id='word_1_817' title='bbox 2489 5672 2542 5729; x_wconf 84' lang='lat' dir='ltr'><strong>iu</strong></span> <span class='ocrx_word' id='word_1_818' title='bbox 2579 5670 2837 5741; x_wconf 79' lang='lat' dir='ltr'><strong>Tlteogon.</strong></span> 
     </span>
    </p>
   </div>
  </div>
