3990 6232
417 240 548 306 1351
1563 228 1826 294 PHOTII
1864 222 2367 289 PATRIARCHE
2387 223 2497 286 cp.
3529 219 3666 283 1352

413 353 686 409 hominem
740 344 1221 416 contemplatorem
1277 341 1606 409 divinarum,
1652 352 1987 398 terrenarum

2109 336 2336 390 θάλασσα
2378 337 2450 401 ⁸¹,
2500 333 2596 388 καὶ
2641 331 2750 404 άὴρ
2802 331 2973 404 ἐφάνη
3021 331 3203 404 πτερῷ
3239 330 3580 404 πορεύσιμος
3598 335 3669 390 ⁸⁸.

415 461 541 500 vero
581 441 830 513 Opificem
864 453 1044 494 rerum
1072 434 1331 505 produxit
1365 433 1666 506 (hominem
1700 434 1846 489 enim
1879 443 1987 488 ter-

2109 425 2195 480 [ὸν
2223 425 2281 479 δὲ
2307 424 2511 497 θεωρὸν
2546 423 2645 496 μὲν
2685 424 2794 477 τῶν
2837 422 3015 486 θείων,
3047 423 3284 494 ἐργάτην
3335 423 3395 477 δὲ
3428 424 3540 477 τῶν
3580 425 3672 479 ἐπὶ

415 556 489 594 rae
517 553 638 593 esse
668 535 857 596 filium,
890 540 946 586 et
993 529 1224 583 Atticam
1258 535 1448 594 partus
1478 526 1663 581 dolore
1691 525 1844 596 quasi
1879 525 1990 580 dis-

2109 519 2192 589 τῆς
2215 517 2556 591 πραγμάτων
2576 516 2860 588 ἄνθρωπον
2879 515 3110 570 ὕστατον
3129 518 3156 570 ό
3185 518 3367 587 γάμος
3409 517 3672 588 ἐγέννησε

417 641 628 701 ruptam
687 626 792 680 tale
855 635 1074 692 germen
1121 621 1475 691 produxisse,
1535 619 1741 672 ludicra
1799 616 1991 671 Attica:

2109 609 2176 678 ξτὸ
2233 609 2340 681 γὰρ
2390 607 2496 677 γῆς
2552 606 2714 661 παῖδα
2759 606 3013 675 γενέσθαι
3063 606 3386 678 ἄνθρωπον,
3434 608 3534 660 καὶ
3576 609 3673 680 τὴν

416 698 711 776 venustatis
764 715 940 770 fabula
998 711 1309 784 confinxit).
1349 710 1658 778 Quinetiam
1725 709 1988 763 Venerem

2109 699 2356 771 Ἀττικὴν
2372 701 2632 772 ραγεῖσαν
2657 698 2818 753 ὠδῖνα
2833 698 3086 753 τοσοῦτον
3112 699 3422 770 βλαστῆσαι
3446 699 3674 770 βλάστη-

419 812 589 882 ipsam
640 811 694 864 in
743 810 875 863 mari
922 807 1248 871 latitantem,
1298 803 1484 860 fractis
1531 813 1688 872 partu
1717 799 1987 862 ﬂuctibus,

2109 808 2191 855 ια,
2216 790 2383 861 μῦθός
2405 792 2553 845 ἐστιν
2569 791 2817 861 ’Δττικῆς
2838 790 3058 862 χάριτος
3076 790 3373 861 παίγνιον).
3389 783 3566 855 Οὗτος
3581 793 3676 846 καὶ

409 881 530 956 Soli
592 900 960 970 splendentem
1017 899 1219 952 caedem
1265 895 1464 962 nuptiae
1509 894 1897 949 exhibuerunt.
1935 890 1992 946 Si

2109 884 2193 955 τὴν
2225 885 2544 954 Ἀφροδίτην
2583 883 2753 954 αὐτὴν
2788 882 2930 938 κατὰ
2951 881 3225 937 θάλασσαν
3256 882 3636 937 λανθάνουσαν
3657 925 3672 949 ,

418 993 780 1050 etfluviorum
831 1005 1045 1044 amores
1099 989 1279 1044 dicere
1326 987 1638 1056 inciperem,
1677 1000 1905 1054 magnus
1936 997 1996 1040 se

2109 979 2266 1052 δήξας
2307 981 2384 1050 τῷ
2412 980 2557 1051 τόκῳ
2603 979 2673 1032 τὰ
2701 979 2946 1048 κύματα,
2979 979 3181 1045 ἔδειξεν
3228 979 3368 1051 ἡλίῳ
3427 980 3669 1050 μαρμαίο

421 1087 632 1142 dicendi
669 1100 892 1154 campus
924 1082 1167 1139 oderret.
1198 1080 1330 1134 Nam
1356 1080 1578 1150 diligere
1603 1094 1791 1133 omnes
1818 1079 1992 1147 ipsum

2109 1094 2318 1148 pouoav.
2355 1077 2494 1139 Τοὺς
2543 1075 2599 1128 δὲ
2651 1073 2914 1145 ποταμῶν
2966 1074 3178 1145 ἔρωτας
3222 1078 3270 1129 εἰ
3324 1076 3515 1143 λέγειν
3561 1075 3676 1128 eos-

424 1193 575 1232 mare
603 1177 878 1239 videntur,
914 1174 1139 1242 ideoque
1170 1172 1222 1226 in
1251 1170 1376 1225 illud
1410 1171 1575 1224 citato
1604 1185 1767 1224 cursu
1793 1179 1842 1224 et
1878 1168 1997 1224 fon-

427 1272 568 1326 tibus
617 1269 814 1325 deferri
852 1266 1028 1338 [qnasi
1068 1265 1210 1320 inter
1254 1278 1313 1318 se
1340 1271 1525 1317 mutuo
1553 1270 1612 1315 ut
1650 1261 1875 1315 amicam
1905 1275 1997 1316 co-

425 1373 620 1417 nantur
641 1358 942 1430 amplecti].

496 1635 608 1690 Iloc
629 1632 960 1703 vero'_fervet,
979 1645 1041 1686 ac
1059 1629 1352 1684 delectatur
1367 1628 1419 1682 in
1439 1641 1642 1682 morem
1666 1625 1786 1680 lecti
1812 1624 1997 1678 sinua-

428 1737 573 1795 tum;
600 1727 752 1797 quasi
782 1733 965 1780 contra
985 1724 1118 1776 alios
1159 1719 1353 1774 fluvios
1375 1718 1677 1778 exsultans,
1709 1715 1849 1784 quod
1879 1712 1996 1768 solo

429 1822 655 1890 Neptuni
680 1833 862 1873 arnore
882 1825 1148 1871 teneatur.
1177 1813 1266 1868 Sic
1285 1812 1504 1867 flumina
1529 1809 1808 1878 aequaliter
1827 1807 2001 1861 orien-

431 1910 502 1964 tia
533 1920 583 1963 et
603 1905 886 1974 aequaliter
909 1921 936 1957 a
961 1904 1122 1957 simili
1151 1902 1359 1970 origine
1379 1899 1625 1960 deducta,
1660 1897 1999 1951 communio-

429 2013 550 2053 nem
598 1999 922 2052 dilexeruut.
959 1992 1158 2048 Fertur
1210 1992 1336 2046 olim
1374 1989 1652 2060 Olympias
1700 1984 1995 2041 Alexandri

431 2095 582 2162 partu
606 2091 751 2154 felix,
785 2089 1017 2143 Cabiron
1071 2087 1322 2157 mysteria
1355 2085 1408 2138 in
1439 2080 1836 2145 Samothracia,
1865 2093 2000 2147 per-

431 2183 670 2254 agendo,
746 2179 955 2234 vidisse
1009 2192 1123 2232 rem
1180 2177 1414 2230 divinam
1479 2187 1644 2242 agens
1701 2171 2002 2240 Philippum

431 2277 724 2330 etiaumum
772 2274 1044 2343 juvenem,
1079 2278 1133 2324 et
1188 2267 1418 2321 videndo
1458 2279 1643 2320 amore
1687 2272 1921 2332 captam,
1951 2272 2006 2318 et

432 2367 585 2437 quasi
621 2364 926 2434 nuptiarum
960 2371 1082 2416 rota
1120 2361 1175 2415 in
1208 2358 1378 2414 sacris
1406 2356 1623 2412 fecisse.
1655 2355 1868 2425 Sponsa
1905 2369 2004 2408 au-

435 2471 542 2513 tem
578 2458 792 2528 generis
834 2456 1059 2524 stirpem
1108 2451 1374 2507 referebat
1405 2449 1471 2503 ad
1510 2448 1756 2503 Thracia:
1787 2449 2004 2518 quidem

434 2551 748 2618 indigenas,
811 2547 903 2603 sed
959 2547 1048 2613 qui
1097 2560 1125 2598 a
1186 2544 1403 2614 regibus
1455 2552 1634 2596 ortum
1696 2540 2002 2595 trahebant.

435 2644 655 2698 Florent
694 2641 917 2712 perinde
949 2648 1005 2693 ut
1048 2637 1196 2692 verni
1249 2636 1470 2701 calices,
1521 2646 1580 2688 ut
1627 2650 1742 2689 uvae
1785 2634 2008 2703 ejusque

436 2732 572 2801 agri,
631 2746 750 2800 quae
810 2744 914 2783 uno
967 2739 1206 2796 tempore
1235 2765 1249 2790 ,
1293 2735 1349 2780 et
1387 2723 1619 2790 ﬂorent,
1663 2734 1716 2779 et
1765 2723 2008 2778 avellan-

441 2836 525 2876 tur
546 2861 561 2887 ,
599 2829 956 2890 temperantes
1003 2819 1184 2880 ambo,
1213 2814 1397 2870 faciles
1431 2815 1688 2880 moribus,
1721 2814 1852 2869 solis
1877 2828 2008 2882 0pc-

437 2915 590 2969 ribus
654 2913 990 2968 naturalibus
1053 2927 1081 2964 a
1155 2925 1214 2966 se
1279 2909 1506 2966 invicem
1573 2907 1824 2978 sejuncti.
1881 2904 2008 2961 Haec

437 3017 608 3062 artem
673 3003 924 3060 Minervae
983 3003 1321 3066 lanificium,
1372 3002 1462 3055 ille
1521 3000 1794 3054 laboribus
1864 2998 2006 3054 Mer-

438 3099 572 3153 curii
627 3105 964 3151 venustatem
1020 3105 1346 3149 consecutus
1392 3101 1511 3156 est;
1551 3093 1664 3146 haec
1711 3091 1778 3146 de
1832 3091 2006 3158 radio,

440 3190 527 3244 ille
560 3191 624 3243 de
674 3203 926 3243 sermone
965 3186 1252 3241 sollicitus.
1291 3184 1383 3239 Ille
1427 3184 1641 3253 quidem
1675 3184 1853 3239 adhuc
1889 3185 2013 3237 ado-

438 3283 671 3344 lescens,
727 3280 956 3350 primam
1003 3278 1177 3332 aetatis
1218 3277 1525 3345 lanuginem
1580 3275 1850 3345 producit,
1897 3274 2011 3327 lucc

440 3389 569 3426 vero
630 3371 827 3425 nubilis
879 3369 1137 3424 redditur.
1193 3368 1486 3434 Cupidines
1551 3381 1582 3420 e
1633 3367 1772 3420 rosis
1813 3365 2010 3436 367a

441 3462 670 3518 corollas
714 3471 1014 3523 nectentes,
1061 3473 1195 3529 quas
1220 3473 1249 3512 e
1281 3456 1508 3512 Veneris
1539 3458 1851 3526 decerpunt,
1887 3473 2009 3510 cum

440 3557 589 3620 libet,
632 3554 826 3618 hortis,
866 3551 1104 3606 thalamo
1143 3551 1498 3617 suspendunt.
1547 3549 1752 3613 Suada,
1788 3549 2011 3603 Deside-

441 3648 603 3708 rintu,
633 3654 687 3699 et
718 3643 942 3713 Cupido,
979 3655 1196 3696 omnem
1239 3641 1332 3694 tibi
1363 3650 1614 3695 ornatum
1667 3640 2009 3693 addiderunt.

439 3737 645 3807 Cupido
670 3736 867 3791 insidet
898 3735 1089 3796 oculis,
1132 3733 1256 3786 inde
1284 3731 1603 3785 mirabiliter
1634 3730 2008 3800 rcsplendeus.

442 3828 776 3884 Desiderium
847 3842 1011 3897 genas
1101 3823 1510 3878 rubicundiorcs
1587 3824 1783 3887 reddit,
1851 3838 2010 3892 quam

443 3935 688 3974 rosarum
721 3917 916 3970 calices
949 3925 1164 3980 natura,
1193 3915 1408 3982 quando
1446 3928 1612 3968 verno
1645 3923 1886 3984 tempore
1912 3915 2012 3969 sub

443 4009 655 4062 initium
691 4017 892 4076 aperta:
939 4006 1167 4060 summis
1216 4005 1358 4058 foliis
1389 4004 1705 4060 rubescunt.
1744 4005 1926 4069 Suada
1959 4007 2011 4059 in

443 4098 602 4153 labiis
639 4098 743 4151 tuis
795 4096 1065 4159 habitans,
1107 4096 1334 4164 gratiam
1373 4111 1523 4150 suam
1557 4112 1677 4150 cum
1721 4096 1902 4152 verbis
1931 4097 2014 4151 in-

443 4187 630 4242 stillat.
659 4185 715 4240 In
748 4187 924 4256 capite
971 4186 1201 4255 plurima
1250 4186 1538 4241 eiliorcscit
1580 4187 1716 4240 flava
1745 4203 1921 4254 coma,
1959 4197 2012 4242 ct

445 4282 496 4334 in
527 4279 708 4335 fronte
750 4281 941 4334 divisa.
977 4278 1190 4333 Etenim
1219 4280 1262 4333 si
1292 4295 1390 4350 ego
1421 4289 1577 4334 natus
1623 4289 1780 4350 poeta
1809 4293 2010 4345 essem,

2097 1169 2241 1239 λοιμι
2270 1169 2336 1230 ⁸³,
2371 1167 2564 1238 μυρίος
2615 1167 2680 1220 ἂν
2729 1165 2994 1233 ποταμῶν
3031 1165 3274 1236 ἐπιρρέοι
3302 1167 3353 1198 ⁸⁸
3401 1166 3560 1236 ὄχλος
3602 1168 3676 1236 τῷ

2097 1260 2260 1331 λόγῳ.
2294 1261 2506 1321 Πάντες
2533 1258 2642 1328 γάρ
2689 1275 2781 1327 μοι
2813 1257 3032 1312 δοκοῦσι
3060 1258 3332 1327 θαλάττης
3390 1259 3548 1330 ὲρᾷν,
3589 1259 3676 1312 καὶ

2096 1350 2184 1404 διὰ
2211 1350 2370 1403 τοῦτο
2399 1351 2487 1403 ἐπ’
2513 1351 2688 1421 αὐτὴν
2717 1350 2781 1403 ἐκ
2813 1349 3007 1419 πηγῶν
3047 1348 3230 1421 πολλῷ
3269 1349 3349 1420 τῷ
3400 1353 3559 1420 τάχει
3590 1367 3679 1402 κο·-

2103 1443 2378 1514 μίζεσθαι,
2415 1442 2604 1512 ὥσπερ
2651 1442 2811 1506 ἄλλος
2840 1442 2948 1512 πρὸ
2985 1443 3147 1497 ἄλλου
3172 1442 3218 1475 ⁸⁵
3249 1444 3352 1514 τὴν
3395 1443 3677 1514 ἐρωμένην

2104 1535 2272 1588 θέλων
2299 1532 2673 1589 ἀσπάσασθαι.

2185 1629 2243 1680 '0
2273 1626 2330 1680 δὲ
2361 1625 2616 1698 κυμαίνει
2649 1625 2744 1680 καὶ
2766 1627 3027 1695 τέρπεται
3057 1624 3355 1697 πορφύρων
3382 1643 3445 1679 τε
3475 1624 3572 1679 καὶ
3605 1626 3681 1688 είς

2105 1718 2348 1773 παστάδα
2383 1716 2775 1788 κυρτούμενος,
2817 1715 3027 1787 ῶσπερ,
3074 1710 3250 1786 οἶμαι,
3288 1714 3510 1785 φρονῶν
3545 1717 3682 1768 κατὰ

2103 1814 2366 1884 ποταμῶν
2405 1814 2514 1866 τῶν
2547 1811 2745 1877 ἄλλων,
2773 1811 2856 1864 ὅτι
2885 1810 2949 1881 δὴ
2983 1809 3142 1880 μόνος
3173 1809 3300 1872 τοὺς
3340 1809 3390 1840 ⁸⁸
3420 1807 3685 1861 Ποσειδῶο

2103 1925 2190 1970 νος
2218 1907 2416 1969 πόθους
2438 1904 2816 1958 πεπίστευται.
2843 1902 2998 1956 Οὕτω
3018 1903 3114 1954 καὶ
3135 1896 3301 1966 οὗτοι,
3323 1900 3527 1970 φύντες
3560 1899 3681 1963 ἴσως

2103 1999 2198 2052 καὶ
2230 1997 2594 2069 ὲκτραφὲντες
2617 1995 2838 2066 ὁμοίως,
2872 1993 2966 2047 ἀπ’
2996 1992 3126 2046 ἴσων
3146 1994 3407 2047 ἁπάντων
3445 1993 3545 2062 τῆς
3580 2010 3676 2045 κοι-

2104 2090 2298 2152 νωνίας
2341 2089 2683 2159 ἠράσθησαν.
2728 2084 2962 2154 Λέγεταί
3015 2101 3144 2138 ποτε
3194 2084 3289 2138 καὶ
3351 2083 3683 2154 Ὀλυμπιάδα

2105 2181 2203 2252 τὴν
2247 2181 2340 2234 ἐπὶ
2371 2183 2484 2243 τοῖς
2525 2179 2874 2249 Ἀλεξάνδρου
2906 2179 3085 2241 τόκοις
3127 2175 3428 2246 εὐδαίμονα
3451 2216 3466 2240 ,
3505 2175 3684 2244 ὀργιά-

2108 2274 2308 2340 ζουσαν
2351 2273 2421 2327 τὰ
2465 2271 2754 2342 Καϐείρων
2789 2271 2846 2322 ὲν
2871 2269 3202 2340 Σαμοθρᾴκῃ
3227 2267 3528 2337 μυστήρια,
3563 2266 3682 2318 ἰδεῖν

2110 2365 2253 2418 κατὰ
2299 2362 2397 2434 τὴν
2437 2361 2658 2431 τελετὴν
2688 2361 2778 2413 τὸν
2817 2360 3082 2412 Φίλιππον
3111 2355 3199 2430 (ἦν
3229 2357 3286 2411 δὲ
3314 2358 3362 2390 ⁸⁷
3410 2357 3685 2428 ὑπηνήτης

2110 2454 2166 2507 ἔτ
2179 2456 2238 2525 ι),
2277 2454 2490 2508 ίδοῦσάν
2514 2471 2574 2506 τε
2615 2451 2912 2522 ἐρασθῆναι
2935 2450 3028 2504 τοῦ
3063 2451 3348 2505 νεανίσκου
3377 2449 3473 2503 καὶ
3499 2449 3683 2518 ὁμολο-

2111 2545 2282 2615 γῆσαι
2310 2544 2401 2598 τὸν
2427 2544 2626 2614 γάμον,
2660 2541 2953 2614 προτέλειά
2974 2558 3033 2594 τε
3065 2541 3446 2613 ποιησαμένην
3467 2540 3560 2594 τοῦ
3595 2558 3685 2609 γα-

2114 2635 2308 2708 μηλίου
2336 2635 2508 2707 πυρὸς
2533 2634 2600 2688 τά
2635 2635 2932 2706 μυστήρια.
2968 2633 3007 2685 Γ
3010 2633 3126 2697 ένος
3147 2634 3204 2687 δὲ
3230 2636 3294 2704 τῇ
3331 2633 3524 2704 νύμφῃ
3551 2633 3684 2705 Θρᾳ-

2110 2730 2222 2783 κῶν
2252 2728 2319 2782 ea
2349 2727 2572 2800 πρῶτα,
2607 2726 2944 2797 αὐτόχθονες,
2979 2721 3157 2797 οἶμαι,
3204 2725 3352 2790 τινὲς
3383 2725 3429 2758 ⁸⁸
3471 2727 3562 2780 καὶ
3611 2728 3684 2789 είς

2113 2821 2419 2892 βασιλείους
2484 2819 2652 2890 τύχας
2703 2819 2803 2882 τὰς
2849 2819 2961 2875 ἄνω
3031 2819 3187 2890 ῥίζας
3246 2816 3679 2881 ἀναϐιϐάζοντες.

2123 2913 2456 2984 Ἀκμάζουσι
2497 2912 2596 2982 μὲν
2639 2911 2750 2983 γὰρ
2775 2911 2862 2964 ἐπ’
2903 2911 3026 2981 ῐσης
3051 2910 3238 2982 ὥσπερ
3275 2912 3494 2981 ἐαριναὶ
3531 2909 3685 2963 κάλυ-

2032 3033 2078 3093 α
2115 3023 2210 3068 κες
2237 3005 2330 3073 ἀφ’
2359 3005 2478 3067 ἐνὸς
2515 3004 2781 3075 λειμῶνος
2812 3003 2845 3075 ἢ
2877 3005 2921 3038 ⁸⁸
2949 3003 3197 3076 βότρυες,
3233 3003 3289 3057 αἶ
3320 3002 3449 3057 καθ’
3477 3002 3571 3057 ἕνα
3595 2999 3681 3055 καί

2116 3094 2413 3167 σχίζονται.
2450 3094 2736 3165 Σώφρονες
2771 3093 2958 3165 άμφω,
2988 3093 3153 3161 δεξιοὶ
3183 3093 3276 3147 τὸν
3323 3095 3548 3164 τρόπον,
3591 3092 3683 3162 μό·

2110 3206 2220 3252 νοις
2254 3190 2363 3252 τοῖς
2387 3187 2570 3257 ἔργοις
2599 3189 2714 3250 τοίς
2741 3185 2882 3240 κατὰ
2913 3185 3076 3254 φύσιν
3103 3184 3444 3256 σχιζόμενοι.
3500 3184 3558 3237 Ἦ
3591 3182 3682 3254 μὲν

2113 3281 2222 3351 γὰρ
2255 3279 2516 3332 ταλασίαν
2553 3277 2652 3349 τὴν
2690 3277 2920 3348 Ἀθηνᾶς
2961 3278 3178 3351 τέχνην,
3209 3279 3238 3330 ὁ
3267 3278 3324 3330 δὲ
3352 3280 3471 3340 τοῖς
3511 3277 3680 3338 πόνοις

2113 3371 2206 3443 τὴν
2242 3370 2444 3442 Ἐρμοῦ
2471 3371 2634 3441 χάριν
2667 3369 3023 3438 κεκάρπωται
3049 3385 3064 3398 ο
3096 3368 3191 3424 καὶ
3231 3371 3300 3440 τῇ
3336 3369 3441 3440 μὲν
3477 3369 3677 3438 κερκὶς,

2111 3463 2189 3534 τῷ
2226 3462 2283 3516 δὲ
2318 3463 2473 3530 λόγος
2511 3461 2682 3533 μέλει.
2725 3463 2784 3516 '0
2813 3460 2912 3532 μὲν
2939 3462 3223 3532 ὑπηνήτης
3251 3461 3356 3526 ἔτι,
3391 3461 3678 3532 πρωττερον

2110 3553 2206 3622 τῆς
2234 3552 2455 3623 ἡλικίας
2483 3550 2792 3622 βλαστήσας
2833 3551 3005 3604 ἴουλον
3035 3567 3049 3582 ο
3102 3552 3136 3621 ἡ
3181 3551 3239 3604 δὲ
3287 3551 3529 3622 ἀκμάζει
3563 3547 3679 3622 [598

2112 3644 2208 3717 1].]
2240 3647 2377 3714 πρὸς
2401 3645 2597 3715 γάμον.
2638 3643 2882 3714 Ἔρωτες
2915 3644 2974 3697 δὲ
3020 3643 3188 3713 ῥόδων
3223 3644 3521 3712 στεφάνους
3559 3643 3678 3696 πλεο

2113 3739 2355 3809 ξάμενοι,
2382 3737 2477 3801 οὓς
2499 3737 2560 3804 ἐξ
2593 3737 2910 3806 Ἀφροδίτης
2926 3737 3140 3806 κήπων,
3162 3737 3290 3791 ὅταν
3317 3737 3531 3800 θέλωσι,
3565 3736 3679 3807 δρέ-

2114 3845 2325 3894 πονται,
2358 3827 2456 3899 τὴν
2489 3827 2737 3882 παστάδα
2772 3829 2949 3881 πᾶσαν
2969 3827 3290 3883 ἀνάπτουσι.
3315 3827 3498 3883 Πειθὼ
3519 3828 3574 3882 δὲ
3593 3827 3676 3881 καὶ

2113 3921 2276 3974 Πόθοι
2305 3921 2400 3974 καὶ
2436 3921 2656 3992 Ἵμερος
2685 3919 2747 3973 τὸ
2779 3919 2872 3972 σὺν
2907 3921 2952 3952 ⁷⁸
2976 3920 3172 3985 κάλλος
3203 3920 3351 3976 ἅπαν
3387 3920 3674 3990 ἐνείμαντο,

2112 4014 2140 4066 ὁ
2166 4013 2264 4082 μὲν
2293 4010 2565 4082 ὲφιζάνων
2591 4014 2704 4074 τοῖς
2729 4013 2774 4044 ⁷⁸
2794 4011 3029 4082 ὄμμασι,
3056 4012 3311 4066 κάκεῖθεν
3333 4011 3673 4083 ἐκπυρσεύων

2111 4105 2393 4176 ἀμήχανον
2421 4119 2436 4135 °
2485 4104 2536 4156 oi
2586 4103 2642 4156 δὲ
2691 4103 2792 4168 τὰς
2846 4103 3083 4174 παρειάς
3131 4105 3274 4158 αἰδοῖ
3322 4103 3675 4173 φοινίσσοντες

2113 4195 2279 4250 πλέον
2315 4197 2348 4268 ἢ
2383 4196 2483 4260 τὰς
2513 4195 2625 4248 τῶν
2661 4195 2886 4266 ρόδωνή
2919 4194 3082 4265 φύσις
3119 4195 3383 4261 κάλυκας,
3413 4198 3538 4249 ὅταν
3566 4195 3674 4263 ἠρι-

2112 4290 2234 4350 ναῖς
2286 4286 2458 4358 ῶραις
2509 4286 2615 4339 ὑπὸ
2661 4286 2763 4357 τῆς
2819 4287 3008 4356 ἀκμῆς
3069 4286 3388 4357 σχιζόμεναι
3444 4284 3675 4345 πετάλοις

444 4383 501 4427 nt
536 4373 701 4428 libere
732 4375 796 4427 de
829 4387 1024 4439 sponsa
1059 4371 1309 4441 loquerer
1346 4371 1501 4440 juxta
1551 4372 1844 4426 thalamum
1874 4386 2007 4426 con-

2115 4379 2305 4450 άκροις
2334 4379 2379 4410 ⁷³
2401 4376 2756 4448 ὲρεύθωνται.
2782 4375 2960 4430 Πειθὼ
2981 4377 3038 4430 δὲ
3081 4378 3128 4410 ⁷³
3159 4377 3302 4432 κατὰ
3327 4377 3439 4432 τῶν
3469 4373 3674 4447 χειλέων

446 4465 665 4529 sistens,
693 4463 945 4519 Fortuna:
983 4475 1037 4518 et
1067 4463 1427 4533 cUpidinibus,
1459 4473 1513 4517 et
1541 4464 1881 4534 generalibus
1913 4463 2016 4519 diis

445 4569 566 4612 Vota
611 4555 869 4620 facerem,
920 4557 1005 4611 his
1041 4565 1097 4610 ut
1140 4556 1206 4610 ad
1239 4563 1539 4608 extremum
1593 4571 1761 4623 usque
1792 4556 2016 4625 sagittas

2120 4466 2451 4537 σκηνώσασα
2480 4466 2578 4536 τὴν
2617 4467 2815 4536 ἑαυτῆς
2846 4467 3008 4537 χάριν
3039 4466 3441 4531 συναποστάζει
3463 4467 3568 4528 τοῖς
3593 4460 3677 4533 ρή·

2123 4576 2310 4631 μασιν.
2374 4557 2632 4612 Ἐπανθεῖ
2671 4557 2730 4609 δὲ
2768 4559 2835 4628 τῇ
2869 4557 3076 4628 κεφαλῇ
3113 4557 3282 4621 πολὺς
3319 4559 3347 4610 ό
3379 4556 3672 4626 βόστρυχος,

448 4647 742 4710 vibrarent,
794 4645 865 4699 illi
913 4655 970 4700 ut
1014 4646 1174 4699 vitam
1223 4646 1406 4712 daret;
1459 4645 1634 4699 tertiis
1675 4646 1928 4714 denique,
1961 4658 2007 4703 ut

2121 4651 2416 4723 πορφύρων
2457 4667 2516 4702 τε
2565 4651 2661 4702 xal.
2705 4649 2848 4702 κατὰ
2873 4649 3124 4719 μέτωπον
3157 4648 3497 4721 σχιζόμενος.
3551 4642 3675 4698 Ἀλλ’

447 4737 698 4808 legitima:
748 4737 912 4805 prolis
971 4735 1375 4805 generationem
1428 4735 1774 4806 largirentur,
1811 4746 1870 4789 ut
1913 4752 2017 4791 una

446 4846 565 4884 cum
597 4831 800 4901 scypho
833 4827 1051 4898 nuptiali
1089 4837 1143 4882 et
1185 4842 1369 4881 curam
1408 4826 1473 4882 de
1501 4826 1762 4881 natalitiis
1797 4828 2020 4884 adbibe-

448 4936 650 4976 remus.

2121 4747 2170 4798 εἰ
2208 4744 2251 4775 ⁷⁸
2277 4743 2385 4812 γὰρ
2414 4739 2526 4810 ἐγὼ
2569 4741 2849 4811 ποιητικὸς
2897 4741 2994 4811 τὴν
3043 4741 3233 4811 φύσιν,
3288 4741 3428 4795 ὥστε
3479 4738 3673 4806 ἀφεῖναι

2129 4835 2268 4890 κατὰ
2293 4835 2392 4903 τῆς
2423 4833 2644 4904 νύμφης
2671 4833 2918 4901 γλῶτταν
2949 4833 2992 4865 ’³⁵
3020 4834 3339 4904 αὐτόνομον.
3395 4827 3531 4898 Ἐγὼ
3557 4825 3608 4879 δὲ
3635 4821 3675 4854 ⁷⁸

2130 4927 2262 4991 στὰς
2288 4925 2419 4998 παρ’
2441 4924 2603 4980 αὐτὸν
2625 4925 2717 4978 τὸν
2741 4923 2985 4994 θάλαμον
3009 4925 3162 4997 Τύχῃ
3187 4925 3278 4978 καὶ
3309 4923 3511 4994 Ἔρωσι
3540 4930 3675 4985 γενε-

448 5015 612 5077 ολίοις
649 5013 1036 5085 προσεύξομαι,
1079 5016 1193 5077 τοῖς
1228 5013 1325 5084 μὲν
1359 5010 1600 5076 τοξεύειν
1627 5013 1706 5076 εἷς
1739 5015 1910 5085 τέλος,
1937 5026 2001 5094 τῇ
2036 5025 2092 5078 δὲ
2129 5024 2326 5077 διδόναι
2357 5020 2490 5092 βίον,
2519 5021 2629 5085 τοῖς
2647 5019 2706 5074 δὲ
2733 5020 2936 5075 παίδων
2963 5022 3204 5092 γνησίων
3235 5020 3466 5090 γένεσιν.
3491 5016 3573 5069 ἕνα
3603 5007 3673 5078 τῷ

445 5105 700 5177 γαμηλίῳ
723 5106 958 5177 κρατῆρι
989 5107 1083 5158 καὶ
1103 5105 1199 5176 τὴν
1240 5105 1512 5174 γενέθλιον
1547 5110 1778 5165 σπονδὴν
1813 5113 1856 5146 ⁷⁷
1890 5118 2236 5190 συνάψωμεν.

1729 5276 1964 5335 vanae
2001 5277 2410 5348 LECTIONES.

519 5363 1051 5456 fidem
1297 5365 2267 5456 περξέειιοςρετπτεροεορερσιμος
2299 5391 2358 5456 s;
2437 5379 2484 5411 θ’
2512 5367 3269 5456 ἐθέλοιμι.,μυρίους-..μυρίος
3293 5386 3390 5447 ςο-
3445 5367 3487 5403 ⁸⁸
3527 5354 3667 5456 iiii:

444 5433 630 5536 ρτεύὲρι
676 5436 747 5536 '1}.
774 5507 798 5536 Δ
853 5436 898 5466 ⁸⁸
927 5434 1033 5536 πρὸ
1075 5433 1260 5500 ἄλλου]
1297 5433 1414 5490 libri
1463 5433 1599 5509 πρὸς
1621 5440 1802 5496 ἄλλον,

576 5533 591 5536 μ
627 5520 703 5536 nn:
1039 5520 1181 5536 οτηερ·
1232 5521 1317 5536 nun
1404 5508 1429 5536 Δ
1585 5509 1628 5536 69
1663 5510 1691 5536 Δ
1751 5524 1802 5536 ..Α

473 5500 490 5533 ⁷
545 5503 598 5553 δὲ
626 5503 828 5557 add.A.
963 5500 1007 5536 ⁸⁸
1039 5520 1181 5567 τινες
1231 5521 1339 5561 om.
1395 5508 1460 5561 Α.
1507 5500 1519 5509 ’
1582 5500 1628 5542 ⁸9

548 5571 741 5645 ἄκραις
776 5591 854 5645 μς.
916 5643 923 5645 Α
962 5577 1017 5645 ⁷³,
1059 5573 1115 5626 δὲ
1167 5575 1208 5627 Α
1283 5591 1295 5625 :
1333 5593 1395 5645 γε
1451 5596 1508 5642 ς.

453 5640 750 5696 Himerius.
775 5643 1020 5699 Pbotiani
1051 5646 1310 5714 σπουδὴν.

1663 5510 1696 5580 ἢ
1750 5513 1870 5564 add.
1918 5515 2132 5566 codices
2172 5513 2416 5566 llimerii.
2493 5511 2538 5546 7°
2572 5511 2662 5562 σὸν
2693 5512 2776 5563 A:
2821 5510 2997 5580 σοις.

1604 5579 1790 5654 νεῖ]
1849 5583 2030 5637 malim
2090 5585 2172 5636 οὗ.

1923 5446 1966 5476 ⁸⁸
1998 5427 2125 5505 τοὺς
2150 5427 2219 5486 -.—-
2247 5427 2457 5506 ’πόθους
2489 5427 2702 5495 codices
2732 5427 2957 5494 “interii
2983 5427 3013 5489 ί
3031 5427 3272 5492 Pboiiutii
3301 5427 3392 5490 τοῦ
3419 5427 3665 5506 -τξόθουο

3097 5510 3141 5540 ’⁷⁸
3193 5510 3303 5571 τοῖς
3328 5511 3366 5560 Α
3416 5521 3427 5556 :
3459 5502 3560 5560 σοῖς
3584 5510 3662 5571 Δςῖο

2274 5563 2338 5617 ⁷⁸7
2379 5563 2627 5648 γλῶσσαν
2678 5581 2736 5633 Β.
2813 5584 2860 5618 ⁷⁸
2912 5563 2966 5632 δξ
3025 5593 3132 5636 om.
3207 5563 3300 5634 Α.⁷
3361 5585 3402 5615 ⁷⁷
3459 5563 3664 5628 σπονδὴν
