  <div class='ocr_page' id='page_1' title='image "/cluster/home/n/w/nwhite01/storage/ocr_20150623/103 pt.3/mdp.39015061933738/694.png"; bbox 0 0 3990 6232; ppageno 0'>
   <div class='ocr_carea' id='block_1_1' title="bbox 465 172 601 237">
    <p class='ocr_par' dir='ltr' id='par_1_1' title="bbox 465 172 601 237">
     <span class='ocr_line' id='line_1_1' title="bbox 465 172 601 237; baseline -0.029 0"><span class='ocrx_word' id='word_1_1' title='bbox 465 172 601 237; x_wconf 84' lang='grc'><strong>1353</strong></span> 
     </span>
    </p>
   </div>
   <div class='ocr_carea' id='block_1_2' title="bbox 1536 171 2714 235">
    <p class='ocr_par' dir='ltr' id='par_1_2' title="bbox 1536 171 2714 235">
     <span class='ocr_line' id='line_1_2' title="bbox 1536 171 2714 235; baseline 0.003 -5"><span class='ocrx_word' id='word_1_2' title='bbox 1536 171 2065 235; x_wconf 83' lang='lat' dir='ltr'><strong>BIBLIOTHECA.</strong></span> <span class='ocrx_word' id='word_1_3' title='bbox 2091 198 2163 209; x_wconf 83' lang='lat'><strong>-</strong></span> <span class='ocrx_word' id='word_1_4' title='bbox 2200 171 2363 233; x_wconf 90' lang='lat' dir='ltr'><strong>COD.</strong></span> <span class='ocrx_word' id='word_1_5' title='bbox 2408 173 2714 234; x_wconf 80' lang='lat' dir='ltr'><strong>CCXLIII.</strong></span> 
     </span>
    </p>
   </div>
   <div class='ocr_carea' id='block_1_3' title="bbox 3580 181 3715 255">
    <p class='ocr_par' dir='ltr' id='par_1_3' title="bbox 3580 181 3715 255">
     <span class='ocr_line' id='line_1_3' title="bbox 3580 181 3715 255; baseline 0.074 -11"><span class='ocrx_word' id='word_1_6' title='bbox 3580 181 3715 255; x_wconf 68' lang='grc'><strong>1354</strong></span> 
     </span>
    </p>
   </div>
   <div class='ocr_carea' id='block_1_4' title="bbox 444 281 2028 362">
    <p class='ocr_par' dir='ltr' id='par_1_4' title="bbox 444 281 2017 362">
     <span class='ocr_line' id='line_1_4' title="bbox 444 281 2017 362; baseline -0.002 -20"><span class='ocrx_word' id='word_1_7' title='bbox 444 291 495 362; x_wconf 72' lang='grc' dir='ltr'><strong>μ</strong></span> <span class='ocrx_word' id='word_1_8' title='bbox 515 290 529 341; x_wconf 96' lang='lat' dir='ltr'><strong>I</strong></span> <span class='ocrx_word' id='word_1_9' title='bbox 549 288 610 362; x_wconf 66' lang='grc' dir='ltr'><strong>ι’]</strong></span> <span class='ocrx_word' id='word_1_10' title='bbox 634 283 727 359; x_wconf 67' lang='grc'><strong>8.]</strong></span> <span class='ocrx_word' id='word_1_11' title='bbox 752 285 856 362; x_wconf 62' lang='grc' dir='ltr'>Ἐκ</span> <span class='ocrx_word' id='word_1_12' title='bbox 886 282 1003 362; x_wconf 55' lang='lat' dir='ltr'><strong>toil</strong></span> <span class='ocrx_word' id='word_1_13' title='bbox 1017 281 1496 362; x_wconf 67' lang='grc' dir='ltr'>ἐπιγραφομένου</span> <span class='ocrx_word' id='word_1_14' title='bbox 1525 283 1815 362; x_wconf 42' lang='lat' dir='ltr'><strong>maiorm!</strong></span> <span class='ocrx_word' id='word_1_15' title='bbox 1849 303 1867 337; x_wconf 85' lang='grc' dir='ltr'><strong>ι</strong></span> <span class='ocrx_word' id='word_1_16' title='bbox 1886 288 2017 339; x_wconf 74' lang='grc' dir='ltr'>Διο-</span> 
     </span>
    </p>
   </div>
   <div class='ocr_carea' id='block_1_5' title="bbox 2134 281 3688 362">
    <p class='ocr_par' dir='ltr' id='par_1_5' title="bbox 2158 286 3688 362">
     <span class='ocr_line' id='line_1_5' title="bbox 2158 286 3688 362; baseline 0.001 -22"><span class='ocrx_word' id='word_1_17' title='bbox 2158 286 2206 340; x_wconf 86' lang='grc' dir='ltr'><strong><em>Ε</em></strong></span> <span class='ocrx_word' id='word_1_18' title='bbox 2242 288 2452 359; x_wconf 80' lang='lat' dir='ltr'><strong>dialogo</strong></span> <span class='ocrx_word' id='word_1_19' title='bbox 2507 288 2759 362; x_wconf 69' lang='lat' dir='ltr'><strong>inscripto</strong></span> <span class='ocrx_word' id='word_1_20' title='bbox 2817 305 2833 339; x_wconf 85' lang='lat' dir='ltr'><strong>t</strong></span> <span class='ocrx_word' id='word_1_21' title='bbox 2895 287 3172 362; x_wconf 47' lang='lat' dir='ltr'><strong>Diogenes,</strong></span> <span class='ocrx_word' id='word_1_22' title='bbox 3239 309 3257 342; x_wconf 80' lang='grc' dir='ltr'><strong>ι</strong></span> <span class='ocrx_word' id='word_1_23' title='bbox 3318 295 3395 347; x_wconf 81' lang='lat' dir='ltr'><strong>vel</strong></span> <span class='ocrx_word' id='word_1_24' title='bbox 3459 314 3478 347; x_wconf 78' lang='grc' dir='ltr'><strong>ι</strong></span> <span class='ocrx_word' id='word_1_25' title='bbox 3553 296 3688 353; x_wconf 84' lang='lat' dir='ltr'><strong>Pro.</strong></span> 
     </span>
    </p>
   </div>
   <div class='ocr_carea' id='block_1_6' title="bbox 514 353 1998 424">
    <p class='ocr_par' dir='ltr' id='par_1_6' title="bbox 514 353 1998 424">
     <span class='ocr_line' id='line_1_6' title="bbox 514 353 1998 424; baseline 0.026 -34"><span class='ocrx_word' id='word_1_26' title='bbox 514 353 726 424; x_wconf 55' lang='grc' dir='ltr'><strong>Τένης-ξ</strong></span> <span class='ocrx_word' id='word_1_27' title='bbox 764 374 783 407; x_wconf 71' lang='grc' dir='ltr'><strong>ι</strong></span> <span class='ocrx_word' id='word_1_28' title='bbox 805 354 857 424; x_wconf 11' lang='grc' dir='ltr'>κῆ</span> <span class='ocrx_word' id='word_1_29' title='bbox 889 371 906 404; x_wconf 85' lang='grc' dir='ltr'><strong>ι</strong></span> <span class='ocrx_word' id='word_1_30' title='bbox 947 354 1427 423; x_wconf 78' lang='grc' dir='ltr'>Προπεμπτικός.</span> <span class='ocrx_word' id='word_1_31' title='bbox 1473 371 1492 403; x_wconf 71' lang='grc' dir='ltr'><strong>ι</strong></span> <span class='ocrx_word' id='word_1_32' title='bbox 1520 384 1589 393; x_wconf 91' lang='grc'><strong>-</strong></span> <span class='ocrx_word' id='word_1_33' title='bbox 1624 354 1719 408; x_wconf 84' lang='grc' dir='ltr'>Ἐκ</span> <span class='ocrx_word' id='word_1_34' title='bbox 1742 353 1854 422; x_wconf 76' lang='grc' dir='ltr'><strong>τῆς</strong></span> <span class='ocrx_word' id='word_1_35' title='bbox 1881 371 1998 424; x_wconf 80' lang='grc' dir='ltr'><strong>προ</strong></span> 
     </span>
    </p>
   </div>
   <div class='ocr_carea' id='block_1_7' title="bbox 514 423 841 494">
    <p class='ocr_par' dir='ltr' id='par_1_7' title="bbox 514 423 841 494">
     <span class='ocr_line' id='line_1_7' title="bbox 514 423 841 494; baseline -0.012 -11"><span class='ocrx_word' id='word_1_36' title='bbox 514 428 758 494; x_wconf 78' lang='grc' dir='ltr'><strong>θεωρίας</strong></span> <span class='ocrx_word' id='word_1_37' title='bbox 773 423 841 479; x_wconf 82' lang='grc'><strong>⁷⁸.</strong></span> 
     </span>
    </p>
   </div>
   <div class='ocr_carea' id='block_1_8' title="bbox 514 512 2035 587">
    <p class='ocr_par' dir='ltr' id='par_1_8' title="bbox 514 512 2035 587">
     <span class='ocr_line' id='line_1_8' title="bbox 514 512 2035 587; baseline -0.005 -15"><span class='ocrx_word' id='word_1_38' title='bbox 514 520 627 581; x_wconf 84' lang='grc' dir='ltr'><strong>Τὰς</strong></span> <span class='ocrx_word' id='word_1_39' title='bbox 654 517 975 585; x_wconf 73' lang='grc' dir='ltr'><strong>κοινότητας</strong></span> <span class='ocrx_word' id='word_1_40' title='bbox 1019 514 1128 568; x_wconf 89' lang='grc' dir='ltr'><strong>τῶν</strong></span> <span class='ocrx_word' id='word_1_41' title='bbox 1163 512 1479 568; x_wconf 83' lang='grc' dir='ltr'><strong>ὑποθέσεων</strong></span> <span class='ocrx_word' id='word_1_42' title='bbox 1513 512 1647 576; x_wconf 85' lang='grc' dir='ltr'>ίδίας</span> <span class='ocrx_word' id='word_1_43' title='bbox 1683 515 1742 567; x_wconf 77' lang='grc' dir='ltr'>αἱ</span> <span class='ocrx_word' id='word_1_44' title='bbox 1780 533 2035 587; x_wconf 83' lang='grc' dir='ltr'>μεταχει-</span> 
     </span>
    </p>
   </div>
   <div class='ocr_carea' id='block_1_9' title="bbox 444 606 2034 684">
    <p class='ocr_par' dir='ltr' id='par_1_9' title="bbox 444 606 2034 684">
     <span class='ocr_line' id='line_1_9' title="bbox 444 606 2034 684; baseline -0.001 -21"><span class='ocrx_word' id='word_1_45' title='bbox 444 612 619 684; x_wconf 82' lang='grc' dir='ltr'>ρίσεις</span> <span class='ocrx_word' id='word_1_46' title='bbox 651 608 977 680; x_wconf 76' lang='grc' dir='ltr'>ἐργάζονται</span> <span class='ocrx_word' id='word_1_47' title='bbox 1004 623 1018 637; x_wconf 89' lang='grc'><strong>·</strong></span> <span class='ocrx_word' id='word_1_48' title='bbox 1065 608 1147 660; x_wconf 83' lang='grc' dir='ltr'>διὸ</span> <span class='ocrx_word' id='word_1_49' title='bbox 1178 606 1275 660; x_wconf 78' lang='grc' dir='ltr'>καὶ</span> <span class='ocrx_word' id='word_1_50' title='bbox 1302 608 1427 669; x_wconf 79' lang='grc' dir='ltr'>τοὺς</span> <span class='ocrx_word' id='word_1_51' title='bbox 1462 608 1912 677; x_wconf 82' lang='grc' dir='ltr'>προπεμπτικοὺς</span> <span class='ocrx_word' id='word_1_52' title='bbox 1944 609 2034 662; x_wconf 88' lang='grc' dir='ltr'>λό-</span> 
     </span>
    </p>
   </div>
   <div class='ocr_carea' id='block_1_10' title="bbox 443 698 2033 773">
    <p class='ocr_par' dir='ltr' id='par_1_10' title="bbox 443 698 2033 773">
     <span class='ocr_line' id='line_1_10' title="bbox 443 698 2033 773; baseline -0.001 -16"><span class='ocrx_word' id='word_1_53' title='bbox 443 722 595 773; x_wconf 84' lang='grc' dir='ltr'>γους,</span> <span class='ocrx_word' id='word_1_54' title='bbox 628 703 732 757; x_wconf 80' lang='grc' dir='ltr'><strong>κᾶν</strong></span> <span class='ocrx_word' id='word_1_55' title='bbox 751 701 960 770; x_wconf 86' lang='grc' dir='ltr'>νέοιτῷ</span> <span class='ocrx_word' id='word_1_56' title='bbox 986 701 1138 771; x_wconf 83' lang='grc' dir='ltr'>νόμῳ</span> <span class='ocrx_word' id='word_1_57' title='bbox 1160 699 1527 768; x_wconf 81' lang='grc' dir='ltr'><strong>τυγχάνωσιν,</strong></span> <span class='ocrx_word' id='word_1_58' title='bbox 1552 699 1666 752; x_wconf 85' lang='grc' dir='ltr'>ἀλλ’</span> <span class='ocrx_word' id='word_1_59' title='bbox 1697 698 1790 752; x_wconf 81' lang='grc' dir='ltr'>οὖν</span> <span class='ocrx_word' id='word_1_60' title='bbox 1814 698 2033 767; x_wconf 78' lang='grc' dir='ltr'><strong>ἐξέσται</strong></span> 
     </span>
    </p>
   </div>
   <div class='ocr_carea' id='block_1_11' title="bbox 440 790 2033 866">
    <p class='ocr_par' dir='ltr' id='par_1_11' title="bbox 440 790 2033 866">
     <span class='ocr_line' id='line_1_11' title="bbox 440 790 2033 866; baseline -0.004 -17"><span class='ocrx_word' id='word_1_61' title='bbox 440 798 508 866; x_wconf 84' lang='grc' dir='ltr'>τῇ</span> <span class='ocrx_word' id='word_1_62' title='bbox 539 797 703 866; x_wconf 79' lang='grc' dir='ltr'>τέχνῃ</span> <span class='ocrx_word' id='word_1_63' title='bbox 726 794 819 846; x_wconf 78' lang='grc' dir='ltr'>καὶ</span> <span class='ocrx_word' id='word_1_64' title='bbox 844 792 1250 863; x_wconf 78' lang='grc' dir='ltr'>πρεσϐυτέρους</span> <span class='ocrx_word' id='word_1_65' title='bbox 1276 790 1638 861; x_wconf 75' lang='grc' dir='ltr'>ἐργάσασθαι.</span> <span class='ocrx_word' id='word_1_66' title='bbox 1665 790 1846 861; x_wconf 88' lang='grc' dir='ltr'>Ὅπερ</span> <span class='ocrx_word' id='word_1_67' title='bbox 1873 792 2033 860; x_wconf 83' lang='grc' dir='ltr'><strong>ἡμεῖς</strong></span> 
     </span>
    </p>
   </div>
   <div class='ocr_carea' id='block_1_12' title="bbox 442 881 2032 958">
    <p class='ocr_par' dir='ltr' id='par_1_12' title="bbox 442 881 2032 958">
     <span class='ocr_line' id='line_1_12' title="bbox 442 881 2032 958; baseline -0.003 -20"><span class='ocrx_word' id='word_1_68' title='bbox 442 888 824 958; x_wconf 83' lang='grc' dir='ltr'><strong>πεποιήκαμεν</strong></span> <span class='ocrx_word' id='word_1_69' title='bbox 848 900 862 914; x_wconf 91' lang='grc'><strong>·</strong></span> <span class='ocrx_word' id='word_1_70' title='bbox 901 882 1005 954; x_wconf 82' lang='grc' dir='ltr'>τὴν</span> <span class='ocrx_word' id='word_1_71' title='bbox 1046 882 1157 952; x_wconf 79' lang='grc' dir='ltr'>γὰρ</span> <span class='ocrx_word' id='word_1_72' title='bbox 1192 882 1478 954; x_wconf 83' lang='grc' dir='ltr'>παροῦσαν</span> <span class='ocrx_word' id='word_1_73' title='bbox 1508 881 1767 935; x_wconf 81' lang='grc' dir='ltr'>ὑπόθεσιν</span> <span class='ocrx_word' id='word_1_74' title='bbox 1796 882 1875 946; x_wconf 87' lang='grc' dir='ltr'><strong>είς</strong></span> <span class='ocrx_word' id='word_1_75' title='bbox 1906 882 2032 953; x_wconf 86' lang='grc' dir='ltr'>σχῆ-</span> 
     </span>
    </p>
   </div>
   <div class='ocr_carea' id='block_1_13' title="bbox 445 973 2035 1050">
    <p class='ocr_par' dir='ltr' id='par_1_13' title="bbox 445 973 2035 1050">
     <span class='ocr_line' id='line_1_13' title="bbox 445 973 2035 1050; baseline -0.001 -20"><span class='ocrx_word' id='word_1_76' title='bbox 445 997 522 1050; x_wconf 88' lang='grc' dir='ltr'><strong>μα</strong></span> <span class='ocrx_word' id='word_1_77' title='bbox 553 978 801 1046; x_wconf 83' lang='grc' dir='ltr'>διαλόγου</span> <span class='ocrx_word' id='word_1_78' title='bbox 841 975 1354 1047; x_wconf 76' lang='grc' dir='ltr'>μετασκευάσαντες</span> <span class='ocrx_word' id='word_1_79' title='bbox 1414 973 1540 1027; x_wconf 72' lang='grc' dir='ltr'>οὔτε</span> <span class='ocrx_word' id='word_1_80' title='bbox 1568 975 1667 1044; x_wconf 75' lang='grc' dir='ltr'>τὴν</span> <span class='ocrx_word' id='word_1_81' title='bbox 1712 975 1905 1045; x_wconf 80' lang='grc' dir='ltr'>χρείαν</span> <span class='ocrx_word' id='word_1_82' title='bbox 1958 975 2035 1028; x_wconf 80' lang='grc' dir='ltr'>δι-</span> 
     </span>
    </p>
   </div>
   <div class='ocr_carea' id='block_1_14' title="bbox 442 1058 2031 1141">
    <p class='ocr_par' dir='ltr' id='par_1_14' title="bbox 442 1058 2031 1141">
     <span class='ocr_line' id='line_1_14' title="bbox 442 1058 2031 1141; baseline -0.002 -17"><span class='ocrx_word' id='word_1_83' title='bbox 442 1070 775 1141; x_wconf 85' lang='grc' dir='ltr'>εφθείραμεν</span> <span class='ocrx_word' id='word_1_84' title='bbox 796 1058 912 1122; x_wconf 74' lang='grc' dir='ltr'>οὗθ’</span> <span class='ocrx_word' id='word_1_85' title='bbox 933 1068 1058 1121; x_wconf 82' lang='grc' dir='ltr'>ὅσον</span> <span class='ocrx_word' id='word_1_86' title='bbox 1086 1067 1282 1137; x_wconf 81' lang='grc' dir='ltr'>σεμνὸν</span> <span class='ocrx_word' id='word_1_87' title='bbox 1309 1067 1422 1130; x_wconf 82' lang='grc' dir='ltr'>τοῖς</span> <span class='ocrx_word' id='word_1_88' title='bbox 1449 1066 1716 1135; x_wconf 83' lang='grc' dir='ltr'>διαλόγοις</span> <span class='ocrx_word' id='word_1_89' title='bbox 1735 1066 2031 1134; x_wconf 83' lang='grc' dir='ltr'>ὀφείλεται.</span> 
     </span>
    </p>
   </div>
   <div class='ocr_carea' id='block_1_15' title="bbox 442 1157 2031 1229">
    <p class='ocr_par' dir='ltr' id='par_1_15' title="bbox 442 1157 2031 1229">
     <span class='ocr_line' id='line_1_15' title="bbox 442 1157 2031 1229; baseline -0.003 -14"><span class='ocrx_word' id='word_1_90' title='bbox 442 1162 600 1215; x_wconf 83' lang='grc' dir='ltr'><strong>Κατὰ</strong></span> <span class='ocrx_word' id='word_1_91' title='bbox 647 1159 913 1214; x_wconf 82' lang='grc' dir='ltr'>Πλάτωνα</span> <span class='ocrx_word' id='word_1_92' title='bbox 958 1159 1016 1213; x_wconf 82' lang='grc' dir='ltr'>δὲ</span> <span class='ocrx_word' id='word_1_93' title='bbox 1060 1160 1109 1193; x_wconf 74' lang='grc' dir='ltr'><strong>τ’</strong></span> <span class='ocrx_word' id='word_1_94' title='bbox 1134 1158 1232 1212; x_wconf 80' lang='grc' dir='ltr'>καὶ</span> <span class='ocrx_word' id='word_1_95' title='bbox 1259 1160 1441 1229; x_wconf 80' lang='grc' dir='ltr'><strong>ἡμεῖς,</strong></span> <span class='ocrx_word' id='word_1_96' title='bbox 1480 1157 1673 1227; x_wconf 76' lang='grc' dir='ltr'>ἠθικοῦ</span> <span class='ocrx_word' id='word_1_97' title='bbox 1721 1159 1816 1212; x_wconf 81' lang='grc' dir='ltr'>τοῦ</span> <span class='ocrx_word' id='word_1_98' title='bbox 1869 1158 2031 1227; x_wconf 81' lang='grc' dir='ltr'>λόγου</span> 
     </span>
    </p>
   </div>
   <div class='ocr_carea' id='block_1_16' title="bbox 439 1249 2035 1323">
    <p class='ocr_par' dir='ltr' id='par_1_16' title="bbox 439 1249 2035 1323">
     <span class='ocr_line' id='line_1_16' title="bbox 439 1249 2035 1323; baseline -0.001 -18"><span class='ocrx_word' id='word_1_99' title='bbox 439 1253 825 1323; x_wconf 82' lang='grc' dir='ltr'>τυγχάνοντος.</span> <span class='ocrx_word' id='word_1_100' title='bbox 871 1252 1025 1322; x_wconf 80' lang='grc' dir='ltr'>ὅμως</span> <span class='ocrx_word' id='word_1_101' title='bbox 1069 1251 1307 1320; x_wconf 84' lang='grc' dir='ltr'>φυσικῆς</span> <span class='ocrx_word' id='word_1_102' title='bbox 1342 1266 1404 1303; x_wconf 87' lang='grc' dir='ltr'><strong>τε</strong></span> <span class='ocrx_word' id='word_1_103' title='bbox 1437 1250 1533 1303; x_wconf 73' lang='grc' dir='ltr'>καὶ</span> <span class='ocrx_word' id='word_1_104' title='bbox 1558 1249 1876 1319; x_wconf 81' lang='grc' dir='ltr'>θεολογικῆς</span> <span class='ocrx_word' id='word_1_105' title='bbox 1897 1249 2035 1304; x_wconf 86' lang='grc' dir='ltr'>θεω-</span> 
     </span>
    </p>
   </div>
   <div class='ocr_carea' id='block_1_17' title="bbox 442 1342 2035 1417">
    <p class='ocr_par' dir='ltr' id='par_1_17' title="bbox 442 1342 2035 1417">
     <span class='ocr_line' id='line_1_17' title="bbox 442 1342 2035 1417; baseline 0 -20"><span class='ocrx_word' id='word_1_106' title='bbox 442 1346 586 1417; x_wconf 85' lang='grc' dir='ltr'>ρίας,</span> <span class='ocrx_word' id='word_1_107' title='bbox 619 1343 1122 1415; x_wconf 71' lang='grc' dir='ltr'><strong>ἐγκαταμιγνύντες</strong></span> <span class='ocrx_word' id='word_1_108' title='bbox 1152 1342 1357 1406; x_wconf 89' lang='grc' dir='ltr'>ταύτας</span> <span class='ocrx_word' id='word_1_109' title='bbox 1394 1344 1505 1406; x_wconf 86' lang='grc' dir='ltr'>τοῖς</span> <span class='ocrx_word' id='word_1_110' title='bbox 1539 1342 1773 1413; x_wconf 74' lang='grc' dir='ltr'>ἠθικοῖς,</span> <span class='ocrx_word' id='word_1_111' title='bbox 1795 1345 2035 1412; x_wconf 76' lang='grc' dir='ltr'>ἐφαπτό-</span> 
     </span>
    </p>
   </div>
   <div class='ocr_carea' id='block_1_18' title="bbox 444 1436 2030 1511">
    <p class='ocr_par' dir='ltr' id='par_1_18' title="bbox 444 1436 2030 1511">
     <span class='ocr_line' id='line_1_18' title="bbox 444 1436 2030 1511; baseline -0.002 -17"><span class='ocrx_word' id='word_1_112' title='bbox 444 1442 604 1511; x_wconf 87' lang='grc' dir='ltr'>μεθα.</span> <span class='ocrx_word' id='word_1_113' title='bbox 655 1441 767 1495; x_wconf 76' lang='grc' dir='ltr'><strong>Καὶ</strong></span> <span class='ocrx_word' id='word_1_114' title='bbox 823 1440 979 1511; x_wconf 85' lang='grc' dir='ltr'>μύθῳ</span> <span class='ocrx_word' id='word_1_115' title='bbox 1008 1439 1066 1492; x_wconf 78' lang='grc' dir='ltr'>δὲ</span> <span class='ocrx_word' id='word_1_116' title='bbox 1091 1436 1217 1503; x_wconf 81' lang='grc' dir='ltr'>τοὺς</span> <span class='ocrx_word' id='word_1_117' title='bbox 1254 1438 1562 1508; x_wconf 81' lang='grc' dir='ltr'>θειοτέρους</span> <span class='ocrx_word' id='word_1_118' title='bbox 1584 1437 1695 1490; x_wconf 89' lang='grc' dir='ltr'><strong>τῶν</strong></span> <span class='ocrx_word' id='word_1_119' title='bbox 1729 1438 1905 1506; x_wconf 89' lang='grc' dir='ltr'>λόγων</span> <span class='ocrx_word' id='word_1_120' title='bbox 1934 1437 2030 1492; x_wconf 81' lang='grc' dir='ltr'><strong>τοῦ</strong></span> 
     </span>
    </p>
   </div>
   <div class='ocr_carea' id='block_1_19' title="bbox 2465 358 3378 431">
    <p class='ocr_par' dir='ltr' id='par_1_19' title="bbox 2465 358 3378 431">
     <span class='ocr_line' id='line_1_19' title="bbox 2465 358 3378 431; baseline 0.005 -19"><span class='ocrx_word' id='word_1_121' title='bbox 2465 361 2753 427; x_wconf 81' lang='lat' dir='ltr'><strong>pemptiron</strong></span> <span class='ocrx_word' id='word_1_122' title='bbox 2792 378 2810 411; x_wconf 74' lang='grc' dir='ltr'><strong>ι</strong></span> <span class='ocrx_word' id='word_1_123' title='bbox 2839 388 2908 398; x_wconf 90' lang='lat'><strong>—-</strong></span> <span class='ocrx_word' id='word_1_124' title='bbox 2936 358 3017 412; x_wconf 77' lang='lat' dir='ltr'><strong>Ea;</strong></span> <span class='ocrx_word' id='word_1_125' title='bbox 3048 362 3378 431; x_wconf 69' lang='lat' dir='ltr'><strong>pm’fatione.</strong></span> 
     </span>
    </p>
   </div>
   <div class='ocr_carea' id='block_1_20' title="bbox 2208 516 3721 588">
    <p class='ocr_par' dir='ltr' id='par_1_20' title="bbox 2208 516 3721 588">
     <span class='ocr_line' id='line_1_20' title="bbox 2208 516 3721 588; baseline 0.002 -16"><span class='ocrx_word' id='word_1_126' title='bbox 2208 516 2544 572; x_wconf 79' lang='lat' dir='ltr'><strong>Faciendum</strong></span> <span class='ocrx_word' id='word_1_127' title='bbox 2573 517 2742 571; x_wconf 86' lang='lat' dir='ltr'><strong>semel</strong></span> <span class='ocrx_word' id='word_1_128' title='bbox 2784 526 2869 571; x_wconf 88' lang='lat' dir='ltr'><strong>est</strong></span> <span class='ocrx_word' id='word_1_129' title='bbox 2898 516 3109 571; x_wconf 88' lang='lat' dir='ltr'><strong>initium</strong></span> <span class='ocrx_word' id='word_1_130' title='bbox 3139 518 3191 573; x_wconf 92' lang='lat' dir='ltr'><strong>in</strong></span> <span class='ocrx_word' id='word_1_131' title='bbox 3224 533 3365 573; x_wconf 86' lang='lat' dir='ltr'><strong>novo</strong></span> <span class='ocrx_word' id='word_1_132' title='bbox 3401 535 3605 588; x_wconf 80' lang='lat' dir='ltr'><strong>genere</strong></span> <span class='ocrx_word' id='word_1_133' title='bbox 3630 537 3721 575; x_wconf 90' lang='lat' dir='ltr'><strong>ar-</strong></span> 
     </span>
    </p>
   </div>
   <div class='ocr_carea' id='block_1_21' title="bbox 2137 609 3726 681">
    <p class='ocr_par' dir='ltr' id='par_1_21' title="bbox 2137 609 3726 681">
     <span class='ocr_line' id='line_1_21' title="bbox 2137 609 3726 681; baseline 0.003 -17"><span class='ocrx_word' id='word_1_134' title='bbox 2137 620 2541 681; x_wconf 83' lang='lat' dir='ltr'><strong>gumentorum,</strong></span> <span class='ocrx_word' id='word_1_135' title='bbox 2591 609 2735 679; x_wconf 87' lang='lat' dir='ltr'><strong>quod</strong></span> <span class='ocrx_word' id='word_1_136' title='bbox 2793 610 3092 677; x_wconf 60' lang='lat' dir='ltr'><strong>praemissae</strong></span> <span class='ocrx_word' id='word_1_137' title='bbox 3122 612 3398 668; x_wconf 86' lang='lat' dir='ltr'><strong>orationes</strong></span> <span class='ocrx_word' id='word_1_138' title='bbox 3436 614 3541 668; x_wconf 83' lang='lat' dir='ltr'><strong>etsi</strong></span> <span class='ocrx_word' id='word_1_139' title='bbox 3574 630 3726 669; x_wconf 72' lang='lat' dir='ltr'><strong>novze</strong></span> 
     </span>
    </p>
   </div>
   <div class='ocr_carea' id='block_1_22' title="bbox 2132 700 3723 770">
    <p class='ocr_par' dir='ltr' id='par_1_22' title="bbox 2132 700 3723 770">
     <span class='ocr_line' id='line_1_22' title="bbox 2132 700 3723 770; baseline 0.001 -13"><span class='ocrx_word' id='word_1_140' title='bbox 2132 703 2263 768; x_wconf 92' lang='lat' dir='ltr'><strong>sint,</strong></span> <span class='ocrx_word' id='word_1_141' title='bbox 2303 716 2408 756; x_wconf 95' lang='lat' dir='ltr'><strong>non</strong></span> <span class='ocrx_word' id='word_1_142' title='bbox 2459 701 2670 770; x_wconf 77' lang='lat' dir='ltr'><strong>possint</strong></span> <span class='ocrx_word' id='word_1_143' title='bbox 2718 700 2952 756; x_wconf 84' lang='lat' dir='ltr'><strong>artificio</strong></span> <span class='ocrx_word' id='word_1_144' title='bbox 2999 710 3325 758; x_wconf 85' lang='lat' dir='ltr'><strong>vetustatem</strong></span> <span class='ocrx_word' id='word_1_145' title='bbox 3375 704 3623 770; x_wconf 77' lang='lat' dir='ltr'><strong>induere,</strong></span> <span class='ocrx_word' id='word_1_146' title='bbox 3664 716 3723 760; x_wconf 89' lang='lat' dir='ltr'><strong>ut</strong></span> 
     </span>
    </p>
   </div>
   <div class='ocr_carea' id='block_1_23' title="bbox 2134 788 3719 863">
    <p class='ocr_par' dir='ltr' id='par_1_23' title="bbox 2134 788 3719 863">
     <span class='ocr_line' id='line_1_23' title="bbox 2134 788 3719 863; baseline 0.003 -19"><span class='ocrx_word' id='word_1_147' title='bbox 2134 804 2279 845; x_wconf 90' lang='lat' dir='ltr'><strong>nunc</strong></span> <span class='ocrx_word' id='word_1_148' title='bbox 2316 789 2565 846; x_wconf 78' lang='lat' dir='ltr'><strong>fecimus.</strong></span> <span class='ocrx_word' id='word_1_149' title='bbox 2592 788 2705 844; x_wconf 87' lang='lat' dir='ltr'><strong>lloc</strong></span> <span class='ocrx_word' id='word_1_150' title='bbox 2734 790 2880 844; x_wconf 88' lang='lat' dir='ltr'><strong>enim</strong></span> <span class='ocrx_word' id='word_1_151' title='bbox 2911 803 3290 861; x_wconf 75' lang='lat' dir='ltr'><strong>argumentum</strong></span> <span class='ocrx_word' id='word_1_152' title='bbox 3325 809 3477 850; x_wconf 93' lang='lat' dir='ltr'><strong>more</strong></span> <span class='ocrx_word' id='word_1_153' title='bbox 3523 795 3719 863; x_wconf 77' lang='lat' dir='ltr'><strong>dialogi</strong></span> 
     </span>
    </p>
   </div>
   <div class='ocr_carea' id='block_1_24' title="bbox 2136 881 3718 957">
    <p class='ocr_par' dir='ltr' id='par_1_24' title="bbox 2136 881 3718 957">
     <span class='ocr_line' id='line_1_24' title="bbox 2136 881 3718 957; baseline 0.004 -22"><span class='ocrx_word' id='word_1_154' title='bbox 2136 881 2548 945; x_wconf 86' lang='lat' dir='ltr'><strong>concinnantes,</strong></span> <span class='ocrx_word' id='word_1_155' title='bbox 2598 895 2699 936; x_wconf 86' lang='lat' dir='ltr'><strong>nec</strong></span> <span class='ocrx_word' id='word_1_156' title='bbox 2748 896 2904 935; x_wconf 91' lang='lat' dir='ltr'><strong>usum</strong></span> <span class='ocrx_word' id='word_1_157' title='bbox 2953 897 3053 937; x_wconf 92' lang='lat' dir='ltr'><strong>nec</strong></span> <span class='ocrx_word' id='word_1_158' title='bbox 3099 885 3422 954; x_wconf 75' lang='lat' dir='ltr'><strong>gravitatem</strong></span> <span class='ocrx_word' id='word_1_159' title='bbox 3472 887 3718 957; x_wconf 83' lang='lat' dir='ltr'><strong>dialogos</strong></span> 
     </span>
    </p>
   </div>
   <div class='ocr_carea' id='block_1_25' title="bbox 2134 973 3720 1050">
    <p class='ocr_par' dir='ltr' id='par_1_25' title="bbox 2134 973 3720 1050">
     <span class='ocr_line' id='line_1_25' title="bbox 2134 973 3720 1050; baseline 0.004 -22"><span class='ocrx_word' id='word_1_160' title='bbox 2134 973 2416 1029; x_wconf 87' lang='lat' dir='ltr'><strong>decentem</strong></span> <span class='ocrx_word' id='word_1_161' title='bbox 2446 975 2812 1044; x_wconf 88' lang='lat' dir='ltr'><strong>corrupimus.</strong></span> <span class='ocrx_word' id='word_1_162' title='bbox 2849 975 2998 1031; x_wconf 87' lang='lat' dir='ltr'><strong>More</strong></span> <span class='ocrx_word' id='word_1_163' title='bbox 3040 974 3282 1032; x_wconf 84' lang='lat' dir='ltr'><strong>Platonis</strong></span> <span class='ocrx_word' id='word_1_164' title='bbox 3306 992 3404 1033; x_wconf 89' lang='lat' dir='ltr'><strong>nos</strong></span> <span class='ocrx_word' id='word_1_165' title='bbox 3442 979 3495 1033; x_wconf 92' lang='lat' dir='ltr'><strong>id</strong></span> <span class='ocrx_word' id='word_1_166' title='bbox 3528 995 3720 1050; x_wconf 86' lang='lat' dir='ltr'><strong>aggre-</strong></span> 
     </span>
    </p>
   </div>
   <div class='ocr_carea' id='block_1_26' title="bbox 2135 1067 3721 1141">
    <p class='ocr_par' dir='ltr' id='par_1_26' title="bbox 2135 1067 3721 1141">
     <span class='ocr_line' id='line_1_26' title="bbox 2135 1067 3721 1141; baseline 0.003 -18"><span class='ocrx_word' id='word_1_167' title='bbox 2135 1069 2338 1131; x_wconf 89' lang='lat' dir='ltr'><strong>dimur,</strong></span> <span class='ocrx_word' id='word_1_168' title='bbox 2379 1067 2504 1123; x_wconf 88' lang='lat' dir='ltr'><strong>licet</strong></span> <span class='ocrx_word' id='word_1_169' title='bbox 2536 1067 2757 1121; x_wconf 87' lang='lat' dir='ltr'><strong>moralis</strong></span> <span class='ocrx_word' id='word_1_170' title='bbox 2801 1068 2873 1123; x_wconf 88' lang='lat' dir='ltr'><strong>sit</strong></span> <span class='ocrx_word' id='word_1_171' title='bbox 2911 1069 3111 1133; x_wconf 83' lang='lat' dir='ltr'><strong>oratio,</strong></span> <span class='ocrx_word' id='word_1_172' title='bbox 3143 1077 3325 1123; x_wconf 87' lang='lat' dir='ltr'><strong>tamen</strong></span> <span class='ocrx_word' id='word_1_173' title='bbox 3373 1070 3618 1141; x_wconf 87' lang='lat' dir='ltr'><strong>physica,</strong></span> <span class='ocrx_word' id='word_1_174' title='bbox 3654 1087 3721 1128; x_wconf 90' lang='lat' dir='ltr'><strong>ac</strong></span> 
     </span>
    </p>
   </div>
   <div class='ocr_carea' id='block_1_27' title="bbox 2137 1156 3717 1228">
    <p class='ocr_par' dir='ltr' id='par_1_27' title="bbox 2137 1156 3717 1228">
     <span class='ocr_line' id='line_1_27' title="bbox 2137 1156 3717 1228; baseline 0.002 -16"><span class='ocrx_word' id='word_1_175' title='bbox 2137 1156 2438 1228; x_wconf 82' lang='lat' dir='ltr'><strong>theologica</strong></span> <span class='ocrx_word' id='word_1_176' title='bbox 2492 1156 2793 1211; x_wconf 83' lang='lat' dir='ltr'><strong>moralibus</strong></span> <span class='ocrx_word' id='word_1_177' title='bbox 2832 1160 3272 1222; x_wconf 81' lang='lat' dir='ltr'><strong>commiscentes,</strong></span> <span class='ocrx_word' id='word_1_178' title='bbox 3328 1169 3384 1213; x_wconf 90' lang='lat' dir='ltr'><strong>et</strong></span> <span class='ocrx_word' id='word_1_179' title='bbox 3428 1162 3717 1216; x_wconf 87' lang='lat' dir='ltr'><strong>videndum</strong></span> 
     </span>
    </p>
   </div>
   <div class='ocr_carea' id='block_1_28' title="bbox 2134 1249 3719 1321">
    <p class='ocr_par' dir='ltr' id='par_1_28' title="bbox 2134 1249 3719 1321">
     <span class='ocr_line' id='line_1_28' title="bbox 2134 1249 3719 1321; baseline 0.002 -15"><span class='ocrx_word' id='word_1_180' title='bbox 2134 1258 2220 1306; x_wconf 79' lang='lat' dir='ltr'><strong>est</strong></span> <span class='ocrx_word' id='word_1_181' title='bbox 2269 1260 2454 1304; x_wconf 88' lang='lat' dir='ltr'><strong>utrum</strong></span> <span class='ocrx_word' id='word_1_182' title='bbox 2504 1249 2608 1306; x_wconf 89' lang='lat' dir='ltr'><strong>hoc</strong></span> <span class='ocrx_word' id='word_1_183' title='bbox 2633 1264 2804 1321; x_wconf 88' lang='lat' dir='ltr'><strong>genus</strong></span> <span class='ocrx_word' id='word_1_184' title='bbox 2846 1249 3060 1305; x_wconf 89' lang='lat' dir='ltr'><strong>dicendl</strong></span> <span class='ocrx_word' id='word_1_185' title='bbox 3104 1249 3347 1306; x_wconf 84' lang='lat' dir='ltr'><strong>Platonis</strong></span> <span class='ocrx_word' id='word_1_186' title='bbox 3390 1252 3481 1321; x_wconf 93' lang='lat' dir='ltr'><strong>qui</strong></span> <span class='ocrx_word' id='word_1_187' title='bbox 3520 1253 3719 1311; x_wconf 81' lang='lat' dir='ltr'><strong>fabulis</strong></span> 
     </span>
    </p>
   </div>
   <div class='ocr_carea' id='block_1_29' title="bbox 2134 1341 3720 1409">
    <p class='ocr_par' dir='ltr' id='par_1_29' title="bbox 2134 1341 3720 1409">
     <span class='ocr_line' id='line_1_29' title="bbox 2134 1341 3720 1409; baseline 0.001 -13"><span class='ocrx_word' id='word_1_188' title='bbox 2134 1357 2223 1396; x_wconf 90' lang='lat' dir='ltr'><strong>res</strong></span> <span class='ocrx_word' id='word_1_189' title='bbox 2252 1341 2464 1397; x_wconf 87' lang='lat' dir='ltr'><strong>divinas</strong></span> <span class='ocrx_word' id='word_1_190' title='bbox 2491 1341 2738 1407; x_wconf 77' lang='lat' dir='ltr'><strong>involvit,</strong></span> <span class='ocrx_word' id='word_1_191' title='bbox 2770 1342 3007 1397; x_wconf 85' lang='lat' dir='ltr'><strong>assecuti</strong></span> <span class='ocrx_word' id='word_1_192' title='bbox 3040 1342 3232 1409; x_wconf 88' lang='lat' dir='ltr'><strong>simus,</strong></span> <span class='ocrx_word' id='word_1_193' title='bbox 3263 1352 3319 1398; x_wconf 89' lang='lat' dir='ltr'><strong>et</strong></span> <span class='ocrx_word' id='word_1_194' title='bbox 3346 1354 3573 1401; x_wconf 70' lang='lat' dir='ltr'><strong>caeteras</strong></span> <span class='ocrx_word' id='word_1_195' title='bbox 3603 1345 3720 1399; x_wconf 79' lang='lat' dir='ltr'><strong>dia-</strong></span> 
     </span>
    </p>
   </div>
   <div class='ocr_carea' id='block_1_30' title="bbox 2136 1431 3717 1503">
    <p class='ocr_par' dir='ltr' id='par_1_30' title="bbox 2136 1431 3717 1503">
     <span class='ocr_line' id='line_1_30' title="bbox 2136 1431 3717 1503; baseline 0.004 -18"><span class='ocrx_word' id='word_1_196' title='bbox 2136 1431 2379 1502; x_wconf 88' lang='lat' dir='ltr'><strong>logorum</strong></span> <span class='ocrx_word' id='word_1_197' title='bbox 2430 1433 2680 1499; x_wconf 85' lang='lat' dir='ltr'><strong>virtutes,</strong></span> <span class='ocrx_word' id='word_1_198' title='bbox 2738 1432 3145 1501; x_wconf 87' lang='lat' dir='ltr'><strong>inspirationes,</strong></span> <span class='ocrx_word' id='word_1_199' title='bbox 3176 1435 3423 1501; x_wconf 89' lang='lat' dir='ltr'><strong>inquam,</strong></span> <span class='ocrx_word' id='word_1_200' title='bbox 3472 1436 3717 1503; x_wconf 87' lang='lat' dir='ltr'><strong>ordines,</strong></span> 
     </span>
    </p>
   </div>
   <div class='ocr_carea' id='block_1_31' title="bbox 441 1516 2028 1603">
    <p class='ocr_par' dir='ltr' id='par_1_31' title="bbox 441 1522 2028 1603">
     <span class='ocr_line' id='line_1_31' title="bbox 441 1522 2028 1603; baseline -0.002 -19"><span class='ocrx_word' id='word_1_201' title='bbox 441 1532 727 1595; x_wconf 82' lang='grc' dir='ltr'>Πλάτωνος</span> <span class='ocrx_word' id='word_1_202' title='bbox 755 1530 1281 1602; x_wconf 77' lang='grc' dir='ltr'>έναποκρύπτοντος,</span> <span class='ocrx_word' id='word_1_203' title='bbox 1318 1531 1425 1603; x_wconf 81' lang='grc' dir='ltr'>χρὴ</span> <span class='ocrx_word' id='word_1_204' title='bbox 1469 1522 1696 1583; x_wconf 83' lang='grc' dir='ltr'>σκοπεῖν</span> <span class='ocrx_word' id='word_1_205' title='bbox 1728 1531 1777 1582; x_wconf 86' lang='grc' dir='ltr'><strong>εί</strong></span> <span class='ocrx_word' id='word_1_206' title='bbox 1798 1530 1891 1582; x_wconf 82' lang='grc' dir='ltr'><strong>τὸν</strong></span> <span class='ocrx_word' id='word_1_207' title='bbox 1926 1545 2028 1582; x_wconf 89' lang='grc' dir='ltr'>τοι-</span> 
     </span>
    </p>
   </div>
   <div class='ocr_carea' id='block_1_32' title="bbox 2134 1516 3718 1603">
    <p class='ocr_par' dir='ltr' id='par_1_32' title="bbox 2137 1524 3718 1598">
     <span class='ocr_line' id='line_1_32' title="bbox 2137 1524 3718 1598; baseline 0.003 -19"><span class='ocrx_word' id='word_1_208' title='bbox 2137 1533 2191 1579; x_wconf 87' lang='lat' dir='ltr'><strong>et</strong></span> <span class='ocrx_word' id='word_1_209' title='bbox 2238 1524 2516 1595; x_wconf 88' lang='lat' dir='ltr'><strong>episodia;</strong></span> <span class='ocrx_word' id='word_1_210' title='bbox 2565 1525 2688 1580; x_wconf 89' lang='lat' dir='ltr'><strong>dein</strong></span> <span class='ocrx_word' id='word_1_211' title='bbox 2736 1534 2792 1582; x_wconf 90' lang='lat' dir='ltr'><strong>et</strong></span> <span class='ocrx_word' id='word_1_212' title='bbox 2845 1525 3080 1595; x_wconf 86' lang='lat' dir='ltr'><strong>lepores,</strong></span> <span class='ocrx_word' id='word_1_213' title='bbox 3126 1534 3181 1581; x_wconf 89' lang='lat' dir='ltr'><strong>et</strong></span> <span class='ocrx_word' id='word_1_214' title='bbox 3227 1527 3374 1582; x_wconf 90' lang='lat' dir='ltr'><strong>actio</strong></span> <span class='ocrx_word' id='word_1_215' title='bbox 3427 1527 3479 1581; x_wconf 91' lang='lat' dir='ltr'><strong>in</strong></span> <span class='ocrx_word' id='word_1_216' title='bbox 3520 1542 3718 1598; x_wconf 78' lang='lat' dir='ltr'><strong>genere</strong></span> 
     </span>
    </p>
   </div>
   <div class='ocr_carea' id='block_1_33' title="bbox 435 1616 2028 1693">
    <p class='ocr_par' dir='ltr' id='par_1_33' title="bbox 435 1618 2025 1693">
     <span class='ocr_line' id='line_1_33' title="bbox 435 1618 2025 1693; baseline -0.003 -17"><span class='ocrx_word' id='word_1_217' title='bbox 435 1622 595 1676; x_wconf 80' lang='grc' dir='ltr'>οὗτον</span> <span class='ocrx_word' id='word_1_218' title='bbox 624 1622 786 1691; x_wconf 80' lang='grc' dir='ltr'>ζῆλον</span> <span class='ocrx_word' id='word_1_219' title='bbox 815 1621 1241 1693; x_wconf 81' lang='grc' dir='ltr'>μετεδιώξαμεν.</span> <span class='ocrx_word' id='word_1_220' title='bbox 1271 1622 1384 1684; x_wconf 78' lang='grc' dir='ltr'><strong>Τὰς</strong></span> <span class='ocrx_word' id='word_1_221' title='bbox 1414 1621 1472 1675; x_wconf 85' lang='grc' dir='ltr'>δὲ</span> <span class='ocrx_word' id='word_1_222' title='bbox 1502 1620 1672 1684; x_wconf 83' lang='grc' dir='ltr'>ἄλλας</span> <span class='ocrx_word' id='word_1_223' title='bbox 1696 1620 1897 1690; x_wconf 80' lang='grc' dir='ltr'>ἀρετὰς</span> <span class='ocrx_word' id='word_1_224' title='bbox 1916 1618 2025 1671; x_wconf 89' lang='grc' dir='ltr'><strong>τῶν</strong></span> 
     </span>
    </p>
   </div>
   <div class='ocr_carea' id='block_1_34' title="bbox 2134 1616 3719 1693">
    <p class='ocr_par' dir='ltr' id='par_1_34' title="bbox 2134 1616 3719 1686">
     <span class='ocr_line' id='line_1_34' title="bbox 2134 1616 3719 1686; baseline 0.002 -15"><span class='ocrx_word' id='word_1_225' title='bbox 2134 1616 2412 1672; x_wconf 86' lang='lat' dir='ltr'><strong>meliorem</strong></span> <span class='ocrx_word' id='word_1_226' title='bbox 2438 1617 2678 1672; x_wconf 85' lang='lat' dir='ltr'><strong>ostendit</strong></span> <span class='ocrx_word' id='word_1_227' title='bbox 2718 1618 3196 1686; x_wconf 85' lang='lat' dir='ltr'><strong>compositionem,</strong></span> <span class='ocrx_word' id='word_1_228' title='bbox 3227 1620 3273 1673; x_wconf 88' lang='lat' dir='ltr'><strong>si</strong></span> <span class='ocrx_word' id='word_1_229' title='bbox 3315 1630 3462 1676; x_wconf 89' lang='lat' dir='ltr'><strong>recte</strong></span> <span class='ocrx_word' id='word_1_230' title='bbox 3494 1636 3719 1676; x_wconf 87' lang='lat' dir='ltr'><strong>succes-</strong></span> 
     </span>
    </p>
   </div>
   <div class='ocr_carea' id='block_1_35' title="bbox 424 1704 2028 1781">
    <p class='ocr_par' dir='ltr' id='par_1_35' title="bbox 424 1707 2028 1781">
     <span class='ocr_line' id='line_1_35' title="bbox 424 1707 2028 1781; baseline -0.005 -15"><span class='ocrx_word' id='word_1_231' title='bbox 424 1710 730 1781; x_wconf 80' lang='grc' dir='ltr'>διαλόγων,</span> <span class='ocrx_word' id='word_1_232' title='bbox 765 1711 1084 1774; x_wconf 79' lang='grc' dir='ltr'><strong>ἀναπαύλας</strong></span> <span class='ocrx_word' id='word_1_233' title='bbox 1111 1711 1259 1780; x_wconf 85' lang='grc' dir='ltr'>λέγω</span> <span class='ocrx_word' id='word_1_234' title='bbox 1286 1710 1382 1763; x_wconf 77' lang='grc' dir='ltr'><strong>καὶ</strong></span> <span class='ocrx_word' id='word_1_235' title='bbox 1413 1708 1685 1771; x_wconf 81' lang='grc' dir='ltr'>διαθέσεις</span> <span class='ocrx_word' id='word_1_236' title='bbox 1720 1708 1768 1740; x_wconf 77' lang='grc' dir='ltr'><strong>⁸ο</strong></span> <span class='ocrx_word' id='word_1_237' title='bbox 1803 1707 1899 1760; x_wconf 73' lang='grc' dir='ltr'>καὶ</span> <span class='ocrx_word' id='word_1_238' title='bbox 1926 1707 2028 1759; x_wconf 81' lang='grc' dir='ltr'><strong>ὲπ-</strong></span> 
     </span>
    </p>
   </div>
   <div class='ocr_carea' id='block_1_36' title="bbox 2134 1704 3720 1781">
    <p class='ocr_par' dir='ltr' id='par_1_36' title="bbox 2134 1704 3720 1776">
     <span class='ocr_line' id='line_1_36' title="bbox 2134 1704 3720 1776; baseline 0.005 -19"><span class='ocrx_word' id='word_1_239' title='bbox 2134 1704 2288 1759; x_wconf 82' lang='lat' dir='ltr'><strong>serit.</strong></span> <span class='ocrx_word' id='word_1_240' title='bbox 2328 1705 2461 1770; x_wconf 85' lang='lat' dir='ltr'><strong>Cum</strong></span> <span class='ocrx_word' id='word_1_241' title='bbox 2522 1714 2703 1760; x_wconf 90' lang='lat' dir='ltr'><strong>autem</strong></span> <span class='ocrx_word' id='word_1_242' title='bbox 2751 1706 2949 1775; x_wconf 79' lang='lat' dir='ltr'><strong>dialogi</strong></span> <span class='ocrx_word' id='word_1_243' title='bbox 3000 1707 3159 1762; x_wconf 80' lang='lat' dir='ltr'><strong>initio</strong></span> <span class='ocrx_word' id='word_1_244' title='bbox 3209 1707 3440 1763; x_wconf 89' lang='lat' dir='ltr'><strong>humiles</strong></span> <span class='ocrx_word' id='word_1_245' title='bbox 3476 1710 3606 1776; x_wconf 90' lang='lat' dir='ltr'><strong>sint,</strong></span> <span class='ocrx_word' id='word_1_246' title='bbox 3660 1718 3720 1766; x_wconf 89' lang='lat' dir='ltr'><strong>ut.</strong></span> 
     </span>
    </p>
   </div>
   <div class='ocr_carea' id='block_1_37' title="bbox 431 1796 2028 1877">
    <p class='ocr_par' dir='ltr' id='par_1_37' title="bbox 431 1796 2025 1877">
     <span class='ocr_line' id='line_1_37' title="bbox 431 1796 2025 1877; baseline -0.006 -19"><span class='ocrx_word' id='word_1_247' title='bbox 431 1806 665 1872; x_wconf 82' lang='grc' dir='ltr'>εισόδια,</span> <span class='ocrx_word' id='word_1_248' title='bbox 699 1807 781 1860; x_wconf 74' lang='grc' dir='ltr'>ἔτι</span> <span class='ocrx_word' id='word_1_249' title='bbox 819 1806 878 1861; x_wconf 83' lang='grc' dir='ltr'>δὲ</span> <span class='ocrx_word' id='word_1_250' title='bbox 910 1805 1142 1877; x_wconf 82' lang='grc' dir='ltr'>χάριτας</span> <span class='ocrx_word' id='word_1_251' title='bbox 1170 1804 1266 1856; x_wconf 73' lang='grc' dir='ltr'>καὶ</span> <span class='ocrx_word' id='word_1_252' title='bbox 1291 1802 1353 1856; x_wconf 75' lang='grc' dir='ltr'>τὸ</span> <span class='ocrx_word' id='word_1_253' title='bbox 1397 1802 1466 1856; x_wconf 83' lang='grc' dir='ltr'><strong>δι’</strong></span> <span class='ocrx_word' id='word_1_254' title='bbox 1501 1800 1627 1855; x_wconf 82' lang='grc' dir='ltr'>ὅλου</span> <span class='ocrx_word' id='word_1_255' title='bbox 1664 1796 2025 1869; x_wconf 78' lang='grc' dir='ltr'>δραματικὸν,</span> 
     </span>
    </p>
   </div>
   <div class='ocr_carea' id='block_1_38' title="bbox 2134 1796 3716 1877">
    <p class='ocr_par' dir='ltr' id='par_1_38' title="bbox 2134 1796 3716 1867">
     <span class='ocr_line' id='line_1_38' title="bbox 2134 1796 3716 1867; baseline 0.003 -16"><span class='ocrx_word' id='word_1_256' title='bbox 2134 1797 2249 1865; x_wconf 90' lang='lat' dir='ltr'><strong>ipse</strong></span> <span class='ocrx_word' id='word_1_257' title='bbox 2303 1796 2516 1852; x_wconf 87' lang='lat' dir='ltr'><strong>dicendi</strong></span> <span class='ocrx_word' id='word_1_258' title='bbox 2576 1796 2866 1851; x_wconf 81' lang='lat' dir='ltr'><strong>character</strong></span> <span class='ocrx_word' id='word_1_259' title='bbox 2909 1797 3316 1867; x_wconf 83' lang='lat' dir='ltr'><strong>simplicitatem</strong></span> <span class='ocrx_word' id='word_1_260' title='bbox 3368 1799 3609 1867; x_wconf 84' lang='lat' dir='ltr'><strong>adjiciat,</strong></span> <span class='ocrx_word' id='word_1_261' title='bbox 3663 1801 3716 1855; x_wconf 93' lang='lat' dir='ltr'><strong>in</strong></span> 
     </span>
    </p>
   </div>
   <div class='ocr_carea' id='block_1_39' title="bbox 438 1887 2028 1967">
    <p class='ocr_par' dir='ltr' id='par_1_39' title="bbox 438 1887 2027 1967">
     <span class='ocr_line' id='line_1_39' title="bbox 438 1887 2027 1967; baseline -0.006 -18"><span class='ocrx_word' id='word_1_262' title='bbox 438 1896 685 1965; x_wconf 79' lang='grc' dir='ltr'>ἄμεινον,</span> <span class='ocrx_word' id='word_1_263' title='bbox 728 1897 778 1949; x_wconf 86' lang='grc' dir='ltr'><strong>εί</strong></span> <span class='ocrx_word' id='word_1_264' title='bbox 819 1894 1184 1967; x_wconf 87' lang='grc' dir='ltr'>κατωρθώθη,</span> <span class='ocrx_word' id='word_1_265' title='bbox 1210 1892 1376 1958; x_wconf 79' lang='grc' dir='ltr'>δείξει</span> <span class='ocrx_word' id='word_1_266' title='bbox 1406 1891 1469 1945; x_wconf 82' lang='grc' dir='ltr'>τὸ</span> <span class='ocrx_word' id='word_1_267' title='bbox 1501 1891 1863 1961; x_wconf 88' lang='grc' dir='ltr'>σύγγραμμα.</span> <span class='ocrx_word' id='word_1_268' title='bbox 1905 1887 2027 1942; x_wconf 86' lang='grc' dir='ltr'><strong>Τῶν</strong></span> 
     </span>
    </p>
   </div>
   <div class='ocr_carea' id='block_1_40' title="bbox 2134 1887 3721 1967">
    <p class='ocr_par' dir='ltr' id='par_1_40' title="bbox 2137 1887 3721 1961">
     <span class='ocr_line' id='line_1_40' title="bbox 2137 1887 3721 1961; baseline 0.003 -19"><span class='ocrx_word' id='word_1_269' title='bbox 2137 1889 2491 1957; x_wconf 71' lang='lat' dir='ltr'><strong>sequentibus</strong></span> <span class='ocrx_word' id='word_1_270' title='bbox 2523 1887 2687 1942; x_wconf 85' lang='lat' dir='ltr'><strong>simul</strong></span> <span class='ocrx_word' id='word_1_271' title='bbox 2717 1898 2770 1943; x_wconf 90' lang='lat' dir='ltr'><strong>et</strong></span> <span class='ocrx_word' id='word_1_272' title='bbox 2802 1903 2916 1942; x_wconf 90' lang='lat' dir='ltr'><strong>rem</strong></span> <span class='ocrx_word' id='word_1_273' title='bbox 2948 1887 3233 1953; x_wconf 89' lang='lat' dir='ltr'><strong>auferant;</strong></span> <span class='ocrx_word' id='word_1_274' title='bbox 3264 1904 3333 1945; x_wconf 89' lang='lat' dir='ltr'><strong>an</strong></span> <span class='ocrx_word' id='word_1_275' title='bbox 3367 1890 3473 1946; x_wconf 88' lang='lat' dir='ltr'><strong>hoc</strong></span> <span class='ocrx_word' id='word_1_276' title='bbox 3507 1892 3721 1961; x_wconf 82' lang='lat' dir='ltr'><strong>praesti-</strong></span> 
     </span>
    </p>
   </div>
   <div class='ocr_carea' id='block_1_41' title="bbox 436 1978 2028 2059">
    <p class='ocr_par' dir='ltr' id='par_1_41' title="bbox 436 1980 2026 2059">
     <span class='ocr_line' id='line_1_41' title="bbox 436 1980 2026 2059; baseline -0.004 -19"><span class='ocrx_word' id='word_1_277' title='bbox 436 1987 493 2040; x_wconf 83' lang='grc' dir='ltr'>δὲ</span> <span class='ocrx_word' id='word_1_278' title='bbox 513 1987 780 2055; x_wconf 84' lang='grc' dir='ltr'>διαλόγων</span> <span class='ocrx_word' id='word_1_279' title='bbox 796 1986 1118 2059; x_wconf 82' lang='grc' dir='ltr'>ἀρχομένων</span> <span class='ocrx_word' id='word_1_280' title='bbox 1137 1986 1246 2041; x_wconf 75' lang='grc' dir='ltr'>ἀπὸ</span> <span class='ocrx_word' id='word_1_281' title='bbox 1265 1986 1367 2055; x_wconf 85' lang='grc' dir='ltr'><strong>τῆς</strong></span> <span class='ocrx_word' id='word_1_282' title='bbox 1389 1983 1710 2054; x_wconf 87' lang='grc' dir='ltr'>ίσχνοτέρας</span> <span class='ocrx_word' id='word_1_283' title='bbox 1734 1981 1901 2045; x_wconf 82' lang='grc' dir='ltr'>ίδέας,</span> <span class='ocrx_word' id='word_1_284' title='bbox 1934 1980 2026 2034; x_wconf 78' lang='grc' dir='ltr'><strong>ἵνα</strong></span> 
     </span>
    </p>
   </div>
   <div class='ocr_carea' id='block_1_42' title="bbox 2134 1978 3721 2059">
    <p class='ocr_par' dir='ltr' id='par_1_42' title="bbox 2138 1978 3721 2050">
     <span class='ocr_line' id='line_1_42' title="bbox 2138 1978 3721 2050; baseline 0.002 -17"><span class='ocrx_word' id='word_1_285' title='bbox 2138 1981 2389 2043; x_wconf 78' lang='lat' dir='ltr'><strong>terimus,</strong></span> <span class='ocrx_word' id='word_1_286' title='bbox 2426 1978 2658 2035; x_wconf 89' lang='lat' dir='ltr'><strong>aliorum</strong></span> <span class='ocrx_word' id='word_1_287' title='bbox 2696 1979 3125 2046; x_wconf 87' lang='lat' dir='ltr'><strong>estojudicium,</strong></span> <span class='ocrx_word' id='word_1_288' title='bbox 3154 1979 3352 2050; x_wconf 87' lang='lat' dir='ltr'><strong>quibus</strong></span> <span class='ocrx_word' id='word_1_289' title='bbox 3377 1980 3491 2037; x_wconf 67' lang='lat' dir='ltr'><strong>haec</strong></span> <span class='ocrx_word' id='word_1_290' title='bbox 3526 1982 3721 2036; x_wconf 89' lang='lat' dir='ltr'><strong>audire</strong></span> 
     </span>
    </p>
   </div>
   <div class='ocr_carea' id='block_1_43' title="bbox 437 2062 2028 2150">
    <p class='ocr_par' dir='ltr' id='par_1_43' title="bbox 437 2062 2028 2150">
     <span class='ocr_line' id='line_1_43' title="bbox 437 2062 2028 2150; baseline -0.004 -19"><span class='ocrx_word' id='word_1_291' title='bbox 437 2080 538 2150; x_wconf 81' lang='grc' dir='ltr'><strong>τὴν</strong></span> <span class='ocrx_word' id='word_1_292' title='bbox 574 2079 834 2148; x_wconf 74' lang='grc' dir='ltr'>ἀφέλειαν</span> <span class='ocrx_word' id='word_1_293' title='bbox 876 2081 905 2133; x_wconf 81' lang='grc' dir='ltr'><strong>ό</strong></span> <span class='ocrx_word' id='word_1_294' title='bbox 948 2078 1120 2143; x_wconf 87' lang='grc' dir='ltr'>τύπος</span> <span class='ocrx_word' id='word_1_295' title='bbox 1162 2062 1550 2149; x_wconf 61' lang='grc' dir='ltr'>προσϐάλλῃῖη</span> <span class='ocrx_word' id='word_1_296' title='bbox 1582 2075 1686 2145; x_wconf 89' lang='grc' dir='ltr'><strong>τῆς</strong></span> <span class='ocrx_word' id='word_1_297' title='bbox 1714 2072 1933 2139; x_wconf 78' lang='grc' dir='ltr'>λέξεως,</span> <span class='ocrx_word' id='word_1_298' title='bbox 1970 2075 2028 2126; x_wconf 82' lang='grc' dir='ltr'><strong>ὲν</strong></span> 
     </span>
    </p>
   </div>
   <div class='ocr_carea' id='block_1_44' title="bbox 2134 2062 2449 2150">
    <p class='ocr_par' dir='ltr' id='par_1_44' title="bbox 2138 2072 2449 2142">
     <span class='ocr_line' id='line_1_44' title="bbox 2138 2072 2449 2142; baseline 0 -17"><span class='ocrx_word' id='word_1_299' title='bbox 2138 2072 2449 2142; x_wconf 87' lang='lat' dir='ltr'><strong>c0ntigerit.</strong></span> 
     </span>
    </p>
   </div>
   <div class='ocr_carea' id='block_1_45' title="bbox 435 2164 3719 2245">
    <p class='ocr_par' dir='ltr' id='par_1_45' title="bbox 435 2164 3719 2245">
     <span class='ocr_line' id='line_1_45' title="bbox 435 2164 3719 2245; baseline -0.001 -19"><span class='ocrx_word' id='word_1_300' title='bbox 435 2173 495 2226; x_wconf 81' lang='grc' dir='ltr'>δὲ</span> <span class='ocrx_word' id='word_1_301' title='bbox 541 2176 653 2235; x_wconf 88' lang='grc' dir='ltr'>τοῖς</span> <span class='ocrx_word' id='word_1_302' title='bbox 701 2173 898 2245; x_wconf 81' lang='grc' dir='ltr'>ἐφεξῆς</span> <span class='ocrx_word' id='word_1_303' title='bbox 928 2173 1396 2245; x_wconf 83' lang='grc' dir='ltr'>συνεξαιρομένων</span> <span class='ocrx_word' id='word_1_304' title='bbox 1441 2174 1488 2205; x_wconf 72' lang='grc' dir='ltr'>θ’</span> <span class='ocrx_word' id='word_1_305' title='bbox 1517 2169 1652 2241; x_wconf 83' lang='grc' dir='ltr'>ὁμοῦ</span> <span class='ocrx_word' id='word_1_306' title='bbox 1686 2170 1800 2232; x_wconf 80' lang='grc' dir='ltr'>τοῖς</span> <span class='ocrx_word' id='word_1_307' title='bbox 1845 2168 2163 2239; x_wconf 83' lang='grc' dir='ltr'>πράγμασιν</span> <span class='ocrx_word' id='word_1_308' title='bbox 2190 2209 2205 2235; x_wconf 95' lang='grc'><strong>,</strong></span> <span class='ocrx_word' id='word_1_309' title='bbox 2257 2170 2309 2222; x_wconf 81' lang='grc' dir='ltr'><strong>ει</strong></span> <span class='ocrx_word' id='word_1_310' title='bbox 2382 2168 2480 2222; x_wconf 74' lang='grc' dir='ltr'>καὶ</span> <span class='ocrx_word' id='word_1_311' title='bbox 2543 2164 2704 2221; x_wconf 80' lang='grc' dir='ltr'>τοῦτο</span> <span class='ocrx_word' id='word_1_312' title='bbox 2750 2169 2913 2239; x_wconf 83' lang='grc' dir='ltr'>ἡμεῖς</span> <span class='ocrx_word' id='word_1_313' title='bbox 2994 2169 3403 2242; x_wconf 80' lang='grc' dir='ltr'>τετηρήκαμεν,</span> <span class='ocrx_word' id='word_1_314' title='bbox 3483 2169 3719 2243; x_wconf 83' lang='grc' dir='ltr'>πάρεστι</span> 
     </span>
    </p>
   </div>
   <div class='ocr_carea' id='block_1_46' title="bbox 439 2260 2148 2339">
    <p class='ocr_par' dir='ltr' id='par_1_46' title="bbox 439 2260 2148 2339">
     <span class='ocr_line' id='line_1_46' title="bbox 439 2260 2148 2339; baseline -0.003 -19"><span class='ocrx_word' id='word_1_315' title='bbox 439 2266 649 2339; x_wconf 81' lang='grc' dir='ltr'>κρίνειν</span> <span class='ocrx_word' id='word_1_316' title='bbox 667 2260 750 2329; x_wconf 74' lang='grc' dir='ltr'>οἷς</span> <span class='ocrx_word' id='word_1_317' title='bbox 770 2265 936 2335; x_wconf 81' lang='grc' dir='ltr'>τέχνη</span> <span class='ocrx_word' id='word_1_318' title='bbox 958 2266 1095 2336; x_wconf 85' lang='grc' dir='ltr'>πρὸς</span> <span class='ocrx_word' id='word_1_319' title='bbox 1115 2265 1386 2336; x_wconf 84' lang='grc' dir='ltr'>ἀκρόασιν</span> <span class='ocrx_word' id='word_1_320' title='bbox 1405 2265 1506 2335; x_wconf 80' lang='grc' dir='ltr'>τὴν</span> <span class='ocrx_word' id='word_1_321' title='bbox 1525 2265 1695 2335; x_wconf 77' lang='grc' dir='ltr'>ἀκοὴν</span> <span class='ocrx_word' id='word_1_322' title='bbox 1712 2262 2148 2336; x_wconf 84' lang='grc' dir='ltr'>παρεσκεύασεν.</span> 
     </span>
    </p>
   </div>
   <div class='ocr_carea' id='block_1_47' title="bbox 678 2352 2028 2427">
    <p class='ocr_par' dir='ltr' id='par_1_47' title="bbox 678 2356 1782 2426">
     <span class='ocr_line' id='line_1_47' title="bbox 678 2356 1782 2426; baseline -0.005 -12"><span class='ocrx_word' id='word_1_323' title='bbox 678 2356 871 2414; x_wconf 77' lang='grc' dir='ltr'>Αὐτοῦ</span> <span class='ocrx_word' id='word_1_324' title='bbox 898 2356 1007 2411; x_wconf 84' lang='grc' dir='ltr'>τοῦ</span> <span class='ocrx_word' id='word_1_325' title='bbox 1035 2356 1324 2426; x_wconf 77' lang='grc' dir='ltr'>διαλόγου</span> <span class='ocrx_word' id='word_1_326' title='bbox 1348 2356 1417 2411; x_wconf 78' lang='grc' dir='ltr'>τὸ</span> <span class='ocrx_word' id='word_1_327' title='bbox 1446 2356 1782 2426; x_wconf 81' lang='grc' dir='ltr'>Προοίμιον.</span> 
     </span>
    </p>
   </div>
   <div class='ocr_carea' id='block_1_48' title="bbox 2134 2352 3432 2427">
    <p class='ocr_par' dir='ltr' id='par_1_48' title="bbox 2423 2352 3432 2427">
     <span class='ocr_line' id='line_1_48' title="bbox 2423 2352 3432 2427; baseline 0.001 -17"><span class='ocrx_word' id='word_1_328' title='bbox 2423 2352 2625 2427; x_wconf 74' lang='lat' dir='ltr'><strong>368a</strong></span> <span class='ocrx_word' id='word_1_329' title='bbox 2649 2352 2827 2424; x_wconf 75' lang='lat' dir='ltr'><strong>Hujus</strong></span> <span class='ocrx_word' id='word_1_330' title='bbox 2867 2354 3068 2425; x_wconf 84' lang='lat' dir='ltr'><strong>dialogi</strong></span> <span class='ocrx_word' id='word_1_331' title='bbox 3092 2355 3432 2412; x_wconf 72' lang='lat' dir='ltr'><strong>Prooemium.</strong></span> 
     </span>
    </p>
   </div>
   <div class='ocr_carea' id='block_1_49' title="bbox 512 2444 2028 2518">
    <p class='ocr_par' dir='ltr' id='par_1_49' title="bbox 512 2444 2028 2517">
     <span class='ocr_line' id='line_1_49' title="bbox 512 2444 2028 2517; baseline -0.002 -18"><span class='ocrx_word' id='word_1_332' title='bbox 512 2446 733 2515; x_wconf 81' lang='grc' dir='ltr'>Σιωπῆς</span> <span class='ocrx_word' id='word_1_333' title='bbox 759 2445 857 2516; x_wconf 80' lang='grc' dir='ltr'>μὲν</span> <span class='ocrx_word' id='word_1_334' title='bbox 884 2446 1095 2517; x_wconf 78' lang='grc' dir='ltr'>καιρὸς,</span> <span class='ocrx_word' id='word_1_335' title='bbox 1124 2446 1187 2498; x_wconf 85' lang='grc' dir='ltr'><strong>ού</strong></span> <span class='ocrx_word' id='word_1_336' title='bbox 1216 2446 1413 2514; x_wconf 81' lang='grc' dir='ltr'>λόγων,</span> <span class='ocrx_word' id='word_1_337' title='bbox 1450 2448 1578 2500; x_wconf 77' lang='grc' dir='ltr'>ὅταν</span> <span class='ocrx_word' id='word_1_338' title='bbox 1608 2446 1657 2498; x_wconf 79' lang='grc' dir='ltr'>οἱ</span> <span class='ocrx_word' id='word_1_339' title='bbox 1706 2444 1854 2512; x_wconf 79' lang='grc' dir='ltr'>λόγοι</span> <span class='ocrx_word' id='word_1_340' title='bbox 1907 2460 2028 2497; x_wconf 82' lang='grc' dir='ltr'>στυ-</span> 
     </span>
    </p>
   </div>
   <div class='ocr_carea' id='block_1_50' title="bbox 2134 2444 3716 2518">
    <p class='ocr_par' dir='ltr' id='par_1_50' title="bbox 2207 2444 3716 2518">
     <span class='ocr_line' id='line_1_50' title="bbox 2207 2444 3716 2518; baseline 0.005 -19"><span class='ocrx_word' id='word_1_341' title='bbox 2207 2444 2420 2501; x_wconf 83' lang='lat' dir='ltr'><strong>Silentii</strong></span> <span class='ocrx_word' id='word_1_342' title='bbox 2451 2445 2563 2514; x_wconf 89' lang='lat' dir='ltr'><strong>jam</strong></span> <span class='ocrx_word' id='word_1_343' title='bbox 2597 2454 2808 2516; x_wconf 87' lang='lat' dir='ltr'><strong>tempus</strong></span> <span class='ocrx_word' id='word_1_344' title='bbox 2840 2455 2942 2513; x_wconf 88' lang='lat' dir='ltr'><strong>est,</strong></span> <span class='ocrx_word' id='word_1_345' title='bbox 2973 2462 3079 2502; x_wconf 91' lang='lat' dir='ltr'><strong>non</strong></span> <span class='ocrx_word' id='word_1_346' title='bbox 3123 2448 3400 2518; x_wconf 86' lang='lat' dir='ltr'><strong>loquendi,</strong></span> <span class='ocrx_word' id='word_1_347' title='bbox 3439 2464 3562 2505; x_wconf 89' lang='lat' dir='ltr'><strong>cum</strong></span> <span class='ocrx_word' id='word_1_348' title='bbox 3588 2464 3716 2506; x_wconf 85' lang='lat' dir='ltr'><strong>ora-</strong></span> 
     </span>
    </p>
   </div>
   <div class='ocr_carea' id='block_1_51' title="bbox 440 2535 2028 2611">
    <p class='ocr_par' dir='ltr' id='par_1_51' title="bbox 440 2535 2028 2606">
     <span class='ocr_line' id='line_1_51' title="bbox 440 2535 2028 2606; baseline -0.001 -16"><span class='ocrx_word' id='word_1_349' title='bbox 440 2536 683 2606; x_wconf 77' lang='grc' dir='ltr'>γνάζωσι</span> <span class='ocrx_word' id='word_1_350' title='bbox 707 2575 725 2601; x_wconf 91' lang='grc'><strong>,</strong></span> <span class='ocrx_word' id='word_1_351' title='bbox 757 2535 886 2599; x_wconf 73' lang='grc' dir='ltr'>τοὺς</span> <span class='ocrx_word' id='word_1_352' title='bbox 928 2536 1138 2589; x_wconf 75' lang='grc' dir='ltr'>ἑαυτῶν</span> <span class='ocrx_word' id='word_1_353' title='bbox 1184 2535 1490 2606; x_wconf 83' lang='grc' dir='ltr'>τροφίμους</span> <span class='ocrx_word' id='word_1_354' title='bbox 1528 2535 1638 2591; x_wconf 84' lang='grc' dir='ltr'>ἀπὸ</span> <span class='ocrx_word' id='word_1_355' title='bbox 1686 2538 1784 2606; x_wconf 89' lang='grc' dir='ltr'><strong>τῆς</strong></span> <span class='ocrx_word' id='word_1_356' title='bbox 1824 2535 2028 2589; x_wconf 79' lang='grc' dir='ltr'>ἑαυτῶν</span> 
     </span>
    </p>
   </div>
   <div class='ocr_carea' id='block_1_52' title="bbox 2134 2535 3719 2611">
    <p class='ocr_par' dir='ltr' id='par_1_52' title="bbox 2139 2538 3719 2611">
     <span class='ocr_line' id='line_1_52' title="bbox 2139 2538 3719 2611; baseline 0.004 -17"><span class='ocrx_word' id='word_1_357' title='bbox 2139 2539 2215 2594; x_wconf 90' lang='lat' dir='ltr'><strong>tio</strong></span> <span class='ocrx_word' id='word_1_358' title='bbox 2300 2539 2557 2610; x_wconf 90' lang='lat' dir='ltr'><strong>proprios</strong></span> <span class='ocrx_word' id='word_1_359' title='bbox 2632 2538 2884 2594; x_wconf 88' lang='lat' dir='ltr'><strong>alumnos</strong></span> <span class='ocrx_word' id='word_1_360' title='bbox 2957 2554 2988 2595; x_wconf 89' lang='lat' dir='ltr'><strong>a</strong></span> <span class='ocrx_word' id='word_1_361' title='bbox 3036 2556 3202 2611; x_wconf 85' lang='lat' dir='ltr'><strong>grege</strong></span> <span class='ocrx_word' id='word_1_362' title='bbox 3269 2556 3368 2596; x_wconf 92' lang='lat' dir='ltr'><strong>suo</strong></span> <span class='ocrx_word' id='word_1_363' title='bbox 3428 2544 3719 2600; x_wconf 87' lang='lat' dir='ltr'><strong>demittens</strong></span> 
     </span>
    </p>
   </div>
   <div class='ocr_carea' id='block_1_53' title="bbox 441 2626 2028 2703">
    <p class='ocr_par' dir='ltr' id='par_1_53' title="bbox 441 2626 2028 2701">
     <span class='ocr_line' id='line_1_53' title="bbox 441 2626 2028 2701; baseline 0.001 -20"><span class='ocrx_word' id='word_1_364' title='bbox 441 2630 642 2701; x_wconf 81' lang='grc' dir='ltr'>ἀγέλης</span> <span class='ocrx_word' id='word_1_365' title='bbox 667 2630 1071 2698; x_wconf 73' lang='grc' dir='ltr'>ἐκπέμποντες.</span> <span class='ocrx_word' id='word_1_366' title='bbox 1122 2626 1315 2697; x_wconf 84' lang='grc' dir='ltr'>Ὅμως</span> <span class='ocrx_word' id='word_1_367' title='bbox 1355 2628 1411 2680; x_wconf 77' lang='grc' dir='ltr'>δὲ</span> <span class='ocrx_word' id='word_1_368' title='bbox 1443 2626 1571 2699; x_wconf 77' lang='grc' dir='ltr'>(χρὴ</span> <span class='ocrx_word' id='word_1_369' title='bbox 1599 2626 1709 2699; x_wconf 83' lang='grc' dir='ltr'><strong>γὰρ</strong></span> <span class='ocrx_word' id='word_1_370' title='bbox 1749 2628 1929 2697; x_wconf 86' lang='grc' dir='ltr'>λέγειν</span> <span class='ocrx_word' id='word_1_371' title='bbox 1972 2630 2028 2682; x_wconf 83' lang='grc' dir='ltr'>ὲν</span> 
     </span>
    </p>
   </div>
   <div class='ocr_carea' id='block_1_54' title="bbox 2134 2626 3717 2703">
    <p class='ocr_par' dir='ltr' id='par_1_54' title="bbox 2136 2629 3717 2703">
     <span class='ocr_line' id='line_1_54' title="bbox 2136 2629 3717 2703; baseline 0.004 -17"><span class='ocrx_word' id='word_1_372' title='bbox 2136 2629 2402 2702; x_wconf 87' lang='lat' dir='ltr'><strong>deploret.</strong></span> <span class='ocrx_word' id='word_1_373' title='bbox 2431 2629 2817 2687; x_wconf 81' lang='lat' dir='ltr'><strong>Verumtamen</strong></span> <span class='ocrx_word' id='word_1_374' title='bbox 2852 2632 3001 2703; x_wconf 83' lang='lat' dir='ltr'><strong>(nam</strong></span> <span class='ocrx_word' id='word_1_375' title='bbox 3036 2634 3089 2687; x_wconf 89' lang='lat' dir='ltr'><strong>in</strong></span> <span class='ocrx_word' id='word_1_376' title='bbox 3124 2634 3271 2688; x_wconf 92' lang='lat' dir='ltr'><strong>omni</strong></span> <span class='ocrx_word' id='word_1_377' title='bbox 3299 2646 3495 2690; x_wconf 90' lang='lat' dir='ltr'><strong>eventu</strong></span> <span class='ocrx_word' id='word_1_378' title='bbox 3528 2637 3717 2692; x_wconf 89' lang='lat' dir='ltr'><strong>dicen-</strong></span> 
     </span>
    </p>
   </div>
   <div class='ocr_carea' id='block_1_55' title="bbox 442 2716 2028 2797">
    <p class='ocr_par' dir='ltr' id='par_1_55' title="bbox 442 2716 2028 2791">
     <span class='ocr_line' id='line_1_55' title="bbox 442 2716 2028 2791; baseline 0.001 -20"><span class='ocrx_word' id='word_1_379' title='bbox 442 2719 594 2789; x_wconf 80' lang='grc' dir='ltr'>πάσῃ</span> <span class='ocrx_word' id='word_1_380' title='bbox 615 2717 753 2788; x_wconf 79' lang='grc' dir='ltr'>τύχῃ</span> <span class='ocrx_word' id='word_1_381' title='bbox 774 2718 900 2781; x_wconf 84' lang='grc' dir='ltr'>τοὺς</span> <span class='ocrx_word' id='word_1_382' title='bbox 921 2717 1138 2786; x_wconf 83' lang='grc' dir='ltr'>λόγους)</span> <span class='ocrx_word' id='word_1_383' title='bbox 1166 2716 1299 2786; x_wconf 88' lang='grc' dir='ltr'>φέρε</span> <span class='ocrx_word' id='word_1_384' title='bbox 1327 2718 1419 2770; x_wconf 71' lang='grc' dir='ltr'>καὶ</span> <span class='ocrx_word' id='word_1_385' title='bbox 1442 2718 1628 2783; x_wconf 82' lang='grc' dir='ltr'>αὐτὸς,</span> <span class='ocrx_word' id='word_1_386' title='bbox 1654 2718 1713 2771; x_wconf 80' lang='grc' dir='ltr'><strong>ὃν</strong></span> <span class='ocrx_word' id='word_1_387' title='bbox 1741 2720 1774 2791; x_wconf 78' lang='grc' dir='ltr'><strong>ἡ</strong></span> <span class='ocrx_word' id='word_1_388' title='bbox 1805 2719 2028 2790; x_wconf 70' lang='grc' dir='ltr'>φροντὶς</span> 
     </span>
    </p>
   </div>
   <div class='ocr_carea' id='block_1_56' title="bbox 2134 2716 3717 2797">
    <p class='ocr_par' dir='ltr' id='par_1_56' title="bbox 2134 2721 3717 2797">
     <span class='ocr_line' id='line_1_56' title="bbox 2134 2721 3717 2797; baseline 0.004 -21"><span class='ocrx_word' id='word_1_389' title='bbox 2134 2725 2257 2777; x_wconf 90' lang='lat' dir='ltr'><strong>dum</strong></span> <span class='ocrx_word' id='word_1_390' title='bbox 2297 2721 2403 2789; x_wconf 74' lang='grc' dir='ltr'>εει)</span> <span class='ocrx_word' id='word_1_391' title='bbox 2436 2738 2534 2794; x_wconf 89' lang='lat' dir='ltr'><strong>age</strong></span> <span class='ocrx_word' id='word_1_392' title='bbox 2561 2731 2613 2778; x_wconf 89' lang='lat' dir='ltr'><strong>et</strong></span> <span class='ocrx_word' id='word_1_393' title='bbox 2659 2723 2796 2793; x_wconf 91' lang='lat' dir='ltr'><strong>ipsc,</strong></span> <span class='ocrx_word' id='word_1_394' title='bbox 2829 2725 3038 2781; x_wconf 84' lang='lat' dir='ltr'><strong>sustine</strong></span> <span class='ocrx_word' id='word_1_395' title='bbox 3075 2726 3400 2793; x_wconf 86' lang='lat' dir='ltr'><strong>orationem,</strong></span> <span class='ocrx_word' id='word_1_396' title='bbox 3441 2743 3602 2797; x_wconf 86' lang='lat' dir='ltr'><strong>quam</strong></span> <span class='ocrx_word' id='word_1_397' title='bbox 3631 2729 3717 2782; x_wconf 85' lang='lat' dir='ltr'><strong>in-</strong></span> 
     </span>
    </p>
   </div>
   <div class='ocr_carea' id='block_1_57' title="bbox 442 2813 2035 2889">
    <p class='ocr_par' dir='ltr' id='par_1_57' title="bbox 442 2813 2035 2889">
     <span class='ocr_line' id='line_1_57' title="bbox 442 2813 2035 2889; baseline 0.001 -22"><span class='ocrx_word' id='word_1_398' title='bbox 442 2815 477 2884; x_wconf 77' lang='grc' dir='ltr'><strong>ῆ</strong></span> <span class='ocrx_word' id='word_1_399' title='bbox 511 2815 900 2884; x_wconf 81' lang='grc' dir='ltr'>προσπεσοῦσα</span> <span class='ocrx_word' id='word_1_400' title='bbox 947 2813 1077 2887; x_wconf 81' lang='grc'><strong>[599</strong></span> <span class='ocrx_word' id='word_1_401' title='bbox 1114 2815 1206 2889; x_wconf 68' lang='lat' dir='ltr'><strong>IL]</strong></span> <span class='ocrx_word' id='word_1_402' title='bbox 1238 2816 1395 2884; x_wconf 87' lang='grc' dir='ltr'>λόγον</span> <span class='ocrx_word' id='word_1_403' title='bbox 1426 2816 1737 2885; x_wconf 81' lang='grc' dir='ltr'>ἐγέννησεν,</span> <span class='ocrx_word' id='word_1_404' title='bbox 1785 2817 1834 2869; x_wconf 82' lang='grc' dir='ltr'><strong>εί</strong></span> <span class='ocrx_word' id='word_1_405' title='bbox 1884 2816 2035 2884; x_wconf 88' lang='grc' dir='ltr'>φίλον</span> 
     </span>
    </p>
   </div>
   <div class='ocr_carea' id='block_1_58' title="bbox 441 2906 2029 2979">
    <p class='ocr_par' dir='ltr' id='par_1_58' title="bbox 441 2906 2029 2979">
     <span class='ocr_line' id='line_1_58' title="bbox 441 2906 2029 2979; baseline 0.001 -21"><span class='ocrx_word' id='word_1_406' title='bbox 441 2907 589 2977; x_wconf 79' lang='grc' dir='ltr'>ὑμῖν,</span> <span class='ocrx_word' id='word_1_407' title='bbox 618 2907 716 2959; x_wconf 77' lang='grc' dir='ltr'>καὶ</span> <span class='ocrx_word' id='word_1_408' title='bbox 740 2906 876 2977; x_wconf 85' lang='grc' dir='ltr'>πρὸς</span> <span class='ocrx_word' id='word_1_409' title='bbox 908 2907 1051 2977; x_wconf 81' lang='grc' dir='ltr'>ὑμᾶς</span> <span class='ocrx_word' id='word_1_410' title='bbox 1082 2908 1463 2978; x_wconf 82' lang='grc' dir='ltr'>ἀφηγήσομαι.</span> <span class='ocrx_word' id='word_1_411' title='bbox 1508 2907 1803 2979; x_wconf 83' lang='grc' dir='ltr'>Ἐκάτερος</span> <span class='ocrx_word' id='word_1_412' title='bbox 1834 2907 2029 2960; x_wconf 83' lang='grc' dir='ltr'>τοσού-</span> 
     </span>
    </p>
   </div>
   <div class='ocr_carea' id='block_1_59' title="bbox 439 2998 2024 3072">
    <p class='ocr_par' dir='ltr' id='par_1_59' title="bbox 439 2998 2024 3072">
     <span class='ocr_line' id='line_1_59' title="bbox 439 2998 2024 3072; baseline -0.001 -20"><span class='ocrx_word' id='word_1_413' title='bbox 439 3016 553 3062; x_wconf 89' lang='grc' dir='ltr'>τοις</span> <span class='ocrx_word' id='word_1_414' title='bbox 593 2998 925 3069; x_wconf 88' lang='grc' dir='ltr'>διαστήμασι</span> <span class='ocrx_word' id='word_1_415' title='bbox 975 3001 1073 3069; x_wconf 84' lang='grc' dir='ltr'><strong>τῆς</strong></span> <span class='ocrx_word' id='word_1_416' title='bbox 1113 3001 1316 3071; x_wconf 84' lang='grc' dir='ltr'>ἀρετῆς</span> <span class='ocrx_word' id='word_1_417' title='bbox 1357 3000 1733 3071; x_wconf 83' lang='grc' dir='ltr'>ἀφεστηκότες</span> <span class='ocrx_word' id='word_1_418' title='bbox 1759 3000 2024 3072; x_wconf 77' lang='grc' dir='ltr'>ἀλλήλων,</span> 
     </span>
    </p>
   </div>
   <div class='ocr_carea' id='block_1_60' title="bbox 439 3092 2030 3165">
    <p class='ocr_par' dir='ltr' id='par_1_60' title="bbox 439 3092 2030 3165">
     <span class='ocr_line' id='line_1_60' title="bbox 439 3092 2030 3165; baseline 0 -20"><span class='ocrx_word' id='word_1_419' title='bbox 439 3094 565 3146; x_wconf 82' lang='grc' dir='ltr'>ὅσον</span> <span class='ocrx_word' id='word_1_420' title='bbox 592 3092 864 3164; x_wconf 81' lang='grc' dir='ltr'><strong>Εὐρώπης</strong></span> <span class='ocrx_word' id='word_1_421' title='bbox 892 3092 962 3146; x_wconf 88' lang='grc' dir='ltr'>τὰ</span> <span class='ocrx_word' id='word_1_422' title='bbox 996 3094 1139 3163; x_wconf 88' lang='grc' dir='ltr'>μέσα</span> <span class='ocrx_word' id='word_1_423' title='bbox 1164 3094 1299 3165; x_wconf 85' lang='grc' dir='ltr'>πρὸς</span> <span class='ocrx_word' id='word_1_424' title='bbox 1324 3096 1448 3157; x_wconf 80' lang='grc' dir='ltr'>τοὺς</span> <span class='ocrx_word' id='word_1_425' title='bbox 1471 3094 1585 3148; x_wconf 79' lang='grc' dir='ltr'><strong>ἄνω</strong></span> <span class='ocrx_word' id='word_1_426' title='bbox 1613 3094 1817 3164; x_wconf 78' lang='grc' dir='ltr'>μυχοὺς</span> <span class='ocrx_word' id='word_1_427' title='bbox 1843 3092 2030 3154; x_wconf 82' lang='grc' dir='ltr'>Ἀσίας</span> 
     </span>
    </p>
   </div>
   <div class='ocr_carea' id='block_1_61' title="bbox 444 3184 2024 3258">
    <p class='ocr_par' dir='ltr' id='par_1_61' title="bbox 444 3184 2024 3258">
     <span class='ocr_line' id='line_1_61' title="bbox 444 3184 2024 3258; baseline 0.002 -23"><span class='ocrx_word' id='word_1_428' title='bbox 444 3185 709 3254; x_wconf 79' lang='grc' dir='ltr'>σχίζεται,</span> <span class='ocrx_word' id='word_1_429' title='bbox 746 3186 829 3248; x_wconf 89' lang='grc' dir='ltr'><strong>είς</strong></span> <span class='ocrx_word' id='word_1_430' title='bbox 866 3186 962 3237; x_wconf 81' lang='grc' dir='ltr'>τὸν</span> <span class='ocrx_word' id='word_1_431' title='bbox 992 3184 1186 3239; x_wconf 91' lang='grc' dir='ltr'>τούτου</span> <span class='ocrx_word' id='word_1_432' title='bbox 1236 3186 1402 3238; x_wconf 83' lang='grc' dir='ltr'>πόθον</span> <span class='ocrx_word' id='word_1_433' title='bbox 1435 3185 1791 3258; x_wconf 84' lang='grc' dir='ltr'>συνέδραμον,</span> <span class='ocrx_word' id='word_1_434' title='bbox 1836 3186 2024 3239; x_wconf 80' lang='grc' dir='ltr'>ἑκάτε-</span> 
     </span>
    </p>
   </div>
   <div class='ocr_carea' id='block_1_62' title="bbox 448 3273 2028 3347">
    <p class='ocr_par' dir='ltr' id='par_1_62' title="bbox 448 3273 2028 3347">
     <span class='ocr_line' id='line_1_62' title="bbox 448 3273 2028 3347; baseline -0.001 -20"><span class='ocrx_word' id='word_1_435' title='bbox 448 3292 537 3347; x_wconf 89' lang='grc' dir='ltr'><strong>ρος</strong></span> <span class='ocrx_word' id='word_1_436' title='bbox 591 3274 953 3346; x_wconf 82' lang='grc' dir='ltr'>προαρπάσαι</span> <span class='ocrx_word' id='word_1_437' title='bbox 1016 3276 1117 3339; x_wconf 87' lang='grc' dir='ltr'>τὰς</span> <span class='ocrx_word' id='word_1_438' title='bbox 1174 3274 1398 3345; x_wconf 82' lang='grc' dir='ltr'>πρώτας</span> <span class='ocrx_word' id='word_1_439' title='bbox 1443 3275 1639 3339; x_wconf 81' lang='grc' dir='ltr'>ὠδῖνας</span> <span class='ocrx_word' id='word_1_440' title='bbox 1690 3275 1792 3343; x_wconf 87' lang='grc' dir='ltr'><strong>τῆς</strong></span> <span class='ocrx_word' id='word_1_441' title='bbox 1837 3273 2028 3327; x_wconf 86' lang='grc' dir='ltr'>τούτου</span> 
     </span>
    </p>
   </div>
   <div class='ocr_carea' id='block_1_63' title="bbox 448 3366 2030 3439">
    <p class='ocr_par' dir='ltr' id='par_1_63' title="bbox 448 3366 2030 3439">
     <span class='ocr_line' id='line_1_63' title="bbox 448 3366 2030 3439; baseline -0.001 -19"><span class='ocrx_word' id='word_1_442' title='bbox 448 3367 711 3438; x_wconf 81' lang='grc' dir='ltr'>γλώττης</span> <span class='ocrx_word' id='word_1_443' title='bbox 748 3367 1090 3438; x_wconf 81' lang='grc' dir='ltr'>βουλόμενος.</span> <span class='ocrx_word' id='word_1_444' title='bbox 1123 3369 1198 3421; x_wconf 85' lang='grc' dir='ltr'>Ού</span> <span class='ocrx_word' id='word_1_445' title='bbox 1231 3371 1616 3439; x_wconf 84' lang='grc' dir='ltr'>μιμησάμενος</span> <span class='ocrx_word' id='word_1_446' title='bbox 1648 3368 1740 3421; x_wconf 82' lang='grc' dir='ltr'>τὸν</span> <span class='ocrx_word' id='word_1_447' title='bbox 1769 3366 2030 3436; x_wconf 84' lang='grc' dir='ltr'>μυστικὸν</span> 
     </span>
    </p>
   </div>
   <div class='ocr_carea' id='block_1_64' title="bbox 446 3458 2025 3534">
    <p class='ocr_par' dir='ltr' id='par_1_64' title="bbox 446 3458 2025 3534">
     <span class='ocr_line' id='line_1_64' title="bbox 446 3458 2025 3534; baseline -0.004 -19"><span class='ocrx_word' id='word_1_448' title='bbox 446 3462 633 3531; x_wconf 84' lang='grc' dir='ltr'>νόμον,</span> <span class='ocrx_word' id='word_1_449' title='bbox 664 3461 724 3525; x_wconf 86' lang='grc' dir='ltr'>ὃς</span> <span class='ocrx_word' id='word_1_450' title='bbox 755 3461 971 3534; x_wconf 76' lang='grc' dir='ltr'>ἐπόπτῃ</span> <span class='ocrx_word' id='word_1_451' title='bbox 997 3478 1057 3514; x_wconf 88' lang='grc' dir='ltr'><strong>τε</strong></span> <span class='ocrx_word' id='word_1_452' title='bbox 1102 3461 1198 3513; x_wconf 82' lang='grc' dir='ltr'>καὶ</span> <span class='ocrx_word' id='word_1_453' title='bbox 1234 3458 1415 3530; x_wconf 83' lang='grc' dir='ltr'>μύστῃ</span> <span class='ocrx_word' id='word_1_454' title='bbox 1454 3459 1662 3529; x_wconf 80' lang='grc' dir='ltr'>μερίζει</span> <span class='ocrx_word' id='word_1_455' title='bbox 1688 3458 1780 3511; x_wconf 82' lang='grc' dir='ltr'>τὸν</span> <span class='ocrx_word' id='word_1_456' title='bbox 1817 3458 2025 3529; x_wconf 87' lang='grc' dir='ltr'>χρόνον,</span> 
     </span>
    </p>
   </div>
   <div class='ocr_carea' id='block_1_65' title="bbox 443 3549 2027 3622">
    <p class='ocr_par' dir='ltr' id='par_1_65' title="bbox 443 3549 2027 3622">
     <span class='ocr_line' id='line_1_65' title="bbox 443 3549 2027 3622; baseline -0.002 -16"><span class='ocrx_word' id='word_1_457' title='bbox 443 3552 581 3607; x_wconf 81' lang='grc' dir='ltr'>ἀλλὰ</span> <span class='ocrx_word' id='word_1_458' title='bbox 598 3554 691 3606; x_wconf 80' lang='grc' dir='ltr'>τὸν</span> <span class='ocrx_word' id='word_1_459' title='bbox 714 3552 879 3606; x_wconf 76' lang='grc' dir='ltr'>αὐτὸν</span> <span class='ocrx_word' id='word_1_460' title='bbox 907 3554 965 3606; x_wconf 78' lang='grc' dir='ltr'>ὲν</span> <span class='ocrx_word' id='word_1_461' title='bbox 991 3550 1177 3622; x_wconf 90' lang='grc' dir='ltr'>ταυτῷ</span> <span class='ocrx_word' id='word_1_462' title='bbox 1212 3550 1425 3622; x_wconf 85' lang='grc' dir='ltr'>μύστην</span> <span class='ocrx_word' id='word_1_463' title='bbox 1445 3566 1503 3605; x_wconf 87' lang='grc' dir='ltr'><strong>τε</strong></span> <span class='ocrx_word' id='word_1_464' title='bbox 1529 3549 1666 3620; x_wconf 81' lang='grc' dir='ltr'>ὁμοῦ</span> <span class='ocrx_word' id='word_1_465' title='bbox 1694 3550 1789 3603; x_wconf 77' lang='grc' dir='ltr'>καὶ</span> <span class='ocrx_word' id='word_1_466' title='bbox 1815 3550 2027 3619; x_wconf 83' lang='grc' dir='ltr'>προφή-</span> 
     </span>
    </p>
   </div>
   <div class='ocr_carea' id='block_1_66' title="bbox 440 3641 2026 3714">
    <p class='ocr_par' dir='ltr' id='par_1_66' title="bbox 440 3641 2026 3714">
     <span class='ocr_line' id='line_1_66' title="bbox 440 3641 2026 3714; baseline 0 -19"><span class='ocrx_word' id='word_1_467' title='bbox 440 3660 545 3713; x_wconf 86' lang='grc' dir='ltr'><strong>την</strong></span> <span class='ocrx_word' id='word_1_468' title='bbox 572 3645 671 3713; x_wconf 91' lang='grc' dir='ltr'><strong>τῆς</strong></span> <span class='ocrx_word' id='word_1_469' title='bbox 699 3646 850 3714; x_wconf 75' lang='grc' dir='ltr'>ἱερᾶς</span> <span class='ocrx_word' id='word_1_470' title='bbox 875 3643 1099 3713; x_wconf 87' lang='grc' dir='ltr'>τελετῆς</span> <span class='ocrx_word' id='word_1_471' title='bbox 1136 3641 1247 3696; x_wconf 91' lang='grc' dir='ltr'><strong>τῶν</strong></span> <span class='ocrx_word' id='word_1_472' title='bbox 1276 3643 1337 3697; x_wconf 72' lang='grc' dir='ltr'><strong>ἑν</strong></span> <span class='ocrx_word' id='word_1_473' title='bbox 1382 3643 1466 3695; x_wconf 83' lang='grc' dir='ltr'>σοὶ</span> <span class='ocrx_word' id='word_1_474' title='bbox 1506 3642 1683 3711; x_wconf 84' lang='grc' dir='ltr'>λόγων</span> <span class='ocrx_word' id='word_1_475' title='bbox 1712 3641 2026 3711; x_wconf 84' lang='grc' dir='ltr'>δεξάμενος,</span> 
     </span>
    </p>
   </div>
   <div class='ocr_carea' id='block_1_67' title="bbox 444 3733 2028 3805">
    <p class='ocr_par' dir='ltr' id='par_1_67' title="bbox 444 3733 2028 3805">
     <span class='ocr_line' id='line_1_67' title="bbox 444 3733 2028 3805; baseline -0.003 -17"><span class='ocrx_word' id='word_1_476' title='bbox 444 3735 655 3798; x_wconf 68' lang='grc' dir='ltr'>ἔδωκας</span> <span class='ocrx_word' id='word_1_477' title='bbox 700 3735 993 3805; x_wconf 84' lang='grc' dir='ltr'>ἀπλήστως</span> <span class='ocrx_word' id='word_1_478' title='bbox 1040 3751 1148 3787; x_wconf 90' lang='grc' dir='ltr'><strong>των</strong></span> <span class='ocrx_word' id='word_1_479' title='bbox 1186 3734 1399 3789; x_wconf 62' lang='grc' dir='ltr'>ἐκεῖθεν</span> <span class='ocrx_word' id='word_1_480' title='bbox 1446 3734 1706 3805; x_wconf 79' lang='grc' dir='ltr'>ναμάτων</span> <span class='ocrx_word' id='word_1_481' title='bbox 1742 3733 2028 3803; x_wconf 65' lang='grc' dir='ltr'>ἐμπλήσας</span> 
     </span>
    </p>
   </div>
   <div class='ocr_carea' id='block_1_68' title="bbox 446 3825 2031 3898">
    <p class='ocr_par' dir='ltr' id='par_1_68' title="bbox 446 3825 2031 3898">
     <span class='ocr_line' id='line_1_68' title="bbox 446 3825 2031 3898; baseline -0.001 -18"><span class='ocrx_word' id='word_1_482' title='bbox 446 3827 597 3881; x_wconf 89' lang='grc' dir='ltr'>σθαι.</span> <span class='ocrx_word' id='word_1_483' title='bbox 627 3828 703 3880; x_wconf 84' lang='grc' dir='ltr'><strong>Ἦ</strong></span> <span class='ocrx_word' id='word_1_484' title='bbox 729 3827 829 3882; x_wconf 78' lang='grc' dir='ltr'>οὐκ</span> <span class='ocrx_word' id='word_1_485' title='bbox 854 3828 1099 3898; x_wconf 84' lang='grc' dir='ltr'>ἀκήκοας</span> <span class='ocrx_word' id='word_1_486' title='bbox 1127 3826 1203 3890; x_wconf 83' lang='grc' dir='ltr'><strong>ὡς</strong></span> <span class='ocrx_word' id='word_1_487' title='bbox 1224 3826 1380 3890; x_wconf 75' lang='grc' dir='ltr'>ὄντες</span> <span class='ocrx_word' id='word_1_488' title='bbox 1398 3827 1495 3882; x_wconf 79' lang='grc' dir='ltr'><strong>ἀνθ</strong></span> <span class='ocrx_word' id='word_1_489' title='bbox 1506 3844 1678 3898; x_wconf 88' lang='grc' dir='ltr'>ρωποι</span> <span class='ocrx_word' id='word_1_490' title='bbox 1709 3825 1771 3879; x_wconf 76' lang='grc' dir='ltr'>τὸ</span> <span class='ocrx_word' id='word_1_491' title='bbox 1802 3825 2031 3879; x_wconf 81' lang='grc' dir='ltr'>παλαιὸν</span> 
     </span>
    </p>
   </div>
   <div class='ocr_carea' id='block_1_69' title="bbox 443 3914 2032 3990">
    <p class='ocr_par' dir='ltr' id='par_1_69' title="bbox 443 3914 2032 3990">
     <span class='ocr_line' id='line_1_69' title="bbox 443 3914 2032 3990; baseline -0.004 -14"><span class='ocrx_word' id='word_1_492' title='bbox 443 3914 593 3977; x_wconf 70' lang='grc' dir='ltr'>οὗτοι</span> <span class='ocrx_word' id='word_1_493' title='bbox 611 3923 660 3976; x_wconf 79' lang='grc' dir='ltr'>οἱ</span> <span class='ocrx_word' id='word_1_494' title='bbox 687 3921 959 3989; x_wconf 77' lang='grc' dir='ltr'>τέττιγες,</span> <span class='ocrx_word' id='word_1_495' title='bbox 985 3919 1106 3973; x_wconf 73' lang='grc' dir='ltr'>εἶτα</span> <span class='ocrx_word' id='word_1_496' title='bbox 1135 3919 1300 3990; x_wconf 70' lang='grc' dir='ltr'>ἔρωτι</span> <span class='ocrx_word' id='word_1_497' title='bbox 1329 3919 1377 3952; x_wconf 83' lang='grc'>⁸⁸</span> <span class='ocrx_word' id='word_1_498' title='bbox 1405 3919 1640 3973; x_wconf 85' lang='grc' dir='ltr'>Μουσῶν</span> <span class='ocrx_word' id='word_1_499' title='bbox 1671 3920 1737 3973; x_wconf 81' lang='grc' dir='ltr'>ὲκ</span> <span class='ocrx_word' id='word_1_500' title='bbox 1761 3917 1856 3972; x_wconf 81' lang='grc' dir='ltr'>τοῦ</span> <span class='ocrx_word' id='word_1_501' title='bbox 1881 3918 2032 3990; x_wconf 80' lang='grc' dir='ltr'>ᾄδειν</span> 
     </span>
    </p>
   </div>
   <div class='ocr_carea' id='block_1_70' title="bbox 442 4011 2033 4084">
    <p class='ocr_par' dir='ltr' id='par_1_70' title="bbox 442 4011 2033 4084">
     <span class='ocr_line' id='line_1_70' title="bbox 442 4011 2033 4084; baseline -0.004 -14"><span class='ocrx_word' id='word_1_502' title='bbox 442 4017 534 4070; x_wconf 81' lang='grc' dir='ltr'>ἀεὶ</span> <span class='ocrx_word' id='word_1_503' title='bbox 563 4016 817 4078; x_wconf 75' lang='grc' dir='ltr'>λυθέντες</span> <span class='ocrx_word' id='word_1_504' title='bbox 849 4016 931 4079; x_wconf 84' lang='grc' dir='ltr'><strong>είς</strong></span> <span class='ocrx_word' id='word_1_505' title='bbox 965 4014 1145 4084; x_wconf 84' lang='grc' dir='ltr'>μέλος,</span> <span class='ocrx_word' id='word_1_506' title='bbox 1184 4015 1251 4067; x_wconf 83' lang='grc' dir='ltr'>ὲκ</span> <span class='ocrx_word' id='word_1_507' title='bbox 1297 4013 1395 4083; x_wconf 82' lang='grc' dir='ltr'>μὲν</span> <span class='ocrx_word' id='word_1_508' title='bbox 1422 4011 1733 4083; x_wconf 86' lang='grc' dir='ltr'>ἀνθρώπων</span> <span class='ocrx_word' id='word_1_509' title='bbox 1763 4013 1841 4075; x_wconf 81' lang='grc' dir='ltr'>εἰς</span> <span class='ocrx_word' id='word_1_510' title='bbox 1880 4011 2033 4081; x_wconf 78' lang='grc' dir='ltr'>ὅρνι-</span> 
     </span>
    </p>
   </div>
   <div class='ocr_carea' id='block_1_71' title="bbox 441 4104 2032 4178">
    <p class='ocr_par' dir='ltr' id='par_1_71' title="bbox 441 4104 2032 4178">
     <span class='ocr_line' id='line_1_71' title="bbox 441 4104 2032 4178; baseline -0.004 -15"><span class='ocrx_word' id='word_1_511' title='bbox 441 4109 564 4173; x_wconf 89' lang='grc' dir='ltr'>θας,</span> <span class='ocrx_word' id='word_1_512' title='bbox 598 4110 662 4162; x_wconf 78' lang='grc' dir='ltr'>ὲκ</span> <span class='ocrx_word' id='word_1_513' title='bbox 683 4107 743 4161; x_wconf 76' lang='grc' dir='ltr'>δὲ</span> <span class='ocrx_word' id='word_1_514' title='bbox 772 4107 918 4178; x_wconf 84' lang='grc' dir='ltr'>ᾠδῆς</span> <span class='ocrx_word' id='word_1_515' title='bbox 950 4108 1031 4170; x_wconf 75' lang='grc' dir='ltr'><strong>εἰς</strong></span> <span class='ocrx_word' id='word_1_516' title='bbox 1054 4106 1197 4177; x_wconf 80' lang='grc' dir='ltr'><strong>ᾠδὴν</strong></span> <span class='ocrx_word' id='word_1_517' title='bbox 1229 4104 1395 4175; x_wconf 87' lang='grc' dir='ltr'>ἀλλην</span> <span class='ocrx_word' id='word_1_518' title='bbox 1416 4104 1706 4175; x_wconf 77' lang='grc' dir='ltr'>μετέϐαλον</span> <span class='ocrx_word' id='word_1_519' title='bbox 1721 4104 1768 4136; x_wconf 74' lang='grc'>⁸⁸</span> <span class='ocrx_word' id='word_1_520' title='bbox 1790 4120 1805 4170; x_wconf 91' lang='grc'><strong>;</strong></span> <span class='ocrx_word' id='word_1_521' title='bbox 1831 4105 2032 4157; x_wconf 74' lang='grc' dir='ltr'>’Ἄκουε</span> 
     </span>
    </p>
   </div>
   <div class='ocr_carea' id='block_1_72' title="bbox 441 4201 2031 4276">
    <p class='ocr_par' dir='ltr' id='par_1_72' title="bbox 441 4201 2031 4276">
     <span class='ocr_line' id='line_1_72' title="bbox 441 4201 2031 4276; baseline -0.004 -16"><span class='ocrx_word' id='word_1_522' title='bbox 441 4206 508 4276; x_wconf 83' lang='grc' dir='ltr'>δὴ</span> <span class='ocrx_word' id='word_1_523' title='bbox 541 4205 635 4259; x_wconf 80' lang='grc' dir='ltr'>τὸν</span> <span class='ocrx_word' id='word_1_524' title='bbox 664 4205 833 4275; x_wconf 81' lang='grc' dir='ltr'>μῦθον</span> <span class='ocrx_word' id='word_1_525' title='bbox 859 4219 877 4236; x_wconf 78' lang='grc' dir='ltr'><strong>ο</strong></span> <span class='ocrx_word' id='word_1_526' title='bbox 918 4204 1049 4257; x_wconf 88' lang='grc' dir='ltr'>Ὅτε</span> <span class='ocrx_word' id='word_1_527' title='bbox 1101 4205 1228 4265; x_wconf 71' lang='grc' dir='ltr'>τοὺς</span> <span class='ocrx_word' id='word_1_528' title='bbox 1254 4202 1579 4272; x_wconf 84' lang='grc' dir='ltr'>ἀνθρώπους</span> <span class='ocrx_word' id='word_1_529' title='bbox 1626 4203 1654 4254; x_wconf 86' lang='grc' dir='ltr'>ὁ</span> <span class='ocrx_word' id='word_1_530' title='bbox 1706 4201 1840 4264; x_wconf 78' lang='grc' dir='ltr'>Ζεὺς</span> <span class='ocrx_word' id='word_1_531' title='bbox 1880 4201 2031 4269; x_wconf 80' lang='grc' dir='ltr'>ἐγέν-</span> 
     </span>
    </p>
   </div>
   <div class='ocr_carea' id='block_1_73' title="bbox 2132 2814 3714 2888">
    <p class='ocr_par' dir='ltr' id='par_1_73' title="bbox 2132 2814 3714 2888">
     <span class='ocr_line' id='line_1_73' title="bbox 2132 2814 3714 2888; baseline 0.004 -21"><span class='ocrx_word' id='word_1_532' title='bbox 2132 2814 2319 2869; x_wconf 87' lang='lat' dir='ltr'><strong>cidens</strong></span> <span class='ocrx_word' id='word_1_533' title='bbox 2373 2814 2682 2869; x_wconf 86' lang='lat' dir='ltr'><strong>sollicitudo</strong></span> <span class='ocrx_word' id='word_1_534' title='bbox 2733 2814 3008 2877; x_wconf 79' lang='lat' dir='ltr'><strong>conﬂavit.</strong></span> <span class='ocrx_word' id='word_1_535' title='bbox 3064 2819 3109 2871; x_wconf 92' lang='lat' dir='ltr'><strong>si</strong></span> <span class='ocrx_word' id='word_1_536' title='bbox 3142 2818 3300 2873; x_wconf 82' lang='lat' dir='ltr'><strong>vobis</strong></span> <span class='ocrx_word' id='word_1_537' title='bbox 3353 2830 3569 2888; x_wconf 88' lang='lat' dir='ltr'><strong>gratmn</strong></span> <span class='ocrx_word' id='word_1_538' title='bbox 3609 2830 3714 2884; x_wconf 89' lang='lat' dir='ltr'><strong>est,</strong></span> 
     </span>
    </p>
   </div>
   <div class='ocr_carea' id='block_1_74' title="bbox 2131 2905 3717 2976">
    <p class='ocr_par' dir='ltr' id='par_1_74' title="bbox 2131 2905 3717 2976">
     <span class='ocr_line' id='line_1_74' title="bbox 2131 2905 3717 2976; baseline 0.003 -17"><span class='ocrx_word' id='word_1_539' title='bbox 2131 2907 2293 2959; x_wconf 90' lang='lat' dir='ltr'><strong>etiam</strong></span> <span class='ocrx_word' id='word_1_540' title='bbox 2325 2906 2391 2960; x_wconf 88' lang='lat' dir='ltr'><strong>ad</strong></span> <span class='ocrx_word' id='word_1_541' title='bbox 2420 2919 2518 2959; x_wconf 85' lang='lat' dir='ltr'><strong>vos</strong></span> <span class='ocrx_word' id='word_1_542' title='bbox 2545 2905 2927 2975; x_wconf 86' lang='lat' dir='ltr'><strong>pronuntiabo.</strong></span> <span class='ocrx_word' id='word_1_543' title='bbox 2987 2905 3229 2976; x_wconf 85' lang='lat' dir='ltr'><strong>Uterque</strong></span> <span class='ocrx_word' id='word_1_544' title='bbox 3255 2908 3422 2963; x_wconf 86' lang='lat' dir='ltr'><strong>tantis</strong></span> <span class='ocrx_word' id='word_1_545' title='bbox 3455 2908 3717 2965; x_wconf 55' lang='lat' dir='ltr'><strong>intervala</strong></span> 
     </span>
    </p>
   </div>
   <div class='ocr_carea' id='block_1_75' title="bbox 2132 2995 3713 3070">
    <p class='ocr_par' dir='ltr' id='par_1_75' title="bbox 2132 2995 3713 3070">
     <span class='ocr_line' id='line_1_75' title="bbox 2132 2995 3713 3070; baseline 0.003 -19"><span class='ocrx_word' id='word_1_546' title='bbox 2132 2997 2200 3052; x_wconf 75' lang='lat' dir='ltr'><strong>lis</strong></span> <span class='ocrx_word' id='word_1_547' title='bbox 2233 3011 2261 3050; x_wconf 89' lang='lat' dir='ltr'><strong>a</strong></span> <span class='ocrx_word' id='word_1_548' title='bbox 2329 2995 2507 3067; x_wconf 90' lang='lat' dir='ltr'><strong>capite</strong></span> <span class='ocrx_word' id='word_1_549' title='bbox 2557 2996 2625 3051; x_wconf 91' lang='lat' dir='ltr'><strong>ab</strong></span> <span class='ocrx_word' id='word_1_550' title='bbox 2669 2998 2899 3052; x_wconf 86' lang='lat' dir='ltr'><strong>invicem</strong></span> <span class='ocrx_word' id='word_1_551' title='bbox 2944 2999 3230 3063; x_wconf 84' lang='lat' dir='ltr'><strong>distantes.</strong></span> <span class='ocrx_word' id='word_1_552' title='bbox 3286 3010 3487 3070; x_wconf 84' lang='lat' dir='ltr'><strong>quanto</strong></span> <span class='ocrx_word' id='word_1_553' title='bbox 3537 3004 3713 3056; x_wconf 88' lang='lat' dir='ltr'><strong>media</strong></span> 
     </span>
    </p>
   </div>
   <div class='ocr_carea' id='block_1_76' title="bbox 2131 3087 3715 3161">
    <p class='ocr_par' dir='ltr' id='par_1_76' title="bbox 2131 3087 3715 3161">
     <span class='ocr_line' id='line_1_76' title="bbox 2131 3087 3715 3161; baseline 0.001 -17"><span class='ocrx_word' id='word_1_554' title='bbox 2131 3087 2361 3158; x_wconf 65' lang='lat' dir='ltr'><strong>Elll‘opm</strong></span> <span class='ocrx_word' id='word_1_555' title='bbox 2392 3092 2459 3145; x_wconf 89' lang='lat' dir='ltr'><strong>ab</strong></span> <span class='ocrx_word' id='word_1_556' title='bbox 2488 3090 2753 3145; x_wconf 83' lang='lat' dir='ltr'><strong>extremis</strong></span> <span class='ocrx_word' id='word_1_557' title='bbox 2794 3090 2937 3145; x_wconf 78' lang='lat' dir='ltr'><strong>Asia:</strong></span> <span class='ocrx_word' id='word_1_558' title='bbox 2967 3091 3102 3148; x_wconf 89' lang='lat' dir='ltr'><strong>locis</strong></span> <span class='ocrx_word' id='word_1_559' title='bbox 3143 3104 3489 3161; x_wconf 86' lang='lat' dir='ltr'><strong>separantur,</strong></span> <span class='ocrx_word' id='word_1_560' title='bbox 3526 3096 3577 3147; x_wconf 90' lang='lat' dir='ltr'><strong>in</strong></span> <span class='ocrx_word' id='word_1_561' title='bbox 3612 3094 3715 3148; x_wconf 87' lang='lat' dir='ltr'><strong>hu-</strong></span> 
     </span>
    </p>
   </div>
   <div class='ocr_carea' id='block_1_77' title="bbox 2125 3182 3717 3255">
    <p class='ocr_par' dir='ltr' id='par_1_77' title="bbox 2125 3182 3717 3255">
     <span class='ocr_line' id='line_1_77' title="bbox 2125 3182 3717 3255; baseline 0.005 -22"><span class='ocrx_word' id='word_1_562' title='bbox 2125 3182 2215 3252; x_wconf 88' lang='lat' dir='ltr'><strong>jus</strong></span> <span class='ocrx_word' id='word_1_563' title='bbox 2271 3196 2509 3237; x_wconf 84' lang='lat' dir='ltr'><strong>amorem</strong></span> <span class='ocrx_word' id='word_1_564' title='bbox 2542 3194 2960 3250; x_wconf 81' lang='lat' dir='ltr'><strong>concurrerunt,</strong></span> <span class='ocrx_word' id='word_1_565' title='bbox 2999 3194 3228 3253; x_wconf 89' lang='lat' dir='ltr'><strong>uterque</strong></span> <span class='ocrx_word' id='word_1_566' title='bbox 3278 3187 3574 3254; x_wconf 78' lang='lat' dir='ltr'><strong>praeripere</strong></span> <span class='ocrx_word' id='word_1_567' title='bbox 3606 3187 3717 3255; x_wconf 86' lang='lat' dir='ltr'><strong>pri-</strong></span> 
     </span>
    </p>
   </div>
   <div class='ocr_carea' id='block_1_78' title="bbox 2130 3275 3714 3346">
    <p class='ocr_par' dir='ltr' id='par_1_78' title="bbox 2130 3275 3714 3346">
     <span class='ocr_line' id='line_1_78' title="bbox 2130 3275 3714 3346; baseline 0.003 -17"><span class='ocrx_word' id='word_1_568' title='bbox 2130 3290 2250 3330; x_wconf 90' lang='lat' dir='ltr'><strong>mos</strong></span> <span class='ocrx_word' id='word_1_569' title='bbox 2303 3285 2490 3346; x_wconf 87' lang='lat' dir='ltr'><strong>partus</strong></span> <span class='ocrx_word' id='word_1_570' title='bbox 2536 3275 2695 3343; x_wconf 85' lang='lat' dir='ltr'><strong>hujus</strong></span> <span class='ocrx_word' id='word_1_571' title='bbox 2751 3276 2949 3346; x_wconf 59' lang='lat' dir='ltr'><strong>linguae</strong></span> <span class='ocrx_word' id='word_1_572' title='bbox 2990 3288 3241 3345; x_wconf 86' lang='lat' dir='ltr'><strong>conatus,</strong></span> <span class='ocrx_word' id='word_1_573' title='bbox 3300 3294 3407 3334; x_wconf 93' lang='lat' dir='ltr'><strong>non</strong></span> <span class='ocrx_word' id='word_1_574' title='bbox 3468 3280 3714 3334; x_wconf 85' lang='lat' dir='ltr'><strong>imitatus</strong></span> 
     </span>
    </p>
   </div>
   <div class='ocr_carea' id='block_1_79' title="bbox 2132 3368 3716 3438">
    <p class='ocr_par' dir='ltr' id='par_1_79' title="bbox 2132 3368 3716 3438">
     <span class='ocr_line' id='line_1_79' title="bbox 2132 3368 3716 3438; baseline 0.003 -16"><span class='ocrx_word' id='word_1_575' title='bbox 2132 3383 2344 3422; x_wconf 85' lang='lat' dir='ltr'><strong>sacram</strong></span> <span class='ocrx_word' id='word_1_576' title='bbox 2398 3368 2595 3437; x_wconf 87' lang='lat' dir='ltr'><strong>legem,</strong></span> <span class='ocrx_word' id='word_1_577' title='bbox 2652 3369 2743 3437; x_wconf 91' lang='lat' dir='ltr'><strong>qui</strong></span> <span class='ocrx_word' id='word_1_578' title='bbox 2796 3368 3113 3438; x_wconf 87' lang='lat' dir='ltr'><strong>inspectori,</strong></span> <span class='ocrx_word' id='word_1_579' title='bbox 3170 3378 3227 3426; x_wconf 90' lang='lat' dir='ltr'><strong>et</strong></span> <span class='ocrx_word' id='word_1_580' title='bbox 3276 3372 3452 3426; x_wconf 87' lang='lat' dir='ltr'><strong>sacris</strong></span> <span class='ocrx_word' id='word_1_581' title='bbox 3505 3373 3716 3428; x_wconf 89' lang='lat' dir='ltr'><strong>initiato</strong></span> 
     </span>
    </p>
   </div>
   <div class='ocr_carea' id='block_1_80' title="bbox 2133 3459 3714 3529">
    <p class='ocr_par' dir='ltr' id='par_1_80' title="bbox 2133 3459 3714 3529">
     <span class='ocr_line' id='line_1_80' title="bbox 2133 3459 3714 3529; baseline 0.004 -16"><span class='ocrx_word' id='word_1_582' title='bbox 2133 3469 2345 3529; x_wconf 86' lang='lat' dir='ltr'><strong>tempus</strong></span> <span class='ocrx_word' id='word_1_583' title='bbox 2391 3459 2659 3523; x_wconf 84' lang='lat' dir='ltr'><strong>attribuit,</strong></span> <span class='ocrx_word' id='word_1_584' title='bbox 2703 3460 2798 3514; x_wconf 90' lang='lat' dir='ltr'><strong>sed</strong></span> <span class='ocrx_word' id='word_1_585' title='bbox 2850 3461 3122 3528; x_wconf 90' lang='lat' dir='ltr'><strong>eumdem,</strong></span> <span class='ocrx_word' id='word_1_586' title='bbox 3156 3472 3211 3517; x_wconf 90' lang='lat' dir='ltr'><strong>et</strong></span> <span class='ocrx_word' id='word_1_587' title='bbox 3248 3463 3590 3518; x_wconf 86' lang='lat' dir='ltr'><strong>sacerdotem</strong></span> <span class='ocrx_word' id='word_1_588' title='bbox 3636 3466 3714 3520; x_wconf 92' lang='lat' dir='ltr'><strong>si-</strong></span> 
     </span>
    </p>
   </div>
   <div class='ocr_carea' id='block_1_81' title="bbox 2134 3550 3717 3621">
    <p class='ocr_par' dir='ltr' id='par_1_81' title="bbox 2134 3550 3717 3621">
     <span class='ocr_line' id='line_1_81' title="bbox 2134 3550 3717 3621; baseline 0.005 -18"><span class='ocrx_word' id='word_1_589' title='bbox 2134 3550 2265 3615; x_wconf 91' lang='lat' dir='ltr'><strong>mul,</strong></span> <span class='ocrx_word' id='word_1_590' title='bbox 2299 3560 2353 3605; x_wconf 92' lang='lat' dir='ltr'><strong>et</strong></span> <span class='ocrx_word' id='word_1_591' title='bbox 2398 3551 2755 3621; x_wconf 86' lang='lat' dir='ltr'><strong>inspectorem</strong></span> <span class='ocrx_word' id='word_1_592' title='bbox 2802 3567 2973 3607; x_wconf 68' lang='lat' dir='ltr'><strong>sacrae</strong></span> <span class='ocrx_word' id='word_1_593' title='bbox 3012 3554 3203 3609; x_wconf 69' lang='lat' dir='ltr'><strong>hostia:</strong></span> <span class='ocrx_word' id='word_1_594' title='bbox 3243 3556 3296 3609; x_wconf 93' lang='lat' dir='ltr'><strong>in</strong></span> <span class='ocrx_word' id='word_1_595' title='bbox 3328 3554 3433 3611; x_wconf 90' lang='lat' dir='ltr'><strong>hac</strong></span> <span class='ocrx_word' id='word_1_596' title='bbox 3469 3565 3560 3612; x_wconf 86' lang='lat' dir='ltr'><strong>tua</strong></span> <span class='ocrx_word' id='word_1_597' title='bbox 3588 3572 3717 3613; x_wconf 85' lang='lat' dir='ltr'><strong>ora-</strong></span> 
     </span>
    </p>
   </div>
   <div class='ocr_carea' id='block_1_82' title="bbox 2134 3643 3717 3713">
    <p class='ocr_par' dir='ltr' id='par_1_82' title="bbox 2134 3643 3717 3713">
     <span class='ocr_line' id='line_1_82' title="bbox 2134 3643 3717 3713; baseline 0.004 -16"><span class='ocrx_word' id='word_1_598' title='bbox 2134 3644 2281 3698; x_wconf 91' lang='lat' dir='ltr'><strong>tione</strong></span> <span class='ocrx_word' id='word_1_599' title='bbox 2304 3658 2425 3698; x_wconf 88' lang='lat' dir='ltr'><strong>esse</strong></span> <span class='ocrx_word' id='word_1_600' title='bbox 2462 3643 2764 3709; x_wconf 82' lang='lat' dir='ltr'><strong>declarans,</strong></span> <span class='ocrx_word' id='word_1_601' title='bbox 2797 3643 2994 3699; x_wconf 89' lang='lat' dir='ltr'><strong>dedisti</strong></span> <span class='ocrx_word' id='word_1_602' title='bbox 3028 3644 3114 3700; x_wconf 89' lang='lat' dir='ltr'><strong>bis</strong></span> <span class='ocrx_word' id='word_1_603' title='bbox 3146 3646 3302 3713; x_wconf 85' lang='lat' dir='ltr'><strong>aquis</strong></span> <span class='ocrx_word' id='word_1_604' title='bbox 3325 3646 3445 3701; x_wconf 89' lang='lat' dir='ltr'><strong>sine</strong></span> <span class='ocrx_word' id='word_1_605' title='bbox 3464 3647 3717 3704; x_wconf 89' lang='lat' dir='ltr'><strong>satietate</strong></span> 
     </span>
    </p>
   </div>
   <div class='ocr_carea' id='block_1_83' title="bbox 2134 3733 3716 3807">
    <p class='ocr_par' dir='ltr' id='par_1_83' title="bbox 2134 3733 3716 3807">
     <span class='ocr_line' id='line_1_83' title="bbox 2134 3733 3716 3807; baseline 0.004 -18"><span class='ocrx_word' id='word_1_606' title='bbox 2134 3734 2369 3805; x_wconf 83' lang='lat' dir='ltr'><strong>impleri.</strong></span> <span class='ocrx_word' id='word_1_607' title='bbox 2415 3733 2609 3790; x_wconf 83' lang='lat' dir='ltr'><strong>Annon</strong></span> <span class='ocrx_word' id='word_1_608' title='bbox 2681 3736 2937 3790; x_wconf 87' lang='lat' dir='ltr'><strong>audivisti</strong></span> <span class='ocrx_word' id='word_1_609' title='bbox 3011 3738 3280 3807; x_wconf 91' lang='lat' dir='ltr'><strong>quomodo</strong></span> <span class='ocrx_word' id='word_1_610' title='bbox 3333 3738 3583 3795; x_wconf 85' lang='lat' dir='ltr'><strong>homines</strong></span> <span class='ocrx_word' id='word_1_611' title='bbox 3638 3740 3716 3795; x_wconf 87' lang='lat' dir='ltr'><strong>illi</strong></span> 
     </span>
    </p>
   </div>
   <div class='ocr_carea' id='block_1_84' title="bbox 2132 3826 3715 3894">
    <p class='ocr_par' dir='ltr' id='par_1_84' title="bbox 2132 3826 3715 3894">
     <span class='ocr_line' id='line_1_84' title="bbox 2132 3826 3715 3894; baseline 0.005 -14"><span class='ocrx_word' id='word_1_612' title='bbox 2132 3838 2258 3882; x_wconf 84' lang='lat' dir='ltr'><strong>ante</strong></span> <span class='ocrx_word' id='word_1_613' title='bbox 2311 3828 2511 3882; x_wconf 75' lang='lat' dir='ltr'><strong>cicada:</strong></span> <span class='ocrx_word' id='word_1_614' title='bbox 2559 3826 2798 3894; x_wconf 79' lang='lat' dir='ltr'><strong>fuerint;</strong></span> <span class='ocrx_word' id='word_1_615' title='bbox 2841 3827 3037 3884; x_wconf 89' lang='lat' dir='ltr'><strong>deinde</strong></span> <span class='ocrx_word' id='word_1_616' title='bbox 3086 3828 3364 3884; x_wconf 75' lang='lat' dir='ltr'><strong>Musarum</strong></span> <span class='ocrx_word' id='word_1_617' title='bbox 3414 3845 3601 3888; x_wconf 89' lang='lat' dir='ltr'><strong>amore</strong></span> <span class='ocrx_word' id='word_1_618' title='bbox 3645 3834 3715 3888; x_wconf 88' lang='lat' dir='ltr'><strong>ob</strong></span> 
     </span>
    </p>
   </div>
   <div class='ocr_carea' id='block_1_85' title="bbox 2134 3918 3715 3987">
    <p class='ocr_par' dir='ltr' id='par_1_85' title="bbox 2134 3918 3715 3987">
     <span class='ocr_line' id='line_1_85' title="bbox 2134 3918 3715 3987; baseline 0.005 -16"><span class='ocrx_word' id='word_1_619' title='bbox 2134 3923 2457 3987; x_wconf 85' lang='lat' dir='ltr'><strong>perpetuum</strong></span> <span class='ocrx_word' id='word_1_620' title='bbox 2499 3925 2720 3972; x_wconf 90' lang='lat' dir='ltr'><strong>cantum</strong></span> <span class='ocrx_word' id='word_1_621' title='bbox 2771 3919 2824 3973; x_wconf 89' lang='lat' dir='ltr'><strong>in</strong></span> <span class='ocrx_word' id='word_1_622' title='bbox 2868 3918 3040 3975; x_wconf 89' lang='lat' dir='ltr'><strong>melos</strong></span> <span class='ocrx_word' id='word_1_623' title='bbox 3083 3918 3267 3985; x_wconf 89' lang='lat' dir='ltr'><strong>soluti,</strong></span> <span class='ocrx_word' id='word_1_624' title='bbox 3304 3935 3370 3976; x_wconf 84' lang='lat' dir='ltr'><strong>ex</strong></span> <span class='ocrx_word' id='word_1_625' title='bbox 3401 3922 3715 3979; x_wconf 89' lang='lat' dir='ltr'><strong>hominibus</strong></span> 
     </span>
    </p>
   </div>
   <div class='ocr_carea' id='block_1_86' title="bbox 2136 4009 3708 4075">
    <p class='ocr_par' dir='ltr' id='par_1_86' title="bbox 2136 4009 3708 4075">
     <span class='ocr_line' id='line_1_86' title="bbox 2136 4009 3708 4075; baseline 0.004 -13"><span class='ocrx_word' id='word_1_626' title='bbox 2136 4011 2188 4064; x_wconf 89' lang='lat' dir='ltr'><strong>in</strong></span> <span class='ocrx_word' id='word_1_627' title='bbox 2244 4024 2397 4075; x_wconf 81' lang='lat' dir='ltr'><strong>aves,</strong></span> <span class='ocrx_word' id='word_1_628' title='bbox 2446 4024 2515 4065; x_wconf 81' lang='lat' dir='ltr'><strong>ex</strong></span> <span class='ocrx_word' id='word_1_629' title='bbox 2565 4024 2673 4065; x_wconf 89' lang='lat' dir='ltr'><strong>una</strong></span> <span class='ocrx_word' id='word_1_630' title='bbox 2706 4009 2961 4066; x_wconf 84' lang='lat' dir='ltr'><strong>cautione</strong></span> <span class='ocrx_word' id='word_1_631' title='bbox 3013 4010 3067 4064; x_wconf 93' lang='lat' dir='ltr'><strong>in</strong></span> <span class='ocrx_word' id='word_1_632' title='bbox 3117 4011 3278 4065; x_wconf 85' lang='lat' dir='ltr'><strong>aliam</strong></span> <span class='ocrx_word' id='word_1_633' title='bbox 3327 4012 3708 4069; x_wconf 87' lang='lat' dir='ltr'><strong>transformati</strong></span> 
     </span>
    </p>
   </div>
   <div class='ocr_carea' id='block_1_87' title="bbox 2114 4096 3714 4168">
    <p class='ocr_par' dir='ltr' id='par_1_87' title="bbox 2114 4096 3714 4168">
     <span class='ocr_line' id='line_1_87' title="bbox 2114 4096 3714 4168; baseline 0.002 -15"><span class='ocrx_word' id='word_1_634' title='bbox 2114 4097 2276 4153; x_wconf 76' lang='lat' dir='ltr'><strong>sint?</strong></span> <span class='ocrx_word' id='word_1_635' title='bbox 2329 4096 2468 4152; x_wconf 86' lang='lat' dir='ltr'><strong>Audi</strong></span> <span class='ocrx_word' id='word_1_636' title='bbox 2503 4096 2743 4152; x_wconf 85' lang='lat' dir='ltr'><strong>fabulam</strong></span> <span class='ocrx_word' id='word_1_637' title='bbox 2776 4110 2791 4153; x_wconf 87' lang='lat'>:</span> <span class='ocrx_word' id='word_1_638' title='bbox 2837 4098 2972 4153; x_wconf 85' lang='lat' dir='ltr'><strong>Cum</strong></span> <span class='ocrx_word' id='word_1_639' title='bbox 3002 4096 3217 4168; x_wconf 86' lang='lat' dir='ltr'><strong>Jupiter</strong></span> <span class='ocrx_word' id='word_1_640' title='bbox 3244 4100 3496 4157; x_wconf 87' lang='lat' dir='ltr'><strong>homines</strong></span> <span class='ocrx_word' id='word_1_641' title='bbox 3527 4104 3714 4158; x_wconf 90' lang='lat' dir='ltr'><strong>condi-</strong></span> 
     </span>
    </p>
   </div>
   <div class='ocr_carea' id='block_1_88' title="bbox 2135 4190 3712 4261">
    <p class='ocr_par' dir='ltr' id='par_1_88' title="bbox 2135 4190 3712 4261">
     <span class='ocr_line' id='line_1_88' title="bbox 2135 4190 3712 4261; baseline 0.004 -19"><span class='ocrx_word' id='word_1_642' title='bbox 2135 4190 2325 4253; x_wconf 87' lang='lat' dir='ltr'><strong>disset,</strong></span> <span class='ocrx_word' id='word_1_643' title='bbox 2355 4190 2537 4245; x_wconf 89' lang='lat' dir='ltr'><strong>omnia</strong></span> <span class='ocrx_word' id='word_1_644' title='bbox 2574 4190 2677 4244; x_wconf 89' lang='lat' dir='ltr'><strong>alia</strong></span> <span class='ocrx_word' id='word_1_645' title='bbox 2705 4203 2771 4244; x_wconf 88' lang='lat' dir='ltr'><strong>eo</strong></span> <span class='ocrx_word' id='word_1_646' title='bbox 2803 4197 3129 4244; x_wconf 88' lang='lat' dir='ltr'><strong>ornamento</strong></span> <span class='ocrx_word' id='word_1_647' title='bbox 3160 4190 3401 4257; x_wconf 88' lang='lat' dir='ltr'><strong>fuerunt,</strong></span> <span class='ocrx_word' id='word_1_648' title='bbox 3434 4208 3543 4261; x_wconf 90' lang='lat' dir='ltr'><strong>quo</strong></span> <span class='ocrx_word' id='word_1_649' title='bbox 3565 4209 3712 4249; x_wconf 89' lang='lat' dir='ltr'><strong>nunc</strong></span> 
     </span>
    </p>
   </div>
   <div class='ocr_carea' id='block_1_89' title="bbox 442 4280 2028 4368">
    <p class='ocr_par' dir='ltr' id='par_1_89' title="bbox 442 4292 2019 4368">
     <span class='ocr_line' id='line_1_89' title="bbox 442 4292 2019 4368; baseline -0.004 -17"><span class='ocrx_word' id='word_1_650' title='bbox 442 4314 598 4368; x_wconf 85' lang='grc' dir='ltr'>νησε,</span> <span class='ocrx_word' id='word_1_651' title='bbox 625 4297 694 4351; x_wconf 83' lang='grc' dir='ltr'>τὰ</span> <span class='ocrx_word' id='word_1_652' title='bbox 724 4297 823 4367; x_wconf 81' lang='grc' dir='ltr'>μὲν</span> <span class='ocrx_word' id='word_1_653' title='bbox 853 4296 986 4351; x_wconf 83' lang='grc' dir='ltr'>ἀλλα</span> <span class='ocrx_word' id='word_1_654' title='bbox 1016 4296 1195 4350; x_wconf 78' lang='grc' dir='ltr'>πάντα</span> <span class='ocrx_word' id='word_1_655' title='bbox 1219 4292 1367 4364; x_wconf 74' lang='grc' dir='ltr'>εἶχον</span> <span class='ocrx_word' id='word_1_656' title='bbox 1396 4292 1472 4357; x_wconf 86' lang='grc' dir='ltr'><strong>ὡς</strong></span> <span class='ocrx_word' id='word_1_657' title='bbox 1503 4292 1599 4346; x_wconf 81' lang='grc' dir='ltr'><strong>νῦν</strong></span> <span class='ocrx_word' id='word_1_658' title='bbox 1627 4293 2019 4365; x_wconf 88' lang='grc' dir='ltr'>κεκόσμηνται,</span> 
     </span>
    </p>
   </div>
   <div class='ocr_carea' id='block_1_90' title="bbox 2134 4280 3708 4368">
    <p class='ocr_par' dir='ltr' id='par_1_90' title="bbox 2134 4280 3708 4353">
     <span class='ocr_line' id='line_1_90' title="bbox 2134 4280 3708 4353; baseline 0.001 -17"><span class='ocrx_word' id='word_1_659' title='bbox 2134 4293 2254 4337; x_wconf 89' lang='lat' dir='ltr'><strong>sunt</strong></span> <span class='ocrx_word' id='word_1_660' title='bbox 2283 4282 2442 4353; x_wconf 73' lang='grc' dir='ltr'><strong>(ιδ’).</strong></span> <span class='ocrx_word' id='word_1_661' title='bbox 2479 4281 2690 4351; x_wconf 87' lang='lat' dir='ltr'><strong>Cupido</strong></span> <span class='ocrx_word' id='word_1_662' title='bbox 2719 4290 2896 4335; x_wconf 89' lang='lat' dir='ltr'><strong>autem</strong></span> <span class='ocrx_word' id='word_1_663' title='bbox 2931 4280 3167 4334; x_wconf 89' lang='lat' dir='ltr'><strong>nondum</strong></span> <span class='ocrx_word' id='word_1_664' title='bbox 3203 4281 3399 4336; x_wconf 90' lang='lat' dir='ltr'><strong>animis</strong></span> <span class='ocrx_word' id='word_1_665' title='bbox 3426 4282 3708 4337; x_wconf 88' lang='lat' dir='ltr'><strong>hominum</strong></span> 
     </span>
    </p>
   </div>
   <div class='ocr_carea' id='block_1_91' title="bbox 445 4383 2024 4458">
    <p class='ocr_par' dir='ltr' id='par_1_91' title="bbox 445 4383 2024 4458">
     <span class='ocr_line' id='line_1_91' title="bbox 445 4383 2024 4458; baseline -0.002 -17"><span class='ocrx_word' id='word_1_666' title='bbox 445 4389 627 4458; x_wconf 82' lang='grc' dir='ltr'>Ἔρως</span> <span class='ocrx_word' id='word_1_667' title='bbox 658 4388 717 4441; x_wconf 80' lang='grc' dir='ltr'>δὲ</span> <span class='ocrx_word' id='word_1_668' title='bbox 749 4386 903 4441; x_wconf 75' lang='grc' dir='ltr'>οὔπω</span> <span class='ocrx_word' id='word_1_669' title='bbox 944 4388 1064 4450; x_wconf 85' lang='grc' dir='ltr'>ταῖς</span> <span class='ocrx_word' id='word_1_670' title='bbox 1097 4386 1297 4456; x_wconf 81' lang='grc' dir='ltr'>ψυχαῖς</span> <span class='ocrx_word' id='word_1_671' title='bbox 1327 4384 1438 4437; x_wconf 89' lang='grc' dir='ltr'><strong>τῶν</strong></span> <span class='ocrx_word' id='word_1_672' title='bbox 1478 4383 1785 4457; x_wconf 77' lang='grc' dir='ltr'>ἀνθρώπων</span> <span class='ocrx_word' id='word_1_673' title='bbox 1824 4384 2024 4452; x_wconf 77' lang='grc' dir='ltr'>ἐγκατ-</span> 
     </span>
    </p>
   </div>
   <div class='ocr_carea' id='block_1_92' title="bbox 438 4470 2020 4553">
    <p class='ocr_par' dir='ltr' id='par_1_92' title="bbox 438 4470 2020 4553">
     <span class='ocr_line' id='line_1_92' title="bbox 438 4470 2020 4553; baseline -0.002 -19"><span class='ocrx_word' id='word_1_674' title='bbox 438 4480 688 4553; x_wconf 80' lang='grc' dir='ltr'>ῳκίζετο,</span> <span class='ocrx_word' id='word_1_675' title='bbox 721 4480 835 4534; x_wconf 77' lang='grc' dir='ltr'>ἀλλ’</span> <span class='ocrx_word' id='word_1_676' title='bbox 863 4480 1001 4551; x_wconf 78' lang='grc' dir='ltr'>ἔχων</span> <span class='ocrx_word' id='word_1_677' title='bbox 1022 4479 1101 4533; x_wconf 75' lang='grc' dir='ltr'>ἔτι</span> <span class='ocrx_word' id='word_1_678' title='bbox 1122 4483 1185 4532; x_wconf 75' lang='grc' dir='ltr'>τὸ</span> <span class='ocrx_word' id='word_1_679' title='bbox 1214 4477 1410 4548; x_wconf 82' lang='grc' dir='ltr'>πτερὸν</span> <span class='ocrx_word' id='word_1_680' title='bbox 1430 4480 1457 4530; x_wconf 85' lang='grc' dir='ltr'>ὁ</span> <span class='ocrx_word' id='word_1_681' title='bbox 1472 4476 1611 4541; x_wconf 79' lang='grc' dir='ltr'>Θεὸς</span> <span class='ocrx_word' id='word_1_682' title='bbox 1635 4470 1788 4540; x_wconf 71' lang='grc' dir='ltr'>οὗτος</span> <span class='ocrx_word' id='word_1_683' title='bbox 1817 4477 2020 4547; x_wconf 87' lang='grc' dir='ltr'>μετάρ-</span> 
     </span>
    </p>
   </div>
   <div class='ocr_carea' id='block_1_93' title="bbox 441 4566 2023 4644">
    <p class='ocr_par' dir='ltr' id='par_1_93' title="bbox 441 4566 2023 4644">
     <span class='ocr_line' id='line_1_93' title="bbox 441 4566 2023 4644; baseline -0.004 -20"><span class='ocrx_word' id='word_1_684' title='bbox 441 4589 556 4626; x_wconf 88' lang='grc' dir='ltr'>σιον</span> <span class='ocrx_word' id='word_1_685' title='bbox 585 4572 800 4644; x_wconf 82' lang='grc' dir='ltr'>οὐρανῷ</span> <span class='ocrx_word' id='word_1_686' title='bbox 824 4588 882 4625; x_wconf 89' lang='grc' dir='ltr'><strong>τε</strong></span> <span class='ocrx_word' id='word_1_687' title='bbox 930 4570 1182 4641; x_wconf 79' lang='grc' dir='ltr'>ὲνωμίλει</span> <span class='ocrx_word' id='word_1_688' title='bbox 1222 4568 1318 4622; x_wconf 67' lang='grc' dir='ltr'>καὶ</span> <span class='ocrx_word' id='word_1_689' title='bbox 1358 4569 1439 4631; x_wconf 79' lang='grc' dir='ltr'><strong>εἱς</strong></span> <span class='ocrx_word' id='word_1_690' title='bbox 1476 4567 1632 4629; x_wconf 82' lang='grc' dir='ltr'>θεοὺς</span> <span class='ocrx_word' id='word_1_691' title='bbox 1671 4566 1864 4637; x_wconf 87' lang='grc' dir='ltr'>μόνους</span> <span class='ocrx_word' id='word_1_692' title='bbox 1903 4566 2023 4618; x_wconf 79' lang='grc' dir='ltr'>ἐτό-</span> 
     </span>
    </p>
   </div>
   <div class='ocr_carea' id='block_1_94' title="bbox 442 4656 2026 4733">
    <p class='ocr_par' dir='ltr' id='par_1_94' title="bbox 442 4656 2026 4733">
     <span class='ocr_line' id='line_1_94' title="bbox 442 4656 2026 4733; baseline -0.006 -16"><span class='ocrx_word' id='word_1_693' title='bbox 442 4664 585 4731; x_wconf 81' lang='grc' dir='ltr'>ξευε.</span> <span class='ocrx_word' id='word_1_694' title='bbox 631 4665 825 4727; x_wconf 85' lang='grc' dir='ltr'>Δείσας</span> <span class='ocrx_word' id='word_1_695' title='bbox 859 4662 915 4715; x_wconf 79' lang='grc' dir='ltr'>δὲ</span> <span class='ocrx_word' id='word_1_696' title='bbox 946 4662 1020 4733; x_wconf 83' lang='grc' dir='ltr'>μὴ</span> <span class='ocrx_word' id='word_1_697' title='bbox 1062 4660 1211 4733; x_wconf 81' lang='grc' dir='ltr'>αὐτῷ</span> <span class='ocrx_word' id='word_1_698' title='bbox 1239 4659 1510 4730; x_wconf 82' lang='grc' dir='ltr'>ἀφανισθῇ</span> <span class='ocrx_word' id='word_1_699' title='bbox 1545 4657 1653 4711; x_wconf 88' lang='grc' dir='ltr'><strong>τῶν</strong></span> <span class='ocrx_word' id='word_1_700' title='bbox 1701 4656 2026 4727; x_wconf 81' lang='grc' dir='ltr'>ποιημάτων</span> 
     </span>
    </p>
   </div>
   <div class='ocr_carea' id='block_1_95' title="bbox 440 4746 2024 4826">
    <p class='ocr_par' dir='ltr' id='par_1_95' title="bbox 440 4746 2024 4826">
     <span class='ocr_line' id='line_1_95' title="bbox 440 4746 2024 4826; baseline -0.009 -15"><span class='ocrx_word' id='word_1_701' title='bbox 440 4758 504 4811; x_wconf 86' lang='grc' dir='ltr'><strong>τδ</strong></span> <span class='ocrx_word' id='word_1_702' title='bbox 550 4757 866 4821; x_wconf 69' lang='grc' dir='ltr'>κάλλιστον,</span> <span class='ocrx_word' id='word_1_703' title='bbox 912 4756 1134 4826; x_wconf 81' lang='grc' dir='ltr'>’Ἔρωτα</span> <span class='ocrx_word' id='word_1_704' title='bbox 1180 4754 1393 4822; x_wconf 87' lang='grc' dir='ltr'>πέμπει</span> <span class='ocrx_word' id='word_1_705' title='bbox 1431 4749 1527 4803; x_wconf 76' lang='grc' dir='ltr'><strong>τοῦ</strong></span> <span class='ocrx_word' id='word_1_706' title='bbox 1569 4748 1679 4803; x_wconf 92' lang='grc' dir='ltr'><strong>τῶν</strong></span> <span class='ocrx_word' id='word_1_707' title='bbox 1720 4746 2024 4817; x_wconf 87' lang='grc' dir='ltr'>ἀνθρώπων</span> 
     </span>
    </p>
   </div>
   <div class='ocr_carea' id='block_1_96' title="bbox 440 4837 2022 4917">
    <p class='ocr_par' dir='ltr' id='par_1_96' title="bbox 440 4837 2022 4917">
     <span class='ocr_line' id='line_1_96' title="bbox 440 4837 2022 4917; baseline -0.008 -16"><span class='ocrx_word' id='word_1_708' title='bbox 440 4847 633 4917; x_wconf 81' lang='grc' dir='ltr'>γένους</span> <span class='ocrx_word' id='word_1_709' title='bbox 660 4847 918 4916; x_wconf 83' lang='grc' dir='ltr'>ἐσόμενον</span> <span class='ocrx_word' id='word_1_710' title='bbox 966 4845 1204 4913; x_wconf 89' lang='grc' dir='ltr'>φύλακα.</span> <span class='ocrx_word' id='word_1_711' title='bbox 1246 4845 1306 4896; x_wconf 92' lang='lat'><strong>&#39;0</strong></span> <span class='ocrx_word' id='word_1_712' title='bbox 1343 4844 1400 4895; x_wconf 82' lang='grc' dir='ltr'>δὲ</span> <span class='ocrx_word' id='word_1_713' title='bbox 1428 4841 1633 4911; x_wconf 88' lang='grc' dir='ltr'>ταύτην</span> <span class='ocrx_word' id='word_1_714' title='bbox 1672 4841 1736 4892; x_wconf 82' lang='grc' dir='ltr'>ἐκ</span> <span class='ocrx_word' id='word_1_715' title='bbox 1776 4837 1893 4901; x_wconf 82' lang='grc' dir='ltr'>Διὸς</span> <span class='ocrx_word' id='word_1_716' title='bbox 1923 4837 2022 4908; x_wconf 86' lang='grc' dir='ltr'>τὴν</span> 
     </span>
    </p>
   </div>
   <div class='ocr_carea' id='block_1_97' title="bbox 441 4927 2015 5010">
    <p class='ocr_par' dir='ltr' id='par_1_97' title="bbox 441 4927 2015 5010">
     <span class='ocr_line' id='line_1_97' title="bbox 441 4927 2015 5010; baseline -0.008 -18"><span class='ocrx_word' id='word_1_717' title='bbox 441 4939 739 5010; x_wconf 72' lang='grc' dir='ltr'>ἐπιτροπὴν</span> <span class='ocrx_word' id='word_1_718' title='bbox 767 4936 969 4999; x_wconf 75' lang='grc' dir='ltr'>λαϐὼν,</span> <span class='ocrx_word' id='word_1_719' title='bbox 994 4936 1054 4990; x_wconf 77' lang='grc' dir='ltr'>τὸ</span> <span class='ocrx_word' id='word_1_720' title='bbox 1078 4936 1177 5006; x_wconf 82' lang='grc' dir='ltr'><strong>μὲν</strong></span> <span class='ocrx_word' id='word_1_721' title='bbox 1211 4935 1449 4997; x_wconf 75' lang='grc' dir='ltr'>ἀπάσαις</span> <span class='ocrx_word' id='word_1_722' title='bbox 1476 4932 1677 5002; x_wconf 77' lang='grc' dir='ltr'>ψυχαῖς</span> <span class='ocrx_word' id='word_1_723' title='bbox 1708 4927 2015 4997; x_wconf 80' lang='grc' dir='ltr'>ὲγκατοικί-</span> 
     </span>
    </p>
   </div>
   <div class='ocr_carea' id='block_1_98' title="bbox 444 5019 2026 5099">
    <p class='ocr_par' dir='ltr' id='par_1_98' title="bbox 444 5019 2026 5099">
     <span class='ocr_line' id='line_1_98' title="bbox 444 5019 2026 5099; baseline -0.008 -18"><span class='ocrx_word' id='word_1_724' title='bbox 444 5027 690 5099; x_wconf 75' lang='grc' dir='ltr'>ζεσθαιῆ</span> <span class='ocrx_word' id='word_1_725' title='bbox 730 5028 838 5081; x_wconf 81' lang='grc' dir='ltr'><strong>πᾶν</strong></span> <span class='ocrx_word' id='word_1_726' title='bbox 864 5027 949 5080; x_wconf 75' lang='grc' dir='ltr'><strong>ἐπ’</strong></span> <span class='ocrx_word' id='word_1_727' title='bbox 980 5026 1103 5096; x_wconf 81' lang='grc' dir='ltr'>ἴσης</span> <span class='ocrx_word' id='word_1_728' title='bbox 1131 5020 1262 5097; x_wconf 69' lang='grc' dir='ltr'>ἦθος</span> <span class='ocrx_word' id='word_1_729' title='bbox 1296 5021 1538 5086; x_wconf 83' lang='grc' dir='ltr'>νεοτελές</span> <span class='ocrx_word' id='word_1_730' title='bbox 1562 5037 1623 5074; x_wconf 89' lang='grc' dir='ltr'><strong>τε</strong></span> <span class='ocrx_word' id='word_1_731' title='bbox 1663 5025 1760 5073; x_wconf 69' lang='grc' dir='ltr'>καὶ</span> <span class='ocrx_word' id='word_1_732' title='bbox 1799 5019 2026 5090; x_wconf 78' lang='grc' dir='ltr'>βέϐηλον</span> 
     </span>
    </p>
   </div>
   <div class='ocr_carea' id='block_1_99' title="bbox 2129 4367 3705 4439">
    <p class='ocr_par' dir='ltr' id='par_1_99' title="bbox 2129 4367 3705 4439">
     <span class='ocr_line' id='line_1_99' title="bbox 2129 4367 3705 4439; baseline 0.001 -13"><span class='ocrx_word' id='word_1_733' title='bbox 2129 4371 2419 4434; x_wconf 86' lang='lat' dir='ltr'><strong>insidebat,</strong></span> <span class='ocrx_word' id='word_1_734' title='bbox 2468 4372 2562 4426; x_wconf 90' lang='lat' dir='ltr'><strong>sed</strong></span> <span class='ocrx_word' id='word_1_735' title='bbox 2614 4368 2819 4424; x_wconf 83' lang='lat' dir='ltr'><strong>habens</strong></span> <span class='ocrx_word' id='word_1_736' title='bbox 2870 4369 3004 4425; x_wconf 92' lang='lat' dir='ltr'><strong>deus</strong></span> <span class='ocrx_word' id='word_1_737' title='bbox 3052 4367 3142 4423; x_wconf 91' lang='lat' dir='ltr'><strong>ille</strong></span> <span class='ocrx_word' id='word_1_738' title='bbox 3186 4371 3434 4439; x_wconf 87' lang='lat' dir='ltr'><strong>lugentes</strong></span> <span class='ocrx_word' id='word_1_739' title='bbox 3489 4371 3604 4427; x_wconf 87' lang='lat' dir='ltr'><strong>alas</strong></span> <span class='ocrx_word' id='word_1_740' title='bbox 3652 4372 3705 4427; x_wconf 92' lang='lat' dir='ltr'><strong>in</strong></span> 
     </span>
    </p>
   </div>
   <div class='ocr_carea' id='block_1_100' title="bbox 2131 4460 3708 4528">
    <p class='ocr_par' dir='ltr' id='par_1_100' title="bbox 2131 4460 3708 4528">
     <span class='ocr_line' id='line_1_100' title="bbox 2131 4460 3708 4528; baseline 0.001 -11"><span class='ocrx_word' id='word_1_741' title='bbox 2131 4462 2269 4519; x_wconf 62' lang='lat' dir='ltr'><strong>coelo</strong></span> <span class='ocrx_word' id='word_1_742' title='bbox 2298 4461 2601 4528; x_wconf 83' lang='lat' dir='ltr'><strong>habitabat,</strong></span> <span class='ocrx_word' id='word_1_743' title='bbox 2636 4469 2691 4517; x_wconf 92' lang='lat' dir='ltr'><strong>et</strong></span> <span class='ocrx_word' id='word_1_744' title='bbox 2721 4461 2774 4514; x_wconf 92' lang='lat' dir='ltr'><strong>in</strong></span> <span class='ocrx_word' id='word_1_745' title='bbox 2808 4461 2953 4515; x_wconf 89' lang='lat' dir='ltr'><strong>solos</strong></span> <span class='ocrx_word' id='word_1_746' title='bbox 2983 4462 3114 4516; x_wconf 89' lang='lat' dir='ltr'><strong>deos</strong></span> <span class='ocrx_word' id='word_1_747' title='bbox 3156 4460 3265 4516; x_wconf 87' lang='lat' dir='ltr'><strong>tela</strong></span> <span class='ocrx_word' id='word_1_748' title='bbox 3305 4461 3560 4517; x_wconf 87' lang='lat' dir='ltr'><strong>vibravit.</strong></span> <span class='ocrx_word' id='word_1_749' title='bbox 3597 4463 3708 4518; x_wconf 86' lang='lat' dir='ltr'><strong>Me-</strong></span> 
     </span>
    </p>
   </div>
   <div class='ocr_carea' id='block_1_101' title="bbox 2132 4552 3708 4627">
    <p class='ocr_par' dir='ltr' id='par_1_101' title="bbox 2132 4552 3708 4627">
     <span class='ocr_line' id='line_1_101' title="bbox 2132 4552 3708 4627; baseline 0.003 -19"><span class='ocrx_word' id='word_1_750' title='bbox 2132 4562 2291 4608; x_wconf 91' lang='lat' dir='ltr'><strong>tuens</strong></span> <span class='ocrx_word' id='word_1_751' title='bbox 2321 4564 2500 4608; x_wconf 92' lang='lat' dir='ltr'><strong>autem</strong></span> <span class='ocrx_word' id='word_1_752' title='bbox 2529 4567 2597 4606; x_wconf 93' lang='lat' dir='ltr'><strong>ne</strong></span> <span class='ocrx_word' id='word_1_753' title='bbox 2634 4552 2996 4620; x_wconf 86' lang='lat' dir='ltr'><strong>pulcherrima</strong></span> <span class='ocrx_word' id='word_1_754' title='bbox 3021 4554 3266 4608; x_wconf 91' lang='lat' dir='ltr'><strong>omnium</strong></span> <span class='ocrx_word' id='word_1_755' title='bbox 3299 4564 3553 4611; x_wconf 88' lang='lat' dir='ltr'><strong>creatura</strong></span> <span class='ocrx_word' id='word_1_756' title='bbox 3580 4573 3708 4627; x_wconf 88' lang='lat' dir='ltr'><strong>pes-</strong></span> 
     </span>
    </p>
   </div>
   <div class='ocr_carea' id='block_1_102' title="bbox 2133 4642 3707 4714">
    <p class='ocr_par' dir='ltr' id='par_1_102' title="bbox 2133 4642 3707 4714">
     <span class='ocr_line' id='line_1_102' title="bbox 2133 4642 3707 4714; baseline 0.003 -13"><span class='ocrx_word' id='word_1_757' title='bbox 2133 4645 2376 4711; x_wconf 85' lang='lat' dir='ltr'><strong>sumiret,</strong></span> <span class='ocrx_word' id='word_1_758' title='bbox 2409 4642 2730 4714; x_wconf 88' lang='lat' dir='ltr'><strong>Cupidinem</strong></span> <span class='ocrx_word' id='word_1_759' title='bbox 2766 4645 2834 4699; x_wconf 90' lang='lat' dir='ltr'><strong>ad</strong></span> <span class='ocrx_word' id='word_1_760' title='bbox 2879 4645 3128 4701; x_wconf 90' lang='lat' dir='ltr'><strong>homines</strong></span> <span class='ocrx_word' id='word_1_761' title='bbox 3158 4648 3546 4705; x_wconf 88' lang='lat' dir='ltr'><strong>custodiendos</strong></span> <span class='ocrx_word' id='word_1_762' title='bbox 3604 4653 3707 4705; x_wconf 86' lang='lat' dir='ltr'><strong>mi-</strong></span> 
     </span>
    </p>
   </div>
   <div class='ocr_carea' id='block_1_103' title="bbox 2131 4734 3707 4808">
    <p class='ocr_par' dir='ltr' id='par_1_103' title="bbox 2131 4734 3707 4808">
     <span class='ocr_line' id='line_1_103' title="bbox 2131 4734 3707 4808; baseline 0.003 -18"><span class='ocrx_word' id='word_1_763' title='bbox 2131 4736 2224 4790; x_wconf 89' lang='lat' dir='ltr'><strong>sit.</strong></span> <span class='ocrx_word' id='word_1_764' title='bbox 2253 4734 2347 4790; x_wconf 89' lang='lat' dir='ltr'><strong>Ille</strong></span> <span class='ocrx_word' id='word_1_765' title='bbox 2392 4735 2574 4790; x_wconf 87' lang='lat' dir='ltr'><strong>datam</strong></span> <span class='ocrx_word' id='word_1_766' title='bbox 2611 4750 2640 4788; x_wconf 91' lang='lat' dir='ltr'><strong>a</strong></span> <span class='ocrx_word' id='word_1_767' title='bbox 2671 4734 2804 4791; x_wconf 75' lang='lat' dir='ltr'><strong>Jove</strong></span> <span class='ocrx_word' id='word_1_768' title='bbox 2849 4745 3172 4803; x_wconf 90' lang='lat' dir='ltr'><strong>potestatem</strong></span> <span class='ocrx_word' id='word_1_769' title='bbox 3209 4736 3502 4808; x_wconf 87' lang='lat' dir='ltr'><strong>abripiens,</strong></span> <span class='ocrx_word' id='word_1_770' title='bbox 3534 4740 3707 4794; x_wconf 83' lang='lat' dir='ltr'><strong>omni-</strong></span> 
     </span>
    </p>
   </div>
   <div class='ocr_carea' id='block_1_104' title="bbox 2132 4822 3706 4893">
    <p class='ocr_par' dir='ltr' id='par_1_104' title="bbox 2132 4822 3706 4893">
     <span class='ocr_line' id='line_1_104' title="bbox 2132 4822 3706 4893; baseline 0.005 -14"><span class='ocrx_word' id='word_1_771' title='bbox 2132 4828 2231 4881; x_wconf 86' lang='lat' dir='ltr'><strong>hus</strong></span> <span class='ocrx_word' id='word_1_772' title='bbox 2268 4826 2480 4883; x_wconf 90' lang='lat' dir='ltr'><strong>scilicet</strong></span> <span class='ocrx_word' id='word_1_773' title='bbox 2529 4828 2799 4883; x_wconf 86' lang='lat' dir='ltr'><strong>mentibus</strong></span> <span class='ocrx_word' id='word_1_774' title='bbox 2830 4828 3091 4893; x_wconf 86' lang='lat' dir='ltr'><strong>insidere,</strong></span> <span class='ocrx_word' id='word_1_775' title='bbox 3118 4827 3204 4884; x_wconf 89' lang='lat' dir='ltr'><strong>vel</strong></span> <span class='ocrx_word' id='word_1_776' title='bbox 3234 4829 3288 4883; x_wconf 94' lang='lat' dir='ltr'><strong>in</strong></span> <span class='ocrx_word' id='word_1_777' title='bbox 3316 4822 3568 4886; x_wconf 86' lang='lat' dir='ltr'><strong>omnibus</strong></span> <span class='ocrx_word' id='word_1_778' title='bbox 3593 4846 3706 4887; x_wconf 85' lang='lat' dir='ltr'><strong>coe-</strong></span> 
     </span>
    </p>
   </div>
   <div class='ocr_carea' id='block_1_105' title="bbox 2130 4919 3701 4993">
    <p class='ocr_par' dir='ltr' id='par_1_105' title="bbox 2130 4919 3701 4993">
     <span class='ocr_line' id='line_1_105' title="bbox 2130 4919 3701 4993; baseline 0.003 -22"><span class='ocrx_word' id='word_1_779' title='bbox 2130 4919 2354 4976; x_wconf 72' lang='lat' dir='ltr'><strong>lestibus</strong></span> <span class='ocrx_word' id='word_1_780' title='bbox 2400 4934 2466 4975; x_wconf 92' lang='lat' dir='ltr'><strong>ac</strong></span> <span class='ocrx_word' id='word_1_781' title='bbox 2516 4920 2778 4991; x_wconf 82' lang='lat' dir='ltr'><strong>profanis,</strong></span> <span class='ocrx_word' id='word_1_782' title='bbox 2834 4934 2989 4991; x_wconf 69' lang='lat' dir='ltr'><strong>teque</strong></span> <span class='ocrx_word' id='word_1_783' title='bbox 3058 4921 3302 4976; x_wconf 87' lang='lat' dir='ltr'><strong>habitare</strong></span> <span class='ocrx_word' id='word_1_784' title='bbox 3344 4920 3463 4976; x_wconf 90' lang='lat' dir='ltr'><strong>loco</strong></span> <span class='ocrx_word' id='word_1_785' title='bbox 3516 4923 3701 4993; x_wconf 91' lang='lat' dir='ltr'><strong>templi</strong></span> 
     </span>
    </p>
   </div>
   <div class='ocr_carea' id='block_1_106' title="bbox 2134 5013 3702 5084">
    <p class='ocr_par' dir='ltr' id='par_1_106' title="bbox 2134 5013 3702 5084">
     <span class='ocr_line' id='line_1_106' title="bbox 2134 5013 3702 5084; baseline 0.001 -18"><span class='ocrx_word' id='word_1_786' title='bbox 2134 5014 2325 5069; x_wconf 84' lang='lat' dir='ltr'><strong>voluit.</strong></span> <span class='ocrx_word' id='word_1_787' title='bbox 2368 5013 2476 5069; x_wconf 88' lang='lat' dir='ltr'><strong>Sed</strong></span> <span class='ocrx_word' id='word_1_788' title='bbox 2521 5013 2720 5069; x_wconf 89' lang='lat' dir='ltr'><strong>multas</strong></span> <span class='ocrx_word' id='word_1_789' title='bbox 2762 5022 2813 5069; x_wconf 91' lang='lat' dir='ltr'><strong>et</strong></span> <span class='ocrx_word' id='word_1_790' title='bbox 2841 5013 3085 5084; x_wconf 86' lang='lat' dir='ltr'><strong>gregales</strong></span> <span class='ocrx_word' id='word_1_791' title='bbox 3117 5023 3331 5070; x_wconf 88' lang='lat' dir='ltr'><strong>mentes</strong></span> <span class='ocrx_word' id='word_1_792' title='bbox 3364 5030 3550 5072; x_wconf 88' lang='lat' dir='ltr'><strong>amore</strong></span> <span class='ocrx_word' id='word_1_793' title='bbox 3586 5016 3702 5071; x_wconf 90' lang='lat' dir='ltr'><strong>vul-</strong></span> 
     </span>
    </p>
   </div>
   <div class='ocr_carea' id='block_1_107' title="bbox 1738 5174 2418 5235">
    <p class='ocr_par' dir='ltr' id='par_1_107' title="bbox 1738 5174 2418 5235">
     <span class='ocr_line' id='line_1_107' title="bbox 1738 5174 2418 5235; baseline -0.01 0"><span class='ocrx_word' id='word_1_794' title='bbox 1738 5177 1975 5235; x_wconf 66' lang='grc' dir='ltr'><strong>ἾΔΒΙᾹΞ</strong></span> <span class='ocrx_word' id='word_1_795' title='bbox 2015 5174 2418 5231; x_wconf 74' lang='lat' dir='ltr'><strong>LECTIONES.</strong></span> 
     </span>
    </p>
   </div>
   <div class='ocr_carea' id='block_1_108' title="bbox 513 5295 2712 5437">
    <p class='ocr_par' dir='ltr' id='par_1_108' title="bbox 513 5295 2712 5437">
     <span class='ocr_line' id='line_1_108' title="bbox 513 5295 2676 5376; baseline -0.008 -17"><span class='ocrx_word' id='word_1_796' title='bbox 513 5304 557 5339; x_wconf 82' lang='grc'><strong>⁷⁸</strong></span> <span class='ocrx_word' id='word_1_797' title='bbox 578 5304 811 5375; x_wconf 84' lang='grc' dir='ltr'>θεωρίας</span> <span class='ocrx_word' id='word_1_798' title='bbox 830 5304 893 5358; x_wconf 82' lang='lat' dir='ltr'><strong>C.</strong></span> <span class='ocrx_word' id='word_1_799' title='bbox 979 5306 1025 5339; x_wconf 71' lang='grc' dir='ltr'><strong>τ’</strong></span> <span class='ocrx_word' id='word_1_800' title='bbox 1048 5303 1105 5356; x_wconf 78' lang='grc' dir='ltr'>δὲ</span> <span class='ocrx_word' id='word_1_801' title='bbox 1128 5306 1203 5357; x_wconf 80' lang='lat' dir='ltr'><strong>A:</strong></span> <span class='ocrx_word' id='word_1_802' title='bbox 1231 5317 1296 5369; x_wconf 84' lang='grc' dir='ltr'><strong>γε</strong></span> <span class='ocrx_word' id='word_1_803' title='bbox 1331 5318 1389 5366; x_wconf 78' lang='grc' dir='ltr'><strong>ς.</strong></span> <span class='ocrx_word' id='word_1_804' title='bbox 1458 5298 1503 5331; x_wconf 77' lang='grc'><strong>⁸⁵</strong></span> <span class='ocrx_word' id='word_1_805' title='bbox 1527 5296 1797 5359; x_wconf 84' lang='grc' dir='ltr'>διαθέσεις</span> <span class='ocrx_word' id='word_1_806' title='bbox 1828 5295 1894 5349; x_wconf 78' lang='lat' dir='ltr'><strong>A:</strong></span> <span class='ocrx_word' id='word_1_807' title='bbox 1926 5295 2197 5376; x_wconf 69' lang='lat' dir='ltr'><strong>Oéast;_g.</strong></span> <span class='ocrx_word' id='word_1_808' title='bbox 2300 5295 2345 5323; x_wconf 73' lang='grc' dir='ltr'><strong>ἰ</strong></span> <span class='ocrx_word' id='word_1_809' title='bbox 2394 5295 2676 5376; x_wconf 77' lang='grc' dir='ltr'>προσὸά).ῃ</span> 
     </span>
     <span class='ocr_line' id='line_1_109' title="bbox 516 5361 2712 5437; baseline -0.008 -7"><span class='ocrx_word' id='word_1_810' title='bbox 516 5374 677 5430; x_wconf 81' lang='lat' dir='ltr'><strong>rftus:</strong></span> <span class='ocrx_word' id='word_1_811' title='bbox 708 5374 1205 5437; x_wconf 76' lang='grc' dir='ltr'>συνεξαιρουμίνων</span> <span class='ocrx_word' id='word_1_812' title='bbox 1257 5390 1320 5437; x_wconf 79' lang='grc' dir='ltr'>ς.</span> <span class='ocrx_word' id='word_1_813' title='bbox 1426 5370 1473 5413; x_wconf 70' lang='grc'><strong>⁸⁸</strong></span> <span class='ocrx_word' id='word_1_814' title='bbox 1504 5368 1669 5437; x_wconf 72' lang='grc' dir='ltr'>ἔρωσι</span> <span class='ocrx_word' id='word_1_815' title='bbox 1698 5384 1759 5432; x_wconf 81' lang='grc' dir='ltr'>ς.</span> <span class='ocrx_word' id='word_1_816' title='bbox 1854 5364 2201 5437; x_wconf 56' lang='grc' dir='ltr'><strong>Ἠ’μετέϐαλον</strong></span> <span class='ocrx_word' id='word_1_817' title='bbox 2230 5361 2296 5417; x_wconf 80' lang='lat' dir='ltr'><strong>B:</strong></span> <span class='ocrx_word' id='word_1_818' title='bbox 2325 5361 2652 5433; x_wconf 72' lang='grc' dir='ltr'>μετεδαλλον</span> <span class='ocrx_word' id='word_1_819' title='bbox 2675 5377 2712 5425; x_wconf 84' lang='grc' dir='ltr'>ς</span> 
     </span>
    </p>
   </div>
   <div class='ocr_carea' id='block_1_109' title="bbox 443 5368 1759 5445">
    <p class='ocr_par' dir='ltr' id='par_1_109' title="bbox 443 5368 1759 5445">
     <span class='ocr_line' id='line_1_110' title="bbox 443 5368 1759 5445; baseline -0.008 -16"><span class='ocrx_word' id='word_1_820' title='bbox 443 5368 1205 5445; x_wconf 71' lang='grc' dir='ltr'>ιιοτίίιιες’συνεξαιρουμίνων</span> <span class='ocrx_word' id='word_1_821' title='bbox 1247 5368 1320 5437; x_wconf 72' lang='grc' dir='ltr'><strong>ς.</strong></span> <span class='ocrx_word' id='word_1_822' title='bbox 1426 5370 1473 5413; x_wconf 70' lang='grc'><strong>⁸⁸</strong></span> <span class='ocrx_word' id='word_1_823' title='bbox 1504 5368 1669 5441; x_wconf 72' lang='grc' dir='ltr'>ἔρωσι</span> <span class='ocrx_word' id='word_1_824' title='bbox 1698 5384 1759 5432; x_wconf 81' lang='grc' dir='ltr'>ς.</span> 
     </span>
    </p>
   </div>
   <div class='ocr_carea' id='block_1_110' title="bbox 2300 5282 3701 5361">
    <p class='ocr_par' dir='ltr' id='par_1_110' title="bbox 2300 5282 3701 5361">
     <span class='ocr_line' id='line_1_111' title="bbox 2300 5282 3701 5361; baseline -0.002 -18"><span class='ocrx_word' id='word_1_825' title='bbox 2300 5290 2345 5323; x_wconf 67' lang='grc' dir='ltr'><strong>ἰ</strong></span> <span class='ocrx_word' id='word_1_826' title='bbox 2394 5289 2676 5361; x_wconf 73' lang='grc' dir='ltr'>προσϐάλῃ</span> <span class='ocrx_word' id='word_1_827' title='bbox 2734 5286 2834 5343; x_wconf 80' lang='lat' dir='ltr'><strong>BC.</strong></span> <span class='ocrx_word' id='word_1_828' title='bbox 2886 5289 2933 5322; x_wconf 79' lang='grc'>⁸³</span> <span class='ocrx_word' id='word_1_829' title='bbox 2962 5287 3428 5361; x_wconf 71' lang='grc' dir='ltr'>συνεξαιρομένων</span> <span class='ocrx_word' id='word_1_830' title='bbox 3470 5282 3701 5341; x_wconf 75' lang='lat' dir='ltr'><strong>Werns-</strong></span> 
     </span>
    </p>
   </div>
   <div class='ocr_carea' id='block_1_111' title="bbox 1974 5470 2208 5527">
    <p class='ocr_par' dir='ltr' id='par_1_111' title="bbox 1974 5470 2208 5527">
     <span class='ocr_line' id='line_1_112' title="bbox 1974 5470 2208 5527; baseline 0.004 -1"><span class='ocrx_word' id='word_1_831' title='bbox 1974 5470 2208 5527; x_wconf 64' lang='lat' dir='ltr'><strong>NOTE.</strong></span> 
     </span>
    </p>
   </div>
   <div class='ocr_carea' id='block_1_112' title="bbox 515 5586 2499 5667">
    <p class='ocr_par' dir='ltr' id='par_1_112' title="bbox 515 5586 2499 5667">
     <span class='ocr_line' id='line_1_113' title="bbox 515 5586 2499 5667; baseline -0.007 -16"><span class='ocrx_word' id='word_1_832' title='bbox 515 5595 665 5667; x_wconf 64' lang='lat'><strong>(45&quot;)</strong></span> <span class='ocrx_word' id='word_1_833' title='bbox 707 5594 909 5652; x_wconf 81' lang='lat' dir='ltr'><strong>Confer</strong></span> <span class='ocrx_word' id='word_1_834' title='bbox 957 5610 1074 5664; x_wconf 71' lang='lat' dir='ltr'><strong>quae</strong></span> <span class='ocrx_word' id='word_1_835' title='bbox 1106 5592 1202 5649; x_wconf 87' lang='lat' dir='ltr'><strong>inf.</strong></span> <span class='ocrx_word' id='word_1_836' title='bbox 1248 5593 1302 5646; x_wconf 89' lang='lat' dir='ltr'><strong>in</strong></span> <span class='ocrx_word' id='word_1_837' title='bbox 1338 5591 1527 5647; x_wconf 73' lang='lat' dir='ltr'><strong>exorti.</strong></span> <span class='ocrx_word' id='word_1_838' title='bbox 1562 5599 1702 5644; x_wconf 87' lang='lat' dir='ltr'><strong>urat.</strong></span> <span class='ocrx_word' id='word_1_839' title='bbox 1753 5590 1805 5643; x_wconf 94' lang='lat' dir='ltr'><strong>in</strong></span> <span class='ocrx_word' id='word_1_840' title='bbox 1835 5589 2127 5643; x_wconf 86' lang='lat' dir='ltr'><strong>adventum</strong></span> <span class='ocrx_word' id='word_1_841' title='bbox 2153 5586 2499 5660; x_wconf 83' lang='lat' dir='ltr'><strong>Cypriorum.</strong></span> 
     </span>
    </p>
   </div>
   <div class='ocr_carea' id='block_1_113' title="bbox 770 5685 1412 5769">
    <p class='ocr_par' dir='ltr' id='par_1_113' title="bbox 770 5685 1412 5769">
     <span class='ocr_line' id='line_1_114' title="bbox 770 5685 1412 5769; baseline -0.012 -18"><span class='ocrx_word' id='word_1_842' title='bbox 770 5689 1043 5769; x_wconf 64' lang='lat' dir='ltr'><strong>Pnnot.</strong></span> <span class='ocrx_word' id='word_1_843' title='bbox 1091 5687 1208 5747; x_wconf 81' lang='lat' dir='ltr'><strong>Gn.</strong></span> <span class='ocrx_word' id='word_1_844' title='bbox 1256 5685 1412 5745; x_wconf 82' lang='lat' dir='ltr'><strong>CIII.</strong></span> 
     </span>
    </p>
   </div>
   <div class='ocr_carea' id='block_1_114' title="bbox 3297 5677 3375 5741">
    <p class='ocr_par' dir='ltr' id='par_1_114' title="bbox 3297 5677 3375 5741">
     <span class='ocr_line' id='line_1_115' title="bbox 3297 5677 3375 5741; baseline 0 0"><span class='ocrx_word' id='word_1_845' title='bbox 3297 5677 3375 5741; x_wconf 64' lang='lat' dir='ltr'><strong>b3</strong></span> 
     </span>
    </p>
   </div>
  </div>
