3990 6232
313 305 454 372 1355
1475 290 1740 354 ΡΗΟΤΙΙ
1775 289 1939 350 ΡΑΤΙ

2041 285 2283 346 tRCH/E
2322 283 2430 343 ΟΡ.
3450 267 3586 332 1556

314 422 428 490 gari
466 429 788 489 sponsarum
841 409 1096 481 occupari
1133 407 1299 463 dedit.
1349 404 1468 474 lpse
1499 417 1629 458 vero
1659 401 1889 456 deorum
1924 425 1939 465 Α

2041 413 2144 466 ίειν
2166 394 2394 464 τέμενος
2417 389 2519 444 οὐκ
2555 385 2900 458 ἐδοκίμαζεν,
2930 384 3066 438 ἀλλά
3094 383 3192 447 τὰς
3237 387 3338 452 μὲν
3386 379 3588 442 πολλὰς

315 474 731 577 ἔωιεείὶυωίιυσ
784 510 992 560 mentes
1035 497 1285 563 incoluit,
1335 505 1390 550 et
1433 492 1552 548 illas
1596 491 1650 546 in
1708 487 1894 545 libidi‘

2041 490 2093 543 αἱ
2133 485 2420 554 ἀγελαίους
2470 480 2646 552 ψυχὰς
2703 482 2815 542 τοῖς
2867 478 3171 546 πανδήμοις
3222 475 3430 542 Ἔρωσι
3475 474 3589 533 τοῖς

316 613 510 655 nosam
565 596 863 653 amentiam
916 591 1104 647 furore
1147 589 1408 650 incitans,
1461 582 1690 638 infinitis
1740 578 1898 636 bouis

2041 579 2109 632 ὦν
2141 572 2393 646 Νυμφῶν
2420 572 2582 625 παισὶ
2624 567 2935 640 ποιμαίνειν
2972 567 3292 634 ἀπένειμεν,
3323 562 3488 624 αὐτὸς
3533 560 3592 613 δὲ

657 651 827 760 genus
848 683 1050 739 affecit.
1091 679 1320 748 Quando
1367 677 1532 748 igitur
1562 673 1766 730 videris
1797 681 1901 727 tar-

2041 671 2100 733 it;
2128 666 2278 729 θείας
2308 665 2403 718 καὶ
2429 661 2691 734 οὐρανίας
2713 659 2894 729 ψυχὰς
2917 654 3362 730 ἐνῳκίσατοηκαὶ
3389 651 3592 712 ταύτας

313 784 438 837 dant
495 780 784 850 quamdam
847 786 1126 840 naturam,
1167 782 1223 829 et
1265 773 1330 825 ad
1380 783 1625 824 amorem
1672 766 1897 829 lentam,

2043 755 2400 827 ναὸακχεύων
2435 755 2528 808 ἐπὶ
2579 752 2774 824 μανίαν
2807 749 3077 823 ἐρωτικὴν
3113 746 3284 817 μυρία
3318 744 3500 812 ἀγαθά
3529 741 3595 794 τὸ

316 835 493 942 cogita
513 835 666 926 nunc
692 870 850 924 donis
895 867 1044 922 illius
1070 835 1343 935 cupidinis
1369 861 1651 931 indignum
1686 856 1855 911 fuisse
1882 871 1897 909 :

2041 851 2114 906 ῶν
2164 846 2468 918 ἀνθρώ⁶πων
2513 847 2670 913 γένος
2711 841 3028 912 εἰργάσατο.
3076 837 3242 910 [ΗΞο
3284 835 3380 907 IL]
3427 835 3596 888 Ὅταν

316 979 440 1017 cum
476 977 606 1016 vero
650 961 931 1016 incitatam
963 967 1019 1011 et
1060 956 1322 1011 fervidam
1363 964 1627 1014 mentem,
1661 958 1718 1003 et
1756 945 1906 1000 llam-

2041 945 2117 1000 ιέν
2143 939 2235 998 οὖν
2272 943 2386 1014 ἴδῃς
2414 939 2538 995 τινὰ
2568 937 2769 1010 βραδύν
2801 953 2862 989 τε
2882 933 2981 1004 τὴν
3020 932 3183 1000 φύσιν
3210 930 3305 984 καὶ
3335 928 3472 1000 πρὸς
3509 943 3599 995 φι-

319 1068 420 1107 mae
445 1054 622 1107 instar
655 1051 723 1106 ad
769 1048 1057 1104 amabilem
1097 1045 1392 1100 amicitiam
1430 1043 1746 1103 ducentem,
1775 1044 1906 1107 puta

2047 1039 2132 1091 ίαν
2156 1033 2501 1104 δυσκίνητον,
2533 1031 2729 1099 νόησον
2750 1029 2835 1080 ὃτι
2864 1027 2975 1079 τῶν
3009 1025 3251 1094 Ἔρωτος
3280 1020 3486 1074 ἐκείνου
3516 1018 3602 1085 ξε-

322 1144 466 1198 illam
493 1158 524 1196 a
559 1145 698 1197 douo
727 1139 1006 1210 Cupidinis
1035 1136 1246 1192 venire.
1273 1132 1454 1190 Unum
1493 1129 1647 1195 mihi,
1677 1143 1710 1183 o
1734 1125 1908 1180 amice

2045 1126 2138 1179 ίων
2169 1121 2420 1193 οὐδαμῶς
2442 1115 2596 1182 οὗτος
2633 1117 2868 1188 ἠξίωται
2897 1131 2912 1144 ·
2941 1114 3067 1167 ὅταν
3108 1111 3164 1165 δὲ
3200 1111 3325 1177 ὀξὺν
3354 1110 3450 1163 καὶ
3473 1108 3599 1178 θερ-

324 1237 601 1298 Socrates,
634 1235 798 1300 dicis,
838 1243 1147 1286 amatorum
1185 1228 1412 1298 Optime,
1445 1233 1657 1294 partem
1693 1217 1911 1274 virtutis

2041 1216 2115 1269 ιὸν
2150 1214 2252 1284 τὴν
2304 1210 2534 1282 γνώμην
2589 1209 2685 1263 καὶ
2738 1206 2938 1277 φλογὸς
2985 1203 3140 1268 δίκην
3191 1201 3280 1253 ἐπ’
3332 1198 3602 1269 ἐρωτικὴν

323 1328 535 1391 Clinia,
592 1287 966 1380 fortitudinem
1040 1287 1250 1375 scilicet
1300 1317 1352 1369 in
1398 1287 1678 1385 periculis,
1745 1321 1908 1378 quam

2041 1307 2198 1362 ›ιλίαν
2235 1306 2466 1360 ἀττοντα
2507 1301 2577 1368 ⁸⁵,
2610 1301 2803 1371 νόησον
2849 1297 3040 1351 τοῦτον
3086 1289 3229 1346 εἶναι
3272 1290 3481 1344 ἐκείνου
3523 1287 3606 1351 ξέ-

325 1418 718 1474 exercitatione
741 1413 941 1486 368b
971 1427 1113 1480 saepe
1141 1409 1383 1474 exhibet,
1401 1376 1913 1473 interpretem‘ora-

2041 1419 2106 1455 ιον
2136 1401 2182 1434 ⁸⁸
2214 1397 2310 1452 τοῦ
2351 1396 2621 1465 Ἔρωτος.
2655 1391 2754 1445 ’Ἑν
2781 1389 2890 1461 γάρ
2919 1405 3010 1460 μοι
3045 1384 3246 1454 λέγεις,
3274 1376 3323 1436 εἶ)
3345 1381 3465 1450 φίλε
3488 1376 3604 1431 Σώ-

319 1513 538 1574 ,ιίοιιυιιι
575 1522 681 1561 non
713 1472 1040 1573 exspétans
1071 1501 1210 1573 (46).
1253 1472 1560 1554 Dateidem
1587 1493 1728 1546 hanc
1754 1489 1916 1543 licen-

2041 1509 2241 1564 ιρατες,
2272 1485 2518 1560 ἐραστῶν
2551 1484 2764 1557 ἄριστε,
2796 1481 2996 1553 ἀρετῆς
3030 1476 3281 1532 Κλεινίου
3318 1473 3361 1505 ⁸⁷
3397 1472 3605 1542 μόριον,

332 1599 657 1668 tiam,quam
691 1565 868 1664 primo
889 1565 1230 1648 Pericli‘cu'm
1263 1603 1359 1659 pro
1375 1588 1508 1640 urbe
1524 1582 1728 1638 bellum
1757 1594 1915 1649 gere-

2041 1584 2274 1654 ινδρείαν
2307 1583 2366 1634 ἐν
2398 1577 2608 1649 φόϐοις,
2637 1578 2704 1646 ἢν
2736 1575 2833 1628 καὶ
2855 1571 3056 1644 μελέτη
3080 1567 3339 1630 πολλάκις
3367 1565 3605 1626 δίδωσιν,

333 1698 436 1746 ret.
460 1689 587 1744 Haec
613 1697 697 1743 est
729 1687 942 1742 sincera
974 1685 1132 1738 ratio.
1161 1682 1218 1737 Si
1249 1694 1381 1735 vero
1407 1678 1552 1732 hunc
1576 1674 1762 1730 videas
1781 1670 1919 1741 judi-

2041 1673 2302 1746 ἐξηγητὴν
2331 1673 2492 1740 λόγον
2518 1670 2622 1724 οὐκ
2657 1668 2702 1700 ³⁸
2741 1665 3109 1736 ἀναμείνασα.
3136 1661 3333 1714 Δίδωσι
3376 1658 3420 1710 δ’
3460 1655 3611 1724 αὐτῷ

331 1781 502 1836 ciaria
523 1780 651 1835 sede
677 1777 985 1847 expulsum,
1016 1773 1246 1843 implora
1293 1785 1415 1826 cum
1461 1767 1662 1838 gemitu
1725 1763 1917 1832 legem,

2041 1769 2120 1838 τὴν
2161 1765 2515 1837 παρρησίαν,
2557 1763 2696 1829 ὅπερ
2739 1759 2835 1812 καὶ
2881 1754 3139 1827 Περικλεῖ
3185 1753 3484 1823 πρότερον,
3531 1748 3612 1802 ὅτ’

334 1875 462 1944 quia
492 1886 629 1927 auro
653 1871 828 1926 victus
862 1877 967 1938 est.
1009 1865 1144 1921 Nam
1191 1863 1352 1920 simul
1381 1861 1582 1915 florens
1623 1872 1748 1912 cum
1789 1855 1922 1908 urbe

338 1968 509 2036 regia,
554 1965 764 2020 circum
833 1975 997 2032 quam
1046 1957 1288 2028 ingentia
1349 1953 1521 2008 maria
1577 1955 1921 2020 separantur,

339 2068 395 2112 et
450 2057 592 2111 idem
636 2070 759 2111 cum
795 2068 861 2109 ea
909 2051 1093 2122 gloriae
1131 2063 1244 2104 suae
1285 2044 1646 2100 fundamenta
1688 2039 1922 2111 jaciens,

341 2146 579 2216 quandiu
622 2145 679 2198 in
723 2141 1012 2197 cunabulis
1052 2139 1233 2192 adhuc
1259 2147 1457 2203 corpus
1493 2131 1648 2186 urbis
1681 2127 1924 2198 tingeba-

343 2249 452 2302 tur,
485 2236 589 2291 alia
640 2235 867 2304 imperia
919 2247 950 2285 e
983 2230 1130 2300 regia
1181 2233 1449 2299 potestate
1487 2220 1754 2278 decrevit.
1788 2217 1924 2272 Cum

345 2343 477 2384 vero
522 2325 790 2396 indigeret
825 2321 1010 2378 sedula
1056 2333 1222 2389 opera
1275 2326 1535 2384 tanquam
1578 2321 1757 2368 statua
1806 2323 1926 2377 per-

346 2421 508 2484 fecta,
543 2432 709 2488 quant
741 2414 1118 2469 adumbratam
1160 2409 1316 2480 prius
1362 2407 1632 2466 viderant,
1680 2403 1928 2458 eamdem

347 2519 672 2581 potestatem
732 2505 1052 2574 assumpsit,
1115 2510 1174 2556 ut
1219 2501 1362 2556 idem
1406 2496 1622 2553 initium
1669 2505 1726 2550 et
1766 2493 1930 2548 finem

347 2603 496 2661 omni
543 2608 867 2657 ornamento
936 2595 1087 2651 urbis
1142 2592 1354 2650 fecerit.
1403 2589 1580 2647 Urbes
1641 2588 1930 2650 excitatas,

349 2697 608 2769 populum
640 2700 1000 2754 crescentem,
1057 2685 1299 2740 Tartessi
1328 2683 1518 2746 vitam,
1551 2694 1722 2735 conm
1747 2676 1958 2731 Amal-'

352 2791 512 2854 theae,
559 2794 726 2856 caput
772 2783 954 2838 omnis
1007 2778 1311 2850 felicitatis.
1353 2773 1459 2829 Sed
1496 2787 1617 2843 quae
1665 2781 1749 2825 est
1805 2783 1935 2840 erga

351 2885 496 2939 hunc
535 2878 788 2949 juvenem
837 2874 1002 2931 studii
1044 2869 1246 2926 causa?
1295 2869 1430 2924 Tota
1489 2879 1644 2920 mens
1694 2877 1864 2933 nuper
1905 2877 1936 2915 a

353 2973 604 3045 supernis
656 2969 876 3025 sedibus
944 2963 1280 3034 digrediens,
1334 2959 1556 3013 infixam
1607 2957 1786 3011 adhuc
1834 2955 1940 3009 fert

354 3066 590 3138 speciem
659 3059 1077 3118 simulacrorum
1149 3053 1388 3115 illorum,
1444 3064 1566 3118 qua:
1615 3058 1724 3102 tum
1781 3045 1937 3111 vidit,

2023 1861 2348 1932 ἐστρατήγει
2379 1857 2480 1927 τῆς
2500 1853 2730 1916 πόλεως.
2755 1850 2926 1904 Τοῦτο
2951 1850 3011 1902 δέ
3036 1849 3152 1900 ἐστι
3175 1845 3377 1917 τρόπος
3399 1841 3611 1903 ἄδολος.

2024 1954 2089 2007 El.
2142 1951 2200 2006 δὲ
2245 1949 2435 2004 τοῦτον
2476 1948 2607 2010 ῖδοις
2644 1941 2976 1999 δικαστικῶν
3019 1940 3226 2012 θρόνων
3271 1936 3615 2008 εἰργόμενον,

2025 2040 2289 2106 στέναξον
2317 2040 2409 2093 τὸν
2430 2038 2617 2108 νόμον,
2642 2037 2725 2090 ὅτι
2757 2033 2984 2104 χρυσίου
3008 2031 3308 2099 νενίκηται.
3333 2023 3619 2096 Συναιιμάο

2027 2152 2128 2197 σας
2154 2135 2264 2203 γὰρ
2298 2133 2368 2202 τῇ
2398 2127 2662 2200 βασιλέως
2693 2125 2867 2189 πόλει,
2899 2124 3031 2196 περὶ
3059 2123 3128 2194 ἢν
3155 2123 3225 2175 τά
3271 2118 3483 2190 μεγαλα
3522 2133 3621 2168 πε-

2027 2227 2168 2296 λάγη
2223 2221 2491 2293 σχίζεται,
2525 2221 2621 2273 καὶ
2660 2219 2762 2289 τὴν
2796 2216 2968 2287 αὐτὴν
3008 2215 3192 2285 ἐκείνη
3233 2210 3474 2284 κρηπῖδα
3519 2208 3623 2278 τῆς

2029 2316 2225 2373 ἑαυτοῦ
2246 2315 2405 2386 δόξης
2436 2312 2734 2384 βαλόμενος
2757 2310 2826 2374 ⁸⁹,
2861 2309 2966 2372 ἓως
3021 2308 3118 2379 μὲν
3169 2308 3230 2358 ἐν
3284 2301 3624 2373 σπαργάνοις

2031 2407 2112 2460 ἐτι
2141 2407 2201 2460 τὸ
2228 2405 2388 2475 σῶμα
2411 2403 2512 2471 τῆς
2545 2401 2757 2462 πόλεως
2788 2397 3107 2463 ἐπλάττετο,
3136 2394 3331 2465 ἐτέρας
3359 2393 3533 2465 ἀρχὰς
3557 2393 3626 2444 ἐκ

2034 2499 2298 2571 βασιλέως
2351 2493 2712 2564 ητηύθυνεν,
2765 2492 2888 2545 ἐπεὶ
2937 2489 2996 2543 δὲ
3052 2489 3158 2543 ἔδει
3209 2489 3308 2559 τῆς
3361 2484 3626 2560 ἀκριϐοῦς

2033 2593 2216 2666 χειρὸς
2273 2589 2527 2658 καθάπερ
2588 2585 2645 2638 ἐν
2681 2583 2872 2647 τύποις
2922 2581 3261 2651 ἀγάλματος,
3311 2580 3400 2633 ἐπ’
3455 2577 3628 2646 αὐτὴν

2035 2686 2337 2747 ἐπάνεισιν,
2371 2682 2458 2735 ἳνα
2490 2677 2654 2741 αὐτός
2684 2693 2746 2730 τε
2780 2674 2925 2747 ἀρχὴ
2967 2675 3064 2728 καὶ
3097 2674 3254 2736 τέλος
3297 2671 3510 2740 γένοιτο
3545 2670 3628 2741 τῷ

2037 2779 2202 2833 παντὶ
2230 2777 2422 2846 κόσμῳ
2462 2775 2562 2845 τῆς
2595 2773 2828 2835 πόλεως.
2873 2768 3065 2830 Πόλεις
3111 2764 3491 2837 ἐγειρομένας,
3536 2761 3632 2832 δή-

2043 2888 2177 2942 μους
2220 2869 2597 2940 ἀκμάζοντας,
2645 2862 2972 2935 Ταρτησσοῦ
3011 2862 3059 2893 ⁸ο
3107 2859 3242 2930 βίον,
3303 2855 3632 2927 Ἀμαλθείας

2041 2962 2231 3032 κέρας,
2262 2961 2370 3013 πᾶν
2399 2959 2523 3012 ὅσον
2549 2955 2898 3026 εὐδαιμονίας
2933 2953 3251 3024 κεφάλαιον.
3309 2949 3472 3004 Ἀλλά
3505 2947 3634 3020 [600

2041 3053 2140 3124 11.]
2182 3052 2269 3117 τίς
2311 3051 2412 3118 τῆς
2450 3049 2583 3121 περὶ
2619 3049 2711 3103 τὸν
2770 3047 3054 3102 νεανίσκον
3091 3047 3137 3078 ’ί
3178 3043 3413 3114 σπουδῆς
3446 3042 3632 3108 αίτία;

355 3173 481 3214 cum
534 3154 762 3210 hilarem
810 3151 1068 3206 cltoream
1127 3160 1251 3200 cum
1307 3144 1476 3199 variis
1541 3141 1645 3196 diis
1701 3138 1936 3194 saltavit.

2044 3121 2208 3217 Ψυχὴ
2236 3146 2408 3207 πᾶσα,
2441 3142 2567 3212 ἄρτι
2589 3140 2872 3212 σχισθεϊσα
2897 3138 3000 3207 τῆς
3026 3137 3142 3191 ἄνω
3155 3136 3386 3208 λήξεως,
3411 3131 3637 3187 ἔναυλον

356 3249 491 3305 Cum
530 3247 696 3318 igitur
720 3242 919 3298 viderit
954 3239 1067 3294 illic
1092 3234 1574 3308 pulchritudinem,
1615 3247 1776 3300 quam
1814 3242 1944 3284 tunc

359 3354 488 3396 vere
534 3335 851 3404 descripsit,
896 3332 1039 3384 intra
1087 3337 1326 3383 mentem
1380 3325 1619 3379 divinam
1659 3321 1944 3378 abscondi-

362 3439 510 3493 tam,
555 3424 932 3481 desideratet
975 3419 1174 3488 gaudet
1225 3417 1328 3472 hoc
1380 3412 1690 3484 Spectacqu
1724 3451 1743 3476 ,
1787 3421 1842 3466 et
1887 3423 1946 3464 se

361 3520 538 3590 ipsam
581 3515 871 3586 splendore
913 3510 1248 3577 scientiaque
1271 3507 1513 3569 elevans,
1548 3518 1670 3559 cum
1702 3504 1803 3556 hoc
1829 3502 1948 3555 loco

362 3609 692 3680 conjungere
716 3604 955 3660 festinat.
1004 3600 1136 3656 Tale
1165 3598 1296 3669 quid
1335 3597 1468 3651 mihi
1505 3595 1561 3649 in
1605 3592 1950 3648 adolescente

366 3704 588 3760 accidit.
623 3699 760 3755 Nam
793 3697 959 3752 veluti
1007 3695 1062 3749 in
1097 3691 1318 3764 speculo
1343 3690 1508 3759 hujus
1537 3688 1803 3742 inanimo
1828 3699 1951 3753 spe-

365 3795 503 3850 ciem
555 3791 723 3847 animi
758 3788 862 3843 mei
912 3795 1265 3855 apparentem
1297 3781 1506 3844 videns,
1554 3793 1618 3832 ea
1656 3793 1773 3832 sum
1806 3774 1952 3830 dele-

367 3893 570 3945 ctatus,
612 3889 666 3936 et
711 3879 834 3933 ideo
884 3873 1083 3937 amavi,
1116 3881 1171 3925 et
1209 3871 1361 3938 quasi
1407 3869 1636 3923 alterunt
1674 3882 1762 3920 me
1792 3866 1953 3936 hujus

369 3975 614 4029 animum
676 3967 922 4039 quaesivi.
977 3963 1154 4018 Probe
1216 3970 1398 4030 potest
1438 3961 1621 4015 omnia
1687 3958 1953 4013 memoria

370 4063 668 4127 custodire,
726 4072 1064 4130 quaecunque
1122 4056 1224 4110 sub
1287 4053 1424 4108 duce
1484 4052 1714 4122 gesserit
1774 4050 1955 4104 animo

373 4155 751 4229 philosophus,
783 4151 1123 4207 orationibus
1155 4161 1262 4202 non
1292 4144 1381 4201 his
1419 4145 1602 4210 modo,
1631 4143 1724 4200 sed
1757 4152 1812 4197 et
1841 4156 1958 4196 om-

2046 3236 2126 3289 ἔτι
2161 3237 2317 3307 φέρει
2353 3238 2454 3302 τήν
2489 3233 2620 3286 θέαν
2653 3231 2764 3285 τῶν
2793 3229 3130 3300 ἀγαλμάτων
3169 3227 3418 3293 ἐκείνων,
3450 3225 3486 3279 5.
3512 3225 3637 3278 τότε

2046 3322 2206 3389 εἶδεν,
2240 3328 2329 3378 ὅτε
2380 3323 2676 3394 εὐδαίμονα
2721 3322 2943 3394 χορείαν
2995 3321 3093 3374 σὺν
3137 3319 3277 3373 θεῶν
3325 3318 3535 3388 δίφροις
3585 3317 3636 3348 ³⁸

2047 3419 2324 3492 ἐχόρευεν.
2369 3419 2538 3472 Ὅταν
2593 3413 2686 3470 οὖν
2737 3415 2824 3487 ἴδῃ
2866 3415 2963 3470 καὶ
3007 3415 3137 3486 τῇδε
3180 3412 3397 3478 κάλλος,
3445 3410 3474 3464 ὃ
3513 3408 3640 3463 τότε

2050 3512 2371 3582 πλάσματος
2415 3511 2546 3565 ἄνευ
2579 3509 2892 3581 ἱστόρησεν,
2927 3508 3058 3560 εῐσω
3093 3505 3272 3576 ψυχῆς
3315 3503 3467 3566 θείας
3499 3518 3642 3573 κρυ-

2052 3605 2349 3671 πτόμενον,
2393 3602 2619 3674 σπαργᾷ
2659 3618 2716 3654 τε
2751 3600 2849 3653 καὶ
2879 3599 3065 3670 χαίρει
3088 3601 3156 3668 τῇ
3188 3597 3306 3669 θέᾳ,
3335 3596 3432 3651 καὶ
3453 3591 3646 3664 συμϐι-

2053 3695 2242 3759 ϐἀζειν
2260 3695 2463 3764 ἑαυτὴν
2483 3694 2620 3764 πρὸς
2643 3693 2736 3747 τὸν
2766 3694 2885 3746 ἐκεῖ
2912 3693 3079 3744 τόπον
3103 3689 3405 3756 ἐπείγεται,
3428 3685 3554 3758 δόξῃ
3579 3701 3644 3738 τε

2054 3788 2150 3842 καὶ
2207 3787 2490 3857 ἐπιστήμῃ
2531 3785 2864 3855 κουφίσασα.
2919 3783 3174 3837 Τοιοῦτόν
3219 3799 3274 3835 τι
3328 3780 3498 3843 πάθος
3547 3780 3648 3833 καὶ

2056 3879 2222 3941 αὐτὸς
2289 3877 2418 3948 περὶ
2446 3877 2538 3930 τὸν
2564 3877 2684 3931 νέον
2717 3876 2938 3932 ἔπαθον.
2970 3876 3238 3945 Καθάπερ
3271 3873 3378 3944 γὰρ
3416 3875 3476 3927 ἐν
3509 3890 3647 3926 ttat-

2055 3970 2242 4042 όπτρῳ
2263 3973 2328 4041 τῇ
2356 3968 2510 4024 τοῦδε
2538 3970 2683 4041 ψυχῇ
2713 3969 2931 4024 εἴδωλόν
2956 3987 3008 4022 τι
3033 3969 3134 4038 τῆς
3161 3966 3394 4038 ἐμαυτοῦ
3417 3965 3647 4036 γνώμης

2060 4060 2185 4116 ίδὼν
2224 4062 2548 4132 φαινόμενον
2581 4062 2762 4133 ἥσθην
2787 4079 2849 4114 τε
2878 4060 3047 4132 αὐτῷ,
3074 4059 3171 4114 καὶ
3202 4061 3292 4113 διὰ
3323 4058 3483 4112 τοῦτο
3513 4058 3648 4111 ἐπό-

2059 4153 2222 4225 θησα,
2255 4155 2350 4207 καὶ
2397 4153 2647 4226 καθάπερ
2682 4153 2840 4208 ἄλλον
2869 4153 3107 4224 ἐμαυτὸν
3137 4153 3237 4222 τὴν
3277 4151 3431 4205 τοῦδε
3468 4151 3650 4221 ψυχὴν

373 4251 557 4314 nibus,
612 4261 731 4317 qua:
776 4260 807 4299 e
835 4244 1132 4308 Musarum,
1179 4252 1238 4298 et
1281 4241 1552 4314 Apollinis
1593 4238 1764 4310 pratis
1793 4235 1939 4307 pullu

2061 4241 2396 4316 [ἐξεζήτησα
2420 4243 2466 4275 ’³
2572 4242 2876 4314 ἐξήσκησα.
2911 4242 3094 4304 Ast.qu
3121 4241 3222 4312 μὲν
3271 4237 3366 4295 οὖν
3392 4240 3486 4294 καὶ
3513 4241 3651 4310 μνή-

373 4343 507 4397 lant.
545 4310 705 4396 Ὁιιίίθ
738 4337 918 4393 oumis
943 4337 1202 4390 doctrinae
1233 4310 1442 4389 fructus
1489 4333 1804 4400 discerpcns
1837 4335 1939 4383 tan

2063 4310 2149 4409 *μη
2181 4310 2417 4407 etii-diem
2455 4310 2585 4399 “Egit.
2635 4310 2777 4405 ὅπερ
2831 4334 2898 4388 ἂν
2932 4334 3024 4403 ὑφ’
3082 4310 3315 4404 ἡγεμόνι
3371 4333 3649 4402 πονήσειε.

375 4447 539 4503 quam
567 4428 714 4485 veris
765 4425 1050 4491 corollam,
1104 4425 1189 4479 his
1229 4424 1472 4478 animum
1522 4436 1682 4476 suum
1719 4419 1934 4475 ornavit

2062 4429 2351 4498 Φιλόσοφος
2386 4428 2483 4499 μὲν
2531 4426 2629 4497 τὴν
2677 4425 2928 4496 γνώμην,
2967 4426 3091 4487 τοὺς
3142 4424 3200 4477 δέ
3226 4423 3416 4492 λόγους
3443 4423 3503 4476 οὐ
3527 4424 3652 4476 τού-

380 4524 438 4577 Si
467 4522 649 4576 dicere
699 4531 923 4574 necesse
973 4515 1159 4580 fuerit,
1193 4530 1262 4570 ne
1304 4513 1536 4582 amplius
1566 4526 1780 4582 quaeras
1803 4510 1939 4580 cujus

2061 4539 2187 4585 τους
2219 4521 2401 4592 μόνον,
2432 4519 2568 4574 ἀλλά
2592 4520 2686 4573 καὶ
2723 4520 2832 4574 πᾶν
2857 4520 2884 4572 ὅ
2905 4536 2959 4572 τι
3001 4517 3182 4588 βούλει
3220 4517 3329 4570 τῶν
3371 4517 3472 4569 ὅσα
3501 4517 3654 4569 Μου-

377 4616 452 4670 sit
473 4613 643 4680 ﬁlius,
676 4621 730 4668 et
760 4613 826 4665 ad
852 4624 1012 4680 quem
1046 4609 1317 4677 pertineat
1344 4624 1362 4661 :
1393 4607 1474 4661 sic
1505 4607 1734 4676 primam
1776 4602 1939 4672 imagi

2066 4613 2178 4666 σῶν
2207 4631 2269 4666 τε
2318 4616 2414 4666 καὶ
2449 4611 2788 4676 ’Λπόλλωνος
2821 4610 3086 4682 λειμῶνες
3119 4609 3374 4681 βρύουσιν
3401 4628 3415 4642 ⁸
3456 4610 3549 4678 ἀφ’
3576 4605 3654 4661 ὦν

377 4725 502 4765 nem
537 4705 848 4763 accuratius
892 4718 1054 4772 quam
1100 4701 1279 4770 quivis
1319 4699 1493 4769 pictor
1539 4695 1830 4766 expressit.
1860 4693 1964 4748 Bo-
2064 4703 2406 4775 δρεψάμενος
2433 4704 2653 4773 ἁπάσης
2677 4703 2928 4766 παιδείας
2952 4703 3141 4765 λωτὸν⁹
3174 4697 3285 4755 οἶόν
3308 4718 3430 4754 τινα
3458 4703 3654 4768 στέφει-

379 4817 482 4856 nus
535 4799 751 4870 quidem
790 4797 994 4858 socius,
1037 4795 1082 4848 si
1131 4807 1253 4847 cum
1285 4790 1421 4844 duce
1469 4788 1818 4857 pugnandum
1872 4786 1939 4838 sit

2067 4809 2156 4846 vov
2194 4793 2381 4863 ἠρινὸν
2421 4794 2521 4864 τὴν
2559 4793 2752 4846 ἑαυτοῦ
2789 4791 2966 4862 ψυχὴν
3009 4792 3402 4862 ἀπείργασται.
3450 4791 3510 4843 Εἰ
3559 4791 3656 4857 μὲν

377 4893 555 4949 bonus
579 4891 747 4947 etiam
772 4904 868 4944 sua
903 4897 1115 4958 sponte.
1160 4885 1312 4941 Juste
1345 4884 1509 4954 igitur
1538 4889 1709 4952 poetae
1740 4879 1875 4949 (l7),
1909 4893 1938 4931 e

2068 4882 2180 4954 γὰρ
2209 4883 2388 4952 λέγειν
2410 4883 2676 4954 δεήσειεν,
2708 4884 2891 4936 οὐκέτ’
2923 4882 2990 4936 ἂν
3017 4882 3280 4954 ζητήσαις
3320 4883 3428 4952 ὅτῳ
3449 4882 3494 4914 ’⁵
3529 4884 3655 4941 παῖς

381 5001 506 5042 cum
548 4985 614 5040 iis
663 4983 901 5052 pictores
943 4989 1000 5034 et
1055 4979 1272 5032 ﬁctores
1324 4974 1573 5043 Cupidini
1624 4980 1939 5030 senectuten

2072 4976 2157 5045 εἴη
2186 4977 2280 5029 καὶ
2308 4977 2416 5046 ὅτῳ
2438 4975 2716 5048 προσῆκεν
2745 4992 2759 5006 ⁸
2793 4973 2937 5028 οὕτω
2970 4975 3152 5048 πάσης
3182 4974 3404 5046 Γραςρῆς
3432 4972 3656 5043 ἀκριΰέο

385 5078 630 5141 demunt,
686 5072 941 5144 juvenem
999 5070 1144 5125 hunc
1210 5069 1394 5134 deum,
1461 5077 1518 5122 et
1579 5064 1939 5136 pubescenteu

2075 5085 2266 5140 στερρν
2283 5069 2381 5141 τὴν
2399 5069 2586 5124 εἰκόνα
2607 5068 2704 5124 τοῦ
2736 5069 3118 5142 καθηγεμόνος
3146 5068 3475 5141 μεμίμηται.
3494 5066 3658 5132 Ἀγα-

1736 5177 1974 5233 VARI/I3
2031 5178 2443 5239 LECTIONES.

974 5300 1022 5333 ⁸⁸
1054 5299 1204 5366 ξένον
1258 5294 1542 5367 Reiskius:
1577 5294 1749 5361 ξένιον
1783 5311 1846 5367 ςΣ
1881 5365 1912 5367 _
1939 5294 2015 5367 _"
2041 5293 2548 5367 Klewloulmalim
2605 5297 2698 5351 τοῦ
2751 5298 3027 5352 Κλεινίου.
3077 5298 3149 5353 cf.
3181 5312 3234 5367 p.
3297 5295 3364 5349 li.
3412 5293 3569 5367 U37,
3601 5291 3652 5346 9.

386 5375 436 5499 ζ
453 5377 556 5429 οὐκ
596 5359 711 5430 om.
740 5375 804 5430 Α.
875 5372 931 5458 ⁸⁹,
950 5359 1282 5461 βαλλόμενος
1324 5369 1431 5420 At}.
1507 5359 1851 5453 1⁵0’ταρτησού
1881 5363 1988 5446 nc.
2024 5364 2190 5448 κέρας
2213 5359 2516 5433 ἀμᾶλθείας
2551 5367 2610 5424 Β.
2687 5369 2732 5401 ⁹¹
2761 5369 2870 5424 τῶν
2897 5359 3195 5425 νεανίσκων
3229 5367 3293 5422 C.
3328 5367 3398 5398 "'
3421 5365 3659 5436 δίφροις]

422 5445 660 5499 taedam:
683 5447 745 5499 C.
848 5445 894 5476 ³³
917 5439 1218 5499 εςησκησα]
1250 5437 1544 5499 ἐξεκάκισα
1571 5437 1634 5491 (δ.
1733 5439 1776 5474 ⁸ο
1802 5433 2058 5499 ζητησαι]
2086 5452 2210 5490 οτου
2241 5438 2308 5492 Α.

422 5445 660 5517 ιαφόροις
683 5447 745 5500 C.
848 5445 894 5476 ³³
917 5433 1218 5512 ἐξήσκησα]
1250 5437 1544 5503 ἐξεκάκισα
1571 5433 1661 5491 (3.⁷
1733 5433 1776 5474 ⁵³
1802 5433 2058 5505 ζητήσαι]
2086 5437 2210 5490 ὅτου
2241 5438 2308 5492 Α.

1903 5547 2141 5608 NOTAE.

467 5652 580 5723 (46)
618 5651 772 5708 Plato
817 5652 870 5706 in
920 5649 1168 5723 Phaedro,
1197 5649 1282 5723 vel
1315 5648 1559 5718 Sympos.
1595 5644 1796 5704 Alciat.
1828 5641 2092 5698 Emblem.

467 5717 580 5793 (Π)
611 5724 967 5779 Philostratus
995 5731 1048 5778 et
1076 5720 1364 5791 Gyra'ldus.

464 5305 512 5337 "
547 5303 749 5374 ἄγοντα
772 5305 836 5356 Α.
