3990 6232
427 182 563 246 i357

1498 180 2021 243 BIBLIOTHECA.
2042 204 2111 213 --
2142 179 2303 238 COD.
2344 180 2628 240 CCXLI”
2640 227 2651 237 .

3551 184 3687 249 135:8

419 294 511 358 θος
542 296 642 365 μὲν
667 296 1161 368 συμπαραστάτης,
1201 294 1252 347 εί
1282 310 1385 349 που
1418 292 1527 347 δέοι
1555 295 1634 365 τῷ
1661 293 1992 363 καθηγεμόνι

2105 291 2330 360 lingunt,
2351 290 2593 347 fraudem
2630 291 2773 348 illius
2794 302 2954 349 aetate
2984 294 3206 364 juvenili
3236 294 3434 366 339a
3472 297 3697 354 demon-

419 388 907 456 συναγωνίζεσθαι,
943 389 1143 456 ἀγαθὸς
1176 387 1235 440 δὲ
1264 388 1357 441 καὶ
1401 385 1863 457 αὑτοπροσώπως.
1912 387 2002 437 Δι-

422 481 586 544 ιιαίως
631 479 740 550 ἄρα
782 481 832 533 οἱ
864 479 1113 553 ποιηταὶ,
1153 480 1248 533 καί
1294 478 1412 549 μετ’
1453 477 1631 531 αὑτῶν
1672 478 1904 546 γραφεῖς
1943 492 2003 529 τε

417 572 510 624 καὶ
547 574 805 639 πλάσται,
860 574 1102 645 Ἔρωτος
1161 572 1340 644 γῆρας
1387 571 1832 640 ἀποσυλήσαντες
1881 569 2004 623 νέον

412 662 628 716 ποιοῦσι
657 663 748 716 τὸν
768 664 900 718 Θεὸν
933 664 1122 718 τοῦτον
1149 665 1244 717 καὶ
1265 664 1490 733 ἔφηϐον,
1522 663 1591 717 τά
1617 664 1717 733 τῆς
1744 663 2004 726 ἀπιστίας

408 754 580 808 αὑτοῦ
623 755 701 825 τῷ
747 755 929 827 νεαρῷ
962 757 1006 787 ⁸⁸
1040 756 1141 825 τῆς
1173 756 1391 828 ἡλικίας
1440 756 1797 825 ἐμφαίνοντες
1833 756 1901 810 ³⁸.
1933 751 2005 810 Ὦ

408 847 665 901 τοσοῦτον
702 848 932 918 ἰσχύσας
968 850 1081 910 τοῖς
1108 848 1309 917 λόγοις,
1340 848 1465 901 ὅσον
1494 848 1587 901 καὶ
1618 848 1714 900 τὸν
1734 847 2005 901 Θετταλόν

406 937 597 990 ἀκούω
628 938 832 991 Κινέαν
860 938 930 1002 ³⁷,
970 938 1031 993 ὃς
1061 938 1158 990 σὺν
1193 935 1407 1007 βασιλεῖ
1443 936 1648 1009 Πύρρῳ
1688 937 1792 1007 γῆν
1831 936 2003 990 ὲπιὼν

408 1027 595 1079 πᾶσαν
626 1028 721 1078 καὶ
759 1025 1036 1079 θάλασσαν
1065 1027 1172 1097 πρὸ
1197 1026 1307 1080 τῶν
1341 1027 1751 1098 μηχανημάτων
1771 1030 1884 1092 τοῖς
1916 1028 2003 1081 λό-

409 1133 527 1184 γοις
554 1116 651 1179 τὰς
679 1116 863 1179 πόλεις
898 1116 1127 1172 ἔκλινεν.
1152 1119 1226 1171 Ού
1260 1120 1372 1190 γὰρ
1392 1120 1552 1181 αὑτός
1594 1136 1658 1187 γε
1695 1118 1887 1172 τούτου
1923 1120 2000 1172 διο

406 1207 766 1273 δάσκαλος,οὑ
788 1208 864 1278 μὰ
890 1211 1015 1272 τοὺς
1046 1210 1367 1280 ὑμετέρους,
1403 1204 1449 1263 ὦ
1474 1209 1645 1278 λόγοι,
1679 1209 1903 1276 πόθους,
1932 1211 1999 1263 δι’

2113 391 2375 436 strantes.
2404 381 2450 437 Ο
2477 383 2568 453 qui
2597 391 2804 438 tantum
2830 382 3008 454 lingua
3039 384 3208 451 vales,
3245 394 3509 455 quantum
3539 391 3699 444 audio

2111 475 2332 529 Cineam
2367 474 2687 531 Thessalum
2716 476 2856 547 (48),
2886 478 2977 545 qui
3006 492 3129 530 cum
3170 493 3297 549 rege
3329 478 3540 549 Pyrrho
3576 496 3695 533 om-

2112 582 2234 621 nem
2283 577 2483 623 terram
2526 578 2580 624 et
2630 584 2779 623 mare
2821 584 3074 625 emensus
3116 586 3221 624 non
3265 573 3554 634 machinis,
3603 573 3697 626 sed

2108 661 2357 718 oratione
2385 664 2547 717 urbes
2571 664 2755 718 evicit.
2787 661 2907 716 Non
2938 662 3080 717 enim
3130 664 3219 718 ille
3250 664 3410 732 hujus
3442 666 3698 733 magister

2104 767 2204 822 per
2233 763 2466 819 vestros,
2502 769 2537 808 0
2560 768 2864 820 sermones,
2894 769 3129 820 amores,
3166 765 3388 825 propter
3416 771 3551 825 quos
3596 772 3699 826 egn

2101 845 2290 900 beatas
2316 854 2567 914 paternas
2609 844 2874 914 abjiciens
2898 861 3049 916 opes,
3068 847 3223 914 juxta
3285 857 3528 903 secretas
3555 847 3695 903 llissi

2102 939 2250 1010 ripas
2309 941 2571 996 habitavi.
2636 941 2949 999 Alexander
2998 944 3167 1000 totius
3219 945 3403 999 mundi
3457 944 3693 1014 partium

2104 1031 2325 1099 trapzeis
2355 1031 2579 1100 potitus.
2601 1031 2736 1085 Tum
2764 1034 2913 1085 enim
2944 1046 2978 1086 e
3004 1032 3232 1087 meridie
3261 1030 3486 1087 conﬂuit
3510 1040 3694 1096 testas,

2105 1130 2301 1177 aurora
2353 1125 2567 1192 mitigat
2612 1124 2801 1191 solem,
2838 1134 2892 1180 et
2935 1125 3113 1181 elatos
3165 1127 3216 1181 in
3252 1139 3471 1195 proram
3502 1122 3697 1178 ﬂuctus

2109 1213 2302 1270 dividit
2326 1215 2594 1286 Zephyro.

407 1300 502 1363 οὓς
530 1302 642 1369 ἐγὼ
671 1302 937 1371 πατρικὸν
960 1303 1118 1357 όλόον
1152 1303 1314 1376 ῥίψας
1341 1304 1639 1373 εὐδαίμονα
1668 1306 1799 1375 παρ’
1867 1304 2093 1358 Ἰλισσοῦ
2129 1307 2175 1338 ⁸⁸
2242 1312 2536 1377 μυστικαῖς
2589 1310 2781 1380 ὄχθαις
2864 1310 3195 1380 ὲσκήνημαι.
3243 1307 3591 1378 Ἀλέξανδρος
3661 1307 3694 1358 ὁ

404 1396 519 1457 τοῖς
544 1394 828 1463 τροπαίοις
870 1395 1020 1464 ὅροις
1054 1395 1151 1462 τῆς
1185 1395 1313 1466 ὅλης
1342 1396 1387 1428 θ’
1419 1393 1791 1465 χρησάμενος.
1825 1394 1898 1447 Τό
1930 1412 1991 1448 τε
2029 1396 2138 1467 γὰρ
2174 1398 2273 1468 τῆς
2308 1399 2659 1470 μεσημϐρίας
2690 1401 2921 1471 ὑπορρεῖ
2948 1400 3092 1465 ζέον,
3129 1399 3274 1471 αὖρα
3336 1417 3395 1453 τε
3460 1399 3693 1469 πραΰνει

404 1488 496 1539 ’τὸν
525 1486 709 1555 ἥλιον,
750 1486 844 1537 καὶ
871 1485 1053 1553 σχίσαι
1088 1484 1315 1555 Ζεφύρῳ
1342 1485 1692 1556 πορφύροντα
1724 1485 1853 1552 περὶ
1884 1484 1982 1555 τὴν
2020 1485 2246 1559 πρῶραν
2269 1490 2339 1542 τά
2363 1489 2602 1559 κύματα.

404 1574 579 1650 [Hii
720 1573 778 1650 ]7_
801 1574 902 1650 Ἐκ
921 1574 1053 1650 τῆς
1089 1575 1237 1650 ἶπρὸς
1256 1576 1416 1650 ,τοὺς
1456 1576 1741 1650 ἑταίρους,
1768 1590 1992 1650 συντα-

2169 1579 2252 1633 Eu:
2304 1584 2541 1636 oratione
2580 1584 2650 1636 ad
2684 1582 2869 1638 Socios
2904 1586 3030 1638 dum
3067 1587 3165 1639 iret
3194 1584 3522 1640 Corinthum.
3547 1614 3618 1624 -—

473 1644 844 1715 κακῆς-[ὅτε
877 1644 1040 1714 ἐξῄει
1077 1646 1177 1699 ἐπὶ
1216 1647 1526 1714 Κόρινθον.
1564 1675 1637 1685 —-
1679 1646 1750 1700 Τὸ
1786 1646 1990 1714 προοί-

468 1733 630 1784 μιον.

475 1806 539 1857 Οἱ
586 1803 754 1857 πάλαι
799 1804 898 1874 τὴν
944 1802 1116 1874 λύραν
1145 1802 1470 1872 κάμνοντες,
1504 1801 1559 1855 εί
1593 1819 1723 1855 ποτε
1756 1803 1859 1872 γῆν
1894 1801 1993 1855 ἐπ’

404 1899 569 1967 ἄλλην
588 1897 869 1961 ἔσπευδον,
886 1896 986 1949 οὑκ
1008 1895 1282 1965 ἄφθογγον
1303 1897 1400 1965 τὴν
1422 1892 1988 1964 ἁποδημίανρποίουν,

403 1993 519 2044 ἀλλ’
555 1993 666 2063 ᾠδῇ
705 1989 800 2043 καὶ
844 1988 996 2060 μέλει
1039 1988 1131 2041 τὸν
1168 1987 1327 2057 χορὸν
1370 1987 1460 2041 τὸν
1492 1985 1702 2039 ἑαυτῶν
1729 1986 1989 2057 άπησπά-

404 2084 583 2148 ζοντο.

525 2178 621 2229 Ἐκ
658 2172 776 2228 τῶν
812 2174 1184 2236 ὑπολοίπων,
1223 2171 1524 2240 διαφόρων
1562 2171 1752 2224 ὄντων
1788 2170 1887 2224 καὶ

691 2245 1012 2313 διαφόρους
1050 2244 1316 2310 ἐχόντων
1352 2240 1696 2306 ὑποθέσεις.

474 2337 598 2410 [601
638 2335 732 2408 Η.]
777 2336 890 2397 Τὰς
925 2334 1187 2403 βασιλέως
1240 2333 1408 2396 αὐλὰς
1440 2332 1535 2386 καὶ
1568 2332 1778 2402 χρυσῆν
1819 2333 1990 2403 τύχην

403 2430 736 2500 ὑπόπτερον.
769 2428 841 2481 Οὐ
877 2426 988 2497 γὰρ
1018 2425 1303 2497 άφῃρέθης
1334 2425 1435 2493 τὴν
1467 2425 1662 2496 ἀρχὴν,
1699 2425 1814 2479 ἀλλ’
1849 2426 1990 2478 ἑκὼν

404 2519 659 2594 ἔρριψας,
676 2517 868 2587 ῶσπερ
891 2533 974 2579 τις
1007 2516 1325 2586 ὑπερόπτης
1364 2515 1507 2568 κατὰ
1537 2516 1804 2570 παιδικῶν
1827 2517 1843 2547 ⁸
1864 2533 1992 2585 τρυ-

403 2615 576 2683 φῆσαι
603 2611 925 2682 βουλόμενος
965 2608 1062 2679 τὴν
1091 2609 1296 2680 χρυσῆν
1328 2608 1506 2681 κόμην
1530 2609 1698 2680 ῥόδων
1742 2607 1990 2677 στεφάνῳ

405 2705 778 2777 πορφύροντιί
824 2702 985 2757 Ἀλλὰ
1019 2702 1103 2765 τίς
1144 2701 1354 2755 τούτων
1401 2706 1434 2772 ἡ
1459 2703 1651 2772 χάρις;
1685 2701 1835 2772 Φυγὴ
1892 2703 1989 2755 καὶ

403 2799 644 2868 δρασμὸς
672 2798 764 2850 καὶ
791 2794 1063 2866 τοσαύτης
1109 2794 1293 2863 φιλίας
1324 2795 1572 2866 ἄρνησις.
1592 2795 1851 2864 Ἐνίκησα
1892 2794 1990 2864 μὲν

402 2890 509 2943 ὑπὸ
544 2891 625 2942 σοὶ
664 2891 823 2960 κριτῇ
857 2888 1000 2942 κατά
1028 2887 1128 2957 τὴν
1175 2885 1394 2957 θερινὴν
1431 2887 1580 2957 ὥραν
1617 2887 1710 2939 τὸν
1744 2885 1988 2953 τέττιγα,

403 2980 680 3051 ἠπείλησα
713 2980 769 3032 δὲ
800 2978 894 3032 καὶ
925 2981 1045 3041 ταῖς
1078 2978 1267 3048 άηόόσι
1300 2978 1420 3041 ταῖς
1454 2977 1744 3041 Ἀττικαῖς,
1780 2976 1836 3029 si
1862 2976 1993 3029 ποτέ

398 3086 502 3143 ¹μοι
528 3072 625 3125 καὶ
659 3071 902 3124 Ἀττικὸν
935 3069 1139 3142 πηξαιο
1172 3069 1423 3141 θέατρον,
1459 3067 1629 3138 μῦθον
1676 3066 1847 3130 ὄντως
1894 3066 1994 3129 τὰς

400 3164 631 3218 ἐκείνων
661 3161 907 3232 γλώττας
936 3165 1055 3224 ταῖς
1080 3160 1173 3214 ἐπὶ
1202 3163 1283 3213 σοὶ
1316 3162 1521 3229 φωναῖς
1547 3157 1988 3230 ἀπεργάσασθαι.

405 3250 475 3306 Ὦ
528 3256 624 3307 καὶ
671 3253 808 3306 τοῦ²
844 3252 1041 3306 σαυτοῦ
1088 3251 1279 3320 γένους
1329 3252 1486 3321 ὄμμα
1534 3251 1868 3319 φανότατον,
1898 3249 1993 3302 καὶ

406 3344 601 3397 ταυτὸν
628 3343 705 3412 τῷ
733 3344 879 3410 γένει
912 3344 1225 3414 γενόμενος,
1265 3343 1401 3413 ὅπερ
1432 3343 1526 3395 καὶ
1557 3343 1640 3394 σοὶ
1672 3342 1933 3404 πολλάκις
1963 3342 1993 3393 ό

405 3434 707 3504 προπάτωρ
734 3432 908 3502 ἣλιος.
943 3434 1055 3503 Τῆς
1082 3435 1194 3505 γάρ
1223 3432 1514 3502 συνωρίδος
1553 3431 1759 3502 ταύτης
1795 3432 1860 3502 δὴ
1893 3434 1990 3504 τῆς

402 3520 578 3593 καλῆς
606 3524 634 3574 ό
669 3524 769 3591 μὲν
800 3522 1199 3590 καταυγάζοντι
1222 3524 1349 3584 τοὺς
1376 3521 1644 3592 μεγάλους
1671 3522 1893 3591 θρόνους
1916 3522 1988 3586 ὥς

404 3630 489 3676 τις
517 3614 796 3682 ἑωσφόρος
830 3614 1157 3683 συνανέσχεν
1195 3613 1437 3685 ὀρθριος,
1465 3615 1585 3676 ταῖς
1613 3612 1778 3666 αὑτοῦ
1811 3613 1991 3683 βολαῖς

407 3706 505 3768 τὰς
552 3706 652 3768 σάς
683 3704 907 3767 ἀκτῖνας
957 3705 1295 3776 μιμούμενος
1318 3722 1333 3738 ο
1390 3708 1419 3759 ὁ
1448 3706 1525 3770 δὲ,
1564 3707 1664 3777 τῆς
1702 3707 1811 3759 τῶν
1855 3705 1992 3760 νέων

410 3799 611 3869 ἀγέλης
659 3799 959 3869 ὲκλάμπων
1006 3798 1258 3870 καθάπερ
1306 3816 1390 3862 τις
1436 3800 1638 3868 ταῦρος
1679 3799 1990 3870 ἀγελάρχης

406 3894 709 3964 άγέρωχος,
739 3893 1032 3963 ἐσκίρτησε
1064 3894 1163 3963 μὲν
1196 3894 1339 3946 κατὰ
1369 3893 1495 3956 τοὺς
1528 3893 1762 3946 Μουσῶν
1785 3893 1986 3962 λειμῶο

404 4002 497 4047 νας
521 3982 712 4054 ὥσπερ
732 4002 814 4049 τις
839 3984 1017 4046 πῶλος
1048 3984 1299 4055 ὑψαύχην
1330 3986 1426 4037 καὶ
1454 3984 1654 4050 ἔνθεος,
1679 3984 1990 4055 ἐμιμήσατο

401 4074 458 4127 δὲ
488 4077 583 4128 καὶ
615 4076 706 4128 τὸν
744 4076 1047 4147 Ὁμηρικὸν
1077 4075 1363 4129 νεανίσκον
1388 4074 1479 4126 τὸν
1499 4074 1737 4140 Θέτιδος,
1765 4075 1860 4126 καὶ
1885 4075 1989 4144 μύ-

404 4164 511 4218 θων
530 4166 727 4234 ῥητὴρ
755 4167 979 4235 ἀγαθὸς
1006 4165 1100 4217 καὶ
1127 4163 1402 4233 πρηκτὴρ
1420 4163 1441 4194 ³
1469 4163 1659 4233 ἔργων
1678 4165 1983 4234 γενόμενος.

2752 1651 3097 1708 Prooemium.

2165 1809 2389 1866 Veteres
2422 1810 2594 1882 lyram
2618 1810 2968 1875 fabricantes,
2997 1809 3042 1863 si
3067 1808 3346 1879 quandoin
3380 1810 3539 1864 aliam
3579 1821 3688 1865 ter-

2095 1917 2206 1955 ram
2265 1911 2635 1970 properarent,
2694 1901 3187 1971 peregrinationem
3244 1916 3349 1955 non
3403 1912 3686 1956 vacantem

2093 1988 2295 2046 Musica
2338 1992 2628 2059 faciebant,
2687 2008 2783 2047 seu
2841 2000 3027 2059 cantu,
3065 2001 3120 2047 et
3181 1993 3423 2049 carmine
3458 1994 3687 2048 chorum

2094 2101 2256 2140 suum
2290 2084 2657 2140 retinuerunt.

2128 2175 2209 2230 Ea:
2238 2176 2570 2231 orationibus
2606 2176 2826 2247 reliquis
2870 2178 3091 2231 diversis
3124 2177 3451 2231 diversorum
3487 2191 3652 2245 argu-

2790 2258 3106 2301 mentorum.
3212 2276 3213 2279 ‘

2153 2335 2199 2391 0
2222 2337 2398 2391 aulam
2429 2338 2660 2409 regiam,
2700 2347 2756 2392 et
2780 2337 3052 2393 fortunam
3090 2338 3206 2392 auri
3237 2338 3464 2392 alatam!
3490 2334 3605 2390 Non
3637 2336 3688 2390 vi

2092 2443 2123 2483 e
2157 2443 2323 2497 regno
2352 2429 2557 2498 ejectns
2589 2445 2668 2496 es,
2712 2430 2802 2483 sed
2835 2430 3358 2495 Iibenterexcidisti,
3392 2445 3494 2483 non
3522 2442 3687 2483 secus

2091 2535 2257 2589 quam
2273 2520 2322 2574 si
2340 2522 2606 2589 superbus
2618 2522 2740 2590 quis
2756 2522 2806 2575 in
2829 2521 3129 2591 puerilibus
3147 2520 3474 2591 voluptatem
3492 2533 3691 2590 capere

2091 2613 2461 2668 contenderet.
2492 2613 2729 2667 Auream
2772 2614 3048 2668 caesariem
3098 2612 3419 2682 permutasti
3461 2613 3692 2667 rubente

2094 2716 2293 2757 corona
2324 2718 2597 2759 rosarum.
2634 2702 2741 2758 Sed
2784 2719 3032 2774 quamam
3075 2705 3266 2759 horum
3298 2703 3470 2772 gratia
3505 2710 3693 2771 repen’

2091 2794 2240 2848 ditur
2274 2794 2401 2862 fuga
2433 2805 2487 2849 et
2516 2809 2714 2851 cursus
2734 2836 2749 2860 ,
2780 2805 2834 2851 et
2868 2805 3027 2851 tanta:
3057 2795 3312 2851 amicitia:
3338 2794 3689 2850 renuntiatio.

2102 2885 2237 2953 Vici,
2276 2898 2328 2943 te
2355 2888 2562 2958 judice,
2599 2890 2806 2945 aestatis
2861 2898 3105 2958 tempore
3144 2888 3410 2955 cicadam,
3451 2886 3692 2941 minatus

2096 2978 2262 3031 etiam
2285 2992 2403 3032 sum
2436 2979 2744 3045 philomelis
2774 2978 2993 3041 Atticis,
3025 2978 3070 3033 si
3116 2978 3333 3048 quando
3363 2977 3493 3031 mihi
3524 2977 3690 3031 etiam

2098 3069 2335 3123 Atticum
2373 3071 2647 3125 theatrum
2690 3070 2971 3133 statueris,
3018 3083 3105 3123 me
3147 3069 3372 3123 omnino
3412 3069 3514 3123 hac
3564 3082 3694 3123 voco

2096 3156 2414 3212 cliecturnm
2450 3174 2619 3230 penes
2648 3168 2724 3224 te,
2756 3172 2807 3215 ut
2836 3176 3024 3215 eorum
3072 3160 3269 3230 lingua:
3304 3161 3475 3215 instar
3499 3158 3693 3212 fabulae

2096 3250 2225 3307 sint.
2282 3251 2328 3305 0
2361 3253 2435 3307 tui
2488 3254 2796 3307 stemmatis
2845 3253 3027 3307 lumen
3078 3252 3478 3316 clarissimum,
3534 3251 3695 3319 idque

2092 3356 2239 3410 smpe
2262 3345 2444 3411 generi
2474 3356 2563 3398 tuo
2589 3344 2865 3407 exstitisti,
2901 3346 3044 3414 quod
3078 3346 3276 3415 saepius
3304 3358 3437 3397 avus
3465 3343 3558 3398 tibi
3591 3340 3693 3395 sol.

2100 3426 2313 3482 Etenim
2347 3442 2413 3481 ex
2475 3428 2577 3482 hac
2619 3430 2849 3498 pulchra
2894 3429 3296 3497 conjunctione,
3347 3432 3435 3485 hic
3474 3431 3693 3501 quidem

2094 3519 2318 3573 altiores
2345 3518 2831 3585 sedesillnstranti,
2864 3522 3021 3590 quasi
3048 3524 3351 3577 matutinus
3386 3524 3588 3593 aliquis
3612 3525 3694 3578 ln-

2092 3612 2231 3667 cil‘er
2255 3616 2621 3677 consurrexit,
2663 3613 2775 3667 suis
2806 3614 3313 3681 repercussionibus
3354 3615 3533 3669 radios
3560 3631 3691 3670 suos

2095 3704 2361 3760 imitatus.
2396 3704 2488 3758 llle
2510 3717 2640 3759 vero
2660 3704 2921 3775 juvenum
2938 3714 3140 3760 ctetum
3162 3705 3465 3770 illustrans,
3490 3717 3547 3762 ut
3584 3717 3695 3761 tan'

2096 3810 2192 3851 rus
2243 3796 2440 3866 aliquis
2494 3796 2712 3863 ductor,
2772 3797 3004 3852 armenti
3056 3798 3326 3867 petulcus,
3372 3798 3609 3853 laSciviit
3638 3802 3692 3854 in

2094 3887 2368 3943 Musarum
2399 3889 2590 3957 pratis,
2625 3898 2683 3942 ut
2710 3888 2886 3959 pullus
2918 3888 3217 3955 lunaticus,
3254 3899 3311 3945 et
3332 3891 3555 3944 numine
3581 3890 3696 3959 ple-

2092 3995 2217 4044 nus,
2268 3989 2324 4035 et
2355 3978 2701 4036 Homericum
2736 3982 2987 4051 juvenem
3045 3982 3290 4038 Thetidis
3346 3983 3689 4054 (Achilles)

2093 4072 2287 4139 ﬁlium,
2317 4083 2374 4128 et
2410 4074 2525 4128 haec
2550 4076 2733 4137 verba,
2756 4073 2936 4128 Bonus
2975 4086 3158 4129 orator
3196 4084 3447 4143 actorque
3475 4091 3685 4139 rerum,

2093 4166 2341 4220 imitatus
2363 4175 2467 4221 est.
2499 4165 2555 4220 Si
2587 4166 2653 4219 ad
2674 4174 2758 4221 me
2786 4176 3065 4235 poetarum
3106 4167 3320 4222 licentia
3367 4168 3686 4235 pertineret,

403 4256 465 4309 Ei
493 4258 549 4310 δέ
580 4275 671 4327 μοι
706 4257 801 4311 καὶ
828 4258 926 4327 τῆς
955 4255 1193 4326 ποιητῶν
1221 4255 1469 4319 ἐξουσίας
1502 4255 1692 4325 μετῆν,
1717 4255 1894 4321 ἔδειξα
1922 4257 1987 4309 ἄν

2102 4259 2449 4313 nstendissem
2471 4258 2564 4313 tibi
2588 4268 2641 4313 et
2658 4258 2874 4313 llissum
2894 4260 3038 4313 hunc
3056 4259 3467 4330 lacrymantem,
3487 4258 3685 4329 3690

401 4363 485 4398 σοι
514 4348 610 4399 καὶ
642 4345 865 4399 Ἰλισσὸν
891 4346 1078 4399 τοῦτον
1112 4343 1414 4413 δακρύοντα
1434 4383 1448 4407 ,
1481 4343 1697 4414 ἔχρωσα
1729 4344 1772 4395 δ’
1794 4343 1860 4397 ἂν
1889 4343 1982 4396 καὶ

2102 4349 2446 4415 lepinxissem
2498 4350 2641 4403 tristi
2673 4348 2857 4438 colore
2895 4350 3177 4419 pulchram
3207 4348 3540 4403 Callirrhoes
3572 4366 3675 4403 un-

401 4438 639 4504 κατηφεῖ
665 4436 913 4507 χρώματι
931 4436 999 4488 τὰ
1022 4434 1162 4489 καλὰ
1196 4433 1535 4505 Καλλιρρόης
1567 4433 1800 4502 νάματα.
1834 4435 1981 4503 Πέμ-

400 4542 495 4579 ποι
530 4527 628 4597 μέν
663 4544 723 4579 σε
769 4526 884 4579 Πὰν
917 4526 1140 4591 ὲνόδιος,
1178 4528 1457 4596 πομπαῖον
1483 4524 1578 4577 καὶ
1604 4524 1777 4593 γλυκὺ
1809 4542 1979 4595 προσ-

2081 4442 2226 4495 dam.
2260 4440 2514 4495 Trivialis
2548 4439 2659 4494 Pan
2694 4452 2745 4495 te
2788 4451 3131 4496 evocatoretn
3166 4442 3495 4506 animarum,
3525 4442 3681 4496 dtlite

2083 4532 2259 4585 listnla
2284 4547 2503 4587 carmen
2550 4548 2848 4602 personatus
2880 4533 3194 4589 deduceret.
3230 4532 3413 4590 Venus
3440 4550 3599 4601 vero,
3627 4541 3684 4589 et

402 4618 551 4687 ηχῶν
584 4617 742 4688 μέλος
774 4621 842 4689 τῇ
875 4618 1095 4688 σύριγγι
1114 4633 1128 4647 °
1172 4617 1458 4689 Ἀφροδίτη
1489 4616 1546 4669 δὲ
1577 4617 1669 4669 καὶ
1700 4616 1750 4669 oi
1776 4615 1980 4685 ταύτης

2102 4623 2239 4692 mjns
2280 4624 2372 4678 lilii
2404 4624 2719 4695 Cupidines,
2758 4625 3011 4680 desiderii
3039 4625 3133 4680 tibi
3159 4626 3451 4683 miscentes
3467 4637 3680 4695 potum,

399 4708 861 4780 παῖδεςἜρωτες,
888 4708 1054 4762 πόθου
1081 4708 1335 4780 κρατῆρα
1361 4709 1718 4778 κεράσαντες,
1758 4710 1851 4761 σοῦ
1883 4708 1981 4778 τῆς

399 4798 522 4853 ὁδοῦ
558 4801 1025 4871 προπομπεύοιεν.

506 4891 1003 4958 Προπεμπτηρίου
1040 4891 1247 4961 λόγου.
1281 4921 1355 4932 —
1387 4892 1458 4945 Τὸ
1494 4894 1811 4962 Προοίμιον
1830 4893 1872 4947 ⁵.

487 4979 544 5033 'U
570 4981 665 5035 τοῦ
695 4981 814 5045 Διὸς
847 4984 974 5045 παῖς
1008 4982 1351 5054 Ἀλέξανδρος
1374 4984 1660 5053 (συνάπτει
1690 4986 1799 5058 γάρ
1821 4988 1982 5041 αὑτὸν

401 5071 614 5144 οὐρανῷ
637 5076 730 5127 καὶ
751 5075 837 5128 Διὶ
861 5075 924 5128 τὸ
949 5074 1084 5128 πολὺ
1108 5074 1262 5138 κλέος
1293 5074 1414 5128 καθ’
1431 5076 1721 5148 Ἕλληνας)
1746 5080 1827 5132 ὅτι
1852 5079 1993 5149 πλη-

2089 4712 2234 4766 νίοιιι
2260 4722 2408 4768 tuam
2442 4714 2740 4769 honorifice
2766 4715 3179 4771 comitarentur.

2264 4895 2347 4950 Ea:
2378 4896 2615 4949 oratione
2664 4898 3039 4967 propemptica.
3073 4927 3141 4939 --
3163 4896 3507 4952 Prooemium.

2159 4989 2465 5046 Alexander
2490 4989 2631 5044 ﬁlius
2668 4989 2816 5044 Jovis
2840 4990 3138 5062 (comparat
3176 4992 3319 5047 enim
3352 4994 3499 5047 illmn
3540 4993 3678 5047 cmln

2101 5090 2155 5136 et
2180 5079 2299 5136 ,Ιονί
2329 5095 2510 5135 rerum
2534 5090 2809 5150 gestarum
2828 5091 3018 5137 contra
3054 5082 3272 5138 Graecos
3304 5084 3522 5155 gloria),
3553 5100 3675 5139 cum

1687 5240 1918 5296 V’ARUE
1958 5241 2365 5299 LECTIONES.

475 5356 520 5389 "
555 5355 624 5408 τὰ
655 5357 826 5426 νεαρὰ
857 5357 921 5413 C.

402 5425 427 5458 ¹
468 5426 611 5481 κατὰ
629 5427 737 5481 τῶν
759 5425 827 5482 ίπ.
858 5447 918 5494 ς.
999 5431 1019 5460 ⁸
1045 5425 1140 5482 τού
1166 5430 1211 5481 Α
1237 5443 1250 5479 :
1272 5425 1328 5478 τὸ
1356 5440 1416 5487 ς’.
1494 5425 1514 5456 ³
1543 5429 1796 5500 πρακτὴρ
1824 5448 1886 5495 ς.

995 5357 1346 5438 ’⁸,φαίνοντες
1377 5352 1440 5411 C.
1518 5358 1562 5388 ’⁷
1593 5357 1714 5411 libri
1748 5361 1980 5414 κιννέαν.
2058 5363 2103 5394 ’⁸
2133 5360 2301 5413 ἰλισοῦ
2332 5360 2399 5414 Α.
2476 5360 2522 5393 ⁸⁸
2538 5361 2637 5429 τῆς
2657 5360 2785 5432 ὅλης
2815 5360 2875 5428 Β,
2904 5362 3018 5424 τοῖς
3043 5360 3178 5417 ὅλων
3198 5360 3239 5419 C
3278 5381 3292 5418 :
3323 5366 3431 5427 τοῖς
3458 5364 3583 5435 ὅλης
3610 5378 3672 5429 ς.

999 5431 1019 5460 ⁸
1045 5446 1140 5482 του
1166 5430 1211 5481 Α
1237 5443 1250 5479 :
1272 5425 1328 5478 τὸ
1356 5440 1416 5487 ς’.
1494 5425 1514 5456 ³
1543 5429 1796 5500 πρακτὴρ
1824 5448 1886 5495 ς.
1962 5432 1983 5462 ⁸
2007 5432 2291 5503 προοίμιον
2321 5446 2489 5499 προπ.
2521 5430 2677 5498 λόγου
2722 5438 2787 5486 Α.

1918 5524 2155 5581 NOTAE.

478 5617 597 5691 (48)
657 5619 856 5678 Cineas
932 5618 1237 5691 Thessalus,
1297 5621 1679 5679 Demosthenis
1751 5622 1986 5678 auditor.
2030 5621 2307 5679 Plutarch.
2343 5621 2396 5683 in
2430 5617 2655 5692 Pyrrho.
