3990 6232
326 271 466 337 1359

1471 254 1735 319 PHOTII
1773 250 2282 314 ΡΛἸἮΙΑΒΠΗᾸΞ
2317 249 2430 311 CP.

3459 237 3597 304 I360

320 383 590 452 Europam
619 373 861 434 nominis
885 371 970 428 sui
1009 370 1148 426 fama
1203 365 1499 438 implesset,
1528 366 1581 420 in
1631 369 1816 418 Asiam
1847 377 1908 424 se

2039 363 2193 424 ὡσας
2225 360 2326 430 τῆς
2360 353 2556 412 ἑαυτοῦ
2593 353 2754 425 δόξης
2804 352 2906 423 τὴν
2938 349 3211 424 Εὐρώπην
3253 350 3477 406 ἅπασαν
3503 354 3600 404 ἐπὶ

319 472 616 534 convertit,
669 466 1037 523 continentem
1084 460 1196 517 suis
1251 456 1485 529 propriis
1535 456 1786 510 adnitens
1816 467 1908 523 ge-

323 566 426 621 stis
465 559 815 630 conjungere.
877 551 1148 607 Timothei
1183 563 1483 620 provocans
1533 547 1719 602 tibiam
1751 547 1908 611 (nam

323 656 461 711 adeo
515 665 767 718 magnum
799 656 856 703 et
894 645 985 699 tali
1021 659 1146 715 rege
1189 643 1410 713 dignum
1449 639 1701 703 canebat)
1735 645 1794 690 ut
1820 633 1911 690 illo

324 754 555 803 canente
592 741 816 799 solverit
861 737 1076 793 navium
1119 735 1394 790 rudentes.
1423 732 1528 787 Fer
1560 729 1825 793 tabulam,
1855 737 1911 780 et

323 855 426 910 ego
463 838 741 894 orationes
800 835 1038 905 pingam.
1074 829 1207 884 Nam
1265 829 1430 883 habet
1482 827 1648 879 etiam
1698 821 1910 886 oratio,

325 943 386 986 ut
413 942 563 1002 puto,
583 944 695 984 non
734 927 946 996 ineptos
977 924 1043 978 ad
1092 922 1413 977 imitandum
1443 917 1676 971 colores.
1709 913 1912 967 Eratin

327 1025 536 1094 pictura
569 1021 739 1085 navis,
777 1028 834 1072 et
859 1031 1031 1079 mare,
1059 1025 1113 1070 et
1136 1022 1196 1067 ut
1221 1010 1493 1072 existimo,
1519 1007 1764 1078 Egasum
1791 1003 1910 1059 luit.

328 1115 503 1171 Multae
531 1114 676 1166 enim
737 1109 927 1164 insulae
967 1108 1114 1170 hinc,
1157 1111 1212 1159 et
1243 1104 1394 1157 illinc
1442 1114 1648 1171 sparsa:
1693 1097 1746 1151 in
1778 1095 1918 1150 mari

329 1219 504 1273 erant,
532 1215 594 1259 ut
622 1202 808 1274 Egaau
821 1219 868 1255 Ill
899 1199 1138 1255 autealia
1163 1195 1429 1266 imprimis
1456 1208 1604 1248 mare
1625 1206 1748 1245 esse
1770 1190 1920 1243 vide-

331 1309 511 1366 retur,
541 1298 742 1367 pictum
773 1304 891 1349 erat
914 1309 1019 1348 non
1047 1289 1367 1351 violentum,
1392 1295 1485 1341 aut
1515 1282 1791 1348 terribile,
1821 1295 1919 1334 ne-

328 1409 434 1465 que
465 1407 635 1462 usque
651 1391 871 1445 elevans
894 1385 1108 1451 ﬂuctus,
1137 1382 1319 1452 qualia
1341 1386 1533 1434 contra
1554 1385 1778 1430 naturas
1805 1370 1919 1425 illic

329 1489 491 1544 audet
529 1486 725 1557 saepius
761 1481 1031 1553 IEgaeum,
1097 1480 1192 1533 sed
1242 1472 1532 1543 tranquille
1569 1468 1723 1525 strati
1765 1472 1922 1522 erant

329 1581 542 1647 ﬂuctus,
572 1575 749 1634 omnis
777 1589 913 1643 aqua
954 1573 1007 1626 in
1063 1568 1334 1625 littoribus
1386 1562 1724 1626 volvebatur,
1756 1557 1812 1611 in
1838 1557 1921 1610 lu-

333 1683 476 1727 teum
523 1669 758 1725 colorem
811 1678 1006 1736 parum
1035 1669 1241 1716 mutata
1274 1659 1438 1714 unda.
1479 1651 1650 1708 Primi
1685 1651 1927 1719 Phryges

2009 459 2112 529 τὴν
2141 454 2324 512 ’Δσίαν
2349 451 2651 517 ἐστέλλετο,
2678 449 2915 518 συνάψαι
2942 447 3043 510 τὰς
3072 444 3336 516 ἠπείρους
3361 445 3441 517 τῷ
3468 446 3602 498 καθ’

2013 551 2208 605 ἑαυτὸν
2255 547 2457 601 ἐθέλων
2492 543 2754 614 θαύματι,
2786 542 2879 595 τὸν
2912 539 3182 610 Τιμοθέου
3215 538 3602 608 παρακαλέσας

2013 641 2177 696 αὐλὸν
2205 630 2431 707 (οὗτος⁸
2465 634 2574 708 γὰρ
2602 635 2726 706 ἧχει
2758 632 2904 702 μέγα
2934 630 3030 684 καὶ
3056 629 3313 684 τοσούτου
3339 628 3604 699 βασιλέως

2016 731 2193 802 ἄξιον)
2221 729 2327 784 ὑπὸ
2371 728 2486 792 τοῖς
2535 725 2750 779 ἐκείνου
2782 723 3000 794 μέλεσιν
3029 721 3150 774 ἔλυε
3183 720 3279 774 τοῦ
3313 719 3502 773 στόλου
3536 719 3606 771 τὰ

2014 824 2316 895 πείσματα.
2334 819 2472 890 Φέρε
2495 817 2560 888 δὴ
2585 816 2781 888 γράψω
2803 814 2878 884 τῷ
2901 813 3044 882 λόγῳ
3071 811 3165 866 τὸν
3190 811 3397 864 πίνακα
3412 827 3427 841 υ
3453 808 3566 879 ἔχει
3581 807 3608 840 ⁸

2016 917 2146 986 γὰρ,
2170 911 2351 984 οἶμαι,
2373 912 2511 984 πρὸς
2539 911 2770 980 μίμησιν
2793 907 2968 959 οἰκεῖα
2989 904 3083 958 καὶ
3101 902 3258 971 λόγος
3279 901 3549 972 φάρμακα
3563 899 3609 952 ⁷.

2017 1007 2170 1073 Ναῦς
2198 1003 2268 1079 ἦν
2309 1004 2453 1060 κατὰ
2488 1001 2592 1072 τῆς
2619 999 2840 1073 γραφῆς
2889 996 2986 1051 καὶ
3037 993 3379 1050 θάλαττα.Ἦ
3415 992 3475 1045 δὲ
3506 991 3612 1044 θάο

2018 1101 2187 1155 λαττα
2203 1099 2245 1164 “,
2293 1093 2448 1167 οἶμαι
2470 1134 2488 1160 ,
2525 1093 2749 1160 Αἰγαῖος
2775 1085 2877 1162 ἦν·
2909 1090 2965 1142 αί
2999 1087 3111 1157 γὰρ
3143 1084 3336 1139 πολλαὶ
3366 1082 3521 1149 νῆσοι
3553 1080 3610 1135 αί

2018 1195 2138 1249 κατ’
2163 1192 2290 1248 ἄλλο
2320 1192 2415 1244 καὶ
2454 1188 2584 1245 ἄλλο
2619 1187 2784 1258 μέρος
2825 1185 2926 1254 τῆς
2955 1181 3232 1250 θαλάσσης
3267 1178 3613 1248 σχιζόμεναι,

2019 1289 2239 1356 Αἰγαῖος
2283 1283 2418 1338 ὑπ”
2464 1279 2646 1336 αὐτῶν
2691 1277 2969 1332 ἐδείκνυτο
3019 1270 3158 1327 εἶναι
3207 1273 3242 1342 ἡ
3276 1270 3518 1324 θάλαττα
3541 1267 3612 1321 ⁸ο.

2020 1377 2308 1447 Γέγραπτο
2332 1373 2391 1427 δὲ
2417 1372 2517 1426 οὐκ
2539 1370 2758 1441 ἀπηνής
2789 1385 2848 1421 τε
2880 1367 2975 1421 καὶ
2997 1365 3211 1434 ἄγριος,
3241 1361 3364 1414 οὐδὲ
3395 1362 3477 1420 είς
3509 1357 3608 1411 αύ-

2022 1469 2120 1531 τάς
2152 1466 2384 1538 ἐγείρων
2431 1464 2660 1535 νεφέλας
2696 1460 2766 1515 τὰ
2796 1458 3042 1528 κύματα,
3074 1449 3164 1508 οἷα
3191 1452 3263 1507 τὰ
3302 1449 3476 1505 πολλὰ
3518 1449 3614 1501 Αί-

2024 1563 2180 1630 γαῖος
2213 1557 2360 1613 κατὰ
2400 1557 2510 1610 τῶν
2559 1555 2679 1608 ἐκεῖ
2723 1551 3030 1620 πλωτήρων
3087 1544 3440 1616 θρασύνεται,
3485 1538 3616 1592 ἀλλ’

2027 1651 2314 1721 ὲστόρεστο
2361 1648 2458 1720 μὲν
2504 1648 2583 1710 είς
2625 1644 2865 1715 γαλήνην
2901 1641 2970 1695 τὰ
3015 1638 3264 1709 κύματα,
3295 1633 3356 1689 τὸ
3381 1632 3437 1686 δὲ
3470 1629 3618 1700 ὕδωρ

331 1763 516 1817 tibiam
567 1761 756 1814 inﬂare
813 1722 1164 1818 invenerunt,
1217 1760 1272 1804 et
1329 1746 1616 1804 sacriﬁciis.
1663 1741 1918 1796 adhibere

2039 1742 2138 1795 ἱλον
2157 1743 2198 1772 ¹¹
2223 1739 2500 1810 ὲπόρφυρε
2531 1736 2668 1808 πρὸς
2693 1735 2886 1794 αὐταῖς
2905 1732 3080 1804 ᾐόσιν,
3101 1731 3181 1792 είς
3197 1725 3435 1797 γλαυκὸν
3454 1722 3616 1784 ἄνθος

331 1848 598 1922 cymbala.
659 1845 772 1901 lloc
804 1859 934 1898 vero
973 1851 1160 1896 contra
1193 1848 1485 1906 utramque
1517 1832 1669 1888 navis
1710 1835 1918 1900 partem

334 1945 385 2000 in
415 1958 629 2015 proram
651 1941 764 2011 jam
796 1939 1069 2004 attritum,
1092 1945 1348 2004 tanquam
1377 1943 1602 1984 auream
1635 1923 1917 1980 materiam

335 2035 609 2090 reddebat.
663 2031 762 2086 Hic
793 2045 926 2084 vero
952 2038 1007 2083 et
1045 2037 1217 2082 artem
1268 2023 1532 2078 admirari
1563 2034 1774 2090 acquum
1812 2025 1930 2072 est--

333 2129 486 2196 Aqua
514 2125 658 2180 enim
684 2123 897 2178 marina
930 2120 1103 2174 divisa
1129 2119 1275 2171 circa
1315 2127 1556 2184 proram,
1590 2110 1707 2165 auri
1745 2121 1920 2178 reper-

333 2215 676 2272 cussiouibus
704 2211 995 2283 Splenduit,
1024 2219 1078 2265 et
1097 2209 1147 2262 in
1171 2207 1399 2263 similem
1421 2205 1658 2261 colorem
1689 2212 1929 2256 mutasse

336 2321 485 2362 mare
511 2303 818 2361 videbatur.
869 2300 1106 2355 Proinde
1139 2300 1268 2353 date
1286 2296 1415 2352 mihi
1443 2293 1733 2350 artiﬁcium
1785 2290 1929 2346 Zeu-

335 2400 498 2463 xidis,
541 2406 598 2451 et
649 2392 927 2451 Parrhasii
981 2391 1288 2447 scientiam.
1350 2386 1544 2458 Delphi
1585 2384 1748 2455 igitur
1799 2383 1931 2437 urbs

337 2490 509 2546 dicata
543 2485 800 2556 Apollini.
853 2483 983 2539 colit
1033 2497 1248 2552 semper
1280 2481 1423 2535 hunc
1451 2481 1634 2541 deum,
1668 2485 1724 2529 et
1756 2475 1932 2544 tripu-

339 2582 492 2635 diant
536 2576 778 2632 adhibito
815 2589 1005 2645 paeane
1040 2573 1245 2628 circum
1304 2569 1569 2639 tripodem
1604 2565 1740 2636 (49).
1782 2564 1927 2632 Quin

337 2673 502 2730 etiam
531 2669 644 2725 Elei
673 2669 1064 2739 lacrytuantur,
1094 2679 1306 2719 amnem
1346 2657 1680 2733 lAlp/cwum],
1709 2660 1936 2714 Pisauut

340 2764 406 2818 ad
427 2761 667 2816 Siculum
697 2773 870 2829 usque
907 2757 1107 2812 fontem
1141 2753 1650 2822 comitantes,qnasi
1691 2759 1939 2805 metuen-

345 2869 446 2920 tes,
494 2868 562 2910 ne
621 2852 799 2907 amnis
849 2852 1126 2906 decessum
1176 2847 1464 2913 meditans,
1492 2844 1613 2901 aliis
1635 2842 1943 2900 hominibus

341 2961 540 3016 aquam
594 2944 875 3012 largiatur.
919 2939 1184 2994 Celeriter
1222 2947 1275 2992 et
1306 2936 1613 3007 philomela:
1665 2943 1720 2988 et
1754 2936 1940 3006 cygni,

342 3035 834 3104 onmisqnecantus
861 3029 1026 3086 simul
1051 3029 1335 3083 volabunt.
1356 3025 1570 3081 Nostra:
1602 3024 1744 3080 enim
1776 3023 1942 3078 Musa:

341 3131 453 3199 jam
480 3125 782 3182 naviculam
812 3121 1398 3190 audentcompingere,
1431 3128 1488 3175 et
1513 3118 1692 3190 fugam
1729 3117 1941 3171 minan-

350 3232 436 3276 tur
471 3220 668 3292 370a
686 3227 740 3273 et
775 3231 952 3280 mare,
991 3215 1117 3270 licet
1140 3213 1390 3268 ﬂuctibus
1433 3211 1640 3268 saeviat.
1669 3210 1942 3278 Abjicieus

345 3332 379 3371 e
401 3314 647 3367 manibus
671 3310 862 3377 lyram,
887 3307 1160 3362 silentium
1187 3306 1501 3360 cantionum
1534 3301 1804 3357 suadebit.
1833 3298 1943 3354 Na-

351 3409 432 3462 vis
455 3404 704 3475 prastoria
732 3403 784 3456 in
811 3400 1096 3471 portubus.
1120 3397 1300 3453 velum
1337 3409 1649 3466 supremum
1683 3393 1951 3457 sublime,

367 3497 528 3569 quale
560 3493 726 3550 radiis
750 3492 910 3550 claris
930 3499 984 3546 et
1019 3489 1310 3544 maritimis
1337 3487 1551 3543 extendi
1583 3486 1747 3543 solet.
1773 3484 1947 3540 Parva

351 3591 406 3644 in
431 3586 660 3658 gratiam
701 3581 1058 3653 Hesperidum
1099 3589 1282 3650 prata,
1311 3593 1492 3650 parvte
1523 3578 1590 3633 ad
1621 3576 1947 3649 magnitudi-

352 3695 474 3735 nem
531 3674 838 3748 pyramides
887 3670 1175 3742 Egyptian,
1224 3680 1281 3726 ct
1313 3670 1358 3725 si
1393 3666 1526 3740 quid
1577 3667 1866 3723 Persarum
1894 3675 1949 3722 et

351 3769 698 3839 Assyriorum
722 3777 912 3819 manus
930 3770 1312 3817 construentes
1335 3759 1568 3830 posteris
1593 3759 1944 3828 spectandum

354 3860 713 3916 tradiderunt.
761 3855 867 3909 Sed
913 3854 980 3907 ad
1034 3852 1238 3906 amicas
1285 3850 1532 3904 Athenas
1590 3849 1708 3903 haec
1735 3847 1946 3909 classis,

353 3964 473 4018 qua:
507 3948 621 4002 suis
649 3946 787 4000 adeo
819 3952 871 3997 te
895 3943 1175 3997 amoribus
1208 3940 1564 3994 incenderunt
1585 3978 1609 4004 ,.
1629 3946 1687 3990 ut
1711 3951 1951 3991 amorem

353 4055 480 4107 erga
515 4039 654 4092 hanc
682 4035 920 4104 linguam
950 4046 1165 4101 semper
1189 4029 1566 4086 circumferas.
1593 4027 1730 4094 Quid
1773 4035 1950 4081 autem

358 4142 674 4197 responsum
703 4123 1007 4180 communis
1035 4123 1275 4176 omnium
1298 4128 1496 4175 statim
1534 4119 1676 4189 apud
1695 4116 1832 4173 alias
1855 4118 1953 4172 ha-

361 4223 610 4277 bilaturae
640 4214 912 4286 denegas?
950 4214 1153 4269 Fabula
1201 4212 1512 4268 Cimmeriis
1540 4210 1754 4282 populis
1803 4210 1957 4266 occi-

359 4312 663 4369 dentalibus
714 4308 882 4363 solcm
916 4306 1136 4377 eripuit,
1161 4305 1254 4360 sed
1288 4312 1558 4371 metuens,
1580 4317 1648 4359 ne
1671 4303 1958 4375 redargue-

2023 1834 2209 1906 ἡρέμα
2243 1829 2644 1902 μεθισταμένου
2673 1825 2769 1880 τοῦ
2799 1825 3066 1895 κύματος.
3097 1819 3310 1892 Πρῶτοι
3335 1818 3445 1888 γὰρ
3468 1814 3615 1886 Φρύ-

2025 1945 2121 1997 γες
2151 1926 2328 1981 αἰτίαν
2355 1924 2573 1995 ἔχουσιν
2599 1920 2747 1991 αὐλῷ
2771 1936 2828 1972 τε
2859 1915 3166 1988 ἐμπνεῦσαι
3196 1913 3290 1968 καὶ
3317 1911 3440 1974 ταῖς
3486 1907 3618 1981 [60%

2027 2019 2122 2084 IL]
2154 2019 2395 2080 τελεταῖς
2425 2017 2524 2069 ἀνα
2534 2014 2686 2085 μῖξαι
2709 2011 2778 2066 τὰ
2807 2009 2874 2066 κύ
2883 2008 3065 2081 μ6αλα
3080 2009 3145 2060 ι’.
3161 2004 3327 2078 [1124
3345 2001 3436 2075 IL]
3454 2001 3528 2054 Τὸ
3558 1999 3623 2052 δὲ

2030 2113 2124 2168 ἐπὶ
2151 2110 2411 2182 θάτερα¹³
2437 2109 2535 2177 τῆς
2561 2104 2700 2169 νεὼς
2735 2105 2901 2176 μέρος
2936 2103 3017 2167 είς
3051 2099 3277 2172 πρῶραν
3304 2097 3403 2168 ἤδη
3441 2093 3620 2148 θλιϐόο

2034 2219 2220 2274 μενον,
2251 2198 2485 2272 χρυσοῦν
2508 2197 2605 2267 τῆς
2634 2195 2768 2267 ὕλης
2795 2191 3259 2261 πεποίητο.¹Ἐνθα
3288 2191 3384 2242 καὶ
3407 2184 3621 2256 θαυμά-

2035 2313 2132 2348 σαι
2159 2295 2258 2364 τὴν
2286 2294 2485 2362 τέχνην
2509 2287 2662 2354 άειον
2680 2305 2702 2321 σ
2738 2287 2802 2342 τὸ
2830 2285 2938 2357 γὰρ
2967 2284 3098 2355 περὶ
3126 2281 3225 2354 τὴν
3259 2279 3489 2351 πρῶραν
3520 2277 3628 2344 τῆς

2034 2384 2309 2454 θαλάσσης
2344 2381 2488 2454 ὕδωρ
2517 2381 2863 2452 σχιζόμενον,
2890 2379 3010 2440 ταῖς
3043 2373 3137 2428 τοῦ
3183 2369 3385 2444 χρυσοῦ
3441 2367 3624 2437 βολαῖς

2037 2475 2372 2545 ὲπαυγάζον,
2399 2476 2481 2539 εἰς
2512 2476 2703 2541 ὅμοιον
2728 2471 2889 2533 ἄνθος
2921 2467 3172 2538 ἀμείϐειν
3198 2464 3374 2519 ἐδόκει
3404 2463 3504 2532 τὴν
3533 2458 3626 2512 θάο

2035 2571 2268 2625 λασσαν.
2293 2567 2503 2623 Οὐκοῦν
2551 2566 2668 2620 δότε
2719 2581 2807 2635 μοι
2848 2562 2948 2632 τὴν
2997 2558 3246 2625 Ζεύξιδος
3291 2555 3512 2625 τέχνην,
3553 2550 3628 2605 τὰ

2040 2661 2354 2734 Παρρασίου
2411 2658 2742 2728 σοφίσματα.
2769 2654 2964 2723 Δελφοὶ
3010 2652 3068 2706 δὲ
3113 2651 3243 2720 ἄρα,
3292 2648 3414 2720 ιερὰ
3469 2644 3632 2708 πόλις

2053 2753 2411 2817 Ἀπόλλωνος,
2441 2750 2761 2821 λατρεύουσι
2793 2749 2893 2818 μὲν
2917 2747 3006 2800 ἀεὶ
3031 2744 3109 2814 τῷ
3137 2741 3255 2812 Θεῷ
3279 2741 3372 2795 καί
3401 2753 3630 2808 περιχο-

2049 2845 2264 2918 ρεύουσι
2313 2844 2451 2915 μετὰ
2499 2842 2744 2897 παιάνων
2785 2840 2877 2893 τὸν
2924 2837 3172 2910 τρίποδα.
3210 2837 3322 2890 Καὶ
3375 2831 3484 2904 μὴν
3533 2826 3631 2882 καὶ

2058 2941 2256 2995 Ἠλεῖοι
2297 2935 2616 3007 δακρύουσι,
2647 2934 2738 2987 τὸν
2782 2932 3029 3002 ποταμὸν
3073 2930 3174 2984 τὸν
3211 2928 3436 2981 Πισαῖον
3459 2924 3504 2955 ⁸⁸
3535 2922 3641 2976 ἐπὶ

2046 3033 2146 3104 τὴν
2169 3029 2459 3098 Σικελικὴν.
2485 3028 2696 3098 κρήνην
2730 3023 3173 3096 προπέμποντες.
3213 3019 3426 3089 ὥσπερ,
3452 3010 3641 3086 οἶμαι,

2041 3120 2204 3175 τοῦτο
2233 3116 2582 3190 φοϐούμενοι,
2615 3116 2692 3186 μὴ
2727 3112 2965 3185 μελετῶν
2990 3111 3094 3182 τὴν
3135 3106 3448 3176 ἀποδημίαν
3475 3106 3503 3156 ό
3534 3119 3644 3154 πο·-

2043 3213 2215 3285 ταμὸς
2245 3211 2429 3274 ἄλλοις
2457 3208 2768 3279 ἀνθρώποις
2792 3205 3090 3276 χαρίσηται
3121 3202 3189 3256 τὰ
3223 3201 3464 3268 νάματα.
3481 3193 3642 3264 Τάχα

2045 3307 2103 3361 δέ
2144 3323 2226 3359 σοι
2277 3304 2368 3358 καὶ
2403 3302 2627 3371 ἀηδόνες
2679 3301 2774 3354 καὶ
2823 3297 3013 3352 κύκνοι
3048 3295 3143 3349 καὶ
3175 3294 3355 3346 πάντα
3387 3291 3456 3345 τά
3499 3288 3646 3357 μέλη

2050 3393 2615 3465 συναποπτήσεται¹⁸.
2660 3392 2728 3445 Al
2763 3391 2864 3460 μὲν
2897 3390 3006 3460 γὰρ
3043 3386 3311 3458 ἡμέτεραι
3353 3382 3567 3438 Μοῦσαι
3593 3380 3647 3412 ¹⁹

2049 3488 2144 3542 καὶ
2177 3485 2419 3554 σκάφη¹⁷
2445 3483 2544 3556 ἤδη
2579 3481 2820 3552 τολμῶσι
2849 3478 3192 3548 πήγνυσθαι,
3230 3475 3328 3530 καὶ
3353 3471 3646 3528 ἀπειλοῦσι

2051 3580 2233 3650 φυγὴν
2259 3579 2354 3632 καὶ
2383 3577 2674 3634 θάλατταν,
2708 3574 2814 3628 κᾶν
2830 3572 2874 3604 ¹⁸
2899 3569 3157 3642 ἀγριαίνῃ
3180 3571 3222 3603 ¹⁹
3252 3570 3366 3631 τοῖς
3407 3566 3644 3636 κύμασι.

2064 3671 2256 3740 Ῥίψας
2283 3672 2354 3724 ὲκ
2370 3669 2481 3724 τῶν
2508 3668 2708 3740 χειρῶν
2731 3667 2832 3739 τὴν
2859 3666 3054 3738 λύραν,
3087 3663 3306 3734 σιωπὴν
3323 3662 3434 3715 τῶν
3463 3659 3647 3731 μελῶν

2053 3762 2512 3832 καταψηφίζεται.
2543 3759 2697 3821 Ναῦς
2743 3760 2803 3812 ὲν
2848 3758 3040 3829 ὅρμοις
3088 3752 3420 3826 στρατηγὶς,
3473 3750 3649 3804 ἱστίον

2055 3853 2258 3922 ὑψηλὸν
2293 3851 2606 3922 μετάρσιον,
2633 3844 2744 3903 οἷον
2780 3849 2877 3902 καὶ
2919 3847 3202 3916 λαμπραῖς
3243 3844 3440 3915 αὔραις
3457 3844 3512 3876 ’δ
3545 3843 3641 3896 καὶ

2055 3943 2337 4010 πελαγίοις
2366 3943 2755 3998 πετάννυσθαι.
2787 3941 2992 4012 Μικροὶ
3019 3939 3120 4011 μὲν
3149 3941 3230 4002 εἰς
3254 3939 3416 4009 χάριν
3450 3938 3650 3990 Ἐσπε-

2058 4035 2219 4107 ρίδων
2265 4034 2552 4105 λειμῶνες,
2593 4035 2786 4105 μικραὶ
2829 4031 2887 4086 δὲ
2931 4034 3012 4094 είς
3065 4030 3300 4102 μέγεθος
3338 4028 3651 4100 πυραμίδες

2054 4120 2376 4191 Αἰγύπτιαι,
2403 4121 2498 4174 καὶ
2551 4123 2606 4176 εἷ
2650 4139 2702 4176 τι
2755 4121 2982 4192 Περσῶν
3014 4121 3112 4174 καὶ
3136 4119 3436 4190 Ἀσσυρίων
3461 4120 3645 4188 χεῖρες

2057 4217 2363 4284 πονήσασαι
2394 4213 2584 4283 θαῦμα
2611 4214 2838 4284 ἀφῆκαν
2852 4217 2967 4277 τοῖς
3002 4212 3246 4284 ὕστερον.
3265 4211 3405 4264 Ἀλλ’
3429 4211 3523 4264 ἐπὶ
3544 4211 3647 4272 τὰς

2058 4305 2219 4376 φίλας
2239 4306 2476 4377 Ἀθήνας
2501 4309 2529 4360 ὁ
2563 4306 2780 4372 στόλος,
2804 4306 2866 4359 αϊ
2901 4323 2961 4358 σε
2988 4307 3109 4370 τοῖς
3142 4304 3327 4367 πόθοις
3359 4304 3530 4366 οὕτως
3559 4301 3647 4367 ἐξ·

362 4421 535 4472 retur,
571 4403 822 4461 obscuris
861 4403 1051 4456 verbis
1087 4409 1265 4470 tegere
1296 4413 1568 4453 rumorem
1621 4399 1817 4452 adnixa
1852 4406 1930 4451 est

2063 4397 2298 4452 έκαυσαν
2328 4397 2403 4462 ὠς
2445 4398 2540 4453 καὶ
2589 4398 2676 4452 ἐπ’
2704 4398 2876 4468 αὐτῆς
2905 4397 3226 4468 περιφέρειν
3260 4397 3507 4465 γλώττης
3552 4395 3646 4449 τὸν

361 4496 471 4567 Nos
497 4513 624 4560 vero
655 4494 832 4548 nullus
857 4501 1021 4561 poeta
1048 4489 1264 4546 mentiri
1301 4488 1592 4560 putaverit,
1646 4499 1767 4558 post
1801 4497 1934 4542 tuam

2060 4489 2260 4560 ἔρωτα.
2281 4491 2346 4544 Τί
2377 4491 2436 4545 δὲ
2459 4492 2637 4556 ὀκνεῖς
2667 4492 2766 4561 τὴν
2791 4492 3085 4561 ἀπόκρισιν
3107 4489 3210 4544 τοῦ.
3224 4489 3402 4543 κοινοῦ
3429 4488 3647 4542 πάντων

362 4587 847 4660 peregrinationem
881 4581 1098 4636 auferre
1127 4581 1296 4635 solem
1323 4582 1568 4650 cupiens,
1599 4594 1632 4634 o
1655 4581 1826 4635 amica
1850 4596 1948 4648 pa-

368 4683 490 4736 tria.
544 4677 700 4732 Nunc
741 4675 837 4730 tibi
864 4673 1118 4744 iujnriam
1173 4671 1416 4726 intulisse
1463 4687 1552 4726 me
1587 4670 1794 4738 sentio,
1833 4681 1953 4724 tuos

365 4786 582 4828 amores
604 4769 930 4838 despiciens,
962 4765 1139 4820 insido
1153 4763 1379 4818 amatori
1395 4764 1574 4817 omnia
1595 4763 1820 4831 cupiens
1841 4763 1954 4817 lar-

368 4862 492 4931 giri.
521 4859 628 4914 Sed
651 4871 845 4929 parum
879 4855 1068 4909 borqu
1133 4853 1303 4922 legem
1358 4862 1599 4917 secutus,
1631 4852 1697 4905 ad
1729 4852 1953 4907 inhene-

367 4962 566 5009 statem
600 4951 902 5006 orationem
929 4945 1200 5013 converti,
1219 4944 1344 4998 licet
1373 4943 1505 4998 mihi
1529 4942 1854 4996 desiderium
1884 4941 1963 4996 Dii

371 5043 732 5116 impleverim.
753 5040 952 5096 lterum
969 5038 1112 5093 enim
1129 5035 1573 5106 sceptra,iterum
1584 5032 1774 5104 iudicii
1788 5035 1973 5090 sedes.

2053 4583 2370 4652 ἀγάλματος
2429 4583 2808 4654 μετασκηνοῖω
2867 4583 2997 4655 παρ’
3046 4584 3255 4652 ἑτέροις
3317 4580 3646 4650 μέλλοντοςῖ

2056 4673 2406 4743 Κιμμερίους
2445 4675 2544 4743 μὲν
2570 4674 2657 4746 δὴ,
2687 4675 2869 4744 δῆμον
2892 4676 3179 4745 ἑσπέριον,
3196 4673 3457 4743 ἀφείλετο
3479 4671 3649 4744 μῦθος

2057 4759 2150 4814 τὸν
2178 4761 2352 4832 ἥλιον,
2383 4757 2504 4816 εἶτα
2531 4763 2791 4834 φοϐηθεὶς
2819 4765 2913 4816 τὸν
2941 4764 3163 4834 ἔλεγχον
3197 4762 3522 4834 ἀμφιϐόλοις
3544 4763 3649 4833 ῥή-

2070 4870 2203 4923 μασι
2238 4855 2443 4924 κρύψαι
2465 4857 2570 4927 τὴν
2591 4859 2780 4927 φήμην
2809 4857 3144 4911 ἐσπούδασεν
3163 4873 3178 4887 ·
3201 4859 3353 4929 ἡμᾶς
3384 4856 3442 4909 δὲ
3470 4854 3650 4918 οὐδεὶς

2072 4944 2303 5014 ποιητὴς
2334 4945 2626 5015 ψεύδεσθαι
2662 4947 2832 5012 δόξειε
2865 4947 3006 5018 μετὰ
3049 4948 3150 5022 τὴν
3195 4948 3301 5020 σὴν-
3338 4948 3652 5018 ἀποδημίαν

2076 5035 2369 5106 ἀφελέσθαι
2412 5037 2584 5095 θέλων
2626 5037 2720 5093 τὸν
2752 5035 3002 5111 ipsum?)
3044 5039 3170 5110 φίλη
3213 5041 3438 5111 Ματρὶς,
3465 5038 3561 5094 νῦν
3589 5055 3652 5092 σε

1656 5189 1796 5246 νΑιι
1807 5191 1902 5246 ΜΞ
1942 5191 2352 5252 LECTIONES.

441 5301 468 5331 ⁵
491 5292 648 5361 οὗτος
677 5292 928 5349 Beisltius
961 5310 975 5346 :
1010 5285 1325 5361 libriol'me.
1421 5285 1600 5361 ἔχει.

376 5441 420 5471 ³³
455 5439 680 5509 θάτερον
715 5434 777 5509 Β,

495 5292 975 5382 ρδτοςέξεεξιξεξιξέ
1010 5287 1370 5382 ιίιξξίηεξῖξ-
1421 5287 1632 5382 λέξει,
1668 5287 2312 5382 -.ζςείρεσξκαοιιομβιξ
2364 5356 2393 5382 τ
2424 5291 2512 5382 ’.τι
2536 5291 2606 5382 ἔξ
2631 5292 2885 5374 βάληται
2919 5309 3030 5349 οπι·
3061 5295 3126 5351 Α·

372 5370 578 5442 dnrl‘rus
609 5354 645 5419 ιε’
666 5367 787 5442 lil_)_ri
819 5363 980 5442 ὑπερ.
1057 5354 1634 5442 η-θὰλασσαηΒζὶιιπί
1668 5354 2023 5442 γέγραπται.⁸
2084 5357 2315 5442 ηξιλον]
2335 5356 2445 5415 οἷον
2465 5354 2734 5423 Keiskius.

3235 5295 3267 5327 "
3299 5293 3394 5347 ὑπ’
3422 5290 3654 5347 Werns-

2833 5366 2876 5396 ⁸³
2901 5364 3181 5437 κύμϐαλα]
3209 5364 3544 5437 κυκλώματα
3586 5365 3655 5437 ᾼ.

378 5441 421 5540 ::
455 5434 810 5578 ιξιῖεςδηιξε,
842 5425 1282 5574 52:33.12“:-
1324 5425 2065 5578 ..‘;.a::a*:a::::::;:
2757 5451 2818 5499 ς.
2899 5436 2942 5509 ,τ
2961 5425 3181 5506 ,κάμε
3242 5436 3286 5467 ..
3303 5425 3539 5502 si...
3585 5434 3655 5502 ι

1925 5565 2160 5624 NOTAE.

449 5671 568 5744 (59)
596 5670 816 5727 Proclus
835 5684 954 5738 sup.
987 5668 1040 5722 in
1067 5663 1515 5722 Chrestomatlu'a.
