3990 6232
384 227 515 293 1361

1458 241 1982 307 BIBLIOTHECA.
2005 271 2073 285 -
2097 248 2261 308 COD.
2291 248 2600 309 CCXLI”.

3495 249 3633 314 1362

380 341 548 406 δντως
600 344 861 417 ἀδικήσας
916 346 1266 418 αἰσθάνομαι,
1321 348 1450 413 τοὺς
1498 354 1625 416 σοὺς
1679 354 1983 425 ὑπεριδὼν,

2087 354 2165 410 loc
2194 356 2405 428 Ephyra
2431 358 2635 422 attulit,
2658 360 2784 413 urbs
2813 371 2919 413 non
2945 359 3117 413 solum
3136 360 3207 415 ad
3226 360 3633 417 admirationem

379 431 612 501 ἔρωτας,
638 436 842 507 ἐραστῇ
896 434 1066 491 θέλων
1113 437 1326 507 ἀπίστῳ
1374 439 1552 492 πάντα
1598 442 1949 511 χαρίσασθαι.
2008 510 2015 523 ι

395 525 556 578 Ἀλλὰ
589 528 783 596 μικροῦ
812 526 890 598 τῷ
918 529 1067 599 νόμῳ
1095 529 1174 599 τῷ
1202 530 1552 599 περὶτούτων
1574 534 1856 603 ἑπόμενος,
1873 537 1955 599 είς

381 617 655 687 ἀκοσμίαν
705 618 795 671 τὸν
841 619 997 686 λόγον
1035 619 1271 690 ἔτρεψα,
1302 621 1477 675 καίτοι
1519 640 1609 692 μοι
1659 624 1765 677 τῶν
1813 624 1955 677 θεῶν

382 709 733 779 πληρούντων
761 710 853 763 τὸν
881 711 1045 764 πόθον
1064 728 1081 742 ·
1121 713 1284 766 πάλιν
1330 714 1442 784 γὰρ
1486 714 1765 783 σκῆπτρα.
1792 716 1956 771 πάλιν

383 802 485 871 τῆς
516 802 674 873 δίκης
695 804 744 856 oi
772 804 966 873 θρόνοι.
987 804 1187 860 Τοῦτον
1213 806 1421 876 Ἐφύρα
1451 809 1548 877 μὲν
1566 802 1786 878 ἤνεγκε,
1804 810 1957 874 πόλις

384 895 446 945 οὐ
468 894 625 963 μόνον
641 894 1096 967 καλλωπιζομένη
1116 897 1307 968 μύθοις
1330 900 1468 969 πρὸς
1482 901 1543 953 τὸ
1559 900 1957 970 θαυμάζεσθαι,

382 980 476 1039 οἵα
499 986 608 1039 τῶν
643 986 962 1058 Ἐλληνίδων
986 990 1041 1043 αἱ
1072 990 1341 1059 πλείονες,
1374 991 1490 1046 ἀλλ’
1505 990 1769 1062 ὀφθαλμῷ
1794 996 1957 1065 κριτῇ

385 1084 489 1153 τὴν
520 1084 863 1155 εὐδαιμονίαν
892 1084 1349 1153 προϐάλλουσα¹¹.
1380 1085 1537 1138 Οὕτω
1565 1086 1658 1138 καὶ
1680 1085 1742 1138 τὸ
1769 1085 1959 1139 τούτου

385 1176 548 1244 γένος
582 1175 797 1243 μυρίοις
830 1174 929 1243 μὲν
957 1173 1157 1243 λόγοις,
1194 1174 1407 1245 μυρίοις
1434 1173 1492 1226 δὲ
1522 1173 1705 1245 ἔργοις
1732 1176 1825 1227 καὶ
1857 1193 1961 1228 πα-

390 1269 712 1341 ραπλησίοις
740 1268 1055 1337 ἀγάλλεται.
1093 1268 1375 1339 Μνηστέον
1411 1268 1509 1338 ἤδη
1546 1268 1641 1321 καὶ
1669 1268 1832 1323 αὑτοῦ
1866 1268 1959 1322 τοῦ

388 1361 602 1429 γένους,
635 1356 753 1412 οὔτι
784 1359 1013 1421 παντός’
1048 1359 1217 1428 κάμοὶ
1240 1358 1347 1429 γὰρ
1376 1358 1465 1423 ἂν,
1496 1354 1670 1425 οῐμαι,
1698 1359 1792 1413 καὶ
1822 1359 1963 1412 ἱστο-

393 1454 486 1522 ρία
513 1450 764 1505 τοσοῦτον
793 1449 1053 1519 πλῆθος²¹
1084 1448 1460 1519 φροντίζουσα.
1504 1451 1568 1503 Οἱ
1611 1450 1708 1504 ἀπ’
1741 1450 1963 1505 ἐκείνων

388 1545 503 1599 τῶν
533 1544 727 1614 γάμων
764 1542 1295 1614 ἀποϐλαστήσαντες,
1330 1542 1463 1596 είκώ
1490 1559 1613 1596 τινα
1632 1544 1731 1613 τῆς
1754 1544 1962 1597 ἐκείνου

396 1640 588 1708 σοφίας
618 1639 731 1701 τοῖς
756 1638 856 1707 τῆς
886 1637 1068 1708 ψυχῆς
1105 1637 1327 1708 φέρον¹ς⁸
1350 1637 1650 1706 ἀγάλμασι.
1686 1637 1964 1708 Προσκλύ-

2058 447 2253 502 fabulis
2267 449 2618 514 illustrata,ut
2637 450 2902 521 pleraeque
2915 466 3103 506 omnes
3117 451 3457 520 Graeciae,sed
3473 456 3636 510 etiam

2056 540 2316 609 judicanti
2355 542 2515 596 oculo
2550 542 2856 597 felicitatem
2897 540 3143 596 all'erens.
3176 543 3268 598 Sic
3310 542 3468 610 hujus
3506 556 3637 611 gens

2064 632 2287 688 infinitis
2344 634 2698 700 orationibus,
2726 635 2981 705 cperibus
3004 643 3058 689 et
3073 634 3336 689 similibus
3371 634 3626 689 exsultat.

2064 726 2473 781 Recordandum
2500 736 2583 781 est
2613 726 2773 794 hujus
2792 727 2902 794 jam
2940 727 3113 797 gentis
3138 742 3239 781 non
3272 736 3446 781 tamen
3477 726 3639 779 totius

2060 819 2193 889 (non
2210 819 2390 872 omnia
2416 834 2659 885 narrare,
2690 834 2885 888 magno
2908 820 3037 873 mihi
3064 820 3211 873 oneri
3233 818 3396 887 esset)
3429 835 3442 870 :
3470 832 3637 871 unum

2061 923 2130 963 ex
2156 909 2223 963 iis
2250 910 2340 978 qui
2390 910 2457 963 ab
2488 910 2591 965 illis
2646 911 2843 981 nuptiis
2869 910 3135 981 progeniti
3165 919 3309 974 sunt,
3336 907 3641 963 assimilabo

2065 999 2382 1067 sapientiam
2407 1000 2602 1056 animas
2620 1001 2832 1059 statuis.
2860 1002 3021 1057 Sinus
3047 1002 3260 1056 lonicus
3286 999 3488 1054 alluens
3506 997 3643 1052 miti.

2066 1099 2157 1158 gat
2180 1089 2327 1145 littus
2343 1090 2531 1159 ﬂuctu,
2548 1092 2701 1161 juxta
2727 1093 2866 1148 hanc
2882 1108 3032 1148 oram
3071 1092 3328 1162 tripudiat
3357 1092 3639 1147 Nereidum

2067 1183 2264 1237 chorus
2283 1192 2331 1248 ι,
2353 1198 2544 1238 omnes
2583 1184 2738 1248 albae,
2777 1185 2859 1239 Iac
2897 1185 3053 1253 quale
3080 1186 3230 1240 fleret
3281 1193 3398 1238 arte
3463 1192 3644 1253 pasto-

2068 1286 2209 1335 rum,
2237 1271 2406 1325 oculis
2437 1272 2660 1342 glaucis,
2722 1284 3148 1337 ornataemuseo,
3180 1282 3437 1342 praterea
3462 1273 3641 1326 albam

2068 1373 2360 1426 Spumante
2390 1360 2524 1414 mari
2551 1360 2774 1414 summis
2799 1360 3063 1414 stillantes
3078 1360 3335 1421 crinibus.
3371 1360 3461 1415 Illa
3483 1360 3636 1413 vicis-

2068 1451 2169 1507 sim
2197 1467 2450 1519 sponsum
2466 1453 2699 1519 amabat,
2716 1455 3314 1523 etarrhabcuenuptias
3338 1453 3637 1509 confirmat.

2069 1544 2320 1601 Producit
2342 1546 2484 1600 enim
2520 1548 2693 1603 medio
2723 1549 2855 1603 mari
2893 1548 3113 1604 fontem.
3139 1548 3261 1605 Haec
3304 1564 3431 1603 vero
3458 1548 3640 1604 scient

2072 1640 2173 1694 hoc
2192 1639 2511 1696 beneficium
2528 1656 2558 1693 a
2576 1655 2768 1709 sponsa
2783 1651 3081 1710 protectum
3124 1655 3270 1705 esse,
3304 1640 3425 1695 aliis
3468 1640 3645 1695 nautis

397 1731 506 1795 ζων
538 1732 736 1792 κόλπος
753 1731 936 1794 Ἰόνιος
959 1729 1163 1783 λεαίνει
1183 1729 1281 1801 τὴν
1306 1729 1426 1783 θῖνα
1453 1728 1532 1799 τῷ
1564 1728 1791 1801 κύματι.
1811 1729 1970 1785 Κατὰ

2087 1729 2269 1783 indam
2287 1728 2469 1797 eripit,
2492 1730 2761 1785 solisvero
2781 1730 2865 1785 his
2898 1739 3141 1784 reservat
3157 1730 3441 1785 amabilem
3465 1738 3646 1798 potum

398 1825 465 1895 δὴ
494 1825 697 1895 ταύτης
718 1824 819 1894 τῆς
843 1824 1002 1895 ᾐόνος
1031 1824 1191 1895 χορὸς
1206 1822 1498 1894 Νηρηΐδων
1519 1823 1762 1893 ὲχόρευε,
1779 1824 1970 1877 λευκαὶ

2087 1832 2128 1877 tt
2149 1822 2400 1879 hauriant
2429 1824 2517 1892 qui
2570 1837 2610 1879 e
2658 1836 2856 1892 sponsa
2911 1832 3058 1890 sunt,
3083 1824 3226 1891 quod
3259 1820 3452 1892 3700
3485 1821 3647 1874 etiam

398 1919 592 1982 πᾶσαι,
626 1915 766 1983 γάλα
810 1916 976 1981 αὐτὸ,
1004 1909 1115 1968 οἷον
1177 1914 1243 1968 ἂν
1294 1916 1469 1968 ἐκεῖνο
1504 1916 1714 1983 γένοιτο
1756 1914 1973 1984 τέχναις

2087 1924 2258 1969 :outra
2290 1915 2542 1971 virtutem
2572 1915 2769 1971 faetttm
2803 1924 2906 1970 est.
2933 1916 3215 1983 Promptus
3252 1913 3316 1967 ad
3336 1911 3650 1967 discendum

399 2006 673 2077 ποιμένων
730 2004 854 2078 [603
886 2004 978 2078 IL]
1038 2006 1358 2075 ἱστάμενον,
1389 2005 1626 2074 γλαυκαὶ
1676 2006 1738 2059 τὸ
1793 2005 1970 2077 ὄμμα,

2087 2009 2148 2064 illi
2187 2020 2273 2065 est
2302 2009 2534 2075 animus,
2567 2009 2711 2065 celer
2740 2010 2806 2063 ad
2836 2008 3253 2078 intelligendum,
3281 2005 3538 2060 memoria
3562 2004 3653 2057 ir.-

399 2098 651 2168 κομῶσαι
700 2098 778 2167 τῷ
829 2097 1001 2168 βρύῳ.
1032 2097 1114 2150 ἔτι
1148 2097 1342 2151 λευκὸν
1392 2100 1457 2151 ἐκ
1504 2097 1667 2167 τῆςΜ
1707 2097 1976 2169 θαλάττης

2087 2112 2227 2168 nata,
2249 2112 2491 2173 prompta
2519 2112 2601 2158 est
2622 2104 2691 2158 ad
2711 2103 3017 2164 dicendum,
3045 2103 3111 2156 ad
3131 2100 3415 2171 tegendum
3438 2100 3649 2162 idonea,

402 2192 579 2262 ἀφρὸν
598 2189 657 2254 ἐξ
681 2190 867 2261 ἄκρων
896 2189 1193 2261 πλοκάμων
1223 2189 1514 2254 στάζουσαι
1530 2190 1679 2245 ⁸⁵.Ἥ
1700 2191 1756 2244 δὲ
1777 2191 1980 2263 ἀντερᾷ

2087 2196 2146 2250 ad
2169 2195 2441 2250 latendum
2484 2196 2738 2265 paratior.
2773 2195 2887 2251 Hoc
2910 2195 3226 2263 sapientius,
3252 2190 3523 2260 simulque
3549 2189 3651 2244 diis

403 2281 498 2336 τοῦ
531 2282 764 2353 νυμφίου
786 2324 804 2348 ,
832 2282 926 2335 καὶ
956 2282 1115 2353 δώρῳ
1165 2282 1451 2336 πιστοῦται
1481 2282 1574 2336 τὸν
1604 2283 1783 2352 γάμον
1805 2298 1819 2315 ·
1853 2284 1982 2338 ἀνα-

2087 2287 2285 2359 gratius
2315 2306 2330 2343 :
2375 2288 2549 2357 aptior
2574 2301 2700 2342 vero
2726 2288 2791 2342 ad
2843 2286 3059 2341 obvium
3118 2280 3650 2354 deprehendendum.

403 2375 586 2430 δίδωσι
620 2376 728 2446 γὰρ
760 2378 823 2429 ὲκ
861 2375 1033 2446 μέσης
1063 2375 1332 2445 θαλάττης
1361 2377 1646 2446 πηγήν.Ἤ
1684 2375 1763 2440 δὲ,
1793 2374 1981 2447 ὥσπερ

2087 2380 2355 2450 voluptate
2380 2378 2601 2445 fortior,
2635 2379 2867 2433 amicitia
2908 2376 3150 2441 inferior,
3190 2389 3283 2446 per
3332 2372 3652 2442 sapientiam

405 2467 742 2537 ἐπισταμένη
772 2466 866 2521 τοῦ
897 2467 1055 2538 χάριν
1086 2466 1194 2522 ὑπὸ
1221 2468 1322 2539 τῆς
1351 2466 1570 2539 νύμφης
1599 2468 1837 2538 ἐγένετο,
1863 2469 1983 2524 κλέ-

2087 2485 2321 2537 summa,
2356 2480 2477 2541 apta
2507 2470 2575 2525 ad
2610 2469 2920 2535 dicendum,
2943 2466 3370 2540 inexpugnabilis
3391 2464 3652 2527 amicitia.

407 2576 530 2612 πτει
561 2560 659 2631 μὲν
683 2566 795 2625 τοῖς
820 2561 999 2621 ἄλλοις
1027 2563 1307 2634 πλωτῆρσι
1332 2565 1402 2618 τὰ
1433 2566 1685 2634 νάματα,
1717 2565 1898 2635 μόνοις
1929 2564 1983 2618 δὲ

2088 2573 2341 2616 strenuus
2386 2563 2437 2615 iu
2502 2561 2714 2629 timore,
2750 2577 2870 2615 cum
2892 2562 3137 2630 privatus
3159 2570 3239 2615 est
3255 2571 3657 2624 summus,cum

405 2657 566 2723 τηρεῖ
612 2657 721 2717 τοῖς
772 2656 836 2708 ἐκ
881 2656 981 2725 τῆς
1032 2654 1249 2726 νύμφης
1282 2655 1381 2728 τὴν
1413 2657 1641 2727 πότιμον
1672 2657 1983 2727 φιλοτησίαν

2090 2652 2143 2706 iu
2194 2652 2514 2722 magistratu
2542 2666 2744 2721 aequus.
2774 2650 3053 2705 Privatum
3090 2651 3384 2705 bonestans
3409 2645 3655 2710 consilio,

404 2746 921 2817 ἁρύσασθαι.⁶’οπερ
969 2749 1067 2803 καὶ
1112 2748 1253 2801 κατὰ
1283 2750 1383 2819 τῆς
1414 2749 1616 2819 ἀρετῆς
1655 2750 1983 2821 ἀνύμνηται.

2090 2744 2398 2815 eloquentia
2431 2744 2641 2812 imperii
2670 2745 3010 2799 severitatem
3038 2744 3308 2814 mitigans.
3350 2739 3657 2807 Quinetiam

410 2838 668 2909 Εὐμαθής
693 2839 810 2891 ἐστι
834 2838 1004 2908 ψυχὴ,
1030 2842 1221 2909 ταχεῖα
1244 2842 1480 2904 σύνεσιν,
1504 2844 1693 2912 μνήμῃ
1716 2842 1983 2912 συμφυὴς,

2092 2832 2367 2890 fortunam
2393 2835 2599 2899 videas,
2630 2836 2787 2904 quasi
2814 2833 2977 2901 hujus
3005 2834 3128 2887 vitae
3150 2834 3413 2886 rationem
3436 2839 3660 2899 propter

406 2929 624 2999 ἕτοιμος
651 2930 788 3000 πρὸς
817 2929 1027 2999 λόγους,
1060 2929 1221 3002 [1125
1250 2930 1345 3003 IL]
1374 2931 1520 3001 δεινὴ
1570 2933 1666 3001 μὲν
1705 2932 1983 3003 κρύπτειν,

2097 2926 2413 2980 felicitatem
2466 2932 2830 2980 aversantem.
2875 2924 3116 2994 Legatus
3165 2922 3266 2976 fuit
3310 2921 3363 2975 iu
3415 2919 3663 2973 animad-

404 3021 679 3090 κρείττων
727 3021 1011 3076 λανθάνειν
1061 3021 1392 3095 (σοφώτερον
1421 3024 1478 3076 δὲ
1522 3023 1682 3077 τοῦτο
1725 3025 1819 3076 καὶ
1873 3024 1983 3093 ἅμα

2099 3017 2360 3073 vertendo
2389 3018 2590 3082 serius,
2621 3017 2746 3081 vita,
2779 3028 2837 3071 ut
2885 3017 3049 3071 etiam
3097 3014 3150 3069 in
3180 3013 3447 3075 oratione,
3493 3026 3660 3080 grau-

412 3113 557 3175 θεοῖς
585 3112 1083 3183 προσφιλέστερον),
1115 3114 1390 3184 δεινοτέρα
1417 3116 1473 3169 δὲ
1503 3118 1759 3186 φωρᾶσαι
1785 3116 1875 3169 τὸν
1904 3117 1991 3169 ὲν-

409 3201 677 3270 τυχόνταυ
724 3201 993 3272 κρείττων
1032 3203 1249 3272 ἡδονῆς,
1281 3203 1461 3273 ἥττων
1509 3203 1923 3275 φιλίας.”Ακρος
1944 3205 1991 3237 ⁸⁸

413 3292 627 3360 σοφίαν,
658 3292 828 3354 δεινὸς
874 3294 1079 3358 εἰπεῖν,
1116 3293 1390 3357 ἀνάλωτος
1441 3295 1621 3365 φιλίᾳ,
1655 3298 1900 3364 γενναῖος
1934 3296 1992 3348 ἐν

413 3382 634 3451 φόϐοις,
678 3382 881 3453 ὑψηλὸς
934 3382 1167 3453 ίδιώτης,
1204 3385 1389 3455 ἄρχων
1435 3385 1714 3457 ἐπιεικὴς,
1747 3386 1839 3440 τὸν
1894 3386 1992 3456 μὲν

412 3474 635 3543 ἰδιώτην
673 3474 1063 3543 ἀποσεμνύνων
1097 3476 1427 3546 φρονήματι,
1454 3476 1598 3546 λόγῳ
1644 3476 1701 3529 δὲ
1734 3476 1993 3545 πραΰνων

412 3563 476 3617 τὸ
503 3564 602 3634 τῆς
631 3563 878 3630 ἐξουσίας
897 3564 1250 3619 αὐθέκαστον.
1267 3566 1424 3618 Ἀλλὰ
1449 3566 1555 3637 μὴν
1580 3567 1673 3619 καὶ
1704 3566 1801 3638 τὴν
1825 3567 1993 3638 τύχην

415 3654 549 3716 ἴδοις
582 3655 650 3708 ἂν
679 3655 868 3726 ὥσπερ
917 3656 975 3722 ἐξ
1019 3657 1211 3727 οὐρίας
1237 3657 1328 3712 τὸν
1357 3658 1509 3712 τοῦδε
1554 3658 1668 3728 βίον
1703 3677 1994 3729 συμπαρα-

416 3748 762 3815 πέμπουσαν.
804 3747 1119 3817 Πρεσϐύτης
1150 3765 1234 3811 τις
1267 3744 1335 3819 ἦν
1367 3748 1563 3818 σεμνὸς
1595 3750 1741 3812 ἰδεῖν,
1768 3751 1995 3821 ἀρχαῖος

418 3839 512 3890 τὸν
560 3837 692 3906 βίον,
728 3839 820 3892 τὸν
866 3839 1025 3907 λόγον
1072 3840 1275 3909 ὅμοιος.
1309 3840 1478 3908 Σοφὸς
1533 3842 1727 3908 εἰπεῖν,
1759 3842 1994 3910 ἀμείνων

420 3930 675 3993 ἀκοῦσαι,
707 3930 778 3983 τὰ
809 3931 983 3983 πάντα
1014 3935 1281 3997 γενναῖος.
1312 3932 1533 4002 Πλήρης
1576 3933 1632 3986 δὲ
1670 3931 1746 3985 ὣν
1769 3933 1868 4005 ἤδη
1900 3933 1995 3986 τοῦ

421 4021 631 4083 κλέους,
668 4022 761 4074 καὶ
804 4023 985 4074 πᾶσαν
1022 4025 1101 4085 είς
1148 4022 1340 4076 ἑαυτὸν
1368 4024 1715 4093 ἐπιστρέφων
1744 4024 1843 4094 τὴν
1877 4024 1997 4078 Ἐλ-

415 4110 575 4175 λάδα,
609 4110 873 4164 διαϐαίνει
922 4114 1015 4165 καὶ
1061 4114 1141 4177 εἰς
1196 4113 1420 4183 βασιλέα
1451 4115 1528 4184 τῷ
1554 4115 1818 4185 θαύματι,
1866 4118 1997 4189 πρὶν

418 4200 703 4271 ύπηνήτης
733 4201 1005 4269 γενέσθαι,
1035 4202 1166 4273 πρὶν
1210 4203 1555 4273 καθερπύσαι
1594 4205 1931 4276 τὸν-πρῶτον
1952 4208 1996 4239 ³⁷

416 4292 613 4347 ἴουλον.
634 4293 865 4359 Ποιητοῦ
885 4294 930 4326 ’⁸
952 4294 1009 4346 δὲ
1030 4295 1138 4364 ἄρα
1163 4291 1229 4367 ἧν
1258 4297 1487 4350 ἐνταῦθα
1519 4297 1613 4351 τοῦ
1639 4297 1796 4367 λόγου
1825 4300 1999 4370 ῥόδοις

2094 3109 2209 3164 dis:
2234 3110 2300 3162 ad
2328 3108 2611 3163 dicendum
2626 3108 2945 3174 sapiens,ad
2968 3106 3293 3161 audiendum
3324 3104 3662 3167 instructior,

2095 3197 2146 3252 in
2182 3198 2434 3253 omnibus
2464 3199 2731 3269 egregius.
2770 3196 2968 3252 Plenus
3006 3195 3166 3251 laude
3199 3194 3337 3263 jam,
3362 3201 3418 3247 et
3442 3207 3659 3248 omnem

2093 3290 2148 3344 in
2176 3308 2237 3347 se
2262 3291 2527 3347 Graeciam
2567 3297 2913 3353 convertens,
2946 3288 3063 3343 suis
3105 3286 3440 3341 facinoribus
3473 3283 3543 3338 ad
3578 3298 3665 3337 re—

2094 3385 2237 3454 giam
2288 3380 2606 3450 dignitatem
2661 3378 2950 3442 ascendit,
3008 3376 3325 3447 priusquaut
3379 3372 3665 3442 pullularet

2094 3475 2286 3540 barba,
2314 3473 2597 3542 primaque
2629 3470 2821 3539 lanugo
2858 3469 3190 3525 tonderetur.
3225 3466 3351 3521 llaec
3381 3476 3663 3535 poetarum

2095 3566 2268 3621 instar
2296 3566 2424 3620 fecit
2450 3564 2650 3629 oratio,
2689 3565 2828 3619 rasis
2874 3571 3097 3617 nectere
3150 3574 3433 3623 coronam,
3469 3559 3667 3612 ducere

2096 3662 2303 3713 circum
2330 3658 2515 3713 urbem
2538 3658 2677 3712 hanc
2695 3672 2760 3711 ex
2788 3655 3042 3709 Helicone
3060 3653 3258 3719 Musas,
3277 3667 3437 3720 quam
3453 3650 3667 3715 Europa

2095 3756 2341 3800 extrema
2358 3746 2553 3816 exiguo
2573 3743 2716 3800 freto
2740 3759 2769 3798 a
2807 3743 3051 3799 Gadibus
3074 3757 3244 3812 usque
3261 3742 3450 3798 Asiam
3481 3750 3667 3793 exten-

2098 3837 2194 3891 dit.
2229 3836 2307 3889 Ad
2331 3835 2534 3890 Istrum
2583 3850 2643 3891 se
2673 3836 2964 3900 convertit,
3006 3850 3107 3891 nec
3133 3834 3341 3890 veritus
3365 3842 3448 3888 est
3470 3831 3670 3887 ﬂumen

2099 3926 2399 3982 Barbarum
2440 3926 2611 3997 glacie
2682 3928 2735 3982 iu
2791 3942 2997 3983 merent
3060 3927 3236 3998 campi
3309 3933 3670 3982 conetratum.

2098 4016 2233 4071 Cum
2270 4032 2398 4073 vero
2430 4016 2563 4072 deus
2600 4033 2816 4072 omnem
2880 4018 3027 4073 illam
3081 4017 3341 4072 virtutem
3388 4014 3674 4083 explorare

2101 4108 2385 4172 voluisset,
2437 4117 2494 4163 et
2534 4108 2777 4163 adversa:
2833 4108 3124 4178 aliquando
3170 4107 3401 4162 fortunae
3452 4115 3672 4158 ventum

2098 4199 2404 4265 constituit,
2449 4207 2508 4253 ut
2550 4198 2723 4268 qualis
2788 4208 2952 4261 esset,
3013 4197 3137 4253 talis
3205 4196 3479 4264 opinione,
3517 4202 3573 4247 et
3620 4193 3675 4247 in

2103 4307 2284 4346 rerum
2318 4291 2569 4345 fluctibus
2602 4292 2832 4359 vitaeque
2868 4297 3191 4358 tempestate
3236 4286 3492 4342 omnibus
3523 4284 3675 4338 vide-

423 4385 521 4452 μὲν
550 4384 849 4450 ἀναπλέξαι
899 4387 993 4440 τὸν
1027 4388 1311 4457 στέφανον,
1346 4388 1500 4455 ἄγειν
1533 4388 1589 4441 δὲ
1624 4389 1685 4453 ἐξ
1716 4391 1983 4444 Ἑλικῶνα

2110 4394 2286 4447 retur,
2334 4393 2387 4437 ct
2440 4385 2494 4437 in
2534 4383 2638 4438 hac
2688 4384 2853 4436 etiam
2902 4389 3055 4451 parte
3103 4379 3497 4434 celebraretur.
3542 4374 3676 4443 Quis

418 4477 517 4541 τὰς
546 4476 786 4541 Μούσας.
829 4478 966 4547 Περὶ
992 4478 1091 4550 τὴν
1119 4479 1274 4532 πόλιν
1298 4480 1532 4550 ἐκείνην,
1565 4481 1631 4552 ἢν
1669 4480 1776 4534 ἀπὸ
1809 4482 1997 4535 Γαδεί-

420 4585 531 4636 ρων
570 4566 803 4640 Εὐρώπη
835 4569 1074 4645 λήγουσα
1111 4570 1342 4640 πορθμῷ
1386 4571 1661 4643 θαλάσσης
1708 4572 1843 4641 πρὸς
1896 4573 1995 4644 τὴν

431 4659 614 4712 Ἀσίαν
665 4654 964 4731 μερίζεται.
992 4661 1224 4715 Ἥλασεν
1276 4654 1429 4725 οὗτος
1467 4664 1561 4716 καὶ
1610 4663 1730 4716 κατ’
1756 4665 1992 4734 Ἴστρου,

418 4750 512 4804 καὶ
541 4751 784 4822 ποταμὸν
813 4753 912 4804 οὐκ
940 4753 1111 4806 ἔδεισε
1157 4753 1431 4824 βάρϐαρον
1473 4754 1790 4826 κρυστάλλῳ
1839 4756 1994 4809 πεδία

421 4844 774 4914 μιμούμενον.
795 4846 945 4897 Ἐπεὶ
983 4846 1038 4897 δὲ
1079 4845 1197 4909 θεὸς
1233 4847 1367 4915 πρὸς
1394 4850 1573 4900 πᾶσαν
1602 4848 1762 4902 αὑτὸν
1794 4848 1993 4920 ἀρετὴν

419 4933 724 5002 ἁκριϐῶσαι
772 4933 1117 5004 βουλόμενος,
1174 4938 1267 4989 xui.
1316 4939 1410 4990 ἀπ’
1448 4939 1694 5003 ἐναντίας
1744 4939 1875 4991 ποτὲ
1930 4937 1997 4992 τὸ

420 5024 639 5094 πνεῦμα
693 5026 780 5095 ..ἧς
814 5025 986 5097 τύχης
1020 5025 1280 5097 ἔστησεν,
1315 5029 1380 5081 ἵν’
1414 5025 1525 5092 οἷος
1564 5025 1632 5100 ἦν
1653 5031 1721 5096 η,
1762 5028 1998 5094 τοιοῦτος

420 5116 519 5185 τὴν
552 5115 773 5189 γνώμην
808 5121 901 5172 καὶ
924 5122 983 5173 ἐν
1012 5120 1329 5191 τρικυμίαις
1358 5124 1697 5193 πραγμάτων
1750 5121 1844 5175 καὶ
1894 5140 2000 5192 χει·

424 5208 563 5278 μῶνι
593 5208 709 5279 βίου
743 5211 979 5284 δειχθείη
1011 5214 1122 5277 τοῖς
1154 5213 1287 5267 πᾶσι
1319 5214 1409 5267 καὶ
1442 5214 1563 5268 κατ’
1587 5213 1719 5268 αὐτὸ
1746 5213 1807 5267 τὸ
1834 5212 2003 5284 μέρος

502 5357 526 5385 ³
553 5347 740 5405 llorat.
775 5353 923 5407 Odm.

2101 4486 2281 4543 poeta,
2321 4476 2404 4529 vel
2435 4475 2624 4530 orandi
2671 4476 2875 4547 peritus
2914 4490 3045 4531 voce
3092 4475 3251 4544 digna
3294 4470 3527 4541 explicet
3588 4483 3673 4533 ea,

2106 4580 2226 4633 qum
2283 4566 2376 4621 ille
2422 4568 2594 4622 fecit?
2634 4567 2743 4624 Nec
2793 4570 2994 4625 Siciliae
3046 4567 3286 4635 aliquam
3339 4562 3578 4632 Scyllam
3615 4569 3677 4615 et

2105 4659 2412 4728 Charybdin
2448 4660 2660 4726 stravit,
2694 4662 2790 4716 sed
2836 4662 3075 4717 virorum
3105 4659 3273 4713 etiam
3300 4654 3541 4727 Cyclone
3584 4651 3678 4706 illo

2106 4763 2327 4822 pastore
2362 4750 2544 4808 Siculo
2578 4755 2968 4819 crudelioruut,
3000 4753 3144 4809 mille
3182 4760 3372 4807 contra
3400 4763 3463 4805 se
3502 4756 3678 4803 motas

2105 4845 2274 4911 acies,
2304 4861 2409 4898 non
2436 4848 2708 4901 consertis
2736 4848 3005 4911 manibus,
3044 4862 3143 4901 nec
3182 4845 3326 4908 telis,
3350 4852 3443 4897 aut
3481 4839 3675 4901 hastis,

2106 4935 2199 4988 sed
2228 4936 2514 5004 prudentia
2544 4949 2597 4991 et
2619 4938 2868 4992 oratione
2913 4938 3113 5006 ubique
3149 4946 3416 4989 terrarum
3441 4928 3676 4997 subegit.

2110 5028 2210 5083 llic
2237 5043 2365 5082 vero
2386 5028 2705 5084 Telchinum
2733 5031 2862 5094 dux,
2878 5029 3282 5100 etCorypharus
3304 5032 3676 5093 nuncupatus,

2112 5121 2295 5175 lethali
2323 5130 2548 5192 accepto
2583 5121 2829 5187 vulnere,
2880 5122 3077 5177 bellqu
3134 5134 3358 5189 gemens
3408 5116 3678 5184 deplorat.

2119 5211 2381 5269 Uuiversa
2446 5215 2574 5269 Asia
2600 5229 2711 5269 non
2766 5228 2930 5285 quant
2989 5213 3070 5269 sic
3119 5226 3264 5268 nunc
3323 5206 3681 5279 appellamus.

1734 5461 1967 5517 VAIIUE
2000 5459 2415 5517 LECTIONES.

524 5583 565 5612 ¹¹
596 5578 994 5649 προϐάλλουσαι
1026 5582 1088 5636 Δ.
1162 5584 1208 5614 ”
1244 5581 1482 5650 πλήθους
1517 5580 1574 5634 Β.

1681 5582 1729 5612 ²⁸
1758 5580 1937 5647 φέρων
1968 5576 2029 5642 C,
2064 5577 2257 5647 ἔφερον
2284 5576 2548 5647 Scaliger.

2646 5573 2691 5606 ’δ
2721 5574 2771 5628 λ.
2802 5572 2893 5627 τὸν
2938 5573 2999 5623 ὲκ
3030 5573 3090 5625 Β.
3197 5570 3243 5602 ’⁸
3273 5568 3562 5633 στάζουσαι
3583 5564 3629 5620 υ
3651 5579 3675 5620 ;

426 5637 796 5723 βαστάζουσαι
822 5670 883 5718 ς.
958 5652 1229 5724 θαλάσσης
1262 5637 1348 5717 ς.’
1398 5637 1619 5721 ’σ’άκρα
1654 5666 1714 5717 ς.
1770 5637 1841 5685 ’⁸1
1871 5637 2229 5721 “paraverit.
2254 5649 2318 5701 Β.
2394 5637 2698 5717 ’θ”ποιητὰς
2725 5647 2784 5702 G.
2866 5645 2910 5677 ³³
2936 5638 3024 5715 ἦν]
3056 5643 3175 5697 libri
3214 5637 3271 5715 ᾗ.
