3990 6232
473 268 610 335 1365

621 384 855 457 Ἐτέρου
881 395 1318 460 προτρεπτικοῦ
1345 397 1536 466 λόγου
1563 404 1902 474 Προοίμιον.

539 477 721 538 Δεινὸς
752 478 809 532 δὲ
834 474 1035 569 ἧνῌάρα
1062 483 1125 535 οὐ
1151 487 1310 556 χεῖρα
1341 488 1501 556 μόνον
1526 491 1661 546 ἀλλά
1693 496 1788 548 καὶ
1819 477 2048 569 γνώμην

463 564 493 615 ὁ
517 564 819 634 Λύσιππος.
851 565 954 626 Οἷα
991 571 1120 644 [605
1151 573 1243 648 Η.]
1274 578 1404 646 γοῦν
1429 582 1638 647 ἐκεῖνος
1663 583 1752 639 διὰ
1778 587 1879 658 τῆς
1920 564 2050 644 ἐναυ-

463 657 557 709 τοῦ
608 660 836 730 γνώμης
880 666 1217 737 τετόλμηκεν
1250 669 1266 724 l
1307 673 1574 744 ἐγγράφει
1615 680 1731 742 τοῖς
1780 657 1923 744 θεοῖς
1955 683 2049 736 τὸν

464 751 680 819 καιρὸν,
705 755 800 805 καὶ
825 758 1126 826 μορφώσας
1179 763 1459 834 ἀγάλματι
1511 767 1609 838 τὴν
1657 769 1820 838 φύσιν
1879 773 2047 827 αὐτοῦ

462 840 551 894 διὰ
577 842 673 911 τῆς
714 846 924 911 εἰκόνος
975 850 1302 922 ἐξηγήσατο.
1336 857 1491 927 Ἔχει
1536 857 1594 911 δὲ
1623 852 1728 912 ὧδέ.
1797 879 1936 926 πως,
1969 862 2045 928 ὡς

461 932 564 1001 ἐμὲ
600 938 980 1007 μνημονεύειν,
1001 941 1064 994 τὸ
1091 943 1360 1014 δαίδαλμα
1379 962 1393 976 ·
1430 949 1585 1002 Ποιεί
1633 949 1798 1004 παῖδα
1823 952 1882 1005 τὺ
1908 949 2048 1018 εἶδος

463 1024 656 1094 ἁδρὸν,
687 1029 788 1097 τὴν
805 1030 990 1102 ἀκμὴν
1012 1031 1233 1104 ἔφηὸον,
1268 1037 1528 1105 κομῶντα
1577 1040 1675 1109 μὲν
1699 1041 1761 1095 τὺ
1786 1043 1853 1096 ἐκ
1882 1058 2047 1114 ’κρο-

459 1118 648 1185 τάφων
691 1123 774 1182 είς
829 1122 1098 1192 μέτωπον,
1135 1127 1340 1196 γυμνὸν
1367 1128 1424 1182 δὲ
1453 1130 1513 1182 τὸ
1551 1131 1678 1184 ὅσον
1708 1133 1920 1188 ἐκεῖθεν
1949 1135 2044 1189 ἐπὶ

456 1209 532 1264 τὰ
563 1211 708 1265 νῶτα
741 1213 1047 1284 μερίζεται,
1087 1218 1294 1291 σιδήρῳ
1318 1220 1416 1292 τὴν
1447 1221 1627 1287 δεξιὰν
1673 1225 2040 1297 ὡπλισμένον,

463 1300 616 1372 ζυγῷ
650 1303 750 1372 τὴν
787 1305 947 1360 λαιὰν
971 1309 1258 1380 ἐπέχοντα,
1297 1315 1580 1385 πτερωτὸν
1613 1317 1678 1370 τὰ
1719 1320 1921 1390 σφυρὰ,
1943 1323 2043 1394 οὐχ

455 1391 536 1454 ὡς
570 1395 862 1466 μετάρσιον
904 1400 1047 1469 ὑπὲρ
1095 1403 1197 1471 γῆς
1245 1404 1358 1459 ἀνω
1410 1407 1785 1476 κουφίζεσθαι,
1823 1411 1938 1464 ἀλλ’
1956 1391 2042 1467 τνᾶ

453 1484 630 1538 δοκῶν
669 1489 958 1558 ἐπιψαύειν
989 1495 1088 1563 τῆς
1126 1496 1231 1565 γῆς
1281 1497 1516 1571 λανθάνῃ
1569 1501 1818 1556 κλέπτων
1854 1503 1916 1557 τὸ
1965 1505 2039 1576 μὴ

452 1577 602 1632 κατὰ
623 1581 724 1650 γῆς
743 1583 1134 1654 ἐπερείδεσθαι.
1166 1590 1225 1642 ’0
1247 1589 1304 1644 δέ
1333 1591 1595 1657 Γλαῦκος,
1623 1593 1832 1666 ὥσπερ,
1861 1592 2037 1667 οἶμαι,

457 1670 628 1742 λοχῶν
643 1675 774 1728 αὐτὸ
785 1677 884 1747 τῆς
899 1678 1140 1746 ἀγωνίας
1152 1681 1211 1734 τὸ
1236 1683 1328 1736 καί
1336 1700 1468 1753 ριον.
1492 1679 1598 1755 ἧκέ
1616 1702 1674 1738 τε
1695 1688 1788 1740 ἐπὶ
1805 1687 1896 1742 τὸν
1918 1706 2041 1741 στε·

454 1763 688 1836 φανίτην
725 1767 906 1836 μόνος,
959 1772 1053 1823 καὶ
1106 1772 1326 1843 πρῶτος
1391 1771 1503 1845 εἶχε
1535 1775 1580 1809 ι’
1607 1776 1700 1830 τὸν
1752 1778 2036 1848 στέφανον.
2078 1761 2117 1815 Β

455 1855 644 1909 Πάντα
666 1858 776 1929 γὰρ
800 1861 942 1914 καλά
993 1863 1054 1914 ἐν
1111 1865 1311 1935 καιρῷ,
1334 1869 1430 1920 καὶ
1457 1866 1682 1937 τοξότης
1715 1869 2036 1935 ἐπίσκοπος,

451 1947 600 2010 ὅστις
629 1945 738 2002 οἵδε
799 1953 991 2025 καίρια
1043 1955 1258 2024 βάλλειν
1306 1958 1634 2029 τοξεύματα.
1685 1961 1795 2014 Καὶ
1841 1961 1905 2032 δὴ
1958 1965 2037 2027 εἰς

452 2039 682 2111 οὐρανὸν
709 2043 931 2113 ἀηδόνες
960 2048 1069 2101 ἀπὸ
1097 2049 1203 2118 γῆς
1236 2049 1514 2104 ἴπτανταιο
1584 2053 1760 2125 τολμᾷ
1803 2055 1915 2126 γὰρ
1947 2057 2039 2110 ἀν-

453 2127 607 2196 άγειν
648 2130 786 2203 ὑπὲρ
813 2133 960 2205 ᾠδῆς
1015 2137 1095 2200 είς
1132 2138 1293 2191 αὐτὸν
1320 2139 1434 2209 [τὸν
1448 2139 1516 2211 ⁸³]
1562 2141 1791 2213 οὐρανὸν
1819 2145 1846 2196 ό
1870 2144 2038 2214 μῦθος

449 2221 690 2290 ὄρνιθας.
725 2217 898 2279 Ἷ-Ικον
947 2225 1042 2281 οὖν
1101 2228 1256 2299 παρά
1295 2230 1389 2284 τὸν
1442 2231 1659 2287 κύκνον.
1701 2234 1758 2287 '0
1784 2233 1827 2286 δ’
1846 2235 2036 2306 ἔτυχεν

449 2311 542 2363 ἐπί
569 2329 718 2376 τινος
768 2313 1032 2386 λειμῶνος
1065 2320 1255 2391 ἠρινοῦ
1287 2321 1412 2390 άρτι
1462 2322 1692 2396 Ζεφύρῳ
1725 2326 1861 2397 πρὸς
1891 2327 2035 2398 ᾠδὴν

448 2402 714 2465 ἐκδιδόναι
742 2406 954 2476 μέλλων
993 2408 1092 2473 τὰς
1117 2411 1416 2482 πτέρυγας.

634 2495 736 2550 Ἐκ
765 2497 873 2551 τοῦ
893 2501 979 2562 εἰς
1006 2501 1114 2555 τὸν
1137 2503 1369 2571 νέηλυν
1383 2505 1491 2560 τὸν
1522 2506 1848 2576 Αἰγύπτιον

517 2584 719 2656 Πήχεις
747 2589 798 2641 οἱ
827 2587 874 2621 ’⁵⁸
906 2591 1198 2660 Αἰγύπτιοι
1258 2597 1358 2664 τὴν
1408 2597 1638 2668 αὔξησιν
1693 2601 1789 2653 τοῦ
1832 2603 2029 2656 Νείλου

443 2680 910 2749 προσαγορεύουσι
943 2683 1012 2750 ⁸⁸,
1049 2687 1142 2739 καὶ
1203 2687 1461 2759 μετροῦσι
1496 2691 1545 2722 ⁸⁸
1570 2691 1640 2749 τά
1671 2692 1912 2762 νάματα,
1935 2697 2030 2749 καὶ

446 2773 755 2840 πανήγυρις
804 2774 990 2839 αὐτοῖς
1019 2778 1048 2829 ὁ
1081 2779 1260 2848 πῆχυς
1285 2779 1516 2847 γίνεται.
1568 2783 1681 2836 Καὶ
1730 2785 1857 2846 τοὺς
1900 2801 2026 2852 γενο

443 2863 624 2927 ναίους
645 2864 766 2933 ὄψει
791 2867 902 2921 τῶν
929 2871 1264 2941 στρατηγῶν
1295 2872 1390 2926 ἀπ’
1415 2873 1722 2929 ἐλαττόνων
1747 2877 2026 2947 τροπαίων

441 2955 542 3018 τὰς
567 2958 769 3026 μυρίας
821 2960 976 3024 νίκας
1025 2962 1415 3034 κηρύττοντας.
1461 2967 1676 3038 Μικρὸς
1700 2962 1768 3038 ἦν
1803 2969 1860 3021 ἐν
1900 2970 2027 3040 Ἀρ-

1514 286 2035 358 BlBLlOTHECA.
2077 322 2148 334 ——
2181 303 2344 367 con.
2379 298 2684 374 CCXLtIi.
2755 335 2762 340 ·

2075 421 2124 473 Α

2429 422 2514 476 Ex
2541 427 2650 478 alia
2679 428 2941 481 suasoria.
2971 457 3036 468 —
3072 427 3409 486 Prowmium.
3621 431 3626 434 ’

2225 507 2487 582 Lysippus
2541 517 2722 586 itaque
2763 533 2868 574 non
2916 523 3163 577 manibus
3206 523 3402 591 solum,
3435 527 3527 580 sed
3563 525 3726 582 etiam

2152 601 2366 671 ingenio
2403 606 2644 676 insignis.
2681 608 2869 676 Qualia
2905 615 3049 666 enim
3088 614 3177 668 ille
3207 615 3274 672 ab
3319 616 3535 685 ingenio
3563 633 3729 675 ausus

2148 692 2266 746 est?
2309 695 2557 764 Depinxit
2603 699 2709 754 diis
2743 702 3107 768 occasionem,
3147 713 3203 758 et
3252 706 3486 777 imagine
3538 709 3728 762 adum-

2147 783 2333 849 brans,
2358 797 2604 843 naturam
2632 789 2747 858 ejus
2769 808 2865 862 per
2886 793 3096 851 colores
3124 797 3390 866 exposuit.
3424 797 3516 852 Sic
3546 809 3725 854 autem

2147 873 2434 930 artiﬁcium
2463 890 2721 946 quantum
2757 883 2882 939 licet
2912 886 3244 953 meminisse,
3277 903 3336 942 se
3385 888 3565 943 habet.
3602 887 3728 942 Pin-

2145 967 2218 1036 git
2247 971 2532 1036 quemdam
2563 972 2730 1042 ﬁgura
2772 985 2932 1032 aetate
2966 988 3275 1044 venustum,
3307 981 3596 1049 ephebum,
3631 983 3727 1036 eo-

2146 1068 2348 1112 matum
2398 1074 2430 1114 e
2472 1065 2804 1130 temporibus
2852 1068 2919 1120 ad
2966 1067 3196 1124 frontem
3242 1086 3413 1141 usque
3445 1089 3459 1125 :
3495 1071 3622 1126 hinc
3655 1075 3723 1126 ad

2146 1156 2294 1218 terga
2324 1165 2492 1220 usque
2520 1155 2743 1220 nudum,
2777 1157 3025 1214 dextram
3062 1170 3326 1216 armatam
3363 1163 3529 1228 l'erro,
3558 1170 3613 1218 et
3645 1173 3725 1218 te-

2145 1251 2361 1296 nentem
2411 1244 2633 1299 sinistra
2679 1246 2982 1318 bilancem,‘
3012 1251 3172 1306 alatis
3228 1255 3450 1322 plantis,
3503 1269 3607 1309 non
3663 1264 3724 1310 ut

2143 1330 2390 1387 sublimis
2411 1348 2573 1401 super
2595 1345 2792 1392 terram
2816 1339 2870 1394 in
2897 1341 3064 1396 altum
3091 1340 3370 1410 elferatur,
3396 1329 3488 1399 sed
3521 1355 3580 1399 ut
3613 1355 3724 1401 ter-

2143 1437 2258 1476 ram
2289 1425 2555 1495 attingere
2575 1430 2840 1496 videatur,
2869 1431 3146 1502 ignoretur
3173 1448 3300 1489 vero
3323 1436 3531 1491 occulte
3563 1445 3723 1490 terra:

2145 1515 2413 1572 insistere.
2474 1519 2710 1577 Glaucus
2758 1533 2958 1592 autem,
3017 1536 3074 1581 ut
3133 1527 3387 1593 arbitror,
3444 1528 3720 1582 occultans

2145 1609 2284 1665 hanc
2319 1613 2633 1668 certaminis
2666 1617 3029 1684 occasionem,
3063 1619 3214 1674 solus
3243 1620 3310 1673 ad
3341 1628 3718 1674 coronatorem

2145 1702 2311 1768 venit,
2340 1712 2393 1757 et
2419 1707 2626 1773 primus
2653 1721 2908 1763 coronam
2938 1712 3162 1780 accepit.
3190 1709 3383 1766 Omnia
3407 1712 3549 1766 enim
3575 1710 3719 1766 bona

2145 1794 2198 1847 in
2227 1795 2531 1866 occasione,
2585 1807 2640 1854 et
2688 1799 2915 1870 diligens
2955 1802 3224 1871 jaculator
3273 1811 3376 1870 est,
3428 1802 3518 1873 qui
3571 1801 3722 1858 novit

2140 1899 2443 1956 opportuna
2491 1891 2594 1946 tela
2639 1892 2873 1950 mittere.
2930 1893 3196 1951 Luscinia:
3239 1911 3370 1952 sane
3413 1906 3615 1952 eterra
3663 1895 3718 1948 iu

2140 1981 2336 2035 cmlum
2362 1983 2608 2037 volitant.
2645 1984 2849 2039 Fabula
2880 1987 3022 2040 enim
3061 1989 3220 2040 audet
3255 1987 3308 2041 in
3338 1985 3534 2041 caelum
3557 1993 3717 2040 cantu

2139 2087 2266 2126 aves
2296 2074 2504 2129 tollere.
2541 2076 2776 2131 Veniunt
2807 2077 2970 2146 igitur
3016 2079 3080 2131 ad
3110 2077 3338 2141 olorem,
3388 2076 3480 2142 qui
3521 2076 3720 2128 mansit

2140 2161 2192 2214 in
2222 2177 2414 2231 campo
2444 2167 2676 2234 quodam
2711 2183 2897 2235 verno,
2931 2171 3099 2223 donec
3127 2167 3377 2239 Zephyro
3405 2166 3472 2222 ad
3492 2173 3713 2221 cantum

2136 2254 2345 2325 explica
2358 2266 2439 2311 ret
2471 2257 2605 2314 alas.

2368 2519 2454 2574 Ea;
2484 2522 2720 2576 oratione
2747 2523 2802 2577 in
2829 2521 3087 2577 crudelem
3124 2521 3460 2593 zEgyptium.

2131 2629 2138 2635 ·
2204 2611 2446 2685 Egyptii
2473 2616 2867 2669 incrementum
2893 2614 2994 2668 Nili
3023 2629 3119 2684 per
3139 2615 3352 2669 cubitos
3373 2613 3712 2676 denuntiant,

2131 2716 2183 2760 et
2209 2722 2462 2762 mensura
2489 2707 2782 2761 metiuntur
2804 2722 2992 2776 aquas,
3030 2716 3084 2762 et
3114 2707 3328 2762 cubitus
3349 2706 3452 2762 illis
3485 2708 3713 2761 materia

2133 2798 2305 2854 laudis
2332 2811 2432 2855 cst.
2464 2801 2744 2870 Ducesque
2775 2809 3025 2854 strenuos
3051 2799 3255 2854 videbit
3281 2799 3497 2864 tronaeis
3537 2799 3714 2853 mino-

2129 2891 2280 2946 ribus
2310 2892 2455 2946 mille
2479 2893 2732 2947 victorias
2757 2893 3075 2962 praedicare.
3110 2892 3315 2947 Parvus
3344 2891 3442 2946 fuit
3471 2891 3521 2945 in
3555 2893 3714 2945 Arte-

2131 2977 2289 3034 misio
2301 2977 2692 3035 Themistocles
2715 2979 2937 3051 (etenim
2963 2995 3123 3045 supra
3151 2981 3294 3050 regis
3310 2978 3542 3046 majores
3571 2992 3714 3047 prae-

440 3050 674 3118 τεμισίῳ
722 3049 1097 3124 Θεμιστοκλῆς
1145 3055 1312 3124 (κατά
1342 3057 1387 3088 ⁸⁷
1429 3058 1538 3128 γὰρ
1587 3058 1696 3112 τῶν
1743 3062 2024 3133 προπατό-

2136 3070 2275 3125 clare
2299 3070 2488 3142 gessit)
2515 3071 2686 3140 major
2705 3049 2758 3125 in
2790 3070 3047 3144 Psytalia,
3076 3049 3305 3141 magnus
3332 3071 3384 3124 lu
3411 3068 3709 3125 Salamine.

441 3153 551 3208 ρων
578 3138 624 3171 ⁵⁸
648 3139 728 3193 ἐτι
767 3141 877 3195 τῶν
916 3142 1184 3213 βασιλέως
1211 3146 1510 3218 ἠρίστευε),
1540 3149 1744 3217 μείζων
1788 3153 1846 3205 ἐν
1876 3153 2027 3208 Ψυτο

436 3228 612 3300 ταλίᾳ,
650 3229 824 3300 μέγας
855 3233 947 3286 ἐπὶ
962 3234 1259 3304 Σαλαμῖνα·
1296 3236 1557 3302 ἐϐάπτιςε
1582 3239 1691 3312 γὰρ
1728 3241 1858 3312 ὅλην
1886 3244 2006 3297 ἐκεῖ

437 3319 538 3388 τὴν
573 3321 761 3375 Ἀσίαν
797 3324 1128 3396 μαχόμενος.

750 3412 914 3486 [1129
946 3417 1036 3488 IL]
1071 3419 1173 3473 Ἐκ
1194 3418 1240 3453 ⁸⁸
1269 3426 1748 3492 προπεμπτικοῦ.

509 3504 614 3557 Καὶ
645 3505 805 3559 τοῦτο
838 3508 936 3576 μὲν
962 3509 1094 3572 ἴσως
1124 3510 1304 3575 καλῶς
1330 3516 1524 3577 ποιεῖς’
1573 3515 1788 3586 ἀνάγκη
1825 3515 1936 3588 γὰρ
1958 3516 2021 3589 δή

438 3609 544 3648 που
577 3596 670 3650 τὸν
699 3599 1042 3652 ἐπαινεῖσθαι
1070 3601 1395 3672 βουλόμενον
1453 3606 1550 3658 καλ⁵
1607 3607 1718 3660 τῶν
1761 3607 2020 3677 πράξεων

439 3685 665 3741 ἐκείνων
698 3688 1008 3760 ἐπιθυμεῖν,
1035 3693 1129 3761 ἀφ’
1153 3686 1228 3748 ὧν
1256 3695 1492 3767 ὑπάρχει
1520 3697 1581 3750 τὸ
1613 3698 2014 3770 θαυμάζεσθαι.

438 3778 511 3830 Οὐ
551 3777 662 3848 γὰρ
708 3781 990 3852 ἀπέχρησε
1038 3786 1152 3850 τοῖς
1209 3787 1368 3840 παισὶ
1424 3789 1492 3841 τά
1545 3788 1640 3842 τοῦ
1689 3791 2020 3862 Περικλέους

437 3871 916 3944 σεμνολογὴματα,
971 3875 1087 3928 ἀλλ’
1139 3877 1350 3942 ἀνάξιοι
1371 3879 1471 3948 τῆς
1501 3880 1761 3952 πατρῴας
1808 3885 2016 3956 ἀρετῆς

432 3963 714 4032 γενόμενοι
751 3965 998 4034 μείζονος
1032 3966 1204 4037 δήπου
1235 3969 1488 4039 διαϐολῆς
1519 3973 1698 4026 αἰτίαν
1737 3975 1834 4046 τὴν
1896 3994 2006 4031 πα-

433 4052 612 4124 τρῴαν
637 4055 795 4121 δόξαν
823 4059 1146 4130 ἐκτήσαντο.
1181 4062 1290 4116 Καὶ
1349 4063 1560 4118 πολλῶν
1593 4065 1648 4118 δὲ
1672 4067 1879 4136 [ἄλλων
1914 4071 2013 4122 ἀν-

432 4145 576 4215 δρῶν
621 4149 864 4219 ἀρίστων
905 4153 1166 4220 γεγόνασι
1201 4151 1412 4223 παῖδες,
1446 4153 1526 4222 οἷς
1551 4158 1756 4212 ἅπασιν
1782 4161 1842 4213 ού
1873 4163 2015 4233 πρὸς

435 4237 716 4308 ἐγκωμίου
745 4241 925 4308 πλέον,
952 4242 1175 4314 ἐλεγχος
1199 4245 1257 4298 δὲ
1284 4248 1484 4310 κακίας
1521 4250 1739 4318 ἐγένετο
1788 4252 1857 4306 τὰ
1903 4253 2013 4307 τῶν

433 4329 688 4400 πατέρων
727 4331 988 4401 ὀνόματα.
1034 4335 1130 4398 Τίς
1160 4330 1274 4403 οὖν,
1304 4337 1434 4400 ἴσως
1467 4338 1534 4391 ἂν
1580 4341 1751 4410 ἐρεῖς,
1788 4341 2014 4412 ήθερα-

2129 3160 2244 3218 Illic
2283 3163 2430 3218 enim
2471 3173 2638 3219 totam
2679 3164 2863 3219 Asiam
2895 3165 3186 3234 pugnando
3214 3161 3495 3218 demersit.

2694 3426 2744 3482 E
2765 3413 3142 3499 propemptica.

2198 3515 2262 3570 Et
2291 3515 2394 3570 hoc
2417 3514 2644 3572 forsitan
2679 3525 2828 3573 recte
2866 3518 3020 3574 facis.
3075 3517 3209 3573 Nam
3256 3533 3482 3576 necesse
3523 3521 3710 3592 utique

2123 3616 2229 3673 est,
2266 3621 2388 3661 eum
2419 3611 2509 3679 qui
2545 3609 2752 3665 laudari
2777 3611 3066 3673 desiderat.
3105 3612 3270 3668 etiam
3298 3628 3385 3668 res
3406 3612 3525 3669 illas
3559 3615 3705 3670 desi—

2124 3699 2317 3754 derare
2365 3700 2506 3755 unde
2547 3700 2662 3756 laus
2697 3704 2960 3772 procedit.
2991 3702 3108 3758 Non
3143 3707 3286 3758 enim
3321 3704 3443 3760 [iliis
3482 3704 3708 3761 Periclis

2120 3789 2384 3859 praeclare
2411 3799 2559 3860 gesta
2589 3784 2938 3858 suﬂ‘ecerunt,
2970 3797 3065 3849 sed
3096 3795 3300 3867 indigni
3335 3805 3558 3864 paterna
3600 3796 3710 3850 vir—

2123 3891 2236 3937 tute
2265 3883 2606 3952 exsistentes,
2646 3885 2844 3956 372a
2886 3887 2952 3940 ad
3001 3888 3219 3956 majoris
3265 3889 3710 3960 reprehensionis

2122 3973 2406 4026 materiam
2441 3985 2721 4043 paternam
2752 3976 3120 4031 celebritatem
3159 3979 3340 4049 adepti
3374 3989 3525 4035 sunt.
3555 3978 3708 4034 Alio-

2121 4077 2347 4132 rumque
2377 4063 2472 4119 ﬁlii
2496 4065 2783 4122 multorum
2811 4067 3028 4124 fortium
3057 4069 3292 4124 virorum
3316 4069 3487 4137 fuere,
3510 4070 3709 4139 quibus

2119 4156 2370 4210 omnibus
2397 4167 2676 4225 parentum
2699 4158 2866 4228 gloria
2894 4176 2998 4213 non
3031 4161 3094 4215 ad
3131 4160 3427 4229 pleniorem
3461 4161 3702 4226 laudem.

2118 4247 2213 4300 sed
2267 4248 2334 4301 ad
2391 4247 2754 4315 improbitatis
2808 4253 3209 4309 accusationem
3269 4251 3390 4308 fuit.
3454 4252 3708 4310 Forsitan

2119 4337 2325 4394 dixeris
2363 4339 2496 4405 Quis
2529 4359 2542 4392 :
2574 4340 2741 4410 igitur
2784 4342 2892 4397 erit
2938 4343 3136 4398 mentis
3171 4343 3387 4398 cultus?
3417 4339 3602 4398 Virtus
3649 4351 3705 4398 et

430 4418 557 4470 πεία
584 4419 678 4472 τοῦ
692 4421 788 4474 νοῦ
817 4437 833 4488 ;
870 4423 1039 4493 ἀρετὴ
1075 4425 1168 4477 καὶ
1197 4425 1378 4494 λόγος,
1406 4428 1438 4497 ἡ
1490 4428 1588 4498 μὲν
1618 4429 1865 4500 άρχουσα
1915 4433 2012 4487 καὶ

2136 4430 2447 4499 eloquentia.
2483 4430 2573 4484 Illa
2605 4432 2827 4499 quidem
2870 4434 3142 4503 imperans
3169 4445 3225 4490 et
3274 4435 3558 4490 dominans
3587 4436 3708 4492 elo-

430 4509 802 4564 ἐπιστατοῦσα
852 4514 932 4583 τῷ
970 4515 1135 4587 λόγῳ,
1167 4519 1194 4570 ὁ
1243 4518 1322 4583 δὲ,
1386 4518 1640 4592 καθάπερ
1698 4539 1784 4585 τις
1842 4523 2015 4588 δεξιὸς

429 4599 644 4670 ἀγαθῆς
699 4603 969 4672 βασιλίδος
1037 4607 1305 4675 διάκονος,
1354 4610 1422 4663 τὰ
1470 4610 1686 4682 ἐκείνης
1746 4612 2015 4668 ἐπιτελῶν

431 4691 634 4762 σπουδῇ
653 4694 802 4766 πάσῃ
835 4698 914 4761 εἰς
945 4697 1106 4769 ἔργον
1129 4717 1189 4752 τε
1218 4700 1368 4768 ἄγων
1397 4703 1824 4773 προστάγματα.
1855 4705 2014 4761 ΙἘστι

429 4782 526 4835 καὶ
549 4781 707 4846 ἄλλος
738 4787 950 4853 ἀρετῶν
985 4773 1178 4860 μῦρίος
1203 4791 1382 4862 χορὸς,
1416 4793 1476 4845 ὃν
1509 4792 1726 4847 ἅπαντα
1758 4794 2013 4868 εὑρήσεις

430 4872 564 4927 εἵσω
628 4877 879 4939 παιδείας
941 4879 1262 4952 ἀνακτόρων
1313 4883 1625 4954 γενόμενος.
1682 4886 1900 4950 Ταύτας
1957 4888 2016 4943 δὲ

429 4961 617 5032 ὥσπερ
646 4967 901 5038 τιθηνοὺς
931 4972 1024 5023 καὶ
1057 4973 1302 5044 μητέρας
1331 4975 1557 5030 ἐκείνων
1588 4975 1716 5049 [606
1747 4977 1840 5051 Η
1886 4997 2016 5049 προ-

430 5054 568 5121 ξενῶ
596 5057 644 5089 ⁵⁸
678 5058 742 5112 τέ
774 5075 856 5113 σοι
886 5061 982 5114 καὶ
1011 5064 1155 5134 φημὶ
1193 5064 1258 5136 δὴ
1301 5065 1370 5118 δι’
1391 5068 1618 5121 ἐκείνων
1656 5069 1872 5140 καὶτῆς
1897 5070 2006 5125 τῶν

430 5148 706 5218 ἐχομένων
768 5151 945 5224 θήρας
977 5152 1286 5224 ἐφίξεσθαι.
1321 5159 1384 5212 Ol
1407 5158 1463 5212 δε
1511 5160 1704 5224 παῖδες
1737 5160 2005 5216 ἀπολελυ-

2121 4519 2356 4586 quentiac
2389 4536 2404 4573 :
2442 4520 2556 4574 haec
2586 4535 2717 4575 vero
2767 4529 3022 4589 tauquam
3070 4523 3245 4580 lldelis
3299 4526 3453 4579 bonae
3503 4527 3706 4596 regina;

2121 4609 2390 4673 ministra,
2447 4609 2591 4665 illius
2642 4623 2911 4684 prazcepta
2955 4614 3100 4667 omni
3152 4615 3502 4671 contentione
3544 4617 3707 4686 perli-

2119 4699 2291 4752 ciens.
2323 4696 2416 4754 Est
2436 4709 2490 4755 et
2509 4701 2784 4770 multiplex
2811 4704 3070 4760 virtutum
3098 4706 3318 4772 chorus,
3343 4722 3502 4776 quem
3520 4715 3702 4763 totum

2119 4789 2360 4846 invenies
2393 4791 2450 4846 in
2484 4793 2889 4863 disciplinarum
2918 4798 3198 4868 gymnasio
3235 4815 3480 4865 versans,
3524 4800 3623 4857 has
3645 4808 3705 4856 ut

2123 4881 2366 4936 nutrices
2391 4892 2446 4938 ct
2474 4895 2674 4940 matres
2705 4901 2892 4941 earum
2929 4890 3022 4944 tibi
3049 4891 3428 4949 conciliantes.
3471 4895 3534 4946 Et
3572 4908 3705 4948 sane

2123 4973 2244 5028 dico
2273 4989 2371 5044 per
2398 4975 2496 5028 bas
2539 4976 2752 5032 illarum
2802 4980 3118 5038 l‘ruitionem
3164 4984 3539 5040 adventuram.
3578 4983 3702 5040 Filii

2124 5086 2252 5126 vero
2282 5088 2311 5126 a
2346 5078 2776 5147 praeceptoribus
2810 5079 3068 5146 abdicati,
3107 5079 3160 5132 in
3193 5080 3379 5134 urbem
3417 5078 3562 5131 illam
3603 5078 3703 5131 du-

2121 5165 2405 5222 cebantur.
2438 5167 2608 5225 Midas
2649 5169 2833 5247 Phryx
2869 5170 2982 5244 (50)
3010 5173 3238 5242 cupiens
3262 5171 3515 5246 Satyrum
3550 5185 3704 5225 com-

1709 5296 1944 5354 VARIIE
2002 5299 2407 5361 LECTIONES.

500 5376 548 5410 δ’
579 5372 692 5449 εἷχε
715 5380 800 5435 AC
838 5398 852 5436 :
885 5375 996 5437 εἷλε
1035 5403 1098 5449 ς.

429 5446 473 5480 ⁸⁷
503 5446 666 5508 κατάι
724 5455 817 5506 καὶ
875 5456 941 5508 A.

429 5520 821 5590 προξενοῦντές
860 5542 920 5589 ς.

505 5707 622 5783 (50)
662 5710 836 5771 Midas
864 5714 1066 5788 Phryx,
1095 5717 1158 5772 dc
1180 5733 1286 5788 quo
1317 5717 1454 5773 Max.
1496 5717 1622 5791 ΤΠ.
1656 5737 1814 5777 serui.
1845 5721 1934 5778 50.

1199 5386 1244 5420 ⁸⁵³
1269 5387 1360 5442 τὸν
1403 5403 1512 5442 om.
1541 5389 1653 5443 AC.
1730 5391 1779 5423 “
1807 5393 1854 5443 οἱ
1885 5405 1994 5442 om.
2021 5391 2083 5446 C.

1046 5455 1092 5490 ⁸⁸
1121 5457 1510 5531 προπατόρων]
1565 5461 1822 5532 πρόπλων
1885 5461 2313 5524 Wernsdorlius.

2198 5394 2243 5474 :3
2272 5398 2702 5474 προαγορεύουσι
2894 5399 3060 5474 “atat
3111 5401 3294 5474 μέτρῳ
3334 5400 3591 5474 μετροῦσι
3617 5417 3711 5474 5..

2441 5469 2484 5502 δν
2513 5473 2573 5524 ἐκ
2599 5470 2686 5526 AC
2714 5489 2728 5526 :
2757 5473 2820 5525 ἐκ
2882 5470 2976 5524 τοῦ
3030 5489 3088 5537 ς.
3113 5469 3123 5472 “
3183 5469 3228 5508 ⁵⁸
3259 5469 3500 5545 προξενῶ
3517 5471 3578 5526 τι
3604 5469 3650 5527 C
3677 5490 3697 5529 ε

1945 5624 2177 5696 ΝΟΤᾸΞ.
