3990 6232
268 259 400 323 1367

1427 261 1693 324 PHOTII
1729 258 2236 322 PATRIARCH/E
2263 262 2373 323 CP.

3399 253 3534 321 1368

265 373 623 442 prehendere,
665 372 793 428 vino
823 387 1019 443 aquam
1055 371 1270 440 miscet,
1317 382 1375 431 et
1409 390 1604 431 somno
1634 382 1854 444 captum

1974 370 2476 457 ιένοιριδασκάλων
2501 369 2602 442 τὴν
2644 369 2802 425 ¹πτόλιν
2835 371 2881 404 ⁸⁸
2913 369 3126 441 huiqu
3151 367 3426 439 ἔπεμπον.
3471 367 3534 422 ὐ

265 475 322 520 et
343 479 562 538 sopore,
588 462 847 542 Satyrum
876 472 1200 522 venatorum
1235 480 1388 523 more
1413 466 1848 538 comprehendit.

271 740 360 797 Ea:
383 741 622 796 oratione
645 751 1050 808 extemporanea
1072 759 1128 798 ιη
1149 743 1458 814 seditionem
1479 760 1643 814 prope
1669 743 1852 799 ludum

667 813 1037 868 concitantem.
1056 842 1123 854 --—
1145 811 1464 870 Exordium.

338 907 423 962 An
454 906 672 976 aliquod
704 906 756 960 in
785 906 991 960 nostris
1018 906 1379 970 orationibus,
1405 905 1590 972 amici,
1614 907 1855 964 medica-

273 1007 514 1052 mentqu
543 1005 627 1051 est
647 996 715 1050 ad
746 996 1073 1051 discordiam
1099 997 1392 1052 sedandam
1416 998 1782 1054 conveniens?
1803 1008 1858 1056 et

272 1089 404 1158 quid
440 1096 623 1143 nostra
654 1071 745 1142 ars
777 1098 982 1142 tantum
1017 1087 1362 1144 eillorescere
1384 1089 1554 1160 cupit,
1595 1101 1856 1160 quantum

274 1181 544 1238 Homerus
571 1183 636 1235 de
662 1189 876 1236 cratere
903 1179 1140 1246 Helenae,
1189 1197 1348 1251 quem
1382 1179 1530 1237 Jovis
1560 1181 1736 1252 proles
1760 1184 1857 1238 ho-

277 1269 510 1337 spitibus
550 1268 884 1339 porrigebat,
923 1270 979 1324 in
1025 1268 1279 1342 lacrymis
1314 1269 1541 1324 Menelai
1561 1271 1862 1342 contingit?

273 1359 359 1414 vel
388 1359 601 1414 Helena:
633 1359 889 1430 poculum
919 1373 1029 1413 non
1057 1359 1224 1414 herba
1254 1361 1434 1430 aliqua
1470 1360 1592 1425 fuit,
1626 1376 1737 1416 non
1771 1377 1861 1417 ars

277 1453 521 1520 quaadam
544 1450 796 1522 Egyptia
818 1450 1044 1506 hilarem
1072 1457 1260 1524 potum
1285 1467 1598 1522 praeparare
1619 1453 1813 1507 edocta
1841 1470 1856 1508 :

277 1545 371 1599 sed
399 1542 574 1598 dulcis
613 1545 830 1612 quidam
871 1557 1056 1599 sermo
1086 1553 1142 1599 et
1174 1545 1414 1615 sapiens,
1445 1555 1642 1614 potens
1685 1545 1862 1599 instar

279 1635 660 1690 medicamenti
697 1635 1041 1691 iracundiam
1073 1637 1130 1692 in
1172 1637 1351 1692 medio
1373 1645 1594 1709 pectore
1620 1645 1860 1692 aestuan-

1951 465 2010 520 δὲ
2033 463 2219 535 Φρὺξὸ
2241 463 2419 528 Μίδας
2457 462 2601 518 έλεῐν
2655 462 2884 533 θελήσας
2913 463 2960 496 ⁸³
2985 462 3077 516 τὸν
3129 463 3370 532 Σάτυρον
3399 461 3534 531 οἴνῳ

1953 556 2265 627 φαρμάττει
2288 553 2360 608 τά
2387 554 2626 626 νάματα,
2648 555 2743 608 καὶ
2765 554 2936 626 δήσας
2966 552 3122 626 ὕπνῳ
3181 555 3279 608 καὶ
3314 551 3533 624 κώματι

1955 647 2131 716 θήραν
2159 647 2396 699 ἐποιεῖτο
2437 645 2531 700 τὸν
2555 644 2819 714 Σάτυρον.

1968 738 2072 792 Ἕκ
2104 736 2212 792 τοῦ
2229 736 2329 791 ἐπὶ
2367 735 2443 803 τῇ
2467 736 2622 790 κατὰ
2664 735 2780 803 τὴν
2806 735 3122 804 διατριϐὴν
3179 735 3396 790 στάσει
3425 737 3536 790 au-

2307 806 2650 875 τοσχεδίου.
2668 837 2739 846 ——
2757 807 2828 860 Τὸ
2845 807 3179 876 Προοίμιον.
3211 855 3218 860 .

2031 893 2182 968 Ἀρά
2201 915 2256 952 τι
2278 899 2372 952 καὶ
2409 899 2468 952 έν
2495 901 2609 963 τοῖς
2638 897 2927 970 ἡμετέροις
2952 897 3132 967 λόγοις
3161 897 3336 959 ἐστὶν.
3365 891 3413 952 ὦ
3445 897 3541 967 φί-

1957 989 2062 1055 λοι,
2106 991 2397 1062 φάρμακον
2442 991 2560 1064 έριν
2613 991 2862 1061 κοιμίσαι
2932 989 3272 1060 δυνάμενονς
3331 990 3430 1044 ml.
3481 988 3537 1042 τί

1961 1083 2213 1157 βούλεται
2232 1085 2476 1140 τοιοῦτον
2494 1085 2542 1118 ⁸³
2571 1084 2664 1139 καὶ
2699 1086 2735 1154 ἡ
2768 1083 2899 1154 παρ’
2918 1084 3051 1154 ἡμῖν
3064 1083 3228 1155 τέχνη
3262 1081 3542 1137 νεανιεύε-

1963 1177 2110 1242 σθαι,
2138 1178 2320 1232 ὁποῖον
2345 1177 2392 1208 “
2416 1178 2665 1248 Ὅμηρος
2698 1176 2786 1231 διὰ
2811 1176 2906 1229 τοῦ
2944 1178 3219 1248 κρατῆρος
3249 1175 3345 1229 τοῦ
3373 1177 3472 1246 τῆς
3493 1175 3541 1208 ⁸⁵

1972 1270 2191 1341 Ἑλένης
2250 1269 2568 1334 αἰνίττεται,
2597 1269 2715 1342 ὃνή
2752 1269 2846 1323 τοῦ
2865 1268 2990 1333 Διὸς
3045 1270 3176 1332 παῖς
3220 1270 3336 1332 τοῖς
3370 1267 3543 1333 ξένοις

1963 1361 2179 1434 ῐστησιν
2232 1364 2292 1416 ἐν
2336 1361 2616 1417 Μενελάου
2663 1361 2993 1433 δακρύουσιν
3016 1361 3096 1427 ⁸⁶;
3127 1361 3162 1431 ἢ
3194 1365 3289 1414 καὶ
3335 1361 3398 1414 τὺ
3441 1361 3544 1432 τῆς

1971 1453 2190 1524 Ἑλένης
2211 1452 2503 1524 φάρμακον
2556 1453 2617 1506 οὐ
2635 1452 2742 1507 πόα
2769 1470 2855 1516 τις
2885 1450 2976 1524 ἦν,
3004 1452 3127 1506 οὐδέ
3153 1469 3237 1516 τις
3268 1452 3544 1522 Αἰγυπτία

1961 1545 2127 1617 τέχνη
2159 1545 2424 1615 νηπενθὲς
2479 1545 2634 1616 πόμα
2681 1542 3045 1610 σκευάζουσα,
3077 1544 3216 1598 άλλά
3272 1561 3359 1608 τις
3383 1543 3546 1613 λόγος

1963 1637 2096 1708 ἡδὺς
2122 1637 2219 1691 καλ⁸
2249 1637 2547 1706 πάνσοφος,
2575 1637 2872 1708 φαρμάκου
2893 1636 3052 1708 δίκην
3083 1635 3273 1691 σϐέσαι
3313 1636 3550 1706 δυνάμε-

281 1736 387 1782 tem
411 1727 778 1798 exstinguere.
811 1728 866 1783 In
891 1728 1186 1800 Egyptum
1207 1729 1387 1798 poesis
1408 1727 1642 1783 fabulam
1666 1728 1860 1792 trahit,

1974 1745 2057 1792 νος
2091 1727 2265 1799 θυμὸν
2295 1730 2363 1782 ἐκ
2395 1728 2568 1800 μέσης
2619 1727 2846 1798 καρδίας
2876 1726 3068 1791 ζέοντα
3098 1744 3114 1794 ;
3143 1727 3348 1795 ἀπάγει
3377 1727 3437 1781 δὲ
3464 1728 3545 1791 είς

281 1825 341 1874 ιιι
369 1835 488 1875 eam
526 1823 756 1875 matrem
787 1821 1122 1891 argutiarum
1167 1820 1428 1878 insinuet.
1467 1819 1738 1875 Parumne
1771 1837 1862 1876 rex

279 1909 574 1978 aliquando
611 1910 825 1982 sapuit?
859 1926 968 1966 non
1004 1910 1259 1982 permisit
1295 1910 1350 1966 id
1382 1911 1724 1978 Timotheus,
1769 1913 1864 1967 sed

278 2009 441 2056 cantu
479 2001 532 2056 in
577 2003 773 2056 caelum
816 2018 988 2072 usque
1019 2003 1162 2074 regis
1194 2003 1434 2058 animum
1477 2002 1725 2057 abduxit.
1757 2003 1864 2057 Iin-

284 2093 635 2149 tnoderatene
674 2095 945 2150 aestuabat
974 2095 1228 2150 animus?
1257 2111 1493 2165 praesens
1529 2096 1616 2151 ille
1658 2096 1863 2151 elatum

283 2186 524 2240 animum
581 2186 854 2255 pulsando
907 2187 1177 2242 citharam
1236 2186 1514 2241 domabat.
1567 2185 1866 2242 Mmstusue

281 2277 437 2330 erat?
471 2277 653 2331 Statim
689 2277 955 2332 ridentem
1000 2276 1344 2334 ostendebat.
1374 2278 1459 2332 An
1494 2277 1865 2346 voluptatibus

280 2367 608 2422 tenebatur?
637 2377 764 2438 post
788 2381 1008 2424 cantum
1029 2369 1214 2423 statim
1240 2367 1608 2423 castissimum
1643 2368 1866 2425 videbas

281 2459 672 2522 Alexandrum,
706 2467 782 2526 et,
811 2467 872 2514 ut
899 2459 1084 2514 omnia
1112 2459 1310 2524 dicam,
1336 2459 1496 2514 talem
1521 2458 1712 2514 videre
1738 2475 1864 2515 eum

283 2550 499 2617 licebat,
547 2552 762 2620 qualem
808 2551 908 2607 tibi
959 2567 1086 2608 eum
1138 2551 1461 2608 Timotheus
1513 2552 1864 2610 reddidisset.

282 2641 492 2711 Mitigat
518 2659 654 2698 aura
688 2644 884 2700 ﬂuctus
914 2646 1029 2714 ipse
1055 2644 1360 2716 Zephyrus.
1388 2644 1586 2702 Orator
1629 2645 1863 2712 Atticus,

283 2743 339 2788 et
386 2735 564 2789 oratio
623 2735 808 2792 Graeca
868 2753 975 2792 non
1023 2738 1176 2792 tollet
1220 2733 1415 2808 372a
1463 2738 1787 2794 seditionem
1819 2740 1867 2794 si

283 2825 456 2879 solum
494 2828 806 2896 perorarit?
835 2829 972 2884 Cum
1002 2829 1304 2900 Xenophon
1341 2831 1600 2886 militaret
1631 2831 1778 2902 (nam
1812 2841 1868 2888 et

283 2924 407 2985 post
435 2915 678 2973 Socratis
709 2920 1053 2989 disciplinam
1077 2922 1240 2976 etiam
1276 2921 1487 2977 hastam
1520 2923 1688 2992 tulit);
1714 2925 1871 2994 inge-

1963 1818 2242 1888 Αἴγυπτον
2269 1818 2362 1871 τὸν
2393 1817 2561 1889 μῦθον
2591 1819 2625 1888 ἠ
2657 1819 2900 1886 ποίησις,
2929 1817 3018 1870 ἵνα
3057 1817 3156 1887 τὴν
3198 1817 3410 1889 μητέρα
3434 1816 3548 1870 τῶν

1965 1912 2145 1978 σοφῶν
2172 1910 2345 1978 λόγων
2369 1909 2664 1982 αἰνίξηται.
2707 1910 2958 1980 Ἐφρόνει
3001 1909 3134 1963 ποτὲ
3175 1908 3426 1979 βασιλεὺς
3457 1925 3550 1977 μι-

1965 2003 2226 2074 κρότερον
2259 2019 2276 2068 ;
2302 2004 2402 2058 οὐκ
2430 2004 2516 2057 εία
2536 2003 2695 2056 τοῦτο
2728 2001 3020 2073 Τιμόθεος,
3054 2001 3188 2054 ἀλλὰ
3221 2001 3318 2054 καὶ
3340 2003 3422 2064 είς
3451 2000 3549 2053 οὑ·-

1971 2095 2131 2166 ρανὺν
2163 2095 2323 2148 αὑτὸν
2354 2096 2524 2166 ἀνῆγε
2545 2096 2589 2127 ⁵⁷
2617 2094 2715 2166 τὴν
2749 2093 2976 2164 γνώμην
3001 2094 3097 2148 τοῦ
3131 2093 3400 2164 βασιλέως
3428 2095 3547 2156 τοῖς

1969 2187 2181 2258 μέλεσι.
2211 2187 2395 2256 Θυμδς
2437 2187 2624 2252 ἐπέξει
2673 2186 2770 2240 τοῦ
2826 2185 3047 2257 μετρίου
3101 2186 3301 2252 πλέον;
3345 2185 3551 2256 ἀφῄρει

1967 2278 2162 2348 παρὼν
2185 2279 2233 2310 ⁸⁸
2282 2279 2492 2342 ἐκεῖνος
2537 2279 2600 2330 τὸ
2659 2277 2958 2342 πλεονάζον
3008 2278 3122 2341 τοῖς
3185 2275 3548 2348 κρούσμασιν.

1971 2370 2216 2441 Ἀθυμος
2243 2365 2312 2442 ἦν
2349 2385 2366 2436 ;
2420 2369 2711 2439 μειδιῶντα
2743 2370 2904 2433 εὐθὺς
2939 2368 2986 2402 ⁸⁸
3026 2368 3263 2423 ἐδείκνυ.
3299 2368 3551 2432 Ἠδοναῖς

1967 2461 2240 2530 ένεδίδου;
2269 2455 2411 2525 εἶδες
2436 2460 2504 2515 ἂν
2531 2460 2696 2525 εὐθὺς
2749 2461 2952 2532 σεμνὸν
2985 2459 3127 2530 μετὰ
3154 2460 3254 2529 τὴν
3278 2459 3549 2529 μουσικὴν

1979 2553 2351 2626 Ἀλέξανδρον.
2379 2553 2490 2607 Καὶ
2519 2553 2580 2607 τὸ
2601 2553 2830 2624 σύμπαν
2868 2554 3068 2618 είπεῖν,
3119 2551 3361 2606 τοιοῦτον
3417 2551 3550 2622 ἐξῆν

1967 2647 2102 2718 όρᾷν
2135 2649 2361 2712 ἐκεῖνον,
2389 2648 2570 2701 ὁποῖον
2587 2646 2751 2700 αὐτὸν
2781 2645 2955 2700 ἐποίει
2978 2645 3067 2700 διὰ
3093 2645 3204 2698 τῶν
3219 2645 3551 2716 αὐλημάτων

1968 2741 2257 2810 Τιμόθεος.
2301 2739 2540 2810 Πραύνει
2565 2741 2810 2810 Ζέφυρος
2837 2741 2958 2803 ταῖς
2988 2738 3185 2811 αὔραις
3209 2739 3279 2792 τὰ
3299 2738 3546 2808 κύματα·

1983 2834 2227 2897 Ἀττικὸς
2245 2833 2303 2887 δὲ
2320 2834 2506 2904 ῥήτωρ
2533 2834 2625 2887 καὶ
2648 2833 2804 2902 λόγος
2832 2831 3035 2902 Ἕλλην
3065 2832 3125 2886 οὐ
3155 2831 3309 2886 λύσει
3338 2831 3550 2896 στάσιν,

1968 2928 2018 2979 εί
2049 2926 2212 2996 μόνον
2235 2925 2559 2995 φθέγξαιτο;
2591 2927 2659 2980 Ὃ
2688 2942 2748 2980 τε
2773 2925 3025 2996 Ξενοφῶν
3044 2925 3418 2998 ἐστρατεύετσ
3452 2923 3554 2978 καὶ

286 3007 435 3061 nium
461 3009 660 3078 quippe
706 3011 1056 3068 commodum
1106 3022 1161 3068 et
1216 3027 1540 3083 congruum.
1592 3015 1865 3073 Delicatus

1974 3021 2078 3087 γὰρ
2089 3017 2182 3070 καὶ
2202 3016 2329 3087 δόρυ
2350 3015 2490 3087 μετὰ
2503 3016 2801 3087 Σωκράτην
2815 3016 3068 3085 Ξενοφῶν
3085 3017 3336 3087 ἤνεγκεν.
3353 3015 3427 3068 Τὸ
3440 3013 3554 3085 γάρ

282 3097 390 3156 fuit
417 3102 730 3159 Alcibiades
749 3118 872 3158 cum
903 3103 1134 3161 Athenis
1163 3105 1459 3171 habitaret.
1488 3107 1709 3166 sobrius
1738 3125 1864 3165 cum

284 3189 694 3250 Laczdemone.
753 3193 951 3253 Persas
1013 3207 1239 3269 propter
1293 3200 1516 3257 delicias
1573 3202 1724 3258 solus
1781 3218 1869 3258 re-

285 3285 596 3356 prehendit.
621 3286 680 3342 Si
712 3303 841 3344 vero
870 3290 1162 3359 aliquando
1183 3308 1408 3349 necesse
1431 3303 1579 3350 esset
1603 3309 1724 3349 eum
1749 3311 1874 3365 ope-

284 3393 403 3432 ram
429 3377 563 3434 dare
602 3378 946 3450 eloquentiae,
974 3389 1030 3436 et
1060 3382 1117 3438 in
1164 3384 1560 3454 philosolihicis
1599 3387 1869 3456 exerceri,

286 3481 462 3526 totum
492 3469 732 3542 Lyceum
764 3479 822 3528 et
861 3473 1214 3530 Academiam
1267 3479 1626 3536 convocabat.
1653 3480 1872 3536 Texen-

287 3571 374 3617 tes
405 3561 551 3617 hane
580 3564 647 3617 de
675 3562 785 3620 illis
813 3563 1126 3621 historiam.

287 3743 375 3800 Ex
407 3749 646 3802 oratione
679 3749 735 3802 in
769 3751 1048 3805 adventant
1086 3751 1419 3822 Cypriorum.
1452 3783 1523 3795 -
1550 3753 1868 3812 Exordium.

359 3898 540 3956 Poetae
563 3902 757 3957 Veneri
790 3902 902 3959 deae
926 3904 1190 3976 Cyprum,
1225 3913 1285 3960 ut
1317 3905 1480 3962 Delon
1508 3908 1739 3977 Apollini
1783 3927 1873 3965 as-

288 3992 526 4059 signant.
563 3991 773 4064 Cyprus
816 3996 960 4050 enim
1009 3999 1138 4053 urbs
1191 4007 1382 4065 vasta;
1427 4001 1575 4056 cives
1617 4012 1873 4058 accurate

287 4080 475 4139 Graece
507 4085 824 4155 loquuntur.
871 4086 1015 4142 Mare
1055 4087 1317 4146 Venerem
1361 4107 1393 4149 e
1442 4092 1592 4150 leo
1645 4096 1870 4166 peperit.

1974 3109 2177 3179 εὐφυὲς
2203 3109 2563 3180 εὐάρμοστον.
2590 3108 2783 3180 Ἀὃρὸς
2810 3104 2880 3179 ἦν
2910 3108 3278 3178 Ἀλκιϐιάδης,
3313 3106 3555 3178 ὁπηνίκα

1974 3203 2106 3271 παρ’
2137 3200 2442 3271 Ἀθηναίοις
2469 3194 2585 3269 εἷχε
2635 3200 2737 3270 τὴν
2763 3199 2994 3254 δίαιτανο
3029 3199 3228 3270 σεμνὸς
3257 3195 3326 3269 ἦν
3358 3200 3416 3253 έν
3440 3199 3554 3252 Λα-

1973 3291 2278 3361 κεδαίμονι·
2314 3290 2383 3343 τὰ
2414 3289 2642 3360 Περσῶν
2673 3290 2734 3354 ἐς
2777 3290 2991 3361 τρυφὴν
3031 3290 3193 3360 μόνος
3235 3288 3551 3360 ἐξήλεγχεν.

1979 3383 2042 3436 Ei
2072 3382 2129 3435 δέ
2155 3398 2286 3436 ποτε
2314 3381 2418 3435 ἔδει
2449 3382 2548 3435 καὶ
2573 3380 2770 3450 λόγους
2801 3381 3090 3452 φροντίσαι
3115 3381 3213 3434 καὶ
3239 3380 3310 3434 τά
3335 3380 3555 3450 φιλοσο-

1974 3473 2107 3543 φίας
2125 3455 2533 3544 γυμνάσασθαι,
2563 3473 2797 3528 Λύκειον
2823 3473 3041 3527 ἃπαντα
3075 3474 3172 3526 καὶ
3214 3473 3558 3545 Ἀκαδημίαν

1972 3563 2285 3627 ταίςοαύτοῦ
2334 3563 2644 3626 συνουσίαις
2681 3561 2990 3633 εἰργάζετο.
3022 3561 3088 3614 Οί
3118 3561 3418 3633 κάμνοντες
3456 3560 3560 3630 τὴν

1976 3655 2218 3725 ἱστορίαν
2237 3653 2337 3725 τὴν
2358 3655 2504 3726 ἀμφὶ
2515 3655 2762 3718 τούτους.

1975 3747 2140 3823 [1152
2162 3745 2256 3820 8.]
2298 3748 2399 3802 Ἐκ
2426 3746 2534 3802 τοῦ
2549 3747 2773 3823 alga-fy
2786 3746 2906 3823 τῶν
2923 3747 3201 3816 Κυπρίων
3213 3745 3558 3815 ἐπιδημίαν.

2486 3847 2558 3859 -
2581 3818 2655 3873 Τὸ
2683 3820 3024 3888 Προοίμιον.

2046 3911 2160 3983 Τὴν
2186 3913 2415 3983 Κύπρον
2479 3911 2530 3964 oi
2555 3911 2776 3983 ποιηταὶ
2806 3911 2946 3965 θεῶν
2987 3911 3281 3983 Ἀφροδίτῃ
3311 3904 3563 3980 χαρίζον-

1975 4022 2089 4069 ται,
2133 4004 2324 4076 ὥσπερ
2375 4003 2474 4073 τὴν
2501 4004 2672 4073 Δῆλον
2714 4003 3031 4057 Ἀπόλλωνι.
3067 4005 3136 4057 Ἦ
3165 4003 3275 4074 γὰρ
3331 4001 3561 4072 Κύπρος

1977 4097 2134 4161 πόλις
2168 4095 2400 4167 μεγάλη·
2427 4095 2590 4165 δῆμοι
2613 4095 2658 4126 ⁸⁸
2688 4095 2789 4165 τὴν
2805 4095 3051 4164 γλῶτταν
3081 4093 3325 4166 ἀκριϐῶς
3357 4092 3557 4164 Ἕλλη·

287 4176 485 4231 Partus
515 4193 644 4232 vero
666 4178 788 4243 hos,
818 4180 1004 4249 quales
1027 4181 1316 4252 aliquando
1350 4199 1496 4252 sunt,
1524 4202 1681 4242 sacra
1704 4187 1865 4243 verba

1976 4206 2086 4252 νες.
2128 4188 2339 4241 Ὤδινεν
2381 4185 2442 4250 ἐξ
2465 4184 2712 4258 Οὐρανοῦ
2737 4187 2836 4258 τὴν
2882 4185 3261 4257 Ἀφροδίτηνή
3296 4183 3557 4238 θάλατταν

287 4279 514 4338 tangere
551 4269 764 4338 jubent.
819 4271 967 4344 Opus
998 4275 1143 4330 enim
1191 4287 1313 4332 erat
1350 4277 1619 4334 Venerem
1652 4281 1865 4336 demum

1975 4282 2076 4346 τὰς
2105 4281 2161 4335 δὲ
2190 4281 2387 4345 ὠδῖνας
2429 4279 2552 4353 [607
2595 4277 2690 4351 Η.]
2722 4278 2948 4344 ταύτας,
3003 4277 3207 4340 αἵτινές
3240 4277 3371 4331 ποτέ
3429 4279 3558 4341 εἰσι,

289 4362 522 4434 concipi.
571 4364 795 4420 Sistitur
848 4377 960 4422 tum
1005 4385 1175 4435 mare,
1204 4380 1258 4425 et
1300 4373 1484 4427 statim
1517 4373 1865 4430 serenitatem

1982 4374 2237 4444 μυστικοὶ
2257 4371 2405 4440 λόγοι
2451 4371 2718 4444 κρύπτειν
2768 4368 3071 4425 κελεύουσι.
3131 4370 3244 4424 Καὶ
3295 4367 3400 4421 ἔδει
3448 4367 3561 4438 γὰρ

289 4452 516 4519 inducit,
578 4455 829 4512 mollibus
879 4457 1135 4516 ﬂuctibus
1183 4471 1402 4532 prOpter
1458 4474 1669 4530 partum
1721 4465 1865 4521 illum

1974 4464 2160 4519 λοιπὸν
2182 4462 2518 4533 ὲκκυηοῆναι
2548 4462 2646 4532 τὴν
2690 4461 2946 4531 δαίμονα.
2983 4461 3237 4514 Ἵσταται
3264 4459 3364 4530 μὲν
3394 4458 3559 4521 εὐθὺς

283 4547 589 4601 exsultans.
622 4545 838 4618 Vulgari
859 4550 1055 4607 Veneri
1085 4553 1218 4608 nihil
1240 4569 1364 4610 cum
1387 4555 1597 4612 caelesti
1617 4557 1703 4614 illa
1721 4574 1874 4616 como

290 4629 592 4693 mune'est.
622 4636 880 4698 Producit
918 4644 1004 4699 illa
1041 4645 1307 4716 impuros,
1333 4657 1388 4702 et
1418 4658 1607 4704 natura
1645 4651 1876 4722 impudi-

287 4743 384 4782 cos
418 4745 633 4784 amores
666 4751 680 4786 :
711 4732 827 4788 haec
855 4751 1052 4791 aureos
1079 4737 1244 4793 habet
1275 4739 1434 4804 lilios,
1460 4747 1516 4795 et
1543 4757 1706 4796 aurea
1748 4753 1876 4799 sunt

290 4817 484 4878 horum
528 4824 653 4882 tela.
691 4827 898 4896 Scopas
931 4842 1112 4884 autem
1147 4845 1336 4887 eorum
1377 4842 1506 4889 sunt
1532 4833 1780 4904 iuvenes,
1819 4847 1878 4894 et

289 4912 625 4972 immortales
645 4919 860 4975 animae.

502 5096 592 5153 Ea:
611 5103 848 5157 oratione
872 5103 929 5159 in
959 5107 1236 5174 quemdam
1275 5107 1660 5180 Cappadocem.
1724 5149 1727 5152 -

360 5187 478 5244 Non
515 5194 664 5247 venit
701 5193 900 5265 Scytha
949 5197 1055 5252 telo
1078 5210 1265 5257 vectus
1305 5217 1400 5272 per
1422 5202 1618 5258 Istrum
1655 5204 1738 5259 vel
1767 5205 1874 5261 Ta~

290 5282 438 5351 naiu,
470 5284 566 5340 sed
594 5286 649 5341 in
680 5289 989 5345 universam
1020 5300 1221 5348 terram
1257 5304 1313 5350 et
1343 5310 1512 5350 mare.
1545 5296 1872 5366 Eloquentia

1973 4557 2068 4610 καὶ
2097 4557 2221 4625 ἄγει
2250 4555 2492 4625 γαλήνην
2522 4555 2556 4625 ἡ
2580 4553 2844 4619 θάλαττα,
2881 4552 3110 4616 ἁπαλοῖς
3158 4551 3370 4621 κύμασι
3428 4550 3559 4620 περὶ

1977 4651 2069 4704 τὸν
2129 4651 2291 4704 τόκον
2320 4649 2362 4681 ⁸⁸
2421 4647 2800 4721 πορφύρουσα.
2859 4645 3134 4717 Πανδήμῳ
3189 4644 3232 4698 δ’
3268 4643 3561 4714 ’Δφροδίτη

1974 4745 2113 4818 πρὸς
2137 4743 2236 4816 τὴν
2268 4743 2526 4814 οὐρανίαν
2547 4741 2699 4795 οὐδὲν
2735 4739 2938 4794 κοινόν.
2977 4740 3045 4793 Ἠ
3097 4739 3198 4809 μὲν
3247 4737 3359 4807 γὰρ
3393 4735 3560 4807 βεϐή-

1976 4839 2102 4900 λους
2127 4837 2224 4890 καὶ
2244 4836 2306 4889 ού
2332 4833 2622 4905 καθαροὺς·
2634 4833 2732 4904 τὴν
2774 4833 2939 4902 φύσιν
2968 4834 3134 4902 γεννᾴ
3163 4832 3290 4893 τοὺς
3325 4830 3556 4900 ἔρωταςο

1975 4931 2045 5000 τῇ
2059 4929 2116 4982 δὲ
2131 4929 2320 4998 χρυσοῖ
2348 4927 2448 4997 μὲν
2473 4925 2724 4989 οἰπαῖδες
2747 4926 2792 4956 ⁸⁸
2832 4925 3012 4995 χρυσᾶ
3031 4925 3168 4978 δὲτὰ
3187 4925 3230 4956 ⁸³
3246 4923 3449 4978 τούτων
3467 4921 3562 4975 καὶ

1983 5022 2134 5094 βέλη,
2148 5022 2341 5075 σκοποὶ
2363 5020 2420 5074 δὲ
2443 5020 2628 5084 αὐτοῖς
2666 5020 2837 5089 ψυχαὶ
2871 5018 3134 5082 νεοτελεῖς
3149 5018 3244 5073 καὶ
3269 5018 3376 5087 άκή
3387 5033 3557 5088 ρατοι·

2097 5115 2194 5168 Ἐκ
2219 5113 2326 5168 τοῦ
2355 5114 2442 5180 sic
2474 5112 2582 5166 τὸν
2605 5113 2675 5166 ἐκ
2714 5111 3144 5178 Καππαδοκίας
3165 5109 3476 5179 ῥηθέντος.

2033 5206 2167 5262 Οὐδὲ
2179 5207 2318 5277 ὑπὲρ
2338 5207 2552 5274 Ἴστρον
2570 5205 2734 5260 αὑτὸν
2757 5206 2851 5259 καὶ
2876 5205 3101 5270 Τάναϊν,
3128 5201 3246 5257 ἀλλ’
3267 5201 3360 5254 ἐπὶ
3378 5201 3562 5253 πᾶσαν

1979 5300 2086 5370 γῆν
2109 5301 2205 5354 καὶ
2242 5298 2514 5354 θάλατταν
2540 5293 2705 5370 ἦλθεν
2734 5298 2763 5350 ὁ
2804 5295 3020 5366 Σκύθης
3045 5295 3184 5367 ὑπὲρ
3225 5291 3322 5348 τοῦ
3365 5291 3558 5363 βέλους

1576 5450 1808 5509 νΑῐίΙᾹΞ
1836 5453 2247 5512 LECTIONES.

440 5559 623 5653 ’ξόλιῇ
639 5561 862 5653 πομπῂν
887 5562 1330 5653 .Wtirnsdorﬂus;
1398 5567 1444 5599 ⁸³
1461 5566 1601 5653 ὲλξξν
1620 5567 1875 5653 θελήσαξ]
1904 5571 2166 5653 ξθελήσας
2195 5570 2310 5653 C.“
2333 5571 2428 5653 καί
2454 5570 2530 5642 τι]
2567 5573 2666 5653 κοςί
2693 5570 2746 5626 τί
2776 5588 2852 5653 ς...
2899 5568 3242 5653 ,⁸⁸ητοιούτον
3271 5564 3555 5653 Ιξοίειίιιει

290 5625 416 5707 ξεί)τὶ
443 5625 750 5707 τῳοῦξτονξ
793 5625 841 5707 ’ἦ
877 5635 1082 5707 ὁποῖον]
1139 5638 1259 5692 ὅποι
1290 5637 1354 5693 C.

1524 5639 1570 5670 η
1598 5639 1692 5693 τοῦ
1727 5639 1941 5713 τῆς]τρ
1964 5639 2063 5710 τῆξ
2096 5642 2162 5694 Α.

293 5695 340 5731 ⁸³
367 5701 542 5774 παρὸν
591 5701 656 5756 C.
731 5705 776 5739 "
793 5705 923 5760 εύῡὺ
958 5695 1232 5762 ἐδείκνυεν
1257 5725 1320 5772 ς.
1400 5711 1445 5743 ⁸⁸
1470 5709 1627 5780 δήμῳ
1657 5725 1738 5780 pr.
1764 5695 1851 5766 CT
1904 5712 1946 5745 ⁸⁸
1980 5695 2144 5766 τόπον
2171 5712 2233 5765 A.

2265 5640 2311 5675 ⁵⁸
2337 5640 2600 5709 δάκρυσιν
2626 5641 2690 5697 C.
2786 5643 2852 5712 7"
2887 5641 3056 5712 ἀνῆγε
3092 5641 3134 5694 C
3173 5657 3186 5692 :
3217 5640 3460 5712 ἀνήγαγε
3489 5653 3556 5704 ς.

2339 5713 2386 5744 ⁸³
2415 5712 2601 5776 παῖδες
2621 5713 2694 5768 C:
2726 5711 2886 5778 πόδες
2919 5709 3014 5776 ς(
3055 5712 3100 5744 ⁸³
3128 5712 3198 5766 τὰ
3219 5709 3329 5768 om.
3352 5709 3418 5763 Α.
