3990 6232
300 198 439 269 1369

1396 204 1922 267 BIBLIOTHECA.
1938 229 2010 241 -
2036 203 2203 265 COD.
2231 206 2543 267 CCXLIII.

3442 206 3584 275 1370

294 322 614 393 ὀχούμενος.
648 318 821 388 Λόγος
852 316 911 373 δὲ
934 316 1045 388 ἆρα
1067 314 1131 371 τδ
1178 315 1332 388 βέλος
1372 318 1734 384 Ἀπόλλωνος.
1764 322 1876 376 Kal

2002 317 2086 373 ela
2116 327 2242 373 snnt
2276 318 2565 389 Apollinis,
2611 329 2667 376 et
2710 319 2909 376 ﬂumen
2950 320 3188 378 fabulam
3261 323 3470 381 habens
3502 327 3585 381 di-

297 412 547 484 ποταμὸς
578 413 698 466 ἐκεῖ
760 412 931 482 μῦθον
974 412 1114 483 έχων
1168 412 1340 483 ἀκοῆς
1399 396 1670 484 Ἑλλήνων
1701 413 1878 479 ἄξιονο

293 504 504 562 Ἦλθεν
531 505 619 561 ἐπ’
664 506 861 570 Ἰνδοὺς
889 507 918 559 ὁ
948 506 994 537 ⁸⁵
1013 506 1288 566 Διόνυσος.
1314 507 1473 574 γένος
1491 505 1591 578 τὴν
1627 507 1884 564 Διονύσου

295 603 461 673 χάριν
486 599 841 674 ἀρνούμενον.
868 594 978 652 Ἦν
1002 599 1060 652 δὲ
1085 600 1114 652 ὁ
1145 598 1243 670 μὲν
1269 597 1501 669 στρατὸς
1546 600 1756 671 Βάκχαι
1778 602 1885 655 καὶ

297 696 561 764 Σάτυρος,
600 694 671 748 τὰ
706 693 765 746 δὲ
791 691 934 747 ὅπλα
953 691 1195 761 νεϐρῖδες
1209 692 1262 723 ⁸⁸
1281 691 1378 745 καὶ
1392 689 1602 761 θύρσοι.
1622 694 1682 746 Oi
1700 692 1756 746 δὲ
1775 695 1886 764 ἄρα

295 787 434 856 ὁμοῦ
484 802 544 839 τε
567 782 710 839 εἶδον
739 784 830 837 τὸν
855 783 976 836 θεὸν
993 783 1090 837 xui.
1113 782 1342 855 ᾕρηντο,
1377 783 1474 836 καὶ
1514 784 1584 838 τὰ
1630 785 1771 838 ὅπλα
1801 786 1887 855 ρίο

300 880 503 950 ψαντες
529 880 686 950 χορὸς
719 878 768 931 oi
796 876 935 941 τέως
965 876 1263 947 μαχόμενοι
1307 875 1388 947 τῷ
1433 876 1672 948 Διονύσῳ
1747 877 1885 930 καθα

286 973 541 1041 ίσταντο.
598 969 751 1023 Ἐπεὶ
780 968 838 1022 δὲ
896 970 955 1021 ὲν
1024 969 1175 1040 ὅροις
1209 968 1255 999 ⁸⁸
1306 967 1693 1021 Καππαδοκῶν
1743 962 1888 1039 ἦσαν

301 1064 584 1132 ἀγόμενοι,
611 1059 871 1129 σκηνοῦσι
903 1059 1003 1130 μὲν
1032 1060 1125 1113 ἐπὶ
1158 1058 1238 1129 τῷ
1268 1060 1437 1130 χείλει
1467 1060 1566 1113 τοῦ
1609 1059 1884 1131 ποταμοῦ,

299 1148 345 1224 ᾧ
377 1156 474 1208 καὶ
533 1152 727 1207 δώσειν
775 1152 873 1223 τὴν
928 1153 1252 1221 ἐπωνυμίαν
1285 1152 1542 1223 ἦμελλον,
1574 1151 1773 1222 δεῆσαν
1827 1151 1886 1206 δὲ

300 1247 414 1308 τοῖς
440 1246 645 1315 νάμασι
674 1242 974 1298 λούσασθαι
1005 1241 1297 1313 ἀμείϐεται
1334 1242 1432 1314 μὲν
1458 1246 1487 1297 ὁ
1511 1245 1752 1313 ποταμὸς
1785 1243 1884 1297 καὶ

300 1339 362 1392 τὸ
392 1337 668 1408 ἀργυροῦν
717 1335 863 1405 ὕδωρ
914 1335 1099 1399 Ἰνδοῖς
1147 1334 1419 1406 ὁμιλῆσαν
1472 1334 1806 1406 μελαίνεται.
1836 1336 1886 1388 oi

301 1431 358 1484 δὲ
388 1431 527 1499 ὅπερ
557 1425 699 1500 ἦσαν
726 1427 904 1493 αὐτοὶ,
936 1426 1096 1480 τοῦτο
1112 1428 1206 1480 καὶ
1236 1424 1377 1480 εἶναι
1414 1428 1507 1481 καὶ
1536 1428 1822 1481 καλεῖσθαι
1840 1426 1886 1458 ⁸⁷

301 1521 393 1575 τὸν
455 1519 701 1590 ποταμὸν
778 1519 1223 1590 ἀπεργάζονται.
1281 1518 1562 1573 Ἐντεῦθεν
1624 1520 1748 1588 ἄγει
1792 1520 1885 1573 τὸν

299 1612 635 1682 νεανίσκονή
662 1611 847 1681 φήμη.
892 1609 951 1663 'U
984 1609 1043 1663 δὲ
1073 1609 1351 1681 ἡμέτερος
1392 1608 1622 1672 πλοῦτος
1644 1611 1707 1662 οὐ
1748 1627 1882 1679 χρυ-

1987 426 2173 483 gnam,
2208 428 2334 483 qua:
2360 428 2391 468 a
2417 412 2627 471 Grecis
2652 417 2923 471 audiatur.
2962 417 3125 472 Venit
3163 417 3229 471 ad
3252 417 3411 474 Indos
3445 418 3583 474 Bac-

1988 505 2144 572 citus,
2194 506 2259 559 ad
2309 520 2549 576 gentem,
2599 522 2722 578 quae
2769 508 2971 563 Bacchi
3018 508 3339 563 beneﬁcium
3400 519 3580 579 negat,

1986 594 2211 651 Baccha:
2239 608 2293 653 et
2321 597 2551 671 Satyrus
2580 602 2855 656 exercitus
2881 600 3003 666 fuit,
3031 601 3203 673 thyrsi
3236 611 3293 655 et
3324 603 3579 656 nebrides

1986 702 2157 743 arma.
2190 688 2270 743 Illi
2301 704 2430 745 vero
2463 692 2627 745 simul
2654 707 2719 746 ac
2746 694 3001 747 viderunt
3035 693 3224 759 Deum,
3257 709 3380 747 eum
3416 708 3581 747 exce-

1989 789 2207 848 perunt,
2260 783 2542 852 armisque
2590 784 2839 853 deiectis,
2882 801 3005 840 cum
3071 786 3285 841 Baccho
3339 800 3583 855 pugnare

1988 882 2291 940 coeperunt.
2341 873 2474 926 Cum
2522 885 2704 930 autem
2756 878 2807 929 in
2855 877 3207 947 Cappadocia:
3253 876 3389 930 lines
3442 870 3581 944 pulsi

1988 972 2136 1025 sunt,
2176 963 2230 1017 in
2277 964 2389 1032 ripa
2439 960 2676 1020 ﬂuminis
2727 968 2959 1021 tentoria
3008 968 3236 1036 lingunt,
3266 966 3351 1019 cui
3384 978 3580 1019 nomen

1990 1055 2210 1110 iudituri
2257 1066 2436 1113 erant.
2484 1057 2785 1126 Oportebat
2832 1072 2961 1113 vero
3007 1072 3104 1113 eos
3152 1057 3307 1127 aquis
3353 1056 3579 1110 lavari:

1989 1160 2230 1205 mutatur
2250 1149 2464 1216 ﬂuvius,
2490 1162 2857 1223 argenteaque
2880 1169 3019 1222 aqua
3041 1169 3163 1208 cum
3188 1149 3339 1207 Indis
3360 1160 3581 1206 versata

1988 1243 2139 1313 nigra
2173 1244 2250 1298 lit.
2286 1243 2359 1299 Illi
2395 1260 2525 1301 vero
2558 1247 2610 1300 id
2650 1246 2793 1316 quod
2836 1246 2936 1314 ipsi
2978 1255 3155 1311 erant,
3190 1246 3295 1302 hoc
3334 1255 3393 1300 et
3430 1259 3578 1305 esse,

1987 1344 2041 1388 et
2060 1335 2435 1405 loquilluvimn
2452 1337 2758 1392 voluerunt.
2781 1337 2917 1391 Hinc
2937 1336 3077 1392 fama
3092 1336 3344 1407 juvenem
3365 1334 3533 1389 trahit
3562 1351 3577 1390 :

1987 1425 2184 1497 373a
2244 1438 2440 1482 vestra:
2485 1442 2613 1484 vero
2652 1428 2850 1483 divitia:
2883 1444 2988 1484 non
3034 1444 3228 1484 aurum
3264 1428 3451 1498 Gygis,
3493 1425 3577 1479 vel

1988 1517 2164 1587 Lydii,
2188 1522 2281 1574 sed
2320 1520 2414 1574 lilii
2450 1522 2669 1591 quidam
2708 1520 2894 1590 vigore
2933 1522 3109 1576 anatis
3139 1521 3498 1591 pubescentes
3528 1527 3584 1571 et

1990 1610 2356 1676 ﬂorescentes,
2382 1615 2499 1667 visu
2523 1613 2741 1682 quidem
2766 1613 2956 1667 tumidi
2975 1622 3029 1669 et
3052 1612 3292 1680 superbi,
3315 1620 3579 1679 tanquam

301 1706 392 1768 σός
416 1723 500 1767 τις
520 1704 766 1771 Γυγάδας
785 1703 819 1773 ἦ
850 1702 1065 1766 Λύδιος,
1093 1701 1229 1755 ἀλλά
1255 1718 1399 1765 τινες
1430 1701 1620 1764 παῖδες
1642 1700 1885 1771 ἡϐῶντες

2002 1702 2032 1755 si
2066 1715 2097 1755 e
2132 1703 2308 1755 medio
2335 1700 2484 1758 Jovis
2519 1712 2739 1773 pectore
2773 1704 2883 1757 nati
2911 1712 3113 1759 essent.

304 1802 404 1871 μὲν
426 1799 523 1870 τὴν
554 1797 600 1830 ⁸⁸
623 1797 773 1866 ὤραν
802 1796 898 1850 καὶ
920 1796 1020 1867 τὴν
1054 1794 1274 1868 ἠλικίαν
1344 1792 1709 1866 ἀκμάζοντες,
1788 1792 2013 1862 σοϐαροὶ
2062 1796 2162 1864 μὲν
2213 1795 2341 1849 ἰδεῖν
2388 1795 2485 1850 καὶ
2542 1795 2866 1867 ὑψαύχενες,
2917 1796 3013 1850 an
3086 1797 3152 1850 ἐκ
3234 1794 3415 1867 μέσων
3466 1791 3586 1859 Διὸς

301 1890 541 1961 στέρνων
556 1888 867 1956 γεινάμενοι
902 1886 971 1939 ⁸⁸.

311 1985 408 2037 Ἐκ
438 1981 545 2037 τοῦ
569 1980 679 2048 ὅτε,
697 1977 1823 2048 τὴν-ἐπίδειξινἁξιούμενοςάνεϐάλετο
1842 1978 1890 2011 ἠ’

630 2046 967 2105 εἷταήεῖπεν.
1002 2081 1072 2092 -
1105 2051 1175 2105 Τὸ
1208 2052 1549 2119 Προοίμιον.

370 2137 579 2207 Πέρσαι
628 2136 699 2190 τὰ
745 2134 873 2199 τόξα
933 2135 1316 2199 σπουδάζουσι,
1366 2135 1463 2189 καὶ
1527 2134 1639 2197 πᾶς
1686 2134 1715 2186 ὁ
1775 2132 1891 2203 βίος

301 2229 532 2290 ἐκείνοις
564 2226 810 2297 φαρέτρα
842 2226 936 2280 καὶ
999 2225 1150 2297 βέλη.
1191 2224 1432 2279 Ἐπαινῶ
1472 2226 1565 2280 τὸν
1595 2224 1780 2295 νόμον,
1812 2224 1891 2277 δι-

300 2322 435 2373 καία
466 2319 752 2387 φιλοπόνου
792 2317 1019 2387 γνώμης
1053 2318 1311 2387 βάσανοςο
1369 2317 1573 2371 σπάνια
1608 2316 1717 2386 γὰρ
1749 2312 1888 2369 εἶναι

299 2411 537 2480 καθήκει
561 2410 627 2463 τὰ
667 2409 844 2477 τίμια.
868 2403 994 2462 Οἷδε
1027 2408 1216 2463 τοῦτον
1259 2408 1365 2478 πρὸ
1407 2407 1635 2480 Περσῶν
1659 2408 1693 2478 ἡ
1727 2406 1889 2477 φύσις

299 2505 395 2557 τὴν
426 2503 589 2571 νόμον
618 2501 881 2565 ⁷¹.Οὺδεὶς
907 2501 975 2554 ἂν
1009 2499 1263 2554 Ὠκεανὸν
1298 2499 1427 2553 ἰδεῖν
1456 2497 1711 2569 ⁴Ιχξίωσεν,
1740 2500 1790 2551 εί
1816 2498 1891 2569 μὴ

302 2596 406 2664 τὴν
439 2597 497 2647 ὲν
524 2595 673 2663 μέσῳ
697 2589 886 2662 φυγὼν
915 2589 1210 2661 περιεχύθη
1240 2589 1340 2660 τῆς
1364 2589 1467 2659 γῆς
1490 2590 1604 2650 τοῖς
1628 2587 1889 2658 τέρμασι.

305 2688 402 2749 Τίς
434 2685 479 2739 δ’
503 2686 572 2739 ἂν
604 2686 690 2755 είη
718 2684 1044 2755 πυραμίδων
1082 2682 1261 2751 λόγος,
1321 2682 1370 2735 εί
1408 2680 1484 2751 μὴ
1512 2681 1705 2752 πόρρω
1736 2679 1896 2733 τοῦτο

305 2781 370 2836 τὸ
396 2780 609 2848 θέαμα;
638 2776 671 2847 ἦ
711 2776 806 2831 τοῦ
828 2777 949 2829 κατ’
987 2774 1253 2837 Αἰθίοπας
1286 2773 1438 2827 λίθου
1463 2771 1561 2827 τοῦ
1586 2774 1894 2843 Μέμνονος,

308 2875 360 2927 εί
385 2874 461 2943 μὴ
491 2874 738 2927 κάκεῖνον
754 2870 867 2925 ἄνω
895 2870 995 2938 τῆς
1010 2867 1214 2937 πολλῆς
1243 2865 1372 2929 θέας
1402 2868 1437 2937 ὴ
1461 2867 1644 2936 μήτηρ
1664 2864 1895 2934 ἕστησες

308 2964 485 3020 ταῦτά
546 2981 628 3017 τοι
684 2964 780 3017 καὶ
812 2960 1094 3032 ἀλήθειαν,
1140 2958 1256 3013 ἀλλ’
1316 2958 1378 3011 ού
1433 2955 1605 3028 μῦθον
1638 2952 1776 3010 εῖναι
1805 2956 1898 3009 τὸν

1999 1977 2086 2033 Ex
2116 1978 2373 2044 oratione,
2399 1993 2515 2031 rum
2543 1987 2758 2048 rogatus
2794 1978 3055 2045 specimen
3091 1974 3298 2029 distulit
3324 1990 3386 2028 ac
3410 1983 3588 2043 postea

2477 2049 2632 2101 dixit.
2672 2078 2743 2088 —
2785 2048 3101 2102 Exordium.

2070 2139 2247 2196 Persae
2283 2139 2565 2211 iaculandi
2610 2139 2857 2194 studium
2900 2139 3106 2204 fovent,
3151 2136 3442 2206 omnisque
3473 2133 3589 2190 vita

1998 2232 2104 2287 illis
2128 2232 2183 2286 in
2215 2234 2474 2302 pharetra
2517 2241 2572 2286 et
2613 2231 2832 2301 jacuiis.
2868 2230 3067 2301 Legem
3102 2230 3297 2300 probo,
3330 2242 3588 2295 magnum

1999 2326 2261 2381 indicium
2290 2326 2546 2381 laboriosi
2574 2326 2836 2396 pectoris.
2869 2324 3011 2379 Rara
3038 2325 3185 2378 enim
3220 2323 3442 2394 praemia
3467 2337 3590 2376 esse

1998 2416 2182 2472 decet.
2218 2416 2358 2471 Ante
2384 2417 2579 2471 Persas
2614 2417 2753 2469 hanc
2786 2416 2960 2486 legem
2988 2415 3156 2470 etiam
3180 2425 3373 2470 natura
3409 2414 3589 2477 scivit,

1998 2524 2125 2564 cum
2158 2523 2318 2564 nemo
2345 2507 2622 2563 Oceanum
2654 2508 2872 2573 viderit,
2904 2507 3007 2562 nisi
3033 2508 3207 2561 media
3239 2506 3427 2560 relicta
3444 2513 3592 2559 terra

1999 2602 2262 2657 extremis
2290 2602 2413 2671 ejus
2454 2601 2655 2656 finibus
2687 2601 3129 2669 cirrumvagatus
3161 2599 3322 2652 foret.
3349 2598 3485 2665 Quis
3521 2597 3591 2651 de

2000 2692 2382 2764 pyramidibus
2423 2700 2574 2748 esset
2613 2708 2815 2756 sermo,
2864 2691 2968 2746 nisi
2992 2690 3183 2762 procul
3219 2690 3345 2743 hinc
3375 2697 3593 2755 specta-

2000 2794 2215 2849 rentur,
2244 2785 2331 2839 vel
2371 2785 2497 2851 quis
2537 2785 2606 2839 de
2643 2784 2822 2854 lapide
2854 2782 3161 2837 Memnonis
3200 2782 3345 2851 apud
3374 2778 3594 2833 Ethio-

1999 2893 2117 2948 pcs,
2149 2877 2254 2932 nisi
2286 2878 2439 2932 illum
2464 2885 2640 2932 mater
2665 2885 2818 2930 extra
2852 2890 3069 2930 omnem
3099 2882 3451 2944 conspectum
3492 2886 3591 2936 po-

2000 2971 2223 3025 suisset.
2257 2969 2381 3024 Hzec
2409 2985 2535 3023 vera
2557 2984 2700 3033 esse,
2734 2976 2791 3024 et
2816 2985 2924 3023 non
2967 2967 3215 3022 fabulose
3261 2965 3368 3021 diri
3414 2964 3596 3020 credi—

310 3057 443 3125 περὶ
479 3054 645 3109 αὑτοῦ
696 3054 853 3123 λόγον
897 3050 1250 3120 πιστεύομεν,
1304 3051 1388 3103 ὅτι
1433 3048 1581 3113 λίθος
1627 3048 1895 3119 ὁμιλήσας

2007 3075 2145 3125 Inus,
2191 3060 2316 3129 quia
2360 3058 2493 3125 lapis
2533 3059 2772 3128 loquitur
2812 3072 2934 3111 cum
2991 3056 3102 3111 sola
3150 3056 3384 3110 humana
3439 3069 3592 3116 voce,

310 3108 449 3218 ηλίῳ
476 3108 587 3201 οἷον
623 3147 720 3201 ἄνθ
731 3108 908 3217 ρωπος
941 3145 1068 3214 ἠχεῖ
1114 3108 1210 3196 καὶ
1236 3108 1578 3212 ’φθέγγεταιῖ
1604 3108 1901 3203 Μδλιίκαλ
1928 3108 1972 3168 C

313 3241 466 3313 ῥόδον
494 3241 529 3309 ὴ
559 3238 720 3308 φύσις
762 3236 1069 3308 ἀνθρώποις
1125 3232 1432 3304 χαρίζεται.
1483 3233 1610 3305 [608
1665 3231 1760 3304 Η.]
1792 3235 1902 3287 Καὶ

313 3332 437 3385 οὐδὲ
463 3331 621 3385 τοῦτο
648 3329 784 3400 ὁμοῦ
807 3345 868 3382 τε
896 3327 1024 3399 φύει
1061 3327 1158 3381 καὶ
1196 3328 1277 3390 εἰς
1305 3327 1447 3397 ἀέρα
1468 3329 1514 3359 ⁷³
1549 3326 1900 3389 πετάννυται,

314 3426 432 3480 ἀλλ’
454 3427 788 3497 οἰκουρῆσαν
826 3423 887 3476 τὸ
910 3421 1046 3475 πολὺ
1094 3420 1196 3490 τῆς
1232 3420 1419 3489 ἀκμῆς
1460 3420 1596 3472 εῖσω
1619 3418 1715 3472 τοῦ
1746 3419 1906 3473 κάλυ-

312 3534 411 3580 κος
437 3516 535 3587 ὀψὲ
573 3514 879 3586 προκύπτει
912 3513 1010 3568 καὶ
1034 3510 1299 3583 σχίζεται.
1319 3508 1448 3562 ’Λλλ
1477 3509 1586 3563 οὐδ’
1609 3508 1904 3579 ὀπωρίζειν

312 3609 543 3673 ἔξεστιν,
579 3608 707 3661 ὅταν
766 3605 1027 3658 ἐθέλωσιν
1073 3602 1352 3672 ἄνθρωποι
1378 3618 1393 3633 υ
1422 3600 1561 3654 ἀλλὰ
1590 3602 1692 3654 κᾶν
1736 3600 1905 3654 συκά-

314 3702 433 3765 ζειν
462 3699 651 3770 ἐθέλῃς
680 3699 749 3763 ⁷³,
774 3696 1069 3766 ἀναμένεις
1105 3694 1204 3765 τὴν
1242 3692 1394 3764 ὥραν
1423 3694 1521 3763 τὴν
1550 3692 1652 3762 τῆς
1676 3691 1903 3764 ὀπώρας

314 3792 603 3862 ἐπώνυμον
629 3789 699 3843 ⁷⁸.
758 3789 832 3843 Τὸ
854 3789 911 3842 δὲ
952 3790 1011 3841 ὲν
1040 3785 1271 3859 Δωδώνῃ
1299 3786 1552 3855 χαλκεῖον
1586 3786 1667 3838 ὅτι
1701 3785 1825 3856 ἤχει
1856 3784 1904 3816 ⁷⁸

315 3887 424 3950 ἀεὶ,
446 3885 684 3954 μισήσας
702 3885 731 3937 ὁ
752 3882 942 3953 χρόνος
970 3880 1214 3933 διέλυσεν
1244 3881 1325 3942 είς
1364 3877 1531 3949 μῦθον
1557 3878 1617 3931 τὸ
1632 3879 1901 3949 τέχνημα.

318 3974 486 4049 μηδ
512 3974 602 4047 |{.]
628 3975 784 4045 Δεινὴ
812 3974 922 4043 γὰρ
941 3974 975 4043 ἠ
1004 3971 1263 4042 συνήθεια
1292 3971 1455 4041 κόρον
1478 3973 1656 4024 τεκεῖν
1679 3970 1774 4023 καὶ
1805 3970 1906 4041 τὴν

316 4067 567 4136 ἐξουσίαν
592 4067 749 4139 ὕϐρει
771 4064 1133 4136 λυμήνασθαι.
1169 4062 1458 4126 Οίκοῦντες
1501 4064 1605 4132 γῆν
1635 4060 1908 4132 ζητοῦμεν

316 4162 609 4227 θάλατταν,
664 4162 760 4214 καὶ
810 4159 1067 4222 πλέοντες
1127 4157 1291 4211 πάλιν
1344 4154 1788 4226 περισκοποῦμεν
1837 4154 1909 4208 τὰ

317 4256 470 4324 λήῖα.
507 4255 566 4308 Ὀ
596 4253 820 4324 πλωτὴρ
888 4250 1187 4323 μακαρίζει
1224 4249 1489 4319 γηπόνον,
1520 4249 1615 4301 καὶ
1651 4247 1744 4301 τὸν
1772 4263 1906 4300 ναυ-

318 4347 467 4400 τίλον
496 4344 699 4418 ἀρότης
722 4345 942 4415 ἡγεῖται
967 4342 1130 4398 πάλιν
1175 4340 1492 4411 εὐδαίμονα.
1522 4337 1702 4391 Ταῦτα
1729 4339 1909 4393 πάντα

2005 3156 2092 3211 vix
2126 3156 2290 3210 etiam
2342 3169 2520 3209 rosam
2562 3159 2807 3206 naturam
2857 3151 3168 3207 hominibus
3214 3151 3463 3217 largitur,
3497 3164 3596 3204 nec

2006 3246 2092 3302 illa
2141 3244 2301 3300 simul
2347 3245 2612 3311 nascitur,
2663 3250 2717 3298 et
2766 3243 2818 3297 iu
2866 3256 3047 3296 aerem
3096 3240 3441 3311 expanditur,
3500 3239 3595 3293 sed

2007 3352 2255 3406 magnam
2279 3345 2491 3406 partem
2515 3334 2718 3402 vigoris
2739 3332 2793 3386 in
2821 3332 2991 3387 calice
3016 3332 3232 3394 retinet,
3260 3344 3382 3384 sero
3416 3338 3594 3383 autem

2005 3417 2240 3498 erumpit
2267 3438 2323 3483 et
2356 3427 2617 3497 aperitur.
2664 3425 2769 3479 Sed
2804 3438 2977 3493 neque
3011 3422 3220 3476 fructus
3252 3421 3596 3475 autumnales

2007 3525 2263 3594 colligere
2302 3524 2449 3587 licet,
2485 3520 2705 3592 quando
2752 3518 3000 3574 homines
3044 3517 3292 3586 cupiunt,
3345 3514 3438 3569 sed
3491 3515 3597 3569 etsi

2008 3618 2141 3673 licus
2172 3617 2347 3687 legere
2382 3614 2535 3678 velis,
2567 3621 2850 3681 exspectas
2887 3621 3067 3664 tamen
3093 3618 3306 3679 tempus
3352 3605 3597 3660 auttuuui

2006 3708 2364 3765 nominatum.
2398 3702 2493 3759 Es
2526 3704 2851 3758 Dodonaeum
2886 3699 3011 3770 quia
3044 3714 3261 3766 semper
3296 3695 3477 3761 tinnit,
3508 3711 3598 3748 ar-

1974 3792 1977 3793 i
2011 3800 2234 3855 tiliciutn
2267 3799 2442 3868 ipsum
2477 3801 2528 3848 in
2565 3791 2805 3847 fabulam
2842 3791 2960 3845 dies
3006 3788 3272 3844 invidiosa
3307 3786 3599 3848 convertit,

2008 3892 2345 3950 consuetudo
2383 3887 2527 3944 enim
2560 3885 2869 3941 satietatem
2924 3881 3080 3937 facile
3122 3880 3288 3951 parit,
3330 3887 3384 3933 et
3431 3876 3599 3931 licen-

2009 3988 2141 4042 tiam
2184 3982 2387 4040 l‘erocia
2418 3978 2721 4048 corrumpit
2749 3974 2981 4049 (51-52).
3011 3972 3235 4027 Terram
3274 3971 3598 4035 incolentes,

2011 4092 2164 4132 mare
2184 4075 2504 4146 quaerimus,
2532 4078 2589 4125 et
2620 4084 2831 4124 rursum
2856 4066 3175 4138 navigantes
3200 4072 3434 4117 mentem
3465 4077 3601 4117 con-

2006 4170 2228 4241 jicimus
2266 4169 2317 4221 in
2352 4175 2612 4236 segetem.
2645 4161 2819 4215 Nanta
2858 4158 3069 4212 felicem
3099 4155 3363 4227 przedicat
3393 4155 3603 4225 agrico-

2010 4261 2143 4328 lam,
2179 4267 2233 4314 et
2270 4266 2492 4314 nautam
2543 4265 2734 4309 contra
2791 4259 2975 4305 arator
3029 4248 3366 4302 fortunatum
3425 4251 3595 4315 putat.

2014 4354 2142 4411 Haec
2170 4351 2355 4408 omnia
2383 4348 2619 4419 pueriles
2669 4347 2839 4397 lusus.
2888 4341 3206 4396 Satietatem
3252 4337 3421 4407 gignit
3464 4351 3601 4391 cou-

317 4441 417 4495 τοῦ
448 4442 612 4511 κόρου
643 4440 891 4508 παίγνια.
954 4439 1130 4507 Κόρον
1169 4436 1337 4507 γεννᾷ
1382 4435 1415 4504 ή
1456 4430 1737 4502 συνήθεια.
1766 4430 1895 4483 Φεύ-

2013 4445 2268 4504 snetudo.
2299 4442 2596 4511 Fugiamns
2623 4437 2953 4498 satietatem,
2986 4434 3163 4504 pueri.
3185 4432 3343 4501 Saepe
3374 4428 3491 4483 haec
3525 4430 3607 4483 re-

318 4550 509 4603 γωμεν
528 4533 620 4585 τὸν
656 4532 843 4603 κόρον,
910 4523 957 4584 ὦ
1009 4530 1196 4591 παῖδες
1231 4544 1248 4560 '
1301 4526 1510 4592 τοξεύει
1561 4524 1816 4587 πολλάκις
1838 4525 1905 4576 δι’

318 4625 481 4698 ὕϐριν
508 4618 663 4688 οὗτος
694 4624 791 4677 καὶ
820 4623 1004 4685 αὐτοῖς
1042 4622 1143 4693 ἤδη
1172 4622 1286 4684 τοῖς
1308 4620 1472 4691 ἔρωσι
1506 4618 1573 4674 ⁷⁸.
1598 4616 1769 4671 Τοῦτο
1800 4616 1908 4687 γάρ

318 4736 453 4772 ποτε
482 4719 580 4789 τῆς
619 4717 1183 4788 παροιμίαςιῆκουσα.

320 4814 427 4865 Ἐκ
471 4810 579 4865 τοῦ
635 4812 723 4875 εὶς
758 4806 1113 4863 Μουσώνιον
1140 4805 1249 4860 τὸν
1305 4805 1657 4861 ἀνθύπατον
1692 4801 1908 4858 Ἑλλάς

718 4881 846 4945 δος.
868 4907 940 4919 -
978 4877 1049 4932 Τὸ
1098 4876 1141 4908 ⁷⁷
1167 4880 1511 4946 Προοίμιον.

406 4975 702 5031 Ὀκνοῦντά
770 4992 839 5045 με
895 4972 1034 5027 πάνυ
1065 4971 1135 5025 τὰ
1176 4970 1403 5042 θέατρα,
1437 4970 1533 5024 καὶ
1570 4967 1680 5023 τῶν
1704 4966 1913 5036 πανδή-

2016 4541 2161 4595 rocia
2191 4546 2446 4606 tanquam
2493 4532 2689 4603 sagitta
2733 4528 2881 4593 ferit,
2909 4538 2960 4581 et
2990 4526 3124 4596 ipsis
3153 4525 3263 4593 jam
3295 4522 3609 4579 amoribus.

2016 4634 2132 4689 Hoc
2162 4630 2306 4685 enim
2341 4625 2636 4697 aliquando
2668 4621 2960 4695 proverbio
2988 4617 3176 4674 didici.

2021 4809 2107 4865 Ex
2134 4805 2374 4862 oratione
2417 4793 3197 4925 inMustgwiun‘ti'proconsulem
3244 4789 3485 4847 Gracia.
3531 4816 3606 4829 —-

2665 4889 2763 4925 xor
2804 4888 2937 4925 tum.

2665 4888 2937 4927 ποι-αιτιοι.

2086 4967 2318 5039 Coegisti
2360 4981 2444 5021 me
2477 4966 2689 5019 theatra
2741 4965 3124 5033 negligentem,
3161 4968 3216 5016 et
3262 4958 3328 5012 de
3370 4952 3613 5026 publicis

326 5088 446 5140 μων
479 5070 752 5139 συλλόγων
781 5070 1017 5138 ἁπάγειν
1037 5068 1164 5131 τοὺς
1188 5064 1380 5135 λόγους
1405 5063 1725 5127 σπεύδοντα,
1752 5059 1885 5114 λῦσα

2013 5061 2365 5116 conciouibns
2422 5058 2725 5113 orationem
2785 5063 3032 5112 avertere
3069 5062 3382 5112 conantem,
3431 5049 3609 5117 legem-

1635 5177 1869 5236 VAIUE
1910 5176 2313 5233 LECTIONES.

397 5279 444 5310 “
479 5279 507 5331 δ
538 5293 651 5332 om.
684 5277 746 5333 C.
823 5277 868 5309 ⁶¹
884 5276 1125 5342 νευρίδες
1158 5273 1223 5327 Α.
1301 5273 1346 5305 ⁸⁸
1372 5271 1519 5342 ὅροις
1537 5269 1622 5342 AO
1644 5287 1670 5342 :7
1696 5267 1968 5342 0599;;3.
2024 5270 2067 5301 ⁸⁷
2095 5267 2372 5342 λαλεῖσθαι
2410 5283 2470 5330 ς.
2510 5335 2522 5342 _
2545 5263 2590 5296 "
2615 5263 2715 5335 τὴν
2746 5270 2873 5317 ante
2898 5259 3113 5341 ἠλικίαν
3153 5254 3356 5342 wing.
3414 5252 3607 5342 “.353:

327 5346 560 5417 νώμενοι
600 5347 834 5403 Lubeck.
869 5343 1231 5417 aderyuiich
1260 5343 1463 5417 p1‘520.

328 5416 491 5490 ἀέρα]
544 5418 638 5473 ῐσα
667 5418 727 5475 Β.
824 5417 869 5450 ⁷³
902 5416 1105 5480 ἐθέλοις
1128 5416 1192 5471 (3.

329 5506 442 5545 0m.
477 5490 544 5544 Α.

1582 5317 2007 5393 asseasse
2049 5317 2115 5393 Α.

1302 5413 1347 5447 ⁷⁵
1370 5409 1659 5483 ἐπώνυμον
1677 5413 1721 5464 Α
1749 5424 1764 5462 ε
1794 5409 2086 5479 ὁμώνυμον
2111 5428 2174 5476 ς.

3447 5323 3493 5355 τι
3520 5321 3607 5382 εὶς

2249 5339 2291 5371 τί
2327 5325 2437 5389 τὸκί
2464 5335 2629 5406 νόμον
2672 5325 2810 5406 ’ροδι
2850 5325 3038 5384 τοῦτον
3090 5329 3239 5398 ponit
3278 5325 3343 5382 C.
3447 5325 3493 5355 "
3520 5325 3607 5382 εὶς

2268 5409 2313 5440 τι
2344 5408 2463 5441 tum:
2496 5408 2621 5441 ius?
2743 5402 2967 5441 vernam
2999 5403 3072 5441 Ιῖε
3110 5402 3275 5441 eorum.
3311 5413 3371 5441 ρ,
3472 5390 3518 5425 ⁷⁷
3540 5388 3612 5441 τὸ

2268 5409 2313 5440 ⁷⁸
2342 5408 2464 5463 libri
2496 5402 2640 5478 ἠχεῖ.
2688 5402 2703 5406 “
2743 5405 2786 5437 ⁷ο
2804 5402 2972 5476 ἐρῶσι
2999 5403 3074 5457 C:
3110 5402 3275 5471 ἔρωσι
3311 5413 3371 5462 ς.

1852 5568 2085 5629 NOTAE.

398 5670 614 5740 (δι-52)
653 5670 842 5727 ιιοται.
868 5669 960 5727 lib.
992 5684 1010 5725 ι
1042 5666 1211 5724 Serm.
1254 5676 1421 5738 δαίνυ’.
1451 5666 1503 5722 1.
