  <div class='ocr_page' id='page_1' title='image "/cluster/home/n/w/nwhite01/storage/ocr_20150623/103 pt.3/mdp.39015061933738/704.png"; bbox 0 0 3990 6232; ppageno 0'>
   <div class='ocr_carea' id='block_1_1' title="bbox 314 287 453 348">
    <p class='ocr_par' dir='ltr' id='par_1_1' title="bbox 314 287 453 348">
     <span class='ocr_line' id='line_1_1' title="bbox 314 287 453 348; baseline -0.022 0"><span class='ocrx_word' id='word_1_1' title='bbox 314 287 453 348; x_wconf 72' lang='grc'><strong>1373</strong></span> 
     </span>
    </p>
   </div>
   <div class='ocr_carea' id='block_1_2' title="bbox 1378 286 2514 352">
    <p class='ocr_par' dir='ltr' id='par_1_2' title="bbox 1378 286 2514 352">
     <span class='ocr_line' id='line_1_2' title="bbox 1378 286 2514 352; baseline 0.004 -7"><span class='ocrx_word' id='word_1_2' title='bbox 1378 287 1443 345; x_wconf 87' lang='lat' dir='ltr'><strong>Bl</strong></span> <span class='ocrx_word' id='word_1_3' title='bbox 1461 286 1898 347; x_wconf 79' lang='lat' dir='ltr'><strong>BLlOTHECA.</strong></span> <span class='ocrx_word' id='word_1_4' title='bbox 1929 313 1998 326; x_wconf 89' lang='lat'><strong>--</strong></span> <span class='ocrx_word' id='word_1_5' title='bbox 2023 288 2186 347; x_wconf 84' lang='lat' dir='ltr'><strong>COD.</strong></span> <span class='ocrx_word' id='word_1_6' title='bbox 2207 288 2514 352; x_wconf 77' lang='lat' dir='ltr'><strong>CCXLllI.</strong></span> 
     </span>
    </p>
   </div>
   <div class='ocr_carea' id='block_1_3' title="bbox 3448 290 3584 355">
    <p class='ocr_par' dir='ltr' id='par_1_3' title="bbox 3448 290 3584 355">
     <span class='ocr_line' id='line_1_3' title="bbox 3448 290 3584 355; baseline 0 0"><span class='ocrx_word' id='word_1_7' title='bbox 3448 290 3584 355; x_wconf 75' lang='grc'><strong>1374</strong></span> 
     </span>
    </p>
   </div>
   <div class='ocr_carea' id='block_1_4' title="bbox 314 390 1902 468">
    <p class='ocr_par' dir='ltr' id='par_1_4' title="bbox 314 390 1893 466">
     <span class='ocr_line' id='line_1_4' title="bbox 314 390 1893 466; baseline 0.001 -19"><span class='ocrx_word' id='word_1_8' title='bbox 314 392 521 458; x_wconf 78' lang='grc' dir='ltr'>ζεσθαι.</span> <span class='ocrx_word' id='word_1_9' title='bbox 556 391 661 444; x_wconf 72' lang='grc' dir='ltr'>Τὸν</span> <span class='ocrx_word' id='word_1_10' title='bbox 686 390 1013 446; x_wconf 74' lang='grc' dir='ltr'>Ἐλευσίνιον</span> <span class='ocrx_word' id='word_1_11' title='bbox 1052 393 1253 464; x_wconf 77' lang='grc' dir='ltr'>ἔφηϐον</span> <span class='ocrx_word' id='word_1_12' title='bbox 1294 394 1527 464; x_wconf 77' lang='grc' dir='ltr'><strong>ἀρθῆναι</strong></span> <span class='ocrx_word' id='word_1_13' title='bbox 1574 395 1733 461; x_wconf 79' lang='grc' dir='ltr'>λόγος</span> <span class='ocrx_word' id='word_1_14' title='bbox 1760 397 1893 466; x_wconf 68' lang='grc' dir='ltr'>πρὸς</span> 
     </span>
    </p>
   </div>
   <div class='ocr_carea' id='block_1_5' title="bbox 2013 390 3581 468">
    <p class='ocr_par' dir='ltr' id='par_1_5' title="bbox 2013 396 3581 468">
     <span class='ocr_line' id='line_1_5' title="bbox 2013 396 3581 468; baseline 0.003 -16"><span class='ocrx_word' id='word_1_15' title='bbox 2013 398 2366 468; x_wconf 82' lang='lat' dir='ltr'><strong>l‘riptolemus</strong></span> <span class='ocrx_word' id='word_1_16' title='bbox 2395 399 2641 454; x_wconf 86' lang='lat' dir='ltr'><strong>sublatus</strong></span> <span class='ocrx_word' id='word_1_17' title='bbox 2666 410 2787 453; x_wconf 80' lang='lat' dir='ltr'><strong>esse</strong></span> <span class='ocrx_word' id='word_1_18' title='bbox 2817 411 2845 451; x_wconf 89' lang='lat' dir='ltr'><strong>a</strong></span> <span class='ocrx_word' id='word_1_19' title='bbox 2897 396 3117 462; x_wconf 85' lang='lat' dir='ltr'><strong>Cerere,</strong></span> <span class='ocrx_word' id='word_1_20' title='bbox 3153 408 3211 453; x_wconf 91' lang='lat' dir='ltr'><strong>ut</strong></span> <span class='ocrx_word' id='word_1_21' title='bbox 3249 402 3581 467; x_wconf 78' lang='lat' dir='ltr'><strong>pastoralem</strong></span> 
     </span>
    </p>
   </div>
   <div class='ocr_carea' id='block_1_6' title="bbox 313 482 1901 561">
    <p class='ocr_par' dir='ltr' id='par_1_6' title="bbox 313 482 1901 561">
     <span class='ocr_line' id='line_1_6' title="bbox 313 482 1901 561; baseline 0.002 -25"><span class='ocrx_word' id='word_1_22' title='bbox 313 484 624 554; x_wconf 83' lang='grc' dir='ltr'>Δήμητρος,</span> <span class='ocrx_word' id='word_1_23' title='bbox 662 482 749 535; x_wconf 80' lang='grc' dir='ltr'>ἴνα</span> <span class='ocrx_word' id='word_1_24' title='bbox 771 482 871 551; x_wconf 75' lang='grc' dir='ltr'><strong>τὴν</strong></span> <span class='ocrx_word' id='word_1_25' title='bbox 891 485 1098 552; x_wconf 83' lang='grc' dir='ltr'>νομάδα</span> <span class='ocrx_word' id='word_1_26' title='bbox 1130 486 1655 557; x_wconf 77' lang='grc' dir='ltr'>τράπεζανὴμέροις</span> <span class='ocrx_word' id='word_1_27' title='bbox 1689 488 1901 561; x_wconf 73' lang='grc' dir='ltr'>ἀμείψῃ</span> 
     </span>
    </p>
   </div>
   <div class='ocr_carea' id='block_1_7' title="bbox 310 566 1903 650">
    <p class='ocr_par' dir='ltr' id='par_1_7' title="bbox 310 566 1903 650">
     <span class='ocr_line' id='line_1_7' title="bbox 310 566 1903 650; baseline 0.004 -24"><span class='ocrx_word' id='word_1_28' title='bbox 310 575 524 643; x_wconf 76' lang='grc' dir='ltr'>πυροῖς.</span> <span class='ocrx_word' id='word_1_29' title='bbox 560 566 735 626; x_wconf 81' lang='grc' dir='ltr'>’Ἧκεν</span> <span class='ocrx_word' id='word_1_30' title='bbox 780 573 1012 644; x_wconf 77' lang='grc' dir='ltr'>Ἀὁαρις</span> <span class='ocrx_word' id='word_1_31' title='bbox 1050 575 1316 645; x_wconf 79' lang='grc' dir='ltr'>Ἀθήναζε</span> <span class='ocrx_word' id='word_1_32' title='bbox 1380 577 1511 642; x_wconf 75' lang='grc' dir='ltr'>τόξα</span> <span class='ocrx_word' id='word_1_33' title='bbox 1540 579 1700 649; x_wconf 77' lang='grc' dir='ltr'>ἔχων,</span> <span class='ocrx_word' id='word_1_34' title='bbox 1728 582 1903 650; x_wconf 80' lang='grc' dir='ltr'>φαρέ-</span> 
     </span>
    </p>
   </div>
   <div class='ocr_carea' id='block_1_8' title="bbox 308 660 1898 741">
    <p class='ocr_par' dir='ltr' id='par_1_8' title="bbox 308 660 1898 741">
     <span class='ocr_line' id='line_1_8' title="bbox 308 660 1898 741; baseline -0.008 -6"><span class='ocrx_word' id='word_1_35' title='bbox 308 680 447 735; x_wconf 64' lang='grc' dir='ltr'><strong>Ῥαν</strong></span> <span class='ocrx_word' id='word_1_36' title='bbox 487 664 732 733; x_wconf 68' lang='grc' dir='ltr'><strong>ἡμμένος</strong></span> <span class='ocrx_word' id='word_1_37' title='bbox 758 666 837 729; x_wconf 72' lang='grc' dir='ltr'><strong>εἰς</strong></span> <span class='ocrx_word' id='word_1_38' title='bbox 871 660 1295 737; x_wconf 77' lang='grc' dir='ltr'>ὦμον,“χλαμύδι</span> <span class='ocrx_word' id='word_1_39' title='bbox 1329 670 1717 738; x_wconf 79' lang='grc' dir='ltr'><strong>σφιγγόμενος.</strong></span> <span class='ocrx_word' id='word_1_40' title='bbox 1745 671 1898 741; x_wconf 84' lang='grc' dir='ltr'><strong>Ζώνη</strong></span> 
     </span>
    </p>
   </div>
   <div class='ocr_carea' id='block_1_9' title="bbox 310 748 1901 829">
    <p class='ocr_par' dir='ltr' id='par_1_9' title="bbox 310 748 1901 829">
     <span class='ocr_line' id='line_1_9' title="bbox 310 748 1901 829; baseline 0.003 -20"><span class='ocrx_word' id='word_1_41' title='bbox 310 748 381 826; x_wconf 82' lang='grc' dir='ltr'>ἦν</span> <span class='ocrx_word' id='word_1_42' title='bbox 409 756 529 809; x_wconf 88' lang='grc' dir='ltr'>κατ’</span> <span class='ocrx_word' id='word_1_43' title='bbox 554 755 713 816; x_wconf 76' lang='grc' dir='ltr'>ίξύων</span> <span class='ocrx_word' id='word_1_44' title='bbox 739 756 784 787; x_wconf 76' lang='grc'><strong>⁸⁸</strong></span> <span class='ocrx_word' id='word_1_45' title='bbox 815 757 1014 825; x_wconf 77' lang='grc' dir='ltr'>χρυσῆ,</span> <span class='ocrx_word' id='word_1_46' title='bbox 1048 758 1367 829; x_wconf 80' lang='grc' dir='ltr'><strong>ἀναξυρίδες</strong></span> <span class='ocrx_word' id='word_1_47' title='bbox 1382 761 1447 813; x_wconf 87' lang='grc' dir='ltr'>ὲκ</span> <span class='ocrx_word' id='word_1_48' title='bbox 1466 761 1683 828; x_wconf 80' lang='grc' dir='ltr'><strong>ταρσῶν</strong></span> <span class='ocrx_word' id='word_1_49' title='bbox 1714 761 1901 829; x_wconf 79' lang='grc' dir='ltr'>ἄκρων</span> 
     </span>
    </p>
   </div>
   <div class='ocr_carea' id='block_1_10' title="bbox 308 847 1899 921">
    <p class='ocr_par' dir='ltr' id='par_1_10' title="bbox 308 847 1899 921">
     <span class='ocr_line' id='line_1_10' title="bbox 308 847 1899 921; baseline 0.001 -20"><span class='ocrx_word' id='word_1_50' title='bbox 308 847 439 916; x_wconf 77' lang='grc' dir='ltr'>ἄχρι</span> <span class='ocrx_word' id='word_1_51' title='bbox 479 849 573 899; x_wconf 78' lang='grc' dir='ltr'><strong>καὶ</strong></span> <span class='ocrx_word' id='word_1_52' title='bbox 622 847 866 915; x_wconf 84' lang='grc' dir='ltr'><strong>γλουτῶν</strong></span> <span class='ocrx_word' id='word_1_53' title='bbox 914 849 1315 904; x_wconf 86' lang='grc' dir='ltr'>ἀνατείνουσαι.</span> <span class='ocrx_word' id='word_1_54' title='bbox 1352 852 1525 904; x_wconf 80' lang='grc' dir='ltr'>Τοῦτο</span> <span class='ocrx_word' id='word_1_55' title='bbox 1560 852 1899 921; x_wconf 72' lang='grc' dir='ltr'>πανταχόθεν</span> 
     </span>
    </p>
   </div>
   <div class='ocr_carea' id='block_1_11' title="bbox 307 940 1900 1014">
    <p class='ocr_par' dir='ltr' id='par_1_11' title="bbox 307 940 1900 1014">
     <span class='ocr_line' id='line_1_11' title="bbox 307 940 1900 1014; baseline 0.003 -22"><span class='ocrx_word' id='word_1_56' title='bbox 307 940 665 1009; x_wconf 81' lang='grc' dir='ltr'>εὑρίσκομεν,</span> <span class='ocrx_word' id='word_1_57' title='bbox 702 941 956 1012; x_wconf 85' lang='grc' dir='ltr'>καθάπερ</span> <span class='ocrx_word' id='word_1_58' title='bbox 999 943 1058 995; x_wconf 80' lang='grc' dir='ltr'>ὲν</span> <span class='ocrx_word' id='word_1_59' title='bbox 1085 941 1323 1014; x_wconf 77' lang='grc' dir='ltr'>ἁρμονίᾳ</span> <span class='ocrx_word' id='word_1_60' title='bbox 1374 941 1564 1013; x_wconf 89' lang='grc' dir='ltr'>λύρας,</span> <span class='ocrx_word' id='word_1_61' title='bbox 1609 944 1900 1013; x_wconf 78' lang='grc' dir='ltr'>σύμφωνον</span> 
     </span>
    </p>
   </div>
   <div class='ocr_carea' id='block_1_12' title="bbox 307 1029 1896 1106">
    <p class='ocr_par' dir='ltr' id='par_1_12' title="bbox 307 1029 1896 1106">
     <span class='ocr_line' id='line_1_12' title="bbox 307 1029 1896 1106; baseline 0.001 -21"><span class='ocrx_word' id='word_1_62' title='bbox 307 1031 552 1102; x_wconf 80' lang='grc' dir='ltr'>ἠχοῦντα</span> <span class='ocrx_word' id='word_1_63' title='bbox 601 1035 671 1102; x_wconf 82' lang='grc' dir='ltr'>τῇ</span> <span class='ocrx_word' id='word_1_64' title='bbox 731 1032 925 1103; x_wconf 78' lang='grc' dir='ltr'>γνώμῃ</span> <span class='ocrx_word' id='word_1_65' title='bbox 977 1034 1069 1087; x_wconf 80' lang='grc' dir='ltr'>τὸν</span> <span class='ocrx_word' id='word_1_66' title='bbox 1105 1034 1282 1102; x_wconf 88' lang='grc' dir='ltr'>λόγον.</span> <span class='ocrx_word' id='word_1_67' title='bbox 1318 1029 1426 1088; x_wconf 85' lang='grc' dir='ltr'>Ἦν</span> <span class='ocrx_word' id='word_1_68' title='bbox 1454 1036 1585 1106; x_wconf 80' lang='grc' dir='ltr'>ἡδὺς</span> <span class='ocrx_word' id='word_1_69' title='bbox 1631 1036 1896 1104; x_wconf 71' lang='grc' dir='ltr'>ἐντυχεῖν,</span> 
     </span>
    </p>
   </div>
   <div class='ocr_carea' id='block_1_13' title="bbox 310 1125 1899 1198">
    <p class='ocr_par' dir='ltr' id='par_1_13' title="bbox 310 1125 1899 1198">
     <span class='ocr_line' id='line_1_13' title="bbox 310 1125 1899 1198; baseline 0 -19"><span class='ocrx_word' id='word_1_70' title='bbox 310 1125 482 1187; x_wconf 79' lang='grc' dir='ltr'>δεινὸς</span> <span class='ocrx_word' id='word_1_71' title='bbox 512 1127 687 1195; x_wconf 81' lang='grc' dir='ltr'>ἡσυχῆ</span> <span class='ocrx_word' id='word_1_72' title='bbox 726 1125 972 1196; x_wconf 80' lang='grc' dir='ltr'>μεγάλην</span> <span class='ocrx_word' id='word_1_73' title='bbox 1037 1127 1240 1195; x_wconf 79' lang='grc' dir='ltr'>πρᾶξιν</span> <span class='ocrx_word' id='word_1_74' title='bbox 1288 1128 1650 1198; x_wconf 77' lang='grc' dir='ltr'>ἐργάσασθαι.</span> <span class='ocrx_word' id='word_1_75' title='bbox 1683 1128 1811 1191; x_wconf 78' lang='grc' dir='ltr'>ὀξὺς</span> <span class='ocrx_word' id='word_1_76' title='bbox 1836 1128 1899 1180; x_wconf 74' lang='grc' dir='ltr'>τὸ</span> 
     </span>
    </p>
   </div>
   <div class='ocr_carea' id='block_1_14' title="bbox 310 1216 1900 1288">
    <p class='ocr_par' dir='ltr' id='par_1_14' title="bbox 310 1216 1900 1288">
     <span class='ocr_line' id='line_1_14' title="bbox 310 1216 1900 1288; baseline 0.001 -19"><span class='ocrx_word' id='word_1_77' title='bbox 310 1221 500 1287; x_wconf 79' lang='grc' dir='ltr'>παρὸν</span> <span class='ocrx_word' id='word_1_78' title='bbox 524 1216 673 1280; x_wconf 76' lang='grc' dir='ltr'>ἰδεῖν,</span> <span class='ocrx_word' id='word_1_79' title='bbox 707 1217 1000 1286; x_wconf 83' lang='grc' dir='ltr'>προμηθὴς</span> <span class='ocrx_word' id='word_1_80' title='bbox 1052 1218 1114 1271; x_wconf 82' lang='grc' dir='ltr'><strong>τὸ</strong></span> <span class='ocrx_word' id='word_1_81' title='bbox 1170 1219 1366 1288; x_wconf 77' lang='grc' dir='ltr'>μέλλον</span> <span class='ocrx_word' id='word_1_82' title='bbox 1396 1218 1783 1288; x_wconf 85' lang='grc' dir='ltr'>φυλάττεσθαι,</span> <span class='ocrx_word' id='word_1_83' title='bbox 1812 1236 1900 1271; x_wconf 87' lang='grc' dir='ltr'>σο-</span> 
     </span>
    </p>
   </div>
   <div class='ocr_carea' id='block_1_15' title="bbox 309 1307 1895 1384">
    <p class='ocr_par' dir='ltr' id='par_1_15' title="bbox 309 1307 1895 1384">
     <span class='ocr_line' id='line_1_15' title="bbox 309 1307 1895 1384; baseline 0.004 -26"><span class='ocrx_word' id='word_1_84' title='bbox 309 1307 442 1376; x_wconf 85' lang='grc' dir='ltr'>φίας</span> <span class='ocrx_word' id='word_1_85' title='bbox 473 1307 674 1376; x_wconf 78' lang='grc' dir='ltr'>ἥττων,</span> <span class='ocrx_word' id='word_1_86' title='bbox 706 1308 947 1377; x_wconf 81' lang='grc' dir='ltr'>ἐραστὴς</span> <span class='ocrx_word' id='word_1_87' title='bbox 1009 1309 1213 1378; x_wconf 83' lang='grc' dir='ltr'>φιλίας,</span> <span class='ocrx_word' id='word_1_88' title='bbox 1269 1311 1425 1380; x_wconf 83' lang='grc' dir='ltr'>ὀλίγα</span> <span class='ocrx_word' id='word_1_89' title='bbox 1473 1311 1573 1381; x_wconf 84' lang='grc' dir='ltr'><strong>μὲν</strong></span> <span class='ocrx_word' id='word_1_90' title='bbox 1620 1310 1761 1384; x_wconf 80' lang='grc' dir='ltr'>τύχῃ</span> <span class='ocrx_word' id='word_1_91' title='bbox 1804 1329 1895 1365; x_wconf 85' lang='grc' dir='ltr'>πι-</span> 
     </span>
    </p>
   </div>
   <div class='ocr_carea' id='block_1_16' title="bbox 311 1394 1555 1474">
    <p class='ocr_par' dir='ltr' id='par_1_16' title="bbox 311 1394 1555 1474">
     <span class='ocr_line' id='line_1_16' title="bbox 311 1394 1555 1474; baseline 0.007 -24"><span class='ocrx_word' id='word_1_92' title='bbox 311 1394 538 1463; x_wconf 82' lang='grc' dir='ltr'>στεύων,</span> <span class='ocrx_word' id='word_1_93' title='bbox 566 1398 761 1469; x_wconf 83' lang='grc' dir='ltr'>γνώμῃ</span> <span class='ocrx_word' id='word_1_94' title='bbox 786 1398 843 1450; x_wconf 84' lang='grc' dir='ltr'><strong>δὲ</strong></span> <span class='ocrx_word' id='word_1_95' title='bbox 860 1399 931 1451; x_wconf 76' lang='grc' dir='ltr'>τὰ</span> <span class='ocrx_word' id='word_1_96' title='bbox 951 1400 1130 1455; x_wconf 88' lang='grc' dir='ltr'>πάντα</span> <span class='ocrx_word' id='word_1_97' title='bbox 1171 1403 1555 1474; x_wconf 82' lang='grc' dir='ltr'>πιστούμενος.</span> 
     </span>
    </p>
   </div>
   <div class='ocr_carea' id='block_1_17' title="bbox 328 1490 1578 1567">
    <p class='ocr_par' dir='ltr' id='par_1_17' title="bbox 328 1490 1578 1567">
     <span class='ocr_line' id='line_1_17' title="bbox 328 1490 1578 1567; baseline 0.013 -29"><span class='ocrx_word' id='word_1_98' title='bbox 328 1536 331 1537; x_wconf 31' lang='grc' dir='ltr'><strong>ν</strong></span> <span class='ocrx_word' id='word_1_99' title='bbox 633 1490 738 1543; x_wconf 79' lang='grc' dir='ltr'><strong>Ἐκ</strong></span> <span class='ocrx_word' id='word_1_100' title='bbox 762 1490 870 1543; x_wconf 82' lang='grc' dir='ltr'>τοῦ</span> <span class='ocrx_word' id='word_1_101' title='bbox 897 1493 986 1556; x_wconf 82' lang='grc' dir='ltr'><strong>είς</strong></span> <span class='ocrx_word' id='word_1_102' title='bbox 1014 1492 1281 1561; x_wconf 72' lang='grc' dir='ltr'>Σεϐἧρον</span> <span class='ocrx_word' id='word_1_103' title='bbox 1318 1496 1578 1567; x_wconf 72' lang='grc' dir='ltr'>ἑταῖρον.</span> 
     </span>
    </p>
   </div>
   <div class='ocr_carea' id='block_1_18' title="bbox 381 1582 1897 1662">
    <p class='ocr_par' dir='ltr' id='par_1_18' title="bbox 381 1582 1897 1662">
     <span class='ocr_line' id='line_1_18' title="bbox 381 1582 1897 1662; baseline 0.009 -27"><span class='ocrx_word' id='word_1_104' title='bbox 381 1583 480 1646; x_wconf 86' lang='grc' dir='ltr'><strong>Τίς</strong></span> <span class='ocrx_word' id='word_1_105' title='bbox 516 1582 625 1653; x_wconf 77' lang='grc' dir='ltr'>γὰρ</span> <span class='ocrx_word' id='word_1_106' title='bbox 692 1582 902 1635; x_wconf 76' lang='grc' dir='ltr'>ἐκείνου</span> <span class='ocrx_word' id='word_1_107' title='bbox 936 1585 1196 1656; x_wconf 81' lang='grc' dir='ltr'>μᾶλλονῆ</span> <span class='ocrx_word' id='word_1_108' title='bbox 1248 1589 1345 1642; x_wconf 78' lang='grc' dir='ltr'><strong>σὺν</strong></span> <span class='ocrx_word' id='word_1_109' title='bbox 1389 1591 1545 1660; x_wconf 83' lang='grc' dir='ltr'>τάχει</span> <span class='ocrx_word' id='word_1_110' title='bbox 1573 1592 1672 1662; x_wconf 82' lang='grc' dir='ltr'><strong>τὴν</strong></span> <span class='ocrx_word' id='word_1_111' title='bbox 1697 1591 1791 1646; x_wconf 85' lang='grc' dir='ltr'>τοῦ</span> <span class='ocrx_word' id='word_1_112' title='bbox 1818 1594 1897 1647; x_wconf 87' lang='grc' dir='ltr'>δι-</span> 
     </span>
    </p>
   </div>
   <div class='ocr_carea' id='block_1_19' title="bbox 308 1672 1897 1755">
    <p class='ocr_par' dir='ltr' id='par_1_19' title="bbox 308 1672 1897 1755">
     <span class='ocr_line' id='line_1_19' title="bbox 308 1672 1897 1755; baseline 0.009 -30"><span class='ocrx_word' id='word_1_113' title='bbox 308 1674 470 1726; x_wconf 86' lang='grc' dir='ltr'>καίου</span> <span class='ocrx_word' id='word_1_114' title='bbox 536 1672 701 1742; x_wconf 87' lang='grc' dir='ltr'>φύσιν</span> <span class='ocrx_word' id='word_1_115' title='bbox 750 1673 1107 1747; x_wconf 78' lang='grc' dir='ltr'>ὲθήρευεν,ἢ</span> <span class='ocrx_word' id='word_1_116' title='bbox 1165 1679 1264 1731; x_wconf 81' lang='grc' dir='ltr'><strong>σὺν</strong></span> <span class='ocrx_word' id='word_1_117' title='bbox 1303 1680 1557 1753; x_wconf 84' lang='grc' dir='ltr'>ὀρθότητι</span> <span class='ocrx_word' id='word_1_118' title='bbox 1619 1684 1897 1755; x_wconf 78' lang='grc' dir='ltr'>θηρεύσας</span> 
     </span>
    </p>
   </div>
   <div class='ocr_carea' id='block_1_20' title="bbox 309 1765 1897 1846">
    <p class='ocr_par' dir='ltr' id='par_1_20' title="bbox 309 1765 1897 1846">
     <span class='ocr_line' id='line_1_20' title="bbox 309 1765 1897 1846; baseline 0.009 -29"><span class='ocrx_word' id='word_1_119' title='bbox 309 1765 665 1836; x_wconf 81' lang='grc' dir='ltr'>ὲδημοσίευεν</span> <span class='ocrx_word' id='word_1_120' title='bbox 692 1766 736 1798; x_wconf 79' lang='grc'>⁰⁰</span> <span class='ocrx_word' id='word_1_121' title='bbox 762 1782 778 1830; x_wconf 88' lang='grc'>;</span> <span class='ocrx_word' id='word_1_122' title='bbox 826 1767 922 1831; x_wconf 88' lang='grc' dir='ltr'><strong>Τίς</strong></span> <span class='ocrx_word' id='word_1_123' title='bbox 951 1768 1050 1838; x_wconf 79' lang='grc' dir='ltr'>μὲν</span> <span class='ocrx_word' id='word_1_124' title='bbox 1102 1768 1277 1835; x_wconf 75' lang='grc' dir='ltr'>οὕτως</span> <span class='ocrx_word' id='word_1_125' title='bbox 1316 1774 1442 1839; x_wconf 78' lang='grc' dir='ltr'>ὀξὺς</span> <span class='ocrx_word' id='word_1_126' title='bbox 1465 1776 1690 1846; x_wconf 79' lang='grc' dir='ltr'>πρᾶξαι,</span> <span class='ocrx_word' id='word_1_127' title='bbox 1728 1778 1811 1841; x_wconf 87' lang='grc' dir='ltr'><strong>τίς</strong></span> <span class='ocrx_word' id='word_1_128' title='bbox 1841 1778 1897 1831; x_wconf 83' lang='grc' dir='ltr'>δὲ</span> 
     </span>
    </p>
   </div>
   <div class='ocr_carea' id='block_1_21' title="bbox 314 1856 1899 1939">
    <p class='ocr_par' dir='ltr' id='par_1_21' title="bbox 314 1856 1899 1939">
     <span class='ocr_line' id='line_1_21' title="bbox 314 1856 1899 1939; baseline 0.009 -30"><span class='ocrx_word' id='word_1_129' title='bbox 314 1856 518 1927; x_wconf 80' lang='grc' dir='ltr'>βραδὺς</span> <span class='ocrx_word' id='word_1_130' title='bbox 568 1856 796 1911; x_wconf 83' lang='grc' dir='ltr'>κολάσαι</span> <span class='ocrx_word' id='word_1_131' title='bbox 846 1859 937 1912; x_wconf 84' lang='grc' dir='ltr'><strong>τὸν</strong></span> <span class='ocrx_word' id='word_1_132' title='bbox 995 1860 1413 1931; x_wconf 75' lang='grc' dir='ltr'>κινδυνεύοντας</span> <span class='ocrx_word' id='word_1_133' title='bbox 1468 1866 1553 1931; x_wconf 88' lang='grc' dir='ltr'><strong>τίς</strong></span> <span class='ocrx_word' id='word_1_134' title='bbox 1608 1870 1709 1939; x_wconf 83' lang='grc' dir='ltr'><strong>μὲν</strong></span> <span class='ocrx_word' id='word_1_135' title='bbox 1757 1868 1899 1923; x_wconf 76' lang='grc' dir='ltr'>οὕτω</span> 
     </span>
    </p>
   </div>
   <div class='ocr_carea' id='block_1_22' title="bbox 311 1952 1899 2032">
    <p class='ocr_par' dir='ltr' id='par_1_22' title="bbox 311 1952 1899 2032">
     <span class='ocr_line' id='line_1_22' title="bbox 311 1952 1899 2032; baseline 0.006 -28"><span class='ocrx_word' id='word_1_136' title='bbox 311 1952 581 2021; x_wconf 82' lang='grc' dir='ltr'>κρείττων</span> <span class='ocrx_word' id='word_1_137' title='bbox 610 1953 857 2022; x_wconf 85' lang='grc' dir='ltr'>χρυσίου,</span> <span class='ocrx_word' id='word_1_138' title='bbox 882 1953 966 2015; x_wconf 86' lang='grc' dir='ltr'><strong>τίς</strong></span> <span class='ocrx_word' id='word_1_139' title='bbox 998 1953 1125 2025; x_wconf 80' lang='grc'><strong>[610</strong></span> <span class='ocrx_word' id='word_1_140' title='bbox 1149 1953 1246 2027; x_wconf 79' lang='grc' dir='ltr'><strong>Η.]</strong></span> <span class='ocrx_word' id='word_1_141' title='bbox 1279 1956 1334 2009; x_wconf 82' lang='grc' dir='ltr'>δὲ</span> <span class='ocrx_word' id='word_1_142' title='bbox 1368 1958 1546 2027; x_wconf 78' lang='grc' dir='ltr'>ἥττων</span> <span class='ocrx_word' id='word_1_143' title='bbox 1585 1960 1899 2032; x_wconf 85' lang='grc' dir='ltr'>φιλανθρω-</span> 
     </span>
    </p>
   </div>
   <div class='ocr_carea' id='block_1_23' title="bbox 311 2040 1897 2121">
    <p class='ocr_par' dir='ltr' id='par_1_23' title="bbox 311 2040 1897 2121">
     <span class='ocr_line' id='line_1_23' title="bbox 311 2040 1897 2121; baseline 0.008 -28"><span class='ocrx_word' id='word_1_144' title='bbox 311 2040 443 2103; x_wconf 84' lang='grc' dir='ltr'>πίας</span> <span class='ocrx_word' id='word_1_145' title='bbox 492 2042 537 2073; x_wconf 85' lang='grc'><strong>⁹¹</strong></span> <span class='ocrx_word' id='word_1_146' title='bbox 606 2044 699 2095; x_wconf 77' lang='grc' dir='ltr'>καὶ</span> <span class='ocrx_word' id='word_1_147' title='bbox 750 2043 847 2095; x_wconf 82' lang='grc' dir='ltr'>τοῦ</span> <span class='ocrx_word' id='word_1_148' title='bbox 906 2045 1237 2115; x_wconf 81' lang='grc' dir='ltr'>κατελεῆσαι</span> <span class='ocrx_word' id='word_1_149' title='bbox 1301 2048 1392 2100; x_wconf 85' lang='grc' dir='ltr'><strong>τὸν</strong></span> <span class='ocrx_word' id='word_1_150' title='bbox 1445 2049 1897 2121; x_wconf 88' lang='grc' dir='ltr'>δυστυχήσαντα;</span> 
     </span>
    </p>
   </div>
   <div class='ocr_carea' id='block_1_24' title="bbox 322 2133 1902 2215">
    <p class='ocr_par' dir='ltr' id='par_1_24' title="bbox 322 2133 1902 2215">
     <span class='ocr_line' id='line_1_24' title="bbox 322 2133 1902 2215; baseline 0.007 -28"><span class='ocrx_word' id='word_1_151' title='bbox 322 2133 513 2205; x_wconf 81' lang='grc' dir='ltr'>Ἀδρὸς</span> <span class='ocrx_word' id='word_1_152' title='bbox 565 2135 665 2204; x_wconf 86' lang='grc' dir='ltr'>μὲν</span> <span class='ocrx_word' id='word_1_153' title='bbox 714 2136 774 2189; x_wconf 82' lang='grc' dir='ltr'>ὲν</span> <span class='ocrx_word' id='word_1_154' title='bbox 827 2135 1027 2205; x_wconf 85' lang='grc' dir='ltr'>λόγοις,</span> <span class='ocrx_word' id='word_1_155' title='bbox 1058 2136 1195 2209; x_wconf 80' lang='grc' dir='ltr'>ἔργα</span> <span class='ocrx_word' id='word_1_156' title='bbox 1241 2139 1301 2193; x_wconf 80' lang='grc' dir='ltr'>δὲ</span> <span class='ocrx_word' id='word_1_157' title='bbox 1344 2142 1441 2194; x_wconf 73' lang='grc' dir='ltr'>καὶ</span> <span class='ocrx_word' id='word_1_158' title='bbox 1488 2142 1719 2215; x_wconf 82' lang='grc' dir='ltr'>πράξεις</span> <span class='ocrx_word' id='word_1_159' title='bbox 1749 2144 1902 2215; x_wconf 88' lang='grc' dir='ltr'>ἁδρό-</span> 
     </span>
    </p>
   </div>
   <div class='ocr_carea' id='block_1_25' title="bbox 310 2243 499 2297">
    <p class='ocr_par' dir='ltr' id='par_1_25' title="bbox 310 2243 499 2297">
     <span class='ocr_line' id='line_1_25' title="bbox 310 2243 499 2297; baseline 0.011 -18"><span class='ocrx_word' id='word_1_160' title='bbox 310 2243 374 2279; x_wconf 84' lang='grc' dir='ltr'><strong>τε</strong></span> <span class='ocrx_word' id='word_1_161' title='bbox 382 2243 499 2297; x_wconf 79' lang='grc' dir='ltr'>ρος.</span> 
     </span>
    </p>
   </div>
   <div class='ocr_carea' id='block_1_26' title="bbox 330 2318 1903 2447">
    <p class='ocr_par' dir='ltr' id='par_1_26' title="bbox 330 2318 1903 2447">
     <span class='ocr_line' id='line_1_26' title="bbox 330 2318 1903 2447; baseline 0.006 -72"><span class='ocrx_word' id='word_1_162' title='bbox 330 2325 418 2375; x_wconf 73' lang='lat' dir='ltr'><em>Ex</em></span> <span class='ocrx_word' id='word_1_163' title='bbox 445 2318 552 2373; x_wconf 81' lang='grc' dir='ltr'>τοῦ</span> <span class='ocrx_word' id='word_1_164' title='bbox 579 2322 667 2386; x_wconf 81' lang='grc' dir='ltr'>εις</span> <span class='ocrx_word' id='word_1_165' title='bbox 700 2320 1164 2447; x_wconf 52' lang='grc' dir='ltr'><strong>Σκινλὰκειοῖώὸξ¹</strong></span> <span class='ocrx_word' id='word_1_166' title='bbox 1210 2322 1319 2379; x_wconf 78' lang='grc' dir='ltr'><strong>τὸν</strong></span> <span class='ocrx_word' id='word_1_167' title='bbox 1365 2325 1715 2382; x_wconf 78' lang='grc' dir='ltr'>ἀνθύπατον</span> <span class='ocrx_word' id='word_1_168' title='bbox 1771 2329 1903 2383; x_wconf 74' lang='grc' dir='ltr'><strong>Ἐλ-</strong></span> 
     </span>
     <span class='ocr_line' id='line_1_27' title="bbox 1133 2411 1223 2447; baseline 0 0"><span class='ocrx_word' id='word_1_169' title='bbox 1133 2411 1223 2447; x_wconf 82' lang='lat' dir='ltr'><strong>oc.</strong></span> 
     </span>
    </p>
   </div>
   <div class='ocr_carea' id='block_1_27' title="bbox 1133 2411 1223 2459">
    <p class='ocr_par' dir='ltr' id='par_1_27' title="bbox 1133 2411 1223 2459">
     <span class='ocr_line' id='line_1_28' title="bbox 1133 2411 1223 2459; baseline 0.011 -12"><span class='ocrx_word' id='word_1_170' title='bbox 1133 2411 1223 2459; x_wconf 84' lang='grc' dir='ltr'><strong>ος.</strong></span> 
     </span>
    </p>
   </div>
   <div class='ocr_carea' id='block_1_28' title="bbox 384 2483 1899 2562">
    <p class='ocr_par' dir='ltr' id='par_1_28' title="bbox 384 2483 1899 2562">
     <span class='ocr_line' id='line_1_29' title="bbox 384 2483 1899 2562; baseline 0.007 -26"><span class='ocrx_word' id='word_1_171' title='bbox 384 2483 587 2553; x_wconf 83' lang='grc' dir='ltr'>Χρυσῷ</span> <span class='ocrx_word' id='word_1_172' title='bbox 611 2483 708 2553; x_wconf 77' lang='grc' dir='ltr'>μὲν</span> <span class='ocrx_word' id='word_1_173' title='bbox 727 2484 898 2546; x_wconf 70' lang='grc' dir='ltr'>ἀσπὶς</span> <span class='ocrx_word' id='word_1_174' title='bbox 912 2484 1324 2555; x_wconf 82' lang='grc' dir='ltr'>ἀστράπτουσα,</span> <span class='ocrx_word' id='word_1_175' title='bbox 1348 2488 1442 2541; x_wconf 80' lang='grc' dir='ltr'>καὶ</span> <span class='ocrx_word' id='word_1_176' title='bbox 1465 2488 1564 2560; x_wconf 85' lang='grc' dir='ltr'><strong>τὴν</strong></span> <span class='ocrx_word' id='word_1_177' title='bbox 1600 2489 1899 2562; x_wconf 82' lang='grc' dir='ltr'>Ἡφαίστου</span> 
     </span>
    </p>
   </div>
   <div class='ocr_carea' id='block_1_29' title="bbox 316 2574 1902 2654">
    <p class='ocr_par' dir='ltr' id='par_1_29' title="bbox 316 2574 1902 2654">
     <span class='ocr_line' id='line_1_30' title="bbox 316 2574 1902 2654; baseline 0.008 -28"><span class='ocrx_word' id='word_1_178' title='bbox 316 2574 599 2645; x_wconf 86' lang='grc' dir='ltr'>μηνύουσα</span> <span class='ocrx_word' id='word_1_179' title='bbox 628 2577 785 2646; x_wconf 80' lang='grc' dir='ltr'>χεῖρα</span> <span class='ocrx_word' id='word_1_180' title='bbox 822 2578 934 2639; x_wconf 87' lang='grc' dir='ltr'>τοῖς</span> <span class='ocrx_word' id='word_1_181' title='bbox 954 2575 1252 2647; x_wconf 88' lang='grc' dir='ltr'>θαύμασιν,</span> <span class='ocrx_word' id='word_1_182' title='bbox 1300 2580 1385 2633; x_wconf 78' lang='grc' dir='ltr'><strong>ὅτι</strong></span> <span class='ocrx_word' id='word_1_183' title='bbox 1432 2580 1567 2651; x_wconf 81' lang='grc' dir='ltr'>μόνη</span> <span class='ocrx_word' id='word_1_184' title='bbox 1593 2584 1683 2637; x_wconf 81' lang='grc' dir='ltr'>διὰ</span> <span class='ocrx_word' id='word_1_185' title='bbox 1712 2585 1902 2654; x_wconf 84' lang='grc' dir='ltr'>σοφίαν</span> 
     </span>
    </p>
   </div>
   <div class='ocr_carea' id='block_1_30' title="bbox 314 2667 1902 2750">
    <p class='ocr_par' dir='ltr' id='par_1_30' title="bbox 314 2667 1902 2750">
     <span class='ocr_line' id='line_1_31' title="bbox 314 2667 1902 2750; baseline 0.01 -32"><span class='ocrx_word' id='word_1_186' title='bbox 314 2668 585 2737; x_wconf 64' lang='grc' dir='ltr'>ἠπίστατο</span> <span class='ocrx_word' id='word_1_187' title='bbox 606 2670 670 2738; x_wconf 82' lang='grc' dir='ltr'>τῇ</span> <span class='ocrx_word' id='word_1_188' title='bbox 723 2667 890 2739; x_wconf 83' lang='grc' dir='ltr'>τέχνῃ</span> <span class='ocrx_word' id='word_1_189' title='bbox 922 2668 1086 2737; x_wconf 84' lang='grc' dir='ltr'>φύσιν</span> <span class='ocrx_word' id='word_1_190' title='bbox 1132 2672 1501 2741; x_wconf 84' lang='grc' dir='ltr'>μιμήσασθαι.</span> <span class='ocrx_word' id='word_1_191' title='bbox 1526 2676 1841 2750; x_wconf 82' lang='grc' dir='ltr'>Μαίανδρος</span> <span class='ocrx_word' id='word_1_192' title='bbox 1873 2682 1902 2733; x_wconf 88' lang='grc' dir='ltr'><strong>ὀ</strong></span> 
     </span>
    </p>
   </div>
   <div class='ocr_carea' id='block_1_31' title="bbox 313 2759 1899 2835">
    <p class='ocr_par' dir='ltr' id='par_1_31' title="bbox 313 2759 1899 2835">
     <span class='ocr_line' id='line_1_32' title="bbox 313 2759 1899 2835; baseline 0.008 -24"><span class='ocrx_word' id='word_1_193' title='bbox 313 2760 442 2830; x_wconf 72' lang='grc' dir='ltr'>Κὰρ</span> <span class='ocrx_word' id='word_1_194' title='bbox 486 2761 533 2792; x_wconf 79' lang='grc'><strong>’⁸</strong></span> <span class='ocrx_word' id='word_1_195' title='bbox 582 2759 852 2829; x_wconf 83' lang='grc' dir='ltr'>ποταμὸς,</span> <span class='ocrx_word' id='word_1_196' title='bbox 901 2761 1025 2814; x_wconf 86' lang='grc' dir='ltr'>ὅσον</span> <span class='ocrx_word' id='word_1_197' title='bbox 1055 2761 1250 2833; x_wconf 81' lang='grc' dir='ltr'>πλήθει</span> <span class='ocrx_word' id='word_1_198' title='bbox 1281 2764 1375 2817; x_wconf 80' lang='grc' dir='ltr'>τοῦ</span> <span class='ocrx_word' id='word_1_199' title='bbox 1406 2766 1601 2820; x_wconf 86' lang='grc' dir='ltr'>Νείλου</span> <span class='ocrx_word' id='word_1_200' title='bbox 1634 2770 1899 2835; x_wconf 86' lang='grc' dir='ltr'>λείπεται,</span> 
     </span>
    </p>
   </div>
   <div class='ocr_carea' id='block_1_32' title="bbox 312 2854 1901 2933">
    <p class='ocr_par' dir='ltr' id='par_1_32' title="bbox 312 2854 1901 2933">
     <span class='ocr_line' id='line_1_33' title="bbox 312 2854 1901 2933; baseline 0.008 -26"><span class='ocrx_word' id='word_1_201' title='bbox 312 2854 567 2907; x_wconf 78' lang='grc' dir='ltr'>τοσοῦτον</span> <span class='ocrx_word' id='word_1_202' title='bbox 594 2854 753 2922; x_wconf 90' lang='grc' dir='ltr'>φύσει</span> <span class='ocrx_word' id='word_1_203' title='bbox 813 2856 1081 2925; x_wconf 86' lang='grc' dir='ltr'>περίεστι.</span> <span class='ocrx_word' id='word_1_204' title='bbox 1116 2856 1224 2910; x_wconf 84' lang='grc' dir='ltr'>Τοῦ</span> <span class='ocrx_word' id='word_1_205' title='bbox 1268 2858 1366 2928; x_wconf 81' lang='grc' dir='ltr'>μὲν</span> <span class='ocrx_word' id='word_1_206' title='bbox 1406 2860 1515 2930; x_wconf 84' lang='grc' dir='ltr'>γὰρ</span> <span class='ocrx_word' id='word_1_207' title='bbox 1549 2862 1716 2932; x_wconf 80' lang='grc' dir='ltr'>μῦθος</span> <span class='ocrx_word' id='word_1_208' title='bbox 1756 2864 1789 2933; x_wconf 80' lang='grc' dir='ltr'><strong>ὴ</strong></span> <span class='ocrx_word' id='word_1_209' title='bbox 1829 2862 1901 2931; x_wconf 78' lang='grc' dir='ltr'>γῆ</span> 
     </span>
    </p>
   </div>
   <div class='ocr_carea' id='block_1_33' title="bbox 312 2946 1904 3024">
    <p class='ocr_par' dir='ltr' id='par_1_33' title="bbox 312 2946 1904 3024">
     <span class='ocr_line' id='line_1_34' title="bbox 312 2946 1904 3024; baseline 0.006 -26"><span class='ocrx_word' id='word_1_210' title='bbox 312 2946 385 3017; x_wconf 75' lang='grc' dir='ltr'>ῆν</span> <span class='ocrx_word' id='word_1_211' title='bbox 418 2948 737 3014; x_wconf 76' lang='grc' dir='ltr'>Αἰγυπτίοις</span> <span class='ocrx_word' id='word_1_212' title='bbox 786 2948 1069 3017; x_wconf 77' lang='grc' dir='ltr'>χαρίζεται</span> <span class='ocrx_word' id='word_1_213' title='bbox 1094 2964 1109 2980; x_wconf 87' lang='grc'><strong>·</strong></span> <span class='ocrx_word' id='word_1_214' title='bbox 1134 2948 1163 3000; x_wconf 88' lang='grc' dir='ltr'><strong>ὀ</strong></span> <span class='ocrx_word' id='word_1_215' title='bbox 1208 2949 1265 3003; x_wconf 86' lang='grc' dir='ltr'>δὲ</span> <span class='ocrx_word' id='word_1_216' title='bbox 1306 2950 1601 3023; x_wconf 83' lang='grc' dir='ltr'>πλωτῆρας</span> <span class='ocrx_word' id='word_1_217' title='bbox 1630 2954 1904 3024; x_wconf 77' lang='grc' dir='ltr'>ἀποσυλή-</span> 
     </span>
    </p>
   </div>
   <div class='ocr_carea' id='block_1_34' title="bbox 314 3037 1901 3115">
    <p class='ocr_par' dir='ltr' id='par_1_34' title="bbox 314 3037 1901 3115">
     <span class='ocr_line' id='line_1_35' title="bbox 314 3037 1901 3115; baseline 0.005 -26"><span class='ocrx_word' id='word_1_218' title='bbox 314 3053 417 3101; x_wconf 85' lang='grc' dir='ltr'><strong>σας</strong></span> <span class='ocrx_word' id='word_1_219' title='bbox 441 3038 487 3071; x_wconf 72' lang='grc'><strong>³⁸</strong></span> <span class='ocrx_word' id='word_1_220' title='bbox 514 3037 611 3109; x_wconf 87' lang='grc' dir='ltr'><strong>τὴν</strong></span> <span class='ocrx_word' id='word_1_221' title='bbox 635 3039 926 3104; x_wconf 84' lang='grc' dir='ltr'>θάλατταν,</span> <span class='ocrx_word' id='word_1_222' title='bbox 959 3041 1221 3109; x_wconf 85' lang='grc' dir='ltr'>γηπόνοις</span> <span class='ocrx_word' id='word_1_223' title='bbox 1275 3042 1482 3112; x_wconf 73' lang='grc' dir='ltr'>σχίζειν</span> <span class='ocrx_word' id='word_1_224' title='bbox 1517 3044 1714 3098; x_wconf 74' lang='grc' dir='ltr'>ἔδωκεν</span> <span class='ocrx_word' id='word_1_225' title='bbox 1734 3045 1901 3115; x_wconf 90' lang='grc' dir='ltr'>ἀρού-</span> 
     </span>
    </p>
   </div>
   <div class='ocr_carea' id='block_1_35' title="bbox 318 3131 1904 3203">
    <p class='ocr_par' dir='ltr' id='par_1_35' title="bbox 318 3131 1904 3203">
     <span class='ocr_line' id='line_1_36' title="bbox 318 3131 1904 3203; baseline 0.004 -22"><span class='ocrx_word' id='word_1_226' title='bbox 318 3146 443 3200; x_wconf 87' lang='grc' dir='ltr'>ραις</span> <span class='ocrx_word' id='word_1_227' title='bbox 478 3132 599 3183; x_wconf 75' lang='grc' dir='ltr'>ὰντὶ</span> <span class='ocrx_word' id='word_1_228' title='bbox 635 3132 900 3203; x_wconf 84' lang='grc' dir='ltr'>κυμάτων</span> <span class='ocrx_word' id='word_1_229' title='bbox 929 3132 1029 3193; x_wconf 82' lang='grc' dir='ltr'><strong>τὰς</strong></span> <span class='ocrx_word' id='word_1_230' title='bbox 1064 3131 1110 3163; x_wconf 71' lang='grc'><strong>⁸⁸</strong></span> <span class='ocrx_word' id='word_1_231' title='bbox 1148 3131 1419 3197; x_wconf 61' lang='grc' dir='ltr'>αὔλακας.</span> <span class='ocrx_word' id='word_1_232' title='bbox 1446 3135 1605 3199; x_wconf 87' lang='grc' dir='ltr'>’Ίδοις</span> <span class='ocrx_word' id='word_1_233' title='bbox 1633 3134 1700 3188; x_wconf 85' lang='grc' dir='ltr'><strong>ἂν</strong></span> <span class='ocrx_word' id='word_1_234' title='bbox 1722 3136 1904 3189; x_wconf 85' lang='grc' dir='ltr'>πεδίον</span> 
     </span>
    </p>
   </div>
   <div class='ocr_carea' id='block_1_36' title="bbox 320 3222 1907 3296">
    <p class='ocr_par' dir='ltr' id='par_1_36' title="bbox 320 3222 1907 3296">
     <span class='ocr_line' id='line_1_37' title="bbox 320 3222 1907 3296; baseline 0.003 -22"><span class='ocrx_word' id='word_1_235' title='bbox 320 3222 422 3289; x_wconf 82' lang='grc' dir='ltr'><strong>μὲν</strong></span> <span class='ocrx_word' id='word_1_236' title='bbox 452 3222 553 3290; x_wconf 71' lang='grc' dir='ltr'>τὴν</span> <span class='ocrx_word' id='word_1_237' title='bbox 594 3223 830 3292; x_wconf 85' lang='grc' dir='ltr'>πρόσθεν</span> <span class='ocrx_word' id='word_1_238' title='bbox 870 3224 1161 3287; x_wconf 84' lang='grc' dir='ltr'>θάλατταν,</span> <span class='ocrx_word' id='word_1_239' title='bbox 1223 3225 1535 3294; x_wconf 69' lang='grc' dir='ltr'>σκιρτῶντα</span> <span class='ocrx_word' id='word_1_240' title='bbox 1576 3227 1633 3278; x_wconf 84' lang='grc' dir='ltr'>δὲ</span> <span class='ocrx_word' id='word_1_241' title='bbox 1656 3227 1778 3279; x_wconf 71' lang='grc' dir='ltr'>ἀντὶ</span> <span class='ocrx_word' id='word_1_242' title='bbox 1809 3227 1907 3296; x_wconf 83' lang='grc' dir='ltr'>μὲν</span> 
     </span>
    </p>
   </div>
   <div class='ocr_carea' id='block_1_37' title="bbox 313 3312 1907 3389">
    <p class='ocr_par' dir='ltr' id='par_1_37' title="bbox 313 3312 1907 3389">
     <span class='ocr_line' id='line_1_38' title="bbox 313 3312 1907 3389; baseline 0.004 -23"><span class='ocrx_word' id='word_1_243' title='bbox 313 3312 575 3379; x_wconf 77' lang='grc' dir='ltr'>δελφίνων</span> <span class='ocrx_word' id='word_1_244' title='bbox 597 3313 792 3381; x_wconf 85' lang='grc' dir='ltr'>νεϐρόν</span> <span class='ocrx_word' id='word_1_245' title='bbox 815 3330 829 3343; x_wconf 88' lang='grc'><strong>·</strong></span> <span class='ocrx_word' id='word_1_246' title='bbox 864 3314 983 3367; x_wconf 82' lang='grc' dir='ltr'>ἀντὶ</span> <span class='ocrx_word' id='word_1_247' title='bbox 1027 3314 1084 3367; x_wconf 73' lang='grc' dir='ltr'>δὲ</span> <span class='ocrx_word' id='word_1_248' title='bbox 1124 3314 1321 3369; x_wconf 83' lang='grc' dir='ltr'>ναύτου</span> <span class='ocrx_word' id='word_1_249' title='bbox 1351 3317 1668 3382; x_wconf 87' lang='grc' dir='ltr'>κελεύοντος</span> <span class='ocrx_word' id='word_1_250' title='bbox 1693 3318 1907 3389; x_wconf 79' lang='grc' dir='ltr'>νομέως</span> 
     </span>
    </p>
   </div>
   <div class='ocr_carea' id='block_1_38' title="bbox 315 3402 1113 3475">
    <p class='ocr_par' dir='ltr' id='par_1_38' title="bbox 315 3402 1113 3475">
     <span class='ocr_line' id='line_1_39' title="bbox 315 3402 1113 3475; baseline 0.006 -21"><span class='ocrx_word' id='word_1_251' title='bbox 315 3402 559 3473; x_wconf 75' lang='grc' dir='ltr'>ἡχούσης</span> <span class='ocrx_word' id='word_1_252' title='bbox 588 3404 797 3475; x_wconf 84' lang='grc' dir='ltr'>ἀκούσῃ</span> <span class='ocrx_word' id='word_1_253' title='bbox 827 3404 1113 3475; x_wconf 85' lang='grc' dir='ltr'>σύριγγος.</span> 
     </span>
    </p>
   </div>
   <div class='ocr_carea' id='block_1_39' title="bbox 314 3490 1903 3569">
    <p class='ocr_par' dir='ltr' id='par_1_39' title="bbox 314 3490 1903 3569">
     <span class='ocr_line' id='line_1_40' title="bbox 314 3490 1903 3569; baseline 0.006 -24"><span class='ocrx_word' id='word_1_254' title='bbox 314 3490 415 3545; x_wconf 80' lang='grc' dir='ltr'>Ἐκ</span> <span class='ocrx_word' id='word_1_255' title='bbox 438 3493 542 3547; x_wconf 89' lang='grc' dir='ltr'>τοῦ</span> <span class='ocrx_word' id='word_1_256' title='bbox 571 3496 657 3560; x_wconf 78' lang='grc' dir='ltr'>εις</span> <span class='ocrx_word' id='word_1_257' title='bbox 684 3492 1345 3565; x_wconf 75' lang='grc' dir='ltr'>νεήλυδαςἘφεσΙους.</span> <span class='ocrx_word' id='word_1_258' title='bbox 1377 3528 1447 3539; x_wconf 91' lang='grc'><strong><em>-</em></strong></span> <span class='ocrx_word' id='word_1_259' title='bbox 1467 3498 1537 3552; x_wconf 87' lang='grc' dir='ltr'>Τὸ</span> <span class='ocrx_word' id='word_1_260' title='bbox 1562 3500 1903 3569; x_wconf 82' lang='grc' dir='ltr'>Προοίμιον.</span> 
     </span>
    </p>
   </div>
   <div class='ocr_carea' id='block_1_40' title="bbox 391 3644 1905 3721">
    <p class='ocr_par' dir='ltr' id='par_1_40' title="bbox 391 3644 1905 3721">
     <span class='ocr_line' id='line_1_41' title="bbox 391 3644 1905 3721; baseline 0.005 -25"><span class='ocrx_word' id='word_1_261' title='bbox 391 3646 520 3697; x_wconf 83' lang='grc' dir='ltr'><strong>Ὅτε</strong></span> <span class='ocrx_word' id='word_1_262' title='bbox 554 3646 600 3677; x_wconf 79' lang='grc'><strong>’⁸</strong></span> <span class='ocrx_word' id='word_1_263' title='bbox 624 3644 717 3699; x_wconf 77' lang='grc' dir='ltr'>τὸν</span> <span class='ocrx_word' id='word_1_264' title='bbox 767 3646 1031 3716; x_wconf 74' lang='grc' dir='ltr'>μαντικὸν</span> <span class='ocrx_word' id='word_1_265' title='bbox 1072 3649 1348 3702; x_wconf 80' lang='grc' dir='ltr'>Ἀπόλλων</span> <span class='ocrx_word' id='word_1_266' title='bbox 1407 3650 1628 3721; x_wconf 81' lang='grc' dir='ltr'>ἱδρύσας</span> <span class='ocrx_word' id='word_1_267' title='bbox 1674 3651 1905 3720; x_wconf 78' lang='grc' dir='ltr'>τρίποδα</span> 
     </span>
    </p>
   </div>
   <div class='ocr_carea' id='block_1_41' title="bbox 315 3737 1905 3814">
    <p class='ocr_par' dir='ltr' id='par_1_41' title="bbox 315 3737 1905 3814">
     <span class='ocr_line' id='line_1_42' title="bbox 315 3737 1905 3814; baseline 0.003 -22"><span class='ocrx_word' id='word_1_268' title='bbox 315 3741 430 3802; x_wconf 86' lang='grc' dir='ltr'>τοῖς</span> <span class='ocrx_word' id='word_1_269' title='bbox 491 3737 830 3808; x_wconf 89' lang='grc' dir='ltr'>πανταχόθεν</span> <span class='ocrx_word' id='word_1_270' title='bbox 894 3737 1173 3803; x_wconf 78' lang='grc' dir='ltr'>ἐθέσπιζε,</span> <span class='ocrx_word' id='word_1_271' title='bbox 1218 3740 1398 3795; x_wconf 82' lang='grc' dir='ltr'>πάντα</span> <span class='ocrx_word' id='word_1_272' title='bbox 1429 3744 1562 3814; x_wconf 81' lang='grc' dir='ltr'>γένη</span> <span class='ocrx_word' id='word_1_273' title='bbox 1610 3743 1705 3794; x_wconf 76' lang='grc' dir='ltr'><strong>καὶ</strong></span> <span class='ocrx_word' id='word_1_274' title='bbox 1735 3744 1905 3796; x_wconf 82' lang='grc' dir='ltr'>πᾶσαι</span> 
     </span>
    </p>
   </div>
   <div class='ocr_carea' id='block_1_42' title="bbox 316 3830 1907 3906">
    <p class='ocr_par' dir='ltr' id='par_1_42' title="bbox 316 3830 1907 3906">
     <span class='ocr_line' id='line_1_43' title="bbox 316 3830 1907 3906; baseline 0.003 -23"><span class='ocrx_word' id='word_1_275' title='bbox 316 3832 504 3895; x_wconf 87' lang='grc' dir='ltr'>πόλεις</span> <span class='ocrx_word' id='word_1_276' title='bbox 553 3832 705 3900; x_wconf 88' lang='grc' dir='ltr'><strong>παρά</strong></span> <span class='ocrx_word' id='word_1_277' title='bbox 756 3832 845 3884; x_wconf 76' lang='grc' dir='ltr'><strong>τὸν</strong></span> <span class='ocrx_word' id='word_1_278' title='bbox 898 3830 1022 3885; x_wconf 78' lang='grc' dir='ltr'>θεὸν</span> <span class='ocrx_word' id='word_1_279' title='bbox 1060 3832 1371 3887; x_wconf 71' lang='grc' dir='ltr'>ἐστέλλοντο</span> <span class='ocrx_word' id='word_1_280' title='bbox 1417 3833 1523 3887; x_wconf 80' lang='grc' dir='ltr'>ὑπὸ</span> <span class='ocrx_word' id='word_1_281' title='bbox 1563 3835 1662 3904; x_wconf 73' lang='grc' dir='ltr'>τῆς</span> <span class='ocrx_word' id='word_1_282' title='bbox 1718 3836 1907 3906; x_wconf 80' lang='grc' dir='ltr'>φήμης</span> 
     </span>
    </p>
   </div>
   <div class='ocr_carea' id='block_1_43' title="bbox 315 3922 830 3993">
    <p class='ocr_par' dir='ltr' id='par_1_43' title="bbox 315 3922 830 3993">
     <span class='ocr_line' id='line_1_44' title="bbox 315 3922 830 3993; baseline 0.004 -18"><span class='ocrx_word' id='word_1_283' title='bbox 315 3922 383 3991; x_wconf 88' lang='grc' dir='ltr'><strong>δη</strong></span> <span class='ocrx_word' id='word_1_284' title='bbox 393 3922 650 3991; x_wconf 87' lang='grc' dir='ltr'>μαγωγού</span> <span class='ocrx_word' id='word_1_285' title='bbox 659 3940 830 3993; x_wconf 89' lang='grc' dir='ltr'>μενοι.</span> 
     </span>
    </p>
   </div>
   <div class='ocr_carea' id='block_1_44' title="bbox 316 4018 1906 4089">
    <p class='ocr_par' dir='ltr' id='par_1_44' title="bbox 316 4018 1906 4089">
     <span class='ocr_line' id='line_1_45' title="bbox 316 4018 1906 4089; baseline -0.001 -14"><span class='ocrx_word' id='word_1_286' title='bbox 316 4018 425 4075; x_wconf 78' lang='grc' dir='ltr'>Ἐκ</span> <span class='ocrx_word' id='word_1_287' title='bbox 474 4018 580 4072; x_wconf 85' lang='grc' dir='ltr'>τοῦ</span> <span class='ocrx_word' id='word_1_288' title='bbox 617 4023 705 4086; x_wconf 82' lang='grc' dir='ltr'>εις</span> <span class='ocrx_word' id='word_1_289' title='bbox 742 4019 882 4085; x_wconf 86' lang='grc' dir='ltr'>τοὺς</span> <span class='ocrx_word' id='word_1_290' title='bbox 938 4020 1216 4087; x_wconf 81' lang='grc' dir='ltr'>ἑταίρους</span> <span class='ocrx_word' id='word_1_291' title='bbox 1285 4021 1572 4089; x_wconf 82' lang='grc' dir='ltr'>πατρίδος</span> <span class='ocrx_word' id='word_1_292' title='bbox 1619 4022 1688 4076; x_wconf 84' lang='lat'><strong>&quot;.</strong></span> <span class='ocrx_word' id='word_1_293' title='bbox 1720 4052 1791 4061; x_wconf 95' lang='lat'>—</span> <span class='ocrx_word' id='word_1_294' title='bbox 1834 4023 1906 4077; x_wconf 84' lang='grc' dir='ltr'>Τὸ</span> 
     </span>
    </p>
   </div>
   <div class='ocr_carea' id='block_1_45' title="bbox 865 4090 1303 4159">
    <p class='ocr_par' dir='ltr' id='par_1_45' title="bbox 865 4090 1303 4159">
     <span class='ocr_line' id='line_1_46' title="bbox 865 4090 1303 4159; baseline 0 -16"><span class='ocrx_word' id='word_1_295' title='bbox 865 4090 1185 4159; x_wconf 81' lang='grc' dir='ltr'>Προοίμιον</span> <span class='ocrx_word' id='word_1_296' title='bbox 1200 4090 1303 4143; x_wconf 64' lang='grc'>³⁷³⁸.</span> 
     </span>
    </p>
   </div>
   <div class='ocr_carea' id='block_1_46' title="bbox 391 4176 1909 4253">
    <p class='ocr_par' dir='ltr' id='par_1_46' title="bbox 391 4176 1909 4253">
     <span class='ocr_line' id='line_1_47' title="bbox 391 4176 1909 4253; baseline 0.001 -19"><span class='ocrx_word' id='word_1_297' title='bbox 391 4182 556 4237; x_wconf 84' lang='grc' dir='ltr'>Ἀλλά</span> <span class='ocrx_word' id='word_1_298' title='bbox 592 4182 703 4253; x_wconf 83' lang='grc' dir='ltr'>γὰρ</span> <span class='ocrx_word' id='word_1_299' title='bbox 728 4182 848 4253; x_wconf 86' lang='grc' dir='ltr'><strong>ῶρα</strong></span> <span class='ocrx_word' id='word_1_300' title='bbox 877 4182 1090 4247; x_wconf 84' lang='grc' dir='ltr'>λοιπὸν,</span> <span class='ocrx_word' id='word_1_301' title='bbox 1126 4176 1171 4234; x_wconf 78' lang='grc' dir='ltr'>ὦ</span> <span class='ocrx_word' id='word_1_302' title='bbox 1208 4184 1415 4250; x_wconf 87' lang='grc' dir='ltr'>παῖδες,</span> <span class='ocrx_word' id='word_1_303' title='bbox 1476 4185 1569 4239; x_wconf 71' lang='grc' dir='ltr'><strong>καὶ</strong></span> <span class='ocrx_word' id='word_1_304' title='bbox 1610 4187 1723 4248; x_wconf 76' lang='grc' dir='ltr'>τοῖς</span> <span class='ocrx_word' id='word_1_305' title='bbox 1752 4183 1909 4237; x_wconf 85' lang='grc' dir='ltr'>πολί-</span> 
     </span>
    </p>
   </div>
   <div class='ocr_carea' id='block_1_47' title="bbox 318 4273 1908 4349">
    <p class='ocr_par' dir='ltr' id='par_1_47' title="bbox 318 4273 1908 4349">
     <span class='ocr_line' id='line_1_48' title="bbox 318 4273 1908 4349; baseline 0.001 -21"><span class='ocrx_word' id='word_1_306' title='bbox 318 4292 440 4338; x_wconf 83' lang='grc' dir='ltr'>ταις</span> <span class='ocrx_word' id='word_1_307' title='bbox 468 4274 566 4346; x_wconf 80' lang='grc' dir='ltr'>τὴν</span> <span class='ocrx_word' id='word_1_308' title='bbox 611 4273 783 4345; x_wconf 83' lang='grc' dir='ltr'>λύραν</span> <span class='ocrx_word' id='word_1_309' title='bbox 834 4274 933 4345; x_wconf 80' lang='grc' dir='ltr'>τὴν</span> <span class='ocrx_word' id='word_1_310' title='bbox 986 4275 1264 4346; x_wconf 72' lang='grc' dir='ltr'>ἡμετέραν</span> <span class='ocrx_word' id='word_1_311' title='bbox 1294 4278 1652 4347; x_wconf 87' lang='grc' dir='ltr'>ἁρμόσασθαι.</span> <span class='ocrx_word' id='word_1_312' title='bbox 1701 4278 1766 4330; x_wconf 91' lang='grc' dir='ltr'><strong>Τί</strong></span> <span class='ocrx_word' id='word_1_313' title='bbox 1810 4276 1908 4349; x_wconf 77' lang='grc' dir='ltr'>τὴν</span> 
     </span>
    </p>
   </div>
   <div class='ocr_carea' id='block_1_48' title="bbox 320 4364 1908 4435">
    <p class='ocr_par' dir='ltr' id='par_1_48' title="bbox 320 4364 1908 4435">
     <span class='ocr_line' id='line_1_49' title="bbox 320 4364 1908 4435; baseline 0.002 -17"><span class='ocrx_word' id='word_1_314' title='bbox 320 4364 655 4433; x_wconf 82' lang='grc' dir='ltr'>ὲνεγκοῦσαν</span> <span class='ocrx_word' id='word_1_315' title='bbox 685 4365 839 4419; x_wconf 91' lang='grc' dir='ltr'>πόλιν</span> <span class='ocrx_word' id='word_1_316' title='bbox 870 4366 1203 4435; x_wconf 82' lang='grc' dir='ltr'>ποιήσομεν;</span> <span class='ocrx_word' id='word_1_317' title='bbox 1232 4367 1348 4419; x_wconf 87' lang='grc' dir='ltr'>ἀλλ’</span> <span class='ocrx_word' id='word_1_318' title='bbox 1380 4368 1502 4421; x_wconf 73' lang='grc' dir='ltr'>ἐπεὶ</span> <span class='ocrx_word' id='word_1_319' title='bbox 1523 4369 1625 4421; x_wconf 83' lang='grc' dir='ltr'><strong>οὐκ</strong></span> <span class='ocrx_word' id='word_1_320' title='bbox 1668 4370 1762 4421; x_wconf 74' lang='grc' dir='ltr'>ἐπὶ</span> <span class='ocrx_word' id='word_1_321' title='bbox 1800 4370 1908 4421; x_wconf 92' lang='grc' dir='ltr'><strong>τῶν</strong></span> 
     </span>
    </p>
   </div>
   <div class='ocr_carea' id='block_1_49' title="bbox 2006 488 3590 549">
    <p class='ocr_par' dir='ltr' id='par_1_49' title="bbox 2006 488 3590 549">
     <span class='ocr_line' id='line_1_50' title="bbox 2006 488 3590 549; baseline 0.003 -5"><span class='ocrx_word' id='word_1_322' title='bbox 2006 503 2249 544; x_wconf 83' lang='lat' dir='ltr'><strong>mensam</strong></span> <span class='ocrx_word' id='word_1_323' title='bbox 2296 489 2445 544; x_wconf 85' lang='lat' dir='ltr'><strong>suavi</strong></span> <span class='ocrx_word' id='word_1_324' title='bbox 2500 489 2684 544; x_wconf 90' lang='lat' dir='ltr'><strong>tritico</strong></span> <span class='ocrx_word' id='word_1_325' title='bbox 2730 497 3111 545; x_wconf 85' lang='lat' dir='ltr'><strong>commutaret.</strong></span> <span class='ocrx_word' id='word_1_326' title='bbox 3145 488 3305 544; x_wconf 83' lang='lat' dir='ltr'><strong>Venit</strong></span> <span class='ocrx_word' id='word_1_327' title='bbox 3347 491 3590 549; x_wconf 76' lang='lat' dir='ltr'><strong>Athenas</strong></span> 
     </span>
    </p>
   </div>
   <div class='ocr_carea' id='block_1_50' title="bbox 2002 580 3587 651">
    <p class='ocr_par' dir='ltr' id='par_1_50' title="bbox 2002 580 3587 651">
     <span class='ocr_line' id='line_1_51' title="bbox 2002 580 3587 651; baseline 0.001 -17"><span class='ocrx_word' id='word_1_328' title='bbox 2002 580 2200 635; x_wconf 86' lang='lat' dir='ltr'><strong>Abaris</strong></span> <span class='ocrx_word' id='word_1_329' title='bbox 2234 580 2535 635; x_wconf 89' lang='lat' dir='ltr'><strong>instructus</strong></span> <span class='ocrx_word' id='word_1_330' title='bbox 2566 580 2801 650; x_wconf 78' lang='lat' dir='ltr'><strong>sagittis,</strong></span> <span class='ocrx_word' id='word_1_331' title='bbox 2835 582 3080 637; x_wconf 79' lang='lat' dir='ltr'><strong>humeris</strong></span> <span class='ocrx_word' id='word_1_332' title='bbox 3110 591 3334 651; x_wconf 85' lang='lat' dir='ltr'><strong>portans</strong></span> <span class='ocrx_word' id='word_1_333' title='bbox 3383 583 3587 651; x_wconf 84' lang='lat' dir='ltr'><strong>phare-</strong></span> 
     </span>
    </p>
   </div>
   <div class='ocr_carea' id='block_1_51' title="bbox 2006 672 3590 743">
    <p class='ocr_par' dir='ltr' id='par_1_51' title="bbox 2006 672 3590 743">
     <span class='ocr_line' id='line_1_52' title="bbox 2006 672 3590 743; baseline 0.001 -16"><span class='ocrx_word' id='word_1_334' title='bbox 2006 682 2165 738; x_wconf 87' lang='lat' dir='ltr'><strong>tram,</strong></span> <span class='ocrx_word' id='word_1_335' title='bbox 2201 674 2423 728; x_wconf 88' lang='lat' dir='ltr'><strong>astricta</strong></span> <span class='ocrx_word' id='word_1_336' title='bbox 2460 672 2767 743; x_wconf 84' lang='lat' dir='ltr'><strong>chlamyde,</strong></span> <span class='ocrx_word' id='word_1_337' title='bbox 2798 673 2944 727; x_wconf 86' lang='lat' dir='ltr'><strong>circa</strong></span> <span class='ocrx_word' id='word_1_338' title='bbox 2997 674 3212 729; x_wconf 89' lang='lat' dir='ltr'><strong>lumbos</strong></span> <span class='ocrx_word' id='word_1_339' title='bbox 3254 689 3418 729; x_wconf 84' lang='lat' dir='ltr'><strong>aurea</strong></span> <span class='ocrx_word' id='word_1_340' title='bbox 3471 681 3590 729; x_wconf 80' lang='lat' dir='ltr'><strong>erat</strong></span> 
     </span>
    </p>
   </div>
   <div class='ocr_carea' id='block_1_52' title="bbox 2004 762 3585 834">
    <p class='ocr_par' dir='ltr' id='par_1_52' title="bbox 2004 762 3585 834">
     <span class='ocr_line' id='line_1_53' title="bbox 2004 762 3585 834; baseline 0.002 -17"><span class='ocrx_word' id='word_1_341' title='bbox 2004 777 2159 829; x_wconf 83' lang='lat' dir='ltr'><strong>zona,</strong></span> <span class='ocrx_word' id='word_1_342' title='bbox 2191 762 2450 817; x_wconf 85' lang='lat' dir='ltr'><strong>femorale</strong></span> <span class='ocrx_word' id='word_1_343' title='bbox 2475 764 2543 818; x_wconf 89' lang='lat' dir='ltr'><strong>ab</strong></span> <span class='ocrx_word' id='word_1_344' title='bbox 2580 765 2703 818; x_wconf 88' lang='lat' dir='ltr'><strong>imis</strong></span> <span class='ocrx_word' id='word_1_345' title='bbox 2721 764 2951 832; x_wconf 88' lang='lat' dir='ltr'><strong>pedibus</strong></span> <span class='ocrx_word' id='word_1_346' title='bbox 2990 766 3044 819; x_wconf 91' lang='lat' dir='ltr'><strong>in</strong></span> <span class='ocrx_word' id='word_1_347' title='bbox 3078 775 3234 819; x_wconf 88' lang='lat' dir='ltr'><strong>nates</strong></span> <span class='ocrx_word' id='word_1_348' title='bbox 3286 779 3458 834; x_wconf 92' lang='lat' dir='ltr'><strong>usque</strong></span> <span class='ocrx_word' id='word_1_349' title='bbox 3488 781 3585 820; x_wconf 83' lang='lat' dir='ltr'><strong>ex-</strong></span> 
     </span>
    </p>
   </div>
   <div class='ocr_carea' id='block_1_53' title="bbox 2004 853 3587 924">
    <p class='ocr_par' dir='ltr' id='par_1_53' title="bbox 2004 853 3587 924">
     <span class='ocr_line' id='line_1_54' title="bbox 2004 853 3587 924; baseline 0.001 -17"><span class='ocrx_word' id='word_1_350' title='bbox 2004 862 2237 909; x_wconf 85' lang='lat' dir='ltr'><strong>tensum.</strong></span> <span class='ocrx_word' id='word_1_351' title='bbox 2266 853 2417 907; x_wconf 83' lang='lat' dir='ltr'><strong>Hnnc</strong></span> <span class='ocrx_word' id='word_1_352' title='bbox 2462 854 2659 924; x_wconf 87' lang='lat' dir='ltr'><strong>ubique</strong></span> <span class='ocrx_word' id='word_1_353' title='bbox 2724 857 3027 909; x_wconf 80' lang='lat' dir='ltr'><strong>orationem</strong></span> <span class='ocrx_word' id='word_1_354' title='bbox 3064 855 3388 923; x_wconf 79' lang='lat' dir='ltr'><strong>reperimus,</strong></span> <span class='ocrx_word' id='word_1_355' title='bbox 3420 864 3480 908; x_wconf 88' lang='lat' dir='ltr'><strong>ut</strong></span> <span class='ocrx_word' id='word_1_356' title='bbox 3532 854 3587 909; x_wconf 90' lang='lat' dir='ltr'><strong>in</strong></span> 
     </span>
    </p>
   </div>
   <div class='ocr_carea' id='block_1_54' title="bbox 2002 944 3590 1016">
    <p class='ocr_par' dir='ltr' id='par_1_54' title="bbox 2002 944 3590 1016">
     <span class='ocr_line' id='line_1_55' title="bbox 2002 944 3590 1016; baseline 0.001 -17"><span class='ocrx_word' id='word_1_357' title='bbox 2002 944 2475 1016; x_wconf 86' lang='lat' dir='ltr'><strong>harmonialyrica</strong></span> <span class='ocrx_word' id='word_1_358' title='bbox 2512 962 2634 999; x_wconf 90' lang='lat' dir='ltr'><strong>cum</strong></span> <span class='ocrx_word' id='word_1_359' title='bbox 2695 946 2879 1000; x_wconf 88' lang='lat' dir='ltr'><strong>animo</strong></span> <span class='ocrx_word' id='word_1_360' title='bbox 2930 957 3342 1002; x_wconf 79' lang='lat' dir='ltr'><strong>consonantem.</strong></span> <span class='ocrx_word' id='word_1_361' title='bbox 3403 946 3590 1001; x_wconf 86' lang='lat' dir='ltr'><strong>Comis</strong></span> 
     </span>
    </p>
   </div>
   <div class='ocr_carea' id='block_1_55' title="bbox 2003 1034 3590 1107">
    <p class='ocr_par' dir='ltr' id='par_1_55' title="bbox 2003 1034 3590 1107">
     <span class='ocr_line' id='line_1_56' title="bbox 2003 1034 3590 1107; baseline 0.001 -19"><span class='ocrx_word' id='word_1_362' title='bbox 2003 1034 2107 1090; x_wconf 80' lang='lat' dir='ltr'><strong>fuit</strong></span> <span class='ocrx_word' id='word_1_363' title='bbox 2136 1036 2189 1090; x_wconf 91' lang='lat' dir='ltr'><strong>in</strong></span> <span class='ocrx_word' id='word_1_364' title='bbox 2220 1035 2618 1101; x_wconf 90' lang='lat' dir='ltr'><strong>conveniendo,</strong></span> <span class='ocrx_word' id='word_1_365' title='bbox 2665 1036 2718 1090; x_wconf 91' lang='lat' dir='ltr'><strong>in</strong></span> <span class='ocrx_word' id='word_1_366' title='bbox 2759 1038 2918 1090; x_wconf 86' lang='lat' dir='ltr'><strong>rebus</strong></span> <span class='ocrx_word' id='word_1_367' title='bbox 2962 1037 3174 1107; x_wconf 78' lang='lat' dir='ltr'><strong>magnis</strong></span> <span class='ocrx_word' id='word_1_368' title='bbox 3215 1040 3380 1092; x_wconf 87' lang='lat' dir='ltr'><strong>tacite</strong></span> <span class='ocrx_word' id='word_1_369' title='bbox 3429 1052 3590 1106; x_wconf 86' lang='lat' dir='ltr'><strong>pera-</strong></span> 
     </span>
    </p>
   </div>
   <div class='ocr_carea' id='block_1_56' title="bbox 2002 1126 3588 1196">
    <p class='ocr_par' dir='ltr' id='par_1_56' title="bbox 2002 1126 3588 1196">
     <span class='ocr_line' id='line_1_57' title="bbox 2002 1126 3588 1196; baseline -0.001 -15"><span class='ocrx_word' id='word_1_370' title='bbox 2002 1128 2191 1196; x_wconf 73' lang='lat' dir='ltr'><strong>gendis</strong></span> <span class='ocrx_word' id='word_1_371' title='bbox 2221 1126 2609 1188; x_wconf 88' lang='lat' dir='ltr'><strong>industrius,in</strong></span> <span class='ocrx_word' id='word_1_372' title='bbox 2653 1142 2710 1178; x_wconf 89' lang='lat' dir='ltr'><strong>re</strong></span> <span class='ocrx_word' id='word_1_373' title='bbox 2737 1127 2991 1195; x_wconf 74' lang='lat' dir='ltr'><strong>pnesenti</strong></span> <span class='ocrx_word' id='word_1_374' title='bbox 3023 1128 3254 1181; x_wconf 85' lang='lat' dir='ltr'><strong>videnda</strong></span> <span class='ocrx_word' id='word_1_375' title='bbox 3276 1136 3588 1192; x_wconf 87' lang='lat' dir='ltr'><strong>peracutus,</strong></span> 
     </span>
    </p>
   </div>
   <div class='ocr_carea' id='block_1_57' title="bbox 2004 1218 3590 1288">
    <p class='ocr_par' dir='ltr' id='par_1_57' title="bbox 2004 1218 3590 1288">
     <span class='ocr_line' id='line_1_58' title="bbox 2004 1218 3590 1288; baseline 0 -16"><span class='ocrx_word' id='word_1_376' title='bbox 2004 1219 2057 1273; x_wconf 89' lang='lat' dir='ltr'><strong>in</strong></span> <span class='ocrx_word' id='word_1_377' title='bbox 2106 1218 2284 1272; x_wconf 79' lang='lat' dir='ltr'><strong>futura</strong></span> <span class='ocrx_word' id='word_1_378' title='bbox 2336 1220 2700 1286; x_wconf 78' lang='lat' dir='ltr'><strong>praecavenda</strong></span> <span class='ocrx_word' id='word_1_379' title='bbox 2772 1218 3199 1286; x_wconf 78' lang='lat' dir='ltr'><strong>circumspectus</strong></span> <span class='ocrx_word' id='word_1_380' title='bbox 3229 1258 3246 1283; x_wconf 93' lang='lat'><strong>,</strong></span> <span class='ocrx_word' id='word_1_381' title='bbox 3313 1218 3590 1288; x_wconf 60' lang='lat' dir='ltr'><strong>sapientia</strong></span> 
     </span>
    </p>
   </div>
   <div class='ocr_carea' id='block_1_58' title="bbox 2001 1308 3586 1377">
    <p class='ocr_par' dir='ltr' id='par_1_58' title="bbox 2001 1308 3586 1377">
     <span class='ocr_line' id='line_1_59' title="bbox 2001 1308 3586 1377; baseline 0 -14"><span class='ocrx_word' id='word_1_382' title='bbox 2001 1308 2519 1377; x_wconf 75' lang='lat' dir='ltr'><strong>cupidus,amiciti;e</strong></span> <span class='ocrx_word' id='word_1_383' title='bbox 2538 1308 2739 1372; x_wconf 89' lang='lat' dir='ltr'><strong>cultor,</strong></span> <span class='ocrx_word' id='word_1_384' title='bbox 2755 1322 2925 1375; x_wconf 86' lang='lat' dir='ltr'><strong>pauca</strong></span> <span class='ocrx_word' id='word_1_385' title='bbox 2955 1308 3304 1362; x_wconf 88' lang='lat' dir='ltr'><strong>committens</strong></span> <span class='ocrx_word' id='word_1_386' title='bbox 3335 1310 3586 1375; x_wconf 67' lang='lat' dir='ltr'><strong>fortunae,</strong></span> 
     </span>
    </p>
   </div>
   <div class='ocr_carea' id='block_1_59' title="bbox 2000 1398 3315 1467">
    <p class='ocr_par' dir='ltr' id='par_1_59' title="bbox 2000 1398 3315 1467">
     <span class='ocr_line' id='line_1_60' title="bbox 2000 1398 3315 1467; baseline -0.002 -12"><span class='ocrx_word' id='word_1_387' title='bbox 2000 1401 2256 1456; x_wconf 90' lang='lat' dir='ltr'><strong>omnibus</strong></span> <span class='ocrx_word' id='word_1_388' title='bbox 2279 1410 2457 1452; x_wconf 89' lang='lat' dir='ltr'><strong>tamen</strong></span> <span class='ocrx_word' id='word_1_389' title='bbox 2491 1400 2559 1452; x_wconf 92' lang='lat' dir='ltr'><strong>ob</strong></span> <span class='ocrx_word' id='word_1_390' title='bbox 2591 1398 2936 1467; x_wconf 86' lang='lat' dir='ltr'><strong>prudentiam</strong></span> <span class='ocrx_word' id='word_1_391' title='bbox 2965 1400 3315 1453; x_wconf 85' lang='lat' dir='ltr'><strong>commissus.</strong></span> 
     </span>
    </p>
   </div>
   <div class='ocr_carea' id='block_1_60' title="bbox 2281 1490 3304 1560">
    <p class='ocr_par' dir='ltr' id='par_1_60' title="bbox 2281 1490 3304 1560">
     <span class='ocr_line' id='line_1_61' title="bbox 2281 1490 3304 1560; baseline 0.002 -16"><span class='ocrx_word' id='word_1_392' title='bbox 2281 1491 2369 1545; x_wconf 77' lang='lat' dir='ltr'><strong>Ea:</strong></span> <span class='ocrx_word' id='word_1_393' title='bbox 2398 1493 2638 1545; x_wconf 82' lang='lat' dir='ltr'><strong>oratione</strong></span> <span class='ocrx_word' id='word_1_394' title='bbox 2669 1492 2724 1544; x_wconf 77' lang='lat' dir='ltr'><strong>in</strong></span> <span class='ocrx_word' id='word_1_395' title='bbox 2750 1490 2998 1546; x_wconf 73' lang='lat' dir='ltr'><strong>Severum</strong></span> <span class='ocrx_word' id='word_1_396' title='bbox 3029 1491 3304 1560; x_wconf 83' lang='lat' dir='ltr'><strong>collegam.</strong></span> 
     </span>
    </p>
   </div>
   <div class='ocr_carea' id='block_1_61' title="bbox 2071 1581 3589 1655">
    <p class='ocr_par' dir='ltr' id='par_1_61' title="bbox 2071 1581 3589 1655">
     <span class='ocr_line' id='line_1_62' title="bbox 2071 1581 3589 1655; baseline -0.003 -18"><span class='ocrx_word' id='word_1_397' title='bbox 2071 1584 2206 1652; x_wconf 86' lang='lat' dir='ltr'><strong>Quis</strong></span> <span class='ocrx_word' id='word_1_398' title='bbox 2253 1584 2430 1655; x_wconf 75' lang='lat' dir='ltr'><strong>magis</strong></span> <span class='ocrx_word' id='word_1_399' title='bbox 2452 1583 2564 1645; x_wconf 82' lang='lat' dir='ltr'><strong>illo,</strong></span> <span class='ocrx_word' id='word_1_400' title='bbox 2590 1582 2673 1635; x_wconf 89' lang='lat' dir='ltr'><strong>vel</strong></span> <span class='ocrx_word' id='word_1_401' title='bbox 2708 1598 2829 1635; x_wconf 91' lang='lat' dir='ltr'><strong>cum</strong></span> <span class='ocrx_word' id='word_1_402' title='bbox 2896 1581 3173 1637; x_wconf 79' lang='lat' dir='ltr'><strong>celeritate</strong></span> <span class='ocrx_word' id='word_1_403' title='bbox 3200 1582 3468 1652; x_wconf 86' lang='lat' dir='ltr'><strong>justitiam</strong></span> <span class='ocrx_word' id='word_1_404' title='bbox 3496 1596 3589 1633; x_wconf 82' lang='lat' dir='ltr'><strong>se-</strong></span> 
     </span>
    </p>
   </div>
   <div class='ocr_carea' id='block_1_62' title="bbox 2001 1674 3587 1743">
    <p class='ocr_par' dir='ltr' id='par_1_62' title="bbox 2001 1674 3587 1743">
     <span class='ocr_line' id='line_1_63' title="bbox 2001 1674 3587 1743; baseline -0.006 -9"><span class='ocrx_word' id='word_1_405' title='bbox 2001 1688 2179 1734; x_wconf 86' lang='lat' dir='ltr'><strong>ctatus</strong></span> <span class='ocrx_word' id='word_1_406' title='bbox 2222 1688 2297 1731; x_wconf 74' lang='grc' dir='ltr'>εει</span> <span class='ocrx_word' id='word_1_407' title='bbox 2337 1716 2352 1740; x_wconf 92' lang='grc'><strong>,</strong></span> <span class='ocrx_word' id='word_1_408' title='bbox 2389 1675 2471 1727; x_wconf 83' lang='lat' dir='ltr'><strong>vel</strong></span> <span class='ocrx_word' id='word_1_409' title='bbox 2517 1690 2638 1728; x_wconf 92' lang='lat' dir='ltr'><strong>cum</strong></span> <span class='ocrx_word' id='word_1_410' title='bbox 2695 1676 2903 1729; x_wconf 87' lang='lat' dir='ltr'><strong>ratione</strong></span> <span class='ocrx_word' id='word_1_411' title='bbox 2964 1684 3226 1738; x_wconf 86' lang='lat' dir='ltr'><strong>sectatus,</strong></span> <span class='ocrx_word' id='word_1_412' title='bbox 3252 1674 3422 1743; x_wconf 76' lang='lat' dir='ltr'><strong>magis</strong></span> <span class='ocrx_word' id='word_1_413' title='bbox 3469 1687 3587 1726; x_wconf 90' lang='lat' dir='ltr'><strong>eam</strong></span> 
     </span>
    </p>
   </div>
   <div class='ocr_carea' id='block_1_63' title="bbox 2002 1763 3587 1838">
    <p class='ocr_par' dir='ltr' id='par_1_63' title="bbox 2002 1763 3587 1838">
     <span class='ocr_line' id='line_1_64' title="bbox 2002 1763 3587 1838; baseline -0.004 -18"><span class='ocrx_word' id='word_1_414' title='bbox 2002 1769 2215 1838; x_wconf 87' lang='lat' dir='ltr'><strong>publice</strong></span> <span class='ocrx_word' id='word_1_415' title='bbox 2244 1765 2828 1833; x_wconf 86' lang='lat' dir='ltr'><strong>demonstravit?quis</strong></span> <span class='ocrx_word' id='word_1_416' title='bbox 2878 1765 2959 1819; x_wconf 89' lang='lat' dir='ltr'><strong>sic</strong></span> <span class='ocrx_word' id='word_1_417' title='bbox 2991 1765 3044 1818; x_wconf 90' lang='lat' dir='ltr'><strong>in</strong></span> <span class='ocrx_word' id='word_1_418' title='bbox 3099 1765 3309 1834; x_wconf 80' lang='lat' dir='ltr'><strong>agendo</strong></span> <span class='ocrx_word' id='word_1_419' title='bbox 3351 1763 3587 1825; x_wconf 83' lang='lat' dir='ltr'><strong>subtilis,</strong></span> 
     </span>
    </p>
   </div>
   <div class='ocr_carea' id='block_1_64' title="bbox 2001 1856 3590 1933">
    <p class='ocr_par' dir='ltr' id='par_1_64' title="bbox 2001 1856 3590 1933">
     <span class='ocr_line' id='line_1_65' title="bbox 2001 1856 3590 1933; baseline -0.004 -18"><span class='ocrx_word' id='word_1_420' title='bbox 2001 1862 2124 1933; x_wconf 85' lang='lat' dir='ltr'><strong>quis</strong></span> <span class='ocrx_word' id='word_1_421' title='bbox 2155 1862 2205 1914; x_wconf 91' lang='lat' dir='ltr'><strong>in</strong></span> <span class='ocrx_word' id='word_1_422' title='bbox 2236 1860 2521 1931; x_wconf 79' lang='lat' dir='ltr'><strong>puniendis</strong></span> <span class='ocrx_word' id='word_1_423' title='bbox 2564 1859 2814 1912; x_wconf 82' lang='lat' dir='ltr'><strong>sontibus</strong></span> <span class='ocrx_word' id='word_1_424' title='bbox 2867 1857 2936 1911; x_wconf 85' lang='lat' dir='ltr'><strong>ita</strong></span> <span class='ocrx_word' id='word_1_425' title='bbox 2990 1857 3218 1912; x_wconf 78' lang='lat' dir='ltr'><strong>tardus?</strong></span> <span class='ocrx_word' id='word_1_426' title='bbox 3273 1857 3407 1924; x_wconf 86' lang='lat' dir='ltr'><strong>Quis</strong></span> <span class='ocrx_word' id='word_1_427' title='bbox 3455 1856 3590 1909; x_wconf 87' lang='lat' dir='ltr'><strong>adeo</strong></span> 
     </span>
    </p>
   </div>
   <div class='ocr_carea' id='block_1_65' title="bbox 2003 1946 3591 2017">
    <p class='ocr_par' dir='ltr' id='par_1_65' title="bbox 2003 1946 3591 2017">
     <span class='ocr_line' id='line_1_66' title="bbox 2003 1946 3591 2017; baseline -0.003 -12"><span class='ocrx_word' id='word_1_428' title='bbox 2003 1952 2119 2005; x_wconf 89' lang='lat' dir='ltr'><strong>auri</strong></span> <span class='ocrx_word' id='word_1_429' title='bbox 2154 1950 2325 2004; x_wconf 90' lang='lat' dir='ltr'><strong>victor</strong></span> <span class='ocrx_word' id='word_1_430' title='bbox 2357 1950 2382 2002; x_wconf 85' lang='lat'><strong><em>?</em></strong></span> <span class='ocrx_word' id='word_1_431' title='bbox 2410 1948 2530 2017; x_wconf 83' lang='lat' dir='ltr'><strong>quis</strong></span> <span class='ocrx_word' id='word_1_432' title='bbox 2555 1948 2626 2001; x_wconf 90' lang='lat' dir='ltr'><strong>ita</strong></span> <span class='ocrx_word' id='word_1_433' title='bbox 2659 1947 2892 2015; x_wconf 88' lang='lat' dir='ltr'><strong>cupidus</strong></span> <span class='ocrx_word' id='word_1_434' title='bbox 2916 1946 3296 2012; x_wconf 90' lang='lat' dir='ltr'><strong>humanitatis,</strong></span> <span class='ocrx_word' id='word_1_435' title='bbox 3328 1957 3384 1999; x_wconf 91' lang='lat' dir='ltr'><strong>et</strong></span> <span class='ocrx_word' id='word_1_436' title='bbox 3428 1954 3591 2001; x_wconf 67' lang='lat' dir='ltr'><strong>tanta</strong></span> 
     </span>
    </p>
   </div>
   <div class='ocr_carea' id='block_1_66' title="bbox 2003 2036 3588 2111">
    <p class='ocr_par' dir='ltr' id='par_1_66' title="bbox 2003 2036 3588 2111">
     <span class='ocr_line' id='line_1_67' title="bbox 2003 2036 3588 2111; baseline -0.006 -12"><span class='ocrx_word' id='word_1_437' title='bbox 2003 2056 2130 2111; x_wconf 76' lang='lat' dir='ltr'><strong>erga</strong></span> <span class='ocrx_word' id='word_1_438' title='bbox 2168 2042 2397 2095; x_wconf 89' lang='lat' dir='ltr'><strong>miseros</strong></span> <span class='ocrx_word' id='word_1_439' title='bbox 2444 2038 2748 2093; x_wconf 66' lang='lat' dir='ltr'><strong>clementiae</strong></span> <span class='ocrx_word' id='word_1_440' title='bbox 2780 2036 3071 2091; x_wconf 59' lang='lat' dir='ltr'><strong>“laturus</strong></span> <span class='ocrx_word' id='word_1_441' title='bbox 3119 2037 3342 2107; x_wconf 88' lang='lat' dir='ltr'><strong>quidem</strong></span> <span class='ocrx_word' id='word_1_442' title='bbox 3377 2037 3428 2090; x_wconf 90' lang='lat' dir='ltr'><strong>in</strong></span> <span class='ocrx_word' id='word_1_443' title='bbox 3460 2050 3588 2091; x_wconf 86' lang='lat' dir='ltr'><strong>ver-</strong></span> 
     </span>
    </p>
   </div>
   <div class='ocr_carea' id='block_1_67' title="bbox 2004 2130 3038 2200">
    <p class='ocr_par' dir='ltr' id='par_1_67' title="bbox 2004 2130 3038 2200">
     <span class='ocr_line' id='line_1_68' title="bbox 2004 2130 3038 2200; baseline -0.003 -11"><span class='ocrx_word' id='word_1_444' title='bbox 2004 2135 2107 2199; x_wconf 90' lang='lat' dir='ltr'><strong>bis,</strong></span> <span class='ocrx_word' id='word_1_445' title='bbox 2138 2134 2188 2187; x_wconf 92' lang='lat' dir='ltr'><strong>in</strong></span> <span class='ocrx_word' id='word_1_446' title='bbox 2219 2134 2379 2188; x_wconf 89' lang='lat' dir='ltr'><strong>rebus</strong></span> <span class='ocrx_word' id='word_1_447' title='bbox 2409 2130 2733 2200; x_wconf 87' lang='lat' dir='ltr'><strong>etoperibus</strong></span> <span class='ocrx_word' id='word_1_448' title='bbox 2755 2130 3038 2187; x_wconf 89' lang='lat' dir='ltr'><strong>maturior.</strong></span> 
     </span>
    </p>
   </div>
   <div class='ocr_carea' id='block_1_68' title="bbox 2096 2300 3513 2384">
    <p class='ocr_par' dir='ltr' id='par_1_68' title="bbox 2096 2300 3513 2384">
     <span class='ocr_line' id='line_1_69' title="bbox 2096 2300 3513 2384; baseline -0.007 -12"><span class='ocrx_word' id='word_1_449' title='bbox 2096 2318 2177 2372; x_wconf 76' lang='lat' dir='ltr'><strong>Ea;</strong></span> <span class='ocrx_word' id='word_1_450' title='bbox 2202 2300 2442 2372; x_wconf 65' lang='lat' dir='ltr'><strong>oratione</strong></span> <span class='ocrx_word' id='word_1_451' title='bbox 2469 2317 2522 2369; x_wconf 82' lang='lat' dir='ltr'><strong>in</strong></span> <span class='ocrx_word' id='word_1_452' title='bbox 2557 2312 2837 2384; x_wconf 82' lang='lat' dir='ltr'><strong>Cylaccum</strong></span> <span class='ocrx_word' id='word_1_453' title='bbox 2875 2310 3096 2367; x_wconf 62' lang='lat' dir='ltr'><strong>Graecia:</strong></span> <span class='ocrx_word' id='word_1_454' title='bbox 3121 2310 3513 2381; x_wconf 73' lang='lat' dir='ltr'><strong>proconsulem.</strong></span> 
     </span>
    </p>
   </div>
   <div class='ocr_carea' id='block_1_69' title="bbox 2054 2486 3595 2567">
    <p class='ocr_par' dir='ltr' id='par_1_69' title="bbox 2054 2486 3595 2567">
     <span class='ocr_line' id='line_1_70' title="bbox 2054 2486 3595 2567; baseline -0.007 -17"><span class='ocrx_word' id='word_1_455' title='bbox 2054 2496 2311 2567; x_wconf 83' lang='lat' dir='ltr'><strong>Clypeus,</strong></span> <span class='ocrx_word' id='word_1_456' title='bbox 2328 2507 2461 2546; x_wconf 90' lang='lat' dir='ltr'><strong>auro</strong></span> <span class='ocrx_word' id='word_1_457' title='bbox 2472 2498 2745 2552; x_wconf 88' lang='lat' dir='ltr'><strong>coruscat,</strong></span> <span class='ocrx_word' id='word_1_458' title='bbox 2764 2501 2818 2543; x_wconf 88' lang='lat' dir='ltr'><strong>et</strong></span> <span class='ocrx_word' id='word_1_459' title='bbox 2844 2487 3156 2543; x_wconf 66' lang='lat' dir='ltr'><strong>Vulcanium</strong></span> <span class='ocrx_word' id='word_1_460' title='bbox 3177 2486 3342 2541; x_wconf 76' lang='lat' dir='ltr'><strong>refert</strong></span> <span class='ocrx_word' id='word_1_461' title='bbox 3362 2486 3595 2541; x_wconf 80' lang='lat' dir='ltr'><strong>artiticio</strong></span> 
     </span>
    </p>
   </div>
   <div class='ocr_carea' id='block_1_70' title="bbox 2004 2578 3590 2651">
    <p class='ocr_par' dir='ltr' id='par_1_70' title="bbox 2004 2578 3590 2651">
     <span class='ocr_line' id='line_1_71' title="bbox 2004 2578 3590 2651; baseline -0.007 -11"><span class='ocrx_word' id='word_1_462' title='bbox 2004 2589 2272 2646; x_wconf 80' lang='lat' dir='ltr'><strong>dextram,</strong></span> <span class='ocrx_word' id='word_1_463' title='bbox 2301 2597 2422 2651; x_wconf 69' lang='lat' dir='ltr'><strong>qua:</strong></span> <span class='ocrx_word' id='word_1_464' title='bbox 2446 2583 2560 2636; x_wconf 84' lang='lat' dir='ltr'><strong>sola</strong></span> <span class='ocrx_word' id='word_1_465' title='bbox 2591 2582 2662 2634; x_wconf 92' lang='lat' dir='ltr'><strong>ob</strong></span> <span class='ocrx_word' id='word_1_466' title='bbox 2686 2580 3012 2650; x_wconf 87' lang='lat' dir='ltr'><strong>sapientiam</strong></span> <span class='ocrx_word' id='word_1_467' title='bbox 3056 2578 3290 2632; x_wconf 76' lang='lat' dir='ltr'><strong>artiﬁcio</strong></span> <span class='ocrx_word' id='word_1_468' title='bbox 3338 2588 3590 2631; x_wconf 87' lang='lat' dir='ltr'><strong>naturam</strong></span> 
     </span>
    </p>
   </div>
   <div class='ocr_carea' id='block_1_71' title="bbox 2005 2670 3592 2740">
    <p class='ocr_par' dir='ltr' id='par_1_71' title="bbox 2005 2670 3592 2740">
     <span class='ocr_line' id='line_1_72' title="bbox 2005 2670 3592 2740; baseline -0.007 -7"><span class='ocrx_word' id='word_1_469' title='bbox 2005 2680 2149 2733; x_wconf 86' lang='lat' dir='ltr'><strong>valet</strong></span> <span class='ocrx_word' id='word_1_470' title='bbox 2171 2677 2522 2731; x_wconf 87' lang='lat' dir='ltr'><strong>adumbrare.</strong></span> <span class='ocrx_word' id='word_1_471' title='bbox 2569 2672 2827 2727; x_wconf 79' lang='lat' dir='ltr'><strong>Meander</strong></span> <span class='ocrx_word' id='word_1_472' title='bbox 2876 2672 3050 2726; x_wconf 71' lang='lat' dir='ltr'><strong>Caria:</strong></span> <span class='ocrx_word' id='word_1_473' title='bbox 3080 2670 3299 2735; x_wconf 79' lang='lat' dir='ltr'><strong>ﬂuvius,</strong></span> <span class='ocrx_word' id='word_1_474' title='bbox 3329 2679 3592 2740; x_wconf 76' lang='lat' dir='ltr'><strong>quantum</strong></span> 
     </span>
    </p>
   </div>
   <div class='ocr_carea' id='block_1_72' title="bbox 2004 2764 3589 2843">
    <p class='ocr_par' dir='ltr' id='par_1_72' title="bbox 2004 2764 3589 2843">
     <span class='ocr_line' id='line_1_73' title="bbox 2004 2764 3589 2843; baseline -0.008 -17"><span class='ocrx_word' id='word_1_475' title='bbox 2004 2769 2431 2843; x_wconf 73' lang='lat' dir='ltr'><strong>magnitudinea</strong></span> <span class='ocrx_word' id='word_1_476' title='bbox 2462 2764 2583 2820; x_wconf 82' lang='lat' dir='ltr'><strong>Nilo</strong></span> <span class='ocrx_word' id='word_1_477' title='bbox 2624 2772 2941 2832; x_wconf 86' lang='lat' dir='ltr'><strong>superatur,</strong></span> <span class='ocrx_word' id='word_1_478' title='bbox 2996 2772 3205 2815; x_wconf 87' lang='lat' dir='ltr'><strong>tantum</strong></span> <span class='ocrx_word' id='word_1_479' title='bbox 3260 2773 3453 2815; x_wconf 88' lang='lat' dir='ltr'><strong>natura</strong></span> <span class='ocrx_word' id='word_1_480' title='bbox 3493 2775 3589 2814; x_wconf 88' lang='lat' dir='ltr'><strong>su-</strong></span> 
     </span>
    </p>
   </div>
   <div class='ocr_carea' id='block_1_73' title="bbox 2004 2851 3595 2933">
    <p class='ocr_par' dir='ltr' id='par_1_73' title="bbox 2004 2851 3595 2933">
     <span class='ocr_line' id='line_1_74' title="bbox 2004 2851 3595 2933; baseline -0.008 -17"><span class='ocrx_word' id='word_1_481' title='bbox 2004 2872 2161 2933; x_wconf 83' lang='lat' dir='ltr'><strong>perat</strong></span> <span class='ocrx_word' id='word_1_482' title='bbox 2196 2872 2363 2924; x_wconf 92' lang='lat' dir='ltr'><strong>terra,</strong></span> <span class='ocrx_word' id='word_1_483' title='bbox 2404 2873 2567 2928; x_wconf 85' lang='lat' dir='ltr'><strong>quam</strong></span> <span class='ocrx_word' id='word_1_484' title='bbox 2597 2854 2869 2926; x_wconf 65' lang='lat' dir='ltr'><strong>IEgyptiis</strong></span> <span class='ocrx_word' id='word_1_485' title='bbox 2894 2852 3142 2922; x_wconf 80' lang='lat' dir='ltr'><strong>largitur,</strong></span> <span class='ocrx_word' id='word_1_486' title='bbox 3180 2853 3246 2907; x_wconf 88' lang='lat' dir='ltr'><strong>de</strong></span> <span class='ocrx_word' id='word_1_487' title='bbox 3296 2853 3399 2907; x_wconf 88' lang='lat' dir='ltr'><strong>hoc</strong></span> <span class='ocrx_word' id='word_1_488' title='bbox 3437 2851 3595 2904; x_wconf 80' lang='lat' dir='ltr'><strong>labu-</strong></span> 
     </span>
    </p>
   </div>
   <div class='ocr_carea' id='block_1_74' title="bbox 2011 2944 3593 3022">
    <p class='ocr_par' dir='ltr' id='par_1_74' title="bbox 2011 2944 3593 3022">
     <span class='ocr_line' id='line_1_75' title="bbox 2011 2944 3593 3022; baseline -0.008 -13"><span class='ocrx_word' id='word_1_489' title='bbox 2011 2956 2118 3009; x_wconf 87' lang='lat' dir='ltr'><strong>lam</strong></span> <span class='ocrx_word' id='word_1_490' title='bbox 2152 2954 2326 3022; x_wconf 76' lang='lat' dir='ltr'><strong>lingit.</strong></span> <span class='ocrx_word' id='word_1_491' title='bbox 2361 2952 2456 3005; x_wconf 89' lang='lat' dir='ltr'><strong>Ille</strong></span> <span class='ocrx_word' id='word_1_492' title='bbox 2478 2964 2610 3005; x_wconf 85' lang='lat' dir='ltr'><strong>vero</strong></span> <span class='ocrx_word' id='word_1_493' title='bbox 2649 2948 2829 3002; x_wconf 86' lang='lat' dir='ltr'><strong>nautis</strong></span> <span class='ocrx_word' id='word_1_494' title='bbox 2851 2961 3001 2999; x_wconf 87' lang='lat' dir='ltr'><strong>mare</strong></span> <span class='ocrx_word' id='word_1_495' title='bbox 3038 2946 3302 3015; x_wconf 88' lang='lat' dir='ltr'><strong>eripiens,</strong></span> <span class='ocrx_word' id='word_1_496' title='bbox 3339 2944 3593 3014; x_wconf 74' lang='lat' dir='ltr'><strong>agricolis</strong></span> 
     </span>
    </p>
   </div>
   <div class='ocr_carea' id='block_1_75' title="bbox 2008 3037 3597 3113">
    <p class='ocr_par' dir='ltr' id='par_1_75' title="bbox 2008 3037 3597 3113">
     <span class='ocr_line' id='line_1_76' title="bbox 2008 3037 3597 3113; baseline -0.006 -13"><span class='ocrx_word' id='word_1_497' title='bbox 2008 3048 2155 3103; x_wconf 87' lang='lat' dir='ltr'><strong>dedit</strong></span> <span class='ocrx_word' id='word_1_498' title='bbox 2200 3046 2401 3101; x_wconf 85' lang='lat' dir='ltr'><strong>aratris</strong></span> <span class='ocrx_word' id='word_1_499' title='bbox 2439 3059 2539 3113; x_wconf 90' lang='lat' dir='ltr'><strong>pro</strong></span> <span class='ocrx_word' id='word_1_500' title='bbox 2616 3042 2775 3111; x_wconf 87' lang='lat' dir='ltr'><strong>aquis</strong></span> <span class='ocrx_word' id='word_1_501' title='bbox 2821 3040 3002 3096; x_wconf 78' lang='lat' dir='ltr'><strong>sulcos</strong></span> <span class='ocrx_word' id='word_1_502' title='bbox 3088 3037 3361 3093; x_wconf 84' lang='lat' dir='ltr'><strong>scindere.</strong></span> <span class='ocrx_word' id='word_1_503' title='bbox 3399 3037 3597 3091; x_wconf 78' lang='lat' dir='ltr'><strong>Videas</strong></span> 
     </span>
    </p>
   </div>
   <div class='ocr_carea' id='block_1_76' title="bbox 2008 3130 3595 3208">
    <p class='ocr_par' dir='ltr' id='par_1_76' title="bbox 2008 3130 3595 3208">
     <span class='ocr_line' id='line_1_77' title="bbox 2008 3130 3595 3208; baseline -0.008 -13"><span class='ocrx_word' id='word_1_504' title='bbox 2008 3154 2280 3208; x_wconf 88' lang='lat' dir='ltr'><strong>campum,</strong></span> <span class='ocrx_word' id='word_1_505' title='bbox 2322 3138 2412 3192; x_wconf 93' lang='lat' dir='ltr'><strong>ubi</strong></span> <span class='ocrx_word' id='word_1_506' title='bbox 2467 3138 2619 3207; x_wconf 88' lang='lat' dir='ltr'><strong>prius</strong></span> <span class='ocrx_word' id='word_1_507' title='bbox 2675 3133 2776 3188; x_wconf 83' lang='lat' dir='ltr'><strong>fuit</strong></span> <span class='ocrx_word' id='word_1_508' title='bbox 2830 3148 3002 3199; x_wconf 87' lang='lat' dir='ltr'><strong>mare,</strong></span> <span class='ocrx_word' id='word_1_509' title='bbox 3033 3133 3217 3186; x_wconf 86' lang='lat' dir='ltr'><strong>videas</strong></span> <span class='ocrx_word' id='word_1_510' title='bbox 3251 3130 3595 3183; x_wconf 81' lang='lat' dir='ltr'><strong>lascivientes</strong></span> 
     </span>
    </p>
   </div>
   <div class='ocr_carea' id='block_1_77' title="bbox 2011 3222 3595 3295">
    <p class='ocr_par' dir='ltr' id='par_1_77' title="bbox 2011 3222 3595 3295">
     <span class='ocr_line' id='line_1_78' title="bbox 2011 3222 3595 3295; baseline -0.009 -8"><span class='ocrx_word' id='word_1_511' title='bbox 2011 3231 2266 3287; x_wconf 90' lang='lat' dir='ltr'><strong>binnulos</strong></span> <span class='ocrx_word' id='word_1_512' title='bbox 2306 3230 2424 3285; x_wconf 90' lang='lat' dir='ltr'><strong>loco</strong></span> <span class='ocrx_word' id='word_1_513' title='bbox 2447 3228 2849 3295; x_wconf 84' lang='lat' dir='ltr'><strong>delphinorum,</strong></span> <span class='ocrx_word' id='word_1_514' title='bbox 2882 3226 3001 3281; x_wconf 90' lang='lat' dir='ltr'><strong>loco</strong></span> <span class='ocrx_word' id='word_1_515' title='bbox 3053 3233 3235 3279; x_wconf 69' lang='lat' dir='ltr'><strong>nautae</strong></span> <span class='ocrx_word' id='word_1_516' title='bbox 3300 3222 3595 3287; x_wconf 80' lang='lat' dir='ltr'><strong>hortantis,</strong></span> 
     </span>
    </p>
   </div>
   <div class='ocr_carea' id='block_1_78' title="bbox 2008 3317 3082 3396">
    <p class='ocr_par' dir='ltr' id='par_1_78' title="bbox 2008 3317 3082 3396">
     <span class='ocr_line' id='line_1_79' title="bbox 2008 3317 3082 3396; baseline -0.002 -22"><span class='ocrx_word' id='word_1_517' title='bbox 2008 3324 2246 3396; x_wconf 63' lang='lat' dir='ltr'><strong>praetoris</strong></span> <span class='ocrx_word' id='word_1_518' title='bbox 2286 3329 2570 3377; x_wconf 86' lang='lat' dir='ltr'><strong>sonantem</strong></span> <span class='ocrx_word' id='word_1_519' title='bbox 2599 3317 2837 3373; x_wconf 85' lang='lat' dir='ltr'><strong>ﬁstulam</strong></span> <span class='ocrx_word' id='word_1_520' title='bbox 2867 3319 3082 3372; x_wconf 82' lang='lat' dir='ltr'><strong>audias.</strong></span> 
     </span>
    </p>
   </div>
   <div class='ocr_carea' id='block_1_79' title="bbox 2106 3497 3493 3574">
    <p class='ocr_par' dir='ltr' id='par_1_79' title="bbox 2106 3497 3493 3574">
     <span class='ocr_line' id='line_1_80' title="bbox 2106 3497 3493 3574; baseline -0.006 -18"><span class='ocrx_word' id='word_1_521' title='bbox 2106 3502 2301 3574; x_wconf 70' lang='grc'><strong>3741)</strong></span> <span class='ocrx_word' id='word_1_522' title='bbox 2350 3499 2437 3555; x_wconf 78' lang='lat' dir='ltr'><strong>Ea:</strong></span> <span class='ocrx_word' id='word_1_523' title='bbox 2494 3503 2731 3574; x_wconf 62' lang='lat' dir='ltr'><strong>oratione</strong></span> <span class='ocrx_word' id='word_1_524' title='bbox 2768 3499 3094 3574; x_wconf 2' lang='lat' dir='ltr'><strong>inpadvenas</strong></span> <span class='ocrx_word' id='word_1_525' title='bbox 3124 3497 3493 3566; x_wconf 72' lang='lat' dir='ltr'><strong>Ephesios.—</strong></span> 
     </span>
    </p>
   </div>
   <div class='ocr_carea' id='block_1_80' title="bbox 2051 3570 2964 3623">
    <p class='ocr_par' dir='ltr' id='par_1_80' title="bbox 2051 3570 2964 3623">
     <span class='ocr_line' id='line_1_81' title="bbox 2051 3570 2964 3623; baseline 0.007 -6"><span class='ocrx_word' id='word_1_526' title='bbox 2051 3610 2058 3617; x_wconf 96' lang='lat'><strong>.</strong></span> <span class='ocrx_word' id='word_1_527' title='bbox 2116 3570 2193 3574; x_wconf 69' lang='grc'><strong><em>““</em></strong></span> <span class='ocrx_word' id='word_1_528' title='bbox 2240 3570 2261 3574; x_wconf 64' lang='grc'><strong>⁷</strong></span> <span class='ocrx_word' id='word_1_529' title='bbox 2646 3570 2964 3623; x_wconf 71' lang='lat' dir='ltr'><strong>Exordium.</strong></span> 
     </span>
    </p>
   </div>
   <div class='ocr_carea' id='block_1_81' title="bbox 2075 3658 3596 3731">
    <p class='ocr_par' dir='ltr' id='par_1_81' title="bbox 2075 3658 3596 3731">
     <span class='ocr_line' id='line_1_82' title="bbox 2075 3658 3596 3731; baseline -0.005 -13"><span class='ocrx_word' id='word_1_530' title='bbox 2075 3661 2212 3718; x_wconf 87' lang='lat' dir='ltr'><strong>Cum</strong></span> <span class='ocrx_word' id='word_1_531' title='bbox 2262 3662 2454 3731; x_wconf 85' lang='lat' dir='ltr'><strong>Apollo</strong></span> <span class='ocrx_word' id='word_1_532' title='bbox 2509 3661 2895 3715; x_wconf 81' lang='lat' dir='ltr'><strong>divinatoriutn</strong></span> <span class='ocrx_word' id='word_1_533' title='bbox 2975 3658 3244 3729; x_wconf 83' lang='lat' dir='ltr'><strong>tripodem</strong></span> <span class='ocrx_word' id='word_1_534' title='bbox 3318 3658 3596 3712; x_wconf 72' lang='lat' dir='ltr'><strong>collucens</strong></span> 
     </span>
    </p>
   </div>
   <div class='ocr_carea' id='block_1_82' title="bbox 2008 3754 3596 3821">
    <p class='ocr_par' dir='ltr' id='par_1_82' title="bbox 2008 3754 3596 3821">
     <span class='ocr_line' id='line_1_83' title="bbox 2008 3754 3596 3821; baseline -0.004 -12"><span class='ocrx_word' id='word_1_535' title='bbox 2008 3756 2261 3810; x_wconf 87' lang='lat' dir='ltr'><strong>omnibus</strong></span> <span class='ocrx_word' id='word_1_536' title='bbox 2285 3755 2507 3809; x_wconf 86' lang='lat' dir='ltr'><strong>oracula</strong></span> <span class='ocrx_word' id='word_1_537' title='bbox 2557 3754 2832 3818; x_wconf 86' lang='lat' dir='ltr'><strong>redderet,</strong></span> <span class='ocrx_word' id='word_1_538' title='bbox 2882 3768 3073 3807; x_wconf 88' lang='lat' dir='ltr'><strong>omnes</strong></span> <span class='ocrx_word' id='word_1_539' title='bbox 3130 3761 3320 3821; x_wconf 76' lang='lat' dir='ltr'><strong>gentes</strong></span> <span class='ocrx_word' id='word_1_540' title='bbox 3375 3765 3596 3804; x_wconf 82' lang='lat' dir='ltr'><strong>omnes-</strong></span> 
     </span>
    </p>
   </div>
   <div class='ocr_carea' id='block_1_83' title="bbox 2007 3844 3381 3916">
    <p class='ocr_par' dir='ltr' id='par_1_83' title="bbox 2007 3844 3381 3916">
     <span class='ocr_line' id='line_1_84' title="bbox 2007 3844 3381 3916; baseline -0.002 -16"><span class='ocrx_word' id='word_1_541' title='bbox 2007 3863 2114 3916; x_wconf 84' lang='lat' dir='ltr'><strong>que</strong></span> <span class='ocrx_word' id='word_1_542' title='bbox 2144 3848 2304 3901; x_wconf 89' lang='lat' dir='ltr'><strong>urbes</strong></span> <span class='ocrx_word' id='word_1_543' title='bbox 2330 3846 2472 3900; x_wconf 83' lang='lat' dir='ltr'><strong>fama</strong></span> <span class='ocrx_word' id='word_1_544' title='bbox 2522 3846 2622 3900; x_wconf 86' lang='lat' dir='ltr'><strong>hac</strong></span> <span class='ocrx_word' id='word_1_545' title='bbox 2648 3846 2715 3899; x_wconf 89' lang='lat' dir='ltr'><strong>ad</strong></span> <span class='ocrx_word' id='word_1_546' title='bbox 2751 3844 2915 3899; x_wconf 90' lang='lat' dir='ltr'><strong>Deum</strong></span> <span class='ocrx_word' id='word_1_547' title='bbox 2945 3844 3381 3899; x_wconf 87' lang='lat' dir='ltr'><strong>attrabebantur.</strong></span> 
     </span>
    </p>
   </div>
   <div class='ocr_carea' id='block_1_84' title="bbox 2107 4016 3467 4092">
    <p class='ocr_par' dir='ltr' id='par_1_84' title="bbox 2107 4016 3467 4092">
     <span class='ocr_line' id='line_1_85' title="bbox 2107 4016 3467 4092; baseline 0 -16"><span class='ocrx_word' id='word_1_548' title='bbox 2107 4024 2192 4078; x_wconf 80' lang='lat' dir='ltr'><strong>Ea:</strong></span> <span class='ocrx_word' id='word_1_549' title='bbox 2215 4022 2453 4076; x_wconf 82' lang='lat' dir='ltr'><strong>oratione</strong></span> <span class='ocrx_word' id='word_1_550' title='bbox 2476 4022 2529 4074; x_wconf 83' lang='lat' dir='ltr'><strong>in</strong></span> <span class='ocrx_word' id='word_1_551' title='bbox 2558 4021 2839 4092; x_wconf 72' lang='lat' dir='ltr'><strong>populares</strong></span> <span class='ocrx_word' id='word_1_552' title='bbox 2879 4036 3024 4076; x_wconf 71' lang='lat' dir='ltr'><strong>suos.</strong></span> <span class='ocrx_word' id='word_1_553' title='bbox 3043 4049 3117 4059; x_wconf 93' lang='lat'><strong>—</strong></span> <span class='ocrx_word' id='word_1_554' title='bbox 3145 4016 3467 4076; x_wconf 74' lang='lat' dir='ltr'><strong>Exordium.</strong></span> 
     </span>
    </p>
   </div>
   <div class='ocr_carea' id='block_1_85' title="bbox 2074 4178 3593 4252">
    <p class='ocr_par' dir='ltr' id='par_1_85' title="bbox 2074 4178 3593 4252">
     <span class='ocr_line' id='line_1_86' title="bbox 2074 4178 3593 4252; baseline -0.005 -14"><span class='ocrx_word' id='word_1_555' title='bbox 2074 4183 2285 4239; x_wconf 89' lang='lat' dir='ltr'><strong>Etenim</strong></span> <span class='ocrx_word' id='word_1_556' title='bbox 2316 4181 2431 4252; x_wconf 76' lang='lat' dir='ltr'><strong>iam</strong></span> <span class='ocrx_word' id='word_1_557' title='bbox 2476 4182 2692 4235; x_wconf 88' lang='lat' dir='ltr'><strong>demum</strong></span> <span class='ocrx_word' id='word_1_558' title='bbox 2738 4192 2949 4249; x_wconf 90' lang='lat' dir='ltr'><strong>tempus</strong></span> <span class='ocrx_word' id='word_1_559' title='bbox 2974 4190 3081 4246; x_wconf 84' lang='lat' dir='ltr'><strong>est,</strong></span> <span class='ocrx_word' id='word_1_560' title='bbox 3133 4180 3387 4252; x_wconf 80' lang='lat' dir='ltr'><strong>juvenes,</strong></span> <span class='ocrx_word' id='word_1_561' title='bbox 3432 4178 3593 4236; x_wconf 81' lang='lat' dir='ltr'><strong>etiam</strong></span> 
     </span>
    </p>
   </div>
   <div class='ocr_carea' id='block_1_86' title="bbox 2010 4271 3594 4343">
    <p class='ocr_par' dir='ltr' id='par_1_86' title="bbox 2010 4271 3594 4343">
     <span class='ocr_line' id='line_1_87' title="bbox 2010 4271 3594 4343; baseline -0.005 -12"><span class='ocrx_word' id='word_1_562' title='bbox 2010 4277 2219 4331; x_wconf 90' lang='lat' dir='ltr'><strong>civibus</strong></span> <span class='ocrx_word' id='word_1_563' title='bbox 2246 4275 2419 4343; x_wconf 87' lang='lat' dir='ltr'><strong>lyram</strong></span> <span class='ocrx_word' id='word_1_564' title='bbox 2457 4284 2698 4326; x_wconf 89' lang='lat' dir='ltr'><strong>nostram</strong></span> <span class='ocrx_word' id='word_1_565' title='bbox 2736 4273 3051 4341; x_wconf 76' lang='lat' dir='ltr'><strong>adoptandi.</strong></span> <span class='ocrx_word' id='word_1_566' title='bbox 3086 4271 3224 4337; x_wconf 86' lang='lat' dir='ltr'><strong>Quid</strong></span> <span class='ocrx_word' id='word_1_567' title='bbox 3258 4272 3447 4325; x_wconf 90' lang='lat' dir='ltr'><strong>urbem</strong></span> <span class='ocrx_word' id='word_1_568' title='bbox 3468 4284 3594 4338; x_wconf 82' lang='lat' dir='ltr'><strong>pro-</strong></span> 
     </span>
    </p>
   </div>
   <div class='ocr_carea' id='block_1_87' title="bbox 2014 4360 3598 4420">
    <p class='ocr_par' dir='ltr' id='par_1_87' title="bbox 2014 4360 3598 4420">
     <span class='ocr_line' id='line_1_88' title="bbox 2014 4360 3598 4420; baseline -0.004 -1"><span class='ocrx_word' id='word_1_569' title='bbox 2014 4365 2155 4420; x_wconf 78' lang='lat' dir='ltr'><strong>ferre</strong></span> <span class='ocrx_word' id='word_1_570' title='bbox 2177 4365 2417 4418; x_wconf 85' lang='lat' dir='ltr'><strong>dicemus</strong></span> <span class='ocrx_word' id='word_1_571' title='bbox 2443 4362 2467 4415; x_wconf 86' lang='lat'><strong>?</strong></span> <span class='ocrx_word' id='word_1_572' title='bbox 2513 4364 2607 4416; x_wconf 89' lang='lat' dir='ltr'><strong>sed</strong></span> <span class='ocrx_word' id='word_1_573' title='bbox 2633 4378 2755 4416; x_wconf 93' lang='lat' dir='ltr'><strong>cum</strong></span> <span class='ocrx_word' id='word_1_574' title='bbox 2782 4378 2887 4415; x_wconf 90' lang='lat' dir='ltr'><strong>non</strong></span> <span class='ocrx_word' id='word_1_575' title='bbox 2946 4364 2997 4415; x_wconf 92' lang='lat' dir='ltr'><strong>in</strong></span> <span class='ocrx_word' id='word_1_576' title='bbox 3020 4363 3273 4415; x_wconf 91' lang='lat' dir='ltr'><strong>curribus</strong></span> <span class='ocrx_word' id='word_1_577' title='bbox 3304 4377 3402 4414; x_wconf 90' lang='lat' dir='ltr'><strong>nns</strong></span> <span class='ocrx_word' id='word_1_578' title='bbox 3430 4360 3598 4414; x_wconf 86' lang='lat' dir='ltr'><strong>veha-</strong></span> 
     </span>
    </p>
   </div>
   <div class='ocr_carea' id='block_1_88' title="bbox 320 4446 1902 4530">
    <p class='ocr_par' dir='ltr' id='par_1_88' title="bbox 320 4457 1902 4530">
     <span class='ocr_line' id='line_1_89' title="bbox 320 4457 1902 4530; baseline 0.001 -18"><span class='ocrx_word' id='word_1_579' title='bbox 320 4458 587 4528; x_wconf 76' lang='grc' dir='ltr'>ἁρμάτων</span> <span class='ocrx_word' id='word_1_580' title='bbox 609 4458 654 4489; x_wconf 76' lang='grc'><strong>’⁸</strong></span> <span class='ocrx_word' id='word_1_581' title='bbox 686 4458 847 4529; x_wconf 79' lang='grc' dir='ltr'>ἡμεῖς</span> <span class='ocrx_word' id='word_1_582' title='bbox 876 4457 1154 4529; x_wconf 89' lang='grc' dir='ltr'>ὀχούμεθα</span> <span class='ocrx_word' id='word_1_583' title='bbox 1206 4459 1327 4512; x_wconf 73' lang='grc' dir='ltr'>οὐδὲ</span> <span class='ocrx_word' id='word_1_584' title='bbox 1369 4460 1435 4512; x_wconf 83' lang='grc' dir='ltr'>τὰ</span> <span class='ocrx_word' id='word_1_585' title='bbox 1472 4459 1711 4530; x_wconf 85' lang='grc' dir='ltr'>ποιητῶν</span> <span class='ocrx_word' id='word_1_586' title='bbox 1738 4478 1902 4513; x_wconf 82' lang='grc' dir='ltr'>σπου-</span> 
     </span>
    </p>
   </div>
   <div class='ocr_carea' id='block_1_89' title="bbox 2013 4446 3594 4530">
    <p class='ocr_par' dir='ltr' id='par_1_89' title="bbox 2013 4450 3594 4524">
     <span class='ocr_line' id='line_1_90' title="bbox 2013 4450 3594 4524; baseline -0.004 -14"><span class='ocrx_word' id='word_1_587' title='bbox 2013 4472 2153 4521; x_wconf 88' lang='lat' dir='ltr'><strong>mur,</strong></span> <span class='ocrx_word' id='word_1_588' title='bbox 2184 4469 2359 4524; x_wconf 88' lang='lat' dir='ltr'><strong>neque</strong></span> <span class='ocrx_word' id='word_1_589' title='bbox 2415 4452 2593 4507; x_wconf 88' lang='lat' dir='ltr'><strong>studia</strong></span> <span class='ocrx_word' id='word_1_590' title='bbox 2630 4463 2905 4522; x_wconf 85' lang='lat' dir='ltr'><strong>poetarum</strong></span> <span class='ocrx_word' id='word_1_591' title='bbox 2933 4452 3348 4521; x_wconf 88' lang='lat' dir='ltr'><strong>amplectamur,</strong></span> <span class='ocrx_word' id='word_1_592' title='bbox 3388 4466 3484 4517; x_wconf 72' lang='lat' dir='ltr'><strong>age</strong></span> <span class='ocrx_word' id='word_1_593' title='bbox 3511 4450 3594 4505; x_wconf 88' lang='lat' dir='ltr'><strong>vi-</strong></span> 
     </span>
    </p>
   </div>
   <div class='ocr_carea' id='block_1_90' title="bbox 321 4547 1906 4619">
    <p class='ocr_par' dir='ltr' id='par_1_90' title="bbox 321 4547 1906 4619">
     <span class='ocr_line' id='line_1_91' title="bbox 321 4547 1906 4619; baseline -0.001 -16"><span class='ocrx_word' id='word_1_594' title='bbox 321 4548 581 4615; x_wconf 76' lang='grc' dir='ltr'>δάζομεν,</span> <span class='ocrx_word' id='word_1_595' title='bbox 612 4548 746 4619; x_wconf 80' lang='grc' dir='ltr'>φέρε</span> <span class='ocrx_word' id='word_1_596' title='bbox 768 4549 995 4619; x_wconf 80' lang='grc' dir='ltr'>ἀνδράσι</span> <span class='ocrx_word' id='word_1_597' title='bbox 1023 4549 1118 4603; x_wconf 77' lang='grc' dir='ltr'>καὶ</span> <span class='ocrx_word' id='word_1_598' title='bbox 1143 4548 1323 4616; x_wconf 83' lang='grc' dir='ltr'>λόγοις</span> <span class='ocrx_word' id='word_1_599' title='bbox 1357 4547 1455 4619; x_wconf 84' lang='grc' dir='ltr'><strong>τὴν</strong></span> <span class='ocrx_word' id='word_1_600' title='bbox 1481 4549 1635 4602; x_wconf 86' lang='grc' dir='ltr'>πόλιν</span> <span class='ocrx_word' id='word_1_601' title='bbox 1661 4550 1906 4618; x_wconf 89' lang='grc' dir='ltr'>τειχίσω-</span> 
     </span>
    </p>
   </div>
   <div class='ocr_carea' id='block_1_91' title="bbox 326 4639 1910 4712">
    <p class='ocr_par' dir='ltr' id='par_1_91' title="bbox 326 4639 1910 4712">
     <span class='ocr_line' id='line_1_92' title="bbox 326 4639 1910 4712; baseline 0 -19"><span class='ocrx_word' id='word_1_602' title='bbox 326 4658 447 4712; x_wconf 88' lang='grc' dir='ltr'>μεν.</span> <span class='ocrx_word' id='word_1_603' title='bbox 488 4640 598 4709; x_wconf 79' lang='grc' dir='ltr'><strong>Τὴν</strong></span> <span class='ocrx_word' id='word_1_604' title='bbox 629 4639 686 4691; x_wconf 82' lang='grc' dir='ltr'>δὲ</span> <span class='ocrx_word' id='word_1_605' title='bbox 726 4641 969 4711; x_wconf 83' lang='grc' dir='ltr'>Ὀμήρου</span> <span class='ocrx_word' id='word_1_606' title='bbox 990 4641 1089 4710; x_wconf 81' lang='grc' dir='ltr'><strong>τὴν</strong></span> <span class='ocrx_word' id='word_1_607' title='bbox 1110 4641 1355 4711; x_wconf 78' lang='grc' dir='ltr'>μεγάλην</span> <span class='ocrx_word' id='word_1_608' title='bbox 1374 4641 1490 4710; x_wconf 77' lang='grc' dir='ltr'><strong>ἠχὼ</strong></span> <span class='ocrx_word' id='word_1_609' title='bbox 1511 4640 1563 4693; x_wconf 87' lang='grc' dir='ltr'><strong>τί</strong></span> <span class='ocrx_word' id='word_1_610' title='bbox 1588 4640 1696 4693; x_wconf 91' lang='grc' dir='ltr'><strong>τῶν</strong></span> <span class='ocrx_word' id='word_1_611' title='bbox 1732 4642 1910 4695; x_wconf 82' lang='grc' dir='ltr'>ἀπάν-</span> 
     </span>
    </p>
   </div>
   <div class='ocr_carea' id='block_1_92' title="bbox 320 4730 1908 4804">
    <p class='ocr_par' dir='ltr' id='par_1_92' title="bbox 320 4730 1908 4804">
     <span class='ocr_line' id='line_1_93' title="bbox 320 4730 1908 4804; baseline 0.001 -21"><span class='ocrx_word' id='word_1_612' title='bbox 320 4749 431 4785; x_wconf 91' lang='grc' dir='ltr'><strong>των</strong></span> <span class='ocrx_word' id='word_1_613' title='bbox 463 4731 765 4801; x_wconf 76' lang='grc' dir='ltr'>ὲξέμηνεν;</span> <span class='ocrx_word' id='word_1_614' title='bbox 821 4732 935 4785; x_wconf 85' lang='grc' dir='ltr'>Ούκ</span> <span class='ocrx_word' id='word_1_615' title='bbox 982 4732 1193 4802; x_wconf 89' lang='grc' dir='ltr'>ἀνδρῶν</span> <span class='ocrx_word' id='word_1_616' title='bbox 1221 4731 1376 4797; x_wconf 80' lang='grc' dir='ltr'>δόξα;</span> <span class='ocrx_word' id='word_1_617' title='bbox 1424 4730 1566 4799; x_wconf 82' lang='grc' dir='ltr'><strong>Ἐγὼ</strong></span> <span class='ocrx_word' id='word_1_618' title='bbox 1614 4731 1670 4784; x_wconf 81' lang='grc' dir='ltr'>δὲ</span> <span class='ocrx_word' id='word_1_619' title='bbox 1705 4733 1908 4804; x_wconf 82' lang='grc' dir='ltr'>ἀρετὴν</span> 
     </span>
    </p>
   </div>
   <div class='ocr_carea' id='block_1_93' title="bbox 324 4820 1904 4892">
    <p class='ocr_par' dir='ltr' id='par_1_93' title="bbox 324 4820 1904 4892">
     <span class='ocr_line' id='line_1_94' title="bbox 324 4820 1904 4892; baseline 0.001 -19"><span class='ocrx_word' id='word_1_620' title='bbox 324 4821 496 4891; x_wconf 79' lang='grc' dir='ltr'>ζητῶ,</span> <span class='ocrx_word' id='word_1_621' title='bbox 524 4823 615 4874; x_wconf 73' lang='grc' dir='ltr'><strong>καὶ</strong></span> <span class='ocrx_word' id='word_1_622' title='bbox 641 4821 748 4874; x_wconf 80' lang='grc' dir='ltr'>ἀπὸ</span> <span class='ocrx_word' id='word_1_623' title='bbox 767 4820 970 4891; x_wconf 87' lang='grc' dir='ltr'>ταύτης</span> <span class='ocrx_word' id='word_1_624' title='bbox 987 4824 1232 4875; x_wconf 82' lang='grc' dir='ltr'>ἐπαινεῖν</span> <span class='ocrx_word' id='word_1_625' title='bbox 1254 4823 1382 4883; x_wconf 81' lang='grc' dir='ltr'>τοὺς</span> <span class='ocrx_word' id='word_1_626' title='bbox 1403 4821 1603 4890; x_wconf 80' lang='grc' dir='ltr'>ἄνδρας</span> <span class='ocrx_word' id='word_1_627' title='bbox 1626 4820 1904 4892; x_wconf 86' lang='grc' dir='ltr'>βούλομαι.</span> 
     </span>
    </p>
   </div>
   <div class='ocr_carea' id='block_1_94' title="bbox 323 4913 1909 4984">
    <p class='ocr_par' dir='ltr' id='par_1_94' title="bbox 323 4913 1909 4984">
     <span class='ocr_line' id='line_1_95' title="bbox 323 4913 1909 4984; baseline 0 -18"><span class='ocrx_word' id='word_1_628' title='bbox 323 4914 436 4982; x_wconf 80' lang='grc' dir='ltr'><strong>Τῆς</strong></span> <span class='ocrx_word' id='word_1_629' title='bbox 462 4913 515 4967; x_wconf 79' lang='grc' dir='ltr'>δὲ</span> <span class='ocrx_word' id='word_1_630' title='bbox 542 4914 781 4982; x_wconf 77' lang='grc' dir='ltr'>ἀρχικῆς</span> <span class='ocrx_word' id='word_1_631' title='bbox 810 4913 1013 4981; x_wconf 78' lang='grc' dir='ltr'>ἀρετῆς</span> <span class='ocrx_word' id='word_1_632' title='bbox 1033 4913 1197 4967; x_wconf 80' lang='grc' dir='ltr'>διπλᾶ</span> <span class='ocrx_word' id='word_1_633' title='bbox 1223 4914 1517 4984; x_wconf 83' lang='grc' dir='ltr'>τεκμήρια,</span> <span class='ocrx_word' id='word_1_634' title='bbox 1566 4914 1828 4983; x_wconf 81' lang='grc' dir='ltr'>βασιλέιιις</span> <span class='ocrx_word' id='word_1_635' title='bbox 1849 4931 1909 4966; x_wconf 80' lang='grc' dir='ltr'><strong>τε</strong></span> 
     </span>
    </p>
   </div>
   <div class='ocr_carea' id='block_1_95' title="bbox 323 5002 1905 5078">
    <p class='ocr_par' dir='ltr' id='par_1_95' title="bbox 323 5002 1905 5078">
     <span class='ocr_line' id='line_1_96' title="bbox 323 5002 1905 5078; baseline 0 -20"><span class='ocrx_word' id='word_1_636' title='bbox 323 5006 380 5058; x_wconf 85' lang='grc' dir='ltr'>αἱ</span> <span class='ocrx_word' id='word_1_637' title='bbox 401 5006 447 5036; x_wconf 82' lang='grc'><strong>⁹⁹</strong></span> <span class='ocrx_word' id='word_1_638' title='bbox 472 5006 640 5075; x_wconf 69' lang='grc' dir='ltr'>ψῆφοι</span> <span class='ocrx_word' id='word_1_639' title='bbox 684 5004 779 5058; x_wconf 76' lang='grc' dir='ltr'>καὶ</span> <span class='ocrx_word' id='word_1_640' title='bbox 807 5002 914 5056; x_wconf 88' lang='grc' dir='ltr'><strong>τῶν</strong></span> <span class='ocrx_word' id='word_1_641' title='bbox 943 5005 1263 5076; x_wconf 81' lang='grc' dir='ltr'>ἀρχομένων</span> <span class='ocrx_word' id='word_1_642' title='bbox 1302 5007 1352 5058; x_wconf 90' lang='grc' dir='ltr'>οἱ</span> <span class='ocrx_word' id='word_1_643' title='bbox 1386 5006 1540 5059; x_wconf 80' lang='grc' dir='ltr'>πόθοι</span> <span class='ocrx_word' id='word_1_644' title='bbox 1566 5004 1778 5078; x_wconf 77' lang='grc'><strong>¹.[1157</strong></span> <span class='ocrx_word' id='word_1_645' title='bbox 1814 5006 1905 5078; x_wconf 65' lang='lat' dir='ltr'><strong>IL]</strong></span> 
     </span>
    </p>
   </div>
   <div class='ocr_carea' id='block_1_96' title="bbox 324 5092 1911 5165">
    <p class='ocr_par' dir='ltr' id='par_1_96' title="bbox 324 5092 1911 5165">
     <span class='ocr_line' id='line_1_97' title="bbox 324 5092 1911 5165; baseline 0 -18"><span class='ocrx_word' id='word_1_646' title='bbox 324 5095 483 5147; x_wconf 80' lang='grc' dir='ltr'>Μετὰ</span> <span class='ocrx_word' id='word_1_647' title='bbox 510 5094 619 5147; x_wconf 92' lang='grc' dir='ltr'><strong>τῶν</strong></span> <span class='ocrx_word' id='word_1_648' title='bbox 658 5095 837 5165; x_wconf 77' lang='grc' dir='ltr'>ἔργων</span> <span class='ocrx_word' id='word_1_649' title='bbox 866 5092 966 5163; x_wconf 84' lang='grc' dir='ltr'>τὴν</span> <span class='ocrx_word' id='word_1_650' title='bbox 1025 5093 1187 5163; x_wconf 86' lang='grc' dir='ltr'>φύσιν</span> <span class='ocrx_word' id='word_1_651' title='bbox 1226 5096 1556 5149; x_wconf 81' lang='grc' dir='ltr'>σκέπτεσθαι</span> <span class='ocrx_word' id='word_1_652' title='bbox 1595 5096 1744 5162; x_wconf 83' lang='grc' dir='ltr'>ἄξιον</span> <span class='ocrx_word' id='word_1_653' title='bbox 1774 5113 1787 5127; x_wconf 85' lang='grc'><strong>·</strong></span> <span class='ocrx_word' id='word_1_654' title='bbox 1818 5099 1911 5149; x_wconf 83' lang='grc' dir='ltr'><strong>καὶ</strong></span> 
     </span>
    </p>
   </div>
   <div class='ocr_carea' id='block_1_97' title="bbox 326 5185 1910 5257">
    <p class='ocr_par' dir='ltr' id='par_1_97' title="bbox 326 5185 1910 5257">
     <span class='ocr_line' id='line_1_98' title="bbox 326 5185 1910 5257; baseline 0.001 -21"><span class='ocrx_word' id='word_1_655' title='bbox 326 5185 442 5237; x_wconf 87' lang='grc' dir='ltr'>ῐσον</span> <span class='ocrx_word' id='word_1_656' title='bbox 471 5203 555 5248; x_wconf 88' lang='grc' dir='ltr'><strong>τις</strong></span> <span class='ocrx_word' id='word_1_657' title='bbox 579 5187 803 5257; x_wconf 78' lang='grc' dir='ltr'>εὑρήσει</span> <span class='ocrx_word' id='word_1_658' title='bbox 823 5186 921 5249; x_wconf 88' lang='grc' dir='ltr'><strong>τάς</strong></span> <span class='ocrx_word' id='word_1_659' title='bbox 982 5200 1044 5239; x_wconf 88' lang='grc' dir='ltr'><strong>τε</strong></span> <span class='ocrx_word' id='word_1_660' title='bbox 1108 5186 1336 5257; x_wconf 81' lang='grc' dir='ltr'>πράξεις</span> <span class='ocrx_word' id='word_1_661' title='bbox 1392 5185 1630 5257; x_wconf 77' lang='grc' dir='ltr'>ἠχούσας</span> <span class='ocrx_word' id='word_1_662' title='bbox 1678 5187 1772 5240; x_wconf 75' lang='grc' dir='ltr'><strong>καὶ</strong></span> <span class='ocrx_word' id='word_1_663' title='bbox 1809 5188 1910 5255; x_wconf 82' lang='grc' dir='ltr'>τὴν</span> 
     </span>
    </p>
   </div>
   <div class='ocr_carea' id='block_1_98' title="bbox 329 5278 1907 5351">
    <p class='ocr_par' dir='ltr' id='par_1_98' title="bbox 329 5278 1907 5351">
     <span class='ocr_line' id='line_1_99' title="bbox 329 5278 1907 5351; baseline 0 -21"><span class='ocrx_word' id='word_1_664' title='bbox 329 5278 494 5348; x_wconf 82' lang='grc' dir='ltr'>φύσιν</span> <span class='ocrx_word' id='word_1_665' title='bbox 513 5280 634 5333; x_wconf 75' lang='grc' dir='ltr'>ὅθεν</span> <span class='ocrx_word' id='word_1_666' title='bbox 659 5278 1071 5350; x_wconf 85' lang='grc' dir='ltr'>κατώρθωνται.</span> <span class='ocrx_word' id='word_1_667' title='bbox 1104 5279 1239 5332; x_wconf 91' lang='grc' dir='ltr'>Τίνα</span> <span class='ocrx_word' id='word_1_668' title='bbox 1259 5279 1323 5351; x_wconf 83' lang='grc' dir='ltr'>δὴ</span> <span class='ocrx_word' id='word_1_669' title='bbox 1345 5281 1443 5351; x_wconf 81' lang='grc' dir='ltr'><strong>τῆς</strong></span> <span class='ocrx_word' id='word_1_670' title='bbox 1468 5280 1685 5349; x_wconf 82' lang='grc' dir='ltr'>φύσεως</span> <span class='ocrx_word' id='word_1_671' title='bbox 1712 5278 1865 5331; x_wconf 83' lang='grc' dir='ltr'>τοῦδε</span> <span class='ocrx_word' id='word_1_672' title='bbox 1887 5281 1907 5310; x_wconf 77' lang='grc'><strong>⁸</strong></span> 
     </span>
    </p>
   </div>
   <div class='ocr_carea' id='block_1_99' title="bbox 2015 4542 3595 4610">
    <p class='ocr_par' dir='ltr' id='par_1_99' title="bbox 2015 4542 3595 4610">
     <span class='ocr_line' id='line_1_100' title="bbox 2015 4542 3595 4610; baseline -0.001 -10"><span class='ocrx_word' id='word_1_673' title='bbox 2015 4548 2091 4601; x_wconf 89' lang='lat' dir='ltr'><strong>ris</strong></span> <span class='ocrx_word' id='word_1_674' title='bbox 2121 4556 2172 4599; x_wconf 89' lang='lat' dir='ltr'><strong>et</strong></span> <span class='ocrx_word' id='word_1_675' title='bbox 2194 4549 2440 4601; x_wconf 89' lang='lat' dir='ltr'><strong>oratione</strong></span> <span class='ocrx_word' id='word_1_676' title='bbox 2477 4547 2664 4599; x_wconf 89' lang='lat' dir='ltr'><strong>urbem</strong></span> <span class='ocrx_word' id='word_1_677' title='bbox 2702 4546 3031 4599; x_wconf 89' lang='lat' dir='ltr'><strong>muniamus.</strong></span> <span class='ocrx_word' id='word_1_678' title='bbox 3058 4543 3194 4610; x_wconf 89' lang='lat' dir='ltr'><strong>Quid</strong></span> <span class='ocrx_word' id='word_1_679' title='bbox 3249 4560 3313 4597; x_wconf 72' lang='lat' dir='ltr'><strong>ex</strong></span> <span class='ocrx_word' id='word_1_680' title='bbox 3339 4542 3595 4598; x_wconf 87' lang='lat' dir='ltr'><strong>omnibus</strong></span> 
     </span>
    </p>
   </div>
   <div class='ocr_carea' id='block_1_100' title="bbox 2016 4634 3594 4708">
    <p class='ocr_par' dir='ltr' id='par_1_100' title="bbox 2016 4634 3594 4708">
     <span class='ocr_line' id='line_1_101' title="bbox 2016 4634 3594 4708; baseline -0.002 -17"><span class='ocrx_word' id='word_1_681' title='bbox 2016 4653 2267 4708; x_wconf 79' lang='lat' dir='ltr'><strong>magnam</strong></span> <span class='ocrx_word' id='word_1_682' title='bbox 2290 4639 2510 4691; x_wconf 83' lang='lat' dir='ltr'><strong>Homeri</strong></span> <span class='ocrx_word' id='word_1_683' title='bbox 2554 4640 2753 4692; x_wconf 79' lang='lat' dir='ltr'><strong>fatuam</strong></span> <span class='ocrx_word' id='word_1_684' title='bbox 2788 4638 2839 4692; x_wconf 90' lang='lat' dir='ltr'><strong>iu</strong></span> <span class='ocrx_word' id='word_1_685' title='bbox 2876 4636 3118 4690; x_wconf 83' lang='lat' dir='ltr'><strong>furorem</strong></span> <span class='ocrx_word' id='word_1_686' title='bbox 3150 4636 3261 4704; x_wconf 84' lang='lat' dir='ltr'><strong>egit</strong></span> <span class='ocrx_word' id='word_1_687' title='bbox 3290 4635 3315 4688; x_wconf 88' lang='lat'><strong>?</strong></span> <span class='ocrx_word' id='word_1_688' title='bbox 3344 4634 3479 4687; x_wconf 81' lang='lat' dir='ltr'><strong>Num</strong></span> <span class='ocrx_word' id='word_1_689' title='bbox 3521 4635 3594 4689; x_wconf 82' lang='lat' dir='ltr'><strong>vi-</strong></span> 
     </span>
    </p>
   </div>
   <div class='ocr_carea' id='block_1_101' title="bbox 2017 4727 3594 4800">
    <p class='ocr_par' dir='ltr' id='par_1_101' title="bbox 2017 4727 3594 4800">
     <span class='ocr_line' id='line_1_102' title="bbox 2017 4727 3594 4800; baseline -0.001 -16"><span class='ocrx_word' id='word_1_690' title='bbox 2017 4746 2203 4785; x_wconf 90' lang='lat' dir='ltr'><strong>rorum</strong></span> <span class='ocrx_word' id='word_1_691' title='bbox 2264 4731 2487 4800; x_wconf 79' lang='lat' dir='ltr'><strong>gloria?</strong></span> <span class='ocrx_word' id='word_1_692' title='bbox 2528 4731 2638 4797; x_wconf 76' lang='lat' dir='ltr'><strong>Ego</strong></span> <span class='ocrx_word' id='word_1_693' title='bbox 2680 4731 2933 4784; x_wconf 89' lang='lat' dir='ltr'><strong>virtutem</strong></span> <span class='ocrx_word' id='word_1_694' title='bbox 2979 4744 3187 4797; x_wconf 77' lang='lat' dir='ltr'><strong>quaero,</strong></span> <span class='ocrx_word' id='word_1_695' title='bbox 3240 4740 3295 4782; x_wconf 88' lang='lat' dir='ltr'><strong>et</strong></span> <span class='ocrx_word' id='word_1_696' title='bbox 3339 4729 3407 4783; x_wconf 89' lang='lat' dir='ltr'><strong>ob</strong></span> <span class='ocrx_word' id='word_1_697' title='bbox 3453 4727 3594 4782; x_wconf 82' lang='lat' dir='ltr'><strong>hanc</strong></span> 
     </span>
    </p>
   </div>
   <div class='ocr_carea' id='block_1_102' title="bbox 2016 4815 3591 4887">
    <p class='ocr_par' dir='ltr' id='par_1_102' title="bbox 2016 4815 3591 4887">
     <span class='ocr_line' id='line_1_103' title="bbox 2016 4815 3591 4887; baseline -0.003 -14"><span class='ocrx_word' id='word_1_698' title='bbox 2016 4822 2163 4876; x_wconf 87' lang='lat' dir='ltr'><strong>viros</strong></span> <span class='ocrx_word' id='word_1_699' title='bbox 2193 4821 2469 4874; x_wconf 83' lang='lat' dir='ltr'><strong>celebrare</strong></span> <span class='ocrx_word' id='word_1_700' title='bbox 2498 4820 2675 4886; x_wconf 87' lang='lat' dir='ltr'><strong>cupio.</strong></span> <span class='ocrx_word' id='word_1_701' title='bbox 2710 4818 3044 4887; x_wconf 85' lang='lat' dir='ltr'><strong>Principium</strong></span> <span class='ocrx_word' id='word_1_702' title='bbox 3105 4816 3328 4871; x_wconf 89' lang='lat' dir='ltr'><strong>virtutis</strong></span> <span class='ocrx_word' id='word_1_703' title='bbox 3358 4815 3591 4882; x_wconf 84' lang='lat' dir='ltr'><strong>duplicia</strong></span> 
     </span>
    </p>
   </div>
   <div class='ocr_carea' id='block_1_103' title="bbox 2015 4908 3587 4979">
    <p class='ocr_par' dir='ltr' id='par_1_103' title="bbox 2015 4908 3587 4979">
     <span class='ocr_line' id='line_1_104' title="bbox 2015 4908 3587 4979; baseline -0.006 -13"><span class='ocrx_word' id='word_1_704' title='bbox 2015 4924 2143 4967; x_wconf 87' lang='lat' dir='ltr'><strong>sunt</strong></span> <span class='ocrx_word' id='word_1_705' title='bbox 2208 4912 2427 4977; x_wconf 80' lang='lat' dir='ltr'><strong>indicia,</strong></span> <span class='ocrx_word' id='word_1_706' title='bbox 2464 4927 2587 4965; x_wconf 89' lang='lat' dir='ltr'><strong>cum</strong></span> <span class='ocrx_word' id='word_1_707' title='bbox 2627 4911 2767 4979; x_wconf 78' lang='lat' dir='ltr'><strong>regis</strong></span> <span class='ocrx_word' id='word_1_708' title='bbox 2795 4910 3033 4972; x_wconf 88' lang='lat' dir='ltr'><strong>decreta,</strong></span> <span class='ocrx_word' id='word_1_709' title='bbox 3074 4919 3187 4961; x_wconf 92' lang='lat' dir='ltr'><strong>tum</strong></span> <span class='ocrx_word' id='word_1_710' title='bbox 3244 4908 3587 4961; x_wconf 78' lang='lat' dir='ltr'><strong>subditorum</strong></span> 
     </span>
    </p>
   </div>
   <div class='ocr_carea' id='block_1_104' title="bbox 2017 5002 3590 5071">
    <p class='ocr_par' dir='ltr' id='par_1_104' title="bbox 2017 5002 3590 5071">
     <span class='ocr_line' id='line_1_105' title="bbox 2017 5002 3590 5071; baseline -0.005 -9"><span class='ocrx_word' id='word_1_711' title='bbox 2017 5022 2190 5062; x_wconf 89' lang='lat' dir='ltr'><strong>amor.</strong></span> <span class='ocrx_word' id='word_1_712' title='bbox 2232 5005 2368 5059; x_wconf 89' lang='lat' dir='ltr'><strong>Cum</strong></span> <span class='ocrx_word' id='word_1_713' title='bbox 2394 5005 2628 5059; x_wconf 85' lang='lat' dir='ltr'><strong>subditis</strong></span> <span class='ocrx_word' id='word_1_714' title='bbox 2655 5019 2919 5070; x_wconf 86' lang='lat' dir='ltr'><strong>amorem,</strong></span> <span class='ocrx_word' id='word_1_715' title='bbox 2971 5018 3091 5057; x_wconf 90' lang='lat' dir='ltr'><strong>cum</strong></span> <span class='ocrx_word' id='word_1_716' title='bbox 3122 5002 3379 5071; x_wconf 83' lang='lat' dir='ltr'><strong>Operibus</strong></span> <span class='ocrx_word' id='word_1_717' title='bbox 3432 5010 3590 5054; x_wconf 88' lang='lat' dir='ltr'><strong>natu-</strong></span> 
     </span>
    </p>
   </div>
   <div class='ocr_carea' id='block_1_105' title="bbox 2015 5093 3588 5168">
    <p class='ocr_par' dir='ltr' id='par_1_105' title="bbox 2015 5093 3588 5168">
     <span class='ocr_line' id='line_1_106' title="bbox 2015 5093 3588 5168; baseline -0.004 -17"><span class='ocrx_word' id='word_1_718' title='bbox 2015 5113 2130 5151; x_wconf 85' lang='lat' dir='ltr'><strong>ram</strong></span> <span class='ocrx_word' id='word_1_719' title='bbox 2168 5114 2266 5168; x_wconf 88' lang='lat' dir='ltr'><strong>par</strong></span> <span class='ocrx_word' id='word_1_720' title='bbox 2304 5108 2386 5151; x_wconf 92' lang='lat' dir='ltr'><strong>est</strong></span> <span class='ocrx_word' id='word_1_721' title='bbox 2419 5097 2780 5162; x_wconf 88' lang='lat' dir='ltr'><strong>considerari,</strong></span> <span class='ocrx_word' id='word_1_722' title='bbox 2815 5105 2870 5149; x_wconf 90' lang='lat' dir='ltr'><strong>et</strong></span> <span class='ocrx_word' id='word_1_723' title='bbox 2922 5095 3121 5164; x_wconf 88' lang='lat' dir='ltr'><strong>aliquis</strong></span> <span class='ocrx_word' id='word_1_724' title='bbox 3150 5093 3385 5161; x_wconf 89' lang='lat' dir='ltr'><strong>reperiet</strong></span> <span class='ocrx_word' id='word_1_725' title='bbox 3424 5106 3588 5161; x_wconf 83' lang='lat' dir='ltr'><strong>opera</strong></span> 
     </span>
    </p>
   </div>
   <div class='ocr_carea' id='block_1_106' title="bbox 2014 5184 3588 5261">
    <p class='ocr_par' dir='ltr' id='par_1_106' title="bbox 2014 5184 3588 5261">
     <span class='ocr_line' id='line_1_107' title="bbox 2014 5184 3588 5261; baseline -0.006 -16"><span class='ocrx_word' id='word_1_726' title='bbox 2014 5190 2239 5261; x_wconf 59' lang='lat' dir='ltr'><strong>aequalia</strong></span> <span class='ocrx_word' id='word_1_727' title='bbox 2277 5206 2399 5242; x_wconf 80' lang='lat' dir='ltr'><strong>cum</strong></span> <span class='ocrx_word' id='word_1_728' title='bbox 2461 5196 2676 5252; x_wconf 81' lang='lat' dir='ltr'><strong>natura,</strong></span> <span class='ocrx_word' id='word_1_729' title='bbox 2710 5205 2737 5240; x_wconf 80' lang='grc' dir='ltr'><strong>ιι</strong></span> <span class='ocrx_word' id='word_1_730' title='bbox 2768 5203 2873 5256; x_wconf 86' lang='lat' dir='ltr'><strong>qua</strong></span> <span class='ocrx_word' id='word_1_731' title='bbox 2928 5186 3262 5255; x_wconf 84' lang='lat' dir='ltr'><strong>diriguntur.</strong></span> <span class='ocrx_word' id='word_1_732' title='bbox 3322 5184 3588 5250; x_wconf 78' lang='lat' dir='ltr'><strong>Quamam</strong></span> 
     </span>
    </p>
   </div>
   <div class='ocr_carea' id='block_1_107' title="bbox 2014 5276 3585 5349">
    <p class='ocr_par' dir='ltr' id='par_1_107' title="bbox 2014 5276 3585 5349">
     <span class='ocr_line' id='line_1_108' title="bbox 2014 5276 3585 5349; baseline -0.002 -16"><span class='ocrx_word' id='word_1_733' title='bbox 2014 5280 2340 5349; x_wconf 87' lang='lat' dir='ltr'><strong>principium</strong></span> <span class='ocrx_word' id='word_1_734' title='bbox 2385 5288 2590 5333; x_wconf 86' lang='lat' dir='ltr'><strong>naturae</strong></span> <span class='ocrx_word' id='word_1_735' title='bbox 2625 5281 2776 5349; x_wconf 79' lang='lat' dir='ltr'><strong>signa</strong></span> <span class='ocrx_word' id='word_1_736' title='bbox 2814 5278 2838 5330; x_wconf 86' lang='lat'><strong>?</strong></span> <span class='ocrx_word' id='word_1_737' title='bbox 2878 5278 3148 5331; x_wconf 89' lang='lat' dir='ltr'><strong>acerrimo</strong></span> <span class='ocrx_word' id='word_1_738' title='bbox 3196 5292 3316 5330; x_wconf 90' lang='lat' dir='ltr'><strong>esse</strong></span> <span class='ocrx_word' id='word_1_739' title='bbox 3361 5276 3585 5345; x_wconf 88' lang='lat' dir='ltr'><strong>judicio,</strong></span> 
     </span>
    </p>
   </div>
   <div class='ocr_carea' id='block_1_108' title="bbox 1600 5374 2287 5430">
    <p class='ocr_par' dir='ltr' id='par_1_108' title="bbox 1600 5374 2287 5430">
     <span class='ocr_line' id='line_1_109' title="bbox 1600 5374 2287 5430; baseline -0.001 -2"><span class='ocrx_word' id='word_1_740' title='bbox 1600 5374 1839 5429; x_wconf 64' lang='grc' dir='ltr'>νΑιιιΑ)</span> <span class='ocrx_word' id='word_1_741' title='bbox 1880 5374 2287 5430; x_wconf 82' lang='lat' dir='ltr'><strong>LECTIONES.</strong></span> 
     </span>
    </p>
   </div>
   <div class='ocr_carea' id='block_1_109' title="bbox 399 5467 1857 5543">
    <p class='ocr_par' dir='ltr' id='par_1_109' title="bbox 399 5467 1857 5543">
     <span class='ocr_line' id='line_1_110' title="bbox 399 5467 1857 5543; baseline 0.002 -23"><span class='ocrx_word' id='word_1_742' title='bbox 399 5469 591 5543; x_wconf 56' lang='lat' dir='ltr'><strong>f’lﬁbv</strong></span> <span class='ocrx_word' id='word_1_743' title='bbox 610 5467 673 5523; x_wconf 89' lang='lat' dir='ltr'><strong>C.</strong></span> <span class='ocrx_word' id='word_1_744' title='bbox 748 5470 794 5543; x_wconf 78' lang='lat'><strong>’_°</strong></span> <span class='ocrx_word' id='word_1_745' title='bbox 818 5470 1204 5543; x_wconf 77' lang='grc' dir='ltr'>ἐδημοσίευσεν</span> <span class='ocrx_word' id='word_1_746' title='bbox 1233 5469 1298 5523; x_wconf 85' lang='grc' dir='ltr'>Δ.</span> <span class='ocrx_word' id='word_1_747' title='bbox 1346 5470 1417 5543; x_wconf 37' lang='grc'><strong>,³³</strong></span> <span class='ocrx_word' id='word_1_748' title='bbox 1448 5470 1857 5543; x_wconf 76' lang='grc' dir='ltr'>φιλανθρωπίας</span> 
     </span>
    </p>
   </div>
   <div class='ocr_carea' id='block_1_110' title="bbox 331 5539 1394 5608">
    <p class='ocr_par' dir='ltr' id='par_1_110' title="bbox 331 5539 1394 5608">
     <span class='ocr_line' id='line_1_111' title="bbox 331 5539 1394 5608; baseline -0.002 -13"><span class='ocrx_word' id='word_1_749' title='bbox 331 5540 620 5595; x_wconf 83' lang='grc' dir='ltr'>κυλὰκειον</span> <span class='ocrx_word' id='word_1_750' title='bbox 652 5555 731 5606; x_wconf 87' lang='lat' dir='ltr'><strong>pr.</strong></span> <span class='ocrx_word' id='word_1_751' title='bbox 754 5541 820 5603; x_wconf 79' lang='grc' dir='ltr'>Α,</span> <span class='ocrx_word' id='word_1_752' title='bbox 853 5539 1145 5595; x_wconf 77' lang='grc' dir='ltr'>κυλάκκιον</span> <span class='ocrx_word' id='word_1_753' title='bbox 1200 5556 1283 5608; x_wconf 87' lang='lat' dir='ltr'><strong>pr.</strong></span> <span class='ocrx_word' id='word_1_754' title='bbox 1332 5539 1394 5593; x_wconf 89' lang='lat' dir='ltr'><strong>C.</strong></span> 
     </span>
    </p>
   </div>
   <div class='ocr_carea' id='block_1_111' title="bbox 332 5610 1821 5681">
    <p class='ocr_par' dir='ltr' id='par_1_111' title="bbox 332 5610 1821 5681">
     <span class='ocr_line' id='line_1_112' title="bbox 332 5610 1821 5681; baseline 0.001 -18"><span class='ocrx_word' id='word_1_755' title='bbox 332 5613 374 5644; x_wconf 74' lang='grc'><strong>’⁷</strong></span> <span class='ocrx_word' id='word_1_756' title='bbox 399 5610 547 5664; x_wconf 87' lang='lat' dir='ltr'><strong>vocis</strong></span> <span class='ocrx_word' id='word_1_757' title='bbox 580 5610 839 5681; x_wconf 83' lang='grc' dir='ltr'>πατρίδος</span> <span class='ocrx_word' id='word_1_758' title='bbox 879 5611 1086 5665; x_wconf 85' lang='lat' dir='ltr'><strong>litteras</strong></span> <span class='ocrx_word' id='word_1_759' title='bbox 1119 5610 1169 5663; x_wconf 84' lang='grc' dir='ltr'><strong>ιδ</strong></span> <span class='ocrx_word' id='word_1_760' title='bbox 1212 5622 1488 5681; x_wconf 83' lang='lat' dir='ltr'><strong>correctas</strong></span> <span class='ocrx_word' id='word_1_761' title='bbox 1548 5610 1711 5667; x_wconf 68' lang='lat' dir='ltr'><strong>habet</strong></span> <span class='ocrx_word' id='word_1_762' title='bbox 1757 5612 1821 5666; x_wconf 85' lang='lat' dir='ltr'><strong>A.</strong></span> 
     </span>
    </p>
   </div>
   <div class='ocr_carea' id='block_1_112' title="bbox 305 5681 703 5748">
    <p class='ocr_par' dir='ltr' id='par_1_112' title="bbox 305 5681 703 5748">
     <span class='ocr_line' id='line_1_113' title="bbox 305 5681 703 5748; baseline 0.003 -15"><span class='ocrx_word' id='word_1_763' title='bbox 305 5684 381 5748; x_wconf 78' lang='lat'><strong>_’°</strong></span> <span class='ocrx_word' id='word_1_764' title='bbox 421 5681 478 5733; x_wconf 84' lang='grc' dir='ltr'>αἱ</span> <span class='ocrx_word' id='word_1_765' title='bbox 507 5696 616 5734; x_wconf 86' lang='grc' dir='ltr'>οιιι.</span> <span class='ocrx_word' id='word_1_766' title='bbox 642 5681 703 5734; x_wconf 75' lang='grc' dir='ltr'>Α.</span> 
     </span>
    </p>
   </div>
   <div class='ocr_carea' id='block_1_113' title="bbox 336 5750 630 5816">
    <p class='ocr_par' dir='ltr' id='par_1_113' title="bbox 336 5750 630 5816">
     <span class='ocr_line' id='line_1_114' title="bbox 336 5750 630 5816; baseline 0.003 -12"><span class='ocrx_word' id='word_1_767' title='bbox 336 5750 540 5805; x_wconf 82' lang='grc' dir='ltr'>τούτων</span> <span class='ocrx_word' id='word_1_768' title='bbox 564 5766 630 5816; x_wconf 74' lang='grc' dir='ltr'><strong>ς.</strong></span> 
     </span>
    </p>
   </div>
   <div class='ocr_carea' id='block_1_114' title="bbox 1496 5470 2171 5595">
    <p class='ocr_par' dir='ltr' id='par_1_114' title="bbox 1496 5470 2171 5595">
     <span class='ocr_line' id='line_1_115' title="bbox 1496 5470 2171 5543; baseline 0.001 -20"><span class='ocrx_word' id='word_1_769' title='bbox 1496 5470 1857 5543; x_wconf 84' lang='grc' dir='ltr'>ιλανθρωπίας</span> <span class='ocrx_word' id='word_1_770' title='bbox 1905 5472 2083 5541; x_wconf 74' lang='grc' dir='ltr'>ἥττων</span> <span class='ocrx_word' id='word_1_771' title='bbox 2108 5470 2171 5525; x_wconf 89' lang='lat' dir='ltr'><strong>C.</strong></span> 
     </span>
     <span class='ocr_line' id='line_1_116' title="bbox 1496 5540 2168 5595; baseline 0 0"><span class='ocrx_word' id='word_1_772' title='bbox 1496 5541 1541 5573; x_wconf 82' lang='lat'>”</span> <span class='ocrx_word' id='word_1_773' title='bbox 1565 5541 1710 5595; x_wconf 83' lang='grc' dir='ltr'>ΚάοΙ</span> <span class='ocrx_word' id='word_1_774' title='bbox 1767 5540 1954 5595; x_wconf 86' lang='grc' dir='ltr'>καοῶν</span> <span class='ocrx_word' id='word_1_775' title='bbox 1976 5542 2037 5595; x_wconf 89' lang='lat' dir='ltr'><strong>C.</strong></span> <span class='ocrx_word' id='word_1_776' title='bbox 2149 5544 2168 5574; x_wconf 79' lang='lat'><strong>°</strong></span> 
     </span>
    </p>
   </div>
   <div class='ocr_carea' id='block_1_115' title="bbox 1658 5541 2879 5687">
    <p class='ocr_par' dir='ltr' id='par_1_115' title="bbox 1658 5541 2879 5687">
     <span class='ocr_line' id='line_1_117' title="bbox 1658 5541 2873 5612; baseline -0.008 -16"><span class='ocrx_word' id='word_1_777' title='bbox 1658 5541 1710 5612; x_wconf 90' lang='grc' dir='ltr'>ρ]</span> <span class='ocrx_word' id='word_1_778' title='bbox 1767 5541 1954 5611; x_wconf 85' lang='grc' dir='ltr'>καρῶν</span> <span class='ocrx_word' id='word_1_779' title='bbox 1976 5542 2037 5595; x_wconf 89' lang='lat' dir='ltr'><strong>C.</strong></span> <span class='ocrx_word' id='word_1_780' title='bbox 2149 5544 2195 5580; x_wconf 71' lang='grc'><strong>⁸⁸</strong></span> <span class='ocrx_word' id='word_1_781' title='bbox 2214 5541 2608 5610; x_wconf 68' lang='grc' dir='ltr'>ἀποαλησαςιὶ.</span> <span class='ocrx_word' id='word_1_782' title='bbox 2715 5541 2873 5595; x_wconf 73' lang='grc' dir='ltr'>’δτὰς</span> 
     </span>
     <span class='ocr_line' id='line_1_118' title="bbox 1658 5604 2879 5687; baseline -0.007 -20"><span class='ocrx_word' id='word_1_783' title='bbox 1658 5626 1711 5667; x_wconf 81' lang='lat' dir='ltr'><strong>et</strong></span> <span class='ocrx_word' id='word_1_784' title='bbox 1757 5612 1863 5687; x_wconf 85' lang='lat' dir='ltr'><strong>A._</strong></span> <span class='ocrx_word' id='word_1_785' title='bbox 1931 5612 2432 5687; x_wconf 44' lang='grc' dir='ltr'><strong>ι⁹⁷ξηειροοίεμονοιιι.</strong></span> <span class='ocrx_word' id='word_1_786' title='bbox 2467 5608 2660 5687; x_wconf 88' lang='lat' dir='ltr'><strong>pr.</strong></span> <span class='ocrx_word' id='word_1_787' title='bbox 2735 5607 2780 5638; x_wconf 80' lang='lat'><strong>&quot;</strong></span> <span class='ocrx_word' id='word_1_788' title='bbox 2809 5604 2879 5687; x_wconf 66' lang='grc' dir='ltr'><strong>τῶ</strong></span> 
     </span>
    </p>
   </div>
   <div class='ocr_carea' id='block_1_116' title="bbox 805 5673 3187 5753">
    <p class='ocr_par' dir='ltr' id='par_1_116' title="bbox 805 5673 3187 5753">
     <span class='ocr_line' id='line_1_119' title="bbox 805 5673 3187 5753; baseline -0.005 -13"><span class='ocrx_word' id='word_1_789' title='bbox 805 5683 821 5711; x_wconf 80' lang='grc'>¹</span> <span class='ocrx_word' id='word_1_790' title='bbox 852 5696 972 5751; x_wconf 78' lang='lat' dir='ltr'><strong>quae</strong></span> <span class='ocrx_word' id='word_1_791' title='bbox 997 5692 1117 5749; x_wconf 88' lang='lat' dir='ltr'><strong>post</strong></span> <span class='ocrx_word' id='word_1_792' title='bbox 1156 5680 1312 5735; x_wconf 82' lang='grc' dir='ltr'>πόθοι</span> <span class='ocrx_word' id='word_1_793' title='bbox 1337 5681 1692 5749; x_wconf 85' lang='lat' dir='ltr'><strong>addebantur,</strong></span> <span class='ocrx_word' id='word_1_794' title='bbox 1740 5684 1878 5753; x_wconf 77' lang='grc' dir='ltr'>μετὰ</span> <span class='ocrx_word' id='word_1_795' title='bbox 1937 5673 2068 5737; x_wconf 67' lang='grc' dir='ltr'><strong>τᾶν-λ’</strong></span> <span class='ocrx_word' id='word_1_796' title='bbox 2096 5673 2414 5753; x_wconf 66' lang='grc' dir='ltr'>αρχομένων</span> <span class='ocrx_word' id='word_1_797' title='bbox 2443 5673 2493 5732; x_wconf 64' lang='grc' dir='ltr'>οἳ</span> <span class='ocrx_word' id='word_1_798' title='bbox 2526 5677 2694 5743; x_wconf 71' lang='grc' dir='ltr'>πόθοι,</span> <span class='ocrx_word' id='word_1_799' title='bbox 2724 5676 2879 5733; x_wconf 91' lang='lat' dir='ltr'><strong>omisi</strong></span> <span class='ocrx_word' id='word_1_800' title='bbox 2920 5689 3041 5729; x_wconf 90' lang='lat' dir='ltr'><strong>cum</strong></span> <span class='ocrx_word' id='word_1_801' title='bbox 3078 5673 3187 5729; x_wconf 87' lang='lat' dir='ltr'><strong>AC.</strong></span> 
     </span>
    </p>
   </div>
   <div class='ocr_carea' id='block_1_117' title="bbox 2274 5456 3588 5527">
    <p class='ocr_par' dir='ltr' id='par_1_117' title="bbox 2274 5456 3588 5527">
     <span class='ocr_line' id='line_1_120' title="bbox 2274 5456 3588 5527; baseline -0.007 -5"><span class='ocrx_word' id='word_1_802' title='bbox 2274 5471 2318 5501; x_wconf 70' lang='grc'><strong>³³</strong></span> <span class='ocrx_word' id='word_1_803' title='bbox 2347 5468 2665 5521; x_wconf 73' lang='grc' dir='ltr'>σκυλάκειον</span> <span class='ocrx_word' id='word_1_804' title='bbox 2716 5480 2861 5520; x_wconf 88' lang='lat' dir='ltr'><strong>corr.</strong></span> <span class='ocrx_word' id='word_1_805' title='bbox 2886 5463 2951 5527; x_wconf 88' lang='grc' dir='ltr'>Λ,</span> <span class='ocrx_word' id='word_1_806' title='bbox 3001 5461 3293 5515; x_wconf 84' lang='grc' dir='ltr'>σκυλάκιον</span> <span class='ocrx_word' id='word_1_807' title='bbox 3348 5474 3491 5513; x_wconf 88' lang='lat' dir='ltr'><strong>corr.</strong></span> <span class='ocrx_word' id='word_1_808' title='bbox 3525 5456 3588 5523; x_wconf 88' lang='lat' dir='ltr'><strong>C,</strong></span> 
     </span>
    </p>
   </div>
   <div class='ocr_carea' id='block_1_118' title="bbox 2715 5529 3593 5596">
    <p class='ocr_par' dir='ltr' id='par_1_118' title="bbox 2715 5529 3593 5596">
     <span class='ocr_line' id='line_1_121' title="bbox 2715 5529 3593 5596; baseline -0.013 -6"><span class='ocrx_word' id='word_1_809' title='bbox 2715 5535 2873 5595; x_wconf 73' lang='grc' dir='ltr'>’δτὰς</span> <span class='ocrx_word' id='word_1_810' title='bbox 2925 5534 2965 5588; x_wconf 88' lang='lat' dir='ltr'><strong>C</strong></span> <span class='ocrx_word' id='word_1_811' title='bbox 3004 5550 3017 5585; x_wconf 89' lang='lat'><strong>:</strong></span> <span class='ocrx_word' id='word_1_812' title='bbox 3050 5535 3175 5595; x_wconf 78' lang='grc' dir='ltr'>τοὺς</span> <span class='ocrx_word' id='word_1_813' title='bbox 3207 5549 3268 5596; x_wconf 83' lang='grc' dir='ltr'><strong>ς.</strong></span> <span class='ocrx_word' id='word_1_814' title='bbox 3345 5529 3389 5562; x_wconf 73' lang='grc'>⁸⁸</span> <span class='ocrx_word' id='word_1_815' title='bbox 3406 5530 3492 5582; x_wconf 83' lang='grc' dir='ltr'>ὅτε</span> <span class='ocrx_word' id='word_1_816' title='bbox 3523 5559 3593 5569; x_wconf 86' lang='grc'><strong>--</strong></span> 
     </span>
    </p>
   </div>
   <div class='ocr_carea' id='block_1_119' title="bbox 2735 5599 3587 5726">
    <p class='ocr_par' dir='ltr' id='par_1_119' title="bbox 2735 5599 3587 5726">
     <span class='ocr_line' id='line_1_122' title="bbox 2735 5599 3587 5673; baseline -0.006 -15"><span class='ocrx_word' id='word_1_817' title='bbox 2735 5607 2780 5638; x_wconf 79' lang='grc'><strong>’⁸</strong></span> <span class='ocrx_word' id='word_1_818' title='bbox 2809 5604 2919 5658; x_wconf 89' lang='grc' dir='ltr'><strong>τῶν</strong></span> <span class='ocrx_word' id='word_1_819' title='bbox 2955 5602 3170 5673; x_wconf 83' lang='grc' dir='ltr'>ἀφετῶν</span> <span class='ocrx_word' id='word_1_820' title='bbox 3222 5600 3485 5672; x_wconf 82' lang='grc' dir='ltr'>ἁρμάτων</span> <span class='ocrx_word' id='word_1_821' title='bbox 3521 5599 3587 5653; x_wconf 73' lang='grc' dir='ltr'><strong>(ἶ.</strong></span> 
     </span>
     <span class='ocr_line' id='line_1_123' title="bbox 2735 5668 3587 5726; baseline 0 0"><span class='ocrx_word' id='word_1_822' title='bbox 2735 5676 2879 5726; x_wconf 71' lang='lat' dir='ltr'><strong>amisi</strong></span> <span class='ocrx_word' id='word_1_823' title='bbox 2920 5689 3041 5726; x_wconf 88' lang='lat' dir='ltr'><strong>cum</strong></span> <span class='ocrx_word' id='word_1_824' title='bbox 3078 5673 3187 5726; x_wconf 85' lang='lat' dir='ltr'><strong>AC.</strong></span> <span class='ocrx_word' id='word_1_825' title='bbox 3264 5674 3284 5703; x_wconf 87' lang='grc'>¹</span> <span class='ocrx_word' id='word_1_826' title='bbox 3317 5668 3467 5725; x_wconf 78' lang='grc' dir='ltr'>τοῦδε</span> <span class='ocrx_word' id='word_1_827' title='bbox 3498 5672 3545 5726; x_wconf 59' lang='lat' dir='ltr'><strong>Ct</strong></span> <span class='ocrx_word' id='word_1_828' title='bbox 3573 5686 3587 5725; x_wconf 91' lang='lat'>:</span> 
     </span>
    </p>
   </div>
   <div class='ocr_carea' id='block_1_120' title="bbox 3317 5686 3587 5725">
    <p class='ocr_par' dir='ltr' id='par_1_120' title="bbox 3317 5686 3587 5725">
     <span class='ocr_line' id='line_1_124' title="bbox 3317 5686 3587 5725; baseline 0 0"><span class='ocrx_word' id='word_1_829' title='bbox 3317 5686 3467 5725; x_wconf 78' lang='grc' dir='ltr'>τουοι</span> <span class='ocrx_word' id='word_1_830' title='bbox 3498 5686 3545 5725; x_wconf 61' lang='grc' dir='ltr'><strong>(Α</strong></span> <span class='ocrx_word' id='word_1_831' title='bbox 3573 5686 3587 5725; x_wconf 74' lang='grc' dir='ltr'>Σ</span> 
     </span>
    </p>
   </div>
   <div class='ocr_carea' id='block_1_121' title="bbox 2149 5540 2608 5610">
    <p class='ocr_par' dir='ltr' id='par_1_121' title="bbox 2149 5540 2608 5610">
     <span class='ocr_line' id='line_1_125' title="bbox 2149 5540 2608 5610; baseline -0.007 -16"><span class='ocrx_word' id='word_1_832' title='bbox 2149 5544 2195 5580; x_wconf 71' lang='grc'><strong>⁸⁸</strong></span> <span class='ocrx_word' id='word_1_833' title='bbox 2214 5540 2529 5610; x_wconf 79' lang='grc' dir='ltr'>ἀποαλησας</span> <span class='ocrx_word' id='word_1_834' title='bbox 2547 5540 2608 5591; x_wconf 68' lang='lat' dir='ltr'><strong>tl.</strong></span> 
     </span>
    </p>
   </div>
  </div>
