3990 6232
439 246 574 307 1375

1521 237 1786 298 ΡΗΟΤῙΙ
1825 237 2343 298 PATRIARCH/E
2380 238 2490 299 ΟΡ.

3565 233 3702 301 13⁸16

435 357 652 414 sublimi
703 354 908 418 animo,
945 353 998 408 in
1044 349 1432 409 benefaciendo
1466 362 1800 421 promptum,
1849 351 2010 404 mori-

2120 351 2506 421 γνωρίσματα;
2555 346 2714 416 Ὀξὺς
2756 347 3040 419 φρόνησιν,
3093 348 3298 419 ὑψηλὸς
3344 347 3596 420 γνώμην,
3638 350 3698 402 εὖ

439 451 541 502 bus
569 460 694 500 esse
713 444 1085 514 popularibus,
1118 441 1428 512 eloquentia
1452 442 1496 496 si
1525 442 1816 496 dicendum
1847 450 2013 506 esset,

437 537 698 591 Periclem
756 535 994 597 vincere,
1056 533 1102 588 si
1163 533 1293 601 quid
1346 532 1637 603 agendum,
1677 530 2014 586 Alcibiadem

443 626 668 690 imitari,
696 626 886 678 urbem
938 623 1116 691 potius
1150 637 1357 685 amare,
1410 623 1788 690 pecuniasque
1835 620 2016 690 potius

436 726 810 779 contemnere,
834 713 1289 783 quemadmodum
1315 712 1584 768 Periclem
1637 713 1834 768 iecisse
1869 713 2014 767 dixi-

438 823 582 872 nius,
610 808 663 861 in
701 808 909 877 agendo
960 806 1418 860 vehementiorem
1457 805 1626 858 multo
1645 820 1766 860 esse
1815 804 2012 871 Clinia,

439 898 506 950 ad
536 901 802 966 agendum
836 896 918 950 vel
941 896 1059 952 sine
1081 905 1201 949 arte
1219 896 1329 964 lyra
1357 896 1549 963 quavis
1575 896 1842 963 aptiorem
1865 880 2012 950 esse.

438 988 623 1044 Talem
681 989 916 1058 aliquem
979 988 1232 1042 Proteum
1309 1002 1432 1042 esse
1501 985 1770 1057 Egyptite
1821 986 2016 1042 tabula:

436 1080 744 1145 ostendunt,
787 1095 908 1134 cum
940 1080 1188 1134 eumdem
1221 1094 1364 1133 nunc
1409 1079 1462 1133 in
1507 1093 1727 1148 aquam,
1763 1093 1910 1134 nunc
1959 1079 2014 1133 in

437 1175 705 1237 arborem,
753 1183 808 1228 et
864 1171 1138 1224 ﬂammam
1205 1181 1440 1224 mutant.
1525 1170 2014 1240 Promptitudinem

437 1273 647 1318 naturae
669 1278 766 1334 per
801 1262 905 1317 hoc
929 1263 1243 1333 signiﬁcare
1271 1263 1483 1317 volunt.

475 1457 562 1514 Ex
587 1463 826 1515 oratione
851 1462 903 1514 in
928 1456 1201 1514 Privatum
1227 1455 1540 1512 Romanum.
1571 1455 1987 1511 —Proaemium.

505 1552 674 1606 Amor
691 1554 828 1621 ignis
849 1551 1083 1606 Eleusini
1106 1550 1274 1605 traxit
1301 1550 1463 1605 etiam
1484 1548 1848 1605 Anacharsim
1877 1547 2016 1620 Scy-

437 1642 584 1696 tham
617 1644 683 1694 ad
714 1641 992 1710 mysteria.

597 1731 684 1785 Ea:
712 1733 972 1795 oratione,
1003 1746 1122 1784 cum
1158 1730 1412 1786 Corintho
1436 1745 1671 1784 reversus
1700 1738 1852 1784 esset.

507 1820 566 1875 Si
613 1835 770 1874 casus
816 1819 1011 1887 aliquis
1045 1834 1274 1888 corpora
1334 1827 1636 1889 separaret,
1675 1819 1859 1873 animo
1888 1827 2014 1873 tunc

433 1909 899 1978 prospiciendum,
924 1919 977 1963 et
1003 1923 1188 1963 amore
1228 1923 1380 1963 amor
1420 1910 1727 1964 amicorum
1777 1922 1882 1962 non
1929 1917 2015 1963 est

435 2001 821 2071 disjungendus
855 2016 871 2056 :
921 2013 1156 2070 agnosco
1211 1999 1514 2069 allectum;
1557 2000 1797 2056 animum
1835 2015 2013 2055 meum

433 2108 498 2146 ex
508 2093 668 2162 plicat
682 2092 881 2158 poesis.

431 2185 633 2256 375a
668 2184 714 2238 E
734 2183 1090 2256 propemptica
1139 2181 1196 2235 in
1248 2179 1568 2249 Ampelium.
1597 2209 1668 2222 —
1695 2178 2012 2236 Exordium.

507 2345 666 2400 Solus
692 2359 724 2400 e
774 2345 1001 2410 Graecis,
1027 2358 1060 2399 ο
1095 2342 1488 2410 adolescentes,
1534 2343 1696 2412 hujus
1755 2342 1902 2412 fugae
1937 2342 2016 2398 la-

431 2447 604 2501 queos
635 2434 922 2502 reperiam.
963 2434 1088 2489 lleri
1143 2433 1323 2504 fugam
1379 2437 1617 2490 minatus
1654 2444 1738 2509 est
1792 2450 2014 2500 currus,

434 2526 591 2580 hodie
620 2525 773 2580 visus
801 2535 885 2580 est
917 2527 1056 2581 meis
1095 2527 1303 2582 retibus
1335 2527 1664 2583 constrictus
1714 2540 1859 2582 esse.
1883 2524 2016 2581 Fer-

432 2629 520 2672 tur
557 2616 866 2673 Alexander
895 2619 1125 2674 vetustis
1159 2627 1214 2674 et
1248 2619 1532 2674 materiam
1584 2619 1885 2673 artiﬁcibus
1913 2619 2012 2674 de-

434 2710 600 2774 disse,
629 2710 702 2764 ita
732 2718 790 2762 ut
811 2707 1082 2780 Lysippus
1117 2709 1409 2779 etApelles
1427 2708 1660 2764 formam
1683 2708 1855 2777 ipsius
1886 2724 2014 2779 per-

435 2797 543 2864 titi,
569 2797 658 2852 ille
686 2799 902 2867 quidem
942 2799 1238 2864 coloribus,
1271 2800 1360 2855 hic
1410 2815 1544 2855 vero
1603 2815 1713 2854 aere
1761 2811 2012 2854 naturam

435 2887 582 2958 regis
607 2888 986 2959 explicuerint.
1034 2889 1170 2944 Cum
1215 2905 1343 2943 vero
1372 2890 1553 2945 oratio
1595 2905 1795 2960 corpus
1861 2899 2016 2945 tran-

434 2980 726 3045 scendens,
755 2996 877 3035 cum
907 2981 1072 3035 animi
1104 2989 1393 3036 venustate
1419 2990 1474 3036 et
1529 2982 1729 3036 decore
1787 2981 2014 3046 conjun-

2122 445 2298 496 ποιεῖν
2315 441 2532 505 ἄοκνος,
2589 439 2884 511 δημοτικὸς
2911 439 3004 493 τὸν
3034 439 3238 510 τρόπον
3256 455 3271 470 ⁸
3298 439 3347 493 εί
3387 439 3488 510 μὲν
3523 441 3700 493 εἰπεῖν

2120 534 2238 604 δέῃ.
2271 533 2365 586 τὸν
2399 530 2671 603 Περικλέα
2690 529 2884 596 νικῶν,
2916 531 2964 584 εί
2987 531 3044 584 δέ
3070 548 3123 584 τι
3144 531 3374 602 πρᾶξαι,
3400 531 3495 584 τὸν
3516 531 3699 585 Ἀλκι-

2123 625 2314 695 6ιάδην
2364 622 2724 694 μιμούμενος,
2757 621 2956 694 μᾶλλον
2984 622 3042 676 δὲ
3063 622 3158 676 καὶ
3181 621 3698 694 φιλόπολις[μᾶλλον

2121 715 2206 788 δὲ]
2240 715 2336 768 καὶ
2361 716 2658 786 χρημάτων
2691 714 2976 786 κρείττων,
3003 715 3140 786 ὅπερ
3170 713 3244 784 ³ή
3285 714 3576 784 συγγραφὴ
3602 715 3700 767 τὸν

2122 806 2399 877 Περικλέα
2431 805 2824 876 προσείρηκεν,
2846 805 2905 857 ὲν
2923 804 2979 857 δὲ
2994 803 3074 873 τῷ
3100 805 3366 874 πράττειν
3400 803 3580 873 πολλῷ
3599 803 3697 867 τοῦ

2123 896 2376 950 Κλεινίου
2425 896 2776 967 θερμότερος,
2834 895 3054 964 ἁπάσης
3111 894 3352 966 ἀτεχνῶς
3403 895 3575 964 λύρας
3632 895 3696 949 ού

2125 991 2276 1058 μεῖον
2305 987 2446 1059 πρὸς
2482 988 2666 1040 πᾶσαν
2697 984 2899 1056 πρᾶξιν
2915 985 3275 1055 εὐάρμοστος.
3293 985 3548 1040 Τοιοῦτόν
3574 1003 3699 1040 τινα

2123 1082 2215 1133 καὶ
2244 1078 2338 1132 τὸν
2370 1079 2601 1152 Πρωτέα
2642 1079 2902 1148 γενέσθαι
2953 1077 3114 1149 μῦθοι
3163 1077 3415 1148 δηλοῦσιν
3446 1077 3568 1150 [6H
3603 1075 3696 1152 ﬂ.)

2121 1170 2432 1239 Αἰγύπτιοι,
2460 1171 2589 1224 ὃταν
2617 1170 2780 1222 αὑτὸν
2828 1167 2926 1222 νῦν
2980 1167 3081 1240 μὲν
3125 1169 3207 1234 εἰς
3233 1168 3378 1240 ὕδωρ
3408 1169 3700 1240 άμείΰουσι

2121 1263 2216 1318 νῦν
2240 1263 2296 1318 δὲ
2315 1264 2397 1328 είς
2419 1263 2633 1334 δένδρον
2689 1264 2785 1317 καὶ
2838 1261 3013 1332 φλόγα
3032 1279 3048 1294 ο
3074 1262 3137 1316 τὸ
3185 1262 3408 1316 εὖκολον
3453 1263 3563 1335 γάρ
3598 1265 3704 1334 τῆς

2122 1357 2338 1426 φύσεως
2366 1356 2454 1410 διά
2479 1355 2672 1409 τούτου
2705 1355 2948 1426 σημῆναι
2985 1355 3294 1425 βούλονται.

2121 1451 2219 1503 Ἕκ
2238 1449 2346 1502 τοῦ
2365 1450 2454 1514 εἰς
2491 1447 2785 1516 Πριϐάτον
2817 1446 3124 1516 Ῥωμαῖον.
3153 1476 3223 1486 -
3258 1445 3329 1499 Τὸ
3355 1446 3698 1516 Προοίμιον.

2195 1541 2411 1610 Ἤγαγε
2461 1539 2519 1592 δὲ
2574 1539 2684 1610 άρα
2741 1540 2771 1592 ὁ
2796 1538 2892 1592 τοῦ
2924 1539 3096 1609 πυρὸς
3129 1538 3226 1591 τοῦ
3258 1540 3381 1592 κατ’
3414 1539 3702 1593 Ἐλευσῖνα

2122 1634 2286 1698 πόθος
2313 1633 2410 1687 καὶ
2436 1631 2766 1703 Ἀνάχαρσιν
2782 1632 2875 1685 τὸν
2910 1630 3124 1702 Σκύθην
3153 1632 3247 1685 ἐπὶ
3290 1633 3590 1702 μυστήρια.

2221 1725 2324 1780 Ἐκ
2349 1723 2457 1779 τοῦ
2484 1723 2585 1778 ὅτε
2608 1722 2729 1778 ἀπὸ
2755 1720 2868 1790 τῆς
2890 1721 3184 1790 Κορίνθου
3223 1720 3588 1789 ἐπανῆλθεν.

2187 1818 2251 1872 Ei
2269 1817 2328 1871 δὲ
2353 1817 2462 1888 ἄρα
2500 1815 2637 1888 τύχη
2672 1831 2760 1878 τις
2782 1813 3051 1883 διασχίζοι
3077 1811 3146 1867 τά
3175 1812 3428 1883 σώματα,
3462 1815 3531 1883 τῇ
3563 1811 3702 1882 γοῦν

2115 1912 2263 1983 ψυχῇ
2314 1908 2647 1982 προϐλέπειν
2697 1906 2794 1961 καὶ
2840 1906 2915 1978 μὴ
2973 1905 3054 1975 τῷ
3097 1905 3250 1976 πόθῳ
3291 1905 3403 1959 τῶν
3431 1905 3702 1959 παιδικῶν

2117 1999 2534 2072 ἀποσχίζεσθαι.
2564 1995 2824 2067 Γνωρίζω
2877 1993 2941 2046 τὸ
2985 1993 3192 2057 πάθος·
3227 1992 3368 2064 ὲμὴν
3401 1990 3700 2063 ἑρμηνεύει

2115 2093 2342 2164 γνώμην
2370 2092 2405 2161 ή
2431 2088 2672 2160 ποίησις.

2127 2187 2230 2241 Ἐκ
2259 2184 2370 2253 τῆς
2426 2183 2514 2246 είς
2584 2177 2924 2253 Ἀμπέλιον-
2957 2171 3440 2245 Προππμπτικῆς.
3493 2203 3567 2216 -
3621 2173 3698 2229 Τὸ

2750 2246 3082 2316 προοίμιον.

2189 2345 2462 2418 Ἧμελλον
2489 2341 2619 2414 ἄρα,
2651 2332 2697 2394 ὧ
2719 2340 2930 2401 παῖδες,
2957 2336 3192 2408 ήμελλον
3242 2335 3400 2406 μόνος
3428 2334 3690 2406 εὑρήσειν

2127 2441 2395 2512 Ἐλλήνων
2427 2436 2529 2506 τῆς
2551 2433 2706 2488 τοῦδε
2737 2431 2916 2501 φυγῆς
2945 2431 3016 2484 τά
3068 2428 3341 2500 θήρατρα.
3386 2426 3530 2490 xu;
3558 2426 3696 2496 δρα-

2117 2534 2254 2601 σμὸν
2279 2528 2496 2602 ηπείλει
2520 2527 2615 2580 καὶ
2634 2525 2880 2593 ἅρματα,
2903 2522 3146 2591 τήμερον
3174 2519 3333 2589 ώφθη
3383 2521 3498 2582 τοῖς
3530 2520 3691 2589 ἐμοῖς

2113 2626 2353 2689 δικτύοις
2395 2622 2692 2692 ἁλώσιμος.
2750 2615 3013 2671 Γενέσθαι
3057 2615 3158 2686 μὲν
3204 2613 3301 2668 καὶ
3344 2613 3698 2684 Ἀλέξανδρον

2114 2720 2270 2789 λόγος
2303 2718 2424 2779 ταῖς
2447 2713 2614 2768 πάλαι
2665 2711 2882 2781 τέχναις
2939 2707 3251 2776 ἀγώνισμα,
3311 2705 3452 2760 ὥστε
3484 2704 3549 2774 δὴ
3600 2703 3700 2758 καὶ

2115 2811 2433 2882 νειμάμενοι
2454 2806 2553 2876 τὴν
2585 2804 2798 2874 μορφὴν
2831 2798 2998 2854 αὐτοῦ
3037 2797 3326 2860 Λύσιππος
3375 2796 3470 2850 καὶ
3503 2793 3701 2848 ’Δπελ-ι-

2113 2903 2233 2974 λῆς,
2261 2904 2290 2954 ὁ
2315 2901 2413 2970 μὲν
2442 2896 2776 2967 φαρμάκοις,
2829 2895 2859 2946 ό
2901 2891 2960 2944 δὲ
3010 2887 3198 2961 χαλκῷ
3233 2889 3333 2959 τὴν
3390 2888 3554 2957 φύσιν
3599 2886 3698 2940 τοῦ

2119 2993 2383 3064 βασιλέως
2417 2990 2792 3060 ήρμήνευσαν.
2841 2982 2995 3035 Ἐπεὶ
3023 2980 3082 3034 δὲ
3108 2981 3137 3033 ό
3163 2977 3322 3047 λόγος
3360 2977 3606 3048 ὑπερϐάς
3637 2977 3702 3031 τὸ

433 3079 614 3134 gatur.
643 3069 725 3124 Sit
759 3079 816 3125 et
842 3070 955 3124 haec
980 3085 1104 3126 vera
1167 3070 1518 3134 delineatrix,
1573 3070 1778 3124 nullum
1813 3070 2005 3140 guber-

2120 3085 2280 3154 σῶμα
2309 3081 2488 3151 ψυχῆς
2512 3077 2691 3148 ὁμιλεῖ
2711 3075 2734 3108 ⁸
2767 3075 2864 3128 καὶ
2887 3075 2909 3105 ⁸
2961 3071 3150 3126 κάλλει
3189 3070 3284 3124 καὶ
3317 3071 3563 3141 χάρισιν,
3607 3069 3696 3139 εἴη

435 3168 683 3216 patorem
724 3161 955 3228 peritum
985 3162 1130 3216 omni
1176 3162 1380 3218 habens
1426 3161 1792 3229 navigatione.
1822 3160 2010 3215 Inﬁni-

436 3261 549 3304 tum
576 3266 698 3305 cum
724 3252 905 3320 in0pia
946 3253 1318 3309 confunditur.
1365 3253 1702 3308 Exercitatio
1729 3252 2013 3322 praesumit

432 3354 607 3398 artem
633 3359 794 3414 quam
813 3346 1022 3400 didicit.
1056 3347 1096 3399 Ε
1117 3349 1428 3403 carceribus
1458 3349 1523 3402 ad
1554 3347 1758 3403 calcem
1789 3361 2010 3402 cursum

434 3433 669 3504 dirigite.
703 3433 903 3490 Facilis
928 3437 1019 3491 es!
1043 3437 1351 3493 communis
1375 3438 1489 3493 haec
1545 3447 1630 3494 est
1683 3442 1870 3497 virtus.
1904 3441 2015 3496 Ma-

435 3523 546 3578 lum
579 3525 785 3580 odisti?
849 3541 970 3580 cum
1023 3529 1166 3583 malo
1193 3529 1357 3583 etiam
1404 3529 1599 3584 bellum
1627 3534 1814 3601 gessit.
1867 3534 2014 3602 lnju-

433 3624 637 3670 storum
655 3631 901 3673 naturam
942 3623 1204 3676 donorum
1233 3621 1454 3694 fugisti?
1483 3623 1612 3692 ipsa:
1631 3626 1794 3679 etiam
1820 3626 2013 3681 animae

433 3707 782 3777 suaejanuam
806 3712 1068 3767 damnoso
1099 3729 1251 3778 auro,
1285 3713 1667 3784 justitiamqne
1696 3719 2009 3787 coarguenti

432 3800 681 3856 occlusit.
743 3799 978 3858 Noverat
1025 3805 1170 3858 enim
1216 3805 1506 3873 justitiam,
1555 3823 1661 3862 non
1712 3823 1833 3863 esse
1886 3825 2008 3864 cum

435 3889 689 3943 tenuibus
725 3891 918 3958 opibus
969 3891 1266 3958 infamiam,
1323 3896 1418 3949 sed
1496 3909 1618 3948 cum
1668 3895 2012 3965 improbitate

436 3979 676 4046 divitias,
730 3982 917 4036 virtuti
969 3982 1220 4040 inimicas
1270 3995 1326 4040 et
1378 3985 1584 4055 gloriae.
1615 3984 1740 4042 Haec
1798 3987 2007 4044 initium

434 4068 649 4126 laudum
671 4082 774 4138 est,
794 4075 918 4143 quia
936 4087 992 4130 et
1019 4075 1230 4130 initium
1259 4093 1461 4133 rerum.
1485 4078 1597 4134 Hoc
1621 4095 1750 4135 vero
1788 4081 2007 4147 deinde,

433 4163 563 4235 quid
623 4164 748 4234 quis
813 4166 1072 4222 dixerit?
1124 4169 1253 4240 quid
1304 4172 1677 4227 observaverit
1717 4153 2008 4230 i'Discere

433 4252 582 4307 enim
617 4253 887 4309 inﬁnitum
920 4267 1026 4324 est,
1059 4274 1163 4312 non
1189 4260 1705 4332 dicere,ingratum.
1743 4263 2009 4330 Quemad-

432 4350 649 4402 modum
666 4349 740 4403 illi
760 4351 852 4420 qui
868 4351 1122 4421 pulchras
1143 4364 1356 4410 statuas
1381 4357 1681 4423 intuentur,
1706 4359 1998 4427 conjiciunt

2120 3179 2190 3232 ἂν
2221 3177 2313 3229 καὶ
2330 3169 2485 3236 οὗτος
2517 3168 2752 3241 ἀψευδὴς
2791 3166 3102 3237 ζωγράφος,
3140 3165 3216 3235 μὴ
3242 3163 3332 3218 τὸν
3393 3162 3699 3233 πρωράτην

2115 3268 2452 3338 ἐπιστήμονα
2515 3261 2664 3332 πάσῃ
2698 3257 2952 3329 ναυτιλίᾳ
3026 3254 3410 3326 κτησάμενος·
3463 3254 3528 3308 τὸ
3584 3252 3698 3324 γάρ

2112 3361 2339 3430 ἄπειρον
2367 3357 2462 3410 ἐπὶ
2479 3354 2578 3422 τῆς
2607 3352 2797 3423 χρείας
2826 3349 3182 3420 ταράττεται,
3214 3346 3274 3400 τὸ
3303 3345 3361 3399 δὲ
3387 3345 3699 3416 μελετῆσαν

2114 3453 2307 3522 θαρρεῖ
2341 3448 2441 3519 τὴν
2460 3446 2655 3516 τέχνην
2703 3443 2770 3514 ἣν
2803 3440 3028 3513 ἔμαθεν.
3059 3439 3158 3492 Ἐκ
3207 3437 3393 3492 πυλῶν
3453 3437 3536 3499 είς
3569 3437 3698 3490 νύσο

2115 3561 2214 3598 σαν
2245 3542 2360 3595 ἴσον
2383 3540 2475 3593 τὸν
2511 3537 2712 3608 δρόμον
2747 3532 2984 3587 ίθύνατε.
3024 3531 3203 3602 Πρᾶος
3234 3525 3318 3595 si;
3359 3529 3539 3582 κοινὸν
3591 3531 3692 3582 καὶ

2112 3631 2272 3686 τοῦτο
2302 3629 2708 3696 πλεονέκτημα.
2775 3622 2992 3678 Κακίαν
3048 3622 3264 3692 μισεῖ;;
3303 3620 3518 3691 κακξᾳ⁶
3570 3637 3697 3673 συν-

2113 3721 2571 3793 επεστράτενσεν.
2635 3714 2864 3769 Ἀδίκων
2906 3712 3096 3784 δώρων
3153 3712 3434 3776 ἐξὲκλινας
3492 3712 3693 3780 φύσινς

2110 3817 2402 3872 ἀπέκλεισε
2426 3812 2521 3866 καὶ
2543 3803 2697 3874 οὗτος
2725 3807 2825 3871 τὰς
2874 3806 2974 3875 τῆς
3022 3805 3202 3876 ψυχῆς
3234 3803 3409 3867 πύλας
3459 3803 3692 3876 ὑϐριστῇ

2109 3907 2295 3981 χρυσῷ
2325 3905 2421 3959 καὶ
2447 3899 2796 3968 δικαιοσύνην
2825 3897 3127 3966 ἐλέγχοντι.
3163 3895 3347 3964 Ἔγνω
3371 3895 3484 3962 γὰρ
3518 3896 3597 3957 ὡς
3629 3897 3692 3948 οὐ

2108 3997 2419 4068 δικαιοσύνη
2443 3995 2540 4048 σὺν
2567 3992 2769 4060 ὀλίγοις
2796 3989 2988 4060 ψόγος,
3017 3986 3154 4063 άλλά
3185 3986 3284 4038 σὺν
3311 3985 3499 4056 ἀδικίᾳ
3528 3984 3695 4038 πλοῦ-

2108 4110 2199 4157 τος
2224 4089 2415 4162 ἐχθρὸς
2444 4086 2644 4158 ἀρετῆς
2681 4082 2778 4136 καὶ
2819 4077 2914 4133 τοῦ
2971 4077 3371 4148 θαυμάζεσθαι.
3415 4076 3568 4148 Αὕτη
3627 4077 3692 4149 δὴ

2110 4184 2303 4256 πρώτη
2317 4179 2426 4234 τῶν
2451 4173 2743 4247 ἐγκωμίων
2773 4172 2937 4244 ἀρχὴ,
2967 4172 3048 4224 ὅτι
3079 4172 3172 4224 καὶ
3203 4169 3348 4242 ἁρχὴ
3365 4170 3387 4202 ⁷
3412 4169 3522 4224 τῶν
3544 4172 3687 4243 πρά-

2111 4276 2265 4341 ξεων.
2307 4272 2381 4326 Τὸ
2413 4270 2468 4325 δὲ
2503 4267 2641 4341 μετὰ
2670 4264 2832 4320 τοῦτο
2859 4265 2912 4316 τί
2943 4263 3041 4334 μὲν
3076 4262 3221 4314 εἴποι
3251 4279 3357 4328 τις,
3392 4261 3445 4315 τί
3501 4263 3560 4316 δὲ
3587 4281 3694 4332 φυ-

2113 4367 2368 4433 lagano;
2405 4363 2500 4416 καὶ
2554 4359 2662 4430 γάρ
2718 4356 2778 4410 τὸ
2834 4355 3017 4424 λέγειν
3068 4355 3294 4425 ἄπορον,
3354 4353 3450 4406 καὶ
3508 4355 3570 4408 τὸ
3616 4355 3693 4424 μὴ

428 4441 617 4494 oculos
644 4441 693 4494 in
719 4457 837 4497 eam
857 4460 975 4513 quae
999 4447 1174 4516 primo
1206 4448 1462 4516 occurrit,
1485 4449 1678 4506 deinde
1700 4452 1861 4506 aliam
1887 4464 2006 4522 post

2120 4427 2286 4526 λέγειν
2307 4427 2644 4525 ἀχάριστον.-
2677 4449 2892 4516 Ὥσπερ
2948 4444 3060 4515 γὰρ
3111 4444 3162 4498 oi
3205 4445 3277 4496 τά
3329 4444 3551 4516 κάλλη⁶
3583 4446 3696 4498 τῶν

430 4530 590 4584 aliam
616 4543 927 4599 spectantes
967 4537 1399 4608 dubitantquam
1443 4541 1593 4610 prius
1642 4543 2003 4614 conspiciant.

428 4621 616 4678 Potius
645 4639 772 4679 vero
799 4625 950 4695 (quid
971 4629 1114 4682 enim
1142 4629 1270 4683 mihi
1310 4645 1447 4698 opus
1481 4632 1700 4703 antiqua
1757 4635 2010 4698 similitu.

427 4712 557 4769 dine
577 4713 620 4785 ?)
679 4723 737 4769 ul
774 4716 809 4770 ii
829 4716 916 4784 qui
941 4718 1173 4787 aliquam
1202 4736 1234 4774 e
1263 4721 1445 4776 multis
1484 4724 1639 4780 novis
1669 4724 1864 4780 statuis
1898 4741 2001 4781 no-

430 4823 551 4861 vam
578 4809 781 4873 vident,
816 4811 1060 4879 aspicere
1085 4815 1398 4868 summatim
1436 4830 1626 4873 omnes
1681 4832 1713 4872 e
1760 4819 2006 4888 pulchri-

429 4899 616 4953 tudine
638 4915 758 4969 quae
778 4912 882 4968 est,
918 4902 969 4955 in
1007 4911 1122 4960 toto
1165 4905 1497 4963 circumfusa
1539 4918 1826 4980 coguntur,
1879 4926 2004 4981 par-

427 4988 691 5045 ticulatim
722 4992 968 5046 veroalia
993 4994 1101 5049 alio
1146 4996 1378 5051 ducente
1425 4997 1802 5066 cupiditatem,
1830 5001 2005 5055 admi-

424 5171 667 5242 nndique
723 5177 1100 5231 convenientia
1157 5177 1318 5232 aliam
1371 5179 1655 5235 historiam
1709 5184 2004 5252 postulant,

2108 4547 2442 4618 ἀγαλμάτων
2496 4540 2759 4612 θεώμενοι
2804 4536 3021 4608 ἔχονται
3060 4535 3159 4605 μὲν
3200 4536 3326 4597 τοὺς
3375 4534 3695 4606 ὀφθαλμοὺς

2108 4640 2214 4695 ὑπὸ
2243 4635 2338 4692 τοῦ
2371 4631 2587 4705 πρώτου
2615 4629 3074 4702 προσπίπτοντος,
3113 4627 3579 4697 μεταϐιϐάζοντες
3631 4629 3692 4683 δὲ

2109 4732 2299 4787 ἄλλοτε
2333 4726 2420 4780 ἐπ’
2451 4724 2580 4779 ἄλλο
2603 4721 2702 4792 τὴν
2737 4719 2865 4773 θέαν
2918 4719 3217 4790 ἀποροῦσιν
3246 4719 3274 4772 ὅ
3328 4735 3383 4772 τι
3431 4721 3694 4791 πρῶτονο

2107 4823 2410 4876 θεάσωνται
2435 4831 2450 4847 ο
2483 4812 2684 4884 μᾶλλον
2716 4809 2877 4877 δὲζ(τί
2928 4809 3039 4880 γάρ
3067 4808 3262 4878 μοιδεῖ
3316 4809 3557 4873 παλαιάς
3614 4812 3697 4862 εί-

2109 4914 2317 4981 κόνοςς)
2347 4909 2537 4976 ὥσπερ
2558 4905 2610 4958 οῖ
2638 4922 2688 4957 τι
2712 4902 2821 4955 τῶν
2848 4901 2985 4954 νέων
3009 4901 3072 4972 δη
3083 4918 3317 4972 μιουργη
3328 4903 3516 4971 μάτων
3561 4902 3698 4956 θεώ-

2105 5026 2252 5082 μενοι
2281 5007 2323 5036 ¹⁶
2351 5000 2716 5074 προσϐλέπειν
2742 4996 2840 5067 μὲν
2869 4995 3074 5050 ἅπασιν
3088 4994 3300 5065 ἀθρόως
3330 4995 3434 5048 ὑπὸ
3451 4995 3582 5066 [612
3601 4995 3694 5067 IL]

317 5076 319 5078 ’
426 5080 642 5137 ratione
673 5085 1046 5152 spectaculum
1073 5086 1404 5157 abrumpunt
1439 5089 1559 5143 :sic
1611 5098 1668 5144 et
1723 5092 1862 5146 iacta
1917 5101 2004 5147 tua

2120 5100 2196 5154 ςοῦ
2224 5091 2662 5168 περικεχυμένου
2693 5087 2770 5154 τῷ
2802 5087 2968 5141 παντὶ
3025 5087 3252 5150 κάλλους
3295 5085 3598 5158 βιάζονται,
3633 5090 3694 5140 ἐν

2105 5190 2264 5263 μέρει
2293 5186 2352 5240 δὲ
2405 5183 2564 5240 ἄλλου
2619 5178 2844 5233 ἄλλοθεν
2887 5177 3344 5249 δημαγωγοῦντος
3386 5179 3480 5232 τὸν
3518 5178 3690 5232 πόθον

424 5280 531 5320 nec
556 5266 639 5321 his
666 5267 933 5323 orationis
958 5269 1207 5325 terminis
1243 5271 1442 5327 includi
1471 5273 1676 5329 volunt.
1703 5275 1836 5344 Quis
1862 5276 2002 5332 facta

2120 5281 2386 5352 ςχίζονται
2443 5275 2544 5344 τὴν
2594 5271 2723 5325 θέαν
2751 5267 2830 5338 τῷ
2857 5267 3119 5338 θαύματι,
3185 5267 3350 5340 [1140
3401 5265 3496 5339 IL]
3546 5267 3695 5321 οὕτω

426 5357 515 5412 vel
535 5357 833 5427 justitiam,
873 5361 957 5418 vel
988 5362 1257 5433 privatam
1286 5379 1530 5435 operam,
1567 5367 1649 5422 vel
1692 5369 2002 5438 reipublicae

2120 5374 2209 5429 καὶ
2231 5371 2290 5425 αἱ
2325 5368 2418 5423 σαὶ
2449 5365 2676 5439 πράξεις
2715 5363 2888 5415 πᾶσαι
2927 5359 3266 5431 πανταχόθεν
3303 5361 3692 5432 προσπίπτου-

1701 5500 1933 5556 VARle
1973 5497 2376 5557 LECTIONES.

1667 5595 1888 5680 ‘ppl‘ld
1945 5595 2351 5680 Wernsdprﬁ'us
2408 5607 2424 5648 :
2501 5587 2644 5680 libri;
2694 5588 2906 5680 ώμίλει.
3019 5578 3692 5680 ⁸πμὶῃοηι..ϐ;“ξ.κάκίᾳ

555 5578 692 5650 ὅπερ
751 5581 978 5665 Ῐθτίθδεθ
1049 5589 1330 5658 legendum
1387 5592 1553 5666 ἥπερ.
1667 5595 1888 5666 δὸμιλεῖ
1945 5595 2348 5654 Wernsdorﬁus
2408 5607 2424 5648 :
2501 5587 2622 5644 libri
2694 5588 2906 5656 ὡμίλει.
3019 5585 3160 5640 ’καὶ
3189 5581 3385 5640 om.C.
3457 5578 3689 5666 ξκακίᾳ

555 5651 869 5737 jtjsdorhus:
898 5658 1018 5716 libri
1054 5662 1268 5726 κακίας.
1366 5665 1386 5696 ⁷
1417 5664 1498 5717 ὅτι
1539 5665 1634 5719 καὶ
1685 5665 1828 5737 ἁρχὴ
1867 5683 1978 5722 om.
2011 5667 2071 5724 ϐ.
2173 5667 2196 5700 ⁸
2229 5664 2399 5735 κάλλη
2452 5670 2574 5732 post
2611 5658 2948 5732 ἀγαλμάτων
2971 5657 3120 5729 ponit
3150 5655 3210 5712 C.
3305 5655 3328 5688 ⁸
3367 5667 3588 5727 πρωτον
3626 5667 3689 5715 ς.

430 5645 869 5726 ξγςτιιεὰὸτηυεε
898 5658 1018 5716 libri
1054 5645 1268 5726 κᾶκίας.

432 5717 481 5748 ⁸*
509 5717 790 5776 θεάσονται
808 5739 870 5786 ς.
