3990 6232
334 182 473 248 Ῑ3Ἱ7
1364 187 1894 250 BlBLIOTHECA.
1916 214 1987 224 —
2024 190 2187 254 COD.
2226 194 2535 269 CCXLIII.

3465 200 3603 268 1378

331 315 428 354 σαι
475 294 913 370 ίστορίανᾶλλην
946 293 1222 368 ζητοῦσιν,
1278 295 1393 350 ἀλλ’
1433 297 1494 349 ού
1527 298 1621 351 τὸν
1668 298 1899 369 παρόντα

2018 314 2202 369 curas,
2229 303 2427 374 inopia:
2453 305 2875 376 providentiam,
2905 308 2990 363 vel
3025 308 3355 381 principium
3385 320 3600 384 tempe-

327 390 443 444 τῶν
473 388 648 457 λόγων
673 389 842 460 νόμον
875 389 1183 459 ἀνέχονται.
1215 389 1328 451 Τὰς
1350 388 1579 457 πράξεις
1606 390 1734 461 εἴπῃ
1766 409 1849 454 τις
1874 390 1899 461 ἢ

2018 394 2248 448 rantiam
2291 410 2415 450 cum
2451 397 2763 463 clementia,
2792 399 2975 455 dicere
3010 402 3233 469 posset?
3279 401 3508 472 Propter
3551 416 3609 462 te

327 482 641 548 τὰςδίκας;
670 482 753 555 [ἢ]
805 483 905 554 τὴν
955 484 1014 535 ὲν
1043 482 1200 552 μέρει
1251 481 1559 553 σπουδὴνῆ
1616 483 1717 547 τὰς
1770 484 1899 553 ὑπὲρ

2018 481 2213 551 Sparta
2256 486 2532 539 sordidum
2597 487 2807 541 crinem
2861 488 2914 541 in
2966 498 3252 543 venustam
3317 491 3606 546 caesariem

326 576 439 628 τῶν
458 575 594 629 ὅλων
617 575 937 644 φροντὶδαςς
962 574 1153 637 πενίας
1177 573 1435 644 πρόνοιαν
1452 574 1487 644 ἢ
1512 574 1603 627 τὸν
1624 575 1721 627 σὺν
1743 575 1914 646 πραό-

326 684 458 737 τητι
488 665 599 719 τῶν
625 666 1061 719 δυναστευόντων
1092 665 1504 735 σωφρονισμόν;
1554 664 1712 718 Ἀλλὰ
1733 665 1824 718 διὰ
1851 666 1912 720 σὲ

326 762 425 815 καὶ
454 761 679 832 Σπάρτη
702 761 909 829 τρυφᾷ,
962 758 1225 824 ῥυπῶντα
1253 758 1540 827 πλόκαμον
1602 759 1682 821 είς
1708 758 1907 829 εὐανθῆ

325 854 508 923 κόμην
538 851 844 923 ἀμείψασα.
874 851 977 905 Τὸν
999 852 1058 906 δὲ
1106 851 1339 921 ἄπειρον
1370 851 1481 904 τῶν
1533 851 1911 920 οἰκοδομημά-

324 962 437 998 των
464 942 622 1014 ὄχλον
655 944 740 1005 τίς
765 943 831 996 ἂν
861 941 982 995 κατ’
1009 942 1166 1008 ἀξίαν
1197 941 1489 1011 δηλώσειες
1523 942 1783 1011 Περικλεῖ
1811 942 1908 1013 μὲν

325 1033 645 1104 προπύλαια
694 1034 832 1104 πρὸς
877 1032 1192 1101 φιλοτιμίαν
1240 1033 1401 1103 ἤρκει
1452 1033 1548 1085 καὶ
1598 1031 1907 1103 παρθενὼν,

324 1126 422 1178 καὶ
449 1121 596 1186 οἶκος
614 1125 828 1196 Δαρείῳ
849 1124 1255 1194 βασίλειος,καὶ
1282 1123 1529 1193 ἄμπελος
1568 1122 1908 1197 Ἀρταξέρξῃ

320 1218 528 1288 χρυσῆ,
566 1215 846 1287 Θεοδώρου
894 1217 1099 1286 Σαμίου
1142 1216 1378 1287 ποίημα,
1423 1217 1696 1286 ἄχρηστον
1748 1216 1908 1286 ἔργον

322 1309 640 1379 τρυφῶντος
657 1309 839 1380 Μήδου
869 1308 1010 1362 κατὰ
1032 1308 1131 1378 τῆς
1152 1308 1390 1377 φύσεως.
1428 1309 1502 1362 Σὺ
1535 1308 1593 1362 δὲ
1619 1308 1684 1360 ὲκ
1716 1306 1908 1360 Πυλῶν

323 1401 635 1472 ἀρξάμενος
660 1404 788 1473 ἄχρι
818 1401 912 1454 καὶ
934 1401 1345 1471 Πελοποννήσου
1383 1400 1557 1471 μυχοῦ
1602 1400 1785 1454 πάντα
1815 1399 1908 1454 τὸν

322 1491 384 1544 ὲν
424 1492 580 1562 μέσῳ
601 1490 767 1544 τόπον
793 1492 977 1555 πόλεις
1031 1490 1344 1560 ἀπέφηνας.
1394 1489 1679 1553 Στενωπός
1719 1506 1805 1552 τις
1837 1484 1907 1561 ἦν

321 1585 656 1648 Κολυττὸς¹¹
689 1583 834 1637 οὕτω
875 1584 1212 1655 καλούμενος
1254 1586 1313 1637 ὲν
1353 1581 1433 1653 τῷ
1467 1582 1783 1653 μεσαιτάτῳ
1805 1582 1905 1653 τῆς

320 1678 557 1745 πόλεως,
603 1678 780 1749 δήμου
822 1677 923 1749 μὲν
965 1678 1171 1748 έχωνη
1219 1676 1531 1747 ἐπώνυμον,
1591 1678 1801 1746 ἀγορᾶς
1848 1675 1904 1728 δὲ
1937 1663 1980 1717 Β

316 1771 484 1842 χρείᾳ
513 1772 843 1842 τιμώμενος.
873 1772 1028 1825 Κατὰ
1055 1770 1125 1842 δὴ
1165 1770 1323 1834 κλέος
1351 1770 1415 1824 τὸ
1469 1769 1642 1824 πάλαι
1680 1767 1905 1839 ἔρχεται

317 1864 415 1918 καὶ
432 1858 587 1927 οὗτος
612 1864 706 1917 ἐπὶ
734 1863 827 1917 τὸν
874 1864 1062 1929 τόπον,
1110 1862 1218 1917 ὑπὸ
1259 1862 1361 1933 τῆς
1400 1862 1593 1933 φήμης
1640 1862 1905 1933 δημαγω-

316 1956 607 2028 γούμενος.
658 1957 805 2011 Ἰδὼν
827 1957 885 2011 δὲ
926 1958 1028 2026 τὴν
1071 1957 1170 2027 μὲν
1221 1954 1386 2025 φύσιν
1421 1955 1641 2027 ἠγάσθη
1689 1954 1779 2009 τοῦ
1805 1955 1901 2009 τό·

317 2066 448 2112 που,
474 2052 542 2121 τῇ
578 2052 895 2120 κατασκευῇ
954 2051 1012 2103 δὲ
1059 2048 1304 2121 ήσχύνθη
1340 2048 1554 2122 [πλέονι
1610 2048 1755 2121 ὑπὲρ
1806 2050 1909 2119 τῆς

314 2140 550 2204 πόλεως,
581 2141 642 2193 οὐ
661 2140 770 2212 μὴν
794 2141 975 2209 ἀφῆκε
1017 2139 1184 2193 πλέον
1237 2139 1560 2209 ἐρυθριᾶσαι
1606 2140 1708 2210 τὴν
1744 2139 1900 2193 πόλιν

314 2232 414 2285 ἐπὶ
446 2231 524 2302 τῷ
553 2233 870 2301 πράγματι.
895 2232 968 2286 Σὺ
1002 2230 1098 2285 καὶ
1125 2232 1253 2294 τοὺς
1286 2231 1492 2301 μύθους
1522 2233 1750 2295 πιστοὺς
1797 2233 1903 2285 ἀπ-

317 2323 551 2389 έδειξας,
572 2324 657 2376 ὅτι
671 2324 846 2377 στένει
864 2325 958 2377 καὶ
985 2323 1130 2385 λίθος
1160 2322 1203 2355 ¹³
1225 2322 1365 2393 ἐρῶν
1379 2323 1476 2376 καὶ
1497 2322 1666 2378 λείϐει
1690 2323 1904 2393 δάκρυα

2014 583 2382 637 commutans,
2419 574 2471 628 in
2513 574 2723 630 deliciis
2763 577 2896 646 agit.
2931 577 3066 645 Quis
3122 578 3391 633 inﬁnitam
3432 581 3607 633 aedili-

2011 662 2220 717 ciorum
2275 666 2484 733 copiam
2537 681 2636 736 pro
2698 668 2962 738 dignitate
3026 672 3359 725 recenseat?
3405 670 3601 742 3756

2015 755 2241 812 Suil‘ecit
2287 755 2483 812 Pericli
2529 762 2595 813 ad
2631 762 3164 817 commendationem
3197 761 3498 834 Prnpylaaa,
3547 774 3603 820 et

2013 848 2350 916 Parthenon,
2383 859 2438 905 et
2480 852 2647 906 Dario
2673 838 2868 908 domus
2897 853 3115 923 regalis,
3146 870 3427 924 aureaque
3473 858 3601 911 vitis

2012 942 2303 996 Artaxerxi
2352 942 2623 998 Theodori
2665 946 2836 999 Samii
2880 962 3057 1016 opus,
3106 964 3229 1002 cum
3267 948 3456 1004 Medus
3505 950 3594 1006 ille

2014 1033 2209 1089 inutile
2242 1035 2344 1089 hoc
2383 1050 2521 1104 opus
2551 1038 2786 1093 adversa
2820 1049 3014 1092 natura
3045 1040 3096 1093 in
3120 1040 3329 1096 deliciis
3348 1042 3597 1099 haberet.

2011 1123 2092 1181 'l‘u
2131 1136 2311 1181 autem
2348 1141 2379 1180 a
2410 1125 2789 1199 Thermopylis
2814 1129 3102 1199 incipiens,
3125 1132 3191 1184 ad
3221 1146 3392 1199 usque
3420 1145 3599 1188 extre-

2012 1233 2155 1272 nmm
2188 1217 2549 1287 Peloponnesi
2586 1235 2889 1286 recessum,
2912 1236 3130 1277 omnem
3151 1223 3327 1277 locum
3357 1226 3594 1279 medium

2010 1309 2172 1364 urbes
2187 1310 2638 1366 essedeclarasti.
2663 1311 3026 1382 Fuitquidam
3079 1315 3229 1368 vicus
3262 1313 3507 1386 Colyttas
3541 1318 3596 1370 in

2009 1401 2160 1455 urbis
2186 1402 2484 1457 meditullio
2514 1406 2806 1469 vocitatus,
2825 1404 3001 1473 populi
3029 1406 3245 1474 quidem
3276 1409 3479 1463 habens
3497 1424 3600 1464 no-

2010 1509 2154 1557 men,
2174 1494 2269 1548 sed
2298 1494 2399 1547 fori
2427 1510 2523 1547 usu
2551 1495 2803 1559 celebris,
2830 1497 3084 1566 antiquus
3108 1498 3301 1568 gloria,
3336 1501 3482 1554 venit
3507 1501 3597 1555 ille

2011 1583 2115 1638 huc
2136 1586 2277 1637 fama
2298 1583 2722 1640 ductus.Videns
2741 1601 2872 1641 vero
2892 1598 3139 1641 naturam
3165 1588 3263 1644 loci
3294 1591 3597 1646 admiratus

2006 1688 2090 1731 est
2113 1694 2126 1730 :
2145 1691 2275 1732 orna
2286 1686 2340 1730 tu
2364 1692 2493 1731 vero
2514 1678 2663 1732 urbis
2684 1679 2857 1749 magis
2872 1678 3131 1735 confusus
3160 1690 3263 1746 est,
3290 1692 3595 1738 nontamen

2004 1767 2173 1822 desiit
2199 1767 2253 1821 in
2296 1781 2355 1821 re
2391 1770 2630 1836 gerenda
2668 1778 2894 1838 propter
2918 1770 3105 1826 urbem
3151 1774 3358 1841 pudore
3383 1775 3604 1830 suil‘un-

2006 1858 2084 1914 di.
2108 1856 2187 1913 Tu
2210 1873 2342 1914 vero
2369 1857 2589 1915 fabulas
2625 1861 2914 1916 credibiles
2946 1878 3067 1918 esse
3089 1866 3399 1921 ostendisti.
3451 1866 3597 1922 Cum-

2008 1954 2214 2024 lapides
2243 1955 2321 2011 tui
2345 1965 2595 2011 amantes
2626 1956 3006 2026 ingemiscant,
3034 1970 3089 2014 et
3112 1957 3381 2029 lacrymas
3408 1958 3580 2015 libent

2008 2044 2156 2098 velut
2202 2046 2271 2099 ab
2307 2057 2489 2099 amata
2530 2056 2820 2115 separatus
2858 2046 3050 2101 furtim
3083 2049 3347 2112 amasius,
3385 2058 3443 2101 ut
3489 2064 3597 2118 ego

2008 2151 2224 2200 vereor,
2263 2154 2331 2192 ne
2365 2137 2444 2193 tui
2475 2137 2806 2194 desiderium
2843 2139 3103 2195 damnum
3135 2140 3342 2209 aliquot
3366 2141 3598 2205 excitet,

2011 2238 2067 2284 et
2103 2229 2271 2299 aliqui
2321 2238 2574 2284 naturam
2598 2239 3021 2296 commutantes,
3056 2231 3110 2285 in
3143 2230 3335 2287 ﬂorem
3368 2241 3463 2286 aut
3499 2246 3595 2286 ar-

2022 2320 2211 2376 borem
2239 2321 2488 2375 conversi
2516 2320 2698 2375 fabula
2729 2322 2965 2376 absurda
2999 2322 3149 2376 (iant.

317 2421 515 2491 ὥσπερ
546 2421 781 2491 ἐραστὴς
817 2422 916 2489 τῆς
947 2419 1230 2490 ἐρωμένης
1254 2419 1653 2490 κλεπτόμενοςο
1686 2421 1763 2483 ὡς
1796 2418 1909 2487 ἐγὼ
1946 2417 2162 2472 δέδοικα
2226 2417 2301 2488 μή
2327 2433 2382 2469 τι
2418 2417 2513 2471 καὶ
2551 2416 2723 2480 πάθος
2746 2419 2774 2470 6
2812 2417 2941 2488 περὶ
2974 2417 3033 2470 σὲ
3066 2417 3229 2482 πόθος
3263 2418 3588 2504 ἐργάσηται³

315 2514 414 2567 καί
438 2531 583 2579 τινες
618 2513 719 2586 τὴν
782 2513 947 2583 φύσιν
992 2513 1326 2582 ἀμείψαντες
1380 2510 1500 2567 εἶτα
1557 2513 1709 2581 ξένον
1786 2513 1954 2584 μῦθον
1986 2511 2343 2581 γεννήσωσιν,
2368 2510 2591 2581 ἄνθοςῆ
2647 2509 2863 2581 δένδρον
2900 2510 3205 2582 γενόμενοι.

313 2630 424 2684 Ἕκ
446 2629 551 2685 τοῦ
571 2632 660 2697 είς
693 2631 1032 2685 Ἀνατόλιον
1054 2631 1349 2700 ὕπαρχον.
1374 2660 1446 2673 —-
1471 2630 1539 2685 Τὸ
1560 2630 1895 2701 Προοίμιον.

2003 2627 2085 2682 Ea:
2115 2629 2356 2683 oratione
2376 2630 2432 2681 in
2460 2628 2769 2681 Anatolium
2799 2627 3129 2697 prwfectttm.
3163 2657 3232 2667 —
3267 2627 3584 2685 Exordium.

398 2721 652 2793 Ἀχιλλέα
694 2724 826 2793 παρ’
871 2723 1098 2793 Ὁμήρῳ
1127 2722 1288 2792 φόνον
1346 2723 1562 2793 ἑταίρου
1593 2722 1899 2796 δακρύοντα

2070 2718 2285 2789 Jupiter
2319 2735 2416 2789 per
2447 2718 2777 2772 Mercurium
2808 2735 2839 2774 e
2868 2717 3008 2774 ccclo
3045 2727 3311 2773 tesseram
3341 2721 3589 2785 mittens,

314 2814 451 2878 Ζεὺς
480 2816 539 2880 ὲξ
561 2813 817 2886 ούρανοῦ,
844 2814 915 2867 δι’
945 2813 1149 2885 Ἑρμοῦ
1176 2813 1399 2884 πέμψας
1424 2814 1696 2887 σύνθημα,
1719 2814 1899 2868 ὃπλων

2003 2813 2143 2881 apud
2177 2796 2497 2875 Homerum,
2524 2811 2691 2881 jussit
2726 2811 2992 2865 Achillem
3017 2811 3152 2867 socii
3189 2827 3373 2867 casum
3400 2812 3589 2882 deplo-

314 2904 602 2960 ἐκέλευσεν
635 2904 897 2976 ἅψασθαι.
928 2904 1056 2977 Φέρ’
1108 2904 1202 2958 οὖν
1242 2905 1338 2959 καὶ
1392 2906 1555 2976 ἡμεῖς
1606 2904 1798 2977 ὥσπερ
1838 2904 1899 2958 ἐκ

2003 2911 2212 2957 rantem
2248 2916 2397 2957 arma
2425 2917 2661 2957 sumere.
2704 2903 2947 2972 Agedum
2974 2917 3105 2975 ergo
3130 2904 3295 2959 etiam
3333 2919 3431 2959 nos
3459 2914 3587 2959 tan-

310 3015 455 3061 τινος
480 2997 689 3052 ἄνωθεν
717 2996 987 3070 ῥεύματος
1022 2999 1104 3063 είς
1140 2999 1453 3069 πανήγυριν
1478 2998 1539 3051 τὸ
1598 2999 1773 3062 πάθος
1802 2996 1897 3051 λύ-

2003 3010 2165 3065 quam
2197 2993 2407 3049 caelesti
2438 2994 2619 3063 aliquo
2647 2994 2881 3064 impulsu
2910 2996 2963 3049 in
3008 2994 3307 3052 festivitate
3340 2996 3585 3053 dolorem

313 3108 529 3157 σαντες,
555 3090 635 3162 τῷ
657 3092 972 3165 μουσηγέτῃ
995 3090 1366 3162 χορεύσωμεν.
1394 3091 1550 3161 Θήρα
1573 3091 1765 3159 γέγονε
1800 3091 1899 3161 τῆς

309 3182 590 3252 ἡμετέρας
622 3183 820 3252 τέχνης
848 3182 877 3232 ὁ
914 3181 1088 3251 μέγας
1122 3179 1390 3251 ὕπαρχος.
1429 3181 1502 3231 Οὐ
1530 3177 1698 3249 μῦθος
1723 3176 1899 3231 ταῦτα

307 3272 437 3325 οὗτε
479 3273 701 3327 Ἀττικὰ
721 3271 936 3342 κομψεύ
944 3289 1111 3343 ματα,
1145 3269 1295 3337 ξένος
1313 3273 1377 3324 ὲκ
1398 3270 1593 3341 Θηϐῶν
1620 3269 1896 3333 Διόνυσος,

309 3368 590 3422 Ποσειδῶν
622 3367 859 3439 ἐραστής
913 3367 1023 3421 ἀπὸ
1046 3368 1144 3420 τοῦ
1174 3365 1442 3437 κύματος,
1484 3360 1573 3418 οἷα
1626 3364 1768 3417 κατὰ
1799 3366 1903 3430 τῆς

309 3457 518 3524 πόλεως
547 3461 806 3524 Λάκωνες
837 3458 1145 3524 παίζουσιν,
1176 3458 1292 3513 ἀλλ’
1309 3457 1510 3527 ἀληθὲς
1527 3456 1810 3526 ὲντύχημα
1830 3454 1896 3521 “,

307 3552 449 3606 ἀλλὰ
480 3552 697 3606 παιδεία
736 3552 834 3606 καί
862 3552 1039 3623 νόμοι,
1074 3549 1201 3621 ῥίζα
1238 3551 1348 3605 τῶν
1374 3549 1596 3619 ἀγαθῶν
1643 3549 1739 3602 καὶ
1794 3565 1901 3619 μη-

307 3644 583 3715 τρόπολις.
634 3645 806 3708 Αὐτός
847 3662 907 3698 τε
955 3643 1176 3714 φυτεύει
1231 3642 1306 3714 τῷ
1373 3641 1525 3712 φυτῷ
1580 3642 1757 3711 τούτῳ
1798 3639 1899 3711 τὴν

308 3737 507 3792 ἑαυτοῦ
539 3738 740 3809 ψυχὴν,
773 3737 1001 3791 Ἀττικὰ
1019 3735 1277 3808 ἐπάρδων
1304 3734 1373 3789 τὰ
1404 3734 1644 3805 νάματα.
1694 3731 1805 3786 ’Δεῖ
1839 3731 1896 3784 δὲ

306 3830 379 3884 τὰ
408 3830 450 3861 ⁸⁸
480 3829 623 3883 καλὰ
641 3829 866 3893 σπάνια,
894 3828 1159 3895 καὶδόξαν
1178 3826 1447 3882 ἀθάνατον
1476 3828 1589 3888 τοῖς
1617 3823 1895 3879 ἐπινοοῦσι

307 3912 700 3994 προμνώμενα.
734 3923 957 3994 Πρῶτος
992 3922 1093 3992 μὲν
1151 3922 1181 3976 6
1215 3920 1382 3991 σοφὸς
1440 3919 1773 3989 Ἀνάχαρσις
1821 3920 1889 3973 ἐκ

307 4015 531 4069 Σκυθῶν
560 4011 724 4087 ἦλθεν
749 4019 827 4079 εἰς
847 4014 1139 4085 Ἕλληνας,
1159 4014 1374 4084 πρῶτος
1398 4012 1455 4067 δὲ
1488 4011 1665 4082 Πέλοψ
1688 4011 1892 4079 Λυδῶν,

304 4103 438 4176 [615
459 4104 549 4177 IL]
568 4108 652 4159 ἐπ’
666 4104 945 4159 ἀθανάτων
965 4106 1147 4158 ἵππων
1174 4103 1313 4157 κατὰ
1327 4102 1566 4173 γαλήνης
1580 4100 1895 4172 ὀχούμενος.

304 4197 419 4250 Καὶ
467 4196 655 4266 μισθὸν
680 4200 780 4267 τῆς
804 4195 1154 4266 καινοτομίας
1180 4194 1443 4264 λαμῦάνει
1480 4193 1663 4246 δοῦναι
1691 4194 1756 4262 τῇ
1787 4189 1896 4261 χὼ-

306 4306 376 4358 pg
406 4288 466 4341 τὸ
499 4290 815 4360 πράσρημα.
843 4290 954 4343 Καὶ
979 4292 1007 4343 ὁ
1037 4288 1136 4359 μὲν
1161 4286 1381 4349 ἔπαινος
1411 4289 1470 4341 ὲν
1496 4285 1757 4354 αἰγιαλοῖς
1789 4284 1889 4350 ἔτι,

2002 3086 2302 3152 solventes,
2341 3085 2578 3155 Apollini
2631 3095 2941 3143 cantemus.
2976 3085 3087 3143 Nos
3128 3089 3335 3145 nostris
3374 3091 3593 3145 artibus

2000 3190 2256 3244 magnum
2300 3174 2448 3228 illum
2493 3174 2799 3246 principem
2845 3178 3114 3245 cepimus.
3156 3177 3276 3233 Non
3303 3180 3418 3234 haec
3458 3194 3593 3235 sunt.

2000 3281 2175 3336 nugae,
2205 3275 2299 3319 aut
2331 3266 2496 3320 Attici
2532 3267 2697 3333 sales,
2728 3267 2998 3322 Bacchum
3044 3284 3075 3324 e
3100 3268 3302 3325 Thebis
3339 3274 3591 3343 peregri-

2001 3371 2155 3420 num,
2195 3356 2500 3425 Neptunum
2532 3372 2562 3411 e
2606 3357 2856 3414 ﬂuctibus
2884 3368 3177 3428 amantem,
3203 3364 3361 3419 sicuti
3401 3369 3468 3420 ad
3492 3383 3589 3420 ur-

2001 3447 2122 3502 bem
2159 3446 2408 3504 Lacones
2451 3448 2662 3513 ludunt,
2712 3455 2806 3505 sed
2856 3468 3046 3507 verum
3087 3455 3438 3525 colloquium,
3490 3463 3586 3515 sed

2003 3538 2270 3595 institutio
2296 3549 2351 3595 et
2383 3541 2619 3605 sanctio,
2647 3543 2801 3598 radix
2830 3546 3097 3599 bonorum
3128 3558 3183 3601 et
3211 3550 3443 3605 initium.
3465 3549 3592 3622 Ipse

1999 3646 2137 3687 vero
2187 3634 2291 3687 hoc
2325 3634 2571 3703 germine
2618 3637 2860 3689 animum
2903 3652 3060 3692 suum
3111 3639 3341 3709 plantat,
3388 3645 3585 3701 Atticis

1999 3723 2232 3794 irrigans
2272 3724 2455 3794 aquis.
2492 3723 2721 3795 Semper
2754 3741 2888 3782 vero
2904 3729 3085 3783 omnia
3116 3732 3342 3799 pulchra
3368 3748 3584 3802 rara,et

1999 3817 2358 3872 immortalem
2381 3817 2610 3887 gloriam
2649 3819 3081 3889 intelligentibus
3108 3826 3427 3882 conciliant.
3455 3827 3589 3884 Pri-

1998 3923 2121 3964 mus
2156 3908 2377 3977 sapiens
2424 3910 2759 3967 Anacharsis
2783 3927 2816 3967 e
2856 3911 3077 3985 Scythia
3115 3915 3168 3970 in
3203 3917 3469 3974 Grteciant
3491 3937 3587 3976 ve-

1999 3999 2077 4052 nit
2101 4014 2117 4065 ;
2152 4000 2361 4068 primus
2389 3999 2583 4071 Pelops
2609 4016 2640 4056 e
2660 4001 2829 4073 Lydia
2868 4004 3268 4062 immortalibus
3293 4010 3344 4064 in
3374 4013 3587 4067 sereni-

1997 4101 2109 4145 tate
2139 4100 2325 4147 vectus
2355 4093 2538 4162 equis,
2572 4102 2628 4148 et
2653 4095 2961 4151 mercedem
2995 4112 3149 4153 nova:
3164 4100 3454 4158 divisionis
3485 4119 3578 4159 ac-

1995 4182 2147 4251 cipit,
2193 4194 2254 4237 ut
2308 4183 2521 4238 dederit
2566 4185 2775 4256 regioni
2822 4201 3161 4256 cognomen.
3194 4188 3261 4243 Et
3306 4190 3427 4247 laus
3486 4193 3589 4248 illa

1995 4276 2215 4346 quidem
2257 4275 2437 4330 adhuc
2488 4276 2543 4330 in
2597 4276 2883 4333 littoribus
2913 4296 2935 4333 :7
2966 4279 3194 4333 ﬂuctuat
3240 4294 3370 4335 vero
3402 4285 3592 4339 oratio-

304 4380 593 4448 πελαγίζει
628 4380 683 4433 δὲ
718 4383 748 4434 6
788 4381 963 4449 λόγος,
1006 4382 1105 4452 οὐχ
1149 4380 1292 4452 ὁρῶν
1329 4380 1496 4450 ὅρμον
1550 4376 1890 4447 φαινόμενον.

2004 4385 2111 4423 non
2162 4368 2354 4423 videns
2405 4377 2627 4436 portum
2666 4379 3045 4438 apparentem.
3094 4373 3367 4440 Optimum
3415 4374 3582 4445 igitur

302 4471 611 4543 Κράτιστον
640 4469 737 4525 οὖν
791 4472 920 4537 ἴσως
976 4475 1147 4526 είκόνι
1195 4471 1295 4542 τὴν
1343 4469 1493 4523 τοῦδε
1529 4470 1690 4538 φύσιν
1718 4470 1887 4539 θηρά-

304 4578 494 4629 σαντα,
523 4563 583 4617 τὸ
602 4564 697 4618 τοῦ
730 4564 948 4618 Φειδίου
985 4564 1355 4635 μιμήσασθαι.
1383 4562 1498 4615 Οὐκ
1546 4561 1731 4632 ἠγνόει
1760 4562 1885 4613 Φει-

299 4651 417 4715 δίας
438 4653 562 4717 ὅσος
595 4655 689 4708 καὶ
713 4657 779 4709 ἐν
799 4657 944 4719 ὅσοις
976 4658 1004 4709 6
1056 4656 1209 4719 Ζεὺς,
1262 4654 1357 4708 ἅτε
1413 4652 1511 4724 τήν
1560 4653 1739 4724 ψυχὴν
1784 4653 1884 4722 τῆς

299 4741 487 4812 χειρὸς
519 4741 845 4815 σοφώτερος.
878 4743 1212 4814 Βουλόμενος
1252 4738 1346 4797 οὖν
1375 4742 1456 4795 ἑνὶ
1500 4740 1738 4812 θηρᾶσαι
1782 4741 1882 4810 τήν

300 4832 423 4896 Διὸς
479 4832 641 4903 φύσιν
690 4834 990 4905 ἀγάλματι,
1053 4834 1242 4908 χρυσῷ
1291 4834 1536 4905 κεράσας
1592 4834 1879 4901 ἐλέφαντα,

1996 4461 2224 4515 forsitan
2268 4461 2459 4523 fuerit,
2492 4462 2633 4516 hune
2676 4461 2913 4531 imagine
2948 4462 3067 4529 ejus
3099 4474 3347 4519 naturam
3389 4469 3583 4538 expri-

1994 4563 2253 4618 mentem,
2284 4553 2535 4607 Phidiam
2569 4554 2621 4607 in
2644 4568 2709 4608 co
2737 4552 3101 4610 imitarLNon
3135 4556 3424 4626 ignorabat
3446 4560 3583 4615 Phi-

1993 4646 2136 4711 dias,
2169 4645 2292 4715 quis
2320 4648 2444 4701 etin
2470 4646 2668 4715 quibus
2696 4645 2909 4717 Jupiter
2938 4658 3107 4716 esset,
3142 4649 3355 4706 scilicet
3393 4655 3587 4709 animo

1990 4739 2189 4810 376a
2218 4741 2518 4809 sapientior
2545 4757 2709 4811 quam
2738 4741 2953 4796 dextra.
2995 4741 3233 4812 Cupiens
3269 4745 3434 4816 igitur
3469 4764 3583 4803 una

1992 4834 2227 4902 imagine
2272 4832 2422 4888 Jovis
2476 4834 2750 4904 ingenium
2794 4838 3105 4905 exprimere
3140 4853 3274 4892 auro
3315 4843 3577 4897 commis-

313 4923 547 4989 Ἠλείοις
584 4924 690 4996 μὲν
705 4926 806 4980 τὸν
832 4925 1151 4996 Ὀλύμπιον,
1197 4928 1310 4990 τοϊς
1339 4927 1397 4981 δὲ
1449 4926 1629 4990 ἄλλους
1670 4923 1883 4996 ἀνθρώ-

2003 4941 2120 4980 :ens
2156 4926 2313 4989 ebur,
2341 4926 2486 4981 Eleis
2512 4927 2730 4997 quidem
2750 4926 3085 4999 Olympium,
3115 4930 3235 4984 aliis
3262 4930 3586 4989 hominibus

299 5032 424 5080 ποις
448 5015 547 5070 τὸν
587 5018 685 5071 Δία
732 5017 904 5073 εἰκόνι
958 5016 1325 5089 μιᾷτοσοῦτον
1378 5018 1504 5071 ὅσον
1554 5017 1879 5071 ὲκτυπωσά-

2003 5018 2179 5076 lovetn
2222 5036 2327 5075 una
2369 5021 2607 5091 imagine
2652 5020 2845 5089 talem,
2880 5033 2941 5076 ut
2980 5032 3091 5087 est,
3117 5024 3403 5095 elliugens.
3436 5027 3587 5084 Volo

301 5125 485 5179 μενος.
522 5110 725 5165 Ἐθέλω
756 5112 815 5165 δέ
837 5128 920 5166 σοι
953 5110 1117 5165 θείων
1135 5114 1199 5166 ὲκ
1224 5113 1533 5184 φαρμάκων
1552 5110 1763 5182 γράψαι
1789 5110 1888 5165 τὸν

2003 5111 2084 5165 ibi
2118 5124 2150 5166 e
2200 5110 2398 5165 divinis
2439 5110 2716 5167 coloribus
2760 5113 2997 5167 tabulam
3046 5114 3312 5184 pingere,
3368 5122 3584 5174 terreni.

297 5202 534 5256 πίνακα·
556 5202 798 5259 ἔκπλυτα
818 5206 928 5278 γὰρ
952 5205 1163 5277 ταχέως
1184 5204 1372 5275 χρόνῳ
1386 5204 1455 5257 τὰ
1483 5205 1668 5276 γήϊνα.
1698 5203 1887 5273 Δόγμα

2003 5204 2137 5260 enim
2195 5203 2408 5258 colores
2445 5212 2691 5271 tempore
2734 5203 3384 5264 eluuntur:sententiam
3441 5225 3593 5281 vero,

294 5296 355 5349 δὲ
377 5300 471 5350 καὶ
492 5297 650 5363 δόξαν
683 5300 738 5352 ετ
763 5316 841 5370 τῳ
867 5299 1018 5371 φίλον
1042 5299 1229 5354 καλεῖν
1254 5298 1347 5352 τὺν
1372 5298 1596 5361 πίνακα,
1612 5299 1675 5351 ού
1695 5299 1885 5352 διοίσο-

2003 5304 2047 5351 at
2077 5296 2412 5365 opinionem,
2447 5295 2493 5350 si
2519 5297 2603 5351 sui
2639 5295 2815 5365 placet
2845 5298 3130 5355 nominare
3162 5301 3432 5369 tabulam,
3465 5322 3582 5359 non

298 5403 421 5459 μαι.
455 5387 610 5461 [illi
641 5388 733 5463 3.]
774 5391 1026 5446 Ἐπειδὰν
1062 5392 1230 5463 κάμοι
1262 5390 1324 5445 τὸ
1360 5390 1494 5444 πολὺ
1531 5390 1689 5459 σῶμα
1721 5388 1879 5444 τοῦτο

2003 5389 2334 5442 ιοηιοηάοιιι.
2366 5385 2814 5458 Quandoquidem
2852 5399 2911 5444 et
2939 5391 3070 5446 mihi
3100 5393 3201 5449 hoc
3228 5394 3421 5465 ingens
3448 5411 3584 5453 eor-

1598 5522 1839 5579 VAR’UE
1886 5519 2295 5579 LECTIONES.

395 5649 439 5683 "
461 5646 957 5722 Κολυττδς1κόλπος
991 5647 1055 5705 (ί.
1133 5647 1179 5683 ⁸¹
1206 5648 1345 5720 ιχων
1367 5662 1476 5702 om.
1514 5645 1574 5703 C.
1655 5646 1708 5680 “‘
1728 5646 1929 5710 λίθους.
2008 5644 2051 5677 ⁸⁸
2085 5642 2373 5715 εὐτύχημα
2395 5642 2458 5699 C.
2566 5645 2611 5678 ⁸⁸
2625 5645 2691 5701 τὰ
2714 5655 2837 5717 post
2857 5646 2913 5702 δὶ
2943 5647 3077 5703 οὐδ.
3104 5647 3222 5704 AC.
