3990 6232
451 228 590 292 1379

1580 223 1846 284 PIIOTII
1886 223 2388 284 PATRIARCHIE
2423 225 2529 285 ΟΡ.

3586 224 3724 292 1380

445 361 550 416 pus
589 340 1192 414 improbitatismorbo
1229 337 1394 410 (quod
1435 346 1633 392 terram
1673 339 1893 410 quidem
1931 351 2031 393 nos

2151 339 2335 402 ιιακίας
2385 339 2528 409 νόσῳ
2563 337 2941 410 φθειρόμενον,
2983 339 3011 393 δ
3068 340 3175 411 γῆν
3231 339 3330 411 μὲν
3389 342 3552 414 ἡμεῖς
3605 347 3725 399 ιιέν.

447 448 700 495 centrum
732 435 900 490 divini
928 433 1072 488 illius
1099 431 1284 486 mundi
1317 430 1619 501 putamus),
1655 440 1780 486 tunc
1815 429 2031 485 Lache-

449 545 574 586 seos
607 528 760 582 fusus
797 526 994 581 crelum
1027 525 1131 578 tela
1174 535 1486 594 penetrans,
1516 539 1548 577 e
1586 521 1735 577 lovis
1773 531 2034 592 penetra-

448 620 591 676 libus
621 619 858 673 animam
901 617 1174 670 sinceram
1202 614 1392 679 trahit,
1424 614 1735 668 divinarum
1764 611 2032 682 imagina-

450 713 658 766 tionum
714 709 1077 763 substantiam
1125 709 1190 762 ad
1250 723 1349 762 nos
1411 704 1859 762 transferentem.
1907 703 2033 758 Haec

449 803 593 874 parit
616 801 912 870 justitiam,
941 801 1059 855 haec
1084 800 1484 887 fortitudinem,
1521 815 1590 855 ex
1622 801 1712 855 illa
1748 797 2025 867 propriam

449 895 785 950 sententiam
819 907 954 962 pure
990 892 1104 962 ipsa
1148 893 1328 946 anima
1363 892 1568 948 habet:
1603 894 1745 947 hanc
1775 905 1905 946 vero
1938 904 2030 944 se-

449 987 636 1054 quitur
665 999 857 1052 magna
878 985 1146 1036 virtutum
1183 983 1443 1037 similium
1483 985 1740 1047 societas,
1767 967 2032 1036 sublimi-

453 1091 535 1132 tas
581 1078 802 1142 mentis,
841 1073 1165 1129 excellentia
1209 1074 1397 1137 animi,
1447 1075 1615 1128 libera
1663 1087 1788 1138 vox,
1840 1086 2034 1149 manus

449 1169 740 1225 beneficiis
787 1183 894 1222 non
933 1165 1256 1230 alliciendaz,
1297 1165 1553 1220 amicitia;
1593 1164 1856 1229 studium,
1889 1163 2035 1217 veri-

452 1264 582 1317 tatis
625 1277 814 1322 amor,
863 1257 1328 1312 incommutabilis
1375 1257 1644 1311 sententia
1685 1271 1751 1310 ex
1793 1255 2035 1309 amicitia

450 1358 706 1411 virtutem
751 1370 857 1408 non
918 1353 1252 1424 dijudicans,
1314 1352 1409 1408 sed
1473 1351 1678 1405 virtute
1730 1349 2034 1405 amicitiam

453 1450 784 1519 ponderans.

453 1563 542 1618 Ea:
561 1563 794 1616 oratione
821 1562 874 1614 in
901 1557 1514 1684 Pliwbumdproconsulis
1546 1555 1744 1626 ﬁlium.
1773 1584 1841 1599 --
1862 1553 2039 1611 Exor-

1193 1648 1326 1684 tum.

1193 1648 1326 1685 tum.

2135 447 2264 501 τρον
2318 431 2530 484 ἐκείνου
2593 431 2688 484 τοῦ
2737 430 2885 486 θείου
2963 432 3169 502 κόσμου
3227 434 3544 505 νομίζομεν,
3590 437 3717 490 τότε

2135 521 2426 593 Λαχέσεως
2481 521 2813 594 ἇτρακτος¹⁶
2859 523 3089 592 οὐρανὸν
3124 523 3316 594 σχίσας
3377 529 3492 590 τοῖς
3544 530 3722 597 νήμα-

2137 631 2220 666 σιν
2263 617 2326 668 ἐκ
2368 614 2470 684 τῆς
2511 615 2632 678 Διὸς
2689 617 2876 678 ἐστίας
2906 617 3029 683 ἄγει
3057 614 3235 687 ψυχὴν
3278 618 3580 688 ἀκραιφνῆ,
3611 620 3723 673 τῶν

2137 707 2298 760 θείων
2357 709 2664 779 φασμάτων
2721 707 2854 778 παρ’
2881 710 3046 777 ’ἡμᾶς
3103 709 3201 780 τὴν
3255 711 3447 763 οὐσίαν
3493 711 3724 783 διαπορ-

2135 797 2462 868 θμεύουσαν.
2491 799 2635 864 Αὕτη
2668 799 2824 870 φέρει
2843 797 3215 867 δικαιοσύνην,
3238 798 3377 870 αὕτη
3401 799 3658 870 ἀνδρείαν
3681 802 3721 833 ⁸⁷

2136 892 2269 962 παρ’
2309 892 2510 961 αὐτῆς·
2531 891 2930 961 αὑτοφρόνησις
2955 889 3261 961 καθαρῶςή
3287 891 3514 962 τοιαύτη
3549 891 3719 962 ψυχή.

2137 980 2375 1036 Ἔπεται
2404 981 2461 1034 δὲ
2479 982 2618 1051 αὐτῇ
2653 981 2748 1034 καὶ
2773 978 2986 1051 ἀρετῶν
3015 979 3316 1048 συμφύτων
3355 981 3550 1051 μυρίος
3603 980 3726 1034 θία-

2144 1090 2258 1139 σος,
2291 1071 2427 1142 ὖψος
2454 1072 2656 1142 ψυχῆς,
2697 1072 3146 1143 μεγαλοπρέπεια
3179 1070 3427 1140 γνώμης,
3459 1071 3727 1142 ἐλευθέρα

2143 1163 2317 1235 φωνὴ,
2351 1167 2534 1236 χεῖρες
2563 1165 2783 1234 ἀδωροι,
2828 1164 3012 1233 φιλίας
3043 1164 3228 1228 πόθος,
3270 1164 3530 1234 ἀληθείας
3558 1164 3721 1235 ἔρως,

2141 1258 2414 1328 ἄτρεπτον
2441 1257 2719 1329 φρόνημα.
2755 1255 2868 1310 Ούκ
2908 1258 2970 1308 ἐκ
2999 1254 3180 1325 φιλίας
3209 1255 3412 1326 ἀρετὴν
3436 1255 3640 1327 κρίνων
3658 1255 3724 1323 ⁸⁸⁸,

2141 1350 2257 1402 ἀλλ’
2293 1351 2353 1416 ἐξ
2378 1351 2578 1422 ἀρετῆς
2603 1349 2672 1403 τὰ
2698 1347 2802 1418 τῆς
2827 1349 3010 1418 φιλίας
3048 1347 3468 1418 σταθμώμενος.

2157 1557 2252 1609 Ἐκ
2281 1554 2389 1610 τοῦ
2417 1557 2504 1622 είς
2529 1556 2747 1610 Φοῖϐον
2785 1555 2892 1610 τὸν
2943 1554 3050 1608 τοῦ
3104 1551 3452 1609 ἀνθυπάτου
3516 1552 3722 1608 παῖδα.

2655 1656 2726 1667 -
2759 1627 2830 1681 Τὸ
2863 1625 3204 1694 Προοίμιον.

524 1725 826 1798 Sapientia:
858 1725 1029 1780 initiis
1055 1724 1550 1793 humiliorelingua
1581 1718 1918 1791 responsuri,
1948 1732 2039 1773 ve-

2218 1718 2482 1788 Σοφιστοῢ
2498 1718 2556 1773 δὲ
2581 1719 2625 1751 ¹⁹
2652 1718 2824 1790 θύραν
2845 1721 2909 1773 ἐκ
2936 1718 3266 1789 μικροτέρας
3297 1715 3546 1786 γλώττης
3568 1715 3732 1786 άμείο

455 1817 684 1887 rjsimile
733 1828 864 1886 puto
896 1816 1034 1879 fore,
1075 1824 1135 1867 ut
1177 1812 1493 1882 sophisticis
1536 1812 1702 1865 etiam
1737 1809 2039 1864 rationibus

463 1918 777 1962 occurrant.
818 1906 1088 1960 Isocrates
1129 1903 1375 1972 sophista
1405 1903 1614 1973 (notum
1659 1901 1914 1956 omnibus
1941 1901 2043 1954 hoc

455 2012 652 2053 nomen
688 2011 809 2051 cum
845 1995 1185 2049 orationibus
1214 2003 1365 2064 puto,
1387 1993 1517 2062 quia
1552 1993 1622 2047 ob
1646 1991 1795 2046 illum
1815 1989 2040 2060 Sophis-

457 2101 526 2143 tae
563 2089 828 2158 poeticam
867 2087 1229 2156 negligentes,
1269 2084 1545 2154 propriam
1590 2083 1762 2152 legem
1802 2080 2039 2150 amplexi

454 2182 628 2250 sunt).
671 2181 920 2233 oratione
954 2178 1170 2246 quidem
1200 2191 1414 2244 semper
1441 2174 1766 2244 eloquentia}
1787 2175 2046 2228 amatori-

453 2274 555 2328 bus
587 2271 784 2340 regalia
811 2270 1124 2324 scholarum
1153 2282 1376 2322 suarum
1408 2267 1689 2338 patefecit.

487 2363 572 2421 Ea:
599 2366 840 2418 oratione
871 2364 929 2416 in
976 2364 1266 2417 Arcadium
1317 2364 1576 2416 medicum
1609 2373 1657 2416 et
1694 2362 2004 2431 principem.

527 2456 831 2524 Descripsit
861 2469 1060 2523 pueros
1099 2453 1309 2508 circum
1347 2453 1648 2506 thalamum
1672 2453 1952 2524 ludentes,
1987 2459 2044 2506 et

459 2550 574 2604 suis
597 2563 690 2603 eos
715 2522 913 2601 fistulis
942 2545 1073 2599 facit
1096 2545 1375 2614 specimen
1400 2522 1689 2599 exhibere:
1717 2543 1874 2599 Nunc
1915 2559 2046 2598 vero

459 2642 602 2696 aliud
644 2648 950 2702 certamen,
988 2636 1133 2691 aliud
1163 2636 1425 2702 stadium,
1451 2618 1841 2706 llusarumque
1877 2635 2046 2689 delu-

461 2733 616 2787 brum
663 2729 836 2785 sacris
869 2727 1246 2783 sacerdotibus
1288 2735 1535 2794 apertum
1588 2727 1658 2780 ab
1694 2724 2047 2780 amicissimis

460 2823 816 2878 aleatoribus.
865 2819 1034 2873 Aiunt
1072 2816 1422 2872 Democidem
1462 2815 1610 2870 illum
1640 2816 2042 2882 Crotoniatum,

461 2919 695 2985 primum
735 2913 980 2968 Grmcam
1018 2908 1395 2982 {medicinam}
1433 2911 1596 2980 ,apud
1641 2909 1912 2965 Barbaros
1951 2923 2047 2964 co-

459 3009 651 3064 luisse.

708 3120 758 3175 E
783 3118 1149 3192 propemptica
1171 3118 1226 3171 in
1249 3131 1418 3170 socios
1453 3116 1807 3170 advenientes.

534 3278 851 3341 Animosns,
903 3273 1139 3330 orationi
1192 3273 1428 3327 miscens
1468 3271 1745 3335 allectum,
1794 3281 1848 3327 et
1892 3272 2047 3327 fortis

464 3371 672 3426 audivit
702 3386 716 3422 :
748 3371 858 3421 vita
904 3366 1103 3430 mollis,
1134 3379 1444 3418 mensuram
1475 3380 1677 3433 ponens
1711 3364 1921 3435 3761:
1953 3381 2048 3417 na-

468 3476 622 3526 turae,
657 3461 1069 3529 temperantiam
1097 3459 1414 3527 assumpsit.
1435 3457 1580 3512 Mare
1603 3470 1773 3513 mutat
1797 3472 2045 3514 naturam

467 3557 519 3609 in
560 3553 758 3607 multas
785 3553 1012 3606 formas.
1042 3549 1398 3618 Purpurascit
1421 3551 1644 3619 quidem
1666 3566 1789 3604 cum
1823 3551 2048 3605 intrau-

465 3649 790 3719 quillitatem
831 3646 1037 3700 sedarit
1089 3642 1310 3710 ﬂuctus,
1338 3645 1625 3698 obscuram
1656 3659 1787 3700 vero
1809 3645 2046 3712 speciem

468 3739 634 3793 habet
670 3751 794 3791 cum
831 3734 1090 3790 fluctibus
1118 3736 1395 3789 turbatum
1422 3732 1702 3789 ell‘eratur.

570 3934 620 3990 E
653 3934 1009 4004 propemptica
1065 3933 1121 3986 in
1160 3930 1506 3988 Flavianum.
1528 3962 1603 3974 —
1627 3931 1944 3990 Exordium.

457 4071 462 4074 I
540 4089 837 4161 Conjecisti
869 4104 978 4152 me,
1017 4088 1296 4143 meliorem
1320 4100 1600 4159 parantem
1631 4091 1825 4162 lyram,
1853 4105 1886 4145 o
1915 4092 2052 4144 ami-

2072 3065 2120 3128 C

2141 1812 2351 1882 ψαντας
2373 1813 2418 1845 ¹⁰
2446 1815 2780 1881 σοφιστικοῖς
2804 1812 2970 1875 εἰκὸς,
2987 1806 3161 1882 οἶμαι,
3189 1809 3609 1883 περιτυγχάνειν
3635 1808 3734 1862 καὶ

2141 1905 2497 1974 διηγήμασιν.
2556 1903 2874 1975 Ἰσοκράτης
2928 1905 2957 1957 ὁ
3007 1901 3271 1974 σοφιστὴς
3326 1899 3627 1972 (γνώριμον
3671 1898 3732 1951 δὲ

2144 1999 2336 2061 πᾶσιν,
2371 1993 2546 2066 οἶμαι,
2589 1995 2732 2066 μετά
2767 1997 2878 2050 τῶν
2907 1995 3082 2064 λόγων
3103 1994 3261 2048 atati.“
3289 1992 3548 2062 τοῦνομα,
3571 1991 3731 2044 ausa

2143 2088 2352 2141 ἐκεῖνον
2398 2087 2672 2157 σοφιστῶν
2718 2087 2941 2156 γλῶττα
2993 2086 3284 2157 ποιητικὴν
3337 2085 3660 2154 ἀτιμάσασα
3681 2083 3730 2114 ⁸⁸

2144 2182 2348 2234 οἰκεῖον
2377 2179 2541 2250 νόμον
2572 2181 2882 2251 ἠσπάσατο)
2928 2178 3075 2250 λόγῳ
3124 2178 3222 2248 μὲν
3255 2176 3343 2233 ἀεὶ
3398 2179 3515 2239 τοῖς
3556 2175 3736 2242 λόγων

2141 2273 2313 2342 ἐρῶσι
2325 2272 2394 2325 τά
2413 2271 2657 2342 βασίλεια
2677 2272 2785 2324 τῶν
2801 2271 2995 2324 ἐαυτοῦ
3018 2271 3284 2341 μουσείων
3306 2267 3730 2322 ἀνεπετάννυεν.

2180 2364 2285 2417 Ἐκ
2315 2365 2424 2418 τοῦ
2451 2366 2538 2430 είς
2572 2363 2893 2432 Ἀρκάδων
2937 2363 3043 2416 τὸν
3075 2363 3279 2429 ἰατρὸν
3305 2361 3402 2414 καί
3435 2362 3694 2429 κόμητα.

2218 2456 2521 2521 Παίζοντας
2557 2458 2664 2526 γὰρ
2700 2456 2828 2519 τοὺς
2853 2455 3007 2517 νέους
3038 2455 3167 2524 περὶ
3189 2453 3430 2523 θάλαμον
3451 2452 3733 2522 ἱστόρησε,

2147 2551 2246 2603 καὶ
2269 2553 2391 2612 ταῖς
2424 2549 2638 2603 ἑαυτῶν
2680 2548 2825 2617 ἴυγξι
2865 2549 3012 2600 ποιεῖ
3047 2547 3146 2618 τὴν
3175 2546 3337 2616 χάριν
3381 2546 3732 2614 ἐλέγχοντας.

2146 2642 2263 2696 Νῦν
2294 2642 2349 2696 δὲ
2376 2643 2564 2712 ’ἑτερος
2589 2637 2773 2707 ἆθλος,
2804 2641 2898 2694 καὶ
2923 2640 3051 2694 ἄλλο
3072 2639 3310 2703 στάδιον,
3342 2638 3440 2691 καὶ
3490 2634 3732 2691 Μουσῶν

2146 2731 2372 2802 τέμενος
2399 2731 2708 2802 μύσταις²⁹⁶
2734 2731 2902 2792 ὁσίοις
2926 2731 3298 2798 ἀνοιγόμενον.
3320 2728 3457 2798 Περὶ
3473 2731 3588 2791 τοῖς
3614 2727 3737 2796 φιλ-

2147 2824 2331 2884 τάτοις
2357 2823 2673 2878 κυϐεύουσι.
2701 2823 2840 2875 Φασὶ
2859 2822 2916 2875 δὲ
2941 2822 3036 2874 καὶ
3069 2820 3394 2892 Δημοκήδην
3447 2821 3539 2872 τὸν
3582 2820 3735 2889 Κρο-

2147 2915 2418 2983 τωνιάτην
2443 2917 2650 2969 ἐκεῖνον
2672 2914 2765 2967 τὸν
2794 2913 3010 2984 πρῶτον
3039 2913 3291 2983 ἰατρικὴν
3327 2912 3556 2966 Ἐλλάδα
3582 2912 3732 2984 παρά

2153 3008 2446 3080 βαρϐάροις
2483 3008 2808 3077 κομίσαντα.

2149 3119 2247 3170 Ἐκ
2276 3115 2382 3170 τοῦ
2412 3119 2866 3186 προπεμπτικοῦ
2897 3115 3005 3169 τοῦ
3048 3116 3136 3181 εις
3165 3113 3305 3182 τοὺς
3358 3114 3736 3183 προσελθόνο

2711 3203 2820 3251 τας
2868 3186 3166 3252 ἑταίρους.

2221 3277 2348 3350 [614
2386 3277 2479 3349 H.]
2518 3278 2576 3330 Ὀ
2616 3277 2902 3349 θυμοειδὴς
2948 3275 3048 3349 τὴν
3081 3279 3281 3348 ψυχὴν,
3312 3277 3456 3347 λόγῳ
3488 3277 3733 3346 κεράσας

2145 3370 2206 3423 τὸ
2234 3369 2426 3433 πάθος,
2448 3370 2692 3443 ἀνδρεῖος
2713 3370 2946 3440 ἤκουσεν
2964 3385 2979 3401 ο
3012 3372 3041 3422 ὁ
3067 3371 3156 3424 τὸν
3183 3370 3298 3439 βίον
3315 3369 3504 3440 ἁϐρὸς,
3531 3367 3731 3438 μέτρον

2146 3462 2358 3526 ἐπιθεὶς
2371 3464 2438 3533 τῇ
2459 3463 2645 3532 φύσει,
2677 3461 2778 3531 τὴν
2805 3461 3162 3533 σωφροσύνην
3186 3461 3512 3530 ἐλάμϐανεν.
3549 3459 3735 3524 ’Δμεί-

2149 3556 2232 3609 ϐει
2260 3556 2358 3626 τὴν
2393 3554 2556 3623 φύσιν
2584 3555 2665 3619 είς
2686 3555 2891 3619 πολλάς
2912 3556 3058 3618 ἰδέας
3090 3556 3182 3608 καὶ
3215 3553 3454 3607 θάλαττα
3476 3569 3488 3580 ·
3519 3550 3733 3620 πορφύ-

2152 3667 2234 3721 ρει
2261 3649 2381 3718 μὲν,
2413 3648 2542 3701 ὅταν
2571 3650 2652 3711 είς
2674 3648 2915 3718 γαλήνην
2944 3649 3211 3718 στορεσθῇ
3242 3648 3310 3701 τά
3356 3645 3602 3714 κύματα,
3647 3643 3734 3706 ζό-

2149 3759 2247 3810 φον
2268 3740 2324 3793 δὲ
2341 3739 2454 3812 ἔχει
2488 3739 2551 3792 τὸ
2595 3741 2909 3813 πρόσωπον,
2965 3741 3094 3794 ὅταν
3157 3739 3417 3810 ἀγριαίνῃ
3456 3751 3734 3808 ταρασσο-

2152 3833 2286 3904 μένη
2307 3834 2420 3896 τοῖς
2443 3833 2706 3904 κύμασιν.

2149 3945 2258 3999 Ἐκ
2319 3943 2429 3999 τοῦ
2485 3945 2576 4008 είς
2626 3943 2966 3998 Φλαϐιανὸν
3013 3941 3486 4014 προπεμπτικοῦ.
3519 3969 3596 3982 -
3661 3939 3735 3994 Τὸ

2774 4016 3114 4083 Προοίμιον.

2221 4100 2525 4172 Κρείττονά
2559 4118 2626 4172 με
2649 4101 2841 4173 λύραν,
2885 4095 2931 4155 ὦ
2983 4102 3125 4171 φίλε,
3162 4104 3466 4172 κάμνοντα,
3532 4099 3624 4152 ἵνα
3675 4115 3734 4151 σε

464 4201 552 4250 ce,
589 4195 647 4238 ut
679 4195 731 4238 te
766 4185 979 4262 scilicet
1023 4193 1145 4253 post
1177 4184 1418 4239 Africam
1458 4185 1776 4250 salutarem,
1827 4194 2039 4256 repente

2153 4191 2294 4261 μετά
2345 4191 2550 4263 Λιϐύην
2601 4195 2960 4264 ἀσπάσωμαι,
3024 4194 3244 4263 φεύγων
3322 4192 3586 4263 ἐξαίφνης
3656 4195 3737 4256 εἰς

465 4277 676 4344 fugiens
727 4275 783 4328 in
818 4277 1142 4329 inammnam
1175 4272 1410 4329 Musam.
1454 4273 1643 4331 Visum
1687 4278 1922 4331 nondum
1966 4284 2039 4330 est

2153 4283 2380 4350 στυγνὸν
2412 4284 2573 4353 μέλος
2601 4287 2934 4360 ἀπέρριψας.
2986 4285 3153 4341 Οὔπω
3186 4289 3249 4340 τὸ
3274 4287 3374 4357 ἔαρ
3419 4284 3602 4355 ώφθη,
3641 4283 3739 4337 καὶ

463 4381 573 4433 ves;
611 4374 667 4420 et
701 4375 996 4432 tempestas
1017 4362 1780 4434 Hellespontiacairrumpens
1806 4367 2039 4421 animam

2151 4376 2359 4446 χειμὼν
2392 4378 2808 4449 Ἑλλησπόντιος
2839 4378 3163 4450 προσϐαλὼν
3189 4379 3288 4450 τὴν
3312 4378 3490 4449 ψυχὴν
3517 4379 3734 4448 πήγνυ-

466 4454 773 4510 ευίῐοριινίι.
803 4453 1049 4509 Nondum
1077 4457 1246 4510 solem
1276 4455 1533 4525 vidimus,
1573 4468 1629 4512 et
1661 4458 1844 4512 radios
1889 4472 2045 4511 aver-

463 4559 558 4600 sus
600 4545 850 4609 mutavit,
877 4544 1188 4615 Gracisque
1236 4557 1448 4602 noctem
1496 4550 1754 4605 inducere
1809 4550 2044 4606 minatus

462 4647 568 4693 est.
593 4635 751 4693 Prius
776 4639 1207 4708 ingemiscimus,
1237 4655 1398 4710 quam
1430 4642 1740 4706 riserimus,
1771 4643 1921 4713 prius
1940 4643 2044 4698 diis

464 4731 673 4784 viarum
728 4731 1050 4800 praesidibus
1103 4744 1224 4786 v0ta
1265 4733 1543 4800 dedimus,
1579 4749 1742 4804 quam
1776 4735 2042 4790 sacrificia

465 4833 516 4875 te
551 4824 749 4878 reduce
793 4821 1104 4889 fecerimus,
1156 4827 1460 4880 orationem
1508 4825 1833 4882 timidiorem
1877 4843 2041 4898 quam

461 4915 710 4966 dextram
756 4915 1012 4985 coargui,
1060 4930 1122 4969 ea
1165 4926 1427 4985 prmstare
1478 4917 1874 4987 negligentem,
1919 4933 2040 4989 qua:

459 5020 585 5060 cera
627 5015 685 5060 et
728 5005 931 5061 ferrum
986 5007 1210 5063 audent.
1263 5009 1493 5078 Semper
1543 5012 1687 5066 enim
1742 5009 1914 5083 gloria
1972 5027 2040 5068 ex

459 5096 644 5150 Africa
677 5097 730 5149 in
759 5094 1024 5151 Graeciam
1056 5099 1295 5167 profecta
1321 5109 1426 5156 est.
1456 5097 1687 5156 Ventum
1713 5102 1932 5173 quidem
1959 5101 2040 5159 fe-

460 5185 536 5240 cit
561 5186 840 5256 jocantem
877 5195 933 5241 et
957 5187 1257 5258 ludentem,
1285 5189 1472 5258 quales
1500 5191 1741 5262 pictores
1771 5193 1826 5246 in
1877 5194 2036 5249 tabu-

569 5375 901 5485 ’δᾶτρακτοςι
951 5415 1191 5485 ἄρακτον
1211 5415 1274 5471 C.

464 5547 748 5648 371%)?“
811 5554 909 5648 Ιξάς
944 5547 1239 5648 ’τξριητικάς
1271 5547 1372 5648 tat.
1427 5547 1492 5612 Β.
1603 5562 1669 5592 ¹¹⁶
1703 5547 1959 5633 μύσταις

541 5633 601 5648 οι.
645 5636 774 5648 ιιι-..ιο
910 5641 971 5648 ..Α
1014 5624 1238 5648 -'.__--___
1294 5627 1310 5643 Ἴ
1371 5629 1466 5648 -.-Δ
1515 5647 1521 5648 ,
1551 5629 1599 5648 ’κ

537 5617 774 5686 μεθύσας
807 5625 872 5688 Λ,
905 5617 1238 5694 μεθύέαντες
1270 5627 1338 5697 C,
1366 5629 1671 5701 μεθυούσας
1770 5675 1788 5703 ,

2155 4487 2272 4524 σινο
2306 4471 2460 4526 οὔπω
2492 4473 2582 4524 τὸν
2607 4473 2759 4544 ἥλιον
2787 4473 3024 4543 εἴδομεν,
3057 4474 3151 4526 καὶ
3193 4472 3294 4535 τὰς
3346 4473 3577 4532 ἀκτῖνας
3615 4470 3740 4523 ἐτέ-

2153 4577 2296 4632 ρωσε
2327 4562 2524 4615 κλίνων
2546 4565 2761 4618 ἀπειλεί
2791 4563 2963 4618 νύκτα
3021 4566 3273 4634 ποιήσειν
3309 4566 3423 4627 τοῖς
3482 4563 3733 4636 Ἕλλησι.

2153 4650 2291 4720 Πρὶν
2317 4652 2594 4719 μειδιᾶσαι
2631 4655 3028 4726 στυγνάζομεν,
3057 4658 3186 4726 πρὶν
3243 4655 3513 4726 ἐπιδήμια
3574 4654 3738 4708 θῦσαι

2153 4738 2294 4805 θεοῖς
2316 4743 2535 4809 ἐνοδίοις
2552 4745 2845 4817 εὐχόμεθα.
2885 4747 3092 4816 Λόγους
3127 4747 3183 4800 δὲ
3211 4749 3393 4818 χειρὸς
3440 4747 3740 4818 ἀτολμοτέ-

2153 4849 2280 4904 ρους
2311 4833 2651 4905 ἐλέγχεσθαι,
2677 4838 2969 4902 ὀκνοῦντας
2998 4839 3169 4891 ποιεῖν
3192 4838 3228 4892 ἀ
3251 4837 3420 4908 κηρός
3444 4854 3506 4890 τε
3559 4837 3737 4890 ἐθέλει

2151 4926 2246 4978 καὶ
2275 4925 2516 4998 σίδηρος.
2544 4928 2761 4983 Διέπλει
2780 4930 2826 4962 ⁸³
2851 4931 2960 5001 γάρ
2986 4929 3075 4983 ἀεὶ
3111 4930 3172 4983 τὸ
3204 4929 3359 4992 κλέος
3391 4931 3500 4982 ἀπὸ
3523 4929 3738 4997 Λιϐύης

2150 5019 2231 5081 εἰς
2268 5018 2559 5090 Ἕλληνας.
2589 5022 2700 5093 Τὴν
2729 5024 2828 5094 μὲν
2853 5022 3027 5095 αὔραν
3069 5024 3243 5076 ἐποίει
3275 5023 3370 5077 καὶ
3412 5021 3736 5092 τεθρυμμέ-

2147 5126 2266 5180 νην,
2287 5113 2385 5165 καὶ
2415 5113 2738 5179 παίζουσαν,
2759 5117 2876 5180 οἵας
2915 5115 3013 5180 τὰς
3061 5115 3238 5179 Λυδὰς
3258 5114 3306 5146 ’⁸
3359 5113 3575 5168 ποιοῦσι
3633 5114 3738 5177 ζω-

2147 5203 2352 5274 γράφοι
2405 5205 2550 5260 κατά
2596 5206 2842 5262 πινάκων
2918 5208 3084 5279 τέχνῃ
3143 5206 3385 5279 μεθύσας
3408 5208 3475 5260 ’⁸.
3517 5205 3735 5276 Μικρὸν

1771 5327 2008 5387 νΑιιιΑι
2041 5334 2337 5394 LECTION
2345 5339 2448 5397 ES.

1383 5417 1424 5448 "
1448 5418 1585 5494 αὕτη
1612 5421 1694 5493 ἀ.]
1724 5423 1894 5494 αὑτήν
1919 5427 1974 5479 ἀ.
2004 5427 2069 5482 Λ.

462 5495 634 5578 μενον.
657 5497 716 5542 ς.
794 5486 837 5517 ί*
855 5487 1123 5568 ,σοφιστοῦ
1148 5487 1229 5560 δὲ]
1255 5487 1446 5557 σοφίας
1458 5486 1613 5575 τοῦδε
1643 5486 1708 5547 A'.
1785 5496 1830 5526 ³ο
1850 5486 2203 5564 ’ἀμείψαντας
2229 5486 2445 5557 codices
2472 5486 2614 5558 Him.
2637 5486 2668 5560 ι
2694 5486 3242 5574 ρῖίόίῖάέὶείψαὺέεξ.

464 5616 507 5638 ﬂ
533 5547 772 5638 1):??qu
811 5569 909 5638 τας
953 5559 1239 5638 rictu-mei;
1552 5629 1563 5638 _
1603 5562 1669 5592 ¹¹⁶
1703 5563 1932 5633 μύσταις
1985 5567 2064 5620 C:
2109 5569 2202 5622 καὶ
2242 5571 2474 5638 φύσταις
2517 5591 2577 5638 ς’.
2684 5577 2731 5607 ²³
2763 5573 2993 5638 διέπλει]
3031 5575 3182 5628 ἔπλει
3221 5576 3242 5630 Δ

2053 5608 2064 5620 .
2110 5601 2202 5622 ηυδε.
2242 5601 2473 5640 γυυιιςιιῇ
2517 5601 2577 5638 ς.

2170 5429 2214 5461 ¹⁸
2239 5432 2442 5501 κρίνων
2479 5463 2552 5474 --
2589 5433 2979 5505 σταθμώμενος
3013 5434 3057 5487 Λ
3104 5451 3118 5488 :
3155 5433 3340 5506 κρίνον
3365 5463 3433 5474 -
3473 5432 3734 5502 σταθμώ-

2176 5515 2203 5556 ς
2229 5504 2445 5556 codices
2472 5501 2614 5556 Him.
2647 5523 2662 5556 :
2694 5504 2851 5556 Phot.
2887 5505 3242 5556 ἀμείψαντες.
3322 5504 3367 5535 ⁸⁸
3398 5503 3492 5555 καὶ
3511 5519 3623 5556 om.
3665 5503 3728 5556 (Σ.

3398 5519 3492 5555 και
3511 5519 3623 5558 οιη.
3665 5519 3728 5556 ι..

2684 5577 2731 5607 ²³
2763 5570 2993 5647 διέπλει]
3031 5570 3182 5628 ἔπλει
3221 5576 3290 5630 Λ.
3393 5575 3442 5606 ’⁵
3475 5573 3638 5638 λύδας
3666 5570 3728 5633 C.
