3990 6232
291 207 426 271 1381

1374 202 1965 264 BIBLIOTIIECA.-
1987 201 2150 263 COD.
2190 204 2476 267 CCXLIV.

3431 206 3568 270 I382

283 315 382 372 οὖν
403 314 835 378 ἀναϐιϐάσαντες
853 313 920 368 ἐκ
947 313 1116 385 μέσου
1142 312 1236 366 τὸν
1282 313 1468 382 λόγον,
1527 309 1645 366 εἶτα
1681 311 1860 382 ῥυῆναη

1981 311 2047 364 lis
2071 309 2307 365 artificio
2347 325 2447 365 suo
2478 309 2657 365 ebrias
2688 308 2868 382 Lydas
2892 308 3118 366 faciunt.
3146 309 3346 366 Parum
3395 311 3561 382 igitur

282 406 430 461 κατά
461 404 667 476 Λιϐύης
683 406 729 438 ³⁸
761 404 1018 473 ἐάσομεν.
1045 405 1091 457 Ν
1098 406 1190 476 ικᾷ
1234 405 1291 458 δὲ
1309 405 1504 469 οὐδεὶς,
1536 405 1621 457 ὅτι
1642 404 1711 457 τά
1739 403 1874 457 πάν-

279 516 352 552 τα
369 500 415 532 ⁸⁷
451 497 811 568 θαυμάζεται.
857 495 1000 549 Ἀλλ’
1033 496 1063 548 ό
1102 496 1259 564 λόγος
1285 497 1392 566 γὰρ
1421 498 1466 528 ³³
1494 494 1874 566 ἀκολουθήσας

280 589 365 659 τῷ
396 588 548 658 πόθῳ
582 586 774 658 ὥσπερ
820 587 928 639 τινὶ
960 585 1124 657 βιαίῳ
1181 587 1436 657 ῥεύματι,
1491 586 1689 656 μικροῦ
1735 585 1872 655 πρὸς

278 679 480 750 ἑτέραν
555 677 672 732 ὁδὸν
743 673 1128 747 μετωχετεύθη
1186 677 1507 746 φερόμενος.
1567 673 1732 746 [1144
1773 671 1870 744 IL]

295 769 665 824 Ἐπανακτέον
685 764 780 822 οὖν
817 769 911 822 ἐπὶ
935 769 1145 840 Λιϐύην
1165 769 1210 801 ¹⁹
1246 769 1336 821 τὸν
1363 767 1544 836 λόγον.
1600 765 1868 840 Ἦλέγχθη

279 858 556 928 Περικλῆς
594 860 675 923 εἰς
705 858 879 912 πειθὼ
898 859 1175 930 δεύτερος,
1205 859 1449 931 ἠλέγχθη
1487 859 1546 911 δὲ
1599 858 1868 927 Θεμιστο-

279 953 416 1022 κλῆς
437 955 518 1016 εἰς
553 952 780 1023 γνώμης
810 953 976 1025 τάχος
998 953 1362 1024 ἀμϐλύτερος,
1409 953 1504 1008 καὶ
1531 953 1756 1006 Πλάτων
1787 953 1870 1014 εἰς

280 1045 470 1114 φύσιν,
499 1047 593 1097 καὶ
626 1044 804 1096 Σόλων
827 1045 908 1108 είς
937 1044 1136 1114 νόμους
1177 1061 1190 1074 ·
1219 1044 1318 1098 καὶ
1351 1045 1552 1106 πάντες
1577 1043 1754 1096 ἴσασιν
1783 1043 1868 1095 ὅτι

279 1127 363 1195 εἷς
401 1131 631 1194 ἕκαστος
659 1133 734 1194 ώς
768 1132 948 1201 μόνοις
972 1133 1047 1196 ὡς
1093 1135 1258 1187 πᾶσιν
1287 1133 1462 1198 οὕτως
1483 1134 1527 1166 ³⁰
1552 1133 1865 1203 ἀγάλλεται.

279 1221 346 1274 Τί
369 1222 590 1291 δράσω;
625 1221 688 1274 Τί
726 1221 784 1275 δὲ
816 1222 1199 1293 βουλεύσωμαι
1224 1225 1303 1291 ³¹;
1344 1226 1632 1296 ’Ύπαρχον
1663 1224 1866 1296 πέμψω

289 1314 619 1383 Ῥωμαίοις;
649 1314 844 1384 χλιδῶν
868 1315 924 1369 δὲ
960 1317 1132 1387 δῆμος
1158 1319 1356 1386 σεμνὸν
1397 1319 1498 1372 οὐκ
1526 1313 1668 1372 οἶδεν
1717 1317 1866 1389 ήνίο-

273 1423 393 1476 χον.
420 1407 775 1478 Δυσχεραίνει
809 1425 899 1478 μοι
925 1409 1088 1479 τάχα.
1114 1410 1420 1484 Καρχηδὼν
1451 1414 1544 1465 καὶ
1566 1411 1723 1474 πόλις
1770 1411 1864 1465 ἐπὶ

270 1499 485 1570 Λιϐύην
529 1499 598 1552 δι’
627 1501 829 1572 ἀρετήν
889 1518 1021 1555 ποτε
1053 1504 1196 1558 κατὰ
1244 1503 1462 1573 Ῥώμης
1518 1505 1860 1576 φρονήσασα,

271 1591 431 1655 πόλις
475 1592 707 1647 Ἰταλίαν
735 1593 862 1666 ὅλην
895 1598 1009 1660 τοῖς
1043 1597 1243 1666 ἑαυτῆς
1295 1596 1520 1650 κάλλεσι
1566 1596 1859 1668 βόσκουσα,

1977 403 2280 458 orationem
2311 418 2344 458 e
2386 404 2568 458 medio
2601 406 2906 468 trahemus,
2941 411 2994 457 et
3024 403 3218 460 deinde
3265 405 3334 460 de
3373 405 3562 463 Africa

1979 493 2152 550 libere
2187 494 2357 552 fluere
2391 495 2795 565 permittemus.
2833 494 3006 550 Nemo
3046 496 3240 560 vincit,
3279 498 3405 564 quia
3441 513 3564 552 om-

1977 586 2066 640 nia
2105 587 2434 653 admiratur,
2468 587 2560 641 sed
2599 585 2777 640 oratio
2818 599 3059 640 amorem
3091 596 3276 640 secuta
3304 595 3560 656 tanquam

1975 680 2272 735 violentum
2313 681 2540 735 ﬂuxum.
2581 681 2778 735 Parum
2813 681 2880 741 ad
2916 679 3076 738 aliam
3105 679 3244 731 viam
3271 679 3446 733 delata
3473 682 3566 733 de-

1976 769 2157 824 ﬂexit.
2203 769 2529 825 Reducenda
2573 770 2739 840 igitur
2774 770 2948 825 oratio
2990 769 3058 823 ad
3103 768 3368 824 Africam.
3410 770 3565 824 Peri-

1973 861 2085 916 cles
2131 872 2421 916 accusatus
2458 871 2540 915 est
2581 873 2638 914 ut
2668 861 2979 930 eloquentia
3013 860 3216 914 nemini
3263 854 3559 926 secundus,

1972 959 2263 1008 accusatus
2293 962 2376 1007 est
2415 951 2837 1017 Themistocles,
2866 962 2925 1006 ut
2959 961 3144 1006 mente
3169 953 3370 1005 tardior
3398 963 3563 1020 atque

1971 1045 2243 1111 obtusior,
2283 1043 2440 1100 Plato
2471 1053 2700 1115 propter
2751 1043 3050 1115 ingenium,
3087 1043 3152 1096 ob
3185 1042 3334 1112 leges
3372 1041 3560 1108 Solon,

1970 1147 2026 1192 et
2061 1147 2262 1194 norunt
2292 1151 2500 1202 omnes,
2531 1150 2972 1205 unumquemque
3013 1143 3070 1188 ut
3095 1135 3245 1198 solis,
3289 1143 3347 1186 ut
3376 1135 3559 1188 omni-

1970 1230 2072 1285 bus
2109 1231 2188 1285 sic
2220 1232 2517 1284 exsultare.
2566 1228 2706 1294 Quid
2745 1226 2989 1281 faciam?
3038 1226 3167 1295 quid
3200 1225 3413 1280 consilii
3458 1242 3554 1280 ca-

1970 1320 2162 1390 piam?
2203 1319 2414 1373 Mittam
2478 1319 2670 1374 ducem
2723 1317 3022 1372 Romanis?
3072 1317 3278 1373 Lautus
3325 1319 3559 1388 populus

1969 1413 2214 1468 sobrium
2247 1411 2458 1480 ignorat
2493 1410 2764 1480 aurigam.
2799 1410 3064 1465 Celeriter
3107 1411 3238 1464 mihi
3283 1411 3559 1482 Carthago

1968 1505 2302 1575 indignatur,
2349 1504 2478 1558 urbs
2537 1519 2698 1572 supra
2742 1502 2986 1580 Africam
3027 1503 3097 1557 ob
3141 1503 3396 1558 virtutem
3443 1505 3557 1560 Ro-

1969 1612 2144 1652 manae
2165 1597 2316 1651 urbis
2361 1594 2584 1658 aemula,
2619 1597 2750 1650 urbs
2797 1605 2963 1648 totam
2999 1593 3206 1647 Italiam
3242 1595 3357 1651 suis
3391 1611 3559 1651 orna-

273 1685 431 1748 πόλις
463 1685 618 1756 παρὰ
647 1686 902 1741 τοσοῦτον
932 1689 993 1742 οὐ
1053 1689 1244 1762 πρώτη
1295 1689 1428 1761 παρ’
1475 1691 1599 1743 ὅσον
1643 1689 1860 1761 Ῥώμην

1968 1689 2162 1742 tuentis
2191 1689 2511 1756 depasceus,
2539 1686 2670 1740 urbs
2715 1695 2936 1753 propter
2965 1683 3018 1737 id
3051 1700 3155 1738 non
3187 1686 3384 1755 prima,
3427 1701 3556 1755 pro~

273 1777 618 1848 αἰσχύνεται.
647 1779 967 1832 Κινδυνεύει
1001 1798 1093 1849 μοι
1125 1781 1279 1844 πόλις
1310 1781 1544 1852 μεγάλη,
1569 1781 1666 1836 καὶ
1694 1782 1857 1854 ἠπει-

274 1884 370 1938 ρος
393 1867 488 1938 ὅλη
519 1870 775 1940 πονηροῖς
801 1870 1135 1940 κυϐερνᾶται
1178 1874 1290 1934 τοῖς
1324 1871 1489 1935 οἴαξι.
1547 1870 1860 1942 Πέμψωμεν

271 1958 438 2012 αὐτὸν
463 1958 553 2012 τὸν
587 1958 762 2029 μέγαν
787 1959 1068 2029 τῆς-νίκης
1085 1959 1131 1990 ³³
1177 1959 1412 2030 ήνίοχον.
1459 1961 1644 2028 Ἔγνω
1685 1959 1862 2013 ταῦτα

263 2049 555 2120 βασιλεὺς,
588 2051 684 2104 κα¹1⁵
735 2053 936 2122 χρυσαῖ
971 2053 1316 2122 παραχρῆμα
1358 2052 1532 2106 δέλτοι
1561 2052 1660 2124 τὴν
1714 2051 1860 2122 γνώ-

275 2160 384 2212 μην
412 2141 664 2210 ἔφθανον.
707 2143 976 2197 Ἐνταῦθα
1001 2143 1095 2196 τοῦ
1135 2143 1295 2212 λόγου
1329 2145 1642 2214 γενόμενος,

276 2232 339 2284 Τί
365 2229 624 2300 πρῶτον,
657 2232 786 2286 τίδ’
809 2233 1016 2288 ἔπειτα
1030 2235 1094 2300 ³³,
1153 2235 1211 2288 τί
1263 2235 1316 2289 δ’
1364 2236 1656 2371 ὐστάὲἓοέ
1679 2253 1859 2292 κατα·

1640 2323 1721 2368 ωἱ

1640 2323 1721 2368 ωἱ

267 2392 567 2447 Κινοῦνται
600 2394 700 2465 μὲν
735 2396 846 2468 γὰρ
878 2398 1217 2470 πανταχόθεν
1255 2400 1311 2453 αἱ
1356 2399 1607 2472 πράξεις,
1649 2400 1740 2452 ίσα
1797 2397 1856 2454 δὲ

270 2484 473 2550 πάντα,
509 2488 604 2540 καὶ
623 2487 703 2558 τῷ
726 2491 804 2560 μὴ
824 2489 1004 2559 λέγειν
1061 2492 1122 2544 τὸ
1156 2491 1338 2559 λέγειν
1366 2492 1566 2562 ὁμοίως
1625 2492 1853 2562 ἄπορον,

270 2577 354 2630 ὅτι
398 2578 460 2631 τὸ
486 2577 530 2609 ³³
578 2580 676 2651 μὲν
725 2582 920 2653 πλήθει
950 2582 1014 2636 τὸ
1041 2583 1099 2636 δέ
1135 2583 1360 2654 μεγέθει
1404 2584 1697 2640 κωλύεται.
1753 2586 1858 2639 As-

270 2667 432 2722 κτέον
462 2665 554 2722 οὖν
578 2671 676 2741 οὐχ
693 2671 792 2726 ὅσα
819 2672 1046 2738 ἔνεστιν,
1073 2673 1188 2728 ἀλλ’
1209 2677 1309 2729 ὅσα
1329 2675 1557 2742 ἔξεστιν.
1592 2675 1858 2747 Ὀρῶντες

267 2757 331 2810 δὲ
361 2758 524 2811 αὑτὸν
554 2761 696 2814 κατά
732 2760 828 2814 τοῦ
853 2764 1124 2832 χειμῶνος
1147 2765 1191 2797 ³⁸
1218 2765 1292 2829 ὡς
1333 2766 1477 2819 κατά
1501 2766 1745 2837 γαλήνης
1765 2766 1858 2820 τὸν

272 2847 460 2903 στόλον
529 2852 842 2922 πέμποντα,
910 2854 1005 2908 καὶ
1065 2856 1210 2910 κατά
1271 2858 1533 2927 κυμάτων
1586 2859 1662 2922 ὡς
1714 2856 1857 2912 κατά

270 2941 509 3015 [615Η.]
537 2943 775 3016 λιμένων
804 2945 1093 3018 ἀθύροντα,
1135 2950 1183 3002 οἱ
1234 2950 1332 3018 μὲν
1368 2950 1443 3013 ὡς
1479 2950 1678 3020 δριμὺν
1721 2952 1854 3022 ἐρα·

1965 1787 2086 1844 pter
2112 1776 2255 1846 quod
2281 1774 2511 1830 Romam
2541 1784 2780 1829 veretur.
2809 1771 3158 1829 Periclitatur
3194 1776 3324 1829 mihi
3354 1792 3551 1844 magna

1965 1869 2115 1932 urbs,
2148 1876 2204 1923 et
2235 1878 2348 1923 tota
2382 1867 2673 1923 continens
2699 1865 2841 1921 male
2884 1867 3247 1937 gubernatur.
3282 1865 3559 1923 Mittamus

1965 1958 2138 2029 ipsum
2183 1975 2439 2030 magnum
2485 1959 2729 2013 victoria:
2765 1959 3033 2027 aurigam.
3079 1957 3244 2012 Novit
3290 1959 3406 2014 haec
3438 1974 3556 2026 rex,

1961 2057 2018 2104 et
2053 2065 2234 2106 aurem
2265 2053 2452 2106 statim
2501 2050 2716 2104 tabellae
2770 2050 3096 2104 sententiam
3139 2062 3555 2120 lirzecesseruttt.

1962 2141 2096 2196 Cum
2126 2143 2230 2197 huc
2261 2143 2314 2196 in
2344 2143 2594 2196 oratione
2634 2142 2936 2208 venissem,

2036 2232 2180 2298 Quid
2229 2235 2478 2302 primunt,
2519 2234 2647 2303 quid
2685 2233 2874 2287 deinde
2908 2248 3134 2302 cauam,
3176 2251 3279 2304 quo
3300 2236 3429 2379 [ξίιῖ
3460 2239 3552 2362 ’si-

3343 2325 3368 2358 ε
3409 2325 3438 2359 ο

3343 2325 3438 2359 ευο

1960 2395 2254 2450 Μοηθηιυι·
2313 2395 2460 2449 enim
2506 2395 2748 2466 undique
2805 2397 3019 2466 negotia
3047 2437 3061 2461 ,
3106 2400 3315 2467 aequale
3373 2409 3458 2453 est
3500 2409 3557 2455 et

1963 2489 2186 2544 dubium
2216 2489 2417 2560 377a
2442 2503 2594 2558 teque
2619 2498 2674 2544 et
2710 2503 2813 2542 non
2843 2489 3046 2556 dicere,
3079 2499 3136 2544 et
3166 2491 3350 2546 dicere
3383 2509 3398 2545 :
3451 2491 3554 2548 hoc

1963 2581 2326 2646 multitudine,
2349 2582 2477 2635 illud
2519 2596 2649 2637 vero
2681 2581 3057 2652 magnitudine
3088 2585 3429 2653 prohibetur.
3461 2585 3554 2639 Di-

1955 2673 2192 2727 cendum
2221 2674 2384 2743 igitur
2413 2689 2518 2728 nou
2545 2675 2690 2744 quod
2731 2691 2816 2729 res
2845 2683 2950 2738 est,
2974 2676 3066 2729 sed
3091 2678 3234 2745 quod
3277 2676 3424 2733 licet.
3453 2675 3549 2733 Vi-

1954 2765 2149 2821 »dentes
2174 2777 2353 2820 autem
2381 2767 2630 2820 eumdem
2657 2781 2756 2838 per
2791 2776 3004 2834 pratum
3033 2778 3090 2821 ut
3118 2781 3216 2836 per
3239 2767 3550 2837 tranquilli-

1959 2865 2125 2911 tatem
2163 2857 2394 2912 classem
2432 2859 2724 2923 instruere,
2755 2867 2810 2912 et
2843 2858 2894 2912 in
2927 2856 3184 2913 fluctibus
3216 2867 3472 2928 tanquam
3496 2860 3550 2914 in

1961 2958 2124 3019 portu
2155 2950 2450 3015 ludentem,
2491 2949 2548 3004 hi
2581 2950 2802 3018 quidem
2828 2958 3086 3019 tanquam
3113 2965 3296 3005 aerem
3334 2962 3546 3005 amato-

271 3035 407 3103 στήν
445 3034 693 3098 ἐπόθουν,
723 3037 770 3089 οἱ
797 3036 852 3090 δὲ
879 3037 1131 3108 ἔφριττον
1157 3039 1232 3108 ὡς
1268 3042 1404 3094 πᾶσι
1428 3042 1616 3110 φόϐοις
1655 3043 1857 3114 ἀήττη-

1966 3056 2077 3094 rem
2102 3041 2452 3107 fdesiderant,
2501 3040 2555 3095 1ιί
2605 3050 2852 3096 metuunt
2899 3051 3158 3110 tauquam
3202 3041 3349 3097 omni
3402 3052 3550 3099 metu

267 3142 386 3179 τον.
423 3126 725 3198 Κρείττονα
750 3129 980 3201 πομπὴν
1007 3131 1106 3202 τῆς
1151 3131 1450 3201 Ἡφαίστου
1505 3133 1850 3203 ἐπόμπευον.

282 3216 535 3287 ’Δντήχει
569 3218 627 3272 δέ
654 3220 825 3289 δῆμος
869 3219 1079 3290 κύμασι
1102 3223 1169 3285 ³⁸,
1207 3224 1305 3277 καὶ
1357 3223 1524 3294 ῥοθίῳ
1547 3223 1743 3294 κρότος
1792 3225 1857 3276 ἐκ
1895 3227 1902 3232 ’

271 3308 485 3374 πόλεως
510 3327 526 3343 ο
561 3313 658 3364 καὶ
691 3312 864 3382 ψόφον
913 3313 1193 3385 θαλάσσης
1239 3315 1338 3386 βοὴ
1381 3317 1728 3386 Καρχηδόνος
1769 3315 1858 3380 ἐξ·

269 3399 528 3470 ἑπληττε.
565 3403 906 3476 Συγγνώμην
939 3405 996 3459 δὲ
1022 3407 1166 3469 ana;
1193 3406 1366 3478 ἐχέτω
1397 3409 1493 3460 καὶ
1537 3407 1717 3479 γέρων
1759 3410 1856 3461 καὶ

269 3493 414 3558 νέος,
450 3495 497 3546 εἰ
518 3493 623 3567 ἔπη
661 3495 972 3568 φθέγγομαι
993 3498 1038 3530 ³⁷
1060 3515 1073 3528 ·
1106 3494 1216 3551 οἶδε
1246 3499 1375 3569 γὰρ,
1427 3495 1565 3566 οἶδ-εν
1591 3499 1731 3570 ἔρως
1760 3499 1856 3552 καὶ

267 3584 433 3654 λόγον
468 3589 643 3640 ποιεῖν
698 3589 1014 3660 αὐτόνομον.
1069 3584 1238 3654 Οὗτος
1272 3591 1428 3644 νόσον
1480 3592 1706 3662 ἐνόσησε
1755 3593 1855 3663 τῆς

276 3675 378 3745 μὲν
412 3676 610 3730 ἑαυτοῦ
657 3676 829 3748 τύχης
867 3681 1116 3750 μείζονα,
1170 3681 1270 3751 τῆς
1338 3682 1396 3736 δέ
1432 3682 1700 3754 πονηρίας
1755 3685 1854 3753 οὐχ

268 3767 491 3836 ἥττονα.
527 3768 636 3821 Καὶ
662 3769 737 3839 μὴ
771 3769 1032 3845 θαυμάσῃ
1054 3787 1138 3835 τις
1159 3773 1211 3824 εί
1243 3771 1420 3827 ταῦτα
1470 3775 1677 3836 ἐκεῖνος
1713 3776 1856 3829 κατά

269 3857 480 3912 τοιοῦδε
513 3861 704 3930 ἀνδρὸς
733 3862 1011 3933 ἐνόσησεν.
1049 3863 1294 3917 ¹Ἀνωθιεν
1319 3866 1458 3919 κατὰ
1481 3865 1590 3919 τῶν
1615 3866 1854 3937 ἀρίστων

271 3951 553 4022 ἀρχόντων
579 3955 692 4016 τοῖς
710 3954 960 4010 ἐλάττοσι
993 3956 1186 4027 φθόνος
1208 3959 1426 4027 φύεται.
1467 3959 1854 4027 Ἐσυκοφάντει

273 4041 550 4110 Περικλέα
580 4042 788 4109 Κλέων,
829 4044 1000 4114 ἔφυγε
1040 4047 1238 4109 Νικίας
1273 4048 1624 4119 Ὑπέρϐολον,
1665 4050 1855 4120 Δημά-

270 4131 370 4199 δης
422 4131 468 4185 δ’
516 4133 701 4206 ἔκρινε
756 4137 1130 4211 Δημοσθένην,
1174 4139 1438 4209 Κλεοφῶν
1508 4141 1855 4212 Ἀλκιϐιάδην

270 4227 570 4298 ἐγράφετο,
611 4228 750 4299 ἀνὴρ
788 4231 1047 4303 ἐλοιδόρει
1081 4233 1464 4303 Θεμιστοκλέα
1518 4234 1851 4305 Σερίφιος³⁸.

270 4317 366 4387 Τῷ
391 4319 499 4388 γὰρ
527 4319 922 4391 ὑπερϐάλλοντι
951 4323 1050 4394 τῆς
1071 4324 1242 4396 τύχης
1258 4323 1604 4394 φθονοῦντες,
1627 4325 1690 4378 τὸ
1705 4326 1856 4380 ἐλατ-

1885 4366 1932 4422 D

1959 3136 2329 3201 superiorem,
2379 3132 2818 3187 excellentioretn
2874 3148 3125 3203 pompam
3179 3134 3332 3188 duxit
3385 3150 3550 3204 quam

1959 3221 2256 3278 Vulcanus.
2292 3221 2494 3277 Contra
2537 3221 2731 3277 ﬂuctus
2767 3236 2928 3278 sonat
2973 3225 3221 3295 papnlus,
3267 3234 3322 3279 et
3354 3237 3548 3280 contra

1957 3315 2216 3382 itnpetum
2265 3313 2555 3382 applansus
2605 3327 2668 3368 ex
2724 3313 2892 3379 urbe,
2942 3325 2995 3369 et
3053 3316 3328 3369 fremitum
3381 3316 3549 3371 maris

1955 3405 2399 3472 Carthaginensis
2423 3405 2630 3458 clamor
2651 3404 2960 3474 complevit.
2995 3405 3222 3460 Veniam
3259 3406 3388 3459 dent
3430 3423 3550 3460 out-

1957 3515 2078 3566 nes,
2107 3509 2162 3553 et
2208 3513 2370 3553 senex
2411 3509 2465 3553 et
2505 3497 2744 3566 juvenis,
2791 3500 2838 3554 si
2891 3499 3071 3553 adhuc
3116 3498 3328 3568 loquar.
3377 3498 3550 3554 Scivit

1954 3593 2101 3647 enim
2143 3591 2310 3647 scivit
2348 3606 2506 3646 amor
2539 3593 2849 3646 orationem
2887 3592 3163 3661 propriam
3210 3591 3414 3646 facere.
3448 3590 3550 3647 Hic

1957 3684 2148 3740 morbo
2175 3683 2442 3739 laboravit
2469 3682 2678 3752 majore
2697 3698 2858 3752 quam
2887 3681 3106 3736 fortuna
3127 3698 3222 3737 sua
3243 3691 3547 3752 pateretur,

1953 3775 2243 3846 iniquitate
2274 3791 2382 3830 non
2419 3776 2652 3830 minore.
2694 3773 2761 3828 Et
2802 3788 2934 3829 vero
2984 3788 3148 3828 nemo
3197 3773 3431 3827 miretur
3475 3788 3547 3827 an

1955 3870 2071 3924 haec
2108 3869 2196 3924 ille
2227 3877 2417 3924 contra
2448 3868 2598 3922 hunc
2619 3867 2796 3922 virum
2826 3882 2989 3920 ausus
3021 3864 3208 3920 fuerit.
3243 3864 3358 3920 Viri
3387 3866 3544 3928 boni,

1954 3964 2046 4032 qui
2078 3972 2205 4016 ante
2237 3976 2334 4015 nos
2373 3963 2612 4026 fuerunt,
2650 3973 2680 4014 a
2737 3959 2898 4014 malis
2933 3958 3248 4013 hominibus
3298 3961 3542 4012 accusati

1949 4063 2104 4109 sunt.
2143 4052 2441 4106 Accusavit
2471 4050 2737 4106 Periclem
2767 4050 2953 4115 Cleon,
2992 4050 3130 4118 fugit
3175 4046 3543 4118 Hyperbolum

1956 4144 2160 4208 Nicias,
2195 4144 2249 4198 in
2299 4144 2508 4197 crimen
2549 4143 2765 4197 vocavit
2795 4141 3062 4195 Demades
3101 4137 3546 4203 Demosthenem,

1955 4237 2237 4307 Cleopbou
2302 4235 2643 4289 Alcibiadem
2713 4231 3058 4300 proscripsit.
3115 4229 3212 4283 Vir
3259 4228 3546 4296 Seriphius

1961 4327 2297 4383 conviciatus
2321 4333 2405 4378 est
2451 4321 2831 4377 Themistocli.
2865 4318 2998 4372 Nam
3029 4318 3124 4388 qui
3166 4317 3542 4371 excellentiori

266 4409 534 4480 τούμενον
562 4413 660 4483 τῆς
690 4413 848 4477 ἀξίας
886 4416 1105 4468 ἀνισοῦν
1135 4415 1326 4486 θράσει
1355 4416 1653 4486 βιάζονται.
1683 4416 1852 4472 Ἔνθα

1966 4417 2193 4472 fortuna:
2213 4415 2475 4479 invident,
2497 4422 2694 4482 cogunt
2724 4412 2962 4462 audacia:
2997 4409 3307 4475 :ulrequare.
3351 4403 3538 4474 Digiti-

261 4498 333 4570 δή
371 4500 464 4552 καὶ
497 4500 732 4571 μάλιστα
760 4503 964 4571 ἔδειξεν
997 4505 1121 4559 ὅσον
1144 4505 1206 4559 τδ
1237 4506 1400 4577 μέσον
1425 4507 1626 4578 ἀρετῆς
1659 4523 1720 4559 τε
1755 4509 1850 4561 καὶ

268 4589 580 4662 πανούργου
616 4594 822 4662 τρόπου
852 4595 1214 4668 καθέστηκεν.

988 4687 1158 4742 ΣΜΔ’.

460 4769 575 4838 Τῆς
606 4773 899 4843 Διοδώρου
943 4777 1346 4848 ,βιϐλιοθήκης
1376 4782 1642 4852 ἐκλογαί.

360 4860 788 4935 Ανεγνώσθησαν
807 4865 905 4934 τῆς
929 4867 973 4898 ³⁸
995 4869 1261 4942 Διοδώρου
1281 4873 1682 4943 ,ϐιϐλιοθήκης
1702 4876 1852 4931 ἄλλοι

266 4965 331 5002 τε
360 4950 508 5020 λόγοι
539 4957 633 5006 καὶ
663 4955 692 5006 ὁ
712 4953 789 5024 λβ¹
820 4953 915 5008 καὶ
945 4954 1037 5021 λδ¹,
1065 4957 1159 5010 καὶ
1185 4958 1215 5009 ό
1245 4965 1297 5029 μ’
1309 4958 1356 4991 ⁸⁸
1384 4961 1479 5013 καὶ
1511 4963 1539 5014 ὁ
1570 4961 1684 5032 μη’,
1710 4966 1851 5018 καὶὸ

1961 4515 2128 4560 tatem
2169 4504 2434 4558 minorem
2453 4500 2674 4556 virtutis
2701 4507 2756 4552 et
2782 4494 3098 4552 calliditatis
3132 4492 3432 4550 constituit.

2623 4675 2891 4733 CCXLIV.

2321 4771 2370 4826 E
2401 4770 2634 4825 Diodoro
2668 4769 2847 4823 Siculo
2886 4768 3170 4834 Excerpta.

2028 4866 2282 4921 Diversos
2327 4878 2358 4916 e
2408 4861 2630 4916 Diodori
2683 4860 3004 4915 Bibliotheca
3041 4859 3156 4930 (55)
3201 4858 3372 4914 libros
3402 4858 3541 4929 legi-

1960 4973 2102 5026 mus,
2140 4956 2476 5013 tricesimum
2515 4954 2817 5009 secundum
2847 4951 3209 5024 [tricesimum
3231 4951 3538 5022 quartum},

1556 5119 1792 5176 VARIzE
1833 5116 2241 5175 LECTIONES.

344 5205 602 5283 2-0156qu
629 5206 692 5263 C.
766 5209 810 5242 ιτ
841 5208 1043 5283 πάντα]
1069 5207 1289 5283 πάντων
1318 5208 1383 5283 C3
1458 5211 1504 5243 as
1519 5212 1630 5283 1&9
1666 5228 1774 5266 om.
1805 5213 1869 5268 Ο.

1511 5277 1556 5313 ³³
1580 5277 1623 5333 δ’
1651 5292 1778 5338 ante
1805 5285 1997 5336 ἔπειτα
2019 5297 2127 5335 om.
2161 5277 2224 5334 C.

267 5277 710 5362 ζὶ,βουλεύσεμαι
735 5297 808 5362 ετ.
862 5283 918 5362 μ³ῗ
945 5277 1127 5362 “iaci
1153 5280 1309 5362 δίκης
1335 5280 1397 5362 9.-

1970 5212 2016 5245 “
2041 5210 2135 5264 ἐπὶ
2163 5208 2261 5288 τὴν
2290 5205 2483 5288 λιβύην
2513 5205 2577 5261 C.
2641 5203 2699 5288 βξ
2731 5198 2812 5288 εἷς
2834 5231 2903 5242 --
2928 5200 3126 5288 etiame]
3152 5194 3244 5288 eis.
3264 5201 3532 5288 Reislcitts.

2320 5278 2367 5310 "
2395 5272 2472 5347 τῷ
2501 5305 2572 5316 -—
2607 5273 2689 5347 τὸ]
2712 5275 2774 5347 τὸ
2813 5303 2888 5347 -_
2913 5274 2993 5347 τῷ
3035 5272 3124 5327 (ἒξ
3184 5272 3244 5347 ,³⁸
3269 5272 3539 5347 χειμῴῖος

268 5341 724 5435 wernsdoriﬂts”:
744 5341 873 5434 libri
895 5341 1180 5435 λειμῶνὸςί
1243 5341 1303 5431 ξε
1332 5350 1504 5435 δῆμος
1534 5354 1646 5432 τοῖς
1675 5353 1885 5435 κύμασι
1917 5371 1980 5435 ς·ἶ
2017 5425 2030 5435 .
2054 5351 2097 5382 ⁸⁷
2260 5341 2572 5435 φθέγγὲεμαι
2599 5346 2640 5400 C
2659 5341 2689 5411 ,’
2713 5345 2797 5398 ἔτι
2828 5341 3138 5416 φθέγγομαι
3168 5341 3238 5410 A,
3269 5341 3537 5410 ametis;-

267 5432 516 5488 γομαις.
590 5417 636 5450 ⁸⁸
659 5419 782 5476 libri
812 5417 1055 5490 σέριφος.

1129 5422 1174 5454 ³⁸
1207 5420 1306 5491 τῆς
1332 5419 1430 5477 Ατ
1459 5424 1523 5475 ἐκ
1552 5423 1653 5492 τῆς
1680 5419 1764 5487 gf
1817 5423 1862 5456 ⁸⁰
1893 5424 2038 5477 καὶὸ
2078 5419 2130 5491 μ’
2152 5419 2332 5487 Α,’καὶ
2361 5426 2404 5490 μ

2445 5415 2522 5472 B:
2559 5432 2670 5473 om.
2709 5433 2774 5482 ς.

1791 5559 2028 5619 ΝΟΤΛΕ.

345 5640 460 5714 (55)
510 5645 717 5704 inserta
764 5645 878 5706 lucc
909 5645 970 5703 L.
1021 5647 1394 5706 Rhodomanni
1439 5649 1688 5706 editioni.
