3990 6232
458 276 598 342 1383

1605 255 1873 323 PIIOTII
1909 247 2416 336 PATRIARCIL‘E
2461 245 2573 305 ΟΡ.

3501 174 3736 296 ,1384

448 385 932 459 quadragesimum
965 390 1241 442 octavum,
1276 377 1613 433 tricesimum
1657 375 1914 445 primum,
1944 383 2031 424 se-
2063 391 2076 428 Α

2182 359 2218 416 ι’
2250 360 2346 415 καί
2369 359 2399 412 ὁ
2431 356 2476 428 β’
2509 354 2603 410 καὶ
2642 351 2685 407 δ’
2703 351 2745 384 ⁸⁵¹
2797 352 2893 406 καὶ
2925 354 3001 416 ς’,
3030 345 3126 402 καὶ
3148 343 3226 411 λζ’
3248 342 3292 376 ’θ’
3331 343 3428 396 καὶ
3457 342 3541 412 λη’
3562 334 3738 394 “Iuv

451 481 713 543 eundum,
747 486 1023 547 quartum,
1060 482 1300 538 sextum,
1339 471 1655 540 septimum,
1694 475 1973 527 octavum,
2008 475 2040 518 e

452 575 651 645 quibus
683 574 797 627 haec
826 566 1239 638 descripsimus.

526 685 702 752 Multi,
747 685 894 755 iique
937 683 1140 737 diversl
1193 679 1488 742 tradidere,
1550 675 1754 731 multos
1791 689 1822 728 e
1863 673 2043 742 specie

453 797 557 850 qua
589 779 806 834 femina:
831 775 1185 845 putabantur,
1219 775 1274 828 in
1303 771 1518 826 virilem
1548 778 1603 823 et
1631 783 1825 823 sexum
1861 775 1914 820 et
1941 781 2042 819 na-

454 885 630 926 turam
674 870 977 926 transiisse.
1016 867 1283 922 Cancrum
1325 864 1591 919 Diodorus
1639 879 1729 919 res
1755 859 2044 916 Alexandri

451 964 832 1035 Caelo-Syriae,
881 971 936 1015 et
980 959 1288 1014 Antiochizc
1347 957 1490 1024 regis
1521 968 1892 1025 prosequens,
1934 952 2049 1005 haec

457 1058 524 1112 ad
554 1054 860 1125 prodigium
897 1052 1127 1106 addidit.
1150 1050 1288 1104 Cum
1336 1047 1664 1111 Alexander,
1698 1044 1900 1113 inquit,
1957 1056 2039 1093 vt~

454 1163 578 1205 ctus
612 1165 643 1203 e
679 1161 854 1217 pugna
886 1145 939 1200 in
977 1145 1252 1198 civitatem
1286 1141 1499 1196 Arabiae
1530 1139 1676 1194 Abas
1722 1138 1788 1190 ad
1811 1135 2050 1189 Dioclem

459 1255 665 1308 regem,
702 1238 839 1306 apud
865 1251 1026 1304 quem
1068 1245 1122 1289 ct
1151 1234 1318 1288 lilium
1365 1231 1693 1286 Antiochum
1742 1227 1924 1281 adhuc
1958 1225 2048 1278 in-

459 1333 665 1384 fantem
698 1331 1046 1396 deposuerat,
1073 1341 1196 1382 cum
1216 1325 1524 1396 quingentis
1551 1320 1853 1391 aufugisset
1879 1359 1895 1383 ,
1924 1333 2054 1373 ecce

463 1426 629 1477 duces
680 1420 754 1474 illi
798 1417 1062 1483 Heliadis,
1107 1419 1196 1487 qui
1239 1431 1361 1472 sese
1394 1414 1705 1469 Alexandro
1754 1411 2054 1478 coniunxe-

463 1526 608 1578 rant,
634 1513 700 1567 de
730 1513 951 1583 proprio
987 1509 1274 1566 commodo
1303 1507 1623 1577 legationem
1655 1501 1854 1574 377!)
1913 1501 2054 1556 clam

465 1607 749 1668 adornant,
783 1613 838 1655 et
869 1602 993 1656 dolo
1030 1616 1150 1655 sese
1174 1597 1541 1653 Alexandrum
1615 1605 1910 1649 necaturas
1928 1606 2058 1662 pro-

465 1697 713 1751 mittunt.
764 1696 1058 1747 Annuente
1103 1706 1232 1745 vero
1269 1687 1558 1760 postulatis
1609 1686 1905 1751 Demetrio,
1952 1699 2056 1737 non
2093 1715 2134 1772 Β

469 1790 627 1841 modo
650 1801 833 1857 regem
872 1800 1030 1839 suum
1064 1783 1442 1854 prodiderunt,
1469 1795 1658 1835 verum
1691 1777 1856 1830 etiam
1888 1777 2055 1829 inter-

472 1879 742 1934 fecerunt.
792 1875 915 1932 Non
959 1885 1042 1930 est
1081 1871 1521 1943 praetereundum
1559 1867 1864 1938 prodigium
1904 1864 2060 1930 illud,

469 1971 612 2040 quod
657 1980 890 2024 mortem
937 1965 1231 2020 Alexandri
1289 1962 1601 2030 przecessit;
1662 1961 1790 2013 licet
1833 1957 2066 2012 fortasse

473 2071 695 2133 propter
723 2059 1019 2115 novitatem
1056 2057 1220 2111 [idem
1252 2057 1521 2112 excedere
1549 2053 1823 2107 videatur.

544 2351 743 2409 Paucis
787 2356 916 2403 ante
946 2346 1160 2410 diebus,
1197 2358 1321 2400 cum
1363 2342 1515 2413 juxta
1549 2339 1795 2395 Ciliciam
1833 2339 2072 2394 Alexan-

473 2447 575 2501 der
608 2460 704 2500 rex
751 2441 1034 2498 oraculum
1071 2437 1402 2500 consuleret,
1448 2436 1591 2504 quod
1631 2431 1904 2503 Apollinis
1939 2430 2075 2486 Sar-

477 2537 697 2608 petIOIIli
754 2531 1014 2601 templum
1075 2529 1276 2585 ibidem
1335 2528 1614 2582 diceretur
1646 2566 1664 2591 ,
1730 2522 2076 2594 respondisse

479 2631 654 2685 tertur
683 2627 758 2681 illi
801 2628 936 2681 deus
963 2664 979 2685 ,
1029 2636 1154 2676 cum
1204 2633 1264 2675 ut
1291 2620 1468 2676 locum
1511 2624 1752 2681 caveret,
1780 2614 1872 2683 qui
1901 2613 2077 2683 gemi-

481 2736 610 2775 num
657 2718 820 2773 deum
874 2712 1215 2785 protulisset.
1260 2709 1585 2778 Ambiguum
1621 2715 1748 2760 tunc
1793 2702 2076 2772 temporis,

481 2821 540 2866 et
570 2813 865 2865 obscurum
891 2806 1066 2859 visum
1105 2811 1228 2868 est;
1258 2809 1379 2871 post
1431 2799 1577 2870 regis
1617 2805 1796 2851 autem
1827 2802 2078 2858 mortem,

481 2917 672 2957 verum
707 2897 988 2953 oraculum
1019 2894 1188 2950 fuisse
1220 2901 1464 2962 coeptum
1495 2899 1580 2944 est
1614 2886 1867 2956 intelligi,
1899 2885 1985 2940 his
2017 2885 2082 2939 de

486 2987 696 3042 causis.
735 2984 1071 3055 Diophantns
1105 2982 1324 3052 quidam
1367 2995 1397 3034 e
1429 2977 1742 3033 Macedonia
1766 2976 1820 3030 in
1860 2975 2083 3030 civitate

2142 453 2376 523 ἐκλογὴν
2413 452 2447 521 ὴ
2491 445 2744 519 παροῦσα
2779 446 2992 506 ἔκδοσις
3031 439 3303 512 περιέχει.

2214 655 2339 707 Ὀτι
2370 648 2555 706 πολλοὶ
2589 646 2687 719 μὲν
2709 645 2806 698 καὶ
2829 642 2979 698 ἄλλοι
3012 638 3307 709 ἱστόρησαν
3327 632 3436 690 ἀπὸ
3461 633 3744 704 σχήματος

2143 743 2459 816 γυναικείου
2495 740 2590 795 καὶ
2619 735 2943 816 ὑπολήψεως
2978 734 3059 795 είς
3089 729 3284 800 ἀνδρὸς
3308 727 3403 782 καὶ
3435 726 3622 794 σχῆμα
3650 721 3743 776 καὶ

2147 813 2310 909 ίρύρσιν
2342 832 2689 904 ἀναφανῆναι
2707 847 2722 862 ο
2751 815 2893 896 ἀτάρ
2924 823 3020 878 καὶ
3048 821 3320 891 Διόδωρος
3349 821 3407 872 ἐν
3437 820 3502 887 τῇ
3530 816 3610 885 λβ¹
3633 813 3746 866 τῶν

2149 928 2404 1001 ἱστοριῶν
2429 928 2655 980 τοιαῦτα
2683 940 2751 976 πε
2763 921 2815 992 ρὶ
2837 919 3044 990 ταύτης
3071 916 3176 987 τῆς
3207 911 3573 982 περιπετείας
3604 911 3749 961 ἱστο-

2154 1026 2236 1096 ρεῖ
2255 999 2324 1086 (⁸,
2353 1021 2424 1074 τὰ
2459 1017 2590 1089 περὶ
2621 1011 2971 1080 Ἀλέξανδρον
3016 1011 3107 1063 τδν
3155 1005 3356 1073 Κοίλης
3403 1002 3602 1072 Συρίας
3652 999 3749 1052 καὶ

2161 1085 2497 1182 ῖΑντιοχείας
2527 1085 2920 1179 βασιλεύσαντα
2935 1100 2980 1133 ⁸⁸
2997 1093 3232 1163 διεξιών.
3257 1090 3396 1161 Φησὶ
3423 1089 3480 1142 δέ
3502 1088 3545 1119 ⁸⁸
3573 1103 3588 1118 ο
3606 1086 3666 1138 '0
3691 1085 3749 1138 δὲ

2165 1178 2654 1274 Ἀλέξανδροςάπὸ
2689 1198 2786 1269 μὲν
2833 1195 2932 1264 τῆς
2968 1190 3149 1261 μάχης
3202 1182 3340 1256 μετά
3375 1178 3751 1274 πεντακοσίων

2153 1297 2252 1370 τὴν
2276 1271 2453 1366 φυγὴν
2476 1291 2772 1362 ἐποιήσατο
2795 1286 2964 1356 τῆςἈ
2975 1281 3168 1354 ραϐίας
3189 1279 3267 1339 είς
3290 1275 3388 1339 τὰς
3411 1271 3752 1370 καλουμένας

2160 1363 2334 1455 ’Ᾰδας
2367 1390 2504 1460 πρὸς
2533 1385 2761 1440 Διοκλέα
2803 1382 2895 1436 τὸν
2923 1377 3209 1443 δυνάστην,
3245 1371 3382 1440 πρὸς
3407 1369 3466 1422 ὃν
3495 1363 3564 1438 ἦν
3583 1365 3756 1460 “La-tui.

2157 1485 2249 1540 τὸν
2282 1453 2397 1537 υίδν
2414 1453 2688 1549 ζΛντίοχον
2713 1471 3202 1546 προεκτεθειμένος
3227 1468 3359 1520 ὄντα
3384 1453 3756 1533 νήπιον.Εἷτα

2159 1579 2210 1634 οῖ
2244 1577 2340 1648 μὲν
2364 1574 2494 1646 περὶ
2515 1572 2608 1626 τὸν
2645 1569 2904 1636 Ἠλιάδην
2924 1563 3216 1636 ἡγεμόνες,
3237 1561 3287 1614 οἳ
3311 1559 3553 1627 συνῆσαν
3567 1553 3756 1616 Ἀλεξ-

2163 1643 2363 1741 ἀνδρῳ,
2401 1643 2568 1740 [lMS
2600 1662 2691 1736 ἢ]
2740 1661 2915 1729 λάθρα
2961 1651 3452 1726 διεπρεσϐεύσαντυ
3483 1648 3616 1716 περὶ
3655 1643 3761 1712 τῆς

2165 1740 2302 1829 ἰδίας
2355 1762 2672 1834 ἡγεμονίας,
2720 1755 3185 1826 ἐπαγγελλόμενοι
3237 1747 3614 1816 δολοφονήσειν
3666 1740 3761 1793 τὸν

2175 1831 2528 1926 Ἀλέξανδρον
2547 1869 2563 1884 °
2596 1850 3050 1922 συγχωρήσαντος
3082 1844 3140 1899 δὲ
3166 1839 3262 1896 τοῦ
3291 1836 3605 1908 Δημητρίου
3631 1831 3765 1926 scapi.

2163 1945 2239 2005 ῶν
2275 1924 2484 2018 ἠξίουν,
2513 1947 2576 1998 οὐ
2611 1945 2769 2015 μόνον
2799 1939 3054 2013 προδόται
3085 1935 3178 1990 τοῦ
3212 1931 3474 2004 βασιλέως
3505 1927 3644 1982 ἀλλά
3667 1924 3764 1978 καὶ

2167 2044 2348 2113 φονεῖς
2377 2038 2738 2109 ἐγενήθησαν.
2771 2035 2885 2087 Οὐκ
2919 2031 3068 2098 ἀξιον
3109 2028 3165 2082 δὲ
3197 2023 3490 2094 παρελθεῖν
3537 2019 3640 2091 τὴν
3671 2033 3766 2085 γε-

2166 2133 2398 2204 νομένην
2420 2131 2776 2202 περιπέτειαν
2796 2125 2902 2199 πρὸ
2914 2125 2959 2157 ⁸³⁸
2979 2123 3080 2192 τῆς
3105 2118 3458 2187 Ἀλεξάνδρου
3479 2113 3764 2181 τελευτῆς,

2167 2224 2259 2280 διὰ
2294 2223 2352 2277 δὲ
2391 2223 2454 2276 τὸ
2493 2217 2796 2292 παράδοξον
2836 2215 2969 2278 ἴσως
3006 2207 3548 2282 ἀπιστηθησομένην.

2244 2334 2596 2404 Ἀλεξάνδρου
2630 2330 2740 2402 γὰρ
2772 2327 2868 2382 τοῦ
2897 2323 3156 2398 βασιλέως
3188 2321 3364 2394 βραχῦ
3398 2317 3504 2390 πρὸ
3533 2315 3644 2369 τῶν
3676 2313 3769 2366 ἐν-

2176 2428 2432 2484 εστώτων
2452 2415 3221 2498 χρόνων¹χρηστηριαζομένου
3239 2412 3381 2468 κατά
3391 2411 3489 2482 τὴν
3505 2406 3762 2498 ίςιλικίαν

2176 2520 2308 2575 ἔνθα
2343 2496 2507 2589 φασῖν
2529 2516 2865 2578 ’Λπόλλωνος
2891 2506 3263 2582 Σαρπηδονίου
3299 2504 3442 2575 ἱερὸν
3475 2496 3770 2589 εἷναι,ἀν-

2175 2613 2317 2667 ελεῖν
2359 2588 2518 2681 αὐτῷ
2555 2608 2772 2676 λέγεται
2814 2605 2906 2659 τὸν
2953 2602 3076 2657 θεὸν
3115 2595 3454 2670 φυλάξασθαι
3487 2591 3577 2645 τὸν
3605 2588 3771 2642 τόπον

2177 2707 2268 2759 τὸν
2299 2705 2592 2772 ἐνεγκόντα
2621 2700 2712 2753 τὸν
2741 2699 3004 2768 δίμορφον
3023 2693 3090 2746 ⁸⁸.
3110 2690 3221 2746 Καὶ
3251 2689 3372 2743 τότε
3390 2685 3489 2757 μὲν
3510 2685 3773 2751 αἰνιγμα-

2178 2797 2322 2868 τώδη
2352 2795 2444 2849 τὸν
2473 2791 2721 2865 χρησμὸν
2763 2785 2903 2843 εἶναι
2933 2787 3104 2853 δόξαι,
3132 2783 3358 2851 ὕστερον
3406 2777 3606 2868 μέντοι.
3633 2774 3771 2868 μετὰ

2179 2884 2278 2954 τὴν
2307 2863 2575 2953 τελευτὴν
2608 2879 2702 2934 τοῦ
2747 2877 3013 2950 βασιλέως
3044 2869 3448 2941 ἐπιγνωσθῆναι
3487 2865 3551 2918 τὸ
3591 2863 3768 2930 λόγιον

2182 2976 2270 3030 διὰ
2293 2975 2553 3037 τοιαύτας
2582 2973 2736 3036 τινὰς
2767 2971 2966 3032 αἰτίαςο
3001 2967 3113 3037 Τῆς
3148 2962 3406 3035 Ἀραϐίας
3434 2960 3493 3012 ὲν
3522 2957 3644 3019 ταῖς
3673 2970 3771 3008 κα.-

485 3080 622 3138 Ahis
648 3081 702 3134 in
738 3046 941 3131 Arabia
978 3046 1283 3139 habitabat,
1309 3072 1400 3143 qui
1435 3071 1595 3124 ducta
1622 3083 1793 3124 uxore
1822 3067 2076 3122 Arabissa

2184 3069 2472 3140 λουμέναις
2493 3066 2690 3128 ’Ἄϐαις
2732 3063 2867 3134 ᾤκει
2911 3078 2994 3125 τις
3039 3058 3335 3128 Διόφαντος
3382 3052 3579 3122 ὄνομα,
3617 3049 3678 3102 τὺ
3712 3046 3767 3099 δὲ

489 3173 660 3228 lilium
702 3169 895 3242 genuit
939 3166 1182 3237 ejusdem
1231 3162 1470 3219 nominis
1517 3161 1904 3230 Diophantum,
1937 3168 1991 3213 et
2025 3160 2087 3211 tl-

489 3267 618 3321 liatn
648 3265 870 3319 nomine
901 3259 1218 3316 Heraidem.
1251 3255 1473 3322 Filium,
1531 3263 1822 3322 antequam
1863 3252 2088 3320 juvene-

489 3362 672 3413 seeret
701 3352 910 3418 amisit,
963 3351 1060 3406 sed
1108 3349 1272 3403 tiliam
1323 3347 1562 3401 nubilem
1599 3344 1812 3400 cuidam
1844 3339 2085 3398 Samiadi

493 3453 738 3504 delatam
794 3446 942 3501 dedit
971 3442 1101 3511 :qni
1148 3452 1341 3496 exacto
1386 3455 1494 3494 uno
1531 3454 1654 3494 eum
1708 3450 1879 3491 uxore
1921 3449 2086 3497 anno,

495 3538 684 3612 procul
721 3552 753 3592 a
792 3537 955 3592 domo
991 3534 1370 3604 peregrinatus
1413 3540 1520 3586 est.
1568 3517 1763 3584 Herais
1799 3535 2003 3590 autem,
2033 3535 2091 3578 ιιι

497 3634 723 3697 dicitur,
758 3631 968 3685 interea
1003 3627 1056 3682 in
1099 3641 1299 3682 novum
1326 3623 1552 3680 omnino
1581 3622 1852 3686 morbum,
1882 3628 1938 3674 et
1959 3632 2092 3672 sane

497 3724 873 3783 incredibilem
905 3721 1120 3777 incidit.
1148 3718 1283 3774 Nam
1314 3719 1508 3788 ingens
1523 3717 1669 3774 circa
1698 3713 1879 3770 alvum
1903 3722 2090 3767 natum

499 3826 587 3872 est
608 3815 790 3880 tuber,
822 3813 965 3882 quod
983 3826 1105 3867 cum
1137 3810 1190 3865 in
1215 3810 1332 3864 dies
1356 3814 1722 3868 exeresceret,
1753 3813 1808 3858 et
1834 3804 1984 3858 locus
2005 3802 2092 3854 in-

512 3915 604 3963 tus
651 3906 1124 3969 condensarelur,
1165 3899 1521 3956 consuluntur
1561 3897 1780 3953 medici.
1822 3895 1887 3950 lli
1936 3892 2093 3950 ulcus

505 3999 654 4053 circa
683 3997 884 4051 ostium
907 3994 1082 4049 vulva:
1116 4007 1238 4048 esse
1257 4000 1533 4057 asserunt,
1553 3989 1808 4059 quocirca
1833 3987 2095 4043 adhibent

507 4089 927 4153 medicamenta,
961 4086 1156 4153 quibus
1186 4085 1342 4140 tuber
1365 4083 1467 4139 hoc
1494 4082 1706 4153 possint
1723 4080 2089 4150 supprimere.

509 4181 760 4251 Septimo
784 4188 970 4232 autem
995 4177 1085 4232 die
1114 4178 1363 4246 disrupta
1391 4190 1603 4230 summa
1627 4184 1774 4237 cute,
1801 4172 2092 4234 exciditex

509 4271 762 4344 pudendo
805 4270 1021 4339 inguem
1049 4267 1322 4338 adjunctis
1369 4265 1630 4329 testibus,
1671 4272 1727 4319 et
1766 4264 1882 4319 haec
1914 4261 2096 4332 ruptio

513 4364 713 4433 hicqne
741 4359 970 4416 aﬂ'ectus
1005 4374 1104 4415 nec
1131 4358 1364 4424 medico,
1415 4373 1514 4414 nec
1553 4369 1828 4427 quoquam
1865 4363 2095 4408 externo

511 4463 708 4525 praater
737 4464 966 4508 matrem
1014 4460 1256 4522 duasque
1284 4451 1516 4507 ancillas
1564 4459 1832 4522 praesente
1871 4447 2093 4508 accidit.

513 4547 700 4616 Itaque
725 4547 804 4602 rei
833 4547 1076 4601 novitate
1097 4545 1390 4616 perculsae,
1427 4559 1648 4600 omnem
1679 4557 1869 4597 curam
1906 4538 2097 4596 Herai-

512 4641 598 4692 dis
626 4647 845 4706 gerunt,
893 4647 948 4693 et
981 4638 1034 4691 id
1063 4638 1206 4707 quod
1235 4637 1528 4691 accidisset
1565 4635 1861 4690 occultant.
1906 4631 2098 4686 Mulier

513 4741 646 4780 vero
688 4726 918 4781 liberata
964 4725 1179 4792 morbo,
1235 4733 1450 4793 sumpta
1494 4732 1649 4777 veste
1686 4722 1944 4802 ferininea,
1997 4723 2098 4775 do-

519 4819 747 4874 mestica
795 4817 1100 4882 exercitia,
1165 4823 1220 4871 et
1268 4815 1458 4872 uxoria
1508 4815 1850 4883 exsequitur.
1896 4813 2100 4884 378a

515 4911 620 4978 Qui
652 4911 961 4983 prodigium
989 4909 1423 4981 cognoscebant,
1450 4909 1699 4979 iudicant
1728 4923 1849 4963 eam
1879 4907 2102 4962 herma-

517 5004 836 5076 phroditum
875 5017 1021 5069 esse,
1067 5011 1122 5058 et
1166 5002 1288 5058 ideo
1320 5001 1480 5058 virile
1521 4999 1794 5071 quoddam
1833 5007 2099 5069 gestasse,

521 5097 646 5164 quia
675 5097 1001 5153 coienscum
1031 5097 1150 5151 viro
1175 5095 1454 5151 contrario
1482 5102 1695 5150 natura:
1725 5092 1886 5146 modo
1913 5090 2102 5146 coivit.

524 5190 706 5248 Latuit
731 5191 834 5247 hoc
861 5197 1139 5246 externos.
1178 5187 1455 5244 Reversus
1479 5193 1659 5242 autem
1692 5182 1994 5250 Samiades,
2024 5194 2105 5236 us.

2187 3160 2343 3229 γένος
2383 3156 2672 3214 Μακεδὼν.
2707 3147 2878 3218 Οὗτος
2918 3152 3182 3224 ἐγχώριον
3220 3145 3482 3220 ’Δραῦίαν
3541 3145 3774 3212 γυναῖκα

2187 3256 2373 3327 γήμας
2403 3252 2661 3322 ἐγέννησε
2694 3249 2812 3302 υίδν
2848 3246 2946 3319 μὲν
2973 3246 3265 3315 ὁμώνυμον
3305 3238 3504 3310 ἐαυτῷ,
3529 3236 3660 3310 [616
3683 3233 3772 3306 8.]

2191 3325 2466 3415 θυγατέρα
2491 3344 2548 3396 δὲ
2577 3342 2676 3413 τὴν
2705 3336 3239 3412 προσαγορευθεῖσαν
3275 3331 3526 3403 Ἠραῖδακ
3549 3329 3656 3382 Τὸν
3680 3325 3774 3396 μὲν

2189 3433 2282 3492 οὖν
2315 3436 2429 3490 υἱὸν
2445 3435 2491 3468 ⁵ο
2525 3434 2630 3506 πρὸ
2657 3431 2757 3503 τῆς
2790 3432 2975 3502 ἀκμῆς
3017 3427 3196 3482 ἐπεῖδε
3227 3423 3653 3494 τελευτήσαντα,
3680 3416 3774 3488 τῆν

2189 3527 2247 3581 δὲ
2273 3526 2545 3596 θυγατέρα
2575 3525 2756 3596 γάμου
2787 3520 3015 3593 ἔχουσαν
3039 3517 3190 3588 ὥραν
3220 3513 3512 3586 προικίσας
3536 3523 3776 3596 συγκατ-

2191 3618 2360 3691 ῴκισέ
2405 3633 2514 3669 τινι
2558 3595 2729 3685 ὄνομα
2763 3609 3041 3682 Σαμιάδης
3057 3607 3126 3662 ⁸¹.
3155 3597 3324 3668 Οὗτος
3367 3601 3465 3674 μὲν
3513 3595 3610 3655 οὖν
3641 3616 3778 3666 συμ-

2191 3687 2398 3772 διὼσας
2441 3709 2508 3778 τῇ
2543 3703 2857 3776 γαμηθείσῃ
2896 3701 3088 3773 χρόνον
3137 3695 3408 3750 ἐνιαύσιον
3455 3687 3778 3761 ἀπεδήμησε

2196 3801 2415 3875 μακρὰν
2461 3797 2797 3870 ἀποδημίαν.
2828 3793 2941 3866 Τὴν
2965 3791 3012 3845 δ’
3045 3789 3272 3861 Ἦρατδα
3304 3787 3468 3858 φασιν
3497 3781 3782 3856 ἀρρωστίᾳ

2194 3893 2516 3965 περιπεσεῖν
2561 3885 2849 3960 παραδόξῳ
2893 3883 2991 3939 καὶ
3040 3879 3317 3944 παντελῶς
3357 3876 3778 3947 ἀπιστουμένῃο

2194 3984 2504 4059 φλεγμονὴν
2550 3982 2658 4053 γὰρ
2707 3977 2932 4051 ἰσχυρὰν
2960 3974 3215 4046 γενέσθαι
3245 3973 3376 4044 περὶ
3403 3972 3464 4024 τὸ
3490 3965 3660 4042 ἦτρον
3688 3967 3785 4020 αὑ-

2193 4079 2454 4151 τῆς.Ἒπὶ
2479 4075 2639 4129 πλέον
2671 4072 2730 4127 δὲ
2758 4072 3070 4144 οἰδήσαντος
3097 4067 3193 4122 τοῦ
3233 4066 3424 4127 τόπου,
3459 4063 3653 4116 ἔπειτα
3677 4059 3786 4114 τῶν

2197 4169 2450 4242 πυρετῶν
2467 4169 2514 4201 δ’
2538 4166 2791 4238 μεγάλων
2820 4161 3318 4233 συνεπιγινομένων
3334 4159 3403 4224 ⁵³,
3421 4155 3787 4221 καταδοξάσαι

2195 4266 2321 4343 τοὺς
2373 4263 2589 4332 ἰατροὺς
2639 4260 2871 4314 ἕλκωσιν
2913 4255 3196 4328 γεγονέναι
3243 4251 3371 4324 περὶ
3397 4251 3492 4305 τὸν
3517 4248 3787 4319 τράχηλον

2197 4338 2296 4428 τῆς
2353 4357 2590 4427 μήτρας.
2629 4353 2943 4424 Χρωμένων
2991 4351 3049 4405 δὲ
3099 4347 3279 4403 αὐτῶν
3327 4344 3649 4416 θεραπείαις
3702 4335 3788 4404 αἷς

2202 4448 2584 4519 ὑπελάμϐανον
2609 4445 2998 4501 καταστέλλειν
3017 4443 3117 4504 τὰς
3141 4437 3474 4511 φλεγμονὰς,
3496 4434 3790 4506 ἐϐδομαίας

2200 4543 2308 4599 8⁸⁸⁸
2339 4541 2529 4614 οὖσης.
2566 4541 2718 4614 ῥῆξιν
2767 4536 3114 4609 ἐπιγενέσθαι
3164 4535 3268 4605 τῆς
3319 4530 3666 4600 ἐπιφανείας,
3699 4527 3791 4582 καὶ

2202 4635 2498 4707 προπεσεῖν
2515 4633 2559 4665 ⁸⁸
2587 4634 2653 4686 ἐκ
2689 4631 2799 4684 τῶν
2826 4631 2924 4700 τῆς
2959 4626 3210 4699 Ἡραῖδος
3241 4621 3567 4692 γυναικείων
3597 4619 3793 4674 αἰδοῖον

2203 4727 2469 4797 ἀνδρεῖον,
2504 4724 2628 4795 ἔχον
2655 4723 2913 4792 διδύμους
2946 4717 3401 4791 προσκειμένους.
3423 4714 3537 4783 Τὴν
3556 4713 3616 4766 δὲ
3639 4711 3792 4782 ῥῆξιν

2202 4817 2409 4872 τούτων
2439 4817 2537 4871 καὶ
2561 4815 2624 4869 τὸ
2657 4813 2830 4876 πάθος
2860 4810 3116 4882 γενέσθαι
3145 4810 3287 4880 μήτε
3321 4805 3510 4878 ἰατροῦ
3543 4804 3673 4875 μήτ’
3704 4802 3793 4856 ἀλ·

2205 4909 2314 4962 λων
2357 4907 2468 4962 τῶν
2522 4905 2725 4972 ἔξωθεν
2747 4907 2792 4938 "
2817 4903 3124 4974 παρόντων,
3157 4900 3297 4971 πλὴν
3328 4898 3534 4970 μητρὸς
3565 4895 3665 4950 καὶ
3703 4892 3796 4949 δύο

2198 5000 2629 5072 θεραπαινίδων.
2669 4998 2803 5052 Τότε
2846 4995 2947 5068 μὲν
2992 4991 3088 5050 οὖν
3106 4995 3151 5026 ⁸⁷
3181 4994 3403 5065 ἀχανεῖς
3433 4983 3794 5059 γενομέναςυ

2208 5091 2298 5145 διὰ
2325 5091 2386 5144 τὸ
2417 5089 2742 5162 παράδοξον,
2775 5088 2874 5159 τὴν
2906 5086 3262 5160 ἐνδεχομένην
3286 5083 3606 5156 ἐπιμέλειαν
3636 5080 3792 5151 ποιή-

2215 5184 2411 5237 σασθαι
2443 5183 2546 5246 τῆς
2577 5181 2849 5254 Ἦραῖδος,
2881 5182 2976 5236 καὶ
3013 5178 3432 5250 κατασιωπῆσαι
3456 5178 3517 5231 τὸ
3549 5173 3789 5244 γεγονός.

1844 5320 2077 5379 VARIIE
2113 5320 2526 5379 LECTIO‘NES.

593 5426 638 5459 “
670 5424 765 5478 καὶ
791 5423 830 5477 δ’
853 5423 1047 5479 οῐη.Ᾱ.
1122 5422 1169 5455 ⁸⁸
1205 5421 1371 5486 λζ’Ᾱ.
1447 5420 1494 5453 ⁸⁸
1518 5419 1627 5493 λη’]
1656 5419 1684 5472 ὁ
1715 5416 1798 5493 λη’
1835 5417 1940 5493 Λ..-
1973 5416 2022 5493 ξε
2045 5413 2564 5493 ἱστορεῖ-κοίλης]
2599 5413 2699 5493 καὶ
2754 5412 2863 5493 τῶν
2901 5411 2942 5466 Β
2987 5420 3044 5493 et
3091 5411 3260 5493 _rc._.A
3296 5425 3419 5480 :pr.
3481 5408 3628 5493 enim

521 5498 568 5529 "
598 5495 1031 5568 βασιλευσάντων
1215 5493 1280 5568 ff
1295 5493 1351 5546 δὲ
1375 5501 1500 5547 ante
1522 5495 1551 5544 ὁ
1577 5488 1688 5568 oin:
1724 5488 1781 5542 li.
1837 5488 1940 5568 -.δέ

524 5630 1094 5702 Ε⁸’συ”νεττιγενομιένσι›ν
1126 5651 1188 5699 ς’.
1269 5630 1412 5688 ’κδ’
1441 5649 1551 5689 Ollio
1587 5630 1647 5684 Β·

529 5706 694 5769 μένας
723 5705 792 5758 Β;
825 5707 1111 5775 γινομένας
1144 5723 1207 5772 ς.

522 5498 568 5529 ⁵⁵
598 5495 1031 5568 βασιλευσάντων
1063 5493 1124 5549 Β.
1231 5481 1280 5524 ⁵⁷⁸
1295 5493 1351 5546 δὲ
1375 5501 1500 5547 ante
1522 5495 1551 5544 ὁ
1575 5481 1688 5545 οἴη.
1724 5481 1784 5542 li:
1895 5488 1940 5519 ⁵³
1975 5481 2044 5557 ἦν
2079 5481 2198 5540 nni."
2217 5487 2277 5539 Β.

522 5567 784 5638 δίμορφον
814 5565 854 5615 Β
885 5581 900 5618 :
945 5565 1036 5638 τὸν
1059 5564 1179 5618 θεὸν
1210 5563 1473 5638 δίμ-ορςρον
1496 5579 1555 5627 ς.
1592 5559 1690 5638 _cf.
1728 5575 1810 5638 pr.
1836 5556 1942 5611 578
1972 5575 2005 5609 ιι
2053 5556 2144 5638 έθ.
2255 5558 2276 5589 ³

1749 5630 1795 5670 ⁸⁸
1815 5629 2111 5700 προπεσεῖν
2145 5643 2208 5693 ς’.

2379 5487 2424 5518 ⁸⁸
2457 5476 2564 5556 πβδ
2586 5487 2653 5549 Α,
2681 5484 2827 5556 πρὸς
2847 5501 2910 5549 ς.
2985 5482 3032 5556 ⁸9
3056 5482 3148 5556 τδν
3169 5476 3432 5556 δίμορξρρν
3463 5495 3548 5547 pr.
3568 5476 3801 5556 A,_0éav

2255 5558 2300 5589 "
2330 5556 2430 5625 μὲν
2486 5547 2600 5609 υἱόν
2630 5547 2692 5621 ς.
2727 5547 3166 5626 ’ωδίσαμίαᾉΖ
3226 5547 3679 5626 Ἰίξξῷ-πυρετῷ
3735 5563 3798 5611 ς.

2321 5618 2366 5660 ί⁶
2395 5626 2554 5683 ἄλλον
2585 5618 2696 5681 τῶν
2742 5623 2847 5690 ἔξω
2872 5641 2932 5690 ς.
2960 5618 2973 5626 ’
3041 5625 3086 5658 ⁸⁷
3107 5618 3202 5679 οὖν
3249 5618 3378 5678 add.
3412 5619 3476 5674 Β.
3537 5618 3618 5652 ’⁸³
3648 5632 3803 5690 γενο-
