3990 6232
305 212 447 281 1385
1385 221 1910 284 BIBLIOTHECA.
1940 221 2174 282 —COD.
2211 221 2500 284 CCXLIV.
3426 219 3564 286 1336

298 329 416 397 Τὴν
444 326 504 380 δὲ
538 327 902 383 ἀπολυθεῖσαι)
946 329 1046 398 τῆς
1094 334 1253 385 νόσου
1297 332 1396 403 τὴν
1446 333 1649 404 ἐσθῆτα
1699 334 1887 404 φορεῖν

1993 347 2090 402 par
2118 341 2223 398 est,
2256 347 2421 402 super
2453 345 2622 387 uxore
2653 329 2872 401 rogitat,
2903 344 3022 402 qua:
3067 347 3177 402 prae
3217 333 3425 403 pudore
3462 350 3569 392 non

298 419 645 488 γυναικείαν,
676 420 769 473 καὶ
797 421 898 491 τὴν
926 421 1096 493 ἄλλην
1120 423 1345 495 ἀγωγὴν
1381 425 1631 497 οἵκουρον
1662 427 1756 480 καὶ
1786 426 1887 480 ὓπ-

1992 426 2095 480 rnit
2121 439 2255 480 ansa
2279 437 2617 494 comparere.
2641 423 2796 491 Quod
2824 423 3021 479 acerbe
3047 423 3232 480 ferens
3259 424 3566 494 Samiadcs,

298 512 498 582 ανδρον
518 511 902 580 διαφυλάττειν
918 514 964 548 ⁸9
980 532 993 544 ·
1019 515 1537 581 καταδοξάζεσθαι⁶⁰
1567 519 1624 572 δὲ
1651 518 1755 572 ὑπὸ
1778 519 1887 572 τῶν

1989 518 2191 574 institit
2218 517 2475 588 amplius,
2506 527 2564 573 et
2594 517 2932 574 consortium
2961 532 3085 572 cum
3115 533 3284 573 uxore
3309 534 3404 573 sua
3437 534 3564 588 pos-

300 603 625 657 συνειδότων
649 604 750 674 τὴν
779 607 1134 677 περιπέτειαν
1159 610 1560 681 ἑρμαφρόδιτον
1587 606 1728 664 εῖναι
1747 651 1762 678 ,
1794 612 1887 666 καὶ

1991 613 2184 668 tulavit
2228 632 2242 667 :
2281 621 2438 682 patre
2494 625 2626 666 vero
2671 620 2968 678 renuente,
3025 621 3081 667 et
3125 626 3347 668 causam
3385 612 3572 672 dicere

297 695 447 748 κατὰ
495 695 594 766 τὴν
646 699 1022 770 γεγενημένην
1048 700 1173 770 ’μετ’
1202 700 1394 772 ἀνδρὸς
1425 701 1747 772 συμϐίωσιν,
1787 704 1887 775 τῆς

1989 705 2374 770 erubescente,
2421 719 2613 774 magna
2648 712 2769 759 orta
2804 711 2889 760 est
2918 704 3224 758 contentio.
3255 702 3444 774 Itaque
3473 718 3570 771 pro

300 789 447 841 κατὰ
476 787 639 856 φύσιν
669 789 972 860 ἐπιπλοκῆς
999 791 1488 866 ἀντιπραττούσης,
1518 795 1696 849 δοκεῖν
1717 796 1887 867 αὐτὴν

1989 807 2162 848 uxore
2189 807 2285 849 sua
2310 807 2505 849 socero
2539 795 2682 848 diem
2714 793 2870 858 dicit,
2905 802 2961 849 et
3013 802 3073 847 ut
3108 794 3167 848 fit
3198 795 3250 847 in
3281 793 3567 859 dramatis,

299 880 426 944 ταῖς
464 882 782 951 ἀῤῥενικαῖς
810 889 1249 954 συμπεριφοραῖς
1285 887 1722 958 καθωμιλῆσθαι.
1743 891 1887 943 Λαν-

299 970 574 1041 θανούσης
607 973 664 1025 δὲ
687 973 815 1036 τοὺς
844 975 1002 1039 ἐκτὸς
1031 977 1129 1046 τῆς
1165 977 1458 1042 διαθέσεως
1485 980 1689 1051 ταύτης
1718 983 1887 1036 ὲπαν-

297 1060 479 1114 ελθεῖν
502 1062 595 1116 τὸν
617 1064 896 1135 Σαμιάδην
929 1069 1024 1120 καὶ
1059 1067 1334 1140 (καθάπερ
1353 1065 1423 1140 ἦν
1453 1070 1764 1142 ἐπιϐάλλον)
1788 1073 1889 1144 τὴν

299 1154 652 1223 γαμηθεῖσαν
695 1155 975 1226 ἐπιζητεῖν
997 1197 1011 1222 ,
1052 1159 1114 1211 ού
1149 1159 1436 1232 τολμώσης
1487 1161 1532 1216 δ’
1563 1164 1777 1234 ἐκείνης
1807 1167 1889 1228 εἰς

297 1245 425 1315 ὄψιν
473 1247 647 1302 ἐλθεῖν
676 1249 764 1303 διὰ
793 1250 891 1322 τὴν
922 1252 1185 1323 αἰσχύνην
1205 1295 1218 1319 ,
1245 1254 1338 1307 τὸν
1370 1256 1648 1328 Σαμιάδην
1681 1259 1815 1325 φασὶ
1841 1260 1886 1291 ⁶¹

299 1334 517 1407 βαρέως
565 1339 1227 1415 ὲνεγκεῖν.Ἐπικειμένου
1274 1346 1330 1398 δὲ
1377 1349 1763 1422 συνεχέστερον
1795 1353 1890 1406 καὶ

296 1426 663 1492 ἀπαιτοῦντος
683 1431 781 1498 τὴν
809 1430 1059 1502 σύμϐιον,
1092 1432 1189 1486 καὶ
1218 1433 1310 1486 τοῦ
1342 1435 1546 1505 πατρὸς
1569 1437 1646 1506 μὴ
1673 1455 1888 1509 συγχω-

301 1515 525 1586 ροῦντος
569 1518 690 1589 μὲν,
725 1523 1115 1592 αἰσχυνομένου
1146 1525 1324 1596 δὲτὴν
1355 1528 1534 1582 αἰτίαν
1577 1531 1774 1595 εἰπεῖν,
1808 1533 1891 1596 εἰς

302 1607 448 1676 μέγα
483 1607 677 1677 ηὔξετο
699 1613 733 1681 ἡ
758 1610 1012 1682 διαφορά.
1031 1614 1383 1685 Ἐπενεγκεῖν
1413 1636 1472 1672 τε
1495 1619 1584 1674 διὰ
1614 1621 1773 1675 τοῦτο
1803 1621 1883 1675 δί-

1990 887 2297 957 prodigium
2339 885 2558 942 fortuna
2605 885 2658 941 in
2699 886 2908 942 crimen
2943 887 3236 942 convertit.
3283 887 3422 941 Cum
3452 886 3567 955 jam

1981 979 2194 1048 judices
2237 980 2652 1047 consedissent,
2698 988 2752 1034 et
2795 994 2974 1035 causae
3017 991 3201 1035 essent
3250 979 3448 1047 allatae,
3484 980 3577 1034 ad-

1989 1069 2350 1138 essejubetur
2380 1084 2615 1140 persona
2649 1070 2715 1125 de
2739 1085 2842 1141 qua
2871 1069 3252 1125 contendatur.
3284 1069 3405 1125 Jam
3439 1085 3572 1124 vero

1991 1162 2245 1218 dubitant
2286 1161 2520 1231 iudices,
2553 1171 2737 1216 utrum
2771 1162 2888 1215 viro
2936 1161 3243 1231 conjugem,
3281 1170 3374 1214 ant
3405 1160 3570 1215 filiam

1989 1255 2131 1324 patri
2161 1253 2505 1323 adjudicent;
2537 1263 2764 1309 censent
2793 1255 3010 1308 tandem
3066 1255 3117 1306 id
3157 1245 3443 1308 veritatem
3487 1252 3571 1306 in-

1990 1347 2198 1414 dicare,
2241 1361 2468 1402 uxorem
2517 1347 2634 1400 viro
2659 1359 2782 1402 esse
2831 1345 3249 1416 adjnngcndam.
3279 1343 3402 1414 Ipsa
3445 1358 3568 1398 mox

1991 1441 2253 1495 audacter
2277 1450 2484 1494 vestem
2518 1437 2698 1494 fictam
2729 1437 2968 1501 solvens,
3001 1437 3241 1492 ostendit
3273 1435 3450 1506 palam
3481 1436 3532 1489 vi
3552 1469 3564 1478 ο

1992 1546 2111 1588 "um
2143 1545 2266 1587 sese
2289 1545 2434 1597 esse,
2468 1530 2871 1587 lamentabilem
2900 1531 3093 1586 tollens
3115 1545 3328 1594 vocem,
3353 1533 3422 1585 ad
3440 1531 3569 1598 quid

1992 1628 2252 1692 cogerent
2315 1619 2494 1675 virum
2565 1619 2887 1676 cohabitare
2955 1621 3118 1676 viro?
3170 1619 3573 1690 Obstupescere

299 1713 407 1766 κην
435 1698 514 1769 τῷ
545 1703 714 1772 πατρὶ
764 1702 896 1773 περὶ
943 1704 1045 1774 τῆς
1095 1705 1233 1770 ἰδίας
1279 1708 1556 1776 γυναικὸς,
1589 1713 1688 1781 τῆς
1715 1711 1886 1783 τύχης

1989 1728 2216 1780 omnes,
2258 1723 2315 1769 et
2364 1712 2672 1769 admirabili
2722 1727 2858 1768 voce
2906 1727 2968 1769 se
3025 1714 3306 1782 perculsos
3356 1713 3568 1770 testari.

299 1787 493 1860 ὥσπερ
523 1791 582 1844 ὲν
607 1792 848 1864 δράμασι
866 1796 911 1827 ⁶²
941 1798 1002 1850 τὸ
1036 1798 1339 1869 παράδοξον
1387 1802 1486 1873 τῆς
1533 1807 1887 1874 περιπετείας

299 1883 543 1954 ἀγούσης
567 1886 648 1950 εἰς
666 1886 1435 1965 ἔγκλημα..Συνεδρευσάντων
1463 1897 1520 1951 δὲ
1543 1900 1654 1952 τῶν
1684 1901 1886 1970 κριτῶν

298 1976 406 2030 καὶ
427 1975 602 2046 λόγων
634 1980 906 2050 ῥηθέντων
952 1989 1320 2057 συμπαρεῖναι
1366 1989 1467 2058 μὲν
1509 1993 1573 2062 τῇ
1615 1992 1796 2061 κρίσει
1827 1992 1888 2046 τὸ

295 2068 818 2144 ἀμφισϐητούμενον
851 2075 1043 2146 σῶμα,
1079 2078 1359 2149 διαπορεῖν
1386 2079 1442 2134 δὲ
1473 2081 1598 2146 τοὺς
1626 2083 1889 2148 δικαστὰς

297 2159 529 2230 πότερον
546 2165 814 2235 προσήκει
835 2167 926 2220 τὸν
948 2169 1114 2240 ἄνδρα
1133 2171 1233 2241 τῆς
1253 2173 1554 2244 γυναικδςῆ
1569 2175 1662 2228 τὸν
1674 2175 1886 2247 πατέρα

296 2255 399 2323 τῆς
432 2253 704 2326 θυγατρὸς
725 2259 1026 2330 κυριεύειν.
1061 2262 1242 2334 Πέρας
1264 2264 1374 2318 τῶν
1395 2266 1599 2336 κριτῶν
1627 2270 1888 2338 οἰομένων

295 2343 408 2397 δεῖν
431 2346 747 2402 ἀκολουθεῖν
773 2351 966 2423 τάνδρὶ
987 2353 1086 2425 τὴν
1108 2355 1475 2424 γαμηθεῖσαν,
1498 2357 1596 2428 τὴν
1627 2357 1887 2431 ἀλήθειαν

294 2437 631 2510 διασαφῆσαι
655 2443 716 2496 τὸ
739 2447 839 2514 τῆς
863 2445 1079 2516 φύσεως
1101 2445 1290 2519 ἄρρεν,
1321 2448 1414 2501 καὶ
1440 2448 1597 2521 θυμῷ
1617 2451 1884 2524 τετολμη-

295 2529 419 2584 κότι
470 2533 570 2602 τὴν
619 2535 1164 2610 καθυποκρινομένην
1213 2541 1417 2616 ἐσθῆτα
1445 2545 1687 2599 λύσασαν
1716 2547 1888 2614 δεῖξαι

295 2623 457 2688 πᾶσι,
491 2624 654 2694 ῥῆξαί
680 2645 738 2680 τε
765 2630 950 2702 φωνὴν
989 2631 1433 2703 δεινοπαθοῦσαν,
1465 2641 1519 2693 εἴ
1547 2657 1692 2704 τινες
1720 2643 1889 2710 ἀναγ-

294 2713 529 2778 κάζουσι
574 2724 840 2775 συνοικεῖν
871 2725 1026 2796 ἀνδρὶ
1060 2728 1152 2781 τὸν
1193 2730 1383 2803 ἄνδρα.
1418 2731 1583 2804 [1148
1615 2733 1706 2805 IL]
1741 2736 1888 2790 Πάν-

294 2822 407 2860 των
449 2809 505 2862 δὲ
544 2814 1006 2885 καταπλαγέντων
1065 2821 1163 2875 καὶ
1219 2826 1370 2895 φωνῇ
1418 2826 1776 2899 θαυμαζούσῃ
1830 2828 1890 2881 τὸ

293 2901 600 2971 παράδοξον
627 2909 1172 2982 ὲπισημαινομένων,
1199 2915 1298 2987 τὴν
1328 2917 1429 2986 μὲν
1464 2917 1691 2988 Ἠραῖδα
1723 2920 1888 2990 φασὶν

293 2993 780 3070 ἀποκαλυφθείσης
825 3002 924 3072 τῆς
969 3005 1235 3077 αἰσχύνης
1278 3009 1768 3080 μεταμφιάσασθαι
1794 3012 1886 3068 τὸν

1993 1806 2146 1861 Tune
2194 1805 2391 1863 Herais
2419 1808 2650 1861 {remoto
2684 1806 2911 1875 pudore,
2953 1805 3163 1861 virilem
3193 1806 3434 1860 habitmn
3483 1822 3573 1859 re.

1984 1895 2133 1966 jecto
2162 1895 2401 1951 femineo
2414 1902 2752 1950 memoratur
2774 1894 3158 1962 assumpsisse.
3182 1893 3370 1948 Medici
3393 1903 3572 1949 autem

1991 1989 2079 2044 liis
2113 1989 2245 2044 visis
2274 1989 2356 2044 sic
2385 1987 2645 2043 dixerunt
2677 2006 2691 2043 :
2727 1987 2932 2042 Eodem
2966 1987 3088 2043 loco
3119 1999 3175 2041 et
3203 1987 3495 2042 femineum
3519 2001 3575 2041 et

1988 2079 2202 2134 virilem
2234 2095 2424 2136 sexum
2465 2080 2592 2150 tegi,
2623 2091 2681 2135 et
2715 2079 3034 2151 pelliculam
3061 2094 3182 2148 quae
3232 2089 3398 2135 testes
3423 2086 3575 2150 tege-

1991 2180 2095 2237 ret,
2147 2187 2290 2226 nuvo
2338 2188 2490 2226 more
2539 2173 2780 2242 perviam
2814 2171 3016 2225 factam
3058 2185 3215 2234 esse,
3261 2187 3371 2240 quo
3412 2172 3570 2227 retri-

1992 2273 2172 2320 tnenta
2206 2272 2414 2318 naturae
2443 2265 2780 2329 transirent;
2809 2277 2980 2333 quare
3009 2271 3282 2331 patentem
3314 2262 3464 2316 illum
3494 2262 3574 2317 lo-

1991 2371 2115 2411 cum
2155 2355 2459 2422 obducere,
2508 2365 2565 2409 ct
2611 2353 2894 2420 claudere,
2945 2352 3266 2422 virilemque
3319 2363 3572 2406 naturam

1991 2457 2295 2517 promptam
2339 2446 2574 2503 reddere
2612 2446 2790 2504 coacti
2827 2453 2978 2513 sunt,
3014 2445 3270 2502 omnibus
3316 2444 3574 2500 adhibitis

1993 2537 2429 2593 medicamentis.
2463 2536 2658 2594 Herais
2676 2553 2808 2593 vero
2835 2537 3026 2593 induto
3048 2536 3265 2592 nomine
3286 2535 3572 2604 Dioplianti

1989 2633 2301 2703 conscripta
2341 2639 2426 2688 est
2457 2632 2600 2688 inter
2639 2633 2875 2701 equites,
2910 2639 2966 2686 et
3011 2630 3268 2685 militaris
3302 2645 3406 2683 una
3449 2645 3572 2684 cum

1993 2741 2122 2796 rege
2154 2725 2305 2781 Abas
2348 2725 2597 2781 secessit.
2630 2725 2785 2780 Tunc
2815 2739 2946 2781 vero
2975 2723 3253 2780 oraculmn
3297 2723 3440 2793 quod
3476 2738 3578 2778 an-

1992 2826 2076 2870 tea
2128 2815 2406 2870 occultnm
2461 2813 2594 2881 fuit,
2648 2829 2837 2869 verum
2885 2813 3055 2870 fuisse
3105 2814 3379 2883 apparuit.
3439 2811 3575 2868 Nam

1989 2903 2136 2959 Abas
2173 2918 2297 2959 cum
2329 2919 2427 2958 rex
2461 2903 2817 2974 confugisset,
2867 2903 3071 2959 ibidem
3107 2903 3272 2959 etiam
3324 2903 3578 2959 biformis

1992 2999 2332 3068 Diophantus
2354 2997 2474 3053 fuit.
2513 3000 2584 3053 At
2614 2997 2902 3053 Samiades
2915 2997 3058 3066 quod
3089 2997 3261 3052 amori
3291 2997 3579 3067 primoque

293 3089 606 3149 γυναικεῖον
660 3090 867 3160 κόσμον
920 3095 1000 3156 εἰς
1059 3097 1344 3151 νεανίσκου
1379 3099 1642 3166 διάθεσιν,
1676 3101 1802 3167 τοὺς
1831 3102 1887 3156 δὲ

1996 3091 2345 3146 matrimonio
2391 3090 2692 3153 serviisset,
2743 3089 2966 3158 pudore,
2996 3098 3052 3144 et
3085 3097 3278 3144 contra
3320 3099 3576 3143 naturam

297 3177 522 3248 ἰατροὺς
552 3182 964 3253 ἐπιδειχθέντων
987 3184 1113 3258 [617
1141 3187 1234 3260 Η.]
1261 3191 1444 3254 αὐτοῖς
1471 3191 1581 3247 τῶν
1607 3194 1887 3263 φανέντων

293 3269 499 3337 γνῶναι
537 3273 618 3327 ὅτι
669 3277 1087 3348 κατεκέκρυπτο
1107 3281 1152 3312 ⁸³
1187 3281 1349 3350 φύσις
1397 3285 1629 3355 ἄρρενος
1671 3288 1730 3340 ἐν
1760 3288 1885 3357 ᾠει-

291 3360 432 3414 δεῖοδ
459 3367 610 3435 τόπῳ
643 3366 856 3435 φύσεως
892 3369 1134 3442 θηλείας,
1167 3375 1258 3428 καὶ
1304 3377 1574 3447 δέρματος
1604 3379 1884 3452 περιειλη-

293 3454 458 3522 φότος
486 3459 636 3528 παρὰ
668 3460 729 3514 τὺ
765 3462 993 3533 σύνηθες
1022 3466 1120 3535 τὴν
1167 3465 1328 3535 φύσιν
1369 3467 1662 3542 σύντρησις
1693 3472 1882 3540 ὲγεγέο

1991 3183 2188 3255 3781)
2223 3183 2428 3253 nuptiis
2479 3182 2629 3237 initis
2651 3180 2961 3245 alllictatus,
3016 3181 3578 3251 Di0pltantumbtere-

1990 3280 2113 3332 dem
2160 3277 2428 3333 benorum
2473 3291 2696 3332 suorum
2738 3275 2983 3344 scripsit,
3031 3284 3087 3329 et
3125 3275 3228 3331 sibi
3261 3275 3358 3344 ipsi
3407 3275 3575 3330 vitam

1987 3372 2210 3442 eripuit.
2258 3371 2390 3427 Vide
2417 3368 2692 3439 quomodo
2730 3366 2936 3423 femina
2988 3368 3200 3424 virilem
3254 3369 3496 3424 animum
3523 3383 3580 3423 ct

1985 3468 2268 3522 audaciam
2311 3475 2572 3531 assumat,
2604 3472 2660 3518 et
2715 3463 2796 3516 vir
2846 3461 3044 3517 femina
3092 3461 3186 3516 ﬁat
3238 3462 3576 3519 imbecillior.

293 3555 506 3622 νητο⁶³,
543 3555 610 3609 δι’
633 3549 709 3611 ὧν
738 3559 1060 3624 ἐξωδεύοντο
1084 3563 1152 3618 τὰ
1191 3565 1583 3637 περιττώματα
1605 3584 1619 3600 ·
1668 3569 1858 3640 διόπερ
1895 3570 1985 3624 τὸν
2021 3563 2610 3639 προσεσυριγγωμένυν
2661 3560 2824 3614 τόπον
2853 3558 3201 3624 ἐλκώσαντας
3274 3561 3384 3615 δεῖν
3445 3577 3581 3614 κατ-

291 3649 566 3717 ουλῶσαι,
596 3653 693 3726 τὴν
725 3656 779 3710 δὲ
818 3657 1013 3730 ἀνδρὸς
1051 3659 1214 3729 φύσιν
1242 3661 1512 3734 εὕκοσμον
1545 3666 1880 3736 ποιήσαντας
1921 3668 2018 3721 σὺν
2047 3661 2366 3733 ἐνδεχομένη
2419 3658 2566 3725 δόξαι
2603 3657 2905 3728 κεχρῆσθαι
2923 3658 2968 3689 ⁸⁸
3001 3657 3288 3730 θεραπειᾳ.
3356 3659 3469 3730 Τὴν
3532 3657 3579 3711 δ’

305 3744 532 3816 Ἡραῖδα
574 3755 1069 3823 μετονομασθεῖσαν
1101 3758 1394 3828 Διόφαντον
1427 3762 1507 3824 εἰς
1567 3761 1695 3825 τοὺς
1763 3763 1946 3828 ἱππεῖς
1986 3758 2410 3830 καταλεχθῆναι,
2452 3756 2549 3810 καὶ
2590 3755 2688 3809 σὺν
2735 3754 2812 3824 τῷ
2862 3753 3074 3826 βασιλεῖ
3121 3756 3580 3826 παραταξάμενοι

291 3841 374 3903 εἰς
402 3840 500 3904 τὰς
537 3843 707 3905 Ἀϐας
740 3850 1214 3920 συναναχωρῆσαι.
1248 3851 1337 3905 Διὸ
1364 3852 1576 3907 καὶτὸν
1602 3854 1866 3925 πρότερον
1921 3854 2283 3925 ἀγνοούμενον
2323 3848 2573 3921 χρησμὸν
2620 3847 2741 3900 τότε
2811 3846 3117 3918 γνωσθῆναι
3161 3850 3419 3915 φανέντος
3481 3853 3578 3904 τοῦ

293 3935 559 4008 βασιλέως
589 3939 647 3990 ἐν
672 3939 794 4002 ταῖς
859 3939 1080 4006 Ἀϐαις,
1148 3943 1271 3996 καθ’
1296 3944 1355 3996 ὃν
1403 3945 1566 3999 τόπον
1618 3946 1646 3998 ὁ
1689 3946 1951 4017 δίμορφος
1989 3942 2361 4016 ὲγεγένητοθτ.
2393 3943 2500 3995 Τὸν
2543 3940 2600 3994 δὲ
2631 3939 2912 4011 Σαμιάδην
2957 3939 3229 4008 λέγουσιν,
3275 3941 3439 4013 ἔρωτι
3486 3949 3580 3999 καὶ

289 4037 356 4104 τῇ
409 4035 858 4107 προγεγενημένῃ
905 4036 1166 4108 συνηθείᾳ
1196 4038 1609 4110 δεδουλωμένον,
1637 4041 1869 4115 αἰσχύνῃ
1906 4061 1966 4096 τε
1994 4041 2087 4095 τοῦ
2123 4041 2276 4113 παρὰ
2325 4039 2485 4109 φύσιν
2514 4037 2694 4108 γάμου
2727 4037 3117 4108 συνεχόμενον,
3151 4035 3254 4105 τῆς
3323 4037 3424 4106 μὲν
3486 4041 3580 4092 ού-

292 4124 416 4190 σίας
459 4128 550 4182 τὸν
596 4131 889 4201 Διόφαντον
937 4131 1212 4196 ἀναδεῖξαι
1239 4133 1475 4206 διαθήκῃ
1503 4134 1858 4207 κληρονόμον,
1897 4136 2090 4190 ἑαυτὸν
2121 4136 2179 4190 δὲ
2208 4133 2301 4188 τοῦ
2324 4132 2423 4204 ζῇν
2474 4129 2836 4202 μεταστῆσαι,
2867 4128 3009 4184 ὥστε
3029 4127 3122 4200 τηε.
3190 4129 3291 4199 μὲν
3347 4133 3579 4197 γυναῖκα.

289 4224 665 4295 γεγενημένην
711 4225 902 4295 ἀνδρὸς
950 4224 1240 4279 ἀναλαϐεῖν
1295 4225 1453 4292 δόξαν
1513 4228 1609 4280 καὶ
1674 4228 1878 4300 τόλμαν
1899 4229 1964 4295 ⁸⁸,
2003 4229 2096 4284 τὸν
2135 4229 2178 4282 δ’
2217 4227 2387 4298 ἄνδρα
2425 4224 2740 4294 γυναικείας
2779 4223 2957 4295 ψυχῆς
2993 4221 3382 4294 ἀσθενέστερον
3418 4227 3575 4292 γενέ-

290 4313 415 4371 σθαι
425 4359 441 4374 .

363 4409 732 4480 Παραπλησία
775 4410 831 4464 δὲ
889 4409 1062 4484 ταύτῃ
1111 4412 1176 4482 τῇ
1228 4410 1468 4465 διαθέσει
1524 4413 1883 4484 συνετελέσθη

2063 4406 2252 4462 Simile
2292 4403 2462 4474 priori
2520 4403 2737 4472 triginta
2779 4410 2902 4468 post
2943 4415 3118 4456 antms
3176 4401 3234 4456 in
3291 4401 3568 4472 Epidauro

288 4502 614 4573 περιπέτεια
641 4503 936 4573 τριάκοντα
958 4505 1136 4556 ἐτεσιν
1167 4503 1394 4574 ὕστερον
1421 4507 1479 4558 ὲν
1501 4506 1566 4575 τῇ
1595 4504 1745 4558 πόλει
1767 4505 1877 4558 τῶν

1989 4500 2294 4572 prodigium
2337 4497 2588 4565 contigit.
2626 4495 2789 4548 Kallo
2833 4492 3081 4561 qnmdam
3116 4493 3220 4548 fuit
3271 4493 3566 4565 Epidauria

302 4591 797 4667 Ἐπιδαυρίων.ἾΙν
823 4596 930 4666 γάρ
962 4613 1048 4658 τις
1081 4596 1423 4668 Ἐπιδαυρία,
1456 4597 1593 4667 κόρη
1619 4598 1716 4665 μὲν
1737 4592 1876 4650 εἶναι

1989 4591 2303 4661 pereuntibus
2330 4589 2540 4651 orbata,
2587 4603 2707 4656 qum
2730 4585 2907 4653 puclla
2945 4600 3067 4640 esse
3106 4585 3410 4642 videbatur.
3463 4590 3570 4644 lla-

285 4684 541 4750 δοκοῦσα,
578 4685 780 4753 γονέων
809 4686 865 4738 δὲ
895 4686 1128 4756 ὀρφανὴ,
1161 4686 1412 4740 Καλλὼ⁸⁹
1435 4685 1479 4740 δ’
1505 4688 1696 4757 ὄνομα.
1725 4686 1874 4756 Αὕτη

1989 4685 2147 4737 ιιθιιιιι
2169 4683 2314 4736 enim
2339 4696 2403 4735 ea
2430 4696 2550 4749 quae
2580 4679 2797 4733 feminis
2825 4688 3017 4732 natura
3048 4682 3345 4744 concessit,
3375 4695 3564 4737 verum

285 4774 379 4827 τὸν
411 4775 503 4827 ἐπὶ
523 4773 624 4843 τῆς
657 4773 873 4843 φύσεως
909 4774 1362 4844 ἀποδεδειγμένον
1389 4775 1511 4837 ταῖς
1540 4773 1757 4842 γυναιξὶ
1779 4773 1877 4825 πό-

1989 4793 2090 4829 non
2117 4774 2300 4844 pervia
2330 4773 2487 4843 juxta
2541 4773 2690 4826 hunc
2729 4773 2930 4838 locum,
2957 4771 3058 4826 alia
3089 4771 3176 4826 via
3209 4788 3238 4826 a
3283 4773 3568 4829 nativitate

288 4883 382 4938 ρον
415 4866 649 4936 ἄτρητον
678 4863 826 4935 εἶχεν
849 4903 863 4927 ,
895 4866 1046 4936 παρὰ
1066 4865 1112 4896 ⁷⁸
1143 4865 1202 4918 δὲ
1236 4865 1328 4918 τὸν
1359 4866 1691 4936 καλούμενον
1709 4866 1750 4896 "'
1783 4881 1878 4916 συ-

1989 4877 2323 4924 excrementa
2357 4877 2565 4919 natum
2606 4868 3075 4921 transmittebant.
3110 4866 3188 4923 Ad
3214 4875 3430 4922 aetatem
3469 4884 3568 4920 nu-

287 4959 654 5030 ριγγωθέντος
671 4959 715 4990 ⁷³
733 4961 797 5010 ἐκ
815 4957 1043 5026 γενετῆς
1061 4957 1161 5019 τὰς
1185 4958 1542 5028 περιττώσεις
1564 4958 1672 5010 τῶν
1696 4957 1879 5028 ὑγρῶν

1989 4957 2144 5012 bilem
2171 4956 2258 5012 ubi
2295 4955 2658 5025 pervenisset,
2685 4959 2868 5025 nttpsit
2895 4957 3113 5012 cuidam
3149 4957 3278 5022 civi,
3317 4957 3568 5027 duosque

285 5051 587 5119 ἔξέκρινεν.
619 5053 713 5116 Εἰς
742 5051 799 5104 δὲ
826 5050 926 5121 τὴν
968 5046 1156 5122 ἀκμὴν
1185 5052 1283 5121 τῆς
1317 5050 1535 5122 ἡλικίας
1575 5066 1880 5119 παραγενο-

1989 5063 2154 5103 annos
2185 5049 2620 5103 in'ntatrimonio
2653 5065 2778 5103 cum
2816 5050 2936 5104 viro
2965 5051 3168 5119 exegit.
3198 5049 3307 5106 Sed
3333 5049 3565 5116 conjun-

289 5147 426 5216 μένη
478 5145 786 5217 συνῳκίσθη
837 5145 944 5200 τινί⁵
988 5145 1100 5200 τῶν
1150 5142 1405 5198 πολιτῶν.
1445 5144 1606 5214 Διετῆ
1639 5142 1738 5214 μὲν
1787 5141 1881 5198 οὖν

1989 5143 2222 5198 stionem
2257 5140 2475 5198 fetutinis
2505 5141 2762 5196 usitatam
2787 5157 2892 5196 non
2921 5143 3235 5208 admittens,
3267 5143 3563 5208 inversam,

285 5237 479 5308 χρόνον
505 5241 796 5296 συνεϐίωσε
820 5240 1026 5312 τάνδρὶ,
1055 5238 1156 5310 τὴν
1191 5237 1291 5309 μὲν
1315 5236 1632 5306 γυναικείαν
1653 5237 1877 5291 ὲπιπλοο

1989 5244 2041 5293 et
2089 5242 2281 5290 contra
2336 5244 2586 5290 naturam
2647 5235 2921 5291 sustinere
2963 5235 3168 5291 debuit.
3217 5233 3346 5290 Post
3381 5245 3563 5290 autem

1563 5371 1802 5426 VARIIE
1845 5369 2256 5429 LECTIONES.

1036 5486 1115 5521 ειν
1155 5468 1222 5522 Α.
1298 5467 1372 5554 ﬂ“
1414 5464 1873 5554 καξαδεξοςέισθαι
1916 5465 1992 5554 Ρ,
2033 5465 2575 5554 καξεδόξαστοὶςοσιηξ
2612 5464 3099 5554 Α,.κατεδοξᾱσθαι
3128 5481 3188 5528 ς.
3287 5459 3564 5554 Ἶφησὶ

289 5537 334 5568 ⁸⁸
360 5536 597 5608 δράματι
624 5531 702 5592 Β]
765 5538 809 5570 ⁸³
839 5531 1263 5609 κατακέκρυπτο
1295 5537 1356 5590 Β.
1455 5537 1500 5568 ⁸⁸
1526 5535 1726 5607 ᾠειδεῖ]
1753 5535 1992 5604 ὁμοειδεῖ
2022 5536 2086 5588 Α.
2121 5535 2354 5590 fortasse
2381 5533 2579 5588 ὼειδεῖ.
2682 5538 2728 5568 ⁸⁵
2776 5536 3067 5607 σύντρησίς
3095 5552 3181 5597 τις
3205 5531 3468 5602 γεγένητο
3502 5532 3564 5586 Β.

290 5607 339 5640 ⁸⁸
356 5606 592 5679 χρῆσθαι
617 5607 767 5672 δόξαι
790 5626 850 5673 ς.
921 5608 1311 5679 ⁶⁷ᾲὲγεγέννητο
1328 5607 1409 5679 B.»
1466 5607 1511 5640 ⁸⁸
1537 5607 1744 5677 τόλμαν
1769 5606 1864 5679 καὶ
1890 5605 2050 5679 δόξαν
2080 5605 2143 5660 Β.
2175 5675 2186 5679 Α
2222 5606 2267 5638 ⁶⁹
2296 5605 2448 5659 καλὼ
2597 5607 2642 5638 ⁷ο
2674 5607 2824 5679 παρὰ
2851 5607 2908 5679 δὲ
2929 5609 3052 5660 AB:
3082 5605 3211 5675 παρ’
3243 5602 3476 5658 αὑτὸνδὲ
3501 5619 3565 5675 ς.

293 5653 708 5733 “germinatist
729 5653 1159 5749 Αῗπὶαλούεὶεόοᾨ
1182 5653 1349 5734 κέένα
1375 5653 1710 5751 Stephanus,
1750 5653 2090 5759 καλοιῇενον
2125 5675 2295 5733 τόπον
2327 5694 2387 5731 ‹·.
2477 5653 2527 5711 τί
2560 5655 2970 5750 συριγγωθέντα
3001 5679 3063 5733 Β.
3165 5653 3189 5675 Γ
3350 5746 3356 5752 _
3509 5653 3530 5675 ε

665 5770 936 5832 Ρηιιοι.
988 5772 1103 5831 GR.
1150 5769 1312 5835 Clll.
3091 5769 3168 5837 Mt

380 5467 425 5500 ⁸³
464 5465 556 5519 ὑπ’
587 5465 757 5537 ἄνδρα
825 5467 1115 5536 φυλάττειν
1155 5468 1222 5522 Α.
