3990 6232
461 206 596 272 1387

1658 211 1921 276 PHOTII
1950 214 2457 276 PATRIARCH/E
2492 216 2598 277 CP.

3590 215 3732 279 1388

460 323 647 381 multis
679 321 962 381 doloribus
990 322 1151 389 circa,
1170 331 1385 381 uterum
1415 324 1616 397 ingens
1643 326 1818 382 oritur
1854 328 2021 393 tuber,

2134 329 2241 401 κῆν
2289 328 2392 382 οὑκ
2440 324 2823 398 ἐπιδεχομένη,
2857 325 2957 398 τὴν
3007 325 3064 379 δέ
3115 324 3265 398 παρὰ
3301 324 3465 396 φύσιν
3510 324 3731 393 ὁμιλίαν

460 417 604 480 quod
635 432 667 470 e
697 416 885 472 multis
936 416 1186 482 medicis,
1220 417 1316 487 qui
1342 431 1409 474 eo
1437 415 1839 484 conﬂuxerant,
1877 434 2038 476 nemo

461 522 658 563 sanare
688 508 886 577 potuit.
924 506 1359 579 Pharmacopola
1388 524 1518 565 vero
1540 509 1761 580 quidam
1792 525 1855 567 se
1879 526 2039 568 cura-

459 610 641 653 turum
688 600 953 668 promisit.
997 599 1097 655 llic
1143 610 1438 657 tumentem
1496 602 1648 658 illum
1686 602 1861 658 locum
1905 618 2037 672 ape-

461 692 628 753 riens,
682 691 859 746 virilia
897 693 1137 748 membra
1181 702 1237 749 et
1281 704 1484 760 testes,
1526 703 1581 751 et
1617 695 1882 765 virgulam
1925 710 2035 752 non

456 782 698 851 perviam
725 783 850 838 inde
875 783 1082 839 eduxit.
1122 783 1220 840 Rei
1252 787 1493 840 novitate
1517 802 1710 842 omnes
1740 788 2035 855 obstupes-

455 883 604 928 cunt.
635 872 1060 946 Pharmacopola
1099 886 1213 932 tum
1241 878 1466 946 reliquis
1489 878 1739 947 partibus
1764 878 1907 932 laesis
1928 893 2014 933 me

453 967 665 1022 dicatus
693 976 795 1023 est.
821 968 1004 1023 Primo
1020 970 1239 1038 quidem
1272 972 1638 1027 summitatem
1661 970 2034 1041 pudendorum

452 1072 645 1126 parum
688 1071 905 1123 secans,
935 1060 1188 1128 perduxit
1238 1077 1408 1130 usque
1441 1061 1509 1116 ad
1562 1061 1778 1116 initium
1812 1060 2031 1125 vesicae,

452 1159 507 1203 et
557 1148 793 1204 listulam
844 1151 1075 1204 inseruit
1131 1162 1475 1220 argenteam,
1522 1167 1627 1221 qua
1678 1161 2032 1206 excrementa

445 1243 872 1312 pertransirent,
929 1243 1105 1298 locum
1148 1260 1280 1299 vero
1306 1252 1436 1299 ante
1474 1251 1751 1314 patentem
1793 1243 2029 1307 sanavit,

450 1343 506 1388 et
526 1334 722 1389 clausit
744 1352 758 1402 ;
784 1350 957 1405 quare
990 1335 1093 1389 hoc
1131 1335 1252 1389 loco
1276 1345 1487 1398 sanato,
1511 1335 1780 1405 duplicem
1820 1348 2028 1388 merce-

449 1432 571 1481 dem
612 1429 897 1497 poposcit,
945 1427 1124 1496 primo
1162 1428 1289 1497 quia
1342 1427 1630 1482 mulierem
1675 1426 1962 1482 liberasset
2001 1440 2031 1479 a

455 1524 671 1586 morbo,
690 1532 747 1575 et
776 1523 956 1576 virum
988 1536 1056 1575 ex
1086 1535 1148 1576 ea
1173 1519 1472 1590 perfectura
1500 1518 1838 1591 perfecisset.
1870 1519 2031 1575 Kallo

448 1627 579 1669 vero
629 1613 772 1669 virili
811 1624 963 1669 veste
1025 1623 1263 1683 sumpta,
1318 1622 1376 1667 et
1407 1611 1509 1668 viri
1540 1611 1782 1667 moribus
1814 1610 2032 1679 rejectis

2141 421 2433 492 ὑπομένειν
2456 420 2897 491 ἀναγκαζομένη.
2932 420 3087 474 Μετὰ
3122 420 3180 473 δὲ
3207 418 3384 473 ταῦτα
3412 418 3731 491 φλεγμονῆς

2140 511 2278 582 αὑτῇ
2314 510 2599 582 συμϐάσης
2622 528 2687 564 πε
2696 511 2751 581 pi.
2770 510 2863 564 τὸν
2888 510 3052 565 κτένα
3080 510 3175 564 καὶ
3204 510 3391 564 δεινῶν
3416 510 3731 581 ἀλγηδόνων

2138 606 2540 676 ἐπιγενομένων
2597 604 2902 677 συνεκλήθη
2950 605 3155 678 πλῆθος
3206 605 3427 677 ίατρῶν.
3466 607 3576 658 Καὶ
3618 606 3731 659 τῶν

2140 697 2241 768 μὲν
2277 697 2453 753 ἄλλων
2480 697 2656 761 οὐδεὶς
2692 698 3003 768 ὑπισχνεῖτο
3036 696 3363 769 θεραπεύειν
3386 736 3402 763 ,
3434 714 3729 768 φαρμακο-

2137 785 2325 857 πώλης
2380 786 2438 840 δέ
2490 804 2574 849 τις
2625 786 3096 856 ἐπαγγελλόμενος
3138 787 3387 854 ὑγιάσειν
3439 785 3603 856 ἔτεμε
3634 787 3729 840 τὸν

2136 878 2448 950 ἐπηρμένον
2477 880 2642 932 τόπον
2662 917 2677 942 ,
2708 876 2769 943 ἐξ
2798 870 2971 948 οὗπερ
3001 878 3255 942 ἐξέπεσεν
3288 878 3481 947 ἀνδρὸς
3522 878 3722 943 αἰδοία,

2135 967 2346 1038 δίδυμοι
2378 968 2473 1022 καὶ
2502 968 2695 1032 καυλὸς
2722 968 2976 1039 ἀτρητος.
3008 968 3231 1022 Πάντων
3252 968 3310 1022 δὲ
3332 969 3393 1023 τὸ
3415 969 3726 1039 παράδοξον

2135 1060 2619 1129 καταπλαγέντων,
2642 1064 2670 1115 ὁ
2702 1059 3381 1133 φαρμακοπώληςΐϐοήθει
3409 1063 3519 1124 τοῖς
3547 1060 3729 1115 λειπο-

2138 1154 2319 1224 μένοις
2349 1155 2539 1226 μέρεσι
2566 1148 2667 1226 τῆς
2697 1154 3021 1224 πηρώσεως.
3059 1154 3134 1207 Τὸ
3166 1154 3265 1223 μὲν
3293 1148 3386 1206 οὖν
3419 1155 3636 1225 πρῶτον
3660 1154 3724 1219 τὸ

2134 1248 2332 1323 αἰδοῖον
2353 1247 2523 1318 ἀκρον
2545 1247 2825 1318 ἐπιτεμὼν
2846 1248 3177 1319 συνέτρησεν
3198 1246 3277 1309 είς
3299 1246 3390 1299 τὸν
3415 1246 3723 1317 οὐρητῆρα,

2135 1341 2229 1394 καὶ¹
2264 1341 2453 1405 καθεὶς
2482 1340 2759 1412 ἀργυροῦν
2786 1339 3080 1394 καυλίσκον
3108 1337 3283 1411 ταύτῃ
3328 1338 3400 1391 τά
3447 1336 3724 1407 περιττώο

2135 1448 2285 1501 ματα
2321 1430 2431 1485 τῶν
2463 1431 2646 1503 ὑγρῶν
2684 1431 3003 1502 ὲξεκόμιζε,
3039 1430 3130 1485 τὸν
3158 1430 3215 1483 δέ
3246 1430 3727 1500 σεσυριγγωμένον

2131 1524 2299 1577 τόπον
2331 1523 2577 1588 ὲλκώσας
2602 1524 2853 1593 ἐνέφυσε.
2870 1524 2981 1578 Καὶ
3009 1523 3196 1576 τοῦτον
3224 1523 3317 1577 τὸν
3348 1522 3551 1594 τρόπον
3578 1521 3726 1589 ὑγιο·

2134 1616 2368 1686 ποιήσας
2396 1617 2617 1671 διπλοῦν
2653 1617 2854 1688 ἀπῄτει
2892 1618 2985 1670 τὸν
3028 1614 3252 1687 μισθόνο
3282 1614 3386 1684 ἔφη
3419 1614 3528 1684 γὰρ
3556 1613 3727 1666 αὑτὸν

449 1707 603 1760 radio
632 1708 887 1771 textorio,
915 1717 971 1761 et
1000 1705 1286 1760 mulierum
1316 1705 1555 1774 opillcio,
1587 1719 1690 1758 una
1717 1704 1894 1758 littera
1926 1718 2021 1758 no-

2133 1702 2532 1775 παρειληφέναι
2582 1707 2820 1773 γυναῖκα
2872 1703 3172 1770 νοσοῦσαν,
3202 1702 3602 1757 καθεσταγέναι
3663 1700 3725 1753 δὲ

448 1795 579 1849 mini
648 1796 936 1863 adjuncta;
997 1795 1209 1849 scilicet
1268 1811 1335 1860 η,
1393 1792 1588 1847 Kallou
1650 1792 1886 1847 vocitata
1916 1800 2024 1848 est.

445 1885 687 1939 Narrant
712 1887 934 1956 quidam
968 1887 1117 1941 illam
1151 1896 1445 1953 antequam
1477 1884 1531 1938 in
1558 1884 1766 1939 virilem
1794 1881 2025 1939 formam

446 1988 774 2045 mutaretur,
806 1979 1025 2034 Cereris
1077 1993 1235 2033 sacra
1260 1976 1392 2033 viris
1431 1976 1563 2046 ipsis
1585 1991 1692 2031 non
1751 1976 2025 2042 adeunda,

445 2071 670 2136 vidisse,
703 2084 758 2126 et
787 2072 912 2127 ideo
939 2072 1240 2141 impietatis
1274 2079 1586 2125 accusatam
1618 2067 1809 2125 fuisse.

2132 1794 2413 1848 νεανίσκον
2459 1796 2788 1865 ὑγιαίνοντα.
2806 1796 2953 1851 Ἡδὲ
2985 1796 3184 1852 Καλλὼ
3210 1796 3309 1861 τὰς
3353 1796 3452 1867 μὲν
3500 1797 3566 1848 ἐκ
3610 1794 3726 1847 τῶν

2135 1885 2297 1940 ἱστῶν
2331 1888 2589 1958 κερκίδας
2639 1890 2734 1944 καὶ
2770 1890 2872 1961 τὴν
2914 1889 3084 1961 ἀλλην
3110 1890 3216 1942 τῶν
3250 1888 3525 1958 γυναικῶν
3553 1886 3725 1939 ταλα-

2133 1977 2414 2049 σιουργίαν
2461 1979 2717 2043 ἀπέθετο,
2751 1979 3131 2051 μεταλαϐοῦσα
3180 1979 3235 2031 δὲ
3295 1978 3486 2049 ἀνδρὸς
3518 1975 3724 2045 ἐσθῆτα

2134 2070 2229 2122 καὶ
2262 2070 2361 2141 τὴν
2407 2069 2575 2142 ἄλλην
2620 2069 2860 2124 διάθεσιν
2890 2068 3284 2140 μετωνομάσθη
3316 2066 3561 2132 Κάλλων,
3598 2066 3724 2130 ἐνὸς

444 2165 711 2234 στοιχείου
744 2165 839 2218 ἐπὶ
861 2164 941 2231 τῷ
965 2165 1108 2218 τέλει
1151 2164 1245 2218 τοῦ
1288 2177 1322 2218 ι’
1355 2162 1769 2236 προστεθέντος.
1799 2161 2031 2230 Λέγεται
2067 2160 2111 2214 δ’
2141 2162 2247 2216 ὑπό
2275 2181 2435 2218 τινων
2463 2165 2545 2218 ὅτι
2576 2163 2681 2235 πρὸ
2704 2161 2799 2217 τοῦ
2823 2161 3144 2235 μεταλαϐεῖν
3179 2160 3304 2234 [618
3323 2159 3419 2232 Η.]
3485 2158 3583 2231 τὴν
3638 2161 3726 2224 είς

440 2258 610 2327 ἄνδρα
646 2257 859 2329 μορφὴν
892 2258 1067 2326 ἱέρεια
1101 2259 1201 2328 τῆς
1247 2258 1535 2328 Δήμητρος
1588 2256 1903 2325 ἐγεγένητο,
1970 2254 2066 2308 καὶ
2100 2253 2169 2309 τὰ
2215 2258 2329 2320 τοῖς
2379 2256 2606 2328 ἀρῤεσιν
2657 2257 2865 2329 ἀόρατα
2916 2254 3101 2310 ἰδοῦσα
3138 2255 3320 2325 κρίσιν
3358 2253 3517 2325 ἔσχεν
3591 2254 3727 2306 ἀσε-

440 2353 614 2418 θείας.

512 2446 725 2501 Similia
769 2444 1027 2516 Neapoli,
1072 2453 1129 2501 et
1164 2443 1294 2499 aliis
1333 2443 1388 2498 in
1431 2442 1568 2497 locis
1606 2441 1837 2511 plurima
1884 2441 2026 2497 facta

443 2544 701 2595 dicuntur
729 2539 1000 2609 prodigia,
1039 2553 1145 2592 non
1185 2540 1331 2607 quod
1361 2536 1701 2590 masculinus
1728 2544 1781 2588 et
1808 2534 2023 2589 femiui-

442 2650 544 2687 i:us
571 2647 733 2686 sexus
753 2630 954 2702 379a
1006 2631 1059 2683 in
1088 2630 1368 2700 geminum
1400 2627 1578 2682 locum
1602 2625 1902 2681 collocatus
1929 2626 2019 2691 sit,

440 2724 584 2792 quod
642 2723 758 2777 ﬁeri
808 2737 915 2775 nun
946 2729 1147 2789 ιῑοιθει,
1193 2733 1378 2774 verum
1426 2716 1553 2788 quia
1606 2725 1797 2769 natura
1830 2715 2012 2784 aliqua

439 2818 682 2871 membra
717 2815 988 2884 corporis,
1019 2812 1074 2867 in
1124 2812 1404 2866 hominum
1434 2820 1739 2879 stuporem,
1765 2817 1821 2863 et
1864 2807 2014 2862 frau-

438 2912 558 2964 dem
590 2906 729 2962 falsa
774 2906 1070 2962 describat.
1101 2903 1285 2970 Quare
1312 2917 1412 2958 nos
1438 2903 1554 2957 haec
1590 2900 1751 2970 digna
1798 2901 2017 2956 censui-

438 3017 560 3056 mus
599 3015 719 3071 quae
749 3000 945 3054 litteris
978 3011 1082 3052 non
1116 2994 1496 3052 oblectationis
1512 3008 1678 3049 causa
1696 2993 2015 3063 legentium,

438 3096 532 3151 sed
565 3095 818 3149 utilitatis
847 3092 1264 3147 mandarentur.
1285 3087 1438 3143 Multi
1456 3088 1605 3142 enim
1632 3086 2016 3156 superstitiose

2215 2440 2446 2511 Ὁμοίως
2474 2438 2518 2492 δ’
2550 2439 2608 2492 ἐν
2633 2440 2699 2509 τῇ
2735 2436 3007 2490 Νεαπόλει
3065 2434 3161 2489 καὶ
3214 2434 3333 2486 κατ’
3386 2432 3581 2496 ἄλλους
3626 2433 3724 2488 τό-

2128 2552 2264 2597 πους
2282 2532 2588 2594 πλείονας⁷³
2613 2530 2951 2600 ἱστοροῦνται
2979 2526 3527 2595 γεγονέναιτοιαῦται
3562 2544 3723 2599 περι-

2126 2626 2360 2692 πέτειαι,
2381 2625 2482 2678 οὑκ
2510 2624 2740 2696 ἄρρενος
2762 2623 2859 2676 καὶ
2893 2621 3111 2693 θηλείας
3150 2619 3366 2688 φύσεως
3394 2621 3473 2682 είς
3515 2620 3716 2691 δίμορ-

2127 2734 2226 2785 φον
2261 2716 2433 2769 τύπον
2458 2715 2503 2762 ’ίι
2529 2714 3030 2786 δημιουργηθείσης
3064 2713 3347 2779 (ἀδύνατον
3374 2710 3483 2781 γάρ
3511 2711 3721 2786 τοῦτο),

2125 2783 2263 2860 ἀλλά
2283 2807 2381 2876 τῆς
2407 2783 2620 2874 φύσεως
2643 2783 2741 2858 διὸι⁷
2756 2804 2863 2858 τῶν
2878 2803 2972 2857 τοῦ
2997 2803 3245 2874 σώματος
3262 2804 3446 2873 μερῶν
3468 2803 3632 2876 [1149
3649 2783 3722 2858 lii

2127 2898 2620 2970 ψευδογραφούσης
2664 2901 2746 2962 είς
2794 2896 3057 2969 ἔκπληξιν
3102 2898 3192 2950 καὶ
3236 2898 3453 2967 ἀπᾶτην
3481 2896 3589 2949 τῶν
3618 2895 3723 2948 ἀν-

2124 2989 2380 3063 θρώπων.
2410 2990 2613 3061 Διόπερ
2645 2990 2740 3042 καὶ
2760 2990 2806 3023 ⁷⁵
2832 2991 2992 3062 ἡμεῖς
3026 2989 3124 3051 τὰς
3174 2988 3528 3059 περιπετείας
3581 2987 3721 3043 ταύ-

2121 3101 2219 3147 τας
2244 3083 2568 3155 ἀναγραφῆς
2599 3081 2935 3155 ἠξιώσαμεν,
2955 3083 3014 3135 οὑ
3046 3081 3407 3152 ψυχαγωγίας
3428 3081 3541 3136 ἀλλ’
3566 3082 3719 3150 ὠφε-

440 3196 633 3257 pulzml.
671 3188 785 3240 haec
847 3184 1091 3255 prodigia
1133 3197 1276 3244 esse,
1324 3195 1423 3236 nec
1462 3179 1638 3235 solum
1681 3178 1879 3244 rudes,
1920 3177 2015 3232 sed

2129 3176 2268 3241 λείας
2298 3176 2461 3231 ἓνεκα
2491 3176 2600 3230 τῶν
2625 3175 3132 3245 ἀναγινωσκόντων.
3194 3173 3389 3227 Πολλοὶ
3412 3175 3522 3243 γὰρ
3548 3172 3720 3244 τέρα-

438 3283 600 3333 etiam
636 3278 863 3346 iutegrm
894 3285 1082 3346 gentes
1104 3283 1157 3329 et
1185 3274 1369 3328 urbes.
1400 3271 1569 3327 Fama
1600 3281 1681 3327 est
1716 3270 1872 3326 initio
1892 3270 2020 3325 belli

436 3372 675 3436 Marsici,
696 3369 850 3439 juxta
867 3369 1093 3423 Romam
1109 3365 1303 3422 Italum
1324 3366 1614 3437 quemdam
1629 3364 2020 3435 Androgynum

437 3480 610 3521 uxore
638 3466 797 3519 ducta
821 3462 1097 3532 prioribus
1130 3475 1237 3516 non
1269 3458 1595 3524 absimilem,
1631 3472 1785 3513 reum
1812 3455 2017 3512 factum

437 3560 580 3629 apud
607 3567 852 3614 senatum
878 3554 1071 3622 fuisse,
1113 3553 1207 3624 qui
1232 3551 1648 3624 superstitiosus
1674 3549 1929 3614 nimium,
1961 3555 2019 3602 et

434 3674 465 3710 a
490 3653 793 3726 Tyrrhenis
824 3650 1170 3720 aruspicibus
1198 3660 1519 3719 persuasus,
1545 3644 1820 3700 hominem
1835 3642 2015 3697 vivum

430 3748 598 3814 jussit
620 3744 774 3799 exuri
837 3741 1034 3797 Verum
1068 3747 1294 3797 senatus
1323 3738 1583 3809 ignorans
1617 3736 1888 3803 morbum,
1932 3734 2018 3788 in-

430 3842 577 3907 juste
618 3840 764 3893 lnnie
806 3833 1004 3890 similis
1056 3831 1478 3902 participantem
1515 3827 1733 3898 quidem
1784 3836 2015 3892 naturae,

437 3948 543 3987 non
577 3944 762 3985 revera
800 3936 982 3982 autem
1015 3933 1344 3990 monstrum,
1374 3921 1677 3978 damnavit.
1704 3919 1822 3976 Non
1849 3918 2017 3973 multo

436 4034 560 4094 post
594 4022 957 4076 Athenienses
989 4018 1180 4073 eadem
1206 4016 1274 4071 de
1298 4029 1463 4070 causa
1492 4013 1740 4068 morbum
1761 4014 2018 4084 ignorau-

435 4128 542 4180 tes,
570 4115 858 4184 quemdam
880 4112 1062 4166 vivum
1098 4109 1173 4164 ait
1207 4107 1505 4164 exussisse.
1538 4104 1823 4177 Nugautur
1849 4105 2014 4160 etiam

434 4208 658 4277 quidam
685 4207 905 4278 hyeeuas
937 4203 1223 4273 utriusque
1244 4209 1454 4255 naturae
1476 4214 1600 4255 esse
1625 4196 1762 4266 (56),
1792 4206 1848 4251 et
1871 4198 2014 4252 intra

435 4318 634 4357 annum
673 4300 774 4355 sibi
802 4298 1035 4353 invicem
1076 4296 1260 4359 coire;
1290 4292 1385 4348 sed
1418 4306 1504 4346 res
1541 4299 1653 4345 tota
1686 4289 1843 4343 falsa.
1875 4288 2013 4343 Nam

432 4408 727 4464 utramque
766 4404 1018 4449 naturam
1064 4387 1399 4458 simplicem,
1446 4396 1502 4440 ct
1543 4400 1648 4442 non
1698 4383 2013 4453 permistam

2120 3287 2189 3325 τα
2225 3270 2293 3325 τά
2349 3269 2576 3325 τοιαῦτα
2631 3268 2943 3342 νομίζοντες
3009 3264 3149 3323 εἶναι
3203 3266 3718 3337 δεισιδαιμονοῦσιν,

2121 3364 2223 3419 οὐκ
2275 3363 2485 3418 ἰδιῶται
2537 3366 2698 3433 μόνον
2741 3362 2880 3416 ἀλλὰ
2922 3362 3015 3414 καὶ
3048 3360 3173 3430 ἔθνη
3201 3360 3296 3414 καὶ
3316 3360 3523 3423 πόλεις.
3575 3360 3718 3414 Κατ’

2120 3457 2294 3528 ἀρχὰς
2329 3454 2458 3526 γοῦν
2484 3454 2576 3509 τοῦ
2599 3452 2884 3526 Μαρσικοῦ
2913 3452 3151 3523 πολέμου
3181 3453 3410 3523 πλησίον
3442 3452 3544 3523 τῆς
3580 3452 3721 3506 Ῥώ-

2125 3566 2236 3621 μης
2293 3546 2545 3603 οἰκοῦντα
2598 3554 2773 3617 φασιν
2813 3546 3099 3612 Ἰταλικὸν,
3151 3545 3510 3617 γεγαμηκότα
3536 3562 3719 3617 παρα-

2120 3641 2351 3713 πλήσιον
2384 3642 2495 3697 τοῖς
2534 3640 2845 3712 εἰρημένοις
2899 3638 3247 3710 ἀνδρόγυνον,
3308 3636 3713 3708 προσαγγεῖλαι

2117 3735 2185 3803 τῇ
2243 3730 2554 3803 συγκλήτῳ,
2616 3730 2713 3801 τὴν
2770 3729 2827 3783 δὲ
2874 3729 3420 3798 δεισιδαιμονὴσασαν
3463 3729 3557 3781 καὶ
3598 3729 3717 3790 τοῖς

2118 3822 2227 3878 ἀπὸ
2247 3822 2558 3896 Τυρρηνίας
2591 3821 2928 3893 ίεροσκόποις
2956 3820 3271 3873 πεισθεῖσαν
3324 3818 3503 3883 ζῶντα
3533 3835 3711 3896 προσ-

2118 3914 2278 3981 τάξαι
2337 3915 2559 3968 καῦσαι.
2595 3913 2797 3967 Τοῦτον
2846 3912 2947 3983 μὲν
3000 3911 3092 3965 οῦν
3140 3910 3333 3982 ὁμοίας
3381 3927 3685 3979 κεκοινωνη

2120 4007 2253 4062 κότα
2297 4004 2534 4075 φύσεως.
2571 4003 2686 4058 ἀλλ’
2713 4004 2773 4056 οὑ
2826 4003 2963 4075 πρὸς
3000 4002 3260 4072 ἀλήθειαν
3294 4001 3457 4071 τέρας
3478 4018 3712 4071 γεγενη-

2121 4102 2303 4174 μένον,
2334 4102 2497 4171 φασὶν
2531 4098 2725 4169 ἀγνοίᾳ
2755 4097 2856 4167 τῆς
2905 4095 3062 4149 νόσου
3101 4095 3251 4165 ποιρά
3314 4095 3374 4148 τὸ
3427 4095 3711 4166 προσῆκον

2118 4196 2480 4251 ἀπολωλέναι.
2512 4192 2645 4247 Μετ’
2671 4191 2852 4259 ὀλίγον
2884 4189 2941 4243 δὲ
2972 4189 3067 4242 καί⁸
3110 4189 3243 4258 παρ’
3273 4186 3583 4258 Ἀθηναίοις
3613 4185 3710 4239 τοῦ

2117 4287 2358 4343 τοιούτου
2381 4285 2676 4356 γενομένου
2697 4283 2784 4336 διὰ
2807 4282 2905 4353 τὴν
2922 4281 3145 4350 ἄγνοιαν
3173 4278 3266 4333 τοῦ
3298 4278 3507 4342 πάθους
3528 4277 3709 4343 ζῶντά

2120 4397 2252 4449 φασι
2277 4379 2326 4411 ’⁸
2351 4377 2717 4448 κατακαῆναι.
2738 4374 2847 4430 Καὶ
2872 4374 2981 4445 γὶρ
3012 4374 3109 4436 τὰς
3132 4370 3178 4404 ’⁷
3221 4371 3524 4442 λεγομένας
3578 4372 3700 4423 ὑαί-

431 4462 656 4555 hahcut,
697 4497 754 4539 et
785 4485 926 4540 male
956 4481 1304 4538 tradiderunt
1345 4479 1405 4543 ii,
1457 4480 1548 4548 qui
1583 4488 1789 4532 temere
1822 4477 2011 4531 obser‘

2129 4492 2218 4538 νας
2271 4473 2413 4536 τινὲς
2468 4469 2862 4542 μυθολογοῦσιν
2920 4465 3157 4538 ἄρρενας
3219 4464 3334 4535 ἅμα
3360 4463 3454 4516 καὶ
3482 4462 3706 4533 θηλείας

435 4590 650 4636 varunt.
698 4578 947 4634 Muliebri
986 4575 1139 4631 sexui
1172 4572 1390 4641 adiacet
1430 4570 1687 4640 quiddam
1720 4567 1900 4624 simile
1925 4582 2013 4622 se-

429 4673 672 4728 cundum
714 4678 967 4724 naturam
1010 4664 1152 4735 parti
1197 4662 1383 4726 virili,
1440 4670 1496 4715 et
1542 4659 1685 4715 virili
1734 4656 2013 4714 contrario

434 4766 595 4820 modo
619 4764 764 4833 quod
799 4759 1002 4815 referat
1022 4758 1259 4824 speciem
1284 4754 1589 4810 muliebris.
1617 4752 1744 4807 llaec
1792 4752 2011 4821 quidem

410 4860 500 4919 de
526 4856 782 4913 omnibus
812 4852 1137 4908 animalibus
1164 4866 1271 4907 non
1299 4846 1699 4909 crescentibus,
1722 4853 1773 4899 et
1802 4845 1867 4897 ad
1890 4858 2013 4913 per-

432 4952 633 5008 fractum
688 4948 1084 5003 incrementum
1137 4943 1446 5012 pertingere
1500 4955 1604 4993 non
1673 4937 2010 5003 valentibus,

429 5043 680 5114 quamvis
718 5041 889 5095 multa
944 5050 997 5094 et
1022 5039 1172 5093 varia
1213 5049 1398 5092 revera
1456 5029 2010 5099 accidantprodigia,

430 5138 576 5191 dicta
611 5144 740 5190 sunt
770 5134 837 5187 ad
864 5131 1308 5200 superstitionem
1346 5125 1660 5181 tnlleutlam.

2124 4567 2413 4639 ὑπάρχειν,
2450 4566 2546 4619 καὶ
2588 4561 2720 4633 παρ’
2760 4560 3008 4614 ἐνιαυτὸν
3047 4558 3285 4631 ἀλλήλας
3334 4556 3574 4628 ὀχεύειν,
3609 4557 3708 4628 τῆς

2120 4656 2488 4730 ἀληθείαςοῖηί
2517 4653 2692 4717 οὑτως
2727 4652 2979 4723 ἐχούσης.
3009 4649 3304 4720 Ἐκατέρου
3330 4648 3440 4718 γάρ
3472 4645 3570 4702 τοῦ
3616 4647 3709 4714 γέ-

2119 4768 2243 4815 νους
2290 4747 2469 4819 ἁπλῆν
2519 4747 2732 4818 ἔχοντος
2792 4744 2885 4797 καὶ
2942 4741 3301 4811 ἀνεπίμικτον
3354 4740 3454 4811 τὴν
3516 4738 3703 4809 φύσιν,

2121 4841 2494 4915 προσώρισται
2528 4838 2588 4891 τὸ
2619 4833 3032 4908 ψευδογραφοῦν
3076 4834 3165 4887 καὶ
3218 4832 3707 4903 παρακρουόμενον

2119 4937 2249 5000 τοὺς
2281 4935 2401 5006 εἰκῇ
2438 4929 2781 5001 θεωροῦντας
2809 4946 2823 4959 ⁸
2854 4932 2920 5000 τῇ
2955 4927 3053 4999 μὲν
3095 4926 3268 4997 γάρ⁷³
3311 4924 3503 4995 θηλείᾳ
3539 4923 3707 4992 πρόσ-

2122 5024 2304 5078 κειταί
2330 5041 2381 5075 τι
2408 5022 2550 5075 κατὰ
2581 5020 2680 5092 τὴν
2705 5019 2869 5089 φύσιν
2904 5016 3260 5089 παρεμφερὲς
3289 5016 3481 5087 ἄρῤενι
3507 5013 3703 5085 μορίῳ,

2118 5117 2197 5188 τῷ
2225 5116 2281 5170 δὲ
2320 5117 2511 5188 ἄρρενι
2552 5114 2694 5167 κατὰ
2749 5113 2810 5165 τὸ
2858 5110 3099 5165 ἐναντίον
3144 5110 3380 5179 ἔμφασις
3401 5110 3445 5140 τ’
3482 5106 3707 5178 θηλείας

430 5227 667 5301 φύσεως.
730 5226 788 5283 '0
828 5225 871 5277 δ’
917 5224 1081 5285 αὑτὸς
1148 5222 1306 5289 λόγος
1359 5218 1454 5272 καὶ
1508 5217 1601 5270 ἐπὶ
1653 5231 1871 5269 παντων
1909 5212 2016 5265 τῶν
2059 5211 2234 5277 ζώων,
2266 5208 2577 5279 γενομένων
2609 5209 2655 5239 ⁸ο
2690 5208 2791 5278 μὲν
2855 5207 2993 5282 πρὸς
3048 5204 3311 5277 ἀληθειαν
3344 5200 3557 5256 πολλῶν
3607 5200 3707 5255 καὶ

1726 5323 1960 5381 ἾΑΒΙᾹΞ
2003 5320 2409 5378 LECTIONES.

534 5442 578 5475 ⁷³
596 5440 837 5504 πλείονες
860 5436 925 5491 Β.
1000 5435 1047 5468 ⁷⁸
1065 5432 1247 5504 τύπον
1266 5428 1307 5483 Β
1337 5427 1542 5504 τ’τόπον
1572 5443 1632 5491 ς.

1711 5423 1867 5479 "atati.
1901 5422 2023 5476 add.
2060 5418 2123 5473 Β.
2200 5420 2247 5452 ’⁵
2275 5436 2409 5489 φησι
2438 5435 2499 5483 ς.

2605 5419 2650 5450 "’
2676 5419 2770 5472 καὶ
2796 5419 2905 5491 γὰρ
2938 5420 3033 5473 καὶ
3054 5435 3106 5472 τ.
3130 5436 3192 5483 ς.
3268 5417 3313 5451 ⁷⁸
3345 5415 3451 5485 γὰρ
3479 5409 3603 5465 add.
3638 5412 3698 5466 Β.

429 5513 475 5544 θ’
515 5490 835 5582 sessile];
858 5490 915 5563 et
944 5521 1087 5563 corr.
1118 5506 1163 5557 A
1196 5520 1209 5555 :
1236 5500 1503 5571 ἐμφάσεις
1519 5490 1593 5562 ς.
1656 5495 1702 5528 ⁸⁸
1740 5494 1923 5551 malim
1952 5490 2273 5561 γινομένων.

1945 5582 2154 5638 NOTAE
2167 5624 2180 5639 .

502 5696 614 5767 ("36)
639 5696 908 5752 Palladius
944 5695 1009 5750 de
1032 5691 1237 5765 hymnis
1267 5689 1319 5745 in
1353 5684 1473 5741 Vita
1509 5681 1754 5751 Macarii,
1781 5688 1834 5736 et
1864 5674 2096 5736 furlaSSe
2126 5672 2466 5731 Busbeauius
2497 5674 2547 5730 in
2577 5672 2858 5744 Legatioue
2879 5670 3197 5743 Byzantina.
