3990 6232
379 260 518 325 I389

1416 250 1939 316 BIBLIOTHECA.
1981 273 2050 288 --
2075 249 2238 310 COD.
2278 248 2566 313 CCXLIV.

3503 247 3637 321 1390

375 374 736 431 παντοδαπῶν
762 373 1029 448 τεράτων,
1067 372 1142 445 μὴ
1193 372 1549 445 τρεφομένων
1607 370 1664 426 δὲ
1749 369 1845 425 καὶ¹
1896 367 1975 432 είς
2043 368 2258 424 τελείαν
2304 367 2532 439 αὔξησιν
2579 365 2756 421 ἐλθεῖν
2796 365 2856 419 οὑ
2904 364 3240 437 δυναμένων.
3291 363 3479 421 Ταῦτα
3535 369 3637 440 μὲν

372 467 614 540 εἰρήσθω
636 467 771 538 πρὸς
794 467 1079 537 διόρθωσιν
1106 465 1546 536 δεισιδαιμονίας.

456 561 518 616 '0
546 561 644 631 μὲν
667 560 761 615 οὑν
787 560 1052 633 Διόδωρος
1089 560 1226 632 πρὸς
1254 558 1334 630 τῷ
1366 558 1513 612 τέλει
1549 556 1645 612 τοῦ
1679 555 1758 628 λβ¹
1792 556 1948 624 λόγου

2129 551 2251 607 Haec
2293 550 2559 607 Diodorus
2584 550 2732 606 circa
2761 550 2920 606 linem
2952 550 3075 607 libri
3108 550 3366 609 tricesimi
3398 552 3634 623 secundi

370 653 474 723 τῆς
535 651 878 721 Ἰστορικῆς
927 651 1093 707 αὑτοῦ
1141 653 1544 722 πραγματείας
1601 646 1840 702 τοσαῦτα
1874 649 1953 701 δι-

371 744 544 812 έξεισι
567 758 583 774 ⁸
626 744 722 798 καὶ
757 742 988 797 auctet
1030 743 1272 797 πλεῖστοι
1310 743 1564 805 τοιαύτας
1598 739 1953 813 περιπετείας

373 833 746 906 ἱστορήκασιν.

980 925 1077 979 Ἐκ
1107 922 1217 979 τοῦ
1248 923 1361 979 .16'.

457 1016 543 1078 Ὠς
585 1015 859 1086 Ἀντίοχος
881 1016 910 1068 ὁ
942 1014 1219 1086 βασιλεὺς,
1251 1015 1418 1084 φησὶν
1446 1013 1515 1080 ⁸⁸,
1547 1013 1856 1085 ἐπολιόρκει
1882 1014 1954 1068 τὰ

386 1106 765 1177 Ἰεροσόλυμα,
810 1108 861 1159 oi
893 1106 950 1159 δὲ
992 1105 1236 1160 Ἰουδαῖοι
1294 1106 1458 1177 μέχρι
1500 1105 1602 1177 μέν
1641 1123 1788 1169 τινος
1824 1106 1953 1161 ἀντ-

372 1198 555 1269 έσχον,
606 1196 1052 1263 ἐξαναλωθέντων
1098 1197 1156 1251 δὲ
1200 1196 1311 1251 τῶν
1349 1197 1667 1267 ἐπιτηδείων
1697 1197 1951 1252 ἁπάντων

371 1289 799 1361 ἡναγκάσθησαν
822 1288 950 1359 περὶ
974 1287 1272 1352 διαλύσεως
1297 1287 1850 1360 διαπρεσϐεύσασθαι.
1881 1286 1949 1344 Ol

374 1382 434 1436 δὲ
462 1382 683 1446 πλείους
717 1380 868 1450 αὑτῷ
896 1380 1004 1435 τῶν
1031 1382 1201 1452 φίλων
1231 1379 1614 1435 συνεϐούλευον
1644 1381 1784 1436 κατά
1821 1380 1952 1454 κρά-

371 1486 468 1537 τος
498 1473 751 1544 αἱρήσειν
788 1471 886 1542 τὴν
923 1471 1079 1525 πόλιν
1113 1470 1209 1526 καὶ
1247 1470 1308 1524 τὸ
1347 1470 1503 1540 γένος
1538 1471 1706 1542 ἄρδην
1737 1471 1951 1526 ἀνελεῖν

370 1565 484 1619 τῶν
524 1550 790 1618 Ἰουδαίων
812 1579 827 1594 ο
867 1563 1063 1634 μόνους
1091 1564 1200 1634 γὰρ
1227 1563 1482 1618 ἁπάντων
1512 1562 1683 1616 ἐθνῶν
1715 1563 1949 1617 ἀκοινω-

372 1657 569 1726 νήτους
605 1652 745 1709 εἶναι
775 1655 873 1724 τῆς
902 1655 1038 1726 πρὸς
1067 1654 1194 1709 ἀλλο
1220 1655 1370 1715 έονος
1405 1654 1684 1724 ἐπιμιξίας
1716 1653 1810 1707 καὶ
1854 1670 1952 1708 πο-

370 1742 595 1812 λεμίους
629 1742 1032 1814 ὑπολαμϐάνειν
1062 1743 1292 1806 πάντας.
1342 1742 1718 1798 Ἀπεδείκνυον
1754 1741 1813 1795 δὲ
1856 1741 1951 1796 καὶ

371 1834 501 1897 τοὺς
533 1834 830 1905 προγόνους
860 1833 1040 1887 αὐτῶν
1087 1833 1162 1897 ὡς
1210 1834 1426 1898 ἀσεϐεῖς
1460 1834 1556 1887 καὶ
1590 1833 1950 1905 μισουμένους

374 1923 480 1977 ὑπὸ
507 1924 616 1977 τῶν
649 1925 694 1957 ⁸⁸
728 1924 867 1977 θεῶν
900 1924 960 1991 ἐξ
993 1923 1213 1994 ἀπάσης
1252 1925 1351 1994 τῆς
1390 1924 1669 1993 Αἰγύπτου
1699 1941 1949 1995 πεφυγα-

371 2016 683 2087 δευμένους.
724 2017 864 2080 Τοὺς
893 2017 1002 2089 γὰρ
1043 2016 1251 2086 ἀλφοὺς
1293 2017 1326 2087 ἢ
1373 2017 1583 2088 λέπρας
1620 2016 1841 2088 ἔχοντας
1888 2019 1948 2073 ὲν

371 2112 483 2172 τοῖς
518 2108 751 2179 σώμασι,
782 2109 1070 2179 καθαρμοῦ
1104 2109 1266 2180 χάριν
1297 2109 1374 2175 ὡς
1409 2110 1625 2180 ἐναγεῖς
1661 2111 1949 2183 συναθροι-

374 2197 623 2264 σθέντας,
667 2197 794 2270 [619
837 2197 930 2272 IL]
972 2199 1302 2270 ὑπερορίους
1348 2199 1712 2270 ἐκϐεϐλῆσθαι
1751 2219 1765 2233 ο
1821 2201 1949 2267 τοὺς

370 2290 431 2344 δὲ
487 2290 867 2363 ὲξορισθέντας
924 2291 1331 2347 καταλαϐέσθαι
1388 2293 1490 2363 μὲν
1535 2293 1662 2356 τοὺς
1712 2294 1843 2365 περὶ
1880 2293 1950 2349 τὰ

386 2382 732 2453 Ἱεροσόλυμα
756 2384 972 2450 τόπους,
1008 2383 1453 2454 συστησαμένους
1488 2384 1545 2437 δὲ
1577 2384 1639 2438 τὸ
1667 2384 1777 2440 τῶν
1817 2386 1951 2439 Ἰου-

371 2475 539 2529 δαίων
579 2473 730 2537 ἔθνος
774 2474 1150 2546 παραδόσιμον
1186 2476 1408 2547 ποιῆσαι
1445 2474 1506 2528 τὸ
1541 2477 1696 2546 μῖσος
1723 2476 1784 2529 τὸ
1813 2477 1950 2547 πρὸς

370 2568 497 2629 τοὺς
552 2566 878 2637 ἀνθρώπους
925 2566 1008 2599 ⁸³·
1049 2566 1139 2621 διὰ
1184 2566 1342 2621 τοῦτο
1397 2567 1453 2622 δὲ
1502 2568 1549 2601 ⁸⁸
1595 2567 1691 2621 καὶ
1739 2567 1949 2638 νόμιμα

373 2658 653 2721 παντελῶς
683 2658 1069 2729 ἐξηλλαγμένα
1099 2658 1438 2726 καταδεῖξαι,
1467 2659 1530 2712 τὸ
1574 2659 1763 2729 μηδενὶ
1804 2658 1949 2730 ἄλλῳ

370 2749 509 2803 ἔθνει
538 2749 815 2821 τραπέζης
839 2752 1114 2803 κοινωνεῖν
1139 2751 1263 2821 μηδ’
1293 2750 1495 2806 εὐνοεῖν
1517 2751 1577 2803 τὸ
1600 2751 1856 2822 παράπαν
1879 2750 1947 2807 ⁸⁸.

384 2840 735 2914 ’Υπέμνησαν
768 2841 825 2895 δὲ
851 2841 1012 2895 αὑτὸν
1050 2843 1144 2895 καὶ
1174 2840 1426 2913 περὶτοῦ
1463 2844 1862 2913 προγενομένου
1901 2841 1948 2876 ⁸⁸

375 2935 569 3005 μίσους
593 2937 706 2998 τοῖς
743 2934 1034 3006 προγόνοις
1067 2934 1201 3006 πρὸς
1230 2932 1389 2987 τοῦτο
1418 2932 1480 2987 τὸ
1524 2932 1695 2998 έθνος.
1748 2934 1949 2989 Ἀντίο-

369 3043 466 3097 χος
489 3027 597 3097 γὰρ
638 3028 665 3079 ὁ
696 3025 1158 3098 προσαγορευθεὶς
1197 3026 1523 3096 Ἐπιφανὴς,
1561 3027 1949 3097 καταπολεμή-

372 3135 474 3181 σας
487 3121 613 3182 τοὺς
647 3118 953 3182 Ἰουδαίους,
977 3117 1224 3188 εἰσῆλθεν
1242 3121 1322 3181 εἰς
1349 3119 1440 3173 τὸν
1464 3118 1654 3173 ἄδυτον
1686 3120 1780 3173 τοῦ
1810 3118 1946 3174 Θεοῦ

373 3213 560 3282 σηκὸν,
581 3202 642 3264 οὗ
656 3208 701 3241 ⁸⁷
720 3209 881 3282 [1150
897 3209 937 3262 Β
950 3210 985 3278 .]
1001 3211 1228 3281 νόμιμον
1250 3210 1474 3280 εἰσιέναι
1495 3213 1652 3281 μόνον
1665 3211 1753 3265 τὸν
1772 3212 1944 3284 ἱερέα·
1970 3236 2015 3298 C

371 3301 546 3373 εὑρὼν
588 3302 645 3356 δὲ
684 3303 742 3354 ὲν
773 3301 920 3373 αὑτῷ
949 3302 1147 3356 λίθινον
1185 3303 1408 3374 ἄγαλμα
1448 3304 1641 3375 ἀνδρὸς
1687 3304 1941 3376 βαθυπώ-

369 3409 564 3462 γωνος,
611 3393 920 3465 καθήμενον
954 3395 1040 3446 ἐπ’
1081 3393 1226 3458 ὄνου,
1270 3397 1407 3466 μετὰ
1439 3399 1629 3466 χεῖρας
1672 3397 1811 3468 ἔχων
1858 3399 1942 3469 βι-

371 3484 539 3549 ϐλίον,
561 3484 718 3539 τοῦτο
749 3486 848 3557 μὲν
874 3485 1111 3540 ὑπέλαϐε
1142 3488 1422 3557 Μωῦσὲως
1458 3486 1505 3520 ⁸⁸
1534 3485 1674 3543 εἶναι
1698 3492 1794 3545 τοῦ
1828 3494 1946 3546 κτί-

373 3591 565 3639 σαντος
597 3575 665 3629 τὰ
704 3576 1048 3646 Ἱεροσόλυμα
1076 3578 1168 3630 καὶ
1212 3578 1621 3649 συστησαμένου
1664 3580 1726 3634 τὸ
1769 3581 1940 3647 ἔθνος,

372 3665 508 3734 πρὸς
523 3665 807 3731 δὲ’τούτοις
824 3669 1289 3738 νομοθετήσαντος
1307 3667 1375 3722 τὰ
1396 3669 1756 3741 μισάνθρωπα
1772 3674 1868 3726 καὶ
1897 3672 1943 3705 ⁸⁸

372 3760 664 3830 παράνομα
706 3758 801 3832 ἔθη
834 3763 946 3823 τοῖς
988 3759 1287 3824 Ἰουδαίοις,
1316 3759 1477 3824 αὑτὸς
1506 3760 1563 3814 δὲ
1595 3764 1867 3834 στυγήσας
1895 3764 1944 3796 ⁸⁸

370 3852 470 3923 τὴν
499 3854 914 3925 μισανθρωπίαν
946 3855 1164 3911 πάντων
1189 3855 1359 3909 ἐθνῶν
1385 3857 1742 3929 ἐφιλοτιμήθη
1770 3876 1945 3913 κατα-

369 3942 529 3998 λῦσαι
561 3950 629 4000 τὰ
661 3947 870 4017 νόμιμα
891 3963 906 3979 ’
944 3948 1024 4002 διὸ
1051 3946 1131 4019 τῷ
1161 3947 1435 4019 ἀγάλματι
1468 3948 1564 4003 τοῦ
1595 3951 1814 4005 κτίστου
1848 3953 1944 4005 καὶ

367 4033 448 4104 τῷ
480 4036 729 4108 ὑπαίθρῳ
760 4038 930 4109 βωμῷ
953 4039 1049 4093 τοῦ
1079 4039 1215 4094 Θεοῦ
1251 4043 1492 4113 μεγάλην
1515 4036 1580 4095 ’ὗν
1602 4042 1769 4106 θύσας
1799 4042 1861 4096 τό
1882 4060 1942 4097 τε

369 4120 511 4195 αἷμα
529 4128 823 4196 προσέχεεν
848 4130 1052 4193 αὐτοῖς,
1082 4132 1178 4185 κα)⁴
1196 4134 1263 4186 τὰ
1288 4134 1428 4203 κρέα
1452 4133 1723 4196 σκευάσας
1775 4149 1943 4203 προσ-

368 4216 525 4282 έταξε
542 4215 619 4286 τῷ
640 4216 789 4291 [μὲν]
813 4221 921 4274 ἀπὸ
946 4222 1154 4275 τούτων
1183 4222 1350 4294 ζωμῷ
1379 4224 1477 4288 τὰς
1507 4225 1660 4296 ίεράς
1687 4224 1868 4279 αὑτῶν
1894 4226 1941 4259 ⁹¹

369 4304 582 4376 βίϐλους
605 4312 697 4363 καὶ
730 4313 1088 4383 περιεχούσας
1116 4315 1186 4368 τὰ
1211 4314 1468 4383 μισόξενα
1501 4318 1706 4387 νόμιμα
1738 4320 1943 4391 καταρ-

368 4398 547 4470 ρᾶναι,
588 4401 680 4455 τὸν
724 4403 779 4455 δὲ
819 4404 1090 4458 ἀθάνατον
1119 4404 1409 4475 λεγόμενον
1451 4409 1580 4480 παρ’
1618 4411 1802 4474 αὐτοῖς
1845 4412 1941 4465 λύ-

365 4507 490 4559 χνον
520 4497 612 4547 καὶ
645 4497 934 4567 καιόμενον
963 4499 1009 4530 ⁹²
1038 4500 1402 4564 ἀδιαλείπτως
1435 4503 1493 4554 ὲν
1529 4501 1605 4571 τῷ
1630 4502 1746 4572 ναῷ
1771 4520 1940 4557 κατα-

2054 644 2416 700 Historiarum
2446 644 2807 716 prosequitur,
2845 643 2973 700 licet
2997 644 3164 700 etiam
3188 644 3304 709 alii,
3338 654 3395 703 et
3417 647 3637 717 plurimi

2053 736 2119 791 de
2147 736 2406 807 prodigiis
2435 734 2757 804 scripserint
2785 733 2930 805 (57):-

2438 917 2525 972 Ea:
2554 919 2687 974 libro
2727 917 2991 974 tricesimo
3031 931 3238 990 quarto.

2122 1011 2420 1077 Obsidenti,
2459 1012 2659 1082 inquit,
2690 1010 2958 1067 Antiocho
2983 1012 3098 1082 regi
3134 1012 3530 1085 Hierosolyma,
3563 1030 3632 1072 eo

2053 1119 2224 1174 usque
2251 1101 2421 1158 Judaei
2456 1102 2797 1168 restiterunt,
2828 1103 3004 1160 donec
3018 1105 3322 1160 necessaria
3341 1107 3521 1161 omnia
3545 1107 3632 1162 de-

2051 1193 2327 1250 fecissent.
2364 1195 2516 1253 Tunc
2544 1195 2611 1250 de
2636 1194 3008 1264 componenda
3033 1195 3311 1266 relegatos
3339 1197 3628 1263 miserunt,

2050 1298 2106 1343 et
2137 1302 2232 1343 eos
2259 1286 2547 1357 plerosque
2572 1288 2753 1359 regios
2772 1288 2994 1344 amicos.
3035 1288 3223 1359 Itaque
3244 1304 3467 1345 suasere
3494 1292 3628 1362 regi,

2052 1386 2110 1432 ut
2142 1378 2406 1433 violenter
2442 1379 2629 1433 urbem
2666 1378 2927 1446 dirueret,
2967 1387 3023 1435 et
3056 1389 3270 1450 gentem
3319 1364 3631 1436 Judaeorinn

2051 1468 2292 1524 funditus
2322 1477 2613 1525 everteret.
2646 1470 2802 1527 Solos
2831 1472 2975 1526 enim
3011 1486 3107 1527 eos
3158 1485 3283 1528 esse
3309 1473 3401 1543 qui
3431 1472 3628 1544 3799

2051 1575 2173 1617 cum
2206 1560 2327 1616 aliis
2354 1560 2605 1632 gentibus
2641 1561 2777 1617 nihil
2812 1563 3053 1618 habeant
3088 1578 3398 1629 commune,
3429 1573 3484 1618 et
3511 1580 3630 1618 om-

2049 1665 2148 1707 nes
2168 1650 2222 1705 in
2249 1653 2485 1707 hostium
2505 1668 2735 1709 numero
2766 1664 2996 1724 ponant,
3019 1664 3071 1711 et
3108 1657 3314 1712 clarum
3343 1672 3467 1713 esse
3495 1671 3632 1727 quo-

2049 1745 2210 1798 modo
2251 1743 2483 1811 majores
2523 1759 2711 1800 eorum
2748 1786 2762 1811 ,
2797 1754 2857 1801 ut
2894 1747 3045 1817 impii
3084 1755 3139 1804 et
3186 1750 3554 1804 exsecrabiles
3594 1765 3625 1803 a

2052 1833 2154 1889 diis
2204 1848 2272 1889 ex
2307 1835 2452 1890 omni
2495 1835 2726 1908 Egypto
2759 1838 2992 1905 expulsi,
3033 1847 3087 1894 et
3115 1841 3388 1907 quomodo
3427 1841 3627 1909 leprosi

2050 1923 2334 1980 confertim
2364 1925 2483 1981 loco
2508 1927 2879 1983 mundationis
2902 1929 3048 1983 velut
3073 1928 3373 1985 detestandi
3414 1930 3627 2000 profugi

2047 2015 2201 2086 ejecti
2254 2016 2382 2083 sint,
2429 2025 2487 2072 et
2530 2033 2658 2072 mox
2690 2017 3082 2090 Hierosolymis
3125 2018 3243 2075 loca
3288 2025 3626 2077 contermina

2047 2108 2376 2176 abripientes
2395 2108 2535 2164 hanc
2557 2117 2769 2180 gentem
2792 2111 3179 2179 ordinaverint,
3207 2124 3260 2166 et
3283 2114 3467 2167 odium
3498 2127 3629 2183 erga

2047 2213 2238 2255 omnes
2271 2201 2518 2257 homines
2547 2200 2878 2257 induxerint.
2920 2202 3099 2269 Quare
3125 2213 3183 2258 et
3211 2203 3372 2258 aliam
3401 2205 3626 2259 omnino

2046 2289 2171 2344 vitae
2222 2289 2621 2345 institutionem
2664 2292 2970 2360 complecti,
3014 2307 3115 2348 nec
3146 2308 3272 2348 cum
3312 2294 3417 2349 alia
3464 2301 3624 2362 gente

2047 2380 2269 2435 omnino
2298 2381 2435 2437 velle
2461 2383 2770 2447 comedere,
2799 2400 2899 2439 nec
2912 2386 3077 2439 etiam
3104 2384 3241 2439 velle
3279 2384 3621 2439 benefacere.

2046 2471 2126 2528 Ad
2163 2474 2276 2529 haec
2309 2475 2358 2528 ei
2395 2472 2657 2542 majorum
2687 2475 2870 2529 odium
2915 2490 3138 2532 suorum
3182 2491 3309 2544 erga
3346 2477 3491 2532 hunc
3522 2490 3623 2547 po-

2048 2563 2228 2632 pulum
2289 2564 2342 2618 in
2373 2567 2687 2620 memoriam
2735 2577 3081 2623 revocarunt.
3130 2569 3430 2623 Antiochus
3473 2569 3619 2623 enim

2047 2656 2221 2710 dictus
2270 2655 2579 2727 Epiphanes
2623 2658 2850 2714 devictis
2897 2658 3097 2715 Judaeis
3138 2661 3363 2715 intravit
3417 2660 3623 2716 Sancta

2046 2754 2377 2814 sanctorum,
2418 2748 2552 2802 adiit
2586 2748 2715 2805 solis
2743 2751 3116 2807 sacerdotibus
3158 2753 3423 2820 adeunda,
3458 2764 3515 2809 et
3540 2755 3625 2809 in-

2048 2839 2192 2895 venit
2217 2839 2411 2894 ibidem
2432 2839 2697 2910 lapideam
2729 2849 2964 2897 statuam
3007 2843 3109 2898 viri
3139 2845 3305 2899 barba
3332 2848 3617 2915 promissa,

2047 2931 2279 2986 tenentis
2309 2931 2557 2986 manibus
2586 2933 2782 2988 librum
2825 2934 3216 3004 insidentisque
3254 2938 3426 3003 asino,
3459 2953 3621 3006 quam

2043 3020 2271 3090 putabat
2314 3019 2478 3077 Mosis
2514 3037 2655 3087 esse,
2716 3025 2808 3094 qui
2853 3026 3040 3080 urbem
3086 3037 3143 3082 et
3185 3029 3514 3094 condiderit,
3567 3042 3626 3085 et

2045 3124 2257 3183 gentem
2298 3113 2560 3181 fundarit,
2592 3125 2644 3173 et
2682 3117 2904 3173 odiosas
2940 3119 3063 3175 illas
3088 3122 3341 3177 omnibus
3371 3114 3623 3192 gentibus

2047 3205 2193 3273 leges
2216 3204 2415 3261 tulerit.
2448 3206 2568 3276 Ipse
2591 3222 2716 3262 vero
2746 3209 2967 3278 cupiens
2988 3211 3259 3265 obducere
3294 3210 3475 3265 odium
3498 3226 3622 3265 om-

2048 3295 2194 3349 nium
2235 3296 2496 3364 gentium,
2529 3295 2674 3366 leges
2719 3297 3018 3353 dissolvere
3044 3307 3274 3353 conatus
3310 3308 3414 3354 est.
3442 3300 3624 3365 Quare

2043 3395 2235 3442 statuae
2260 3388 2580 3454 conditoris,
2609 3396 2665 3442 et
2700 3389 2855 3443 altari
2884 3389 2978 3444 Dei
3012 3389 3244 3444 subdiali
3285 3404 3502 3459 porcam
3543 3389 3629 3444 iI-.

2043 3492 2256 3547 gentem
2317 3479 2677 3545 sacriﬁcavit,
2713 3490 2769 3535 et
2816 3481 3077 3553 sanguine
3112 3481 3234 3535 illos
3280 3482 3537 3551 perfudit,
3565 3490 3623 3536 et

2045 3589 2264 3629 carnem
2314 3589 2577 3643 coquens,
2617 3575 2783 3645 jussit
2821 3591 3009 3632 sacros
3058 3591 3245 3632 eorum
3277 3577 3444 3634 libros
3472 3619 3486 3643 ,
3527 3578 3620 3646 qui

2045 3666 2194 3736 leges
2222 3667 2590 3734 continerent,
2608 3667 2733 3735 jure
2757 3668 2850 3722 illo
2864 3671 3165 3739 corrumpi,
3188 3679 3242 3724 et
3267 3669 3571 3725 oblitterari
3600 3687 3617 3726 :

2046 3761 2220 3829 ignem
2269 3776 2542 3834 nunquam
2579 3763 2939 3830 deficientem,
2968 3772 3026 3818 et
3075 3777 3310 3833 semper,
3348 3771 3409 3819 ut
3443 3764 3618 3831 aiunt,

2046 3855 2349 3919 ardentem,
2382 3857 2437 3911 in
2482 3856 2684 3927 templo
2722 3857 3017 3928 exstingui,
3046 3866 3105 3912 et
3145 3872 3363 3913 carnem
3403 3857 3616 3913 suillam

2044 3961 2312 4002 summum
2365 3949 2737 4015 sacerdotem,
2785 3948 3026 4019 aliosque
3067 3947 3283 4005 Judasos
3333 3950 3621 4006 comedere

2044 4042 2239 4109 coegit.
2270 4040 2396 4096 Hmc
2436 4051 2722 4096 narrantes
2763 4040 2837 4095 illi
2880 4041 3076 4109 amici,
3107 4042 3432 4097 Antiochum
3460 4044 3620 4099 velte-

2045 4140 2255 4184 menter
2286 4132 2351 4183 ad
2387 4140 2553 4184 totam
2593 4138 2806 4199 gentem
2838 4130 3190 4200 perdendam,
3211 4140 3305 4185 aut
3333 4130 3525 4185 saltem
3549 4130 3621 4185 ad

2043 4223 2363 4277 chrtcndas
2395 4222 2561 4292 leges,
2598 4231 2654 4277 et
2686 4221 2811 4276 vita:
2862 4222 3251 4279 institutionem
3285 4230 3497 4277 mutare
3523 4236 3618 4277 co-

2043 4318 2274 4386 gendum
2310 4314 2624 4368 incitarunt.
2650 4313 2849 4369 Verum
2885 4330 2978 4371 rex
3009 4317 3408 4385 magnanimus,
3448 4315 3617 4369 mori-

2043 4408 2250 4479 busque
2282 4417 2621 4473 mansuetus,
2650 4406 3025 4476 impositisque
3051 4406 3347 4460 tolerandis
3374 4407 3613 4469 tributis,

2042 4512 2099 4554 ct
2128 4516 2282 4552 tnurn
2303 4499 2520 4567 privans
2540 4497 2815 4551 civitatem
2838 4496 3358 4566 Hierosolymorum,
3377 4496 3617 4565 acceptis

366 4580 555 4635 σϐέσαι
588 4584 694 4637 τῶν
724 4603 783 4638 τε
821 4587 999 4658 κρεῶν
1045 4590 1363 4658 ἀναγκάσας
1397 4591 1442 4623 ⁸³
1476 4591 1942 4663 προσενέγκασθαι

2050 4591 2354 4652 obsidibus,
2388 4588 2602 4643 Jutlaeos
2634 4588 2863 4643 crimine
2889 4587 3152 4643 liberavit.

363 4672 456 4724 τὸν
483 4675 743 4747 ἀρχιερέα
780 4678 875 4731 καὶ
903 4679 1028 4742 τοὺς
1052 4680 1244 4746 ἄλλους
1291 4680 1598 4745 Ἰουδαίους.
1651 4681 1838 4734 Ταῦτα
1867 4682 1932 4753 δὴ
1970 4682 2259 4749 διεξιόντες
2288 4681 2337 4732 oi
2370 4678 2513 4748 φίλοι
2534 4681 2624 4731 τὶν
2650 4678 2924 4749 ’Δντίοχον
2981 4677 3324 4748 παρεκάλουν
3383 4679 3655 4748 μάλισταν

368 4765 466 4833 μὲν
497 4767 662 4836 ἄρδην
689 4768 895 4822 ἀνελεῖν
924 4771 984 4822 τὸ
1008 4770 1178 4836 ἔθνος,
1204 4771 1254 4823 εί
1291 4771 1347 4824 δὲ
1392 4772 1490 4840 μὴ,
1536 4772 1835 4825 καταλῦσαι
1910 4773 1980 4826 τά
2016 4774 2219 4843 νόμιμα
2279 4771 2376 4822 καὶ
2419 4769 2825 4837 συναναγκάσαι
2863 4769 2962 4831 τὰς
2997 4766 3218 4836 ἀγωγὰς
3263 4766 3615 4835 μεταθέσθαι.
3654 4778 3657 4787 ‘

471 4860 525 4912 δὲ
549 4861 802 4929 βασιλεὺς
835 4864 1211 4937 μεγαλόψυχος
1245 4865 1320 4920 ὢν
1355 4868 1449 4920 καὶ
1475 4868 1536 4920 τὸ
1558 4862 1693 4938 ἦθος
1757 4867 1981 4938 ἥμερος,
2055 4867 2236 4921 λαϐὼν
2265 4868 2509 4936 ὁμήρους
2529 4865 2769 4918 ἀπέλυσε
2800 4864 2908 4918 τῶν
2942 4865 3302 4935 ἐγκλημάτων
3329 4865 3451 4929 τοὺς
3484 4864 3617 4916 Ἰου-

363 4950 565 5018 δαίους,
619 4954 820 5023 φόρους
867 4972 927 5008 τε
974 4958 1101 5022 τοὺς
1145 4959 1529 5029 ὀφειλομένους
1573 4960 1942 5031 πραξάμενος,
1978 4961 2071 5015 καὶ
2108 4961 2178 5013 τὰ
2205 4959 2361 5030 τείχη
2388 4959 2655 5031 περιελὼν
2686 4959 2795 5013 τῶν
2830 4958 3233 5032 Ἱεροσολύμων.

440 5046 623 5100 ταῦτα
673 5049 936 5123 Διόδωρος
979 5051 1111 5122 περὶ
1154 5051 1261 5106 τῶν
1297 5053 1611 5109 Μωσαῖκῶν
1664 5054 1805 5109 ἐθῶν
1851 5056 1945 5110 καὶ

2122 5054 2246 5109 liam
2282 5055 2543 5110 Diodorus
2592 5058 2657 5111 de
2690 5054 2939 5111 Mosaicis
2982 5056 3244 5112 institutis
3295 5066 3350 5113 et
3383 5056 3629 5143 legibus,

1634 5193 1873 5249 VARle
1914 5194 2321 5251 LECTIONES.

435 5285 478 5317 ⁸³
500 5286 663 5357 φησίν
692 5302 800 5343 om.
827 5289 887 5343 Β.
974 5289 1016 5322 ⁸⁵
1046 5288 1151 5343 ὑπὸ
1180 5288 1289 5341 τῶν
1317 5290 1398 5342 A:
1432 5291 1581 5360 παρά
1606 5310 1665 5358 ς.
1753 5294 1801 5327 ⁸³
1820 5295 1882 5348 τὸ
1905 5295 2039 5366 πρὸς
2064 5294 2188 5357 τοὺς
2218 5291 2541 5406 ἀνθρώπους
2573 5293 2726 5359 μῖσος
2754 5295 2816 5346 Β.
2890 5292 2935 5324 ⁸⁸
2964 5291 3020 5345 δὲ
3047 5305 3154 5344 om.
3177 5291 3238 5345 Β.
3312 5291 3358 5322 ⁸⁸
3384 5290 3442 5343 τὸ
3468 5295 3629 5359 παρα·

435 5374 529 5433 κιν-
544 5357 666 5433 μηδ’
689 5359 987 5433 εὐνοεῖ-λς.
1047 5431 1055 5433 ξ
1090 5360 1567 5433 ⁸⁶λπρογενομένου
1598 5365 1642 5415 Α
1672 5381 1685 5416 :
1720 5364 2014 5433 γενομένου
2051 5382 2111 5428 ς.
2186 5365 2230 5396 ⁸⁷
2261 5357 2346 5433 οὗ]
2446 5363 2491 5416 Α
2532 5363 2714 5433 malim
2738 5359 2797 5416 οἷ
2887 5361 2936 5394 ⁸⁸
2965 5361 3227 5429 μωῦσέως
3252 5359 3318 5430 Α,
3364 5359 3612 5433 titubet-Eo;

2327 5413 2396 5466 ‘3

348 5356 508 5428 ‘o_'t't:av
544 5356 666 5428 μηδ’
689 5359 893 5412 εὐνοεῖν
926 5379 987 5424 ς.

364 5426 404 5478 Β
432 5445 446 5480 :
476 5426 717 5492 Μωσέως
744 5446 805 5493 ς.
893 5430 939 5462 ⁸⁸
976 5431 1069 5484 καὶ
1089 5426 1302 5485 θιΙιΙίΑ.

360 5497 522 5550 κάσαι
550 5496 612 5551 Β.

1090 5357 1567 5435 ⁸⁶Απρογενομένὸυ
1598 5365 1685 5435 At
1720 5357 2014 5435 γενομένου
2051 5382 2111 5428 ς.
2186 5365 2230 5396 ⁸⁷
2261 5357 2323 5417 οὗ

1409 5430 1455 5462 ⁸⁸
1497 5430 1796 5504 στυγήσας]
1834 5430 1955 5488 libri
1989 5435 2281 5504 συστήσας.

2446 5363 2491 5416 Α
2532 5363 2714 5418 malim
2738 5359 2797 5416 οἷ
2887 5361 2936 5394 ⁸⁸
2965 5361 3227 5429 μωῦσέως
3252 5359 3318 5430 Α,
3364 5359 3612 5428 μωϋσέος

2404 5435 2421 5465 ί
2462 5431 2629 5486 αὑτοῦ
2657 5433 2722 5488 Α.
2826 5436 2871 5467 ⁸³
2892 5433 3156 5502 καόμενον
3197 5433 3253 5485 Β.
3368 5430 3415 5465 ⁵³
3436 5430 3624 5515 ἀναγτι

1816 5592 2046 5651 ΝΟΤᾸΞ.

341 5751 367 5781 ι

442 5683 542 5757 [57)
573 5685 747 5745 Julius
767 5686 1100 5758 Obsequens,
1131 5689 1194 5744 T.
1231 5688 1435 5759 Livius,
1458 5688 1803 5757 Plutarchus,
1835 5688 1967 5747 Dion
2008 5701 2063 5748 et
2090 5692 2201 5746 alti.
