3990 6232
359 246 485 313 1391

1451 235 1713 299 ΡΗΟΤΙΙ
1751 234 2252 298 ΡᾹΤΒΙΑΗΟΗίΕ
2283 233 2386 295 CP.

3472 225 3611 292 1392

357 363 426 415 de
449 356 727 412 conditore
762 351 1281 424 Hierosolymorum,
1313 348 1379 404 de
1421 349 1567 404 exitu
1599 365 1665 406 ex
1701 347 1934 419 [Egypto

2054 347 2300 417 νομίμων,
2344 342 2483 398 ἀλλὰ
2520 343 2615 396 καὶ
2663 343 2758 397 τοῦ
2792 341 2901 396 τῶν
2959 339 3348 412 Ἰεροσολύμων
3395 341 3614 394 κτίστου

357 449 636 504 mentitur.
669 447 732 500 Et
762 446 814 500 in
843 443 1266 514 reprehensione
1297 439 1603 495 Judacorum
1637 440 1802 510 380
1823 441 1928 492 ain

355 540 640 596 mendacio
665 551 1042 607 perseverans,
1074 549 1140 588 ne
1169 532 1272 588 sibi
1304 532 1404 602 ipsi
1443 533 1821 587 contradicere
1852 531 1932 584 vi-

357 633 582 692 deatur,
635 638 888 697 tanquam
945 627 1082 682 alios
1136 634 1417 680 narrantes
1464 624 1690 688 inducit,
1737 622 1934 692 quibus

356 720 612 779 Antiochi
635 718 924 774 amicitiam
957 716 1224 787 adjungit.
1252 715 1380 771 Haec
1406 729 1622 786 quoque
1651 713 1934 771 deJudaeis

357 812 495 869 libro
519 830 588 868 χι.
623 809 962 865 Bibliothecw
1005 807 1185 862 habet.
1783 831 1785 833 ι

642 1081 727 1134 Ea:
766 1079 1173 1151 quadragesimo
1224 1078 1364 1132 circa
1407 1076 1652 1130 medium.

431 1173 744 1242 Scripturus
793 1170 993 1224 bellum
1026 1179 1211 1223 contra
1249 1167 1464 1222 Judaeos
1493 1182 1590 1236 par
1605 1181 1725 1221 esse
1749 1165 1939 1221 existi-

358 1265 504 1322 mavi
555 1262 880 1334 principium
935 1262 1086 1330 prius
1132 1271 1186 1314 et
1234 1271 1412 1314 ortum
1459 1259 1618 1330 hujus
1662 1260 1839 1328 gentis
1887 1268 1943 1313 et

359 1357 606 1414 instituta
625 1368 932 1410 recensere.
957 1352 1104 1406 Multi
1125 1353 1264 1421 apud
1278 1351 1562 1422 Egyptios
1587 1351 1715 1405 olim
1751 1351 1938 1420 perui-

359 1450 522 1506 ciosa:
564 1447 725 1515 hujus
762 1445 1088 1501 calamitatis
1127 1459 1347 1499 causam
1381 1443 1446 1496 ad
1489 1443 1655 1497 Deum
1677 1441 1941 1497 referunt.

359 1542 493 1598 Cum
529 1540 683 1595 inulti
721 1547 777 1592 et
815 1537 950 1591 varii
993 1537 1261 1606 peregrini
1293 1533 1588 1605 ngypunn
1619 1534 1941 1598 incolerent,

2033 437 2519 506 καταψευσάμενος
2561 436 2656 489 καὶ
2724 434 2896 503 αὐτῆς
2928 433 3030 504 τῆς
3062 433 3122 500 ἐξ
3177 432 3456 500 Αἰγύπτου
3507 433 3620 486 τῶν

2045 530 2314 583 Ἰουδαίων
2338 527 2543 594 ἐξόδου,
2580 526 2677 581 καὶ
2710 525 2845 596 πρὸς
2869 525 2960 578 τὸν
2995 524 3221 595 ἔλεγχον
3257 523 3353 576 τοῦ
3388 522 3622 591 ψεύδους

2033 623 2222 692 ὥσπερ
2255 619 2433 689 ἑαυτῷ
2457 619 2520 672 τὸ
2554 617 2629 690 μὴ
2663 618 2826 680 αὐτὸς
2848 615 3054 672 ἁλῶναι
3088 617 3617 684 διοικονομούμενος,

2035 713 2249 783 ἑτέροις
2284 711 2598 780 περιτίθησι
2629 708 2944 780 προσώποις
2979 708 3078 779 τὴν
3110 709 3239 778 περὶ
3276 706 3387 759 τῶν
3409 705 3620 774 διεψευ-

2039 805 2250 875 σμένων
2270 803 2569 874 ἀφήγησιν,
2585 800 2687 873 τὴν
2715 801 2988 870 Ἀντιόχου
3009 799 3192 870 φιλίαν
3215 797 3425 860 τούτοις
3449 812 3621 865 προσ-

2037 892 2444 946 επισυνάπτων.
2481 891 2689 963 Γράφει
2741 890 2796 944 δὲ
2836 891 2930 944 καὶ
2973 892 3031 944 ἐν
3055 890 3104 923 ⁸⁸
3131 889 3209 961 τῷ
3253 888 3305 960 μ’
3340 888 3485 958 λόγῳ
3523 885 3622 956 τῆς

2039 985 2210 1054 αὐτῆς
2239 983 2636 1052 Βιϐλιοθήκης
2668 985 2798 1054 περὶ
2844 983 3113 1037 Ἰουδαίων
3145 983 3337 1038 ταῦτα.

2303 1078 2405 1130 Ἐκ
2434 1076 2540 1130 τοῦ
2574 1074 2632 1145 μ’
2658 1078 2866 1146 λόγου,
2901 1075 3035 1144 περὶ
3064 1076 3131 1130 τὸ
3155 1075 3373 1146 μέσον.

2124 1169 2317 1237 Ἡμεῖς
2355 1169 2412 1222 δὲ
2467 1167 2758 1239 μέλλοντες
2799 1168 3140 1239 ἀναγράφειν
3172 1168 3264 1221 τὸν
3312 1168 3448 1238 πρὸς
3502 1170 3628 1222 Ἰου-

2042 1263 2222 1326 δαίους
2243 1263 2501 1332 πόλεμον,
2522 1263 2722 1316 οἰκεῖον
2750 1259 2887 1316 εἶναι
2911 1263 3356 1332 διαλαμϐάνομεν
3379 1262 3628 1331 προδιελ-

2045 1351 2157 1405 θεῖν
2187 1353 2245 1405 ἐν
2274 1351 2594 1420 κεφαλαίοις
2626 1353 2725 1422 τήν
2747 1370 2807 1405 τε
2831 1353 2876 1384 ⁸⁵
2899 1352 2993 1406 τοῦ
3019 1351 3206 1415 ἔθνους
3233 1351 3424 1406 τούτου
3453 1352 3512 1416 ἐξ
3535 1354 3628 1422 ἁρ-

2044 1445 2147 1515 χῆς
2187 1446 2365 1498 κτίσιν
2410 1445 2604 1498 καὶτὰ
2646 1445 2777 1514 παρ’
2821 1446 3006 1509 αὐτοῖς
3053 1445 3281 1516 νόμιμα.
3330 1445 3488 1498 Κατὰ
3526 1445 3627 1513 τὴν

2045 1537 2324 1605 Αἴγυπτον
2351 1537 2412 1590 τὸ
2443 1537 2674 1591 παλαιὸν
2706 1536 2833 1609 [620
2857 1536 2950 1610 H.]
2973 1537 3231 1608 λοιμικῆς
3256 1537 3630 1608 περιστάσεως

361 1632 594 1687 diversis
633 1629 977 1684 sacriﬁcandi
1012 1637 1228 1683 utentes
1275 1627 1487 1692 ritibus,
1516 1626 1723 1680 factum
1776 1637 1859 1679 est
1888 1634 1946 1677 ut

2054 1629 2350 1700 γενομένης
2393 1629 2712 1699 ἀνέπεμπον
2741 1631 2791 1683 οἱ
2825 1629 3010 1684 πολλοὶ
3042 1630 3143 1701 τὴν
3181 1631 3360 1683 αἰτίαν
3391 1629 3501 1682 τῶν
3529 1647 3634 1682 κα-

363 1726 522 1797 patrii
570 1741 697 1793 erga
760 1729 891 1780 deos
939 1722 1116 1776 cultus
1171 1720 1484 1786 deﬁcerent,
1539 1720 1684 1787 quod
1735 1719 1944 1784 incolm,

2059 1721 2170 1776 κῶν
2203 1722 2294 1774 ἐπὶ
2320 1721 2383 1775 τὸ
2417 1721 2692 1792 δαιμόνιον
2715 1739 2730 1754 ο
2762 1722 2971 1775 πολλῶν
3006 1724 3113 1794 γὰρ
3141 1724 3235 1777 καὶ
3271 1723 3634 1777 παντοδαπῶν

291 1849 298 1859 ι
363 1819 466 1874 nisi
496 1817 826 1888 alienigenas
852 1815 1211 1874 dimitterent,
1239 1813 1506 1865 malorum
1533 1809 1790 1864 indicium
1830 1808 1946 1862 fore

363 1908 622 1978 suspicati
682 1914 831 1960 sunt.
890 1903 1082 1957 Statim
1134 1902 1317 1971 itaque
1353 1917 1417 1957 ex
1462 1902 1650 1971 ejectis
1705 1900 1947 1971 profugis

363 1998 798 2072 praastantissimi
823 1995 1290 2064 eﬂicacissimique
1313 1995 1391 2066 (ut
1409 1994 1626 2066 quidam
1652 1993 1944 2062 nugautur)

366 2094 420 2146 in
447 2091 734 2154 Graeciam,
771 2088 997 2156 locaque
1029 2087 1204 2141 vicina
1239 2087 1406 2156 illapsi
1448 2094 1594 2151 sunt,
1629 2094 1946 2155 praestantes

364 2184 627 2237 habentes
686 2181 958 2248 ductores,
1007 2193 1236 2246 quorum
1296 2178 1568 2248 principes
1629 2175 1843 2232 Danaus
1895 2186 1950 2232 et

362 2277 602 2331 Cadmus
629 2273 973 2326 exstiterunt.
1017 2271 1247 2339 Reliqua
1279 2284 1405 2324 vero
1432 2271 1584 2324 turba
1609 2286 1726 2324 eam
1768 2271 1950 2340 regio-

364 2382 510 2432 nem,
551 2380 670 2435 qua:
691 2379 834 2418 nunc
855 2361 1038 2419 Judaza
1075 2363 1292 2429 dicitur,
1325 2377 1432 2417 non
1460 2364 1643 2431 procul
1672 2364 1740 2418 ab
1777 2363 1947 2434 Egy-

364 2471 458 2529 pto
489 2458 806 2521 distantem,
839 2465 893 2510 et
933 2455 986 2510 in
1016 2455 1106 2510 illa
1138 2469 1310 2525 usque
1345 2465 1586 2523 tempora
1616 2456 1833 2524 penitus
1857 2458 1950 2510 de-

366 2561 570 2607 sertam
599 2547 902 2617 occupavit.
933 2546 1087 2603 Hanc
1117 2563 1280 2618 porro
1301 2547 1572 2602 coloniam
1607 2547 1782 2603 Moses
1821 2564 1950 2617 pru-

365 2642 546 2698 dentia
574 2653 631 2696 et
657 2644 853 2696 robore
881 2651 1113 2697 caeteros
1151 2639 1420 2695 excellens
1455 2638 1675 2694 deduxit
1697 2638 1829 2710 (58),
1857 2639 1949 2709 qui

367 2736 508 2790 hanc
538 2735 810 2805 regionem
849 2735 1136 2797 invadens,
1172 2732 1368 2787 multas
1414 2733 1578 2788 urbes
1607 2732 1868 2794 c0ndidit,
1898 2742 1954 2786 et

2059 1812 2460 1867 κατοικούντων
2491 1812 2680 1879 ξένων,
2727 1815 2822 1868 καὶ
2857 1814 3267 1886 διηλλαγμένοις
3308 1815 3455 1867 ἔθεσι
3486 1833 3634 1885 χρω-

2049 1903 2224 1973 μένων
2267 1905 2395 1974 περί
2442 1904 2504 1958 τὸ
2540 1905 2685 1975 ἱερὸν
2712 1907 2806 1958 καὶ
2835 1905 2933 1969 τὰς
2966 1906 3179 1973 θυσίας,
3234 1905 3635 1960 καταλελύσθαι

2048 1994 2328 2048 συνέϐαινε
2369 1995 2498 2066 παρ’
2533 1997 2718 2059 αὐτοῖς
2764 1999 2864 2060 τὰς
2908 1998 3171 2068 πατρίους
3207 1997 3315 2051 τῶν
3358 1997 3498 2050 θεῶν
3537 2014 3635 2049 τι-

2051 2084 2178 2154 μάς.
2216 2085 2394 2156 Ὅπερ
2421 2087 2472 2138 οἰ
2505 2087 2604 2154 τῆς
2634 2085 2821 2157 χώρας
2857 2087 3104 2155 ἐγγενεῖς
3133 2086 3179 2118 ’⁸
3210 2087 3502 2153 ὑπέλαϐον,
3540 2087 3638 2140 ἐὰν

2051 2176 2126 2247 μὴ
2176 2177 2303 2239 τοὺς
2371 2176 2705 2245 ἀλλοφύλους
2761 2178 3248 2249 μεταστήσωνται,
3298 2179 3480 2249 κρίσιν
3534 2177 3638 2231 οὐκ

2049 2268 2267 2323 ἔσεσθαι
2296 2269 2406 2324 τῶν
2430 2269 2638 2324 κακῶν.
2676 2269 2853 2333 Εὐθὺς
2890 2269 2984 2324 οὖν
3009 2270 3488 2342 ξενηλατουμένων
3525 2269 3637 2323 τῶν

2049 2363 2352 2417 ἀλλοεθνῶν
2398 2365 2446 2417 oi
2479 2363 2578 2434 μέν
2611 2363 3036 2432 ἐπιφανέστατοι
3076 2364 3171 2417 καὶ
3208 2363 3637 2434 δραστικώτατοι

2053 2453 2453 2524 συστραφέντες
2488 2452 2858 2525 ἐξερῤίφησαν
2906 2453 3004 2522 (ὦς
3035 2453 3182 2516 τινές
3215 2455 3400 2524 φασιν)
3435 2455 3516 2518 εἰς
3539 2456 3639 2524 τὴν

2062 2542 2289 2596 Ἐλλάδα
2312 2543 2405 2596 καί
2431 2561 2589 2606 τινας
2621 2544 2843 2615 ἐτέρους
2868 2545 3092 2612 τόπους,
3119 2545 3332 2616 ἔχοντες
3356 2547 3400 2577 ³⁷
3422 2546 3638 2610 ἀξιολό-

2051 2654 2181 2704 γους
2215 2636 2510 2708 ἡγεμόνας,
2537 2631 2612 2692 ὧν
2643 2637 2874 2707 ἡγοῦντο
2904 2637 3113 2702 Δαναὸς
3147 2640 3242 2692 καὶ
3274 2638 3497 2708 Κάδμος
3528 2637 3638 2691 τῶν

2052 2727 2228 2782 ἄλλων
2259 2729 2700 2799 ἐπιφανέστατοι.
2744 2729 2803 2783 Ὁ
2832 2731 2887 2783 δέ
2910 2731 3079 2796 πολὺς
3110 2731 3247 2796 λεὼς
3277 2730 3532 2798 ἐξέπεσεν
3557 2735 3640 2797 εἰς

366 2842 558 2894 unam,
584 2843 702 2897 qua:
727 2841 868 2880 nunc
896 2826 1250 2882 celeberrima
1273 2833 1380 2890 est,
1409 2824 1732 2895 appellatam
1760 2823 1948 2879 Hiero-

2055 2821 2155 2893 τὴν
2185 2819 2281 2877 νῦν
2303 2819 2649 2893 καλουμένην
2696 2823 2974 2889 Ἰουδαίαν,
3010 2826 3070 2878 οὖ
3098 2825 3286 2896 πόρρω
3313 2828 3411 2897 μὲν
3451 2825 3640 2895 κειμέ-

368 2918 621 2990 solyma;
675 2918 910 2972 maxime
941 2927 1120 2971 autem
1162 2916 1480 2986 religionem
1528 2926 1582 2971 et
1626 2916 1830 2970 cultum
1873 2916 1948 2971 eis

2057 2929 2155 2984 νην
2181 2914 2282 2984 τῆς
2312 2913 2616 2983 Αἰγύπτου,
2662 2915 2944 2978 παντελῶς
2976 2915 3034 2968 δὲ
3073 2915 3278 2987 ἔρημον
3321 2916 3483 2971 οὖσαν
3517 2917 3640 2970 κατ’

369 3011 654 3066 colendum
693 3009 862 3073 dedit;
900 3010 1276 3064 veneratioues
1307 3018 1364 3062 et
1413 3007 1679 3063 sacrificia
1714 3007 1948 3074 edocuit,

2056 2978 2299 3071 ἐκείνους
2342 2978 2470 3070 τοὺς
2508 3009 2756 3076 χρόνους.
2818 3006 3032 3075 Ἠγεῖτο
3074 2978 3133 3060 δέ
3324 3007 3583 3071 ἀποικίας
3611 3007 3641 3059 ὁ

368 3111 424 3154 et
455 3105 522 3156 de
566 3103 645 3154 eis
675 3117 780 3170 qua
815 3100 882 3153 ad
927 3099 1312 3167 rempublicam
1346 3099 1617 3167 pertinent
1656 3099 1801 3170 leges
1835 3100 1956 3156 tulit

370 3203 427 3248 et
467 3193 706 3248 decreta.
761 3191 818 3246 lu
851 3192 1148 3247 duodecim
1210 3192 1383 3246 tribus
1428 3192 1680 3261 populum
1729 3176 1952 3259 divisit,

371 3283 693 3337 existimans
725 3282 869 3336 hunc
917 3296 1198 3336 numerum
1229 3297 1350 3336 esse
1384 3281 1860 3352 perfectissimum,
1903 3292 1956 3337 et

372 3389 516 3430 anno
568 3373 853 3429 duodecim
927 3373 1204 3428 mensibus
1260 3374 1528 3442 completo
1587 3376 1949 3445 persimilem.

369 3465 640 3534 Imagines
665 3466 890 3520 deorum
921 3465 1143 3520 omnino
1172 3480 1275 3520 non
1298 3465 1543 3536 sculpsit,
1568 3468 1712 3538 quod
1742 3478 1954 3536 putaret

371 3558 612 3614 humana
643 3558 810 3611 Deum
846 3572 952 3610 non
984 3557 1152 3612 videri
1183 3557 1380 3622 forma,
1407 3558 1498 3613 sed
1521 3560 1716 3612 ctelum
1751 3568 1950 3613 terram

373 3649 619 3704 ambiens
663 3663 785 3703 esse
818 3649 1009 3713 Deum,
1044 3659 1097 3704 et
1134 3652 1318 3703 omnia
1370 3665 1470 3705 suo
1507 3649 1735 3721 imperio
1761 3653 1956 3721 guber-

373 3756 527 3796 nare.
575 3740 856 3796 Sacriﬁcia
904 3740 1138 3809 vitaeque
1185 3740 1381 3810 38οὸ
1425 3742 1661 3797 rationes
1711 3729 1956 3798 diversas

371 3846 598 3902 prorsus
628 3835 696 3886 ab
721 3831 840 3885 aliis
867 3832 1118 3900 gentibus
1138 3832 1431 3885 ordinavit.
1455 3830 1589 3885 Nam
1620 3833 1746 3902 quia
1779 3843 1958 3888 exter—

372 3938 478 3978 nos
513 3924 646 3977 urbe
675 3937 772 3977 sua
807 3922 1218 3985 interdicerent,
1251 3923 1493 3978 odiosam
1529 3939 1659 3979 sane
1691 3926 1880 3990 vitam,
1903 3936 1957 3981 et

373 4017 498 4072 aliis
537 4016 768 4070 invisam
822 4016 1054 4069 induxit.
1095 4013 1266 4070 Jussit
1317 4016 1541 4084 insuper
1584 4026 1642 4071 ut
1671 4019 1762 4087 qui
1811 4021 1953 4088 genti

371 4113 694 4176 praeessent,
728 4104 866 4174 grati
914 4111 1097 4158 essent
1154 4102 1372 4172 populo,
1405 4113 1461 4157 et
1493 4104 1729 4159 maxime
1769 4118 1958 4161 aucto-

371 4199 537 4253 ritate
588 4197 946 4267 potentiores,
983 4210 1121 4265 quos
1165 4196 1478 4251 sacerdotes
1511 4213 1634 4252 esse
1674 4199 1862 4267 voluit,
1901 4210 1956 4254 et

371 4302 466 4344 eos
497 4286 751 4358 prmcepit
778 4287 922 4341 circa
946 4286 1137 4341 altaria
1172 4286 1376 4356 Deique
1413 4288 1618 4343 cultum
1649 4301 1705 4344 et
1738 4292 1952 4344 sacrifi-

372 4381 458 4434 cia
478 4380 753 4445 exerceri,
777 4388 833 4434 et
859 4393 927 4434 ex
969 4379 1052 4433 his
1081 4380 1316 4449 optimos
1343 4381 1549 4451 judicio
1580 4381 1954 4451 virosjudices

373 4472 676 4537 constituit,
727 4470 925 4542 quibus
961 4483 1018 4525 et
1046 4473 1217 4541 legum
1264 4473 1606 4544 institutique
1649 4477 1951 4530 custodiam

373 4565 647 4619 attribuit.
672 4563 787 4618 Non
813 4564 1082 4620 ordinavit
1101 4564 1299 4621 Judaais
1328 4581 1531 4636 regem,
1551 4569 1643 4621 sed
1666 4569 1953 4636 imperium

373 4655 554 4726 populi
583 4657 634 4710 ei
687 4657 897 4711 censuit
935 4659 1406 4724 connuittcndum,
1446 4659 1538 4727 qui
1586 4661 1868 4727 prudentia
1900 4670 1954 4714 et

371 4750 578 4806 virtute
634 4749 774 4803 inter
814 4749 1127 4804 sacerdotes
1165 4749 1285 4802 aliis
1314 4760 1579 4818 .prwstare
1620 4751 1897 4804 videretur
1934 4769 1948 4816 ;

373 4840 516 4897 hunc
563 4856 832 4894 sunuuum
887 4841 1194 4907 pontificem
1243 4841 1540 4910 appellant,
1605 4857 1764 4910 quem
1813 4843 1958 4896 velut

374 4936 622 4990 nuntium
657 4934 758 4988 sibi
807 4933 1109 4988 divinorum
1141 4943 1534 5002 praeceptorum
1575 4948 1696 4990 esse
1727 4934 1953 5001 ducunt,

376 5027 520 5082 hunc
553 5027 728 5080 edicta
764 5024 814 5076 in
851 5024 1028 5092 populi
1063 5025 1574 5094 congregationibus
1593 5034 1647 5079 et
1687 5023 1953 5092 conciliis,

374 5116 451 5172 ait
497 5115 762 5186 proferre,
805 5115 888 5169 cui
925 5114 1090 5169 Judaei
1142 5117 1214 5169 ita
1251 5118 1648 5188 obtemperant,
1691 5129 1748 5172 ut
1774 5123 1956 5174 statim

2059 3099 2601 3170 προσαγορευόμενος
2635 3099 2865 3168 Μωσῆς,
2920 3099 3182 3170 φρονήσει
3224 3115 3283 3151 τε
3329 3098 3376 3131 ⁸⁸
3415 3098 3508 3152 καὶ
3548 3099 3643 3151 άν-

2058 3191 2213 3262 δρείᾳ
2263 3191 2398 3244 πολὺ
2444 3191 2488 3222 ⁸³
2547 3190 2844 3262 διαφέρων.
2887 3186 3055 3255 Οὗτος
3099 3192 3156 3245 δὲ
3199 3191 3643 3260 καταλαϐόμενος

2057 3284 2156 3354 τὴν
2187 3284 2372 3355 χώραν
2405 3283 2570 3347 ἄλλας
2605 3301 2666 3336 τε
2689 3284 2875 3347 πόλεις
2898 3284 3080 3337 ἔκτισε
3105 3284 3199 3338 καὶ¹
3228 3284 3327 3355 τὴν
3355 3283 3451 3338 νῦν
3475 3279 3641 3336 οὖσαν

2059 3376 2499 3446 ἐπιφανεστάτην
2528 3377 2569 3442 ³,
2603 3375 3016 3448 ὀνομαζομένην
3061 3375 3425 3447 Ἱεροσόλυμα.
3469 3375 3642 3446 Ἱδρύ-

2060 3484 2189 3520 σατο
2215 3466 2272 3520 δὲ
2303 3467 2396 3520 καὶ
2417 3467 2481 3519 τὸ
2511 3466 2747 3536 μάλιστα
2779 3467 2908 3538 παρ’
2930 3469 3113 3530 αὐτοῖς
3134 3467 3442 3537 τιμώμενον
3475 3467 3640 3538 ἱερὸν,

2059 3559 2153 3610 καὶ¹
2181 3559 2280 3621 τὰς
2309 3557 2476 3627 τιμὰς
2513 3559 2609 3611 καὶ
2641 3558 2924 3626 ἁγιστείας
2968 3561 2988 3590 ³
3029 3558 3125 3612 τοῦ
3159 3557 3304 3612 θείου
3337 3557 3639 3626 κατέδειξε,

2058 3649 2153 3702 καὶ⁹
2185 3648 2256 3702 τὰ
2297 3648 2439 3702 κατὰ
2474 3648 2572 3720 τὴν
2611 3649 2890 3704 πολιτείαν
2926 3651 3284 3723 ἐνομοθέτησέ
3320 3669 3379 3705 τε
3415 3653 3509 3704 καὶ
3566 3652 3644 3704 δι-

2061 3740 2244 3808 έταξε.
2265 3741 2439 3796 Διεῖλε
2466 3741 2523 3795 δὲ
2553 3741 2616 3796 τδ
2647 3742 2855 3812 πλῆθος
2884 3744 2964 3806 εἰς
2993 3743 3201 3798 δώδεκα
3231 3743 3424 3812 φυλὰς,
3457 3743 3546 3796 διὰ
3582 3742 3645 3794 τὸ

2057 3839 2150 3890 τὸν
2205 3835 2438 3906 ἀριθμὸν
2489 3835 2682 3890 τοῦτον
2725 3835 3063 3888 τελειότατον
3111 3835 3132 3866 ³
3175 3833 3492 3905 νομίζεσθαι
3550 3836 3644 3886 καὶ

2062 3926 2354 3998 σύμφωνον
2379 3923 2520 3980 εἶναι
2541 3926 2622 3998 τῷ
2650 3926 2850 3998 πλήθει
2888 3925 2996 3978 τῶν
3039 3925 3223 3998 μηνῶν
3261 3925 3367 3979 τῶν
3396 3925 3486 3978 τὸν
3533 3926 3644 3978 ἐνι-

2059 4021 2221 4074 αυτὸν
2252 4019 2738 4091 συμπληρούντων.
2768 4018 3024 4090 ’Λγαλμα
3057 4019 3113 4072 δὲ
3161 4018 3296 4072 θεῶν
3331 4017 3390 4071 τὸ
3425 4018 3644 4071 σύνολον

2055 4115 2118 4167 ού
2149 4114 2545 4178 κατεσκευάσε,
2582 4113 2669 4167 διὰ
2705 4114 2767 4167 τὸ
2799 4115 2876 4184 μὴ
2905 4113 3147 4184 νομίζειν
3178 4112 3643 4183 ἀνθρωπόμορφον

2057 4202 2197 4275 εἶναι
2224 4207 2316 4260 τὸν
2342 4206 2498 4271 Θεὸν,
2527 4207 2665 4259 ἀλλὰ
2688 4206 2781 4260 τὸν
2807 4205 3137 4276 περιέχοντα
3164 4206 3262 4276 τὴν
3287 4205 3391 4275 γῆν
3411 4205 3641 4275 οὐρανὸν

2061 4300 2227 4371 μόνον
2253 4295 2393 4352 εἶναι
2417 4298 2540 4351 θεὸν
2565 4297 2662 4351 καὶ
2692 4297 2798 4350 τῶν
2825 4297 2964 4351 ὅλων
2995 4296 3202 4368 κύριον.
3235 4297 3279 4348 Τ
3284 4297 3346 4360 ἀς
3365 4296 3422 4348 δὲ
3450 4295 3642 4357 θυσίας

2059 4390 2468 4462 ἐξηλλαγμένας
2502 4393 2872 4458 συνεστήσατο
2898 4389 3006 4442 τῶν
3033 4388 3184 4459 παρὰ
3206 4391 3320 4450 τοῖς
3347 4387 3528 4450 ἄλλοις
3553 4387 3641 4438 ἑθ-

2058 4499 2195 4548 νεσι,
2225 4482 2320 4535 καὶ
2345 4482 2444 4545 τὰς
2473 4481 2615 4535 κατὰ
2657 4481 2745 4534 τὸν
2776 4481 2888 4552 βίον
2911 4481 3136 4549 ἀγωγάς
3164 4497 3178 4510 ο
3215 4479 3379 4552 [1155
3419 4477 3509 4548 Μ
3553 4479 3640 4530 διὰ

2057 4575 2168 4646 γάρ
2192 4573 2291 4644 τὴν
2330 4574 2465 4626 ἰδίαν
2497 4573 2819 4644 ξενηλασίαν
2853 4573 3218 4642 ἁπάνθρωπόν
3246 4589 3364 4624 τινα
3398 4571 3495 4624 καὶ
3548 4589 3642 4639 μι-

2060 4664 2276 4730 σόξενον
2313 4663 2425 4734 βίον
2455 4664 2810 4733 εἰσηγήσατο.
2863 4661 3149 4724 Ἐπιλέξας
3193 4659 3250 4712 δὲ
3294 4657 3402 4712 τῶν
3429 4657 3641 4728 ἀνδρῶν

2060 4760 2188 4819 τοὺς
2237 4757 2635 4827 χαριεστάτους
2687 4757 2782 4809 καὶ
2835 4755 3070 4822 μάλιστα
3111 4751 3507 4823 δυνησομένους
3546 4749 3640 4801 τοῦ

2062 4849 2379 4919 σύμπαντος
2413 4852 2434 4879 ⁸
2464 4847 2652 4910 ἔθνους
2689 4845 3072 4917 προΐστασθαι,
3104 4845 3326 4905 τούτους
3350 4844 3517 4913 ἱερεῖς
3538 4843 3642 4894 άπ-

2061 4938 2232 5004 έδειξε
2258 4955 2273 4969 θ
2328 4937 2427 5009 τὴν
2476 4937 2531 4990 δὲ
2576 4938 2860 5008 διατριϐὴν
2889 4938 2908 4968 ⁵
2944 4935 3135 5001 ἔταξεν
3175 4934 3356 4989 αὐτῶν
3395 4931 3644 5002 γίνεσθαι

2063 5031 2194 5098 περὶ
2218 5029 2280 5081 τὸ
2310 5028 2452 5098 ἱερὸν
2479 5029 2572 5080 καὶ
2600 5027 2698 5092 τὰς
2731 5027 2824 5081 τοῦ
2852 5027 2987 5080 Θεοῦ
3010 5027 3178 5096 τιμάς
3207 5045 3265 5080 τε
3306 5027 3401 5078 καὶ
3432 5025 3643 5088 θυσίας.

2065 5121 2205 5185 Τοὺς
2228 5121 2426 5183 αὐτοὺς
2459 5120 2514 5172 δὲ
2553 5121 2645 5174 καὶ
2665 5121 2924 5186 δικαστὰς
2954 5119 3205 5186 ἀπέδειξε
3237 5119 3345 5172 τῶν
3377 5116 3648 5188 μεγίστων

1692 5253 1922 5326 VARI/1g
1965 5257 2370 5316 LECTIONES.

437 5315 499 5380 λ
535 5346 596 5400 ἐν
627 5345 756 5401 add.
787 5345 855 5399 A.
951 5345 997 5377 θ’
1026 5361 1085 5396 τε
1119 5345 1244 5402 add.
1275 5348 1340 5399 A.

373 5417 532 5472 omisi
567 5432 687 5470 cum
717 5417 786 5470 A.
861 5416 906 5448 9”
931 5415 1067 5477 ,πολὺ
1098 5415 1145 5467 Α
1171 5431 1189 5468 :
1221 5420 1471 5470 πλεῖστον
1490 5435 1550 5481 ς.

375 5486 400 5518 ⁸
427 5502 738 5553 σύμπαντος
764 5485 804 5538 Β
831 5504 845 5541 ;
875 5487 1256 5556 συμπαρόντος
1282 5506 1342 5553 ς.

1459 5347 1762 5422 ’δεύγενεῖς
1791 5350 1860 5404 Α.
1936 5353 1979 5384 ⁹⁷
2015 5352 2238 5422 ἔχοντας
2270 5371 2332 5418 ς.

2427 5352 2474 5386 ⁸⁸
2498 5369 2560 5406 τε
2585 5368 2692 5422 mg.
2723 5351 2843 5408 libri
2866 5353 2922 5407 δὲ
2946 5354 3086 5423 quod
3116 5349 3420 5423 addebatur
3451 5347 3644 5418 πολλῇ.

1633 5419 1840 5496 ’ῃοῦσαν
1887 5419 2327 5496 ἐπιφανεστάτην
2360 5438 2471 5480 om.
2503 5423 2563 5478 Β.
2641 5419 2666 5455 ί
2690 5419 3012 5492 άγιαστείας
3045 5441 3105 5490 ς.
3182 5423 3203 5456 ³
3224 5419 3553 5477 τελεώτατον
3582 5434 3643 5485 ς.

1418 5489 1438 5519 ⁵
1465 5489 1750 5562 διατρ,ϐὴν
1785 5493 1832 5546 Λ
1864 5507 1877 5546 :
1913 5494 2107 5562 τριϐὴν
2136 5511 2198 5556 ς.

1883 5599 2123 5657 .NOTAL.

442 5686 562 5762 (58)
596 5687 730 5748 Vide
779 5691 962 5748 Strab.
1003 5699 1059 5750 et
1097 5689 1293 5748 Justiti.
