3990 6232
353 299 493 367 1393

1392 311 1909 374 BIBLIOTHECA.
1942 339 2014 350 --
2050 313 2214 376 COD.
2255 313 2537 382 CCXLIV.

3453 309 3591 374 1396

338 411 603 482 κρίσεων,
636 411 730 466 καὶ
764 413 862 485 τὴν
894 414 1001 469 τῶν
1030 415 1210 487 νόμων
1235 415 1331 471 καὶ
1365 417 1472 471 τῶν
1501 419 1638 473 ἐθῶν
1667 419 1913 492 φυλακὴν

2022 421 2268 491 pontiﬁce
2299 423 2552 492 loquente
2586 421 2839 478 cadentes
2873 421 2930 476 in
2972 429 3173 476 terram
3207 420 3453 476 adorent.
3482 421 3590 474 Ad-

335 505 552 568 τούτοις
572 505 838 577 ἐπέτρεψε
861 525 876 541 ο
901 508 982 560 διὸ
1008 509 1103 562 καὶ
1133 509 1360 578 βασιλέα
1387 510 1486 581 μὲν
1511 512 1776 581 μηδέποτε
1802 513 1913 566 τῶν

352 597 649 663 Ἰουδαίων,
680 599 776 668 τὴν
805 599 861 652 δὲ
903 600 997 652 τοῦ
1027 601 1263 670 πλήθους
1311 603 1644 672 προστασίαν
1679 602 1914 656 δίδοσθαι

335 689 429 742 διὰ
478 690 677 754 παντὸς
708 689 786 760 τῷ
837 691 1081 744 δοκοῦντι
1117 693 1224 744 τῶν
1273 695 1468 764 ἱερέων
1521 696 1778 764 φρονήσει
1821 695 1916 748 καὶ

335 780 509 848 ἀρετῇ
545 779 818 849 προέχειν.
867 780 1066 834 Τοῦτον
1106 781 1162 834 δέ
1211 782 1230 812 ⁸
1273 783 1769 854 προσαγορεύουσιν
1811 785 1913 854 ἀρ-

337 870 554 939 χιερέα,
599 871 692 924 καὶ
726 871 1038 950 νομίζουσιν
1069 873 1250 935 αὐτοῖς
1278 873 1506 941 ἄγγελον
1535 874 1783 942 γίνεσθαι
1809 875 1915 930 τῶν

337 960 435 1012 τοῦ
473 960 607 1013 Θεοῦ
643 963 1098 1031 προσταγμάτων.
1138 962 1341 1014 Τοῦτον
1381 963 1440 1016 δὲ
1481 965 1622 1018 κατὰ
1658 967 1758 1028 τὰς
1795 966 1918 1018 Ἐκ-

339 1053 576 1122 κλησίας
607 1056 701 1110 καὶ
733 1055 830 1119 τὰς
874 1055 1040 1118 ἄλλας
1082 1055 1332 1120 συνόδους
1365 1058 1529 1127 φησὶν
1565 1058 1817 1128 ἐκφέρειν
1847 1058 1917 1112 τὰ

339 1147 869 1216 παραγγελλόμεναο
914 1149 1010 1200 καὶ
1053 1147 1190 1216 πρὸς
1226 1148 1386 1201 τοῦτο
1429 1147 1490 1200 τὸ
1532 1148 1694 1220 μέρος
1743 1146 1918 1210 οὕτως

339 1237 625 1300 εύπιθεῖςτ
654 1237 901 1304 γίνεσθαι
927 1239 1056 1302 τοὺς
1094 1239 1381 1302 Ἰουδαίους
1408 1238 1549 1292 ὥστε
1577 1241 1919 1310 παραχρῆμα

342 1327 646 1390 πίπτοντας
679 1327 773 1379 ἐπὶ
801 1327 902 1398 τὴν
939 1331 1042 1397 γῆν
1075 1331 1404 1397 προσκυνεῖν
1442 1329 1533 1380 τὸν
1577 1329 1786 1392 τούτοις
1823 1330 1918 1399 ἑρ-

345 1420 652 1490 μηνεύοντα
674 1421 952 1491 ἀρχιερέα.
983 1421 1440 1490 Προσγέγραπται
1468 1417 1586 1490 [621
1620 1418 1713 1490 Η.]
1743 1419 1798 1472 δὲ
1825 1420 1920 1473 καὶ

343 1513 459 1574 τοῖς
491 1512 673 1580 νόμοις
703 1513 795 1565 ἐπὶ
818 1513 915 1582 τῆς
944 1512 966 1543 ⁸
995 1511 1254 1582 τελευτῆς
1285 1514 1367 1565 ὅτι
1386 1510 1618 1578 Μωσῆς
1650 1513 1921 1577 ἀκούσας

341 1606 451 1659 τοῦ
482 1605 630 1660 Θεοῦ
671 1606 809 1660 τάδε
837 1610 997 1677 λέγει
1033 1607 1159 1672 τοῖς
1205 1606 1530 1674 Ἰουδαίοις.
1597 1607 1921 1677 Ἐποιήσατο

341 1695 388 1748 δ’
416 1700 445 1750 ὁ
478 1699 774 1768 νομοθέτης
801 1699 910 1752 τῶν
937 1716 995 1751 τε
1019 1699 1333 1770 πολεμικῶν
1355 1698 1535 1770 ἔργων
1565 1699 1765 1770 πολλὴν
1790 1701 1923 1771 πρό-

341 1804 514 1852 νοιαν,
553 1791 646 1842 καὶ
689 1791 815 1853 τοὺς
849 1791 1004 1854 νέους
1029 1790 1340 1861 ἠνάγκαζεν
1375 1792 1562 1846 ἀσκεῖν
1584 1790 1838 1862 ἀνδρείαν
1859 1807 1920 1842 τε

343 1879 440 1931 καὶ
478 1882 772 1950 καρτερίαν
803 1883 824 1913 ⁹
854 1885 949 1934 καὶ
977 1882 1038 1936 τὸ
1061 1881 1278 1935 σύνολον
1305 1883 1585 1955 ὑπομονὴν
1613 1884 1794 1953 πάσης
1822 1900 1920 1936 κα-

342 1970 662 2034 κοπαθείας.
714 1973 982 2025 Ἐποιεῖτο
1025 1971 1083 2024 δὲ
1118 1971 1213 2026 καὶ
1241 1974 1530 2042 στρατείας
1568 1975 1648 2035 είς
1679 1975 1748 2026 τὰ
1780 1973 1920 2043 πλη-

343 2063 583 2132 σιύχωρα
625 2063 733 2115 τῶν
784 2063 986 2128 ἐθνῶν,
1042 2067 1136 2118 καὶ
1191 2065 1391 2135 πολλὴν
1429 2065 1919 2134 κατακτησάμενος

341 2149 527 2221 χώραν
548 2155 1047 2225 κατεκληρούχησε,
1070 2160 1183 2221 τοῖς
1208 2158 1308 2227 μὲν
1333 2157 1568 2221 ἰδιώταις
1588 2156 1736 2219 ἴσους
1761 2157 1919 2225 ποιή-

343 2261 443 2306 σας
486 2245 744 2315 κλήρους,
776 2251 888 2310 τοῖς
921 2248 977 2301 δὲ
1017 2249 1223 2320 ἱερεῦσι
1262 2249 1534 2319 μείζονας,
1576 2249 1664 2300 ἵνα
1704 2246 1918 2317 λαμϐά-

1947 1755 1996 1813 Β

2014 511 2181 565 ditum
2212 521 2297 566 est
2318 512 2369 564 in
2393 511 2496 565 ﬁne
2527 510 2661 582 legis
2689 528 2704 566 :
2740 509 2867 566 Ηιεο
2901 508 3073 565 Moses
3094 509 3327 581 loquitur
3357 507 3588 571 Judwia,

2014 603 2253 656 obediens
2298 602 2428 657 Deo.
2467 601 2714 673 Magnam
2745 603 2910 657 etiam
2956 601 3266 656 bellicarum
3296 599 3590 654 institutio-

2016 709 2140 746 uuln
2171 708 2355 747 curam
2395 693 2662 758 adhibuit,
2702 693 3032 761 iuvenesque
3066 692 3132 745 ad
3163 691 3502 746 tolerantiam
3535 697 3590 743 et

2015 781 2403 849 fortitudinem,
2443 791 2498 838 et
2547 785 2612 839 ad
2664 800 2881 838 onlnem
2935 784 3198 838 malorum
3273 781 3586 852 patientiam

2017 873 2257 928 exerceri
2289 874 2479 928 voluit.
2513 873 2675 928 Multa
2700 890 2916 944 quoque
2941 885 3130 928 contra
3158 875 3338 928 varios
3365 873 3587 942 populos

2017 963 2154 1017 bella
2186 962 2378 1031 gessit,
2421 979 2779 1038 magnamque
2813 965 3065 1034 subigens
3103 972 3250 1018 sorte
3297 978 3415 1017 eam
3448 963 3587 1016 divi.

2018 1055 2090 1108 sit
2116 1071 2130 1121 ;
2162 1054 2394 1122 aequales
2417 1055 2610 1124 p0pulo
2635 1055 2930 1124 portiones,
2957 1056 3331 1109 sacerdotibus
3355 1054 3590 1121 majores

2019 1147 2351 1216 assignavit:
2385 1155 2442 1200 ut
2474 1147 2688 1200 latiores
2726 1146 2984 1200 terminos
3018 1147 3378 1216 possidentes,
3414 1145 3591 1198 conti-

2020 1246 2211 1293 nenter
2235 1238 2353 1292 sine
2393 1237 2500 1291 ulla
2537 1237 2782 1292 molestia
2816 1237 2910 1291 Dei
2945 1237 3230 1290 sacriﬁciis
3257 1249 3590 1302 occuparen-

2021 1339 2128 1385 tur.
2178 1327 2290 1385 Nec
2337 1330 2498 1384 etiam
2533 1329 2740 1384 licitum
2776 1339 2892 1384 erat
2939 1327 3267 1398 pauperibus
3316 1326 3593 1394 portiones

2022 1423 2268 1492 proprias
2299 1422 2604 1487 divendere,
2632 1437 2696 1476 ne
2721 1421 2886 1490 aliqui
2914 1435 3009 1489 per
3035 1419 3317 1474 avaritiam
3340 1431 3594 1471 coemen-

2025 1525 2104 1569 tes
2139 1515 2324 1583 inopes
2371 1514 2689 1577 excludant,
2731 1523 2786 1566 et
2827 1512 2878 1566 in
2911 1526 3078 1566 causa
3124 1511 3318 1564 sintut
3364 1507 3594 1576 populus

2023 1605 2317 1657 minuatur.
2354 1600 2413 1654 In
2455 1601 2673 1667 regione
2712 1615 2908 1668 pueros
2953 1599 3020 1652 ali
3057 1597 3246 1662 voluit,
3279 1598 3368 1665 qni
3401 1597 3594 1665 exiguo

2024 1701 2239 1760 sumptu
2271 1690 2570 1751 alebantur,
2605 1699 2659 1742 et
2705 1689 2824 1742 ideo
2853 1690 3071 1756 copiosa
3111 1697 3165 1742 et
3190 1686 3417 1741 fecunda
3448 1699 3594 1741 scut-

2025 1798 2121 1851 per
2156 1780 2462 1835 Judzeorum
2516 1779 2662 1833 natio
2710 1779 2936 1832 exstitit.
3003 1777 3206 1830 Diversi
3257 1789 3474 1844 quoque
3527 1773 3597 1828 ab

2025 1875 2144 1929 aliis
2183 1874 2236 1927 in
2276 1871 2480 1940 nuptiis
2523 1879 2578 1924 et
2630 1867 2922 1937 sepulturis
2961 1867 3199 1921 fuerunt.
3241 1866 3347 1920 Sed
3377 1870 3599 1935 propter

2026 1966 2367 2022 accessiones
2391 1975 2509 2032 quae
2530 1969 2716 2030 postea
2744 1973 2774 2013 e
2797 1959 2978 2013 multis
2998 1958 3241 2012 victoriis
3262 1957 3598 2019 acciderunt,

2027 2054 2346 2112 mouarchia
2376 2059 2569 2120 quarta
2604 2049 2818 2105 scilicet
2849 2047 3163 2113 Persarum,
3187 2057 3241 2102 et
3268 2046 3462 2101 deinde
3484 2046 3602 2099 Ma-

2027 2150 2316 2212 cedonum,
2352 2143 2520 2198 multa
2561 2141 2754 2212 patriis
2781 2138 3088 2194 Iudaeorum
3121 2137 3383 2194 institutis
3418 2138 3603 2192 deces-

2027 2253 2234 2300 serunt.

344 2355 522 2399 νοντες
576 2337 1004 2408 ἀξιολογωτέρας
1038 2317 1332 2410 προσόδους
1398 2339 1800 2412 ἀπερίσπαστοι
1872 2337 2108 2408 συνεχῶς
2155 2330 2557 2405 προσεδρεύωσι
2603 2328 2649 2360 ⁸⁸
2695 2326 2818 2389 ταῖς
2883 2323 2978 2378 τοῦ
3028 2322 3164 2376 Θεοῦ
3241 2317 3446 2392 τιμάῖς.
3491 2319 3607 2372 Ούκ

343 2427 470 2497 ἐξῆν
500 2428 556 2480 δὲ
587 2430 627 2460 ¹¹
654 2431 761 2492 τοῖς
787 2428 1024 2494 ίδιώταις
1053 2431 1180 2494 τοὺς
1221 2430 1381 2495 ἰδίους
1425 2411 1658 2502 κλήρους
1685 2429 1908 2496 πωλεῖν,
1946 2430 2093 2490 ὅπως
2128 2426 2202 2497 μή
2227 2439 2372 2486 τινες
2401 2421 2493 2474 διὰ
2541 2415 2853 2482 πλεονεξίαν
2876 2413 3235 2484 ἀγοράζοντες
3289 2411 3416 2474 τοὺς
3473 2411 3606 2481 κλή-

346 2539 472 2593 ρους
521 2521 809 2574 sacomam:
857 2524 984 2585 τοὺς
1017 2524 1406 2594 ἀπορωτέρους
1460 2523 1557 2577 καὶ
1631 2521 2115 2586 κατασκευάζωσιν
2156 2514 2517 2585 ὀλιγανδρίαν.
2567 2510 2959 2580 Τεκνοτροφεῖν
3015 2524 3076 2561 τε
3139 2505 3415 2576 ἠνάγκαζε
3480 2504 3606 2568 τοὺς

243 2697 249 2702 ι
342 2618 438 2672 ἐπὶ
490 2619 588 2687 τῆς
649 2615 870 2688 χώρας·
933 2619 1028 2671 καὶ
1092 2619 1160 2672 δι’
1230 2619 1414 2690 ὀλίγης
1485 2619 1733 2689 δαπάνης
1803 2616 2222 2687 ἐκτρεφομένων
2269 2613 2381 2666 τῶν
2445 2608 2657 2681 βρεφῶν
2716 2606 2910 2660 ἀεὶτὸ
2961 2603 3114 2673 γένος
3184 2602 3296 2655 τῶν
3336 2600 3608 2656 Ἰουδαίων

342 2710 558 2782 ὑπῆρχε
603 2710 1046 2779 πολυάνθρωπον.
1095 2710 1206 2764 Καὶ
1243 2711 1310 2764 τά
1353 2709 1484 2780 περὶ
1522 2711 1649 2773 τοὺς
1702 2709 1913 2778 γάμους
1950 2707 2009 2760 δὲ
2037 2707 2131 2760 καὶ
2166 2705 2263 2768 τὰς
2296 2701 2406 2757 τῶν
2452 2699 2829 2754 τελευτώντων
2859 2696 3037 2765 ταφὰς
3101 2693 3237 2747 πολὺ
3299 2692 3611 2770 τὸιπαρηλ-

341 2805 612 2874 λαγμένον
651 2804 796 2874 ἐχειν
837 2807 880 2835 ¹¹
912 2804 1134 2874 ἐποίησε
1171 2804 1380 2874 νόμιμα
1417 2805 1553 2874 πρὸς
1584 2805 1653 2857 τὰ
1706 2803 1816 2855 τῶν
1847 2801 2021 2856 ἄλλων
2064 2799 2385 2869 ἀνθρώπων.
2451 2794 2608 2848 Κατά
2672 2792 2729 2845 δὲ
2769 2792 2868 2856 τὰς
2932 2790 3156 2862 ὕστερον
3231 2786 3529 2856 γενομένας
3565 2789 3610 2820 ¹⁸

344 2896 701 2966 ἐπικρατείας
747 2898 810 2949 ἐκ
844 2895 945 2964 τῆς
986 2895 1095 2948 τῶν
1125 2896 1437 2964 ἀλλοφύλων
1481 2895 1788 2966 ἐπιμιξίας,
1832 2895 1925 2948 ἐπὶ
1963 2893 2231 2962 τετάρτης
2261 2890 2304 2922 ¹⁴
2331 2889 2442 2942 τῶν
2465 2885 2693 2958 Περσῶν
2729 2884 3030 2955 ἡγεμονίας
3064 2881 3163 2937 καὶ⁵
3227 2881 3336 2936 τῶν
3402 2880 3610 2952 ταύτην

345 2989 766 3042 καταλυσάντων
796 2989 1140 3056 Μακεδόνων,
1173 2987 1346 3042 πολλὰ
1390 2989 1500 3042 τῶν
1537 2990 1783 3060 πατρίων
1809 2991 1922 3050 τοῖς
1971 2984 2247 3048 Ἰουδαίοις
2271 2983 2519 3053 νομίμων
2545 2978 2793 3051 ἐκινήθη.

417 3079 572 3134 Οὕτω
629 3080 727 3150 μὲν
782 3079 1062 3134 κάνταῦθά
1114 3098 1248 3152 φησι
1301 3082 1429 3152 περὶ
1460 3081 1567 3134 τῶν
1594 3081 1746 3152 παρά
1787 3078 1920 3133 Ίου-

2101 3075 2261 3146 381
2299 3092 2332 3128 a
2379 3074 2454 3128 lta
2490 3073 2579 3127 hic
2602 3070 2670 3126 de
2703 3067 2944 3123 moribus
2983 3075 3038 3121 et
3070 3065 3281 3136 legibus
3315 3065 3608 3133 majorum,

345 3173 518 3237 δαίοις
566 3175 766 3227 ἐθῶν¹³
791 3192 850 3227 τε
883 3176 978 3228 καὶ
1006 3176 1275 3245 νομίμων,
1305 3177 1399 3229 καὶ
1422 3174 1600 3229 αὐτῶν
1622 3175 1664 3207 ¹⁶
1698 3176 1920 3228 ἐκείνων

2028 3179 2084 3224 et
2127 3169 2368 3222 discessu
2415 3178 2604 3219 eorum
2640 3177 2708 3216 ex
2738 3159 2994 3231 Egypto,
3037 3160 3212 3226 deque
3246 3171 3405 3212 sacro
3433 3154 3600 3220 Moss,

348 3264 448 3333 τῆς
471 3264 530 3328 ἐξ
555 3264 832 3331 Αἰγύπτου
887 3264 1231 3335 ἀπαλλαγῆς,
1282 3266 1377 3316 καὶ
1431 3265 1526 3318 τοῦ
1580 3263 1730 3317 θείου
1764 3263 1920 3318 Μωῦ·

2035 3263 2088 3314 in
2126 3259 2307 3314 multis
2357 3257 2648 3319 mentitur,
2687 3253 2916 3323 plurima
2964 3251 3128 3306 etiam
3168 3265 3271 3304 non
3311 3248 3609 3314 attingens.

352 3355 512 3419 σέως,
541 3356 879 3424 ψευδολογῶν
907 3357 975 3408 τά
1007 3356 1259 3419 πλεῖστα,
1289 3357 1385 3410 καὶ
1412 3356 1758 3427 διερχόμενος
1794 3354 1920 3425 πρὸς

2035 3352 2092 3406 In
2144 3347 2586 3406 accusationibus
2642 3359 2778 3414 quas
2819 3353 3009 3399 contra
3051 3342 3332 3396 veritatem
3385 3337 3613 3409 profert,

350 3448 478 3508 τοὺς
525 3446 780 3517 ἐλέγχους
844 3446 1007 3501 πάλιν
1030 3441 1104 3500 ὧν
1127 3446 1502 3516 κατεψεύσατο
1529 3447 1626 3517 τῆς
1653 3444 1920 3518 ἀληθείας1

2037 3444 2289 3507 deﬂectit,
2323 3441 2390 3495 ad
2421 3441 2589 3494 alium
2633 3439 2902 3493 dictorum
2935 3435 3304 3490 narrationem
3348 3432 3616 3486 referens.

353 3537 702 3609 ἀναχώρησιν
751 3537 930 3608 ἐαυτῷ
976 3524 1461 3610 μεθοδευσάμενος,
1493 3537 1574 3601 είς
1622 3537 1811 3606 ἕτερον
1837 3535 1920 3588 καΊ

2040 3530 2235 3587 Subdit
2264 3529 2408 3584 enim
2438 3530 2621 3582 statim
2653 3545 2668 3582 :
2709 3525 2838 3581 Hcce
2863 3525 2926 3579 de
2954 3523 3162 3591 Iudwis
3194 3521 3474 3578 Hecatam:
3503 3518 3614 3576 Μί-

357 3629 456 3684 νῦν
475 3629 735 3700 ἀναφέρει
764 3629 874 3682 τῶν
913 3629 1220 3701 εἰρημένων
1266 3631 1368 3702 τὴν
1420 3628 1779 3701 παριστορίαν
1807 3642 1820 3654 ·
1849 3629 1920 3680 ἐπ

2042 3624 2198 3679 lesius
2225 3621 2446 3677 tradidit
2470 3617 2600 3692 (59).

359 3719 626 3789 ἀγει,γὰρ
650 3721 826 3788 ’Περὶ
867 3719 987 3790 μὲν
1037 3719 1157 3774 τῶν
1203 3721 1510 3777 Ἰουδαίων
1567 3718 1875 3784 Ἑκαταῖος
1903 3719 1939 3772 δ

362 3811 662 3882 Μιλήσιος
698 3813 886 3868 ταῦτα
910 3815 1250 3884 ἱστόρηκεν.

941 3905 1043 3958 Ἐκ
1072 3882 1180 3959 τοῦ
1208 3904 1307 3975 μη¹
1322 3906 1383 3958 ¹⁷.

2391 3884 2435 3938 E
2467 3882 2601 3939 libro
2638 3882 3041 3953 quadragesimo
3081 3889 3282 3932 octavo.

435 3993 558 4048 Ὅτι
596 3993 861 4063 ὃλέγεται
897 3967 1287 4064 συνενεχθῆναι.
1311 3994 1481 4048 αῖτιον
1512 3993 1742 4047 θανάτου
1791 4009 1920 4063 παρ(

2118 3980 2249 4048 Quae
2267 3975 2494 4032 Joviano
2518 3974 2831 4045 imperatori
2855 3971 2924 4027 ab
2946 3970 3217 4041 aliquibus
3245 3967 3436 4023 mortis
3457 3981 3619 4022 causa

361 4101 522 4137 τινων
563 4061 803 4155 Ἰοϐιανῷ
851 4084 929 4155 τῷ
983 4061 1227 4154 βασιλεῖ,
1274 4084 1336 4136 τὸ
1387 4081 1859 4153 κατακοιμηθῆναι
1878 4061 1920 4132 -ὲε

2049 4073 2218 4128 fuisse
2256 4070 2515 4136 traditur,
2553 4076 2612 4122 ut
2667 4066 2872 4122 scilicet
2927 4063 3203 4119 dormiens
3240 4062 3292 4116 in
3345 4061 3505 4115 domo
3535 4075 3621 4113 re-

361 4173 498 4240 οῐκῳ
536 4177 731 4230 νεωστὶ¹
755 4153 1152 4246 κεκονιαμένῳ,
1219 4176 1356 4246 πυρὶ
1388 4173 1444 4227 δὲ
1476 4175 1566 4226 διὰ
1614 4174 1714 4244 τὴν
1784 4171 1920 4242 esse

2049 4183 2176 4222 cens
2216 4165 2476 4230 inalbata,
2522 4173 2577 4218 et
2619 4163 2740 4231 igne
2787 4166 3004 4230 propter
3047 4158 3326 4210 humorem
3362 4153 3619 4214 excitato,

366 4265 888 4338 ὑποθερμαινομένῳ
928 4243 1020 4322 καὶ
1069 4243 1276 4338 ἀτμοὺς
1302 4243 1549 4335 -ἀφιέντι
1588 4243 1716 4330 τούς
1751 4267 1815 4318 ἐκ
1847 4265 1918 4335 τῆ

2053 4259 2343 4329 vaporibus
2386 4271 2418 4311 e
2454 4253 2667 4310 madida
2701 4249 2848 4306 calce
2894 4246 3289 4319 prodeuntibus
3324 4243 3625 4298 exstinctus

367 4359 752 4430 νενοτισμένης
780 4361 985 4426 κονίας,
1019 4359 1179 4412 τοῦτο
1242 4360 1436 4412 ἑκόντα
1467 4357 1718 4412 ὑπελθεῖν
1746 4359 1920 4429 ἱστορε

2053 4350 2124 4406 sit
2148 4349 2283 4422 (60),
2325 4349 2469 4402 hanc
2508 4355 2701 4414 sponte
2745 4342 2996 4399 Catulum
3038 4341 3272 4396 subiisse
3312 4337 3472 4406 longo
3501 4342 3628 4388 ante

367 4449 629 4521 Διόδωρος
677 4451 887 4507 Κάτλον
911 4452 953 4483 ¹⁸
984 4450 1125 4503 κατά
1175 4449 1300 4511 τοὺς
1355 4446 1534 4518 πολλῷ
1561 4447 1918 4517 παλαιοτέρου

2055 4451 2297 4511 tempore
2333 4447 2520 4492 narrat
2557 4437 2858 4499 Diodorus;
2904 4448 3028 4487 nam
3069 4434 3120 4485 in
3160 4431 3298 4486 libro
3325 4427 3628 4498 quadrage-

369 4514 612 4612 χρόνους.
655 4543 795 4609 Φησὶ
837 4543 946 4612 γὰρ
976 4543 1033 4594 ἐν
1061 4547 1148 4612 μη¹
1192 4541 1339 4610 λόγῳ
1362 4514 1592 4609 πρὸς-τῇ
1623 4539 1765 4607 ἀρχῇ
1788 4514 1871 4589 ὅτι
1895 4553 1920 4588 0

2022 4554 2024 4564 ν
2053 4534 2190 4588 simo
2226 4538 2439 4592 octavo,
2473 4528 2651 4592 initio,
2691 4527 2802 4580 haec
2835 4525 3017 4578 habet.
3052 4521 3280 4576 Cinnani
3309 4527 3365 4575 et
3399 4514 3626 4571 Mariani

372 4609 500 4700 περὶ
532 4633 623 4686 τὸν
668 4609 868 4688 Κίνναν
915 4609 1018 4688 καὶ
1063 4609 1269 4703 Μάριον
1313 4609 1781 4700 συνεδρεύσαντες
1813 4643 1920 4695 μετέ

2062 4622 2342 4676 consilium
2372 4620 2609 4674 inierunt
2635 4633 2758 4672 cum
2793 4612 3258 4686 praestantissimis
3299 4609 3545 4674 ducibus,
3571 4617 3630 4661 ut

370 4724 479 4777 τῶν
530 4727 976 4794 ἐπιφανεστάτων
1039 4725 1320 4800 ἡγεμόνων
1392 4719 1740 4775 ἐϐουλεύοντο
1801 4718 1918 4769 ὃπω

2061 4716 2212 4769 ﬁrma
2245 4713 2297 4766 in
2325 4725 2456 4780 pace
2481 4711 2743 4773 viverent,
2774 4716 2830 4760 et
2866 4707 3081 4761 tandem
3114 4703 3187 4757 ita
3211 4702 3616 4762 concluserunt,

376 4816 607 4887 βεϐαίως
636 4791 646 4794 -
677 4791 1205 4889 καταστήσωσι-*την
1264 4791 1488 4886 εἰρήνην
1508 4830 1522 4845 ο
1579 4812 1734 4874 τέλος
1772 4810 1916 4876 ἔδοξε

2060 4814 2118 4858 ιιι
2153 4803 2491 4858 inimicorum
2529 4801 2859 4855 clarissimos
2903 4810 3178 4868 quosque,
3205 4804 3262 4849 et
3300 4795 3366 4848 de
3399 4791 3629 4860 imperio

376 4908 560 4974 αὐτοῖς
602 4911 731 4972 τοὺς
775 4910 1240 4979 ἐπιφανεστάτους
1296 4907 1405 4961 τῶν
1431 4904 1645 4976 ἐχθρῶν
1668 4902 1766 4956 καὶ
1789 4901 1948 4955 δυνα-

2057 4892 2384 4948 contendere
2428 4889 2668 4944 valentes
2702 4886 3101 4951 interﬁcerent,
3151 4892 3210 4938 ut
3245 4882 3452 4940 scilicet
3495 4894 3629 4949 pura

1653 5037 1886 5096 VABIA'I
1930 5033 2338 5092 LECTIONES.

464 5181 550 5239 ⁸δέ
583 5187 706 5243 add.
737 5190 800 5242 A.
878 5184 1183 5248 ἐὐπειθεῖς
1222 5202 1282 5249 ς’.

383 5255 430 5328 ἐξ)
457 5256 858 5328 προσεδρεύωσι
884 5256 926 5310 Β
951 5274 962 5309 :
991 5254 1429 5328 npoosﬁpstiamat
1460 5271 1522 5328 ς.

384 5325 434 5358 ³⁸
454 5325 743 5400 τετάρτης]
777 5329 955 5381 malim
975 5325 1092 5380 τετ
1133 5343 1179 5388 ς.

384 5395 516 5467 τῶνι
541 5415 630 5455 an.
661 5398 878 5467 αὺτῆςῖ
931 5398 972 5429 ¹⁷
1006 5328 1126 5469 pur"?
1148 5396 1179 5449 λ

1605 5251 1644 5282 ¹¹
1667 5249 1725 5303 δὲ
1758 5265 1868 5303 om.

1384 5182 1406 5213 ⁸
1436 5182 1534 5252 τῆς
1563 5181 1774 5252 om.__A.
1849 5181 1871 5212 ⁹
1899 5175 2195 5252 καρτερίαν
2214 5191 2280 5252 τε
2294 5171 2657 5252 καὶάνδρείαν
2697 5171 2887 5252 ἀσκεῖν
2910 5189 2971 5236 ς’.
3027 5172 3231 5252 ’πάσης
3259 5169 3538 5252 ὑπομονὴν
3565 5186 3630 5252 Ξ.

1261 5254 1429 5307 ύσωσι
1463 5249 1522 5317 ςί.
1605 5251 1644 5282 ¹¹
1667 5249 1725 5303 δὲ
1758 5265 1868 5303 om.
1898 5264 1983 5318 pr.
2015 5249 2077 5299 A.
2211 5249 2254 5278 "
2293 5249 2435 5313 ἔχειν
2465 5258 2574 5296 om.
2607 5249 2665 5296 Β.
2777 5249 2820 5274 ’³
2842 5249 3166 5312 γενομένας]
3201 5249 3371 5302 εγνωσ

1259 5325 1484 5395 {incipit
1507 5320 1782 5395 Ἰουδαίοις
1807 5319 1947 5395 ἐθῶν
2041 5327 2096 5370 et
2121 5329 2263 5369 corr.
2295 5314 2362 5379 A,
2391 5315 2605 5395 qui'pr.‘
2623 5311 2776 5382 παρά
2805 5312 2990 5395 ἐθῶνΙι
3022 5310 3277 5395 παρεθῶν
3309 5325 3371 5373 ς’.

2211 5246 2254 5278 ¹²
2293 5244 2435 5313 ἔχειν
2465 5238 2574 5296 oin.
2607 5241 2665 5296 Β.
2750 5243 2820 5313 -¹³
2842 5241 3166 5313 γενομένας]
3201 5239 3546 5313 ἐῌγνωσμένας
3575 5238 3639 5313 β.

3450 5308 3497 5340 ια
3536 5307 3641 5362 αὒ-

384 5395 516 5467 τῶνι
541 5381 630 5455 an.
661 5381 878 5467 άύίτῆςῖ
931 5398 972 5429 ¹⁷
1006 5381 1126 5468 μη’]
1141 5381 1228 5467 λη’
1257 5381 1654 5463 Ψεεεέιίιιεὶιιε
1691 5381 1812 5459 post
1841 5389 2319 5442 Rhodomannum.
2399 5384 2443 5418 ⁸⁸
2468 5382 2679 5438 Κάτλον
2707 5381 2829 5451 post
2855 5381 3078 5454 χρόνους
3106 5381 3254 5450 ponit
3284 5396 3346 5444 ς.

1906 5497 2136 5556 NOTAE.

2077 5617 2376 5680 accelerat,
2418 5611 2686 5668 cruditate
2723 5609 2996 5680 stomachi
3032 5607 3258 5663 tectorio
3295 5604 3420 5663 novi
3461 5599 3647 5675 (ψει-Η

487 5678 580 5768 ὂῖἡ
605 5678 1341 5770 i‘d'Egsﬁt’dsaiiaurgin
1371 5678 1623 5770 VictoEis.
1653 5707 1673 5741 ι
1693 5689 1814 5770 μία
1837 5685 1965 5770 dum
2075 5695 2331 5758 gravatus
2362 5678 2536 5751 esset,
2571 5690 2792 5753 repente
2819 5678 3045 5736 interiit.
3083 5696 3102 5728 ι

485 5629 573 5700 59)
605 5629 743 5685 Vide
761 5626 1060 5696 Josephum
1085 5626 1182 5680 lib.
1214 5625 1472 5679 Adversus
1494 5621 1806 5691 Appionem.

457 5631 580 5826 $60)
605 5699 663 5754 In
697 5698 944 5780 Epiroma
969 5697 1114 5752 Sexti
1139 5695 1341 5776 Aurelii
1371 5693 1623 5748 Victoris.
1653 5707 1673 5741 ι
1713 5689 1806 5769 _Hic

502 5771 679 5826 erside
700 5771 878 5825 lneme
927 5781 1117 5826 aspera
1144 5767 1429 5826 mediaque
1443 5761 1802 5820 Constantino

502 5755 679 5827 er'side
700 5755 878 5825 hieme
927 5781 1117 5837 aspera
1144 5765 1429 5834 mediaque
1443 5755 1967 5828 Constantinopolim
