3990 6232
414 323 554 390 1395

1540 321 1802 383 PHOTII
1840 318 2350 382 PATRIARCHIE
2394 318 2503 378 ΟΡ.

3532 306 3668 372 1396

415 441 655 497 factione
682 451 869 494 eorum
893 434 1123 504 reddita,
1152 434 1367 506 reliquo
1392 441 1657 505 tempore,
1683 441 1742 488 ut
1766 432 1985 499 vellem,

2096 429 2294 501 μένους
2351 425 2766 499 ἀμφισϐητῆσαι
2814 423 3159 496 πραγμάτων
3196 423 3241 458 ⁸³
3274 422 3480 488 πάντας
3529 424 3668 477 ἀπο-

414 533 538 590 sine
573 532 769 588 timore
793 544 918 586 cum
952 528 1145 585 amicis
1180 528 1292 585 suis
1331 526 1720 597 rempublicam
1756 524 1988 580 admini-

414 632 674 681 strarent.
709 622 888 690 Quare
925 619 1114 676 statim
1139 628 1326 691 pactas
1363 617 1709 675 conditiones
1737 627 1791 671 et
1830 615 1988 672 Iidem

417 713 802 783 neglexerunt,
851 718 906 767 et
945 711 1121 766 caedes
1162 709 1646 766 condemnatorum
1677 708 1897 776 impune
1935 714 1992 760 et

413 804 618 873 ubique
649 804 803 859 facta:
836 818 985 861 sunt.
1022 801 1256 870 Quintus
1296 816 1425 857 vero
1454 800 1703 856 Lutatius
1742 797 1987 864 Catulus,

413 896 509 967 qui
529 895 893 952 clarissimum
920 897 987 952 de
1014 895 1256 952 Cimbris
1284 893 1619 965 triumphum
1649 902 1856 962 egerat,
1898 907 1993 960 po-

414 987 542 1057 pulo
589 989 742 1060 prius
795 988 1151 1045 charissimus
1196 1002 1228 1042 a
1270 986 1505 1057 quodam
1555 985 1773 1042 tribuno
1820 982 1990 1052 plebis

412 1080 558 1150 apud
601 1079 859 1150 populum
903 1095 1031 1136 reus
1061 1080 1254 1136 mortis
1296 1079 1474 1135 factus
1514 1087 1598 1134 est
1623 1094 1639 1134 :
1669 1091 1840 1146 quare
1874 1090 1989 1139 me-

412 1175 577 1225 tuens
608 1170 904 1240 periculum
944 1185 1010 1225 ex
1053 1170 1424 1234 accusatione,
1463 1179 1804 1237 speransque
1842 1165 1992 1220 auxi-

410 1257 543 1314 lium
585 1260 800 1328 aliquod
845 1261 915 1317 ad
950 1260 1178 1317 Marium
1226 1275 1287 1317 se
1337 1258 1600 1316 contulit:
1647 1258 1766 1327 ipse
1807 1264 1987 1310 autem

412 1360 573 1408 antea
624 1354 833 1410 amicus
883 1353 1032 1424 ejus,
1079 1365 1206 1410 tunc
1255 1354 1432 1413 elatus
1468 1351 1758 1421 superbia,
1808 1348 1989 1403 secius

409 1456 538 1513 erga
578 1457 699 1499 eum
733 1443 956 1500 allectus
990 1456 1093 1511 est,
1136 1445 1450 1514 nullumque
1478 1442 1622 1496 aliud
1669 1454 1986 1511 responsum

409 1530 559 1587 dedit
596 1533 729 1597 nisi,
773 1532 1112 1589 Moriendum
1147 1544 1244 1591 est.
1289 1533 1506 1588 Catulus
1548 1546 1676 1587 vero
1708 1532 1984 1597 desperata

407 1622 583 1682 salute
603 1639 901 1695 properans
929 1626 1049 1681 sine
1079 1627 1274 1695 injuria
1301 1623 1464 1678 vitam
1530 1623 1845 1681 terminare,
1900 1632 1988 1673 se-

406 1709 588 1780 ipsum
626 1712 738 1767 vita
780 1714 1031 1783 privavit,
1065 1714 1226 1782 idque
1274 1728 1412 1768 novo
1440 1721 1494 1766 et
1523 1711 1781 1766 inusitato
1810 1722 1982 1771 more,

2088 519 2316 586 κτεῖναι,
2334 516 2501 590 [H56
2517 513 2614 589 IL]
2638 514 2786 580 ὅπως
2807 513 3054 586 καθαρᾶς
3072 510 3373 583 γενομένης
3399 512 3500 584 τῆς
3530 512 3671 577 ἰδίας

2089 609 2357 680 αἱρέσεως
2404 607 2502 663 καὶ
2558 606 2777 678 μερίδος
2830 604 3004 669 ἀδεῶς
3035 603 3096 658 τὸ
3120 602 3332 668 λοιπὸν,
3359 603 3457 658 καὶ
3482 602 3560 667 ὡς
3600 602 3670 657 ἂν

2100 699 2423 771 βούλωνται,
2445 698 2584 771 μετά
2607 697 2716 752 τῶν
2743 697 2913 768 φίλων
2953 695 3197 750 διοικῶσι
3230 695 3276 728 ⁸⁸
3298 695 3366 749 τά
3388 694 3533 750 κατά
3566 695 3670 766 τὴν

2089 792 2411 865 ἡγεμονίαν.
2467 791 2645 855 Εὐθὺς
2674 784 2767 844 οὖν
2816 787 2929 843 τῶν
2956 788 3053 859 μὲν
3074 786 3457 858 γεγενημένων
3481 784 3672 840 συνθέο

2092 901 2232 938 σεων
2267 884 2363 938 καὶ
2410 883 2646 938 πίστεων
2706 880 3012 953 ¹ἠμέλησαν,
3066 879 3347 949 σφαγαὶδὲ
3364 878 3474 932 τῶν
3494 894 3671 932 κατα-

2088 976 2473 1052 ψηφισθέντων
2500 975 2685 1037 αὐτοϊς
2717 973 2933 1044 ἄκριτοι
2956 972 3065 1026 καί
3079 969 3359 1041 πανταχοῦ
3404 969 3669 1038 ἐγίνοντο.

2089 1072 2317 1134 Κόϊντος
2371 1066 2498 1140 [622
2528 1066 2623 1136 H.|
2665 1065 2724 1120 δὲ
2754 1063 3050 1128 Λουτάτιος
3068 1064 3097 1118 ό
3125 1062 3359 1127 Κάτλος,
3399 1062 3671 1133 τεθριαμ-

2090 1160 2303 1223 ϐευκὼς
2362 1159 2460 1230 μὲν
2497 1157 2786 1226 ἐπισήμως
2822 1154 2931 1210 ἀπὸ
2973 1153 3264 1226 Κίμϐρων,
3301 1152 3673 1222 ἀγαπώμενος

2088 1252 2145 1307 δὲ
2162 1250 2268 1307 ὑπὸ
2288 1250 2397 1304 τῶν
2444 1247 2682 1302 πολιτῶν
2704 1247 3108 1317 περιττότερον,
3140 1245 3249 1300 ὑπό
3277 1261 3422 1308 τινος
3448 1243 3669 1315 δημάρο

2068 1341 2185 1416 ’χου
2241 1341 2577 1414 κατηγορίας
2623 1338 2923 1410 ἐτύγχανεν
2979 1338 3039 1392 έν
3087 1336 3166 1408 τῷ
3209 1336 3368 1409 δήμῳ
3412 1334 3669 1391 θανάτου.

2087 1435 2256 1492 Φοϐού
2265 1450 2425 1507 μενος
2458 1434 2517 1488 δὲ
2540 1432 2633 1487 τὸν
2659 1432 2723 1485 ἐκ
2740 1430 2841 1500 τῆς
2867 1428 3241 1498 συκοφαντίας
3262 1427 3507 1482 κίνδυνον
3531 1420 3673 1498 ἧκεν

2088 1531 2170 1594 είς
2215 1527 2306 1582 τὸν
2332 1524 2568 1596 Μάριον,
2624 1523 2878 1592 δεόμενος
2910 1524 3095 1592 τυχεῖν
3122 1519 3397 1592 βοηθείας.
3443 1519 3504 1573 '0
3521 1518 3580 1572 δὲ
3608 1517 3672 1570 τδ

2092 1619 2191 1689 μὲν
2237 1616 2546 1688 ἔμπροσθεν
2573 1613 2814 1683 ἐγεγόνει
2848 1611 3022 1680 φίλος,
3047 1609 3168 1663 τότε
3199 1607 3246 1662 δ’
3272 1607 3337 1662 ἐκ
3359 1623 3506 1671 τινος
3534 1607 3673 1659 ὑπο-

2087 1706 2218 1776 ψίας
2240 1702 2537 1774 ἀλλοτρίως
2560 1701 2698 1773 ἔχων
2726 1701 2861 1772 πρὸς
2890 1699 3055 1755 αὐτὸν
3069 1697 3230 1753 τοῦτο
3249 1699 3413 1769 μόνον
3431 1696 3672 1768 ἀπεκρί-

405 1816 530 1856 nam
557 1801 841 1859 includens
872 1805 1108 1874 seipsum
1133 1805 1186 1858 in
1211 1805 1369 1858 domo
1403 1816 1590 1857 recens
1619 1801 1886 1865 dealbata,
1925 1806 1980 1852 et

2093 1800 2149 1870 3n
2177 1836 2193 1865 ,
2230 1794 2445 1852 Θανεῒν
2494 1793 2603 1848 δεῖ.
2654 1791 2765 1845 Καὶ
2788 1793 2818 1845 ό
2840 1788 3053 1855 Κάτλος
3107 1790 3381 1859 ἀπογνοὺς
3430 1789 3530 1860 μὲν
3570 1788 3676 1853 τὰς

404 1906 658 1963 vaporem
694 1910 724 1950 e
754 1896 901 1951 calce
942 1897 1064 1964 igne
1101 1905 1157 1952 et
1186 1874 1333 1952 fumo
1363 1895 1642 1958 excitans,
1674 1890 1977 1962 respirandi

404 1984 663 2042 facultate
694 1988 981 2058 impeditus
1018 1989 1320 2042 exstinctus
1349 1996 1457 2041 est.

2084 1888 2184 1958 τῆς
2209 1885 2254 1919 ’ί
2281 1882 2556 1954 σωτηρίας
2590 1880 2833 1945 ἐλπίδας,
2889 1878 3137 1934 σπεύδων
3166 1879 3225 1935 δὲ
3246 1879 3417 1951 χωρὶς
3456 1878 3674 1951 ὕϐρεως

2089 1975 2466 2049 καταστρέψαι
2507 1975 2601 2027 τὸν
2636 1973 2775 2045 βίον,
2815 1972 3011 2027 ἑαυτὸν
3057 1971 3155 2026 τοῦ
3186 1971 3287 2043 ζῇν
3339 1971 3674 2042 μετέστησεν

406 2078 524 2151 ιδίῳ
572 2082 683 2135 τινὶ
739 2081 835 2136 καὶ
884 2081 1327 2154 παρηλλαγμένῳ
1387 2082 1596 2153 τρόπῳ.
1650 2084 1984 2153 Συγκλείσας
2021 2084 2217 2138 ἑαυτὸν
2260 2082 2338 2143 είς
2394 2075 2542 2133 οἷκον
2569 2076 2906 2147 νεόχριστον,
2952 2074 3047 2128 καὶ
3072 2075 3171 2146 τὴν
3196 2075 3261 2127 ὲκ
3317 2073 3419 2143 τῆς
3486 2074 3675 2134 κονίας

401 2170 682 2242 ἀναφορὰν
718 2174 853 2243 πυρί
889 2174 984 2227 καὶ
1015 2173 1208 2244 καπνῷ
1245 2174 1610 2245 συναυξήσας,
1635 2179 1703 2248 τῇ
1735 2177 1833 2246 τῆς
1860 2177 2137 2263 ἀναπνοῆς
2162 2172 2340 2244 φθορᾷ
2364 2168 2695 2241 περιπνιγὴς
2712 2169 2759 2200 ’³
2789 2166 3082 2263 γενόμενος
3117 2163 3449 2237 ἀπήλλαξεν.

887 2261 971 2318 Ea:
1003 2265 1265 2318 tricesimo
1296 2267 1487 2333 primo.

470 2352 601 2410 Haec
623 2355 749 2409 dum
779 2363 1060 2423 geruntur,
1092 2353 1319 2411 Romam
1362 2356 1559 2427 3811:
1590 2372 1787 2414 venere
1817 2358 1977 2431 legati

400 2446 775 2513 Rhodiorum,
816 2448 884 2501 ad
922 2447 1175 2502 diluenda
1232 2449 1428 2518 quibus
1473 2450 1719 2519 impediti
1765 2450 1982 2507 fuerant

400 2538 656 2593 crimina.
692 2536 1024 2593 Videbantur
1055 2539 1198 2593 enim
1246 2540 1298 2593 in
1341 2539 1502 2605 bello,
1547 2543 1688 2610 quod
1719 2544 1980 2599 adversus

400 2626 660 2685 Perseum
683 2639 896 2701 gestum
921 2640 1024 2696 est,
1053 2632 1250 2687 animis
1271 2633 1335 2686 ad
1373 2647 1555 2703 regem
1588 2634 1900 2702 inclinasse,
1925 2645 1981 2690 et

401 2735 565 2790 quam
595 2738 717 2777 cum
740 2723 1001 2779 Romanis
1032 2723 1307 2779 habebant
1333 2725 1653 2791 amicitiam,
1691 2728 1975 2796 prodiisse.

400 2812 647 2884 Cumque
684 2814 817 2869 nihil
851 2815 1123 2884 legatione
1155 2829 1254 2869 sua
1290 2816 1635 2885 proﬁcerent,
1669 2819 1970 2887 desponsa-

400 2904 537 2961 bant
560 2908 769 2960 animos
795 2948 810 2971 ,
842 2916 1046 2960 etcum
1086 2907 1341 2979 iacrymis
1377 2907 1646 2979 colloquia
1685 2911 1980 2968 habebant.

403 2996 539 3052 Cum
573 3007 755 3051 autem
786 3012 878 3051 eos
909 2998 962 3051 in
997 3009 1246 3053 senatum
1281 3000 1666 3056 introduxisset
1706 3016 1845 3057 unus
1884 3003 1983 3056 tri-

402 3088 705 3155 bunorum,
751 3089 968 3144 nomine
1005 3087 1306 3160 Antonius,
1338 3093 1547 3163 primus
1585 3095 1888 3150 orationem
1918 3096 1985 3149 de

404 3182 672 3253 legatione
702 3182 890 3238 habuit
919 3180 1276 3253 Philophron,
1296 3193 1351 3239 et
1373 3184 1669 3239 secundum
1697 3195 1817 3255 post
1833 3199 1981 3253 eum,

2681 2260 2784 2313 Ἐκ
2812 2275 2921 2312 του
2949 2255 3065 2312 .ta'.

2155 2355 2309 2425 Ἀμα
2343 2352 2400 2408 δὲ
2421 2349 2632 2414 τούτοις
2682 2347 3085 2419 πραττομένοις
3129 2348 3212 2409 είς
3252 2346 3475 2418 Ῥώμην
3530 2362 3675 2417 παρ·

2085 2447 2335 2517 εγένοντο
2386 2443 2723 2516 πρεσϐευταὶ
2759 2440 2999 2507 Ῥοδίων,
3019 2438 3120 2505 τὰς
3156 2439 3534 2510 γεγενημένας
3556 2439 3676 2492 δια·

2087 2538 2252 2602 ϐολάς
2301 2538 2425 2591 κατ’
2453 2534 2635 2592 αὐτῶν
2659 2530 3038 2588 ἀπολύσασθαι
3061 2547 3077 2561 ο
3112 2531 3330 2584 ἐδόκουν
3366 2528 3474 2599 γὰρ
3500 2530 3558 2581 ὲν
3596 2529 3676 2597 τῷ

2088 2630 2226 2699 πρὸς
2281 2629 2499 2699 Περσέα
2542 2625 2762 2696 πολέμῳ
2810 2625 2928 2686 ταῖς
2974 2622 3210 2686 εὐνοίαις
3250 2619 3675 2675 ἀποκεκλικέναι

2084 2723 2223 2795 πρὸς
2242 2721 2334 2774 τὸν
2366 2718 2589 2789 βασιλέα
2611 2717 2705 2771 καὶ
2755 2714 3155 2787 προδεδωκέναι
3190 2713 3291 2781 τὴν
3356 2711 3494 2781 πρὸς
3537 2710 3674 2764 Ῥωο

2084 2815 2281 2885 μαίους
2326 2812 2531 2882 φιλίαν.
2588 2809 2772 2879 Μηδὲν
2818 2808 2875 2861 δὲ
2908 2804 3169 2869 ἀνύοντες
3217 2796 3295 2857 ὧν
3330 2802 3669 2873 ἐπρέσϐευον

2081 2906 2164 2967 είς
2194 2903 2435 2974 ἀθυμίαν
2457 2901 2773 2963 ἐνέπιπτον,
2804 2899 2899 2952 καὶ
2947 2899 3087 2967 μετὰ
3107 2896 3361 2968 δακρύων
3386 2895 3676 2949 ἐποιοῦντο

2083 2998 2182 3062 τὰς
2206 2996 2499 3063 ἐντεύξεις.
2543 2993 2949 3062 Είσαγαγόντος
2976 2991 3033 3045 δὲ
3062 2990 3264 3052 αὐτοὺς
3299 2991 3379 3052 είς
3404 2988 3504 3059 τὴν
3537 2987 3674 3053 σύγ-

2082 3089 2282 3161 κλητον
2326 3087 2445 3151 ἑνὸς
2476 3085 2586 3139 τῶν
2630 3084 2930 3155 δημάρχων
2978 3079 3266 3135 Ἀντωνίου
3320 3077 3539 3149 πρῶτος
3574 3079 3676 3149 μὲν

2082 3181 2319 3235 ἐποιεῖτο
2371 3180 2461 3232 τὸν
2502 3176 2643 3248 ὑπὲρ
2674 3175 2775 3244 τῆς
2824 3172 3128 3244 πρεσϐείας
3177 3170 3339 3239 λόγον
3362 3167 3671 3240 Φιλόφρωυ,

402 3273 747 3344 Astymedes.
789 3273 855 3328 lli
915 3288 1038 3328 cum
1079 3275 1246 3331 multa
1278 3275 1592 3345 suppliciter
1620 3284 1673 3331 et
1716 3276 1981 3346 depreca-

2093 3273 2227 3345 μετὰ
2245 3273 2302 3325 δὲ
2330 3271 2520 3325 τοῦτον
2586 3265 2949 3337 Ἀστυμήδης.
3010 3264 3191 3318 Πολλά
3215 3263 3273 3317 δὲ
3315 3261 3454 3333 πρὸς
3477 3262 3670 3331 δέησιν

405 3364 543 3419 torie
568 3364 854 3432 dixissent,
884 3374 938 3420 et
965 3365 1032 3420 ad
1064 3376 1366 3421 extremum
1394 3366 1475 3438 (ut
1497 3376 1579 3422 est
1604 3368 1655 3422 in
1678 3367 1986 3440 proverbio)

405 3467 662 3524 cygneam
692 3454 1001 3511 cantionem
1025 3455 1383 3523 cecinissent,
1432 3471 1575 3528 aegre
1610 3472 1866 3526 responsa
1896 3472 1989 3514 ac-

404 3551 685 3611 ceperunt,
713 3558 808 3613 per
834 3559 953 3614 qua:
1003 3547 1071 3601 ab
1091 3557 1335 3602 extremo
1363 3548 1583 3616 quidem
1606 3560 1749 3603 metu
1772 3549 1984 3604 liberati

403 3642 533 3687 sunt
562 3636 677 3690 .sed
712 3636 778 3691 de
800 3636 1122 3695 criminibus
1152 3641 1347 3695 acerbe
1377 3638 1670 3711 Objtlrgaii.

479 3802 659 3871 Quare
684 3805 810 3862 licet
830 3808 970 3875 apud
993 3805 1268 3864 Romanos
1293 3810 1474 3866 videre
1497 3813 1981 3879 praestantissimos

406 3910 652 3965 quosque
694 3898 762 3952 de
798 3898 967 3968 gloria
1015 3900 1438 3966 contendentes,
1489 3915 1586 3967 per
1624 3917 1761 3971 quos
1798 3904 1983 3959 omnia

403 3998 545 4053 pene
581 3987 819 4041 maxima
853 4002 883 4041 a
915 3989 1108 4058 populo
1132 3990 1507 4059 perﬁciuntur.
1536 3990 1643 4048 Sed
1669 3993 1720 4046 iu
1748 3993 1870 4047 aliis
1893 4010 1981 4048 ur-

404 4075 566 4131 bibus
593 4076 694 4132 sibi
724 4078 856 4148 ipsis
888 4093 1078 4134 omnes
1108 4080 1379 4147 invident,
1417 4081 1645 4137 Romani
1685 4098 1813 4139 vero
1844 4086 1981 4141 invi-

405 4181 526 4222 cem
559 4166 803 4236 laudant,
832 4172 974 4226 unde
1001 4173 1180 4227 evenit
1215 4175 1420 4243 optime
1447 4183 1505 4230 et
1528 4173 1825 4232 fortissime
1868 4193 1982 4232 rem

405 4267 466 4314 ut
510 4269 736 4330 gerant,
779 4262 1163 4331 rempublicam
1211 4264 1546 4335 amplificare
1594 4267 1874 4324 studentes
1928 4278 1985 4324 et

404 4351 497 4406 alii
528 4352 729 4423 injuste
769 4355 1091 4423 sentientes,
1140 4366 1198 4412 et
1238 4358 1447 4428 seipsos
1488 4361 1984 4419 circumvenientes

405 4445 638 4513 patriam
676 4447 923 4515 perdant.

474 4626 736 4686 Perseum
771 4632 1017 4687 ultimum
1048 4648 1226 4705 regem
1250 4635 1601 4706 Macedoniae,
1631 4649 1915 4710 postquam
1941 4641 1986 4696 is
2013 4676 2068 4735 Β

403 4733 546 4790 saepe
583 4736 706 4776 cum
742 4721 1000 4779 Romanis
1035 4728 1331 4782 amicitiam
1367 4729 1509 4794 iniit,
1540 4744 1680 4801 saepe
1714 4731 1843 4786 item
1879 4748 1983 4787 non

405 4815 802 4869 contemnendo
829 4817 1305 4873 exercitubellum
1334 4822 1523 4888 gessit,
1557 4824 1774 4879 tandem
1805 4823 1986 4880 Emi-

401 4902 506 4959 iius
531 4905 859 4962 debellatum
898 4911 1071 4979 cepit,
1104 4920 1160 4966 et
1194 4913 1516 4981 praeclarum
1545 4917 1615 4971 ob
1644 4931 1766 4973 eam
1805 4918 1980 4974 victo-

398 4996 537 5050 riam
580 4998 910 5069 triumphum
946 5004 1076 5073 egit.
1116 5003 1349 5061 Perseus
1389 5020 1518 5062 vero
1555 5009 1719 5064 tantis
1748 5011 1983 5082 agitatus

402 5088 805 5146 calamitatibus
841 5103 899 5148 ut
942 5095 1146 5150 similes
1189 5111 1313 5152 esse
1350 5099 1635 5156 videantur
1675 5101 1794 5170 ejus
1827 5118 1986 5159 casus

342 5198 355 5215 κ
403 5175 603 5233 fabulis
641 5193 822 5234 rerum
876 5198 1152 5252 nunquam
1222 5195 1527 5257 gestarum,
1595 5205 1663 5244 ne
1711 5192 1991 5248 discedere

404 5267 623 5335 quidem
659 5286 689 5325 e
726 5273 828 5327 vita
879 5274 1108 5331 volebat.
1147 5275 1468 5349 Priusquam
1502 5281 1645 5336 enim
1678 5294 1900 5337 senatus
1923 5284 1989 5337 de

401 5377 467 5415 eo
513 5366 953 5432 pronuntiasset,
1005 5368 1132 5437 quid
1194 5369 1500 5425 faciendum
1554 5384 1700 5428 esset
1767 5372 1975 5429 urbano

2088 3366 2184 3421 καὶ
2226 3365 2560 3437 παραίτησιν
2598 3361 2872 3423 εἰπόντες,
2923 3359 3019 3413 καὶ
3065 3358 3128 3412 τὸ
3179 3357 3494 3411 τελευταῖον
3528 3354 3674 3409 κατά

2087 3459 2187 3531 τὴν
2232 3458 2535 3530 παροιμίαν
2561 3454 2622 3509 τὸ
2645 3454 2897 3508 κύκνειον
2950 3450 3206 3523 ᾄσαντες,
3263 3450 3422 3521 μόλις
3482 3446 3675 3501 ἔλαϐον

2086 3550 2427 3622 ἀποκρίσεις,
2483 3549 2549 3602 δι’
2593 3538 2669 3600 ὧν
2699 3544 2793 3598 τοῦ
2828 3543 2925 3614 μὲν
2954 3541 3280 3613 ὁλοσχεροῦς
3327 3539 3496 3610 φόϐου
3532 3555 3678 3609 παρ-

2088 3639 2381 3711 ελύθησαν,
2409 3639 2542 3710 περ)⁸
2568 3637 2626 3691 δὲ
2656 3635 2765 3690 τῶν
2817 3633 3183 3705 ἐγκλημάτων
3219 3631 3436 3704 πικρῶς
3465 3629 3679 3685 ὠνειδί-

2089 3733 2316 3804 σθησαν.

2154 3824 2353 3896 Διόπερ
2381 3825 2512 3878 ἰδεῖν
2542 3825 2656 3879 ἔστι
2711 3824 2860 3894 παρά
2903 3819 3199 3892 Ῥωμαίοις
3245 3817 3376 3880 τοὺς
3400 3818 3674 3882 ἐπιφανεο

2087 3915 2315 3979 στάτους
2368 3915 2566 3986 ἄνδρας
2617 3915 2759 3987 ὑπὲρ
2806 3914 2964 3986 δόξης
3014 3909 3449 3982 ἁμιλλωμένους,
3492 3906 3560 3960 δι’
3591 3902 3667 3960 ὧν

2087 4007 2306 4063 ἅπαντα
2365 4006 2553 4079 σχεδὸν
2574 4006 2645 4060 τά
2692 4007 2926 4078 μέγιστα
2949 4005 3027 4077 τῷ
3064 4005 3221 4075 δήμῳ
3253 3999 3668 4072 κατορθοῦνται.

2101 4102 2189 4155 Ἐν
2226 4101 2326 4170 μὲν
2358 4099 2468 4171 γὰρ
2503 4098 2841 4163 τοίς.ἀλλοις
2890 4096 3249 4167 πολιτεύμασι¹
3279 4090 3674 4164 ζηλοτυποῦσιν

2086 4191 2368 4262 ἀλλήλους,
2417 4190 2675 4262 Ῥωμαῖοι
2708 4189 2765 4244 δὲ
2795 4187 3127 4244 ἐπαινοῦσιν.
3174 4184 3268 4251 Ἐξ
3292 4177 3354 4238 ού
3385 4181 3676 4253 συμϐαίνει

2092 4283 2329 4356 μάλιστα
2372 4286 2500 4347 τοὺς
2532 4282 2631 4353 μὲν
2654 4282 2921 4354 πράσσειν
2942 4280 3011 4334 τὰ
3042 4279 3306 4335 κάλλιστα
3336 4277 3446 4330 τῶν
3470 4274 3672 4347 ἔργων,

2090 4374 2500 4446 ἁμιλλωμένους
2561 4373 2747 4440 αὔξειν
2778 4376 2839 4428 τὸ
2866 4374 3018 4444 κοινῇ
3039 4372 3088 4405 ³⁸
3116 4369 3418 4443 συμφέρον,
3463 4369 3594 4430 τοὺς
3629 4365 3673 4417 δ’

2089 4463 2281 4528 ἄλλους
2301 4462 2742 4528 ἀδικοδοξοῢντας
2762 4460 2856 4515 καὶ
2887 4460 2985 4525 τὰς
3009 4460 3255 4530 ἀλλήλων
3273 4460 3318 4490 ³⁸
3352 4455 3612 4520 ὲπιϐολάς
3628 4455 3674 4488 ’⁵

2090 4555 2519 4628 λυμαινομένους
2549 4555 2806 4628 βλάπτειν
2836 4554 2936 4624 τὴν
2968 4551 3225 4623 πατρίδα.

2166 4649 2291 4702 Ὀτι
2349 4647 2562 4717 Περσέα
2596 4648 2658 4702 τὸ
2704 4647 3013 4701 τελευταῖον
3047 4643 3388 4707 Μακεδονίας
3423 4640 3671 4713 βασιλέα,

2094 4737 2351 4802 πολλάκις
2365 4737 2657 4809 Ῥωμαίοις
2680 4739 2767 4793 διά
2792 4736 2973 4808 φιλίας
3005 4735 3175 4801 ίόντα,
3210 4733 3470 4796 πολλάκις
3500 4733 3557 4786 δὲ
3578 4732 3672 4786 καὶ

2098 4831 2325 4901 στρατιᾷ
2349 4830 2448 4882 οὐκ
2486 4828 2818 4899 ἀναξιολόγῳ
2841 4827 3225 4898 πολεμήσαντα
3245 4825 3399 4888 τέλος
3422 4823 3673 4890 Αίμίλιος

2098 4919 2562 4991 καταπολεμήσας
2586 4916 2721 4986 εἷλε,
2762 4920 2858 4974 καὶ
2906 4918 3161 4990 λαμπρὸν
3202 4916 3471 4987 θρίαμϐον
3490 4917 3582 4968 ἐπὶ
3608 4917 3670 4986 τῇ

2098 5008 2225 5081 νίκῃ
2252 5010 2557 5080 κατήγαγε.
2587 5009 2833 5080 Περσεὺς
2860 5007 2916 5061 δὲ
2945 5007 3297 5078 τηλικαύταις
3353 5004 3671 5077 περιπεσὼν

2097 5102 2405 5170 συμφοραῖς
2425 5100 2564 5153 ὥστε
2577 5099 2752 5154 δοκεῖν
2764 5101 2924 5170 ὅμοια
2947 5099 3136 5170 μύθοις
3146 5099 3431 5168 ἀγενήτοις
3448 5095 3587 5151 εἶναι
3603 5096 3671 5151 τὰ

2095 5190 2246 5261 πάθη
2267 5193 2336 5245 τά
2362 5191 2491 5260 περὶ
2522 5189 2705 5256 αὑτὸν,
2732 5190 2840 5244 οὐδ’
2871 5188 3317 5261 ἀπολυθῆναιτοῦ
3350 5188 3450 5260 ζῇν
3482 5188 3666 5260 ἤθελε.

2094 5284 2231 5354 Πρὶν
2247 5282 2355 5354 γὰρ
2383 5282 2417 5353 ἢ
2452 5283 2549 5353 τὴν
2566 5281 2870 5353 σύγκλητον
2882 5283 3022 5353 ὑπὲρ
3047 5281 3209 5336 αὐτοῦ
3229 5280 3505 5335 διαλαϐεῖν
3521 5277 3667 5349 ὃχρὴ

2086 5373 2301 5440 παθεῖν,
2348 5372 2458 5427 τῶν
2488 5372 2630 5428 κατὰ
2659 5372 2813 5427 πόλιν
2836 5372 3159 5445 στρατηγῶν
3178 5373 3223 5406 ⁸⁸
3245 5365 3328 5437 εἷς
3356 5370 3664 5425 ὲνέϐαλεν²’

1719 5506 1952 5562 VARI/t1
2004 5506 2411 5564 LECTIONES.

482 5587 526 5622 ”
550 5590 697 5670 ᾖμφ.
720 5595 1192 5670 περιπραγμάτων
1218 5595 1259 5649 Β
1280 5614 1342 5670 ς.
1376 5597 1728 5670 αξθδοικοῦσι
1764 5616 1824 5663 ς.
1901 5601 1944 5633 ³³
1973 5599 2072 5670 τῆς
2098 5599 2220 5670 add.
2250 5600 2316 5653 A.
2397 5601 2443 5632 ²²
2475 5600 2809 5669 περιπνιγὴς
2840 5600 2879 5653 Β
2907 5611 2961 5654 et
2995 5615 3138 5670 corr.
3170 5597 3216 5652 ll
3250 5616 3265 5653 :
3310 5597 3656 5670 περιπνιγεῖς

876 5682 887 5718 :
920 5666 1097 5719 κοινὸν
1123 5684 1162 5729 ς
1176 5707 1188 5720 .

410 5673 471 5719 ς.
549 5660 595 5691 ’³
618 5679 731 5713 κοιν

411 5673 471 5719 ς.
549 5665 595 5691 ’³
618 5665 835 5786 κοινῗὶίΒ
876 5682 887 5718 :
920 5666 1097 5719 κοινὸν
1123 5684 1188 5729 ς.
1287 5667 1333 5698 "‘
1362 5667 1608 5737 ἀλλήλων
1637 5668 1676 5720 Β
1700 5681 1755 5723 et
1778 5685 1829 5725 ct

411 5730 714 5800 στρατηγὸν
797 5773 807 5787 .
932 5737 974 5767 ²⁷
1018 5738 1304 5794 εἰσέϐαλον
1341 5739 1401 5803 Β,
1434 5739 1716 5792 ἐνέϐαλλεν
1772 5757 1829 5802 ς.

1287 5667 1608 5741 manilii»?
1630 5668 1676 5741 VB
1700 5681 1755 5723 et
1778 5685 1923 5725 corr.
1961 5667 2045 5724 Al
2082 5669 2342 5741 ἀλλήλους
2375 5688 2436 5740 ς’

2532 5666 2577 5704 ³³
2605 5666 2899 5736 επιϐουλὰς
2928 5700 2998 5712 -
3021 5669 3246 5741 βλάπτει
3266 5687 3334 5761 ς.
3385 5666 3453 5700 ’³⁸
3485 5666 3579 5721 τὸν
3598 5693 3666 5707 ~—
