3990 6232
314 293 461 357 139Ί

1337 288 1865 352 BIBLIOTHECA.
1898 313 1967 325 —
1994 289 2159 351 COD.
2187 289 2484 353 CCXLIV.

3437 293 3572 358 1398

306 403 476 458 αὐτὸν
528 401 610 464 εἰς
645 400 738 454 τὸν
759 399 818 453 έν
850 395 1075 460 Ἀλὸαις
1119 398 1400 468 κάρκαρον
1458 395 1588 468 [623
1618 395 1712 468 IL]
1758 397 1896 468 μετά

2009 399 2250 468 praetori,
2293 400 2527 469 coniecit
2555 414 2678 459 eum
2711 399 2765 454 In
2795 413 3073 457 carcerem
3094 439 3111 466 ,
3143 402 3234 471 qui
3272 412 3360 459 est
3402 404 3571 462 Albae.

304 495 425 549 τῶν
451 493 676 547 τέκνων.
715 490 873 544 Ἔστι
899 489 958 543 δὲ
981 489 1010 542 ό
1043 488 1322 561 κάρχαρος
1355 489 1574 559 δρυγμα
1595 489 1892 557 κατάγειον

307 583 473 655 βαθὺ,
495 582 556 636 τὸ
593 581 694 652 μὲν
726 577 957 650 μέγεθος
979 576 1104 648 ἔχον
1125 576 1172 609 ⁸⁸
1203 576 1351 632 οῐκου
1386 576 1620 647 μάλιστᾶ
1657 595 1772 642 πως
1801 578 1891 632 ὲν-

308 675 596 730 νεακλίνου
612 673 682 739 ⁸⁸,
755 672 950 727 σκότου
970 669 1015 703 ³⁸
1043 669 1101 724 δὲ
1126 669 1330 739 πλῆρες
1351 669 1395 700 ⁸¹
1440 670 1537 723 καὶ¹
1595 669 1891 739 δυσοσμίας

308 769 401 823 διὰ
428 769 491 822 τὸ
522 767 728 838 πλῆθος
771 764 882 820 τῶν
932 760 1382 833 παραδεδομένων
1431 761 1511 823 είς
1563 759 1753 814 τοῦτον
1800 759 1893 813 τδν

310 860 481 912 τόπον
509 857 739 928 ἀνδρῶν,
771 855 883 909 τῶν
916 856 1010 909 ἐπὶ
1043 854 1352 917 θανατικυίς
1382 853 1690 924 ἐγκλήμασι
1720 868 1893 906 κατα-

308 949 685 1020 δικαζομένων
716 946 878 1020 [1157
906 946 997 1018 8.]
1045 939 1120 1000 ὧν
1145 949 1203 1001 ὲν
1238 946 1468 1009 ἐκείνοις
1523 948 1638 1009 τοῖς
1678 944 1894 1016 χρόνοις

308 1045 364 1096 οι
410 1042 631 1106 πλείους
690 1041 924 1097 ἐνταῦθα
977 1039 1410 1110 καθείργνυντο·
1470 1041 1529 1093 ὲν
1579 1039 1726 1093 οὕτω
1782 1039 1894 1112 γὰρ

314 1135 578 1205 στενωπῷ
613 1133 1119 1204 συγκεκλεισμένων
1166 1132 1378 1186 πολλῶν
1436 1131 1649 1203 ἀνδρῶν
1684 1132 1896 1203 ἀπεθη-

316 1225 500 1294 ριοῦτο
518 1226 586 1278 τὰ
608 1225 720 1278 τῶν
748 1223 964 1293 ἀτυχῶν
994 1223 1244 1294 σώματα,
1275 1222 1387 1277 τῶν
1420 1240 1482 1276 τε
1510 1223 1649 1294 πρὸς
1685 1224 1897 1294 τροφὴν

314 1318 411 1371 καὶ
470 1318 572 1387 τὴν
600 1316 766 1388 ἀλλην
811 1317 993 1371 πᾶσαν
1038 1315 1225 1385 χρείαν
1251 1314 1566 1385 ἀνηκόντων
1593 1318 1814 1371 πάντων
1838 1318 1897 1370 ὲν

313 1406 501 1478 ταύτῷ
529 1406 894 1478 πεφυρμένων
925 1409 1193 1476 τοσαύτην
1224 1405 1597 1477 προσπίπτειν
1628 1405 1898 1459 δυσωδίαν

316 1500 654 1564 συνέϐαινεν,
706 1498 846 1553 ὥστε
900 1498 1105 1569 μηδένα
1163 1497 1272 1551 τῶν
1324 1498 1660 1567 προσιόντων
1702 1498 1899 1570 ῥᾳδίως

312 1592 579 1645 δύνασθαι
636 1591 1002 1662 καρτερῆσαι.
1037 1590 1153 1659 Ἐφ’
1178 1590 1395 1662 ἡμέρας
1462 1589 1561 1660 μὲν
1619 1584 1714 1644 οὖν
1760 1588 1900 1643 έπτά

313 1683 616 1736 διετέλεσεν
674 1682 910 1737 ἐνταῦθα
940 1681 1401 1753 κακουχούμενος,
1442 1681 1585 1736 ὥστε
1611 1682 1707 1734 καὶ
1744 1679 1899 1751 παρά

2000 504 2122 545 cum
2150 492 2315 549 natis.
2348 491 2445 548 Est
2472 500 2650 548 autem
2686 507 2875 548 carcer
2902 493 3013 559 ille,
3046 503 3260 548 antrum
3295 496 3574 550 subterra-

1999 596 2163 638 neum
2194 582 2520 652 profundum
2543 620 2557 648 ,
2598 585 2969 655 magnitudine
3018 586 3274 650 maxime,
3310 596 3572 654 quantum

1997 682 2081 726 est
2110 672 2449 728 cmuaculum
2486 688 2676 729 novem
2716 673 3212 742 lectorum.Estque
3230 675 3574 729 tenebrarum

1999 761 2212 832 plenum
2243 779 2308 819 ac
2347 764 2570 831 fetoris,
2612 775 2831 835 propter
2860 765 3261 822 multitudinem
3294 767 3573 823 hominum

1999 855 2077 909 rei
2106 855 2354 923 capitalis
2373 856 2771 923 damnatorum,
2798 858 2889 928 qni
2915 858 2971 912 in
3001 873 3123 913 eum
3149 858 3324 912 locum
3352 859 3576 913 tradun-

2001 954 2110 1010 tur,
2140 962 2369 1015 quorum
2406 948 2639 1003 maxima
2668 963 2794 1018 pars
2824 949 2932 1005 illis
2962 950 3297 1018 temporibus
3318 951 3406 1005 bic
3432 951 3578 1005 clau—

2000 1038 2250 1095 debatur.
2288 1037 2571 1094 Conclusis
2612 1039 2758 1095 enim
2806 1040 2861 1095 in
2913 1050 3020 1096 tam
3060 1051 3292 1113 angusto
3336 1045 3455 1097 loco
3501 1053 3580 1097 tot

2002 1129 2334 1198 hominibus,
2353 1129 2714 1186 eﬂ'erebantur
2739 1132 3058 1187 miserorum
3084 1148 3339 1203 corpora,
3365 1144 3420 1189 et
3445 1150 3577 1189 con-

2004 1219 2138 1276 fusis
2158 1220 2299 1277 inter
2327 1235 2447 1277 sese
2478 1223 2753 1286 omnibus,
2777 1238 2898 1292 quae
2932 1225 3015 1279 vel
3044 1227 3110 1281 ad
3146 1226 3375 1290 victum,
3401 1228 3488 1282 vel
3511 1228 3578 1282 ad

2004 1311 2140 1366 alios
2191 1326 2324 1366 usus
2341 1311 2612 1381 pertinent
2636 1311 2860 1383 382a,
2889 1323 3069 1368 tantus
3100 1314 3239 1370 fetor
3258 1317 3576 1382 exsistebat,

2003 1409 2062 1458 ut
2099 1401 2280 1456 nullus
2324 1404 2695 1457 accedentium
2739 1403 2899 1460 facile
2935 1408 3132 1460 durare
3170 1417 3372 1476 posset.
3417 1408 3583 1478 Igitur

2005 1491 2095 1547 ille
2122 1507 2216 1562 per
2240 1491 2355 1548 dies
2384 1502 2591 1559 septem
2634 1492 2752 1548 loco
2788 1493 2890 1547 hoc
2917 1495 3193 1550 miseriam
3229 1498 3481 1565 pertulit,
3524 1508 3583 1551 ut

2004 1583 2170 1638 etiam
2194 1592 2453 1639 extrema:
2480 1583 2809 1640 cenditionis
2840 1588 3118 1641 hominum
3140 1597 3197 1642 et
3237 1596 3474 1642 statuum
3501 1586 3583 1643 ci-

2005 1672 2135 1728 bum
2184 1674 2566 1744 accipientium
2619 1689 2721 1744 ope
2777 1676 3064 1745 indigeret.
3117 1677 3220 1734 Hie
3274 1681 3415 1735 enim
3466 1679 3585 1748 ejus

312 1775 427 1828 τῶν
480 1775 722 1845 ἐσχάτων
766 1774 864 1827 καὶ
889 1772 1069 1827 τακτὰ
1088 1775 1133 1806 “
1187 1772 1525 1843 σιτουμένων
1574 1772 1899 1844 ἐπικουρίας

2009 1765 2173 1818 vicem
2209 1774 2431 1833 propter
2461 1764 2880 1821 infortuniorum
2936 1768 3360 1837 magnitudinem
3396 1768 3585 1824 dolen-

314 1865 570 1936 δεηθῆναι
596 1880 611 1896 ·
673 1864 977 1934 συμπαθεῖς
1024 1865 1133 1934 γάρ
1181 1857 1327 1917 οὗτοι
1375 1862 1706 1931 γινόμενοι³³
1730 1863 1818 1916 διὰ
1839 1862 1903 1916 τὸ

318 1955 552 2027 μέγεθος
607 1955 719 2009 τῶν
764 1954 1211 2026 ἀκληρωμάτων,
1268 1945 1343 2007 ὧν
1403 1951 1818 2021 μεταλάμσανον
1834 1953 1900 2016 ³⁸,

316 2046 718 2119 φιλανθρώπως
770 2047 976 2102 τούτων
1029 2046 1224 2116 ἐκείνῳ
1257 2044 1599 2116 μετεδίδοσαν
1638 2042 1903 2112 δακρύον⁴

315 2157 431 2204 τες.
467 2141 734 2212 Ἐρῤιπτο
751 2139 796 2174 ⁸⁵
820 2139 865 2192 δ’
879 2138 1030 2210 αὐτῷ
1056 2137 1152 2191 καὶ¹
1180 2137 1331 2206 ξίφος
1354 2136 1492 2206 πρὸς
1514 2135 1795 2206 ἀναίρεσιν
1812 2135 1905 2188 καὶ

316 2232 502 2294 κάλως
560 2230 696 2302 πρὸς
757 2230 1015 2300 ἀγχόνην,
1058 2228 1311 2295 ἐξουσίας
1355 2225 1638 2296 διδομένης
1669 2225 1742 2289 ὡς
1783 2224 1906 2295 βού-

314 2322 466 2375 λοιτο
487 2321 533 2354 ³⁸
559 2321 890 2392 χρήσασθαι.
937 2319 1078 2374 Ἀλλ’
1104 2320 1255 2374 οὐδὲν
1283 2318 1426 2373 οὕτω
1452 2319 1624 2387 γλυκὺ
1656 2317 1905 2385 φαίνεται

314 2416 431 2475 τοῖς
478 2412 811 2483 ἠτυχηκόσιν
849 2412 924 2473 ὡς
951 2409 1015 2463 τὺ
1039 2409 1159 2481 ζῇν,
1212 2408 1412 2479 καίπερ
1473 2407 1651 2461 αὐτῶν
1671 2407 1715 2439 ³⁷
1778 2405 1905 2471 ἀξια

318 2505 556 2559 θανάτου
618 2505 955 2574 πασχόντων.
1010 2502 1120 2556 Καὶ
1155 2502 1329 2573 πέρας
1353 2504 1411 2555 ὲν
1438 2500 1664 2563 ταύταις
1694 2498 1761 2553 ἂν
1785 2500 1906 2563 ταῖς

318 2595 590 2665 ἀνάγκαις
622 2594 959 2666 κατέστρεψε
1000 2593 1092 2647 τδν
1124 2592 1258 2663 βίον,
1288 2595 1337 2646 εί
1371 2592 1446 2663 μὴ
1470 2592 1697 2662 Μάρκος
1746 2590 1907 2661 Αἰμί-

318 2686 434 2749 λιος
474 2686 890 2758 προκαθήμενος
934 2683 1026 2739 τοῦ
1088 2684 1495 2755 βουλευτηρίου,
1551 2682 1737 2754 τηρῶν
1763 2682 1825 2736 τό
1843 2698 1905 2733 τε
1944 2686 1947 2689 “

320 2777 452 2847 περὶ
492 2777 654 2831 αὐτὸν
700 2777 918 2846 ἀξίωμα
978 2778 1073 2833 καὶ
1106 2775 1169 2829 τὸ
1193 2775 1294 2844 τῆς
1326 2774 1582 2845 πατρίδος
1641 2773 1915 2835 ὲπιεικὲς,“

320 2865 598 2936 παρῄνεσε
626 2867 692 2936 τῇ
716 2865 1006 2934 συγκλήτῳ
1059 2862 1416 2933 σχετλιάζων,
1444 2865 1492 2917 εἰ
1538 2861 1613 2934 μὴ
1664 2862 1754 2916 τὸν
1810 2862 1906 2915 ἀν-

321 2957 593 3029 θρώπινον
666 2957 831 3026 φόῦον
888 2956 1267 3020 εὐλαϐοῦνται,
1297 2955 1400 3026 τήν
1454 2972 1518 3023 γε
1565 2953 1689 3018 τοὺς
1737 2954 1907 3024 ὑπερ-

320 3050 549 3122 ηφάνως
568 3052 690 3114 ταῖς
718 3048 987 3114 ἐξουσίαις
1041 3048 1359 3120 χρωμένους
1385 3047 1791 3118 μετερχομένην
1821 3046 1907 3099 νέη

323 3158 481 3212 μεσιν
545 3141 832 3195 αἰδεῖσθαι.
893 3141 1097 3211 Διόπερ
1155 3141 1236 3203 εἰς
1269 3140 1686 3209 ἐπιεικεστέραν
1727 3138 1908 3203 δοθεὶς

320 3235 590 3305 φυλακὴν,
646 3234 741 3287 καὶ
770 3235 956 3295 κεναῖς
974 3232 1020 3265 ⁸⁸
1059 3231 1242 3285 ὲλπίσι
1293 3230 1670 3302 προσανέχων,
1713 3230 1909 3301 ὁμοίαν

318 3329 433 3391 τοῖς
462 3344 745 3397 προητυχη
755 3326 938 3397 μένοις
958 3324 1083 3395 ἔσχε
1109 3326 1203 3378 τοῦ
1235 3325 1348 3395 βίου
1378 3325 1476 3396 τὴν
1504 3325 1909 3395 καταστροφήν.

319 3419 481 3485 Διετῆ
521 3418 631 3489 γάρ
664 3418 857 3488 χρόνον
888 3416 1285 3488 φιλοψυχήσας,
1317 3416 1412 3470 καὶ
1453 3416 1770 3488 προσκόψας
1798 3418 1913 3480 τοῖς

319 3509 706 3581 quidne-oet"
751 3509 1078 3580 βαρϐάροις,
1127 3508 1479 3579 κωλυόμενος
1536 3508 1629 3562 ὑπ’
1688 3509 1913 3563 ἐκείνων

319 3604 491 3658 ὕπνου
532 3605 717 3673 τυχεῖν
735 3601 1102 3672 ἐτελεύτησεν.

395 3695 522 3749 Ὅτι
565 3694 816 3764 λέγουσιν
831 3693 878 3727 δ’
912 3695 1145 3757 ἑαυτοὺς
1192 3694 1242 3747 οἱ
1264 3695 1365 3763 τῆς
1399 3693 1796 3757 Καππαδοκίας
1820 3692 1915 3763 βα-

323 3786 493 3850 σιλεῖς
519 3787 599 3850 εἰς
632 3787 813 3856 Κῦρον
840 3785 1131 3857 ἀναφέρειν
1153 3785 1215 3838 τὸ
1239 3786 1398 3854 γένος
1428 3786 1520 3839 τὸν
1558 3787 1618 3840 ὲν
1652 3786 1912 3858 Πέρσαις,

320 3874 757 3930 διαὸεὖαιοῦνται
783 3876 840 3930 δὲ
870 3876 964 3929 καὶ
1013 3875 1125 3928 τῶν
1185 3876 1326 3929 ἑπτὰ
1385 3875 1615 3945 Περσῶν
1659 3875 1771 3929 τῶν
1821 3874 1915 3930 τὸν

325 3969 502 4039 μάγον
560 3966 971 4036 ὲπανελομένων
1008 3967 1129 4030 ἐνὸς
1177 3966 1453 4037 ὑπάρχειν
1482 3965 1764 4035 ἀπόγονοι.
1801 3967 1916 4021 Καὶ⁹

317 4056 422 4128 τὴν
468 4057 566 4126 μὲν
599 4057 709 4112 ἀπὸ
741 4057 923 4129 Κύρου
967 4056 1291 4126 συγγένειαν
1321 4056 1465 4111 οὕτω
1501 4056 1913 4128 καταριθμοῦν-

317 4165 431 4203 ται.
460 4149 760 4218 Καμϐύσου
789 4150 883 4202 τοῦ
913 4149 1095 4222 Κύρου
1124 4153 1332 4219 πατρὸς
1375 4148 1612 4219 ἀδελφὴν
1666 4148 1913 4220 ὑπάρξαι

320 4241 549 4310 γνησίαν
567 4242 611 4275 ⁵⁸
644 4243 911 4295 Ἄτοσσαν
930 4241 999 4275 θ’·
1054 4241 1261 4312 ταύτης
1296 4241 1353 4294 δὲ
1373 4241 1468 4294 καὶ
1489 4240 1780 4310 Φαράνκου
1802 4239 1898 4294 τοῦ

321 4332 721 4395 Καππαδοκίας
743 4332 1009 4402 βασιλέως
1043 4332 1301 4401 γενέσθαι
1332 4331 1501 4384 παῖδα
1559 4331 1782 4393 Γάλλον.
1816 4333 1913 4387 καὶ

2007 1862 2109 1917 tes,
2140 1868 2261 1923 quae
2283 1854 2385 1923 ipsi
2414 1855 2777 1923 accipiebant,
2809 1858 2925 1913 haec
2951 1859 2999 1913 ei
3028 1858 3254 1930 benigne
3278 1859 3585 1928 lacryman-

2004 1953 2086 1999 tes
2118 1944 2499 2014 impertiebant
2564 1945 2735 2012 Igitur
2771 1948 2821 2002 ei
2870 1948 3080 2018 gladius
3112 1950 3180 2004 ad
3234 1950 3584 2017 occisionem,

2003 2045 2060 2092 et
2104 2038 2265 2092 restis
2316 2037 2384 2094 ad
2431 2040 2920 2108 strangulationem
2974 2042 3248 2112 prolectus
3294 2053 3415 2105 est,
3461 2044 3587 2097 data

2005 2127 2271 2181 utriusvis
2314 2128 2556 2198 optione.
2598 2130 2802 2186 Verum
2843 2130 2979 2186 nihil
3024 2141 3132 2187 tam
3177 2133 3336 2189 dulce
3375 2134 3589 2189 miseris

2006 2217 2224 2273 videtur
2254 2233 2416 2288 quam
2445 2220 2648 2286 vivere,
2693 2224 2908 2277 etiamsi
2958 2232 3131 2280 morte
3165 2225 3380 2295 dignam
3421 2230 3588 2280 mise-

2007 2309 2144 2365 riam
2195 2312 2488 2380 patiantur.
2536 2313 2615 2369 Ac
2662 2314 2880 2370 tandem
2926 2316 2979 2370 in
3038 2316 3122 2372 his
3170 2316 3589 2373 necessitatibus

2005 2400 2175 2454 vitam
2206 2400 2495 2469 ﬁnivisset,
2528 2404 2632 2458 nisl
2669 2404 2883 2461 Marcus
2918 2406 3174 2465 Emilius
3208 2411 3371 2465 curiae
3404 2412 3588 2478 [ινπεί-

2006 2491 2161 2557 dens,
2182 2500 2238 2546 et
2273 2508 2426 2547 suam
2459 2494 2780 2565 dignitatem
2810 2506 2864 2551 et
2897 2499 3089 2567 patria:
3114 2501 3423 2569 aequitatem
3461 2501 3590 2556 reti-

2008 2596 2166 2645 nens,
2191 2592 2439 2637 senatum
2473 2598 2596 2639 eum
2638 2586 2788 2655 gravi
2828 2589 3248 2658 reprehensione
3277 2606 3589 2645 commone-

2007 2671 2244 2741 fecisset,
2276 2685 2336 2728 ut
2367 2676 2411 2730 si
2444 2675 2685 2731 humano
2717 2687 2859 2733 metu
2893 2694 2999 2736 non
3040 2690 3357 2748 terreretur,
3388 2692 3445 2738 at
3469 2680 3584 2739 Ne-
3687 2745 3693 2752 _

2007 2763 2196 2817 mesim
2227 2763 2477 2820 ultricem
2520 2775 2671 2821 certe
2710 2779 3054 2837 vererentur,
3101 2788 3221 2842 quae
3252 2773 3305 2826 in
3348 2788 3442 2828 eos
3468 2775 3592 2830 ani-

2008 2857 2350 2913 madvertere
2385 2860 2544 2925 solet,
2590 2862 2680 2931 qui
2711 2863 3071 2932 potestatibus
3092 2868 3321 2935 superbe
3345 2879 3588 2922 utuntur.

2007 2945 2195 3016 Itaque
2231 2947 2321 3004 ille
2358 2949 2410 3003 in
2447 2950 2720 3006 mitiorem
2755 2953 2911 3007 datus
2939 2955 3242 3010 custodiam
3264 2994 3278 3020 ,
3316 2966 3375 3010 et
3424 2971 3594 3010 vanas

2009 3053 2135 3109 spes
2164 3038 2385 3107 fovens,
2430 3041 2663 3097 similem
2706 3045 3082 3113 superioribus
3124 3044 3342 3101 casibus
3385 3047 3589 3101 exitum

2014 3127 2136 3185 vita:
2184 3132 2410 3186 sortitus
2446 3141 2550 3188 est.
2595 3131 2892 3204 Postquam
2941 3137 3086 3191 enim
3139 3136 3417 3191 biennium
3471 3138 3595 3193 vita:

2011 3222 2239 3292 cupidus
2263 3223 2502 3291 duravit,
2528 3240 2652 3281 cum
2683 3227 2936 3284 custodes
2969 3229 3233 3285 barbaros
3253 3229 3590 3295 offendisset,
3666 3288 3675 3301 ί

2011 3315 2317 3383 prohibitus
2358 3327 2441 3373 est
2487 3321 2556 3375 ab
2594 3318 2701 3377 illis
2727 3336 2922 3377 somno
2947 3321 3072 3389 frui,
3121 3330 3285 3393 atque
3317 3324 3390 3379 ita
3424 3325 3591 3380 vitam

2013 3405 2206 3462 ﬁnivit.
2785 3412 2794 3419 ’

2086 3689 2278 3745 Dicunt
2304 3704 2422 3747 sese
2447 3691 2665 3763 (inquit)
2713 3692 3069 3764 Cappadocia:
3118 3712 3272 3767 reges
3304 3698 3370 3754 ad
3395 3699 3591 3772 Cyrum

2013 3780 2238 3836 Persam
2284 3782 2491 3840 referre
2535 3800 2706 3855 genus
2751 3801 2933 3853 suum,
2984 3789 3427 3867 contenduntque
3470 3807 3596 3861 pro-

2012 3883 2204 3942 gnatos
2242 3888 2361 3928 esse
2402 3890 2462 3930 se
2502 3890 2610 3931 uno
2656 3886 2863 3947 septem
2899 3876 3213 3946 Persarum,
3259 3882 3351 3950 qui
3380 3897 3593 3954 magum

2013 3965 2350 4032 occiderunt,
2385 3978 2437 4022 et
2471 3969 2689 4023 ductam
2723 3970 2942 4040 quidem
2974 3987 3002 4025 a
3036 3972 3180 4043 Cyro
3213 3976 3593 4045 cognationem

2015 4057 2095 4110 sic
2129 4067 2476 4113 enumerant.
2506 4058 2770 4131 Cambyse
2799 4059 2925 4132 Cyri
2957 4064 3130 4133 patris
3153 4079 3397 4119 sororem
3431 4065 3595 4121 fuisse

2011 4162 2323 4218 germanam
2366 4151 2639 4222 Atossam.
2685 4150 2763 4206 Ex
2793 4153 2897 4210 hac
2919 4166 2973 4210 et
3000 4155 3283 4213 Pharnace
3309 4159 3591 4227 Cappadu'

2012 4243 2110 4299 cite
2147 4259 2274 4315 rege
2326 4255 2513 4301 natum
2560 4245 2731 4304 fuisse
2770 4246 3133 4319 Pcdagamum
3162 4250 3297 4322 (61),
3343 4260 3399 4305 et
3440 4242 3598 4318 hujus

2015 4337 2182 4391 lilium
2221 4337 2391 4394 fuisse
2424 4338 2697 4394 Smerdim
2731 4357 2747 4396 :
2783 4342 2940 4412 cujus
2975 4357 3138 4411 porro
3172 4343 3513 4406 Artamnam,
3544 4354 3598 4397 ει

320 4421 514 4477 τούτου
557 4423 812 4493 γενέσθαι
864 4424 1098 4497 Σμέρδιν
1117 4424 1183 4488 ⁴³,
1240 4417 1301 4478 οὗ
1349 4424 1652 4494 ’Δρτάμηνο
1714 4424 1810 4478 τοῦ
1853 4424 1905 4479 δὲ

2017 4429 2178 4499 hujus
2225 4431 2523 4499 Anaphan,
2573 4432 2663 4500 qui
2697 4431 3013 4487 fortitudine
3058 4443 3113 4489 et
3163 4434 3387 4489 audacia
3417 4434 3597 4489 excel-

335 4516 599 4585 ’Δναφᾶν,
628 4517 690 4571 όν
713 4518 807 4572 καὶ
863 4517 1164 4586 διενεγκεῖν
1198 4517 1299 4588 μὲν
1341 4515 1565 4588 ἀνδρείᾳ
1594 4516 1686 4570 καὶ
1713 4515 1909 4590 τόλμῃ,

321 4610 579 4677 γενέσθαι
606 4609 651 4663 δ’
689 4610 785 4663 ’ἐνα
816 4609 926 4663 τῶν
972 4609 1115 4663 έπτά
1142 4610 1387 4681 Περσῶν.
1419 4607 1531 4680 Τὴν
1572 4607 1672 4677 μὲν
1704 4606 1801 4661 οὖν
1829 4607 1910 4672 είς

322 4701 506 4771 Κῦρον
519 4702 565 4733 θ’
589 4704 914 4772 συγγένειαν
951 4702 1096 4757 οὕτω
1148 4700 1537 4772 γενεαλογοῦσι
1568 4699 1664 4755 καὶ
1696 4699 1799 4770 τὴν
1829 4700 1910 4762 είς

335 4792 596 4863 Ἀναφᾶν,
641 4795 700 4848 ὃν
739 4812 872 4864 φασι
912 4795 976 4849 δι’
1015 4794 1271 4864 ἀνδρείαν
1328 4792 1753 4864 συγχωρηθῆναι
1809 4791 1913 4873 τὴν

323 4883 732 4949 Καππαδοκίας
782 4885 1109 4940 δυναστείαν
1156 4886 1297 4941 ὥστε
1375 4885 1450 4958 μὴ
1491 4884 1668 4938 τελεῖν
1714 4881 1914 4953 φόρους

325 4974 587 5043 Πέρσαις.
645 4971 719 5031 Οἵ)
751 4977 1180 5050 τελευτήσαντος
1229 4978 1519 5051 ὁμώνυμος
1563 4977 1678 5042 υίὸς
1729 4976 1911 5049 ἄρχει.

2017 4522 2198 4585 luerit,
2226 4530 2280 4578 et
2304 4536 2444 4579 unus
2467 4534 2674 4593 septem
2713 4525 2997 4581 Persarum
3028 4526 3210 4582 fuerit.
3244 4527 3410 4598 Igitur
3438 4544 3595 4584 suam

2014 4614 2080 4665 ad
2119 4611 2320 4683 Cyrum
2359 4616 2733 4685 cognationem
2766 4618 2846 4673 sic
2889 4630 3241 4683 enumerant,
3278 4629 3335 4675 et
3355 4622 3421 4677 ad
3449 4621 3596 4676 Ana-

2013 4703 2155 4774 phan
2185 4745 2200 4767 ,
2231 4705 2314 4759 cui
2338 4706 2626 4776 perhibent
2648 4721 2867 4780 propter
2895 4713 3145 4766 virtutem
3172 4714 3249 4767 sic
3276 4728 3592 4768 concessum

2015 4791 2182 4847 fuisse
2203 4794 2554 4866 Cappadocia:
2576 4800 2963 4869 principatum,
2983 4810 3039 4855 ut
3062 4801 3242 4857 Persis
3263 4804 3464 4857 tributa
3489 4818 3594 4856 non

2014 4887 2295 4954 penderet.
2338 4890 2414 4943 Eo
2457 4890 2566 4944 vita
2609 4891 2864 4948 defuncto
2906 4894 3191 4963 imperavit
3224 4896 3466 4964 ejusdem
3497 4912 3596 4951 no-

2016 4978 2177 5033 minis
2205 4978 2369 5034 lllins.
2407 4979 2535 5036 Post
2558 4984 2712 5054 eujns
2737 4986 2945 5041 obitum
2972 4989 3358 5054 superstitibus
3387 4988 3596 5044 duobus

1560 5113 1799 5170 VARIAE
1834 5114 2126 5172 LECTION
2136 5116 2239 5174 ES.

423 5233 470 5266 ²⁸
501 5231 624 5303 ἕχον
656 5233 696 5288 Β
724 5245 778 5289 et
807 5250 950 5290 corr.
980 5237 1047 5287 A.

323 5303 420 5373 Α)
456 5304 665 5373 πλήρης
698 5323 759 5370 ςο

325 5372 415 5426 ΑΒ
447 5392 464 5428 ι
494 5372 784 5445 ἐρρίπτουν
825 5395 884 5441 ς.

326 5445 449 5505 ναῖς
477 5462 536 5508 ς.

329 5512 588 5568 Ἀττόσαν
618 5532 659 5579 ς

962 5377 1006 5409 ³⁸
1031 5374 1106 5438 ὡς
1137 5376 1204 5429 ἂν
1240 5374 1484 5438 βούλοιτο
1508 5390 1568 5438 ς.

756 5514 803 5548 ⁸⁹
829 5516 1069 5589 σμέρδην
1100 5515 1160 5570 Β.
1236 5513 1283 5545 ⁸⁸
1310 5513 1475 5585 κῦρον
1506 5513 1579 5567 A:
1612 5512 1795 5580 Κύρου
1831 5527 1891 5575 ς.

1147 5235 1191 5267 ²⁹
1229 5232 1569 5288 έννεακλίνου
1601 5245 1749 5285 corr.
1775 5231 1820 5285 A
1854 5245 1869 5300 ;
1898 5233 2262 5287 ἐννεακλιτίου
2294 5252 2356 5300 ς.

835 5307 878 5338 ³²
901 5303 1099 5377 τακτὰ]
1127 5304 1199 5358 τά
1231 5305 1371 5357 κατὰ
1400 5305 1465 5368 Α,
1494 5303 1564 5356 τὰ
1588 5300 1796 5370 ἔγκανα
1839 5299 1901 5355 Β.
1976 5303 2020 5334 ³³
2050 5299 2349 5386 γινόμενοι.
2427 5304 2475 5338 ³⁸
2498 5306 2909 5387 μετελάμϐανον
2968 5299 3194 5387 add._K.
3218 5299 3251 5383 ,ί
3301 5308 3345 5339 ³⁵
3371 5305 3595 5409 ἔρριπτο

835 5395 884 5447 3'.
962 5377 1006 5409 ³⁸
1031 5377 1111 5447 ὡς
1137 5376 1204 5429 ἂν
1240 5373 1484 5447 βούλοιτο
1508 5390 1568 5447 ς.
1603 5440 1611 5447 ι
1646 5372 1689 5402 ³⁷
1719 5371 1922 5447 καίπερ
1940 5372 2146 5447 αύτων]
2169 5376 2265 5447 καί
2284 5377 2416 5447 παρέ
2441 5376 2621 5430 αὐτων
2651 5377 2716 5441 Δ,
2743 5378 2840 5431 καὶ
2871 5376 3027 5447 παρά
3063 5394 3173 5430 των
3215 5377 3274 5428 Β.
3471 5377 3595 5447 καί-

635 5391 784 5428 ττουν
825 5395 884 5441 ς.
962 5377 1006 5409 ³⁸
1031 5373 1106 5438 ὡς
1137 5376 1204 5429 ἂν
1239 5373 1484 5476 Pediano
1508 5390 1568 5438 ς.
1646 5373 1689 5402 ³⁷
1719 5373 1922 5443 καίπερ
1940 5373 2146 5447 αὐτῶν]
2169 5376 2264 5429 καὶ
2284 5377 2416 5444 παρ’
2441 5373 2621 5430 αὗτῶν
2651 5373 2717 5441 Δ,
2743 5378 2840 5431 καὶ
2871 5376 3027 5448 παρά
3063 5376 3173 5430 τῶν
3215 5373 3274 5428 Β.
3374 5373 3420 5409 ⁸⁸
3439 5373 3449 5378 ⁷
3471 5377 3591 5429 καί-

635 5444 681 5476 ³⁹
718 5446 1051 5525 φυλάσσουσι
1316 5443 1569 5525 λέγουσίν
1595 5440 1805 5525 (φησιν)
1826 5443 2054 5508 ἑαυτοὺς
2083 5461 2145 5510 ς.
2226 5445 2270 5478 ’⁸⁸
2299 5444 2546 5519 ὑπάρξαι
2571 5447 2681 5519 γὰρ
2718 5447 2949 5519 γνησίαν
2979 5463 3040 5512 ς.
3134 5448 3179 5479 ⁸³
3203 5447 3439 5502 ἄτοσσαν
3464 5446 3591 5500 AB:

2455 5240 2498 5306 θ’
2524 5244 2749 5299 σκότους
2792 5239 2855 5291 Β.
2951 5238 2994 5270 ³⁸
3052 5236 3262 5306 πλῆρες
3288 5237 3330 5287 Β
3359 5246 3413 5306 ei
3444 5251 3590 5292 co"-

3476 5324 3597 5359 ιπτο

1840 5624 2074 5684 NOTAE.

404 5716 515 5789 (6|)
556 5717 639 5773 Al.
666 5718 828 5773 παῖδα
849 5718 1075 5785 Γάλλον,
1114 5720 1282 5787 ﬁlium
1319 5718 1550 5775 Gallum.
