3990 6232
457 259 592 324 1399

1621 275 1886 338 PHOTII
1922 277 2424 340 PATRIARCH/E
2461 277 2571 339 (ΖΡ.

3560 277 3710 344 1400

453 377 606 443 ﬁliis,
646 375 891 443 Datama,
929 377 1125 450 θεων
1145 386 1198 434 et
1234 379 1528 449 Arimnaeo,
1559 388 1892 444 successisse
1925 389 2024 444 im-

2125 387 2272 441 Μετὰ
2317 386 2374 440 δὲ
2410 386 2510 457 τὴν
2551 383 2741 439 τούτου
2787 383 3046 456 τελευτὴν
3091 383 3529 452 ἀπολειφθέντων
3551 387 3712 440 δυεῖν

450 470 601 537 perio
634 469 933 536 Datamam,
975 473 1151 526 virum
1201 483 1254 528 et
1297 474 1437 531 bello
1480 485 1536 532 et
1567 478 1686 536 aliis
1731 481 1878 549 regni
1904 496 2024 550 par-

452 561 597 615 tibus
629 560 921 628 laudatum,
945 565 1035 632 qui
1061 579 1180 619 cum
1205 564 1388 621 Persis
1424 569 1609 638 przelio
1629 585 1950 640 congressus
1970 583 2026 627 et

449 664 670 706 strenue
705 653 998 720 prteliatus,
1039 656 1092 708 in
1134 672 1198 711 eo
1227 657 1564 715 occubuerit.
1593 661 1836 732 Regnum
1869 676 2026 716 acce-

451 744 529 809 pit
564 743 704 798 lilius
747 746 1060 814 Ariamnes,
1091 749 1244 817 cujus
1287 752 1435 808 fuere
1477 752 1550 806 ﬁli
1591 752 1908 810 Ariarathes
1971 766 2027 809 et

450 833 803 901 Olophernes.
854 836 898 890 is
944 838 1230 895 Ariamnes
1272 856 1394 897 cum
1428 861 1603 901 annos
1631 847 2022 916 quinquaginta

450 925 792 994 imperasset,
821 945 918 984 nec
959 929 1122 984 ullum
1151 947 1286 1002 Opus
1311 935 1530 1005 dignum
1571 939 1832 993 memoria
1865 939 2025 995 fecis-

450 1029 552 1082 set,
586 1021 739 1074 obiit.
773 1021 900 1090 Ejus
934 1021 988 1075 in
1015 1023 1300 1090 imperium
1326 1028 1590 1081 successit
1617 1037 1742 1082 natu
1771 1030 2025 1098 grandior

453 1107 594 1162 ﬁlius
631 1112 964 1177 Ariarathes,
987 1114 1077 1182 qui
1110 1129 1270 1183 supra
1301 1117 1516 1170 modum
1551 1132 1766 1173 amasse
1793 1118 2020 1175 fratrem

451 1201 676 1266 dicitur,
709 1212 763 1256 ct
809 1206 874 1258 ad
923 1205 1252 1262 clarissimos
1291 1209 1511 1263 ordines
1545 1211 1826 1274 erexisse,
1860 1221 2024 1280 utque

451 1291 590 1345 idem
631 1307 750 1345 cum
793 1294 972 1348 Persis
1015 1297 1274 1352 adversus
1313 1297 1598 1367 Egyptios
1643 1299 1864 1365 missus,
1897 1301 2023 1357 belli

449 1383 628 1436 socius
662 1385 857 1449 fuisse,
894 1394 949 1439 et
987 1401 1110 1440 cum
1150 1388 1359 1456 magnis
1394 1390 1693 1446 honoribus
1727 1392 2018 1456 revenisse,

449 1487 586 1541 quos
609 1473 894 1529 Persarum
926 1491 1023 1530 rex
1049 1476 1229 1532 Ochus
1259 1489 1481 1548 propter
1509 1482 1768 1537 virtutem
1807 1485 1857 1537 in
1898 1500 2020 1539 eum

449 1564 781 1631 conferebat,
817 1567 1086 1637 vitamque
1126 1568 1177 1622 in
1220 1571 1390 1639 patria
1428 1571 1734 1641 reliquisse,
1767 1577 2012 1644 superati.

451 1657 592 1709 tibus
616 1657 740 1712 ﬁliis
769 1658 1056 1714 Ariaratha
1083 1670 1138 1714 et
1168 1662 1374 1732 Arysa;
1405 1662 1574 1718 frater
1598 1674 1776 1718 autem
1803 1675 1857 1720 et
1881 1667 2022 1735 Cap.

2126 480 2281 541 υἱοῖν,
2339 477 2593 547 Δατάμου
2642 477 2738 529 καὶ
2794 474 3108 546 Ἀριμναίου
3142 517 3156 541 ,
3201 474 3541 542 διαδέξασθαι
3597 475 3710 547 τὴν

2125 569 2302 642 ἀρχὴν
2333 570 2614 639 Δατάμην,
2644 567 2814 638 ἄνδρα
2839 566 2934 620 καὶ
2951 566 2996 598 ⁸⁸
3027 566 3170 620 κατὰ
3195 567 3430 637 πόλεμον
3453 569 3548 622 καὶ
3576 568 3705 621 κατ’

2124 661 2261 714 ἄλλα
2295 665 2434 731 μέρη
2473 660 2572 730 τῆς
2602 659 2875 730 βασιλείας
2913 657 3040 729 [624
3071 657 3164 730 IL]
3195 659 3608 729 ἐπαινούμενον,
3640 658 3703 722 ὃς

2124 752 2362 823 Πέρσαις
2396 753 2484 806 διὰ
2530 752 2710 821 μάχης
2749 749 2920 803 ἐλθὼν
2981 750 3077 803 καὶ
3119 749 3385 820 λαμπρῶς
3420 751 3569 805 κατὰ
3596 749 3702 819 τὴν

2127 843 2306 914 μάχην
2368 843 2778 913 ἀγωνισάμενος
2805 844 2863 894 ὲν
2904 843 3040 913 αὐτῇ
3105 843 3350 913 τελευτᾷ.
3412 842 3705 906 Διεδέξατο

2122 936 2180 989 δὲ
2207 937 2306 1005 τὴν
2337 934 2612 1004 βασιλείαν
2640 936 2667 988 6
2695 934 2809 997 υίὸς
2850 934 3169 1004 Ἀριάμνης,
3200 929 3262 986 οὗ
3291 933 3531 1000 γίνονται
3567 934 3699 984 παϊ-

2122 1027 2212 1089 δες
2283 1023 2616 1094 Ἀριαράθης
2677 1023 2773 1077 καὶ
2839 1023 3205 1094 Ὀλοφέρνης·
3264 1016 3418 1083 οὗτος
3470 1021 3529 1074 δὲ
3594 1019 3697 1089 ἐτη

2122 1118 2460 1186 πεντήκοντα
2480 1115 2845 1177 δυναστεύσας
2873 1115 2969 1168 καὶ⁵
2997 1114 3162 1181 μηδὲν
3187 1113 3347 1184 έργον
3377 1113 3526 1179 ἀξιον
3547 1111 3700 1184 μνήο

2126 1230 2233 1283 μης
2252 1209 2464 1282 πράξας
2481 1209 2731 1279 τελευτᾷ.
2757 1207 2868 1278 Τὴν
2895 1208 2952 1260 δὲ
2965 1207 3139 1278 ἀρχὴν
3160 1205 3427 1269 διεδέξατο
3469 1207 3498 1257 6
3517 1220 3697 1274 πρεσο

2123 1305 2349 1376 ϐύτερος
2398 1303 2508 1357 τῶν
2562 1301 2695 1356 υἱῶν
2769 1299 3120 1370 Ἀριαράθης,
3177 1298 3236 1362 ὃς
3267 1297 3701 1366 φιλοστοργῆσαι

2121 1395 2486 1467 διαφερόντως
2512 1393 2730 1462 λέγεται
2767 1391 2858 1445 τὸν
2889 1389 3144 1457 ἀδελφὸν,
3167 1387 3264 1441 καὶ
3291 1388 3558 1458 προάγειν
3597 1385 3703 1438 αὖ·

2120 1489 2212 1542 τὸν
2263 1490 2342 1550 είς
2365 1486 2465 1550 τὰς
2518 1483 2959 1555 ἐπιφανεστάτας
2986 1480 3200 1546 τάξεις·
3239 1479 3298 1533 ὃν
3336 1479 3432 1531 καλ⁸
3460 1478 3701 1547 Πέρσαις

2120 1580 2243 1636 κατ’
2304 1578 2616 1647 Αἰγυπτίων
2677 1574 3052 1630 ἀποσταλέντα
3100 1570 3464 1641 συμμαχῆσαι
3496 1567 3700 1638 μετά⁸⁶

2127 1673 2380 1743 μεγάλων
2437 1670 2612 1740 τιμῶν
2638 1667 2974 1730 ἐπανελθεῖν,
3008 1665 3075 1728 ἃς
3093 1661 3258 1733 Ὦχος
3288 1664 3316 1716 ό
3345 1659 3572 1730 Περσῶν
3599 1658 3702 1728 βα-

450 1748 686 1812 ιιιιιιοείω
707 1750 992 1817 imperium
1020 1751 1224 1805 habens
1248 1753 1371 1821 (uec
1391 1753 1536 1808 enim
1565 1770 1876 1823 germanam
1903 1773 2022 1826 pro-

2125 1737 2304 1828 σιλεὺς
2337 1762 2476 1833 ὑπὲρ
2495 1737 2746 1832 άνδρείας
2775 1759 2970 1819 ἐδίδου,
3001 1756 3094 1810 καὶ
3127 1755 3219 1808 τὸν
3244 1753 3355 1824 βίον
3390 1753 3448 1804 ὲν
3470 1752 3536 1821 τῇ
3591 1765 3704 1801 πα-

450 1837 553 1894 lem
583 1838 858 1905 habebat),
888 1837 1231 1907 grandiorem
1265 1839 1449 1894 fratris
1478 1839 1644 1893 ﬁlium
1681 1843 2019 1896 Ariarathem

450 1930 746 1996 ad0ptavit.
780 1930 880 1984 Per
902 1945 964 1984 ea
988 1939 1228 1999 tempora
1257 1931 1563 1986 Alexander
1586 1932 1807 1988 Macedo
1832 1932 2022 1990 Persas

451 2022 756 2085 debellavit,
781 2022 973 2076 deinde
1001 2022 1154 2077 obiit.
1194 2024 1261 2077 At
1298 2024 1582 2079 Perdiccas
1617 2027 1856 2080 omnium
1893 2035 2023 2083 tunc

453 2129 632 2166 rerum
673 2114 1020 2181 gubernator.
1065 2115 1358 2170 Eumenem
1406 2117 1552 2170 misit
1583 2119 1772 2173 ducem
1813 2118 2024 2190 Cappa-

449 2205 646 2270 dociae,
686 2221 748 2260 ac
788 2206 1055 2261 debellato
1089 2207 1376 2262 Ariaratha
1421 2218 1475 2262 et
1521 2209 1573 2262 in
1617 2224 1796 2278 pugna
1838 2210 2021 2265 inter-

448 2295 610 2357 fecto.
637 2305 745 2351 tam
770 2297 884 2368 ipsa
916 2299 1254 2368 Cappadocia
1277 2315 1437 2369 quam
1474 2300 1714 2355 ﬁnitimae
1751 2303 2020 2373 regiones,

449 2388 505 2442 in
567 2388 917 2444 Macedonum
984 2399 1307 2459 potestatem
1361 2401 1647 2447 venerunt.
1705 2393 2024 2449 Ariarathes

449 2493 581 2534 vero
620 2480 876 2547 postremi
924 2481 1065 2549 regis
1101 2479 1243 2534 ﬁlius
1283 2481 1334 2535 in
1377 2482 1661 2550 praesentia
1702 2484 2020 2552 desperans,

451 2573 722 2627 concessit
769 2588 891 2626 cum
941 2573 1129 2641 paucis
1169 2574 1222 2627 in
1269 2573 1604 2628 Armeniam.
1656 2573 1810 2629 Haud
1857 2575 2024 2630 multo

451 2675 572 2734 post
602 2673 862 2733 tempore,
899 2665 1137 2719 Eumene
1165 2675 1218 2721 et
1251 2665 1506 2722 Perdicca
1541 2668 1790 2733 mortuis,
1825 2678 1880 2724 et
1907 2670 2024 2723 An-

451 2759 634 2826 tigono
655 2772 720 2811 ac
748 2757 978 2812 Seleuco
1001 2759 1331 2822 subsecutis,
1358 2759 1447 2813 ille
1471 2762 1709 2829 acceptis
1736 2763 1804 2816 ab
1836 2763 2027 2816 Arme-

453 2848 662 2902 niorum
696 2862 820 2918 rege
849 2849 1088 2904 Ardoata
1122 2850 1322 2918 copiis,
1365 2860 1420 2904 ct
1450 2849 1800 2906 Macedonum
1831 2854 2023 2906 ducem

451 2941 742 3011 Amyntam
789 2940 1082 3004 interfecit,
1128 2951 1182 2996 et
1209 2941 1530 2997 Macedones
1557 2943 1804 2998 celeriter
1833 2959 1863 2998 e
1902 2944 2025 2998 ﬁni-

451 3035 552 3087 bus
581 3031 770 3099 ejecit,
819 3033 1285 3102 domesticumque
1332 3033 1619 3103 imperium
1667 3039 2023 3106 recuperavit.

452 3122 650 3178 llabuit
678 3122 766 3178 hic
797 3133 908 3177 tres
927 3122 1088 3189 ﬁlios,
1107 3138 1333 3191 quorum
1367 3135 1496 3180 natu
1521 3126 1788 3182 maximus
1807 3127 2025 3182 Ariam-

453 3229 553 3268 nes
585 3229 806 3284 regnum
841 3214 1074 3283 accepit,
1108 3215 1198 3284 qui
1243 3213 1559 3272 aﬁinitatem
1600 3219 1871 3273 contraxit
1903 3234 2024 3274 cum

452 3309 719 3362 Antiocho
760 3309 1083 3380 cognomine
1117 3307 1257 3373 Deo,
1295 3307 1413 3379 ejus
1452 3309 1616 3372 ﬁliam
1663 3311 2025 3366 Stratonicam

454 3398 758 3453 Ariarathis
785 3399 1018 3454 ﬁliorum
1049 3415 1269 3456 suorum
1297 3410 1424 3455 natu
1457 3403 1692 3458 maximo
1721 3403 2025 3458 collocavit.

454 3485 699 3554 Cumque
735 3496 880 3542 esset
907 3487 1137 3543 ﬁliorum
1170 3504 1331 3560 supra
1371 3491 1586 3546 modum
1619 3507 1829 3556 amans,
1863 3507 2030 3562 puero

455 3577 702 3632 diadema
751 3579 1045 3648 imposuit,
1096 3594 1220 3636 eum
1281 3581 1447 3636 totius
1501 3583 1554 3636 in
1601 3596 1768 3653 regno
1820 3584 2030 3652 imperii

457 3679 624 3740 atque
661 3671 800 3738 juris
849 3686 919 3726 ex
949 3687 1104 3742 :equo
1149 3688 1335 3728 secum
1386 3674 1592 3729 socium
1637 3672 1783 3728 fecit.
1822 3673 2034 3728 Mortuo

458 3774 614 3834 patre
645 3765 963 3819 Ariarathes
989 3765 1137 3820 solus
1168 3766 1436 3836 regnavit,
1471 3776 1523 3820 et
1554 3781 1584 3820 e
1612 3767 1721 3820 vita
1751 3767 2034 3823 discedens

460 3870 688 3923 regnum
716 3855 825 3908 ﬁlio
846 3870 945 3909 suo
967 3856 1254 3909 admodum
1283 3870 1450 3923 puero
1483 3854 1722 3924 reliquit.
1759 3853 1858 3909 Hic
1883 3855 2037 3909 duxit

459 3947 515 4001 in
549 3962 771 4001 uxorem
798 3946 962 4000 filiam
994 3946 1247 4000 Antiochi
1274 3946 1474 4013 Magni,
1506 3949 1721 4002 nomine
1749 3947 2037 4002 Antiochi-

461 4039 583 4094 dem
609 4077 624 4101 ,
674 4049 944 4092 versutum
1007 4037 1318 4092 admodum.
1353 4037 1551 4107 383a
1580 4036 1764 4101 Hauc,
1807 4054 1931 4092 cum
1977 4037 2040 4092 li-

461 4130 623 4184 beros
667 4145 770 4182 non
813 4130 1092 4198 gigneret,
1138 4131 1489 4197 supposuisse
1531 4127 1711 4185 ferunt
1755 4129 1858 4184 sibi
1901 4128 2038 4184 duos

463 4223 608 4278 ﬁlios
642 4223 922 4293 ignorante
953 4222 1101 4287 viro,
1149 4221 1400 4276 videlicet
1442 4221 1786 4276 Ariaralhem
1826 4233 1879 4277 et
1907 4221 2038 4277 Olo-

461 4319 751 4386 pherucm.
791 4316 1085 4385 Aliquanto
1129 4325 1248 4386 post
1281 4325 1524 4385 tempore
1568 4332 1688 4369 cum
1713 4331 1894 4370 semen
1919 4332 2042 4371 sus-

2122 1855 2262 1926 τρίδι
2295 1854 2492 1916 λιπεῖν,
2556 1851 2704 1913 υἱοὺς
2729 1847 3162 1917 ἐγκαταλιπόντα
3205 1841 3537 1915 Ἀριαράθην
3603 1839 3700 1891 καὶ

2134 1946 2390 2017 Ἀρύσην.
2439 1945 2499 1999 ’0
2520 1944 2575 1996 δὲ
2603 1943 2830 2010 ἀδελφὸς
2858 1942 2955 1994 καὶ
2986 1937 3087 2007 τῆς
3113 1934 3504 1994 Καππαδοκίας
3557 1930 3702 1999 έχων

2120 2037 2220 2108 τὴν
2247 2037 2419 2107 ἀρχὴν
2442 2035 2525 2105 (οὐ
2550 2033 2657 2103 γὰρ
2680 2028 2746 2102 ἦν
2771 2029 2919 2100 αὐτῷ
2941 2026 3078 2098 γυνὴ
3098 2028 3140 2058 ⁸⁷
3164 2025 3383 2095 γνησία)
3408 2020 3573 2095 [1160
3600 2018 3700 2089 IL]

2122 2129 2212 2180 τὸν
2239 2125 2606 2197 πρεσϐύτερον
2651 2123 2759 2176 τῶν
2812 2120 3015 2172 παίδων
3039 2115 3303 2185 τάδελφοῦ
3349 2111 3693 2185 Ἀριαράθην

2123 2218 2462 2272 υίοποιεῖται.
2493 2212 2653 2266 Κατὰ
2683 2213 2739 2265 δὲ
2758 2211 2980 2272 τούτους
3017 2209 3146 2270 τοὺς
3175 2206 3403 2277 χρόνους
3446 2201 3701 2265 Ἀλέξαν-

2121 2309 2245 2379 δρος
2267 2309 2295 2360 ό
2318 2305 2582 2360 Μακεδὼν
2632 2302 2999 2370 καταπολεμεῖ
3038 2302 3133 2370 μὲν
3163 2297 3398 2369 Πέρσας,
3445 2291 3567 2347 εἶτα
3599 2292 3699 2346 καὶ

2123 2400 2369 2469 τελευτᾷ,
2406 2398 2500 2450 καὶ
2529 2393 2832 2466 Περδίκκας
2851 2393 2897 2425 ⁸⁸
2930 2394 2960 2445 6
2989 2390 3096 2445 τῶν
3123 2391 3259 2444 ὅλων
3287 2389 3410 2442 τότε
3453 2386 3701 2456 ἡγούμε-

2124 2510 2212 2556 νος
2252 2492 2468 2562 Εὐμένη
2508 2490 2716 2559 πέμπει
2771 2484 3167 2547 Καππαδοκίας
3226 2480 3553 2553 στρατηγόν.
3588 2479 3702 2530 Καὶ

2124 2581 2666 2652 καταπολεμηθέντος
2707 2577 3061 2650 Ἀριαράθου,
3086 2577 3343 2636 πεσόντος
3365 2589 3425 2624 τε
3447 2571 3492 2603 ⁸⁸
3533 2573 3593 2623 ὲν
3621 2570 3691 2638 τῇ

2127 2678 2296 2748 μάχῃ,
2363 2676 2499 2744 αύτὴ
2530 2692 2588 2726 τε
2619 2675 2651 2743 ἡ
2692 2669 3060 2725 Καππαδοκία
3111 2668 3207 2721 καὶ⁷
3237 2669 3305 2719 τὰ
3340 2665 3698 2734 πλησιόχωρα

2124 2769 2293 2838 αὐτῆς
2322 2768 2514 2820 ἔπεσεν
2559 2765 2665 2819 ὑπὸ
2719 2763 3055 2825 Μακεδόνας.
3097 2759 3428 2832 Ἀριαράθης
3464 2757 3521 2810 δὲ
3548 2758 3577 2807 ό
3606 2752 3701 2806 τοῦ

2125 2858 2681 2932 προϐεϐασιλευκότος
2712 2857 2846 2919 υίὸς,
2892 2854 3198 2916 ἀπελπίσας
3233 2852 3374 2905 κατὰ
3403 2851 3465 2903 τὸ
3499 2845 3696 2915 παρὸν,

2125 2953 2402 3022 ἀποχωρεῖ
2464 2950 2580 3021 μετ’
2632 2948 2829 3017 ὀλίγων
2867 2946 3005 3016 πρὸς
3066 2945 3164 3016 τὴν
3207 2942 3525 3014 Ἀρμενίαν.
3561 2941 3696 2994 Μετ’

2052 3075 2097 3134 C
2127 3045 2189 3098 οὐ
2223 3043 2390 3097 πολὺν
2413 3043 2470 3096 δὲ
2497 3042 2686 3114 χρόνον
2727 3041 2836 3094 τῶν
2887 3041 3011 3109 περὶ
3062 3037 3154 3134 τὸν
3181 3035 3402 3134 Ελύμένη
3433 3036 3531 3134 καλ
3562 3035 3704 3134 [lep-

2126 3136 2321 3190 δίκκαν
2372 3133 2831 3203 τελευτησάντων,
2877 3128 3179 3197 Ἀντιγόνου
3210 3126 3268 3179 δὲ
3306 3125 3401 3178 καὶ
3437 3123 3703 3176 Σελεύκου

2131 3225 2587 3298 περισπωμένων,
2616 3221 2798 3276 λαϐὼν
2824 3220 3054 3289 δύναμιν
3105 3218 3257 3288 παρὰ
3293 3216 3388 3270 τοῦ
3431 3215 3699 3284 βασιλέως

2129 3324 2237 3377 τῶν
2285 3318 2587 3390 Ἀρμενίων
2624 3313 2908 3385 Ἀρδοάτου
2957 3311 3046 3362 τὸν
3100 3309 3197 3380 μὲν
3221 3308 3330 3360 τῶν
3379 3305 3705 3360 Μακεδόνων

2095 3395 2439 3482 ⁵στρατηγὸν
2516 3402 2788 3474 Ἀμύνταν
2841 3399 3183 3460 ἀπέκτεινεν,
3235 3395 3455 3462 ἐξέϐαλε
3514 3394 3573 3446 δὲ
3614 3393 3706 3445 καὶ

2131 3499 2448 3560 Μακεδόνας
2465 3497 2511 3528 ⁸ο
2573 3493 2782 3562 ταχέως
2827 3490 2926 3559 τῆς
2976 3487 3180 3558 χώρας,
3245 3487 3343 3540 καὶ
3380 3484 3477 3554 τὴν
3502 3483 3708 3536 οἰκείαν

2133 3589 2306 3660 ἀρχὴν
2363 3587 2716 3654 ἀνεκτήσατο.
2751 3579 2998 3650 Τούτῳσι
3030 3579 3086 3630 δὲ
3105 3576 3273 3647 τριῶν
3304 3575 3509 3629 παίδων
3553 3591 3708 3642 γενι-

2138 3683 2312 3753 μένων
2329 3675 2603 3746 παρέλαϐε
2628 3675 2726 3745 τὴν
2756 3671 3031 3742 βασιλείαν
3053 3672 3080 3722 ό
3101 3666 3470 3738 πρεσϐύτατος
3486 3665 3710 3737 Ἀριάμ-

2135 3791 2231 3843 νης
2251 3789 2264 3804 ο
2298 3772 2354 3834 ὂς
2391 3767 2690 3838 ἐπιγαμίαν
2750 3764 2885 3834 πρὸς
2926 3761 3196 3830 Ἀντίοχον
3224 3759 3594 3830 ποιησάμενος
3623 3759 3708 3810 τὸν

2137 3860 2574 3932 ἐπονομασθέντα
2631 3857 2784 3922 Θεὸν,
2816 3855 2916 3925 τὴν
2945 3853 3134 3906 τούτου
3162 3852 3436 3922 θυγατέρα
3479 3851 3711 3919 Στρατοο

2139 3955 2294 4022 νίκην
2323 3951 2587 4021 συνῴκισε
2605 3948 2684 4018 τῷ
2709 3945 3066 4016 πρεσϐυτέρῳ
3095 3943 3202 3996 τῶν
3231 3943 3362 3995 υίῶν
3387 3939 3707 4011 Ἀριαράθῃ.

2152 4046 2442 4114 ’Υπάρχων
2473 4043 2530 4094 δὲ
2560 4041 2868 4110 φιλότεκνος
2915 4037 3280 4109 διαφερόντως
3326 4033 3613 4104 περιέθετο
3637 4029 3712 4099 τῷ

2143 4137 2294 4190 παιδὶ
2323 4134 2577 4202 διάδημα,
2606 4131 2698 4184 καὶ
2730 4131 3017 4200 συνάρχειν
3058 4127 3275 4180 πάντων
3295 4125 3404 4177 τῶν
3438 4124 3536 4194 τῆς
3549 4123 3595 4152 ⁵¹
3628 4120 3714 4190 βα·

2143 4226 2404 4288 σιλείας⁵³
2448 4221 2882 4294 προτερημάτων
2937 4218 3023 4272 ἐπ’
3063 4219 3184 4288 ῐσης
3221 4215 3566 4287 μεταδίδωσι.
3608 4209 3710 4264 Τοῦ

2141 4321 2199 4372 δὲ
2232 4317 2436 4386 πατρὸς
2457 4314 2880 4384 τελευτήσαντος
2916 4309 3246 4379 Ἀριαράθης
3291 4305 3565 4378 βασιλεύει
3593 4302 3712 4356 καθ’

463 4407 733 4478 cepisset,
787 4407 956 4476 ipsam
994 4417 1190 4475 prmter
1221 4421 1370 4475 spem
1404 4405 1677 4475 peperisse
1705 4406 1842 4459 duas
1875 4406 2026 4472 ﬁlias,

2144 4411 2336 4465 ἑαυτὸν
2357 4408 2451 4462 καὶ
2476 4405 2856 4478 μεταλλάσσων
2888 4405 2976 4456 τὸν
2998 4403 3110 4472 βίον
3161 4400 3418 4454 κατέλιπε
3439 4398 3484 4430 ⁸⁸
3513 4398 3611 4466 τὴν
3635 4396 3718 4466 βα·

464 4511 520 4556 et
543 4516 706 4553 unum
736 4499 922 4567 ﬁlium,
957 4500 1172 4553 nomine
1196 4497 1582 4553 Mithridatem.
1610 4499 1682 4552 At
1717 4509 1842 4552 tunc
1867 4497 2026 4552 viruit

2140 4501 2344 4555 σιλείαν
2382 4497 2682 4569 Ἀριαράθῃ
2705 4496 2780 4564 τῷ
2803 4493 2923 4565 υἰῷ,
2957 4493 3134 4563 νηπίῳ
3165 4489 3444 4552 παντελῶς
3473 4489 3590 4541 ὄντι
3623 4486 3716 4556 τὴν

440 4595 535 4647 ‘de
561 4590 789 4646 subditis
823 4590 1193 4656 consuluisse,
1228 4599 1286 4643 et
1319 4589 1513 4644 fecisse
1544 4599 1602 4644 ut
1635 4591 1890 4660 grandior
1918 4605 2026 4643 cuu

2140 4595 2377 4666 ἡλικίαν.
2431 4583 2601 4653 Οὗτος
2638 4589 2696 4642 δὲ
2755 4587 2930 4658 ἔγημε
2990 4585 3267 4654 θυγατέρα
3325 4582 3418 4635 τοῦ
3484 4579 3715 4651 μεγάλου

467 4684 835 4739 mediocribus
867 4682 1211 4738 facultatibus
1243 4681 1471 4735 Romam
1503 4682 1806 4735 mitteretur
1827 4721 1842 4743 ,
1879 4694 1932 4735 et
1958 4681 2016 4750 ju

2142 4686 2436 4757 κληθέντος
2508 4682 2782 4751 Ἀντιόχου
2815 4720 2832 4745 ,
2899 4676 3307 4747 ὀνομαζομένην
3374 4673 3715 4741 Ἀντιοχίδα,

467 4777 590 4830 nior
616 4776 667 4828 in
703 4773 930 4839 Ioniam,
963 4789 1031 4829 ne
1066 4773 1132 4828 de
1158 4788 1324 4844 regno
1352 4789 1472 4828 cum
1499 4787 1756 4844 germano
1781 4773 1893 4827 lilio
1915 4787 2026 4826 con

2145 4776 2453 4846 πανοῦργον
2515 4773 2771 4843 μάλιστα.
2833 4767 3050 4838 Ταύτην
3101 4766 3158 4820 δὲ
3210 4766 3286 4836 μὴ
3337 4762 3643 4832 γινομένων
3674 4759 3717 4790 ⁸⁸

471 4867 776 4922 tenderent.
818 4865 972 4920 Hunc
1002 4865 1244 4919 adultum
1275 4865 1618 4919 Ariarathem
1655 4863 1808 4917 aiunt
1839 4878 2012 4933 cogno

2144 4867 2353 4920 τέκνων
2413 4861 2860 4918 ὑποϐαλέσθαι⁸⁶.
2899 4860 2993 4914 δύο
3021 4858 3217 4919 παῖδας
3257 4853 3581 4924 ἀγνοοῦντος
3630 4849 3718 4903 τοῦ

468 4959 765 5021 minatum,
816 4965 872 5012 et
922 4957 1115 5013 litteris
1167 4956 1372 5012 Graecis
1423 4957 1730 5020 imbutum,
1773 4967 1938 5024 atque
1977 4955 2026 5010 ol

2149 4958 2362 5030 ἀνδρὸς,
2417 4956 2748 5027 Ἀριαράθην
2797 4952 2894 5006 καὶ
2942 4950 3296 5018 Ὁλοφέρνην.
3329 4945 3486 5000 Μετὰ
3517 4945 3575 4997 δέ
3605 4958 3720 4995 τινα

465 5062 700 5106 ureteras
735 5050 962 5105 virtutes
1007 5048 1282 5104 laudatum
1333 5047 1517 5103 fuisse.
1558 5047 1624 5101 Et
1651 5057 1806 5116 pater
1832 5048 2026 5117 quiden

2152 5051 2341 5124 χρόνον
2373 5051 2470 5119 τῆς
2491 5047 2704 5116 φύσεως
2737 5043 3129 5114 ὲπιδεξαμένης
3163 5039 3498 5100 ἀνελπίστως
3539 5038 3714 5088 τεκεῖν

373 5150 382 5158 ’
470 5145 583 5199 ﬁlio
620 5145 790 5213 patris
834 5141 1038 5197 amanti
1079 5141 1328 5197 studebat
1379 5155 1439 5195 se
1484 5139 1723 5193 vicissim
1773 5148 2026 5192 amanteu

2154 5142 2330 5213 αὐτὴν
2349 5140 2440 5193 δύο
2474 5139 2569 5210 μὲν
2600 5135 2929 5206 θυγατέρας,
2952 5134 3068 5186 υἱὸν
3098 5132 3153 5185 δὲ
3169 5133 3264 5184 ἕνα
3278 5131 3370 5184 τὸν
3401 5127 3722 5198 όνομασθένυ

470 5235 564 5290 tilii
597 5235 857 5290 exhibere
885 5251 899 5287 :
932 5242 1094 5301 atque
1127 5244 1367 5300 eousque
1397 5231 1665 5300 processit
1699 5244 1886 5284 eorum
1923 5244 2026 5282 mu-

2156 5251 2225 5288 τα
2256 5230 2588 5300 Μιθριδάτην
2610 5227 2675 5280 ⁵⁷.
2713 5224 2804 5290 Ἐξ
2847 5217 2909 5278 οὗ
2948 5225 3075 5288 τοὺς
3131 5219 3555 5289 ὑποϐολιμαίους
3598 5217 3720 5268 ἅνα-

472 5343 559 5388 tua
594 5331 990 5394 benevolentia,
1035 5337 1093 5382 ut
1130 5336 1284 5382 nater
1311 5337 1423 5381 toto
1456 5327 1682 5398 imperio
1715 5327 1912 5381 cedere
1939 5324 2026 5380 ﬁlii

2158 5324 2514 5395 διδαξαμένην
2589 5320 2775 5387 τάνδρὶ
2831 5317 2924 5371 τὸν
2982 5316 3082 5388 μὲν
3157 5310 3527 5385 πρεσϐύτερον
3592 5306 3721 5380 μετὰ

1753 5459 1986 5516 VARLE
2022 5459 2420 5516 LECTIONES.

1536 5559 1582 5592 ⁸⁸
1614 5557 1774 5630 μετὰ]
1831 5560 1924 5612 καὶ
1960 5557 2099 5629 μετὰ
2143 5557 2202 5612 Β.
2305 5557 2347 5588 ⁵⁵⁷
2378 5555 2513 5626 γυνὴ
2564 5555 2622 5610 Β.
2723 5551 2769 5584 ⁸⁸
2798 5553 3058 5624 περδίκας
3087 5549 3146 5603 Β.
3281 5543 3325 5574 ⁸³
3361 5537 3626 5600 πεσόντος
3646 5538 3716 5604 τει

1536 5629 1573 5650 ιι
1610 5629 1755 5650 ___-___
1788 5649 1793 5650 ,
1833 5628 1869 5650 η
1969 5631 2014 5650 μ
2043 5629 2138 5650 __-_-
2181 5642 2263 5650 Α...
2323 5628 2346 5650 Α
2458 5629 2502 5650 ιιι
2536 5625 2682 5650 ο..--τ
2699 5625 2798 5650 ι..-
2828 5625 2866 5650 ι)
2967 5623 3011 5650 ινδ
3042 5618 3331 5650 ..-ηυξ-πε
3368 5613 3423 5650 Δγ
3507 5609 3554 5641 ³³
3578 5624 3716 5650 vam.

1532 5629 1576 5662 ⁸¹
1607 5613 1796 5681 ἐούτοῖ)
1832 5628 1890 5681 Bo
1960 5613 2014 5661 ’δ’
2041 5629 2138 5690 τῆς
2175 5642 2265 5683 0m
2316 5613 2400 5679 Λο’
2458 5613 2513 5658 ⁸³’
2536 5625 2798 5697 βασιλέως
2828 5613 2889 5677 ΒΣ
2967 5623 3011 5656 υδ
3040 5613 3333 5676 κατέλειπε
3365 5613 3429 5665 Λ.
3507 5613 3554 5641 ³³
3578 5624 3723 5679 γενο-

1566 5700 1609 5732 ⁵⁷
1630 5699 1966 5771 Μιθριδάτης
1994 5717 2053 5763 ς.

579 5571 620 5599 ts
656 5569 749 5621 καὶ
808 5576 931 5638 post
985 5564 1156 5638 ἄνδρα
1201 5561 1324 5638 add.
1367 5559 1431 5614 A.

476 5641 571 5691 καὶ
601 5633 856 5700 πεσόντος
887 5637 947 5690 Β.
1029 5634 1074 5666 ⁵ο
1106 5633 1374 5704 μακεδόνα
1394 5646 1454 5692 ς.

479 5712 655 5778 μένων
687 5725 745 5772 ς.
837 5710 881 5737 ⁸⁸
914 5706 1034 5762 libri
1075 5703 1490 5757 ὑπεϐάλλεσθαι.
