3990 6232
346 267 372 333 1
387 268 488 336 401

1412 279 1938 342 BIBLIOTHECA.
1982 305 2050 317 -
2085 281 2250 345 COD.
2277 282 2568 344 CCXLIV.

3460 272 3599 338 1402

337 386 662 457 συμμέτρου
722 403 912 459 χρειας
960 390 1041 453 είς
1074 387 1295 461 Ῥώμην
1329 390 1700 460 ἀποσταλῆναι
1732 409 1913 463 παρα-

2038 400 2276 457 :ertaret,
2321 392 2412 448 ille
2453 401 2644 449 contra
2678 395 3080 450 demonstraret
3111 389 3226 448 ﬁeri
3274 403 3383 444 non
3416 401 3597 459 posse,

341 478 630 542 σκευάσαι,
673 479 766 533 τὸν
813 479 871 532 δὲ
925 481 1190 554 νεώτερον
1232 484 1312 546 είς
1365 483 1465 552 τὴν
1505 481 1708 536 Ἰωνίαν
1759 484 1922 554 χάριν

339 568 436 620 τοῦ
467 568 543 638 μὴ
592 569 1011 641 διαμφισϐητεῖν
1070 573 1206 642 ὑπὲρ
1240 573 1340 640 τῆς
1369 571 1644 642 βασιλείας
1678 572 1756 642 τῷ
1787 589 1924 642 γνη-

345 659 468 730 σίῳ.
511 661 711 715 Τοῦτον
746 662 802 716 δὲ
850 665 1189 734 ἀνδρωθέντα
1247 665 1342 717 καὶ
1387 664 1718 734 Ἀριαράθην
1763 665 1926 730 φασὶν

347 753 842 824 μετονομασθῆναι,
911 755 1166 817 παιδείας,
1184 773 1242 808 τε
1283 753 1603 825 Ἐλληντκῆς
1667 753 1794 825 [625
1827 751 1926 824 IL]

348 848 662 914 μετασχεῖν,
697 847 792 900 καὶ
830 848 968 900 κατὰ
990 847 1086 918 τὴν
1133 848 1302 917 ἄλλην
1326 847 1668 901 ἐπαινεῖσθαι
1699 847 1923 915 ἀρετήν.

346 934 460 987 Καὶ
482 937 510 988 6
543 936 641 1005 μὲν
671 937 850 1008 πατὴρ
902 937 1222 1010 φιλοπάτορι
1269 939 1382 991 δντι
1417 939 1494 1008 τῷ
1520 937 1621 1008 υίῷ
1666 936 1924 990 ἔσπευδεν

345 1025 639 1080 ἀποδοῦναι
668 1029 765 1098 τὴν
783 1031 874 1082 τοῦ
899 1030 1208 1097 φιλοτέκνου
1235 1030 1491 1100 σπουδὴν,
1515 1029 1607 1083 καὶ⁵
1631 1029 1724 1082 ἐπὶ
1740 1030 1927 1082 τοσοῦ-

343 1133 441 1170 τον
473 1118 658 1182 αὐτοῖς
717 1120 924 1191 προέϐη
956 1121 1025 1174 τὰ
1048 1122 1149 1190 τῆς
1192 1121 1328 1190 πρὸς
1377 1120 1641 1190 ἀλλήλους
1687 1118 1920 1181 εὐνοίας,

344 1208 490 1261 ὥστε
512 1212 539 1263 6
571 1211 668 1279 μὲν
690 1213 870 1283 πατὴρ
897 1212 1211 1278 ἐξίστασθαι
1244 1213 1342 1282 τῆς
1368 1212 1494 1283 ὅλης
1513 1211 1689 1282 ἀρχῆς
1721 1210 1924 1280 ἠγωνί-

2023 493 2082 538 ut
2118 497 2147 535 a
2179 484 2494 552 parentibus
2533 483 2710 539 adhuc
2746 483 3053 540 viventibus
3085 480 3349 552 ejusmodi
3393 477 3601 532 beneﬂ-

2023 575 2166 629 cium
2191 574 2521 630 admitteret.
2548 573 2666 642 Hic,
2688 584 2977 646 postquam
3001 583 3279 644 parentem
3306 572 3414 625 fata
3437 583 3600 624 voca-

2024 675 2172 729 runt,
2199 681 2424 734 regnum
2455 668 2685 736 accepit,
2717 678 2827 724 tum
2860 670 2913 723 in
2952 667 3174 736 reliquis
3203 665 3328 718 vitae
3358 661 3601 716 moribus

2023 756 2282 812 eximium
2345 772 2406 813 se
2450 760 2732 826 praebens,
2789 769 2900 813 tum
2963 756 3318 828 philosophia:
3379 764 3598 820 operam

2031 862 2257 901 navans.
2287 847 2404 914 Quo
2434 845 2640 901 factum
2676 855 2762 902 est
2787 854 2848 900 ut
2875 844 3217 916 Cappadocia
3247 842 3375 896 olim
3396 839 3602 895 Graecis

2029 937 2230 1007 ignota,
2260 947 2384 992 tunc
2414 937 2639 992 eruditis
2666 935 2834 992 fuerit
2856 934 3277 1004 receptaculum.
3304 930 3450 985 Idem
3478 940 3601 982 cum

2028 1029 2291 1084 Romanis
2326 1030 2619 1084 amicitiam
2655 1029 3082 1096 societatemque
3111 1020 3415 1078 renovavit.
3452 1016 3602 1070 Alia-

2027 1136 2133 1190 que
2170 1121 2401 1190 plurima
2445 1122 2512 1176 de
2556 1121 2815 1175 relatione
2848 1133 3036 1188 regum
3077 1110 3430 1186 Cappadociae
3461 1121 3602 1180 pra:-

2029 1211 2262 1267 sentium
2296 1227 2466 1281 usque
2495 1211 2559 1266 ad
2580 1210 2780 1282 Cyrum
2811 1209 2947 1280 (62).

345 1299 473 1364 ζετο
527 1303 605 1373 τῷ
654 1304 828 1368 παιδὶ,
862 1306 890 1358 6
921 1303 977 1357 δὲ
1013 1304 1275 1358 ἀδύνατον
1329 1303 1538 1357 ἐδείκνυ
1558 1302 1606 1335 ⁵⁸
1663 1301 1917 1366 δέξασθαι
1958 1304 2121 1358 αὐτὸν
2179 1306 2332 1377 παρὰ
2383 1304 2585 1373 γονέων
2635 1304 2714 1357 ἔτι
2776 1303 2992 1368 ζώντων
3061 1299 3317 1366 τοιαύτην
3379 1293 3597 1377 χάριτας

344 1384 519 1457 Οὗτος
571 1394 662 1446 τὸν
717 1396 928 1466 πατέρα
979 1394 1074 1449 τοῦ
1135 1396 1496 1466 πεπρωμένου
1558 1396 1953 1460 καταλαϐόντος
1992 1375 2272 1463 διεδέξατο
2309 1398 2406 1468 τὴν
2461 1395 2754 1462 βασιλείαν,
2801 1397 2899 1466 τήν
2931 1413 2990 1446 τε
3021 1392 3187 1460 ἄλλην
3224 1387 3446 1458 ἀγωγὴν
3503 1375 3599 1437 τοῦ

345 1481 466 1551 βίου
516 1482 948 1554 ἀξιολογωτάτην
1015 1486 1424 1556 ἐνδεικνύμενος
1483 1487 1578 1539 καὶ
1625 1487 1912 1558 φιλοσοφίᾳ
1950 1490 2320 1560 προσανέχων,
2351 1489 2410 1554 ἐξ
2442 1484 2502 1543 οὗ
2534 1489 2629 1541 καὶ
2659 1489 2693 1557 ἡ
2719 1486 2868 1557 παρὰ
2884 1489 2996 1548 τοῖς
3054 1484 3313 1552 Ἕλλησιν
3377 1479 3603 1545 ἀγνοου-

347 1575 486 1645 μένη
529 1575 696 1629 πάλαι
749 1577 1116 1631 Καππαδοκία
1162 1578 1284 1630 τότε
1317 1579 1429 1640 τοῖς
1464 1577 1916 1647 πεπαιδευμένοις
1955 1579 2291 1648 ὲμϐιώτερον
2305 1581 2349 1612 ⁸³
2376 1580 2639 1648 ὑπῆρχεν.
2680 1576 3042 1631 ’Λνενεὼσατο
3062 1575 3107 1627 δ’
3138 1567 3296 1636 οὗτος
3351 1571 3448 1622 καὶ
3503 1567 3602 1636 τὴν

345 1669 486 1738 πρὸς
552 1666 852 1738 Ῥωμαίους
920 1669 1102 1737 φιλίαν
1134 1685 1194 1721 τε
1223 1670 1318 1722 καὶ
1373 1667 1710 1738 συμμαχίαν.
1754 1668 1915 1722 Ἀλλὰ
1951 1667 2021 1721 τὰ
2074 1669 2174 1740 μὲν
2249 1670 2378 1742 περὶ
2437 1669 2537 1739 τῆς
2581 1669 2662 1730 εἰς
2715 1665 2900 1736 Κῦρον
2948 1663 3234 1733 ἀναφορᾶς
3279 1659 3390 1712 τῶν
3438 1655 3602 1728 μέχρι

342 1759 500 1814 τοῦδε
558 1760 662 1831 τῆς
724 1760 1118 1823 Καππαδοκίας
1186 1759 1618 1830 βασιλευσάντων
1677 1759 1735 1813 ἐν
1787 1760 2021 1822 τούτοις.

907 1850 1003 1904 Ἐκ
1030 1849 1138 1904 τοῦ
1167 1850 1375 1905 αὐτοῦ.

423 1942 548 1996 Ὀτι
580 1941 710 2009 περ)⁴
738 1942 970 1995 Λευκίου
1025 1941 1298 2011 Αἰμιλίου,
1345 1939 1441 1993 τοῦ
1485 1939 1701 2010 Περσέα
1755 1957 1929 1993 καταο

350 2032 785 2104 πολεμήσαντος,
820 2032 922 2101 τῆς
949 2032 1125 2101 ταφῆς
1147 2030 1513 2100 διερχόμενος,
1542 2029 1638 2083 καὶ
1668 2029 1928 2100 λαμπρὰν

347 2125 522 2196 αὐτὴν
550 2125 608 2188 ἐς
645 2125 715 2178 τὰ
758 2125 996 2195 μάλιστα
1027 2124 1283 2192 γενέσθαι
1307 2122 1502 2190 λέγων,
1537 2123 1734 2189 ἐπάγει
1757 2138 1771 2152 ·
1809 2121 1933 2174 Τῶν

349 2220 464 2289 γὰρ
483 2218 782 2288 Ῥωμαίων
805 2219 854 2270 οί
892 2218 1014 2280 ταῖς
1042 2215 1343 2283 εὐγενείαις
1376 2215 1470 2268 καὶ
1498 2216 1777 2286 προγόνων
1805 2212 1928 2284 δόξῃ

350 2310 706 2382 διαφέροντες
772 2309 910 2379 μετὰ
980 2309 1080 2378 τὴν
1156 2307 1411 2378 τελευτὴν
1467 2304 1930 2359 είδωλοποιοῦνται

351 2402 500 2457 κατά
531 2419 589 2455 τε
611 2403 709 2473 τὴν
734 2399 826 2454 τοῦ
847 2399 1192 2470 χαρακτῆρος
1226 2399 1517 2469 ὁμοιότητα
1537 2395 1690 2468 [1161
1714 2393 1804 2466 IL]
1838 2395 1932 2448 καὶ

350 2492 499 2547 κατὰ
533 2491 630 2562 τὴν
669 2490 796 2560 ὃλην
843 2491 935 2543 τοῦ
970 2489 1221 2560 σώματος
1281 2488 1652 2560 περιγραφὴν,
1688 2488 1932 2558 μιμητὰς

353 2586 569 2655 ἔχοντες
601 2585 666 2637 ὲκ
693 2582 896 2645 παντὸς
920 2581 1016 2634 τοῦ
1049 2581 1162 2651 βίου
1200 2580 1724 2652 παρατετηρηκότας
1750 2577 1795 2611 ⁶⁰
1830 2579 1932 2649 τήν

353 2694 414 2729 τε
449 2675 675 2746 πορείαν
712 2674 807 2728 καὶ
834 2673 932 2737 τὰς
965 2674 1106 2726 κατὰ
1135 2672 1300 2742 μέρος
1332 2671 1594 2739 ἰδιότητας
1624 2670 1723 2739 τῆς
1751 2669 1932 2739 ἐμφά-

355 2785 514 2830 σεως.
546 2764 953 2837 Παραπλησίως
993 2765 1050 2816 δὲ
1088 2763 1184 2816 καὶ
1229 2762 1336 2815 τῶν
1382 2762 1664 2832 προγόνων
1700 2760 1931 2824 ἕκαστος

356 2860 682 2929 προηγεῖται
739 2854 998 2924 τοιαύτην
1034 2853 1173 2923 ἔχων
1234 2852 1526 2923 διασκευὴν
1576 2856 1669 2905 καὶ
1707 2852 1930 2922 κόσμον,

353 2950 498 3003 ὥστε
534 2951 661 3012 τοὺς
701 2947 1007 3018 θεωμένους
1045 2945 1133 2999 διὰ
1161 2946 1260 3014 τῆς
1301 2947 1366 2999 ἐκ
1406 2945 1610 2998 τούτων
1645 2945 1934 3014 ἐμφάσεως

353 3044 644 3113 γινώσκειν
679 3044 764 3112 ἐφ’
789 3045 912 3096 ὅσον
945 3042 1167 3096 ἕκαστοι
1188 3043 1232 3074 ⁸³
1263 3041 1431 3111 τιμῆς
1458 3040 1810 3111 προήχθησαν
1839 3040 1934 3093 καὶ

360 3141 625 3210 μετέσχον
654 3139 764 3191 τῶν
802 3138 860 3190 ὲν
891 3140 957 3208 τῇ
985 3135 1230 3206 πολιτεία
1256 3135 1454 3189 καλῶν.

2646 1848 2732 1906 Ea:
2769 1851 2973 1905 eodem.

2103 1943 2177 1999 De
2208 1944 2355 1998 Lucii
2404 1943 2608 1998 Emilii
2647 1983 2663 2010 ,
2695 1945 2786 2015 qui
2817 1943 3032 1998 Persem
3070 1928 3392 2008 debellavit,
3427 1942 3608 2011 sepul—

2031 2045 2151 2088 tura
2197 2036 2311 2090 harc
2351 2035 2544 2101 habet,
2591 2051 2752 2105 quam
2799 2045 3021 2104 propter
3066 2035 3165 2087 ista
3210 2034 3447 2088 maxime
3475 2033 3608 2088 dicit

2032 2127 2316 2182 illustrem.
2384 2127 2569 2181 Solent
2615 2127 2759 2180 enim
2811 2126 3039 2180 Romani
3093 2125 3182 2196 qui
3227 2126 3508 2180 nobilitate
3554 2135 3610 2181 et

2031 2219 2294 2287 majorum
2351 2235 2570 2276 suorum
2627 2219 2794 2288 gloria
2859 2227 3221 2287 przestarent,
3271 2229 3606 2273 mortuorum

2033 2311 2292 2377 imagines
2318 2310 2383 2363 ad
2416 2308 2824 2364 similitudinem
2879 2308 3022 2372 vitte,
3059 2308 3330 2376 totiusque
3364 2306 3609 2375 corporis

2033 2400 2445 2454 deliueationem
2488 2399 2771 2469 eiiingere,
2813 2407 2872 2452 ut
2921 2399 3041 2454 vitae
3069 2400 3264 2455 seriem
3307 2408 3606 2462 servantes,

2031 2503 2085 2546 et
2112 2493 2263 2560 juxta
2314 2493 2564 2562 imaginis
2606 2492 2868 2560 cujusque
2906 2492 3180 2560 propriam
3217 2491 3468 2544 virtutem
3508 2490 3606 2542 ha-

2033 2583 2222 2638 berent
2267 2599 2403 2653 quos
2455 2584 2798 2637 imitarentur
2835 2582 2966 2655 (65).
2996 2583 3200 2636 Eodem
3244 2582 3404 2635 modo
3436 2594 3608 2635 unus-

2033 2677 2266 2746 quisque
2309 2691 2340 2730 e
2388 2675 2706 2744 parentibus
2753 2673 3017 2741 ejusmodi
3067 2684 3308 2736 statuas,
3355 2682 3410 2725 et
3429 2655 3610 2725 'orna-

2035 2774 2212 2820 menta
2249 2767 2435 2820 habuit
2477 2776 2531 2820 et
2578 2767 2884 2834 praecessit,
2933 2775 2991 2818 ut
3037 2780 3101 2817 ex
3147 2779 3336 2819 eorum
3384 2762 3610 2832 picturis

2034 2859 2260 2928 quisque
2285 2858 2565 2926 intelligat,
2597 2867 2826 2926 quantas
2841 2858 3035 2928 383!)
3070 2858 3123 2911 in
3149 2840 3417 2925 republica
3441 2855 3612 2924 digni-

2037 2960 2174 3006 tates
2202 2952 2394 3024 singuli
2421 2961 2476 3006 et
2516 2951 2748 3007 honores
2781 2951 3068 3022 gesserint.

427 3196 565 3283 Ὄτῖ
584 3231 711 3293 τοὺς
743 3196 968 3299 Ἴϐηρας
1003 3227 1097 3280 καὶ
1122 3196 1454 3289 Λυσιτανοὺς
1484 3224 1764 3294 ὀνομάζει.
1791 3224 1927 3293 Φησὶ

2101 3215 2353 3270 Nominat
2382 3215 2642 3285 Hispanos
2659 3223 2715 3269 et
2740 3213 3046 3268 Lusitanos.
3108 3211 3264 3266 Addit
3291 3209 3432 3264 enim
3481 3221 3614 3277 quo-

353 3322 464 3392 γὲιρ
490 3321 564 3381 ὡς
605 3320 862 3389 Μέμμιος
911 3317 1244 3383 έξαπέλεκυς
1275 3317 1320 3348 ⁶¹
1368 3317 1673 3388 στρατηγὸς
1709 3317 1788 3378 είς
1829 3315 1930 3385 τὴν

367 3410 612 3481 Ἰϐηρίαν
661 3408 1034 3473 ἐξαπέσταλτο
1067 3407 1206 3478 μετά
1239 3406 1542 3476 δυνάμεως,
1582 3407 1632 3458 οἱ
1668 3405 1725 3458 δὲ
1761 3407 1932 3459 Λυσι-

351 3502 510 3557 τανοὶ
549 3501 952 3571 συστραφέντες
982 3501 1118 3571 πρὸς
1157 3501 1341 3564 αὑτὸν,
1371 3500 1467 3552 καὶ
1495 3497 1749 3561 λαϐόντες
1786 3499 1931 3552 άπα-

359 3596 626 3666 ράσκευον
651 3597 696 3628 ⁸³
732 3597 798 3649 ὲκ
826 3593 1127 3668 κατάπλου,
1167 3592 1316 3663 μάχῃ
1345 3607 1406 3644 τε
1444 3591 1704 3660 ἐνίκησαν
1733 3589 1827 3642 καὶ
1869 3590 1930 3642 τὸ

354 3690 608 3742 πλεῖστον
670 3685 768 3740 τοῦ
838 3685 1068 3758 στρατοῦ
1125 3683 1457 3753 διέφθειραν.
1497 3681 1828 3753 Περιϐοήτου
1872 3682 1928 3735 δὲ

353 3781 656 3850 γενομένης
671 3781 770 3850 τῆς
797 3778 907 3832 τῶν
935 3777 1160 3847 Ἰϐήρων
1186 3774 1486 3845 εὐημερίας
1513 3775 1560 3826 οἱ
1586 3774 1684 3842 μὲν
1712 3775 1931 3843 Ἀρουα-

355 3873 464 3934 κοὶ,
493 3873 812 3942 νομίσαντες
852 3869 986 3925 πολὺ
1026 3868 1306 3938 κρείττους
1357 3861 1494 3918 εἶναι
1526 3865 1636 3917 τῶν
1683 3865 1928 3937 Ἰϐήρων,

355 3964 771 4033 κατεφρόνησαν
803 3963 912 4015 τῶν
939 3959 1236 4030 πολεμίων,
1268 3957 1362 4011 καὶ
1391 3957 1450 4008 τὸ
1479 3955 1682 4026 πλῆθος
1703 3956 1763 4009 τὸ
1789 3959 1930 4010 κατὰ

354 4056 456 4124 τὴν
483 4055 778 4122 ἐκκλησίαν
811 4053 899 4106 διά
929 4051 1131 4119 ταύτην
1174 4050 1408 4120 μάλιστα
1455 4047 1658 4116 ταύτην
1695 4048 1928 4118 μάλιστα

353 4144 456 4217 τὴν
483 4145 660 4200 αἰτίαν
690 4144 867 4197 εἵλετο
903 4143 994 4197 τὸν
1018 4141 1155 4212 πρὸς
1199 4139 1505 4210 Ῥωμαίους
1529 4138 1785 4208 πόλεμον.

963 4235 1058 4286 Ἐκ
1085 4231 1190 4286 τοῦ
1210 4232 1330 4296 1,5”.

430 4326 552 4381 Ὅτι
581 4326 642 4380 τὸ
679 4327 859 4396 τεῖχος
884 4326 992 4378 τῶν
1027 4322 1413 4394 Καρχηδονίων
1450 4325 1550 4393 τῆς
1583 4320 1791 4385 πόλεώς
1822 4339 1928 4392 φη-

355 4433 442 4470 σιν
472 4415 604 4489 ὕψος
647 4417 745 4486 μὲν
791 4413 929 4468 εἶναι
957 4412 1149 4483 πηχῶν
1189 4411 1616 4478 τεσσαράκοντα,
1647 4410 1848 4471 πλάτος
1873 4409 1930 4461 δὲ

2035 3307 2194 3360 modo
2228 3305 2509 3359 Memmius
2535 3314 2734 3374 praetor
2767 3305 2832 3357 ad
2854 3304 3040 3355 urbem
3074 3300 3126 3354 in
3161 3299 3299 3353 bello
3329 3298 3382 3351 in
3421 3296 3614 3364 Hispa-

2033 3399 2176 3451 niam
2222 3412 2344 3451 cum
2380 3397 2550 3465 copiis
2578 3397 2649 3450 sit
2685 3396 2906 3456 missus,
2947 3403 3001 3445 et
3034 3403 3089 3446 ut
3121 3389 3365 3445 Lusitani
3395 3403 3516 3442 cum
3548 3403 3614 3440 eo

2031 3486 2462 3557 congredientes,
2499 3487 2913 3540 exscendeutem
2969 3484 3288 3552 imparatmu
3327 3486 3611 3547 occupant,

2032 3594 2318 3649 pugnaque
2347 3593 2469 3632 eum
2492 3586 2770 3647 superant,
2799 3589 3154 3644 magnamque
3195 3571 3465 3629 exercitus
3489 3584 3615 3639 par-

2035 3687 2138 3733 tem
2184 3671 2418 3738 ('mdttnl,
2456 3670 2592 3724 facta
2622 3679 2798 3723 autem
2835 3667 3189 3734 Hispanorum
3246 3662 3468 3716 victoria
3502 3660 3614 3728 jam

2031 3759 2251 3825 celebri,
2308 3760 2533 3814 Arevaci
2589 3760 2964 3813 existimantes
3016 3771 3074 3811 se
3135 3754 3299 3808 lberis
3367 3753 3618 3806 fortiores

2031 3854 2208 3905 adlmc
2254 3867 2408 3917 esse,
2436 3852 2642 3905 hostem
2697 3855 3152 3916 contempserunt,
3186 3855 3241 3900 et
3285 3845 3335 3898 in
3360 3844 3620 3899 concione

2031 3946 2276 4014 populus,
2307 3947 2407 3998 hac
2441 3943 2736 4013 praesertim
2772 3943 2837 3998 de
2881 3955 3065 4006 causa,
3111 3949 3300 3996 contra
3347 3937 3620 3992 Romanos

2032 4055 2223 4111 bellum
2267 4057 2431 4111 movit
2457 4056 2589 4128 (64).

2489 4231 2576 4288 Ea:
2605 4233 2870 4286 tricesimo
2899 4231 3156 4285 secundo.

2107 4326 2256 4381 Licet
2285 4325 2773 4393 Carthagiuensum
2823 4323 3017 4377 muenia
3072 4317 3426 4390 quadraginta
3465 4313 3621 4366 cubi—

2036 4433 2116 4474 tos
2141 4418 2444 4480 altitudine,
2469 4428 2522 4470 et
2548 4417 2826 4469 latitudine
2899 4414 3085 4483 viginti
3114 4414 3246 4463 duos
3275 4408 3619 4470 excederent,

354 4509 651 4562 εἰκοσιδύοο
684 4510 834 4578 ὅμως
866 4506 962 4559 καὶ
984 4508 1029 4538 ⁸³
1057 4503 1314 4558 τοιούτων
1348 4503 1516 4555 ὄντων
1557 4503 1613 4554 αἱ
1645 4502 1928 4572 Ῥωμαίων

2038 4514 2402 4565 Romanorum
2430 4519 2604 4562 tamen
2637 4508 2921 4571 machinae,
2944 4515 2998 4560 et
3028 4505 3198 4557 virtus
3222 4501 3408 4554 fortior
3457 4514 3618 4569 quam

357 4602 598 4672 μηχαναὶ
616 4601 710 4653 καὶ
742 4599 811 4653 τὰ
833 4598 974 4651 κατὰ
994 4597 1228 4666 πόλεμον
1250 4595 1718 4664 άνδραγαθήματα
1747 4591 1928 4662 κρείτ-

2041 4616 2228 4656 murus
2263 4600 2381 4663 fuit,
2418 4601 2498 4654 sic
2525 4608 2586 4654 ut
2615 4599 2800 4653 urbem
2843 4598 3105 4668 ceperint,
3133 4603 3186 4648 et.
3219 4591 3335 4647 solo
3373 4604 3622 4660 aequave-

352 4704 476 4749 τους
515 4686 775 4757 ὤφθησαν
813 4687 911 4756 τῆς
942 4685 1168 4738 ἐκείνων
1218 4681 1672 4752 ἀσφαλείας,ικαὶ
1716 4682 1858 4735 ἑάλω
1894 4683 1927 4749 ἡ

351 4780 510 4842 πόλις
537 4778 632 4832 καὶ
657 4776 1036 4848 κατερειπὼθη
1064 4777 1130 4829 ⁸³.

427 4872 550 4923 Ὅτι
589 4870 962 4938 Μασανάσσης
986 4870 1031 4900 ⁸⁵
1060 4871 1087 4922 ὁ
1119 4866 1334 4921 Λιϐύων
1388 4866 1790 4937 βεϐασιλευκὼς
1835 4868 1930 4922 καὶ

351 4964 452 5037 τὴν
485 4964 621 5036 πρὸς
655 4961 962 5032 Ῥωμαίους
985 4961 1165 5030 φιλίαν
1193 4958 1515 5030 τετηρηκὼς
1546 4959 1865 5030 ἐνενήκοντα
1884 4958 1928 4989 ⁸⁷

2041 4694 2150 4747 rint
2173 4693 2309 4763 (65).

2110 4866 2390 4921 Masinissa
2435 4880 2527 4919 rex
2562 4863 2966 4930 Africanorum,
3013 4861 3102 4930 qui
3153 4858 3444 4914 amicitiam
3495 4871 3617 4909 cum

2038 4956 2298 5012 Romanis
2326 4956 2512 5023 tenuit,
2538 4972 2708 5010 annos
2753 4953 3041 5024 nonaginta
3095 4953 3150 5006 iu
3191 4951 3375 5019 vigore
3429 4947 3563 5002 vixit
3597 4987 3613 5000 .

1666 5115 1893 5173 (ΛΒΙΑΞ
1948 5115 2352 5172 LECTIONES.

437 5236 490 5269 ⁸⁸
513 5235 753 5291 ἐδείκνυε
775 5237 840 5291 Β.
926 5237 986 5306 _”
1020 5233 1385 5304 ἐμϐιωτήριον
1449 5236 1782 5306 Stephanus.

353 5307 400 5380 ξ’
421 5307 775 5380 ὲξαπέλεκυς]
792 5309 857 5380 ἐξ
895 5302 956 5362 οὗ
987 5302 1223 5365 πέλεκυς

354 5377 402 5409 ⁸⁸
430 5377 546 5449 καὶ]
582 5374 849 5432 καίτοιἈ.
915 5380 962 5412 ⁸⁵
994 5374 1344 5446 κατεριπώθη
1373 5376 1438 5433 A.

1878 5237 1922 5268 ⁶⁰
1955 5234 2070 5304 βίου
2132 5235 2258 5296 τοὺς
2289 5247 2630 5301 παρατετηρ.
2666 5229 2728 5281 Β.

1421 5309 1466 5339 ³³
1492 5297 1903 5376 ἀπαράσκευον,
1934 5297 2383 5376 Rhodotu:_t_uu_tts,
2430 5304 2511 5376 sic
2559 5297 2926 5376 παρασκευῶν
2977 5301 3046 5365 A,
3112 5297 3527 5366 ἐκπαράοκευον
3557 5304 3621 5354 ς.

1542 5378 1588 5409 ⁸⁸
1606 5371 1856 5448 μανασῆς
1882 5375 1946 5442 Δ,
1973 5374 2255 5445 μανασσοῗις
2282 5373 2343 5426 Β.
2425 5372 2470 5404 ⁸⁷
2496 5371 2853 5441 ἐννενήκοντα
2882 5385 2944 5432 ς.

2828 5228 3114 5282 θιὲκαστοι
3161 5225 3207 5279 Λ
3249 5244 3263 5280 :
3304 5225 3533 5282 ἕκαστος
3558 5237 3622 5284 ς-

1898 5515 2129 5574 NOTAE.

429 5637 544 5708 (62)
586 5638 725 5694 Vide
755 5637 1038 5709 Ciceronis
1072 5638 1360 5709 Epistolas.

429 5709 544 5783 (63)
573 5709 707 5766 Vide
743 5708 987 5766 Tacitum
1015 5719 1069 5764 et
1095 5708 1428 5766 Iuvenalem.

2131 5629 2222 5698 61)
2252 5627 2561 5695 Eutropius,
2585 5626 2689 5698 liii.
2710 5642 2811 5682 ιν..

2131 5631 2222 5698 64)
2252 5631 2561 5695 Eutropius,
2586 5631 2678 5681 lib.
2710 5642 2811 5682 ιν..

2107 5631 2216 5770 έϐὅὶ
2250 5699 2379 5756 Vide
2409 5698 2596 5756 Ortclii
2627 5696 2911 5752 Theatrum
2943 5693 2999 5750 in
3035 5691 3286 5761 Parergo.
