3990 6232
432 251 567 319 1403
1556 254 1822 317 ΡΗΟΤΙΙ
1862 254 2369 318 ΡΑἸἮΙΑΒΟΗΔΞ
2399 257 2506 320 CP.
3545 248 3687 313 1404

427 364 570 438 illius
603 363 793 421 decem
815 377 1054 422 moriens
1085 362 1322 435 reliquit,
1348 380 1483 435 quos
1508 366 1769 422 Romanis
1790 383 1842 421 m
1870 376 2012 423 tute-

2133 369 2216 423 ιὲν
2254 370 2386 424 ἐϐίω
2417 369 2511 438 ἔτη
2541 368 2600 422 ὲν
2644 366 2891 438 δυνάμει,
2921 365 3119 429 παῖδας
3145 364 3279 419 δέκα
3314 364 3374 417 ὲν
3403 361 3482 433 τῷ
3504 362 3687 415 ἀπαλ-

426 430 851 508 ιεηῖοοηιηιίεἰι.
885 454 1013 508 Erat
1039 464 1089 508 et
1129 430 1381 523 corporis
1404 454 1660 511 lirn‘titate
1715 466 1996 525 prtestans,

2133 459 2398 513 ἀττεσθαι
2444 430 2797 521 καταλιπὼν,
2836 430 2933 521 οὐς
2982 457 3076 511 καὶ
3123 455 3420 527 Ῥωμαίοις
3453 430 3692 525 -ὲπιτρο-

426 551 484 598 et
512 543 722 598 duritiei
749 557 813 597 ac
853 542 1124 597 laboribus
1156 558 1187 596 a
1228 544 1455 612 pueritia
1481 555 1747 600 assuetus.
1787 545 1999 599 Etenim

2133 550 2368 604 τεύεσθαι
2418 548 2827 619 παρεκατέθετο
2850 549 2895 581 ⁸⁸
2939 547 3067 620 [626
3093 546 3209 619 Η.],
3240 544 3308 619 ἦν
3336 548 3393 601 δὲ
3419 547 3515 601 καὶ
3548 546 3697 600 κατὰ

427 644 579 691 etans
626 635 678 688 in
708 633 948 703 vestigiis
977 642 1146 688 totum
1176 634 1316 689 diem
1352 636 1604 690 manebat
1627 637 1899 700 immotus,
1945 644 2002 691 et

2133 644 2206 713 ’ὴν
2278 642 2372 696 τοῦ
2443 640 2696 711 σώματος
2757 639 3004 693 εὐτονίαν
3067 640 3340 710 διαφέρων
3410 638 3505 692 καὶ
3550 654 3693 708 καρ-

426 724 621 778 sedens
643 738 746 777 non
780 723 1032 793 surgebat
1081 739 1251 794 usque
1284 727 1349 779 ad
1382 735 1615 792 noctem,
1666 736 1778 781 toto
1810 727 1896 780 die
1926 727 2004 779 la-

2133 732 2267 802 τερίᾳ
2305 732 2401 785 καὶ
2450 731 2641 792 πόνοις
2692 728 2928 799 συνήθης
2985 730 3049 782 ὲκ
3074 728 3294 791 παιδός·
3344 728 3405 792 ὃς
3440 743 3508 797 γε
3559 726 3695 789 στάς

426 813 585 866 bores
615 812 903 876 meditans,
952 822 1007 866 et
1061 813 1114 867 in
1177 830 1317 882 equo
1366 816 1708 870 continenter
1756 823 1870 869 toto
1923 816 2011 870 die

2136 840 2164 874 ν
2196 824 2309 883 τοῖς
2358 821 2562 891 ἴχνεσιν
2597 820 2729 890 ὃλην
2775 819 2874 891 τὴν
2930 820 3143 889 ἡμέραν
3190 820 3445 887 ἀκίνητος
3499 817 3690 887 ἔμενε,

425 911 484 955 et
502 910 657 957 nocte
683 904 897 968 sedens,
922 913 974 958 et
994 905 1423 973 equitationibus
1461 917 1617 962 utens
1656 924 1759 963 non
1808 909 2008 966 defati-

2133 911 2480 981 ιαθεζόμενος
2515 910 2572 964 δὲ
2625 914 2727 964 οὐκ
2767 911 3023 981 ἠγείρετο
3061 910 3225 980 μέχρι
3265 908 3457 972 νυκτὸς
3490 910 3695 977 ὲνημε-

427 992 679 1062 gabatur.
714 993 808 1049 Est
838 995 955 1062 ejus
979 997 1304 1054 valetudinis
1331 1000 1637 1070 vigorisquc
1664 1003 1877 1070 signum
1903 1004 2007 1058 hoc

2133 1002 2292 1055 >εύων
2330 1003 2452 1065 ταῖς
2499 1000 2609 1053 τῶν
2655 999 2834 1054 πόνων
2867 999 3143 1069 μελέταις,
3174 998 3268 1051 ἐπὶ
3298 997 3354 1051 δὲ
3388 997 3482 1050 τὸν
3525 996 3695 1049 ἵππον

430 1085 747 1152 maximum,
790 1088 931 1154 quod
964 1088 1076 1143 fere
1106 1087 1216 1157 jam
1242 1092 1657 1158 nonagenarius,
1690 1092 1857 1147 lilium
1915 1095 2012 1148 Ita-

431 1174 584 1227 beret
636 1175 1062 1244 quadrimulum,
1102 1178 1344 1248 corporis
1389 1181 1583 1235 robore
1640 1192 2008 1252 praestantem.

430 1262 487 1318 In
509 1277 760 1335 agrorum
787 1268 997 1322 cultura
1058 1285 1228 1340 usque
1259 1271 1394 1327 adeo
1422 1273 1693 1339 excelluit,
1724 1283 1781 1327 ut
1799 1274 2025 1344 singulis

432 1354 559 1410 ﬁliis
584 1356 865 1426 reliquerit
887 1374 1075 1429 agrum
1106 1362 1292 1416 decem
1326 1362 1547 1416 millium
1572 1364 1823 1434 jugerum
1852 1366 2001 1419 omni

430 1448 790 1504 instrumento
819 1460 1087 1505 ornatum.
1122 1450 1384 1523 Regnavit
1403 1454 1658 1523 praeclare
1684 1471 1852 1510 annos
1874 1471 2026 1510 sexa-

431 1541 604 1610 ginta.

2113 1092 2407 1146 ἐπιϐαίνων
2446 1093 2490 1124 ⁸⁸
2539 1090 2782 1162 συνεχῶς
2815 1089 3031 1161 ἡμέραν
3092 1091 3188 1141 καὶ
3246 1088 3418 1141 νύκτα
3443 1088 3541 1140 καὶ
3573 1090 3697 1150 ταῖς

2123 1183 2410 1244 ίππασίαις
2448 1182 2730 1252 χρώμενος
2756 1181 2857 1251 οὐκ
2883 1177 3128 1244 ἐξελύετο
3152 1179 3219 1232 ⁷⁸.
3256 1179 3488 1247 Σημεῖον
3515 1176 3575 1229 δὲ
3596 1175 3700 1244 τῆς

2123 1274 2256 1346 περὶ
2282 1274 2444 1326 αὐτὸν
2472 1273 2687 1337 εὐεξίας
2715 1290 2774 1325 τε
2812 1273 2907 1326 καὶ
2943 1269 3226 1339 δυνάμεως
3252 1271 3506 1337 μέγιστον
3526 1284 3541 1298 °
3576 1268 3701 1319 ἑνε-

2125 1365 2362 1434 νήκοντα
2394 1362 2504 1433 γὰρ
2536 1362 2719 1432 σχεδὸν
2763 1361 2905 1431 ἔχων
2951 1360 3045 1429 ἔτη
3089 1361 3205 1412 υἱὸν
3248 1355 3362 1428 εἶχε
3406 1356 3699 1427 τετραετῆ,

2126 1455 2446 1523 διαφέροντα
2472 1456 2539 1525 τῇ
2566 1453 2660 1506 τοῦ
2689 1453 2942 1522 σώματος
2982 1452 3160 1522 ῥώμῃ.
3204 1452 3294 1503 Ἐν
3323 1450 3381 1503 δὲ
3422 1452 3542 1512 ταῖς
3588 1449 3705 1503 τῶν

2128 1545 2313 1616 ἀγρῶν
2356 1545 2698 1614 ἐπιμελείαις
2746 1544 2999 1597 τοσοῦτον
3027 1544 3331 1613 διήνεγκεν,
3377 1541 3453 1604 ὡς
3482 1541 3707 1609 ἑκάστῳ

429 1635 540 1686 τῶν
581 1634 712 1687 υίῶν
746 1634 1028 1688 ἀπολιπεῖν
1056 1636 1224 1706 ἀγρὸν
1260 1636 1675 1709 μυριόπλεθρον,
1723 1636 2138 1710 κεκοσμημένον
2166 1637 2370 1698 πάσαις
2400 1638 2522 1700 ταῖς
2601 1636 2989 1698 κατασκευαῖς.
3055 1633 3399 1695 Ἐϐασίλευσε
3467 1631 3514 1685 δ’
3577 1632 3706 1683 ἐπι-

432 1723 617 1793 φανῶς
649 1724 740 1793 ἐτη
775 1726 1053 1796 ἐξήκοντα.

504 1812 821 1869 Nicomedes
856 1827 1058 1884 patrem
1092 1815 1338 1872 Prusiam
1392 1832 1741 1889 persequens,
1768 1822 1834 1876 ad
1861 1836 2010 1877 aram
2046 1824 2088 1882 Β

433 1902 584 1959 Jovis
646 1904 1046 1973 conlugientem
1113 1908 1407 1975 interfecit,
1458 1920 1513 1965 et
1574 1911 1806 1967 nefanda
1865 1915 2011 1970 caede

434 1997 721 2063 imperium
774 1996 1076 2067 invadens,
1136 2000 1405 2069 Bithynia:
1483 2017 1709 2072 regnum
1782 2004 2011 2077 adeptus

434 2096 539 2140 est.
860 2138 863 2141 .

508 2177 748 2234 Lusitani
776 2182 950 2249 primo
976 2198 1158 2250 parem
1181 2184 1368 2240 ducem
1408 2202 1513 2242 non
1544 2189 1823 2254 habentes,
1857 2188 2015 2245 facile

436 2269 853 2336 superabantur,
884 2273 1075 2328 bellum
1101 2290 1224 2330 cum
1246 2276 1498 2332 Romanis
1520 2291 1791 2350 gerentes.
1826 2280 2014 2335 Postea

437 2357 738 2414 Viriathum
793 2364 968 2431 adepti
1035 2366 1261 2419 multum
1323 2366 1583 2423 Rotnanis
1649 2370 2012 2425 incommoda-

440 2461 585 2506 runt.
650 2453 776 2506 Erat
823 2454 869 2508 is
925 2471 984 2509 ea
1035 2469 1191 2525 gente
1214 2459 1414 2530 384a
1475 2460 1875 2527 Lusitanorum,
1926 2464 2015 2532 qui

439 2543 712 2599 Oceanqu
740 2548 1003 2602 accolunt.
1069 2548 1260 2604 Pastor
1311 2550 1464 2606 fuita
1498 2555 1695 2608 teneris
1753 2563 2019 2609 montanas

439 2635 562 2688 vita:
609 2646 876 2703 assuetus,
938 2639 1226 2705 adjuvante
1272 2640 1433 2694 etiam
1505 2646 1748 2712 corporis
1802 2654 2015 2700 natura.

439 2726 573 2782 Nam
609 2740 659 2781 et
699 2731 891 2785 robore
926 2743 978 2786 et
1003 2732 1277 2788 celeritate
1310 2734 1744 2806 reliquarumque
1782 2739 2017 2807 partium

439 2819 676 2887 agilitate
736 2820 1001 2883 Hispanos
1053 2823 1211 2891 longe
1278 2826 1652 2894 antecellebat,
1718 2843 1838 2882 cum
1895 2828 2018 2882 cibo

440 2910 657 2977 exiguo,
688 2920 741 2965 et
769 2911 957 2966 multis
1007 2915 1490 2969 exercitationibus
1545 2918 1619 2970 uti
1650 2916 2017 2972 consuefecis-

440 3010 540 3063 set,
572 3011 625 3054 et
657 3018 846 3057 somno
892 3005 1149 3060 duntaxat
1174 3017 1430 3077 quantum
1481 3015 1625 3062 esset
1674 3024 1916 3063 necesse.
1965 3011 2019 3063 In

442 3106 647 3145 summa
681 3090 880 3147 ferrum
909 3097 1247 3151 continenter
1276 3110 1515 3166 gestans,
1555 3109 1610 3153 et
1659 3114 1781 3153 cum
1832 3100 2024 3157 bellnis

2188 1815 2310 1869 Ὅτι
2371 1812 2692 1884 Νικομήδης
2750 1811 3029 1884 Προυσίαν
3079 1809 3170 1864 τὸν
3227 1807 3423 1864 ἑαυτοῦ
3484 1810 3705 1878 πατέρα

2120 1906 2609 1976 καταπολεμήσας,
2656 1903 2752 1958 καὶ
2806 1901 3190 1971 καταφυγόντα
3235 1903 3319 1962 είς
3346 1900 3408 1953 τὸ
3446 1900 3542 1954 τοῦ
3576 1899 3705 1962 Διὸς

2121 1996 2266 2065 ἱερὸν
2304 1992 2532 2058 ἀνελὼν,
2567 1991 2845 2064 παρέλαϐε
2876 1991 2975 2060 τὴν
3001 1988 3278 2060 βασιλείαν
3308 1988 3406 2059 τῆς
3425 1988 3702 2055 Βιθυνίας,

2120 2086 2467 2156 ἀσεϐεστάτῳ
2492 2085 2639 2156 φόνῳ
2661 2083 3009 2154 κτησάμενος
3031 2080 3132 2152 τὴν
3157 2081 3355 2151 ἀρχήν.

2192 2180 2315 2233 Ὀτι
2351 2178 2665 2242 Λυσιτανοὶ,
2696 2177 2855 2246 φησὶ,
2882 2175 2945 2227 τὸ
2975 2174 3073 2244 μὲν
3107 2171 3324 2245 πρῶτον
3360 2171 3459 2225 οὐκ
3483 2170 3706 2241 ἔχοντες

2121 2270 2417 2340 ἀξιόχρεων
2436 2268 2679 2339 ἡγεμόνα
2702 2267 2965 2321 εὐάλωτοι
2989 2266 3032 2297 ⁷¹
3060 2263 3383 2318 καθίσταντο
3407 2262 3706 2332 Ῥωμαίοις

2121 2361 2507 2431 πολεμοῦντες,
2549 2358 2773 2429 ὕστερον
2805 2357 2862 2410 δὲ
2899 2355 3184 2427 Ὑριάτθου
3230 2355 3569 2425 κυρήσαντες
3609 2371 3707 2424 με-

2123 2456 2264 2524 γάλα
2304 2455 2608 2525 Ῥωμαίους
2668 2449 3060 2521 ἔϐλαψαν.“Ην
3113 2449 3210 2519 μὲν
3260 2447 3353 2502 οὖν
3407 2442 3563 2510 οὗτος
3593 2448 3705 2501 τῶν

2123 2548 2273 2620 παρὰ
2301 2548 2393 2600 τὸν
2419 2547 2659 2601 ὠκεανὸν
2680 2544 2973 2599 οἰκούντων
3006 2541 3346 2605 Λυσιτανῶν,
3384 2541 3698 2610 ποιμαίνων

2123 2641 2189 2693 ὲκ
2222 2638 2410 2701 παιδὸς
2431 2680 2447 2702 ,
2471 2638 2633 2708 ὀρείῳ
2657 2636 2758 2708 βίῳ
2786 2635 3071 2708 [κατέστη]
3094 2637 3138 2667 ⁷³
3159 2633 3418 2704 συνήθης.
3443 2632 3707 2701 συνεργὸν

2125 2732 2264 2802 ἔχων
2289 2731 2333 2761 ⁷³
2365 2731 2460 2783 καὶ
2511 2730 2609 2799 τὴν
2640 2728 2736 2782 τοῦ
2779 2727 3033 2799 σώματος
3062 2725 3251 2796 φύσιν·
3282 2725 3374 2779 καὶ
3406 2723 3514 2793 γὰρ
3544 2724 3708 2794 ῥώμῃ

2127 2825 2220 2876 καὶ
2254 2823 2409 2891 τάχει
2442 2821 2536 2876 καὶ
2561 2824 2626 2891 τῇ
2657 2821 2768 2875 τῶν
2804 2821 3006 2875 λοιπῶν
3035 2817 3217 2889 μερῶν
3244 2817 3530 2887 εὐκινησία
3566 2816 3707 2867 πολὺ

2126 2915 2381 2984 διήνεγκε
2430 2915 2536 2967 τῶν
2579 2913 2823 2984 Ἰϐήρων.
2862 2911 3154 2973 Συνεθίσας
3197 2909 3244 2946 ⁷⁸
3283 2907 3343 2961 δὲ
3384 2908 3430 2939 ⁷⁸
3468 2908 3632 2960 αὐτὸν
3657 2907 3711 2939 ⁷⁸

2128 3010 2304 3079 τροφῇ
2342 3010 2440 3076 μὲν
2465 3007 2624 3079 ὀλίγῃ
2654 3005 2971 3074 γυμνασίοις
3001 3003 3057 3056 δὲ
3084 3004 3298 3066 πολλοῖς
3332 3002 3587 3075 χρῆσθαι,
3613 3001 3711 3053 καὶ

2131 3098 2286 3168 ὕπνῳ
2336 3099 2379 3131 ⁷⁷
2419 3099 2580 3168 μέχρι
2631 3098 2793 3166 μόνου
2834 3096 2929 3150 τοῦ
2981 3096 3320 3165 ἀναγκαίου,
3377 3094 3606 3148 καθόλου
3652 3093 3712 3146 δὲ

440 3191 498 3234 et
529 3182 828 3237 latronibus
881 3200 1074 3239 manus
1105 3187 1416 3251 conferens.
1451 3190 1606 3260 vulgo
1635 3190 1869 3244 celebris
1896 3196 2026 3245 eva-

2135 3187 2508 3257 σιδηροφορῶν
2539 3183 2779 3255 συνεχῶς
2818 3185 2913 3238 καὶ
2954 3183 3166 3253 θηρίοις
3216 3184 3310 3238 καὶ
3358 3184 3580 3253 λῃσταῖς
3629 3182 3712 3244 είς

442 3273 536 3337 sit,
570 3283 623 3327 et
650 3274 845 3329 abillis
877 3278 981 3331 dux
1008 3278 1235 3344 electus,
1287 3281 1432 3335 brevi
1499 3281 1773 3337 latronum
1834 3292 2021 3337 cater-

443 3379 563 3416 vam
603 3379 663 3418 se
693 3367 893 3420 circum
926 3374 1292 3440 congregavit.
1321 3376 1497 3443 Atque
1560 3375 1611 3428 in
1646 3375 1802 3429 bellis
1854 3375 2022 3444 proli-

445 3456 616 3519 ciens,
648 3472 751 3511 non
798 3458 970 3512 Solum
1020 3463 1363 3518 admirationi
1418 3465 1515 3519 fuit
1574 3477 1797 3536 propter
1860 3468 2026 3520 robur

448 3549 715 3616 corporis,
741 3566 924 3604 verum
954 3554 1119 3606 etiam
1150 3557 1254 3609 dux
1281 3557 1551 3612 excellens
1577 3558 1726 3614 visus
1754 3566 1859 3614 est.
1896 3560 2027 3613 Erat

447 3645 627 3689 autem
682 3639 734 3691 in
783 3640 1149 3708 dispertienda
1214 3648 1394 3713 prteda
1443 3647 1645 3714 justus,
1695 3660 1749 3701 et
1803 3664 1897 3704 eus
1934 3649 2027 3717 qui

444 3727 663 3796 egregie
692 3742 1079 3796 pugnaverant,
1136 3748 1234 3802 pro
1290 3734 1551 3803 dignitate
1600 3736 1755 3789 donis
1793 3736 2028 3791 extolle-

448 3812 537 3867 bat
568 3814 805 3886 (δύ-67).
852 3816 1090 3876 Tandem
1137 3838 1256 3877 cum
1282 3822 1393 3891 jam
1454 3840 1556 3877 non
1610 3825 1873 3879 latronem
1934 3826 2029 3881 sed

450 3904 747 3972 principem
771 3923 889 3963 sese
904 3911 1258 3978 exhibuisset,
1278 3913 1473 3969 bellum
1494 3916 1657 3986 gessit
1679 3932 1800 3972 cum
1828 3917 2030 3971 Ruina-

452 3994 558 4059 nis,
590 3999 887 4067 multisque
910 4002 1114 4069 praeliis
1146 4006 1396 4073 superior
1418 4008 1611 4073 evasit,
1635 4010 1769 4064 adeo
1789 4020 1845 4063 ut
1864 4008 2026 4065 etiam

453 4086 644 4139 ducem
712 4087 1077 4145 Romanorum
1123 4091 1388 4150 Vitelliqu
1436 4113 1557 4152 cum
1616 4099 1733 4167 ipso
1785 4102 2028 4155 exercitu

452 4175 832 4246 proﬂigaverit,
863 4182 1243 4253 captivumque
1274 4188 1499 4255 ceperit,
1546 4197 1603 4242 et
1642 4190 1820 4259 gladio
1864 4207 2031 4245 neca-

452 4262 612 4331 verit,
643 4278 699 4325 et
736 4270 837 4325 alia
875 4274 1040 4328 multa
1074 4275 1125 4329 in
1157 4276 1298 4332 bello
1333 4277 1559 4336 feliciter
1584 4283 1836 4351 gesserit,
1863 4284 2033 4339 donec

452 4358 650 4417 Fabius
680 4365 801 4419 belli
831 4367 1087 4422 adversus
1135 4371 1280 4424 illum
1329 4372 1435 4426 dux
1470 4386 1683 4430 creatus
1735 4391 1836 4430 εει.
1895 4376 2031 4430 Inde

458 4468 563 4508 non
598 4456 756 4523 paulo
790 4457 1014 4513 inferior
1039 4476 1161 4517 esse
1189 4465 1375 4532 cmpit.
1428 4465 1627 4520 Deinde
1688 4478 1921 4532 creatus,
1973 4476 2027 4521 et

457 4543 620 4599 Fabio
650 4552 897 4615 superior
921 4552 1117 4619 lactus,
1150 4571 1273 4609 cum
1309 4557 1360 4610 in
1389 4568 1546 4626 pacta
1582 4560 1910 4614 descendere
1936 4562 2017 4613 in-

458 4636 615 4705 tligna
673 4637 931 4695 Remanis
961 4646 1152 4712 coegit.
1190 4644 1383 4701 Verum
1434 4648 1616 4717 Scipio
1648 4651 1909 4706 adversus
1947 4650 2037 4706 Vi-

461 4727 694 4781 riathum
724 4733 828 4785 dux
860 4734 1038 4788 electu
1057 4751 1106 4799 s,
1134 4752 1256 4805 quae
1294 4749 1412 4793 acta
1437 4739 1563 4794 fecit
1593 4741 1765 4807 irrita,
1797 4753 1850 4796 et
1877 4758 2039 4812 snpe-

469 4828 644 4893 ratttm
674 4837 816 4891 saepe
851 4822 1172 4893 \‘iriatltum,
1199 4832 1265 4882 ad
1296 4838 1590 4886 extremam
1616 4833 1807 4888 deinde
1834 4835 2038 4889 cladem
2077 4894 2090 4911 .

460 4911 817 4978 entnpulsum,
849 4916 983 4969 adeo
1008 4926 1064 4969 ut
1092 4934 1274 4986 pacem
1311 4931 1602 4989 spectaret,
1649 4940 1742 4991 per
1779 4924 2040 4979 domesti-

461 5015 556 5054 cos
587 5002 711 5055 tlolo
761 5006 1051 5072 interfecit,
1120 5020 1176 5065 ct
1228 5010 1346 5079 ejus
1403 5013 1614 5081 imperii
1666 5030 2035 5071 Successorem

465 5091 786 5149 Tnutamum
840 5099 1064 5169 eiusque
1087 5104 1266 5160 socios
1296 5106 1541 5161 Derculit.
1582 5116 1637 5162 et
1665 5117 1723 5161 ut
1757 5124 1859 5173 pax
1891 5108 2040 5161 arbi-

2127 3276 2345 3345 ἀγῶνας
2403 3274 2821 3344 καθιστάμενος,
2850 3273 3187 3345 «περιϐόητος
3224 3272 3441 3340 ἐγένετο
3464 3273 3514 3304 ’⁸
3555 3268 3714 3337 παρά

2130 3371 2244 3431 τοῖς
2278 3366 2533 3437 πλήθεσι,
2579 3367 2676 3421 καὶ
2716 3362 2939 3433 ἡγεμὼν
2986 3365 3169 3426 αὐτοῖς
3206 3363 3401 3433 ᾑρέθη,
3441 3361 3534 3415 καὶ
3573 3360 3711 3430 ταχῦ

2136 3459 2391 3528 σύστημα
2415 3456 2545 3527 περὶ
2568 3456 2756 3510 ἑαυτὸν
2780 3454 2992 3526 λῃστῶν
3016 3453 3258 3524 ἤθροισε.
3290 3452 3340 3524 [l
3356 3451 3454 3506 164
3488 3451 3582 3523 ΙΙ.]
3603 3450 3715 3503 Καὶ

2129 3552 2456 3625 προκόπτων
2483 3549 2541 3601 ὲν
2573 3550 2684 3610 τοῖς
2727 3545 2985 3615 πολέμοις
3006 3545 3066 3598 οὐ
3104 3545 3262 3614 μόνον
3308 3541 3713 3613 ἐθαυμαστώθη

2128 3645 2197 3699 δι’
2230 3642 2422 3713 ἀλκὴν,
2452 3638 2592 3692 ἀλλά
2627 3638 2720 3692 καὶ
2773 3636 3100 3707 στρατηγεῖν
3134 3635 3278 3699 ἔδοξε
3326 3633 3712 3701 διαφερόντως,

2131 3732 2243 3792 Ἦν
2281 3735 2338 3788 δὲ
2366 3735 2460 3788 καὶ
2487 3733 2693 3794 δίκαιος
2720 3730 2780 3784 ὲν
2826 3730 2946 3789 ταῖς
2979 3728 3263 3798 διανομαῖς
3294 3725 3404 3779 τῶν
3430 3723 3713 3796 λαφύρων,

2133 3826 2228 3879 καὶ
2264 3825 2383 3878 κατ’
2433 3821 2593 3889 ἀξίαν
2642 3820 2769 3884 τοὺς
2826 3818 3346 3889 ἀνδραγαθήσαντας
3384 3813 3548 3885 ἐξῆρε
3604 3815 3716 3875 τοῖς

2129 3916 2344 3987 δώροις.
2395 3912 2607 3984 Προϊὼν
2668 3912 2725 3964 δὲ
2811 3910 2993 3963 οὐκέτι
3084 3908 3284 3980 λῃστὴν
3345 3906 3482 3960 ἀλλά
3553 3903 3715 3957 δυνά·

2134 4024 2269 4080 στην
2310 4005 2472 4061 αὐτὸν
2522 4006 2566 4036 ⁷³
2652 3999 2936 4067 ἀναδείξας
3005 3998 3311 4068 ἐπολέμησε
3383 3993 3712 4064 Ῥωμαίοις,

2135 4100 2234 4153 καὶ
2286 4097 2509 4158 πολλαῖς
2546 4091 2818 4162 ἐκράτησε
2880 4089 3102 4160 μάχαις,
3141 4086 3217 4153 ὡς
3267 4086 3361 4141 καὶ
3413 4082 3716 4156 στρατηγὸν

2146 4190 2436 4261 Ῥωμαίων
2458 4187 2766 4241 Οὐϊτέλλιον
2787 4185 2832 4216 ⁸ο
2857 4182 3005 4253 αὐτῷ
3031 4180 3477 4250 καταπολεμῆσαι
3499 4173 3717 4247 στρατῷ

2139 4284 2236 4338 καὶ
2268 4281 2619 4352 αἰχμάλωτον
2641 4277 2825 4332 λαϐεῖν
2861 4276 2957 4329 καὶ
2984 4274 3128 4343 ξίφει
3157 4273 3388 4333 ἀνελεῖν,
3419 4270 3515 4324 καὶ
3547 4267 3718 4321 πολλά

2135 4374 2299 4442 ⁷έτεριι
2327 4372 2667 4441 εὐημερῆσαι
2707 4368 2850 4421 κατά
2893 4367 3154 4436 πόλεμον,
3185 4365 3288 4426 ἕως
3334 4362 3530 4423 Φάϐιος
3556 4377 3719 4429 στρα-

2136 4465 2307 4534 τηγὸς
2327 4461 2424 4516 τοῦ
2454 4463 2589 4533 πρὸς
2614 4461 2776 4515 αὐτὸν
2803 4458 3043 4527 πολέμου
3074 4456 3505 4527 κεχειροτόνητο.
3540 4452 3716 4505 Ἐκεῖ-

2145 4555 2237 4609 θεν
2257 4555 2301 4606 δ’
2334 4552 2691 4605 ἐλαττοῦσθαι
2713 4549 2916 4621 ήρξατο
2935 4547 3021 4601 ἐπ’
3052 4549 3153 4600 οὐκ
3182 4545 3383 4616 ὀλίγον.
3420 4540 3553 4597 Εἶτα
3585 4544 3718 4596 ἀνα-

2141 4644 2321 4700 λαϐὼν
2356 4643 2448 4697 καὶ
2476 4642 2948 4712 κατευδοκιμήσας
2978 4640 3179 4692 Φαϐίου
3212 4640 3291 4699 είς
3316 4636 3592 4707 συνθήκας
3619 4633 3719 4687 αὐ·

2144 4739 2237 4792 τὸν
2266 4736 2440 4790 ἐλθεῖν
2464 4734 2718 4800 ἀναξίους
2755 4732 3039 4803 Ῥωμαίων
3062 4730 3393 4800 ἠνάγκασεν.
3435 4727 3576 4779 Ἀλλ’
3602 4726 3631 4779 ὃ
3656 4740 3718 4791 γε

2145 4826 2407 4898 Σκηπίων
2448 4824 2773 4893 στρατηγεῖν
2803 4821 2927 4875 καθ’Δ
2957 4819 3246 4892 ’Υριάτθου
3276 4819 3319 4850 ⁸⁸
3357 4816 3599 4887 αἱρεθεὶς
3623 4816 3719 4877 τάς

2146 4937 2205 4972 τε
2235 4918 2508 4986 συνθήκας
2534 4914 2814 4985 ἠκύρωσε,
2846 4912 2939 4965 καὶ
2969 4912 3226 4975 πολλάκις
3260 4908 3544 4980 Ὑρίατθον
3568 4906 3722 4960 ὲλατ-

2146 5010 2353 5072 τώσας,
2394 5003 2514 5059 εἶτα
2552 4994 2643 5069 εἰς
2680 5008 2903 5076 ἔσχατον
2930 5007 3101 5077 ἥττης
3134 5002 3431 5064 συνελάσας
3460 4999 3601 5053 ὥστε
3627 4995 3721 5051 καὶ

2150 5101 2286 5173 πρὸς
2336 5097 2567 5160 σπονδὰς
2616 5098 2770 5166 ὀρᾷν,
2801 5097 2890 5151 διὰ
2934 5097 3044 5151 τῶν
3079 5096 3296 5152 οἰκείων
3345 5090 3716 5160 ἐδολοφόνησε.

1740 5195 1975 5250 VARUE
2009 5185 2409 5249 LEC'I‘IONES.

546 5271 1021 5346 θπαρακατέθετο
1046 5300 1106 5346 ς.
1184 5284 1229 5316 ⁶⁹
1260 5284 1351 5337 τὸν
1376 5285 1540 5339 ἵππον
1566 5288 1858 5342 ἐπιϐαίνων
1887 5289 1925 5339 Β
1952 5297 2007 5342 et
2031 5300 2174 5340 corr.
2208 5282 2248 5333 Α
2273 5298 2288 5334 :
2322 5276 2428 5330 τῶν
2478 5275 2690 5346 ἵππωνμ
2710 5273 2986 5346 ἐπιμένων
3012 5291 3072 5346 ς.

3150 5274 3196 5305 ⁷ο
3232 5272 3449 5337 ἐξελυτο
3471 5282 3615 5325 corr.
3647 5271 3711 5324 Α.

467 5345 513 5376 ⁷¹
546 5339 815 5400 εὐάλὼτον
847 5365 906 5410 ς’.
983 5352 1028 5383 ⁷³
1050 5339 1283 5424 κατέστη
1305 5370 1417 5409 οιιι.
1451 5356 1513 5411 Β.
1603 5339 1648 5388 ⁷⁸
1674 5339 1810 5426 ἔχων
1839 5339 2167 5424 'omijA.
2323 5345 2633 5426 συνειθξσῇς
2661 5339 2996 5426 Βηςὺχῄρηξ
3019 5344 3062 5397 Α
3098 5362 3110 5398 ε
3146 5341 3416 5426 συνεξῼισι
3447 5339 3633 5426 ς-ηἶέ

469 5428 577 5467 om.
603 5416 669 5466 A.
745 5417 790 5448 ⁷⁸
819 5418 1008 5473 ἑαυτὸν
1032 5421 1091 5476 Β.
1167 5424 1209 5455 ⁷⁷
1231 5416 1399 5478 ’ύπνου
1426 5426 1489 5479 A.

475 5481 608 5551 θρου
642 5499 702 5544 ς.

1592 5427 1636 5459 ⁷⁸
1666 5428 1880 5495 ἐγένετο
1913 5428 2038 5481 add.
2068 5426 2132 5477 Α.

2240 5419 2285 5452 τ’
2321 5416 2513 5470 ἑαυτὸν
2571 5414 2631 5470 Β.
2710 5408 2779 5447 ’⁸⁸
2814 5408 3088 5468 Οὐϊτέλιον
3118 5430 3180 5478 ς.
3276 5412 3321 5445 ⁸⁸
3351 5416 3469 5466 κατ’
3518 5408 3720 5479 Οὐριά-

2734 5415 2779 5447 ⁸⁰
2814 5414 3088 5468 Οὐϊτέλιον
3118 5430 3180 5478 ς.

1920 5555 2145 5611 NOTAE.

546 5644 751 5718 (66-67)
780 5648 957 5705 Cicer.
980 5650 1074 5705 lib.
1100 5666 1116 5705 ι
1146 5651 1216 5708 De
1237 5655 1433 5723 oﬁiciis.
