3990 6232
319 285 464 353 1405

1394 287 1919 350 ΒΙΒΠΟΤΗΕΟΑ.
1943 311 2010 323 --
2048 288 2213 350 COD.
2241 290 2530 354 CCXLIV.

3434 298 3569 366 1406

316 400 431 455 Καὶ
466 402 561 457 τὸν
597 403 983 476 διαδεξάμενον
1020 403 1185 459 αὐτοῦ
1233 404 1331 475 τὴν
1375 405 1710 476 στρατηγίαν
1762 402 1883 455 ras

2006 403 2109 458 trio
2136 418 2233 459 suo
2273 406 2448 471 fieret,
2483 404 2683 476 effecit,
2714 419 2879 481 atque
2909 411 3015 470 illis
3059 429 3253 487 agrum
3279 423 3333 470 et
3381 416 3568 471 urbem

308 509 492 564 ταμον
536 496 790 559 καὶτοὺς
838 498 958 568 μετ’
995 495 1162 552 αὑτοῦ
1220 496 1734 566 καταπληξάμενος,
1798 494 1894 547 καὶ

2001 492 2150 549 dedit
2179 496 2245 550 ad
2277 497 2649 556 habitandum.

311 587 552 652 σπονδὰς
584 586 710 649 [627
740 586 833 659 H.]
893 586 1012 650 οἵας
1082 585 1335 640 ἐδούλετο
1400 586 1590 641 θέσθαι
1644 580 2242 655 παρασκευασάμενος,
2299 586 2465 644 ἔδωκε
2517 589 2703 663 χώραν
2785 592 2881 647 καὶ
2940 596 3096 652 πόλιν
3161 598 3245 663 είς
3311 597 3576 673 κατοίκη-

312 690 404 729 σιν
429 676 501 732 ⁸³.

927 769 1025 822 Ἐκ
1052 767 1159 823 τοῦ
1184 768 1297 823 λό’.

387 857 516 912 Ὀτι
541 858 679 928 μετὰ
705 856 804 927 τὴν
822 859 1210 928 Καρχηδονίων
1237 858 1531 913 κατάλυσιν
1562 859 1656 912 ἐπ)⁵
1687 858 1728 923 ξ’
1749 858 1895 913 ἔτεσι

309 948 429 1003 τῶν
453 948 692 1003 Σικελῶν
722 949 1057 1018 εὐροούντων
1082 949 1127 981 ⁸³
1153 952 1209 1002 ἐν
1253 952 1440 1017 πᾶσιν,
1467 953 1496 1004 ὁ
1526 951 1768 1014 δουλικὸς
1797 951 1896 1005 αύ-

311 1045 431 1107 τοῖς
454 1042 730 1111 ἐπανέστη
757 1041 993 1112 πόλεμος
1013 1043 1071 1109 ἐξ
1098 1042 1276 1106 αίτίας
1297 1043 1571 1110 τοιαύτης.
1607 1043 1729 1096 Ἐπὶ
1755 1042 1890 1096 πολὺ

310 1136 431 1198 τοῖς
456 1133 594 1203 βίοις
616 1133 1018 1203 ἀναδραμόντες
1050 1135 1144 1187 καὶ
1171 1134 1437 1204 μεγάλους
1460 1134 1893 1205 περιποιησάμε-

310 1241 396 1281 νοι
421 1225 685 1288 πλούτους
705 1224 1069 1296 συνηγόραζον
1091 1226 1321 1280 οἰκετῶν
1354 1225 1578 1296 πλῆθος·
1596 1221 1677 1290 οἷς
1695 1228 1757 1279 ἐκ
1783 1225 1891 1278 τῶν

315 1316 812 1388 σωματοτροφείων
855 1316 1118 1388 ἀγεληδὸν
1155 1318 1481 1389 ἀπαχθείσιν
1524 1317 1687 1382 εὐθὺς
1722 1335 1893 1388 χαρα-

309 1411 494 1478 κτῆρα
513 1407 811 1465 ἐπέϐαλλον
830 1409 923 1461 καὶ
957 1409 1192 1478 στιγμὰς
1207 1412 1319 1474 τοῖς
1342 1409 1606 1481 σώμασιν.
1626 1410 1894 1481 Ἐχρῶντο

309 1497 371 1553 δὲ
386 1498 567 1553 αὐτῶν
592 1502 706 1561 τοῖς
731 1498 830 1569 μὲν
863 1500 1003 1562 νέοις
1027 1499 1274 1569 νομεῦσι,
1294 1502 1403 1564 τοῖς
1425 1501 1469 1553 δ’
1490 1500 1690 1563 ἄλλοις,
1712 1500 1782 1562 ὥς
1814 1517 1889 1571 πῃ

310 1589 587 1660 ἐκάστῳὴ
627 1591 786 1662 χρεία
823 1590 1111 1644 ἐπέϐαλλε.
1143 1591 1423 1661 Bapting
1452 1592 1633 1654 αὐτοῖς
1666 1591 1806 1645 κατὰ
1829 1607 1890 1643 τε

2386 764 2474 822 Ea:
2502 766 2639 823 libro
2682 771 2942 828 tricesimo
2970 785 3178 836 quarto.

2066 853 2202 909 Cum
2233 864 2354 925 post
2391 857 2593 913 deletos
2629 859 3108 933 Carthaginienses,
3144 865 3448 923 Siculorum
3482 884 3569 925 res

1993 945 2152 1002 annis
2179 949 2460 1018 sexaginta
2488 950 2541 1004 in
2574 950 2956 1009 ﬂorentissima
2982 956 3196 1011 fortuna
3233 963 3569 1028 permansis-

1993 1046 2137 1102 sent,
2172 1043 2386 1094 tandem
2420 1041 2621 1098 servile
2669 1044 2863 1100 bellum
2893 1050 3033 1118 apud
3057 1064 3149 1105 eos
3188 1051 3287 1106 hac
3317 1053 3381 1107 de
3407 1069 3569 1109 causa

1992 1138 2241 1186 exortum
2275 1141 2377 1186 est.
2417 1131 2555 1188 Vita:
2593 1137 3065 1194 commoditatibus
3095 1156 3418 1212 magnopere
3465 1160 3565 1198 au-

1994 1225 2088 1289 cti,
2130 1239 2193 1279 ac
2228 1224 2445 1282 divitias
2474 1226 2720 1296 ingentes
2758 1229 2958 1298 adepti,
2994 1247 3242 1302 magnam
3283 1250 3563 1290 servorum

1995 1314 2391 1370 multitudinem
2449 1330 2632 1372 emere
2678 1318 2820 1373 soliti
2868 1329 3023 1375 erant
3057 1338 3074 1376 :
3109 1336 3339 1392 quorum
3401 1326 3564 1382 veluti

1994 1419 2185 1475 greges
2216 1409 2500 1473 quosdam,
2532 1408 2859 1477 simulatque
2883 1425 2914 1464 e
2948 1412 3081 1467 locis
3128 1413 3182 1467 in
3218 1415 3415 1483 quibus
3463 1433 3564 1471 nu-

1999 1495 2300 1549 triebantur
2325 1496 2643 1563 eduxeram,
2678 1499 2841 1554 certis
2883 1499 3002 1555 illos
3055 1501 3198 1557 notis
3239 1517 3567 1575 compunge-

1995 1585 2128 1639 bant
2164 1602 2176 1638 :
2207 1595 2264 1639 et
2286 1601 2381 1640 eos
2407 1589 2624 1657 quidem
2658 1590 2747 1657 qui
2802 1591 3045 1658 juniores
3082 1603 3263 1660 erant,
3317 1605 3565 1665 pastores

308 1680 413 1742 τὰς
444 1679 751 1748 ὑπηρεσίας
802 1677 1074 1748 ἐχρῶντο,
1115 1679 1211 1732 καὶ
1244 1678 1562 1747 ἐπιμελείας
1611 1676 1883 1739 παντελῶς

1993 1677 2391 1732 constituebant
2425 1696 2440 1733 :
2482 1680 2709 1735 aliorum
2750 1693 2929 1736 autem
2960 1698 3120 1751 Opera
3155 1687 3222 1740 ad
3252 1687 3355 1740 alia
3403 1690 3563 1744 mini-

307 1770 499 1843 ὀλίγης
517 1770 722 1841 ἠξίουν,
739 1771 838 1824 ὅσα
856 1787 916 1822 τε
935 1769 1293 1841 ἐντρέφεσθαι
1314 1771 1406 1823 καὶ
1423 1771 1525 1823 ὅσα
1546 1768 1887 1823 ἐνδύσασθαι.

319 1863 414 1930 Ἓξ
444 1857 520 1917 ὢν
555 1865 605 1915 οι
641 1863 859 1923 πλείους
887 1862 994 1916 ἀπὸ
1043 1862 1299 1936 λῃστείας
1324 1862 1385 1914 τὺ
1425 1862 1527 1933 ζῇν
1552 1861 1886 1932 ἐπορίζοντο,

305 1947 409 2011 καὶ
437 1955 612 2027 μεστά
630 1954 678 1986 ⁸⁵
700 1956 876 2025 φόνων
915 1950 984 2026 ἦν
1043 1956 1283 2019 ἅπαντα,
1317 1953 1571 2024 καθάπερ
1623 1971 1888 2026 στρατευ-

313 2043 504 2117 μάτων
533 2044 949 2115 διεσπαρμένων
979 2045 1086 2098 τῶν
1117 2044 1351 2116 λῃστῶν.
1392 2046 1456 2098 Οἱ
1498 2045 1555 2098 δὲ
1590 2046 1890 2116 στρατηγοὶ

307 2136 541 2190 κωλύειν
571 2135 669 2205 μὲν
716 2136 1057 2206 ἐπεχείρουν,
1088 2137 1336 2200 κολάζειν
1373 2136 1429 2189 δὲ
1468 2136 1531 2189 ού
1578 2135 1888 2204 τολμῶντες

304 2228 397 2282 διὰ
429 2227 528 2298 τὴν
563 2227 716 2296 ἰσχὺν
745 2228 835 2279 καὶ
877 2227 938 2279 τὺ
975 2227 1136 2298 βάρος
1170 2227 1278 2280 τῶν
1318 2227 1543 2297 κυρίων,
1580 2228 1630 2280 οἳ
1665 2226 1888 2280 ἐδέσπο-

306 2319 403 2384 ζον
441 2318 548 2372 τῶν
574 2319 621 2351 ⁸⁸
648 2319 882 2389 λῃστῶν,
914 2319 1289 2389 ἠναγκάζοντο
1330 2320 1590 2391 περιορᾷν
1624 2319 1886 2391 λῃστευο-

310 2411 483 2483 μένην
510 2410 607 2481 τὴν
638 2411 912 2482 ἐπαρχίαν
939 2427 952 2443 ·
989 2411 1039 2463 οἱ
1067 2411 1310 2465 πλεῖστοι
1341 2411 1448 2483 γὰρ
1476 2413 1583 2464 τῶν
1604 2410 1886 2481 κτητόρων

307 2507 498 2569 ἱππεῖς
522 2505 674 2568 ὄντες
694 2503 803 2557 τῶν
833 2503 1144 2574 Ῥωμαίων,
1169 2501 1266 2557 καὶ
1297 2504 1484 2574 κριταὶ
1513 2505 1624 2567 τοῖς
1648 2504 1753 2555 ἀπὸ
1776 2501 1885 2556 τῶν

304 2597 588 2669 ἐπαρχιῶν
624 2595 1124 2666 κατηγορουμένοις
1155 2596 1483 2665 στρατηγοῖς
1507 2595 1555 2626 ⁸⁸
1585 2594 1883 2663 γινόμενοι,

305 2691 530 2761 φοϐεροὶ
558 2692 668 2753 τοῖς
697 2688 957 2761 ἄρχουσιν
982 2688 1246 2757 ὑπῆρχον.
1266 2685 1584 2757 Πιεζόμενοι
1607 2686 1663 2738 δὲ
1690 2686 1739 2738 οἱ
1766 2685 1885 2739 δοῦ-

304 2784 391 2837 λοι
414 2786 533 2846 ταῖς
566 2780 987 2852 ταλαιπωρίαις,
1008 2781 1104 2832 καὶ
1138 2780 1371 2849 πληγαῖς
1396 2779 1464 2832 τὰ
1490 2777 1660 2831 πολλὰ
1698 2795 1882 2849 παρα-

304 2875 481 2944 λόγως
508 2874 556 2906 ⁸⁷
581 2873 950 2946 ὑϐριζόμενοι,
982 2874 1079 2942 ούχ
1122 2872 1414 2942 ὑπέμενον.
1462 2871 1741 2934 Συνιόντες
1789 2869 1882 2923 οὖν

1989 1771 2156 1823 stet-ia
2188 1781 2348 1838 prout
2381 1771 2645 1841 cujusque
2698 1789 2828 1829 usus
2868 1778 3196 1844 postulabat,
3250 1760 3557 1837 utebantur.

1990 1859 2186 1914 Verum
2220 1873 2576 1932 praeterquam
2616 1866 2759 1933 quod
2812 1881 2941 1935 erga
2979 1882 3071 1922 eos
3105 1884 3327 1937 asperos
3361 1886 3425 1925 ac
3474 1873 3563 1926 ri-

1987 1943 2143 2012 gidos
2169 1944 2223 1998 in
2264 1945 2599 2014 imperandis
2643 1948 2964 2002 ministeriis
2992 1950 3338 2018 exhibebant,
3362 1952 3559 2027 384$

1987 2034 2152 2089 etiam
2176 2050 2363 2089 eorum
2418 2037 2590 2091 victus
2622 2053 2685 2091 ac
2743 2038 2969 2093 vestitus
3024 2054 3115 2095 v11
3171 2041 3333 2097 ullam
3372 2060 3564 2113 gerere

1987 2140 2173 2180 curam
2206 2127 2588 2197 dignabantur.
2643 2127 2794 2184 Unde
2841 2128 3024 2197 ﬁebat,
3063 2142 3121 2186 ut
3176 2147 3369 2189 eorum
3415 2138 3557 2193 bona

1984 2231 2111 2286 pars
2138 2219 2302 2272 vitam
2349 2229 2503 2289 rapto
2543 2228 2894 2286 sustentaret,
2949 2222 3239 2292 omniaque
3295 2229 3559 2296 sanguine

1984 2308 2391 2362 redundarent:
2433 2316 2615 2378 utpote
2639 2309 3004 2376 praedonibus,
3035 2322 3288 2381 tanquam
3321 2316 3551 2371 militum

1981 2398 2333 2464 exercitibus,
2374 2399 2531 2469 longe
2558 2400 2774 2471 lateque
2799 2404 3197 2473 grassantibus.
3239 2404 3556 2462 Provincia-

1982 2503 2102 2541 rum
2137 2499 2312 2543 autem
2348 2489 2583 2559 praefecti
2634 2494 2919 2560 prohibere
2945 2498 3161 2564 quidem
3196 2503 3552 2563 conabantur,

1981 2581 2077 2634 sed
2105 2595 2226 2635 cum
2273 2581 2591 2651 supplicium
2619 2584 2686 2638 de
2733 2580 2801 2639 iis
2855 2601 3070 2641 sumere
3127 2603 3235 2644 non
3297 2591 3556 2647 auderent

1981 2684 2202 2742 propter
2232 2689 2478 2744 magnam
2512 2677 2851 2732 dominorum
2910 2681 3206 2746 potentiam
3259 2691 3420 2752 atque
3449 2697 3552 2738 au-

1981 2766 2311 2829 ctoritatem,
2338 2782 2488 2821 suam
2520 2769 2749 2838 quisque
2767 2770 3101 2838 provinciam
3123 2774 3306 2828 sinere
3337 2776 3554 2844 impune

1981 2856 2139 2925 diripi
2178 2858 2491 2925 cogebatur.
2520 2855 2654 2911 Nam
2679 2874 2802 2913 cum
2827 2858 3065 2930 plerique
3085 2876 3116 2913 e
3140 2862 3373 2918 dominis
3401 2867 3554 2934 equi-

305 2943 559 3037 ἀλλήλοις
599 2943 741 3019 κατά
769 2943 866 3028 τὰς
892 2964 1180 3033 εὐκαιρίας
1214 2961 1539 3015 συνελάλουν
1575 2963 1702 3032 περὶ
1746 2963 1881 3017 ἀπο-

1984 2954 2063 2999 tes
2094 2943 2324 2999 Romani
2354 2954 2559 3013 essent,
2585 2948 2865 3017 etjudiees
2899 2950 3355 3007 constituerentur
3386 2968 3551 3009 accu-

307 3035 573 3124 στάσεως,
606 3058 710 3120 ἕως
737 3059 816 3119 εἰς
853 3054 1011 3127 ἔργον
1043 3055 1141 3123 τὴν
1187 3053 1380 3123 βουλὴν
1426 3054 1652 3125 ἧγαγον.
1685 3049 1793 3107 ’Ἦν
1822 3053 1879 3106 δέ

1983 3038 2252 3092 sationum
2289 3054 2407 3108 quae
2439 3041 2698 3096 adversus
2737 3042 3018 3112 praefectos
3048 3059 3078 3099 e
3103 3047 3397 3114 provinciis
3423 3049 3555 3104 affe-

303 3168 393 3215 τις
422 3152 638 3220 οἰκέτης
700 3149 869 3220 Σύρος
921 3147 1262 3215 Ἀντιγένους
1308 3146 1553 3200 Ἐνναίου
1587 3146 1646 3199 τὸ
1699 3147 1879 3216 γένος,

304 3242 372 3296 ἐκ
398 3240 499 3311 τῆς
527 3239 856 3311 Ἀπαμείας,
890 3238 1175 3309 ἄνθρωπος
1205 3239 1378 3306 μάγος
1405 3238 1501 3289 καὶ
1519 3253 1574 3288 τε
1586 3236 1883 3306 ρατουργὸς

301 3331 396 3386 τὸν
427 3332 652 3402 τρόπον.
690 3325 860 3394 Οὗτος
884 3330 929 3361 ⁸⁸
961 3329 1347 3400 προσεποιεῖτο
1381 3327 1518 3383 θεῶν
1544 3328 1882 3397 ἐπιτάγμασι

303 3419 432 3475 καθ’
464 3418 631 3472 ὕπνον
662 3418 948 3491 προλέγειν
974 3418 1043 3471 τὰ
1084 3416 1365 3488 μέλλοντα,
1396 3417 1491 3469 καὶ
1534 3415 1762 3480 πολλοὺς
1793 3415 1881 3469 διὰ

301 3512 403 3585 τὴν
426 3514 506 3576 είς
526 3512 683 3565 τοῦτο
707 3511 770 3565 τὸ
800 3511 964 3583 μέρος
981 3509 1027 3542 ⁸⁸
1053 3509 1279 3578 εὐφυΐαν
1305 3508 1570 3578 ἐξηπάτα.
1601 3507 1881 3562 Ἐντεῦθεν

302 3603 512 3676 προῖὼν
544 3606 602 3658 ού
638 3604 795 3675 μόνον
843 3604 900 3670 ἐξ
932 3601 1158 3673 ὀνείρων
1201 3598 1526 3669 ἐμαντεύετο
1567 3598 1729 3671 [1165
1760 3598 1877 3672 IL],

300 3695 443 3750 ἀλλὰ
481 3697 575 3749 καὶ
629 3695 1007 3767 ἐγρηγορότως
1045 3691 1203 3754 θεοὺς
1241 3691 1372 3761 δρᾷν
1419 3690 1745 3761 ὑπεκρίνετο
1785 3691 1880 3743 καὶ

301 3791 366 3857 ἐξ
404 3791 581 3845 αὐτῶν
604 3789 824 3842 ἀκούειν
851 3786 919 3839 τὰ
948 3783 1231 3856 μέλλοντα.
1266 3782 1485 3836 Πολλῶν
1518 3784 1562 3836 δ’
1591 3783 1683 3836 ὑπ’
1713 3782 1877 3836 αὐτοῦ

304 3880 761 3954 σχεδιαζομένων,
792 3878 900 3931 ἀπὸ
944 3876 1116 3948 τύχης
1164 3875 1279 3929 ἔνια
1313 3878 1449 3946 πρὸς
1500 3874 1757 3945 ἀλήθειαν
1788 3875 1877 3939 ἐξ-

302 3976 525 4030 έϐαινεο
579 3972 676 4026 καὶ
728 3970 835 4024 τῶν
884 3972 982 4041 μὲν
1041 3969 1115 4041 μὴ
1166 3969 1464 4041 γινομένων
1513 3970 1604 4023 ὑπ’
1663 3969 1877 4031 οὐδενὸς

302 4064 702 4135 ἐλεγχομένων,
736 4062 846 4115 τῶν
900 4061 958 4114 δέ
1007 4060 1449 4131 συντελουμένων
1501 4060 1877 4132 ἐπισημασίας

301 4157 700 4227 τυγχανόντων,
734 4151 1018 4223 προκοπὴν
1051 4151 1358 4221 ἐλάμϐανεν
1396 4152 1429 4221 ἡ
1462 4154 1589 4223 περὶ
1639 4151 1801 4206 αὐτὸν
1829 4151 1876 4184 ⁰⁰

300 4248 451 4314 δόξα.
489 4246 812 4299 Τελευταίον
841 4243 929 4298 διά
962 4259 1106 4304 τινος
1144 4245 1391 4313 μηχανῆς
1421 4243 1533 4314 πῦρ
1565 4244 1703 4314 μετὰ
1732 4261 1876 4308 τινος

299 4336 696 4408 ἐνθουσιασμοῦ
728 4336 820 4389 καὶ
847 4335 1020 4406 φλόγα
1047 4336 1136 4388 διά
1155 4335 1250 4387 τοῦ
1281 4335 1547 4404 στόματος
1579 4335 1751 4405 ⁴ηιρίει,
1779 4335 1873 4389 καὶ
1904 4372 1947 4427 D

299 4432 446 4488 οὕτω
473 4431 541 4485 τά
589 4431 849 4502 μέλλοντα
879 4429 1270 4496 ἀπεφοίὸαζεν.
1316 4429 1410 4493 Ei;
1445 4431 1554 4499 γὰρ
1599 4430 1800 4498 κάρυον
1824 4430 1869 4462 ⁹¹

301 4526 339 4598 ἧ
367 4543 419 4579 τι
440 4523 651 4606 τοιοῦτο
674 4524 1005 4595 τετρημένον
1031 4521 1089 4588 ἐξ
1119 4521 1381 4590 ἐκατέρου
1415 4519 1617 4591 μέρους
1646 4518 1872 4572 ἐνετίθει

302 4618 400 4672 καὶ
427 4617 524 4688 τὴν
555 4615 799 4686 συνέχειν
827 4616 957 4669 αὐτὸ
979 4614 1284 4685 δυναμένην
1309 4613 1440 4683 ὓλην
1458 4628 1471 4643 ·
1503 4608 1621 4664 εἶτα
1647 4610 1874 4674 ἐντιθεὶς

298 4708 381 4779 τῷ
405 4709 634 4778 στόματι
662 4708 755 4760 καὶ
782 4708 1106 4778 προσπνέων
1132 4706 1262 4759 ποτέ
1289 4705 1388 4776 μὲν
1414 4704 1715 4773 σπινθῆρας
1742 4701 1873 4754 ποτὲ

298 4801 357 4855 δὲ
386 4801 560 4870 φλόγα
590 4802 832 4868 ἐξέκαεν.
874 4792 1043 4863 Οὗτος
1075 4799 1183 4869 πρδ
1208 4799 1305 4868 τῆς
1336 4797 1691 4857 ἀποστάσεως
1716 4793 1869 4861 έλεγε

296 4891 397 4965 τὴν
427 4893 626 4962 Συρίαν
650 4893 770 4944 θεὸν
797 4891 1228 4960 ἐπιφαινομένην
1263 4889 1413 4959 αύτῷ
1440 4887 1619 4955 λέγειν
1647 4887 1728 4939 ὅτι
1770 4885 1869 4956 βα-

303 4984 540 5037 σιλεύσει
560 4998 576 5014 °
605 4985 701 5037 καὶ
728 4982 888 5036 τοῦτο
918 4983 978 5034 ού
1006 4981 1138 5050 πρὸς
1176 4979 1368 5037 ἄλλους
1404 4979 1561 5049 μόνον
1596 4976 1732 5031 ἀλλά
1774 4976 1868 5031 καὶ

299 5076 438 5148 πρὸς
461 5076 622 5131 αὐτὸν
654 5076 746 5129 τὸν
773 5074 964 5145 κύριον
991 5071 1154 5126 αὐτοῦ
1187 5071 1411 5125 διετέλει
1451 5070 1645 5138 λέγων.
1690 5070 1783 5133 Εἰς
1811 5068 1869 5122 δὲ

297 5167 518 5237 γέλωτα
559 5168 898 5239 τρεπομένου
928 5165 1019 5217 τοῦ
1054 5148 1398 5233 πράγματος,
1432 5161 1460 5213 ὁ
1501 5162 1598 5231 μέν
1619 5161 1663 5192 ⁸³
1693 5160 1869 5212 Ἀντι-

297 5265 462 5335 γένης
504 5259 1005 5330 ψυχαγωγούμενος
1051 5256 1144 5309 ἐπὶ
1201 5257 1267 5325 τῇ
1313 5253 1571 5324 τερατείᾳ
1595 5250 1721 5323 [6‘28
1776 5247 1866 5321 IL]

1983 3129 2265 3193 rebantur,
2316 3129 2647 3185 formidolosi
2700 3133 2832 3201 ipsis
2882 3133 3148 3202 prazfectis
3201 3147 3375 3189 erant.
3432 3136 3555 3192 Jam

1981 3237 2111 3277 vero
2148 3240 2271 3278 cum
2312 3226 2569 3278 aerumnis
2598 3236 2975 3294 premerentur
3001 3229 3168 3292 servi,
3202 3239 3256 3283 et
3283 3235 3403 3284 cuin
3432 3232 3555 3288 aliis

1983 3311 2156 3366 modis
2186 3313 2419 3381 pessime
2444 3314 2840 3381 acciperentur,
2877 3325 2987 3367 tum
3042 3329 3171 3371 vero
3206 3317 3377 3388 plagis
3429 3322 3557 3375 sub-

1982 3402 2106 3456 inde
2135 3411 2334 3472 praeter
2367 3403 2631 3458 rationem
2659 3414 2714 3457 et
2766 3404 3026 3473 injuriose
3070 3411 3552 3481 contunderentur,

1979 3494 2293 3561 patientiam
2333 3494 2657 3564 abrumpere
2685 3507 2985 3564 creperum.
3042 3497 3233 3567 Itaque
3296 3511 3554 3570 opportu-

1981 3600 2109 3639 num
2185 3596 2396 3655 tempus
2452 3588 2619 3650 nacti,
2675 3588 2729 3640 in
2787 3602 2954 3641 unum
3016 3590 3419 3656 convenientes,
3487 3594 3555 3647 de

1979 3675 2284 3730 defectione
2327 3689 2608 3732 sermones
2659 3675 2801 3731 inter
2881 3690 2942 3730 se
2991 3680 3237 3732 conferre
3287 3679 3550 3747 solebant,

1977 3772 2150 3824 donec
2174 3769 2386 3823 tandem
2415 3768 2579 3822 verba
2612 3770 2678 3821 ad
2710 3783 2823 3822 rem
2854 3773 3224 3823 contulerunt.
3256 3770 3385 3824 Erat
3405 3772 3551 3827 enim

1977 3877 2167 3918 servus
2197 3863 2414 3930 quidam
2468 3861 2639 3933 Syrus
2687 3861 2820 3916 urbe
2875 3862 3114 3931 Apamea
3157 3873 3316 3918 natus
3367 3863 3553 3934 (cujus

1978 3953 2227 4008 dominus
2258 3953 2550 4022 Antigenes
2581 3952 2891 4018 vocabatur,
2918 3962 3142 4022 eratque
3178 3953 3329 4008 Enna
3356 3955 3548 4026 ortus)

1978 4045 2063 4098 vir
2093 4044 2321 4115 magicis
2343 4044 2802 4099 incantationibus
2832 4054 2887 4099 et
2928 4046 3292 4100 circulatoriis
3338 4048 3550 4116 captio-

1979 4139 2135 4194 nibus
2155 4153 2219 4192 ac
2250 4140 2538 4209 praestigiis
2562 4140 2796 4194 deditus.
2838 4138 2974 4193 Hinc
3007 4154 3066 4194 se
3117 4138 3295 4193 futura
3355 4143 3551 4209 praedi-

1976 4243 2100 4284 cere
2134 4230 2391 4283 instinctu
2423 4229 2712 4297 alllaluque
2744 4230 2927 4283 divino
2971 4230 3070 4299 ipsi
3108 4231 3160 4283 in
3215 4234 3421 4285 somnis
3451 4247 3551 4299 ap-

1975 4325 2275 4394 parentium
2304 4321 2593 4377 simulabat
2621 4337 2637 4376 :
2673 4321 2963 4390 multisque
2989 4337 3084 4390 per
3108 4336 3227 4376 eam
3276 4338 3383 4391 qua
3423 4333 3545 4377 ute-

1973 4417 2132 4470 batur
2169 4414 2270 4467 bae
2300 4414 2352 4466 in
2386 4423 2536 4482 parte
2558 4412 2835 4466 solertiam
2892 4412 2957 4465 ad
3005 4412 3381 4467 dexteritatem
3442 4414 3544 4467 im-

1970 4506 2220 4575 ponebat.
2239 4504 2321 4559 Ab
2339 4504 2423 4558 Itis
2445 4512 2624 4557 autem
2644 4501 2950 4570 primordiis
2974 4502 3179 4572 longius
3202 4519 3544 4575 progressus,

1970 4610 2077 4649 non
2111 4593 2284 4648 solum
2312 4608 2381 4647 ex
2409 4592 2738 4647 somniorum
2762 4590 2895 4645 visis
2923 4590 3103 4645 futura
3136 4596 3539 4661 prommtiabat,

1971 4687 2065 4742 sed
2094 4694 2149 4741 et
2171 4684 2297 4754 vigil
2328 4697 2553 4739 cernere
2582 4697 2642 4736 se
2673 4684 2827 4747 deos,
2857 4692 2913 4737 et
2945 4698 3009 4736 ex
3069 4681 3138 4737 iis
3195 4699 3283 4739 res
3330 4684 3541 4742 futuras

1972 4778 2160 4833 audire
2191 4776 2445 4846 fingebat.
2500 4774 2634 4830 Cum
2663 4785 2842 4829 autem
2898 4775 2953 4829 in
2990 4775 3169 4831 multis
3203 4778 3541 4832 vaticinatio-

1974 4871 2132 4926 nibus
2156 4869 2383 4923 mendax
2434 4869 2843 4934 comperiretur,
2903 4866 3118 4923 interim
3186 4878 3363 4923 tamen
3413 4883 3539 4924 casu

1971 4973 2201 5019 eventus
2259 4960 2609 5041 quarumdam
2670 4974 2849 5014 rerum
2900 4973 3029 5015 vere
3096 4960 3538 5029 praedictionibus

1973 5058 2087 5125 ejus
2120 5053 2526 5124 responderent,
2554 5060 2612 5106 et
2664 5049 2799 5106 falsa
2833 5052 3047 5123 quidem
3110 5053 3229 5122 ejus
3285 5053 3541 5106 vaticinia

1975 5163 2134 5213 nemo
2172 5153 2509 5216 coargueret,
2543 5158 2672 5199 vera
2718 5153 2898 5197 autem
2939 5160 3061 5198 cum
3104 5146 3359 5214 applausu
3414 5146 3539 5200 dili-

1973 5248 2163 5312 genter
2195 5247 2533 5302 notarentur,
2583 5235 2860 5290 hominum
2915 5237 3096 5304 opinio
3125 5236 3191 5292 de
3242 5250 3308 5293 eo
3340 5237 3391 5291 in
3427 5237 3543 5293 dies

1564 5428 1797 5485 VABUE
1839 5424 2238 5484 LECTIUNES.

367 5555 415 5586 δ’
446 5553 745 5606 κατοίκισιν
766 5550 827 5604 Β.

925 5549 972 5583 ⁸³
997 5549 1369 5622 εύρροούντων
1402 5550 1461 5604 B.
1537 5549 1587 5622 εξ
1606 5548 1779 5622 μεστὰ
1802 5549 1881 5622 li:
1926 5546 2066 5622 μετά
2085 5558 2147 5610 ς.

2235 5543 2282 5576 ⁸⁸
2305 5542 2413 5596 τῶν
2452 5541 2571 5596 add.
2595 5540 2659 5597 A.
2694 5608 2697 5609 ν
2734 5539 2780 5572 ⁸⁸
2807 5538 3149 5609 στρατηγοῖς
3170 5536 3208 5589 Β
3247 5554 3260 5590 :
3304 5553 3542 5609 στρατη-

297 5628 385 5693 γοὶ
417 5642 476 5688 ς’.
553 5623 596 5653 ⁸⁷
623 5621 944 5693 παραλόγως
970 5622 1015 5693 Α
1040 5608 1498 5693 ι’παρὰᾲλόγρυς.
1570 5608 1619 5652 δέ
1641 5615 1794 5684 οὗτος
1818 5618 1857 5670 Β
1897 5608 2111 5680 τάύτὸς
2141 5632 2201 5679 ς.
2276 5613 2321 5648 ⁸9
2351 5612 2514 5686 μέρος
2541 5611 2583 5664 Α
2606 5626 2619 5664 :
2640 5608 2793 5680 γένος
2818 5608 2889 5676 gi
2949 5610 2994 5644 ⁹⁰
3016 5608 3195 5662 αὐτῶν
3233 5609 3299 5663 Α.
3375 5608 3418 5639 ⁹¹
3438 5609 3539 5662 κά-

302 5687 455 5767 ρυον]
482 5687 716 5763 κάρανον
737 5692 794 5745 Β.
850 5687 916 5723 ν⁹²
960 5692 1058 5761 μὲν
1086 5695 1124 5745 Α
1145 5687 1178 5746 τ’
1203 5690 1303 5761 μὲν
1329 5687 1421 5746 οὖν
1452 5707 1514 5754 ς.
