3990 6232
525 246 661 314 1407

1681 264 1940 326 ΡΗΟΤΙΙ
1972 269 2476 335 PATRIARCIL‘E
2511 277 2618 337 CP.

3649 273 3830 354 Itas'

522 359 841 428 augebatur.
893 358 1177 419 Postremo
1238 367 1526 424 artificium
1593 377 1938 448 excogitavit,
1997 399 2082 452 qut

523 446 1001 471 ημμημψ.
1329 460 1340 471 .
1466 460 1486 471 -
1616 465 1626 471 .
1742 468 1756 471 -

2212 391 2432 460 παρῆγε
2468 389 2562 442 τὸν
2605 387 2808 442 Εὔνουν
2855 392 2934 454 εξς
2981 392 3046 446 τά
3075 392 3364 447 σύνδειπνα
3428 396 3630 466 (τοῦτο
3677 404 3791 471 γὰρ

522 446 790 503 ﬂammam
821 465 886 506 ex
916 469 1010 508 ore
1042 471 1164 509 cum
1199 460 1430 526 quodam
1463 460 1697 521 fanatico
1734 468 1915 527 furore
1937 474 2098 529 emit-

526 541 689 605 tebat,
719 550 772 595 et
807 559 926 598 cum
959 544 1172 600 flamma
1194 550 1355 605 simul
1395 555 1631 612 vaticina
1661 561 1818 616 verba
1874 564 2106 621 Plimba-

519 630 642 684 dum
698 633 749 686 in
796 651 998 690 n-nrem
1046 638 1330 696 fundebat.
1367 647 1547 714 Ignem
1603 652 1743 706 enim
1813 656 1864 708 in
1911 673 2101 715 nucem

519 729 614 774 aut
672 723 878 791 aliquid
935 727 1239 797 luijusmodi
1294 736 1545 804 utrinque
1598 741 1927 809 perforatum
1966 748 2099 818 (68),

525 814 800 882 simulque
836 823 1114 876 materiam
1148 841 1266 893 qum
1303 829 1447 881 illmn
1487 831 1629 887 alere
1659 849 1863 903 posset,
1927 840 2101 908 impo-

517 903 698 967 uebat,
736 907 928 963 deinde
961 913 1041 966 ori
1083 915 1275 971 indens
1321 929 1373 973 et
1401 921 1607 988 afllaus,
1634 929 1792 981 modo
1824 931 2102 996 scintillas,

517 995 966 1053 modoﬂammani
993 1008 1342 1063 accendebat.
1405 1010 1502 1067 llic
1559 1027 1684 1070 ante
1745 1019 2100 1077 defectionem

509 1080 718 1151 jactare
743 1104 1116 1158 consueverat,
1161 1113 1504 1166 apparentem
1538 1107 1639 1159 sibi
1673 1107 1721 1160 iu
1763 1115 1968 1168 somnis
2004 1116 2106 1179 Sy-

517 1177 650 1230 riam
672 1179 823 1234 deam
846 1185 1157 1253 dignitatem
1180 1195 1378 1262 regiam
1397 1198 1630 1265 polliceri
1652 1202 1857 1274 (69).Et
1885 1207 1986 1262 hoc
2006 1177 2105 1263 non

511 1266 630 1321 aliis
663 1274 856 1337 solum,
891 1278 984 1330 sed
1017 1291 1068 1332 et
1097 1297 1196 1336 suo
1245 1285 1410 1352 ipsius
1442 1289 1659 1344 domino
1684 1297 1896 1351 assidue
1948 1299 2107 1352 dicti—

513 1359 684 1416 tabat.
714 1363 848 1419 Cum
878 1379 1058 1424 autem
1093 1374 1200 1427 risu
1239 1391 1322 1432 res
1348 1379 1460 1434 haec
1489 1387 1851 1453 exciperetur,
1877 1390 2099 1460 Antige-

509 1465 605 1504 nes
634 1467 700 1507 ex
732 1456 879 1513 hisce
906 1464 1224 1533 prodigiosis
1280 1473 1582 1529 mendaciis
1630 1477 1956 1546 voluptatem
2007 1499 2100 1536 ca-

2209 479 2380 548 δνομα
2405 478 2484 550 τῷ
2518 479 2766 549 τερατείᾳ)
2808 480 2902 531 καὶ
2929 480 3168 550 διηρώτα
3201 485 3328 554 περὶ
3357 485 3452 556 τῆς
3486 487 3785 556 βασιλείας,

2210 573 2302 625 καὶ
2343 571 2462 635 πῶς
2495 573 2710 642 ἑκάστῳ
2758 573 3022 644 χρήσεται
3069 574 3175 626 τῶν
3229 576 3546 644 παρόντων·
3594 579 3690 632 τοῦ
3729 581 3786 633 δὲ

2209 663 2501 733 ἀτρέπτως
2556 665 2736 718 πάντα
2785 665 2832 697 9³
2877 665 3255 734 διηγουμένου,
3300 668 3394 720 καὶ
3437 669 3513 730 ὡς
3550 670 3788 740 μετρίως

2211 756 2476 824 χρήσεται
2507 758 2620 817 τοῖς
2645 755 2878 825 κυρίοις,
2898 756 2992 808 καὶ
3017 756 3077 808 τδ
3107 756 3325 809 σύνολον
3347 760 3608 822 ποικίλως
3629 777 3786 828 τερτ-

2209 845 2524 913 τευομένου,
2561 846 2798 914 γέλωτες
2829 839 3069 914 ἐγίνοντο
3109 849 3222 908 τοῖς
3252 848 3781 918 παρακεκλημένοις,

2209 939 2304 990 καί
2333 955 2477 1001 τινες
2513 938 2692 992 αὐτῶν
2723 939 2830 992 ἀπὸ
2861 941 2964 1010 τῆς
2991 939 3274 1010 τραπέζης
3293 939 3605 1008 ἀξιολόγους
3630 943 3781 1012 μερί-

2209 1030 2306 1091 δας
2353 1031 2600 1100 αἴροντες
2650 1031 2978 1102 ἐδωροῦντο,
3029 1033 3375 1100 ἐπιλέγοντες
3420 1036 3604 1099 ὅπως,
3657 1035 3783 1088 ὅταν

2210 1121 2436 1191 γένηται
2462 1123 2734 1192 βασιλεὺς,
2769 1126 2868 1193 τῆς
2913 1125 3135 1195 χάριτος
3169 1125 3517 1195 μνημονεύοι.
3562 1127 3639 1178 Οὐ
3677 1127 3783 1196 μὴν

2218 1213 2335 1265 ἁλλ’
2360 1215 2392 1281 ή
2427 1215 2682 1284 τερατεία
2722 1215 2992 1286 προῆλθεν
3021 1218 3099 1278 εἰς
3153 1216 3403 1285 ἀληθινὸν
3433 1217 3783 1284 ἀποτέλεσμα

2211 1299 2511 1370 βασιλείας,
2579 1305 2672 1356 καὶ
2720 1304 2818 1372 τὴν
2872 1305 3223 1358 ἀνταπόδοσιν
3272 1306 3382 1366 τοῖς
3438 1303 3590 1374 παρὰ
3626 1304 3673 1334 ’⁸
3715 1304 3784 1356 τὰ

2205 1394 2397 1447 δεῖπνα
2444 1395 2868 1466 δεξιωσαμένοις
2916 1398 2974 1450 ἐν
3005 1397 3201 1464 γέλωτι
3233 1395 3290 1448 οὐ
3332 1397 3502 1467 χωρὶς
3545 1397 3782 1465 σπουδῆς

2204 1487 2497 1556 ἐποιήσατο
2524 1488 2623 1555 τῆς
2655 1488 2889 1558 χάριτος.

507 1539 681 1608 Piens.
715 1546 766 1598 in
801 1553 1063 1610 conviviis
1139 1560 1206 1614 ad
1251 1576 1369 1630 qua:
1455 1566 1714 1622 invitatus
1771 1579 1908 1636 erat,
1959 1571 2170 1629 Eunum
2212 1576 2322 1643 (ita
2373 1577 2516 1632 enim
2578 1579 2666 1632 hic
2715 1579 3076 1648 praestigiator
3124 1577 3454 1646 vocabatur)
3515 1577 3780 1632 asseclam

505 1633 759 1707 llabeba',
789 1658 1020 1716 Gumatle
1043 1668 1205 1722 super
1237 1674 1400 1729 regno
1434 1661 1830 1734 interrogabat,
1899 1679 1952 1723 et
2007 1672 2273 1740 quomodo
2309 1689 2436 1742 erga
2488 1687 2924 1743 unumquemque
2994 1675 3204 1734 eorum,
3263 1675 3352 1742 qui
3400 1675 3452 1727 in
3489 1683 3632 1725 coetu
3689 1674 3779 1728 illo

503 1738 679 1796 erant,
704 1748 891 1800 gerere
923 1756 980 1796 se
1013 1745 1363 1806 decrevisset.
1399 1753 1530 1808 Cum
1561 1767 1738 1811 autem
1765 1759 1854 1814 ille
1889 1761 1957 1814 ita
2007 1738 2072 1817 iis
2095 1765 2466 1832 responderet,
2498 1774 2555 1818 ut
2587 1765 2639 1818 in
2701 1765 2815 1820 suis
2879 1765 3220 1819 sermonibus
3281 1765 3502 1817 minime
3547 1766 3776 1818 vacilla-

502 1833 606 1890 Υθι,
645 1828 1094 1906 POIlicerelurque
1139 1844 1273 1909 fore,
1327 1855 1386 1901 ut
1416 1849 1664 1908 dominos
1715 1870 1843 1909 suos
1892 1857 2084 1911 leniter
2122 1859 2527 1929 clementerque
2563 1861 2851 1928 acciperet,
2884 1874 3027 1912 mera
3053 1859 3284 1926 denique
3357 1868 3594 1911 monstra
3665 1857 3778 1912 illis

502 1931 666 1986 ειιρθτ
695 1923 813 1979 aliis
841 1930 1006 1985 variis
1033 1935 1193 1990 rebus
1222 1957 1442 1997 narrare
1473 1959 1697 2014 pergere
1721 1949 1919 2021 385a
1963 1953 2215 2008 omnibus
2279 1955 2524 2009 convivis
2573 1955 2739 2008 risum
2780 1956 3050 2009 movebat.
3087 1954 3161 2007 Ex-
3230 1953 3421 2021 quibus
3525 1951 3767 2006 nonnulli

501 2003 834 2068 ferculornm
894 2034 998 2074 non
1045 2027 1385 2091 pwuiteudas
1453 2003 1984 2104 portionesva'b‘lbtas
2033 2058 2064 2097 e
2141 2060 2326 2099 mensa
2394 2045 2442 2098 ei
2497 2045 2863 2114 porrigebat".
2953 2055 3114 2112 alque
3184 2047 3325 2097 inter
3385 2043 3772 2112 porrigendum

503 2096 878 2172 hortabantur,
915 2122 1215 2174 utreguum
1239 2096 1468 2190 adeptus
1486 2129 1694 2196 accepti
1725 2132 1791 2184 ab
1818 2133 1948 2200 ipsis
1974 2133 2216 2188 beneﬁcii
2256 2149 2462 2188 memor
2487 2143 2649 2189 esset.
2724 2133 2829 2188 Sed
2896 2135 3040 2192 enim
3106 2149 3226 2203 quae
3273 2133 3580 2204 prodigiosa
3649 2149 3774 2192 esse

503 2193 792 2252 videbatur
825 2203 1246 2276 vaniloquentia,
1291 2214 1510 2270 minime
1551 2193 1749 2273 vanum
1802 2233 1955 2277 nacta
1993 2234 2077 2278 est
2114 2226 2329 2281 tandem
2359 2227 2582 2290 exitum,
2607 2227 2754 2294 regni
2789 2227 3154 2294 adoptionem.

573 2285 908 2358 Principium
965 2309 1144 2353 autem
1196 2306 1358 2360 totius
1397 2307 1716 2367 defectionis
1751 2313 1849 2368 fuit
1896 2316 2083 2386 bujus-
2109 2320 2158 2379 B

499 2379 667 2436 modi.
719 2383 984 2442 Enneusis
1033 2393 1250 2458 quidam
1303 2399 1523 2455 nomine
1581 2402 1946 2474 Damopbilus,
1998 2411 2082 2464 vir

499 2471 643 2526 elato
683 2474 899 2544 ingenio
933 2483 1209 2550 prteditus,
1241 2488 1475 2560 indignis
1507 2495 1681 2550 modis
1725 2471 1886 2565 supra
1917 2471 2076 2569 quam

499 2564 650 2617 credi
693 2570 866 2634 possit
905 2587 1092 2628 servos
1116 2591 1244 2632 suns
1282 2595 1568 2650 acceperat
1604 2603 1616 2639 :
1651 2588 1879 2659 ejusque
1911 2609 2080 2648 uxore

499 2651 780 2723 Megallide
817 2663 1064 2718 certatim
1104 2680 1199 2720 eos
1252 2671 1534 2739 suppliciis
1582 2651 1749 2733 variis
1791 2651 2077 2749 adiciente,

498 2752 553 2797 et
580 2759 795 2800 omnem
838 2765 966 2821 erga
1014 2770 1109 2809 eos
1155 2772 1372 2815 sensum
1422 2765 1773 2824 humanitatis
1823 2784 2074 2838 exuente,

497 2841 841 2896 exactionem
875 2855 931 2898 et
972 2848 1316 2906 dominorum
1369 2859 1569 2912 caedem
1606 2861 1748 2915 inter
1790 2879 1849 2918 se
1889 2867 2079 2935 conju-

499 2941 643 2995 rant,
695 2933 1015 3005 Eunumque
1071 2943 1334 2999 adeuntes
1385 2947 1747 3020 interrogant,
1800 2969 1867 3008 an
1921 2933 2074 3010 suum

499 3020 741 3090 ipsorum
771 3040 1090 3097 conceptum
1124 3049 1156 3087 a
1185 3035 1289 3090 diis
1316 3041 1731 3098 concederetur.
1768 3045 1867 3100 llic
1895 3057 2073 3102 autem

498 3115 604 3169 illis
633 3119 942 3174 asseutiens
966 3137 994 3174 a
1021 3123 1126 3178 diis
1153 3129 1377 3183 concedi
1410 3134 1720 3201 respondet,
1753 3137 1916 3192 verba
1947 3155 2070 3194 cum

496 3207 674 3262 solitis
705 3213 996 3280 praestigiis
1029 3214 1256 3274 fundens
1285 3239 1298 3275 :
1342 3222 1614 3293 simulque
1647 3227 1774 3292 illis,
1806 3239 1862 3283 ut
1896 3233 2072 3300 primo

496 3314 714 3366 quoque
793 3314 1036 3373 tempore
1096 3308 1225 3364 illud
1298 3316 1704 3386 aggrediantur,
1763 3324 2071 3388 persuadet.

497 3390 692 3445 Statim
726 3394 888 3462 igitur
919 3409 1104 3454 coacta
1134 3403 1654 3475 quadringentorum
1684 3425 2070 3470 conservorum

497 3497 683 3546 manu,
718 3493 772 3538 et
820 3487 871 3539 in
900 3502 1021 3542 eum
1075 3509 1233 3560 quem
1289 3511 1386 3562 pro
1433 3505 1675 3568 tempore
1710 3513 1957 3568 poterant
1986 3523 2075 3559 ar-

495 3575 627 3628 mati
661 3578 903 3642 modmn,
939 3581 990 3634 in
1041 3586 1230 3637 urbem
1269 3586 1472 3641 Eunam
1514 3590 1842 3661 irrumpunt,
1876 3595 2068 3650 ducem

2270 2318 2436 2390 Ἀρχὴ
2468 2318 2526 2371 δέ
2556 2319 2654 2387 τῆς
2682 2317 2810 2386 ὅλης
2862 2317 3216 2379 ἀποστάσεως
3253 2317 3468 2384 ἐγένετο
3512 2318 3764 2386 τοιαύτη.

2182 2411 2488 2481 Δαμόφιλός
2520 2427 2602 2472 τις
2631 2405 2698 2480 ἦν
2729 2409 2990 2474 Ἐνναῖος,
3019 2410 3116 2478 τὴν
3148 2409 3192 2461 δ’
3232 2410 3419 2463 οὐσίαν
3452 2410 3766 2480 μεγαλόψυ-

2181 2523 2274 2575 χος
2305 2505 2372 2569 ³⁸,
2403 2504 2750 2573 ὑπερήφανος
2779 2502 2834 2554 δὲ
2890 2502 2982 2554 τὸν
3010 2502 3230 2570 τρόπον.
3277 2496 3446 2566 Οὗτος
3474 2503 3661 2566 κακῶς
3682 2504 3766 2566 είς

2181 2595 2486 2667 ὑπερϐολὴν
2517 2595 2785 2664 ἐκέχρητο
2813 2594 2925 2655 τοῖς
2952 2592 3180 2656 δούλοις,
3213 2593 3307 2647 καὶ
3330 2596 3363 2664 ἡ
3389 2595 3525 2664 γυνὴ
3557 2595 3616 2647 δέ
3641 2595 3762 2648 Με-

2179 2689 2370 2758 γαλλὶς
2399 2687 2829 2756 ἀντεφιλονείκει
2852 2685 3039 2755 τάνδρὶ
3071 2687 3207 2756 πρὸς
3233 2687 3331 2757 τὴν
3360 2687 3636 2757 τιμωρίαν
3666 2687 3762 2739 καὶ

2175 2784 2275 2853 τὴν
2297 2782 2461 2851 ἄλλην
2478 2778 2874 2850 ἀπανθρωπίαν
2895 2779 2991 2844 τὴν
3006 2779 3129 2848 περὶ
3149 2779 3275 2839 τοὺς
3302 2778 3540 2840 δούλους.
3559 2777 3650 2840 Ἐξ
3675 2771 3756 2830 ὧν

2177 2872 2651 2943 ἀποθηριωθέντες
2675 2872 2724 2925 οἱ
2756 2870 3289 2941 προπηλακιζόμενοι
3317 2871 3598 2925 συνέθεντο
3621 2871 3760 2940 πρὸς

2177 2965 2441 3034 ἀλλήλους
2469 2961 2609 3032 ὑπὲρ
2644 2961 2995 3023 ἀποστάσεως
3041 2963 3138 3014 καὶ
3193 2961 3357 3028 φόνου
3386 2961 3494 3013 τῶν
3526 2961 3756 3031 κυρίων.

2176 3059 2288 3110 Καὶ
2315 3057 2452 3128 πρὸς
2485 3057 2576 3110 τὸν
2605 3054 2812 3108 Εὔνουν
2836 3053 3083 3116 ἐλθόντες
3111 3052 3340 3122 ἠρώτων
3371 3053 3418 3085 ⁸⁸
3455 3053 3506 3105 εί
3541 3069 3758 3122 συγχωσ

2178 3152 2350 3219 ρεῖται
2379 3148 2527 3216 παρά
2558 3146 2666 3199 τῶν
2712 3145 2850 3198 θεῶν
2893 3145 3077 3207 αὐτοῖς
3107 3144 3167 3195 τὸ
3204 3142 3651 3213 βεϐουλευμένον.
3699 3144 3757 3196 Ὀ

2173 3243 2231 3294 δὲ
2261 3240 2399 3310 μετά
2449 3237 2756 3308 τερατείας,
2786 3238 2862 3299 ὡς
2912 3233 3117 3296 εἰώθει,
3164 3232 3488 3302 συνθέμενος
3520 3233 3604 3285 ὅτι
3627 3250 3758 3300 συγ-

2174 3327 2432 3395 χωροῦσι,
2448 3324 2792 3393 παραχρῆμα
2811 3321 2986 3375 πείθει
2999 3319 3216 3390 ἔχεσθαι
3235 3321 3334 3390 τῆς
3363 3321 3754 3391 ἐγχειρήσεως.

2176 3415 2351 3477 Εὐθὺς
2387 3410 2479 3468 οὖν
2507 3413 2896 3486 τετρακοσίους
2915 3412 3024 3464 τῶν
3053 3411 3356 3480 ὁμοδούλων
3371 3411 3751 3481 συνήθροισαν,

2173 3508 2268 3560 καὶ
2292 3507 2367 3568 ὡς
2398 3505 2464 3559 ἂν
2489 3509 2516 3560 ὁ
2535 3505 2726 3576 καιρδς
2779 3505 2978 3569 ἐδίδου,
3037 3500 3494 3566 καθοπλισθέντες
3544 3503 3628 3565 είς
3657 3503 3756 3572 τὴν

2177 3601 2373 3652 Ἔνναν
2397 3598 2496 3669 τὴν
2525 3597 2680 3651 πόλιν
2709 3596 3107 3660 εἰσπίπτουσιν,
3156 3595 3541 3664 ἀφηγουμένου
3575 3594 3755 3646 αὐτῶν

495 3666 757 3722 habentes
790 3670 1020 3734 Euuum,
1071 3675 1183 3729 suis
1213 3677 1264 3729 in
1305 3681 1603 3735 emittenda
1635 3699 1699 3738 ex
1728 3699 1823 3739 ore
1853 3685 2068 3742 flamma

2184 3693 2271 3746 καὶ
2317 3691 2413 3744 τοῦ
2452 3665 2634 3760 πυρὸς
2683 3689 2782 3752 τὰς
2835 3689 3039 3757 φλόγας
3089 3687 3516 3759 τερατευομένου
3546 3687 3756 3750 τούτοις

493 3759 782 3827 praestigiis
811 3773 1075 3818 utentem.
1107 3766 1306 3822 Demos
1333 3780 1514 3825 autem
1553 3773 1804 3842 ingressi,
1836 3787 2070 3847 stragem

497 3865 746 3918 magnam
799 3857 986 3919 edunt,
1033 3872 1099 3911 ne
1134 3859 1459 3917 lactentibus
1502 3867 1718 3933 quidem
1777 3869 2074 3928 infantibus

495 3953 833 4007 parcentes:
887 3948 980 4000 sed
1027 3965 1121 4004 eos
1164 3952 1232 4005 ab
1273 3953 1437 4010 ubere
1486 3959 1676 4014 matris
1731 3973 1914 4030 raptos
1953 3968 2072 4020 solo

495 4030 815 4101 allligeutes.
854 4037 911 4090 lu
945 4039 1198 4096 mulieres
1243 4054 1422 4099 autem
1467 4062 1587 4116 quae
1627 4055 1969 4110 contumelia:
2017 4068 2072 4113 et

493 4122 804 4188 petulantia:
857 4141 1054 4196 genera
1101 4135 1446 4190 exercueriut
1483 4137 1684 4210 (idque
1731 4145 1782 4197 in
1830 4147 2067 4215 ipsorqu

495 4216 814 4271 maritorum
864 4224 1216 4292 conspectu),
1274 4229 1456 4284 verbis
1496 4235 1725 4302 exprimi
1762 4240 1922 4294 nullis
1971 4259 2069 4312 pro

493 4307 757 4376 dignitate
787 4324 981 4379 potest.
1032 4315 1140 4372 Illis
1167 4320 1310 4374 enim
1354 4337 1412 4378 se
1441 4339 1634 4396 magna
1668 4343 1948 4387 servorum
1981 4351 2070 4389 ur-

491 4399 576 4455 bis
613 4404 898 4461 multitudo
941 4409 1276 4477 adjuuxerat.
1298 4413 1562 4471 Caeterum
1587 4434 1708 4474 cum
1735 4423 1785 4476 in
1817 4424 2068 4482 dominos

490 4495 672 4548 omnia
703 4501 946 4568 exempla
990 4504 1375 4576 cruciatusque
1401 4511 1719 4577 edidissent,
1757 4516 1823 4569 ad
1859 4520 2065 4573 caedem

489 4583 714 4639 aliorum
747 4605 804 4643 se
850 4605 1259 4652 converterunt.
1294 4599 1478 4657 Eunus
1506 4615 1686 4659 autem
1718 4623 1840 4662 eum
1869 4608 2067 4664 Damo-

489 4676 693 4741 pltilum
727 4679 778 4732 in
815 4684 1141 4740 suburbanis
1189 4689 1364 4745 hortis
1411 4707 1514 4746 una
1546 4710 1668 4750 cum
1701 4712 1869 4752 uxore
1902 4700 2068 4753 rusti-

487 4767 599 4820 cari
631 4770 893 4839 audisset,
940 4775 1068 4831 illuc
1105 4781 1368 4848 quosdam
1397 4797 1428 4838 e
1461 4787 1577 4841 suis
1618 4788 1785 4851 misit,
1819 4792 1910 4859 qui
1950 4807 2068 4845 am-

487 4859 584 4913 bos
617 4859 740 4915 inde
790 4863 841 4916 in
878 4867 1066 4922 urbem
1113 4873 1325 4927 vinctos
1371 4886 1776 4945 protraxerunt,
1815 4883 1981 4938 variis
2011 4883 2062 4937 in

2173 3784 2266 3836 τοῦ
2293 3782 2486 3836 Εὗνου.
2515 3784 2647 3844 Ταῖς
2676 3783 2720 3834 δ’
2754 3781 2950 3844 οἰκίαις
2997 3780 3406 3842 ἐπεισελθόντες
3431 3781 3476 3811 ’⁷
3505 3779 3754 3832 πλεῖστον

2175 3874 2334 3943 φόνον
2363 3873 2704 3942 εἰργάζοντο,
2743 3872 2866 3942 μηδ’
2894 3871 3074 3924 αὐτῶν
3103 3870 3212 3924 τῶν
3235 3870 3551 3938 ὑπομαζίων
3575 3869 3753 3940 φειδό-

2178 3982 2349 4037 μενοι.
2418 3964 2578 4017 Ἀλλὰ
2654 3963 2825 4016 ταῦτα
2887 3963 2984 4032 μὲν
3037 3961 3136 4030 τῆς
3184 3962 3353 4030 θηλῆς
3398 3961 3752 4022 ἀποσπῶντες

2175 4058 2558 4128 προσήρασσον
2589 4059 2654 4126 τῇ
2686 4058 2757 4125 γῇ
2785 4073 2798 4085 ·
2831 4056 2910 4117 είς
2939 4055 2996 4107 δὲ
3041 4053 3140 4118 τὰς
3183 4055 3447 4122 γυναῖκας
3471 4053 3581 4106 οὐδ’
3605 4053 3751 4105 ἐστιν

2171 4151 2344 4202 εἰπεῖν
2399 4148 2517 4219 (καὶ
2564 4147 2686 4200 τότε
2743 4147 2788 4179 9⁸
2853 4145 3157 4215 βλεπόντων
3209 4145 3316 4197 τῶν
3360 4143 3593 4215 ἀνδρῶν)
3649 4145 3750 4197 ὅσα

2170 4240 2450 4312 ἐνύϐριζόν
2475 4259 2534 4294 τε
2583 4241 2678 4293 καὶ
2725 4240 3131 4308 ἐνησέλγαινον,
3168 4237 3364 4291 πολλοῦ
3394 4238 3579 4300 αὐτοῖς
3613 4238 3749 4308 πλήο

2171 4335 2297 4400 θους
2336 4335 2446 4388 τῶν
2473 4333 2582 4386 ἀπὸ
2623 4334 2722 4402 τῆς
2771 4333 2978 4395 πόλεως
3012 4331 3214 4385 δούλων
3253 4331 3644 4400 προστεθέντος
3676 4331 3743 4391 ’⁸,

2168 4428 2218 4480 οἳ
2247 4427 2343 4480 καλ⁸
2374 4424 2514 4479 κατὰ
2559 4423 2670 4477 τῶν
2719 4424 2925 4492 κυρίων
2959 4422 3225 4493 πρότερον
3249 4421 3320 4474 τὰ
3349 4420 3553 4490 ἔσχατα
3585 4420 3747 4473 ἐνδει-

2168 4517 2426 4586 κνύμενοι
2447 4515 2588 4568 οὕτω
2616 4514 2752 4585 πρὸς
2797 4513 2888 4566 τὸν
2909 4512 3017 4565 τῶν
3044 4513 3218 4566 ἄλλων
3245 4513 3403 4581 φόνον
3432 4512 3744 4582 ἐτρέποντο.

2169 4609 2233 4660 Οἱ
2257 4607 2314 4660 δὲ
2340 4605 2470 4677 περὶ
2500 4606 2591 4658 τὸν
2626 4603 2826 4657 Εὔνουν
2871 4603 3170 4671 πυθόμενοι
3210 4602 3303 4656 τὸν
3335 4602 3644 4672 Δαμόφιλον
3665 4604 3746 4656 ὅτι

2168 4700 2310 4754 κατὰ
2345 4699 2437 4753 τὸν
2494 4698 2720 4770 πλησίον
2764 4697 2867 4766 τῆς
2896 4695 3104 4758 πόλεως
3143 4695 3454 4764 περίκηπον
3477 4694 3746 4766 διατρίϐει

2171 4795 2308 4864 μετὰ
2365 4793 2463 4862 τῆς
2508 4790 2784 4860 γυναικὸς,
2814 4789 2978 4861 [1168
3012 4787 3109 4859 Κ]
3167 4782 3348 4840 εἷλκον
3403 4787 3617 4840 ἐκεῖθεν
3661 4787 3746 4839 διά

2167 4902 2329 4938 τινων
2361 4885 2419 4950 ἐξ
2442 4882 2632 4936 αὐτῶν
2673 4883 2971 4935 σταλέντων
2993 4881 3156 4934 αὐτόν
3169 4898 3229 4933 τε
3260 4880 3353 4934 καὶ
3382 4881 3482 4951 τὴν
3512 4882 3747 4948 γυναῖκα

485 4951 573 5004 via
605 4956 948 5012 contumeliis
981 4959 1225 5018 affectos.
1263 4965 1372 5019 Soli
1397 4977 1574 5024 autem
1603 4971 1719 5037 ejus
1759 4971 1880 5027 filia:
1915 4974 2057 5028 servi

485 5057 705 5082 nrnrmm
757 5063 1110 5082 nnnnnnnnnnl
1193 5066 1241 5082 Α.
1291 5073 1355 5082 ..Α
1398 5061 1613 5082 ...Ξ-Ξκμ-
1677 5081 1687 5082 κ
1743 5065 1819 5082 II,

2184 4978 2487 5048 ῑεδεμένους
2537 4974 3021 5044 ἐξαγκωνίσαντες,
3071 4973 3272 5035 πολλάς
3323 4971 3746 5082 κατάιτὴνρδρν

483 5057 707 5114 prorsus
757 5063 1113 5118 pepercerunt
1190 5066 1246 5110 et
1290 5073 1358 5113 ne
1397 5061 1620 5117 minima
1667 5065 1883 5120 ouidem
1935 5082 2053 5122 eam

2184 5072 2354 5142 iﬁpet;
2377 5070 2734 5140 ὑποσχόντας.
2795 5068 2982 5138 Μόνης
3031 5067 3104 5122 δὲῖ
3142 5068 3239 5138 τῆς
3269 5065 3540 5136 θυγατρὸς
3568 5064 3744 5118 αὐτῶν

1768 5209 2002 5265 VARle
2037 5206 2448 5264 LECTIONES.

549 5327 598 5362 ⁵³
617 5327 832 5382 ἅπαντα
861 5348 922 5390 (τι
980 5330 1027 5364 ⁸⁸
1057 5337 1210 5407 παρὰ
1240 5337 1320 5394 A:
1354 5341 1486 5411 περὶ
1512 5359 1572 5406 ς.
1645 5345 1690 5376 9³
1724 5343 2120 5417 μεγαλόψυχος]
2155 5340 2522 5426 ap‘liuszquod
2743 5339 2848 5394 586
2868 5341 2894 5393 b
2924 5341 3092 5426 57,9
3123 5342 3274 5426 5S7?
3301 5341 3391 5426 9.9-,
3415 5353 3467 5397 et
3490 5342 3597 5426 σεε)
3627 5362 3657 5396 a
3691 5343 3741 5407 7,

549 5397 920 5426 ...-u-~.....---
1035 5403 1082 5426 ..ι
1117 5411 1131 5426 .
1203 5408 1215 5424 ι
1488 5423 1496 5426 -
1559 5412 1584 5426 η
1623 5413 1651 5426 ..
1718 5415 1734 5426 ς
1870 5417 1880 5426 .
2121 5417 2131 5426 .

487 5397 939 5466 μεγαλόπλουτος.

508 5468 528 5497 ⁹
561 5469 962 5539 προστεθέντων
995 5470 1056 5526 Β.

1035 5403 1082 5435 ⁸⁸
1110 5403 1338 5478 ἠρώτων
1384 5403 1503 5480 post
1522 5403 1536 5406 ⁷
1555 5403 1977 5485 βεϐουλευμένον
2008 5403 2158 5485 potiit
2191 5403 2252 5468 Β.

2338 5410 2813 5474 θίὺπεισελοόντες
2840 5429 2902 5475 ς.
3005 5414 3049 5446 ⁸³³
3082 5416 3174 5467 καὶ
3199 5415 3318 5467 τότε
3353 5417 3432 5467 A:
3466 5414 3644 5468 καίτοι
3679 5432 3741 5479 ς.

1984 5593 2212 5650 NOTAE.

559 5674 671 5747 (68)
712 5676 845 5734 Vide
868 5678 1014 5735 Flori
1046 5679 1339 5740 Ευὶιοιιιειι.

2227 5687 2337 5760 (69)
2374 5690 2501 5746 Vide
2525 5690 2824 5750 Luctanum
2848 5702 2902 5750 et
2930 5695 3331 5767 Athenagoram
3360 5713 3416 5753 In
3461 5697 3740 5767 Apologia.
