1995 3116
109 142 180 174 1409

653 135 924 171 BlBLlOTI-lECA.,
936 147 970 153 -
985 134 1066 165 COD.
1088 133 1234 164 CCXLIV.

1676 131 1744 165 ιιιο

108 197 134 222 ot
157 194 246 222 δοῦλοι
268 193 398 229 ὤφθησαν
432 193 472 224 εἰς
494 201 582 220 παντα
607 192 780 227 φεισάμενοι,
807 190 851 217 διὰ
873 189 903 215 τὸ

966 189 1052 223 njuria
1066 188 1109 215 vel
1127 186 1290 215 contumelia
1307 185 1466 219 atl‘ecerunt,
1482 186 1516 214 ob
1532 186 1665 214 immanes
1685 187 1742 222 ejus

108 240 304 276 φιλάνθρωπον
321 239 406 274 αὐτῆς
420 236 485 274 ἦθος
498 238 546 265 καὶ
562 238 626 271 περὶ
636 238 697 269 τοὺς
712 236 819 267 δούλους
834 244 903 270 συμ-

110 286 201 318 παθὲς
209 286 254 312 καὶ
267 285 429 321 βοηθητικὸν
444 284 515 311 κατὰ
525 284 650 319 δύναμιν.
658 283 703 316 Ἐξ
714 280 751 310 ὢν
767 282 904 308 ἐδείκνυτο

110 333 168 359 τῶν
183 332 284 358 δούλων
295 332 356 366 οὐχὶ
373 331 502 366 ’ὠμότης
517 328 587 357 εἶναι
600 330 708 364 φύσεως
725 328 759 355 τὰ
775 328 904 362 γινόμενα

110 379 154 410 εἰς
167 379 231 409 τοὺς
242 377 349 408 ἄλλους,
367 376 434 403 ἀλλὰ
442 376 495 402 τῶν
507 375 747 411 προϋπηργμένων
759 374 798 406 εἰς
806 373 904 405 αὐτοὺς

110 424 289 459 ἀδικημάτων
315 422 503 454 ἁνταπόδοσις.
518 422 569 448 Τὸν
583 422 611 448 δὲ
625 421 777 456 Δαμόφιλον
788 420 835 447 καὶ
850 419 900 454 τὴν

111 468 272 501 Μεγαλλίδα
283 468 323 498 εἰς
335 466 384 502 τὴν
399 468 475 493 πόλιν
486 468 510 493 οἱ
520 465 720 501 ἀπεσταλμένοι
731 464 903 494 ἑλκύσαντες,

112 514 208 549 ὥσπερ
222 514 337 548 ἔφημεν,
355 515 395 545 εἰς
412 513 442 539 τὸ
453 513 567 547 Οέατρον
586 513 744 548 εἰσήγαγον,
757 510 904 546 συνεληλυ-

112 561 191 592 θότος
206 562 216 576 ²
233 559 351 585 ἐνταῦθα
377 559 425 586 τοῦ
454 559 574 594 πλήθους
587 559 640 585 τῶν
663 558 834 585 ἀποστατῶν.
849 558 905 585 Καὶ

112 605 162 632 τοῦ
187 605 341 640 Δαμοφίλου
371 604 552 639 τεχνάσασθαί
579 603 701 640 [6291].]
721 613 746 630 τι
769 604 836 636 πρὸς
856 604 905 638 τὴν

115 651 255 685 σωτηρίαν
282 651 502 685 ἐγχειρήσαντος,
528 651 575 676 καὶ
591 650 703 681 πολλοὺς
726 649 773 676 τοῦ
788 649 906 684 πλήθους

113 697 171 726 τοῖς
180 695 268 729 λόγοις
283 695 464 730 ἐπαγομένου,
485 696 614 730 Ἑρμείας
628 695 675 722 καὶ
690 695 785 728 Ζεῦξις
800 694 907 730 πικρῶς

114 742 185 777 πρὸς
198 742 278 768 αὑτὸν
293 742 303 757 ³
318 742 484 776 διακείμενοι
509 741 609 768 πλάνον
628 750 657 767 τε
670 740 835 771 ἀπεκάλουν,
861 741 907 766 καὶ

113 789 166 814 οὐκ
179 788 374 822 ἀναμείναντες
398 788 446 822 τὴν
472 788 571 823 ἀκριϐῆ
601 787 648 814 τοῦ
673 787 758 822 δήμου
783 787 874 822 κρίσιν
894 786 908 812 ὁ

117 834 168 869 μὲν
182 834 227 860 διὰ
243 833 296 859 τῶν
313 834 437 868 πλευρῶν
467 834 497 859 τὸ
520 833 596 868 ξίφος
609 832 686 865 ὠθεῖ,
712 834 726 859 ὁ
754 833 781 859 δὲ
798 832 907 858 πελέκει

113 880 162 906 τὸν
181 879 317 914 τράχηλον
353 879 459 913 ἔκοψεν.
477 879 597 905 Ἐκεῖθεν
613 880 730 914 αἱρεῖται
750 878 877 913 βασιλεὺς
893 879 906 904 ὁ

116 925 229 957 Εὔνους,
260 924 321 951 οὕτε
346 925 380 952 δι’
396 925 521 961 ἀνδρείαν
537 925 598 951 οὕτε
614 925 656 951 διὰ
672 924 847 960 στρατηγίαν,
862 923 907 950 διὰ

116 970 145 996 δὲ
165 971 248 1004 μόνην
263 971 406 1005 τερατείαν
430 971 524 997 καὶτὸ
547 971 597 1005 τῆς
620 971 797 1009 ἀποστάσεως
816 970 906 1005 ἄρξαι,

116 1016 176 1051 ἅμα
199 1017 227 1043 δὲ
255 1018 302 1044 καὶ
337 1017 386 1051 τῆς
410 1019 420 1032 ⁸
441 1017 627 1052 προσηγορίας
650 1017 730 1043 οἱονεί
751 1025 811 1042 τινα
826 1015 907 1042 καλὸν

116 1062 211 1088 οἰωνὸν
225 1062 340 1097 ἐχούσης
351 1063 418 1097 πρδς
428 1062 476 1098 τὴν
489 1063 543 1089 τῶν
553 1062 775 1097 ὑποταττομένων
791 1060 906 1088 εὖνοιαν.

117 1108 177 1134 Τῶν
190 1109 259 1135 ὅλων
275 1109 303 1135 δὲ
318 1110 373 1139 τοῖς
389 1108 557 1140 ἀποστάταις
573 1108 709 1140 καταστὰς
726 1108 838 1142 Κύριος,
861 1108 908 1134 καλ⁸

118 1153 281 1187 συναγαγὼν
292 1154 450 1189 ἐκκλησίαν,
463 1155 550 1181 ἀνεῖλε
571 1155 620 1190 μὲν
636 1156 646 1171 ⁵
667 1155 731 1186 τοὺς
748 1154 908 1189 ἐζωγρημέ-

117 1208 180 1231 νους
195 1199 249 1225 τῶν
257 1200 472 1232 Ἑνναίων,ὄσοις
487 1201 537 1227 οὐκ
548 1198 582 1236 ἦν
593 1200 699 1235 ἡτέχνη
709 1200 778 1226 ὂπλα
792 1199 907 1235 ἐργάζε-

118 1244 195 1275 σθαι,
205 1245 326 1276 ἐκείνους
339 1245 366 1271 δὲ
375 1246 385 1260 ⁶
397 1245 554 1280 δεδεμένους
568 1247 624 1277 τοῖς
637 1245 727 1280 ἔργοις
744 1245 876 1271 ὑπέϐαλεν
887 1245 906 1271 τ.

120 1290 226 1316 Ἔδωκε
242 1290 269 1316 δὲ
286 1290 331 1316 καὶ
343 1291 402 1320 ταῖς
418 1289 595 1324 θεραπαίναις
609 1289 658 1324 τὴν
670 1289 827 1323 Μεγαλλίδα
840 1290 908 1324 χρή-

120 1335 219 1361 σασθαι
233 1335 270 1366 ὡς
286 1334 318 1361 ἂν
335 1334 470 1369 βούλοιντο
484 1343 492 1350 ·
521 1335 568 1361 καὶ
592 1332 671 1361 αὗται
686 1335 909 1371 κατεκρήμνισαν

118 1381 305 1415 αἱκισάμεναι.
321 1381 375 1407 Καὶ
390 1381 471 1413 αὐτὸς
485 1381 513 1408 δὲ
526 1382 589 1413 τοὺς
602 1382 684 1412 ἰδίους
699 1382 786 1408 ἀνεῖλε
798 1382 909 1417 κυρίους

126 1427 266 1461 Ἀντιγένη
279 1427 325 1453 καὶ
338 1427 463 1453 Πύθωνα.
492 1427 674 1462 Περιθέμενος
687 1428 715 1454 δὲ
726 1428 846 1463 διάδημα
862 1428 909 1454 καὶ

119 1473 211 1499 πάντα
221 1473 255 1499 τὰ
266 1473 333 1500 ἄλλα
339 1473 373 1499 τὰ
385 1473 449 1508 περὶ
461 1473 542 1500 αὐτὸν
552 1473 698 1508 βασιλικῶς
709 1473 907 1509 διακοσμήσας,

119 1520 171 1554 τήν
187 1528 215 1545 τε
233 1519 399 1553 συμϐιοῦσαν
414 1519 497 1554 αὐτῷ,
522 1519 611 1552 Σύραν
627 1519 673 1545 καὶ
687 1519 847 1554 συμπολῐτιν
862 1519 908 1545 οὖν
923 1535 945 1565 C

122 1574 182 1596 σαν,
199 1565 358 1599 βασίλισσαν
373 1565 527 1598 ἀποδείξας,
563 1565 707 1600 συνέδρους
726 1574 755 1592 τε
776 1566 840 1597 τοὺς
852 1574 911 1591 συν-

121 1611 177 1638 έσει
187 1611 329 1642 δοκοῦντας
336 1611 474 1646 διαφέρειν
482 1611 678 1646 ποιησάμενος,
688 1608 725 1638 ὧν
738 1609 772 1647 ἦν
784 1611 891 1646 Ἀχαιὸς
899 1612 909 1627 ⁸

121 1658 169 1684 καὶ
188 1657 306 1692 τοῦνομα
320 1659 367 1684 καὶ
383 1658 413 1684 τὸ
427 1658 515 1692 γένος,
529 1658 598 1693 ἀνὴρ
616 1658 663 1684 καὶ
679 1657 760 1693 βουλῇ
779 1658 826 1684 καὶ
839 1658 911 1693 χειρὶ

121 1703 267 1738 διαερέρων,
292 1704 340 1729 καὶ
366 1704 394 1730 ἐν
417 1704 504 1739 τρισὶν
530 1703 646 1738 ἡμέραις
665 1703 774 1735 πλείους
792 1703 845 1729 τῶν
866 1703 911 1735 ἐξ-

121 1749 280 1783 ακιεΓχιλίων
293 1750 339 1776 τὺν
353 1750 465 1776 δυνατὸν
483 1749 653 1780 καθοπλίσας
664 1749 773 1784 τρόπον,
790 1749 837 1775 καὶ
855 1749 913 1774 ἐτέ-

124 1803 187 1829 ρους
200 1795 419 1830 συνεπαγόμενος
434 1795 540 1826 ἀξίναις
549 1795 596 1820 καὶ
613 1793 741 1820 πελέκεσι
756 1793 913 1828 χρωμένους

121 1840 139 1875 ἢ
158 1840 313 1874 σφενδόναις
325 1842 340 1874 ἦ
351 1841 493 1876 δρεπάνοις
507 1840 523 1875 ἢ
542 1840 631 1872 ξύλοις
648 1839 912 1874 πεπυρακτωμένοις

121 1886 139 1921 ἢ
158 1887 205 1912 καὶ
220 1887 357 1923 μαγείρων
371 1887 483 1919 ὀῦελοῖς,
499 1887 578 1922 ἐπῄει
604 1887 693 1912 πᾶσαν
716 1885 855 1920 λεηλατῶν
865 1885 915 1920 τὴν

122 1931 227 1968 χώραν,
250 1933 296 1959 καὶ
330 1933 431 1967 πλῆθος
454 1933 567 1968 ἄπειρον
598 1932 711 1959 οίκετῶν
735 1931 914 1967 προσλαμὸά-

122 1987 177 2004 νων
192 1978 328 2014 ἐθάρρησε
345 1980 393 2005 καὶ
410 1980 572 2014 στρατηγοῖς
585 1978 733 2012 Ῥωμαίων
748 1976 913 2011 πολεμῆσαι,

123 2025 173 2050 καὶ
205 2025 376 2059 συμπλακεὶς
400 2025 438 2060 τῷ
470 2025 568 2059 πλήθει
602 2024 731 2055 πολλάκις
752 2023 913 2059 ἐκράτησεν,

124 2070 195 2105 ἔχων
212 2071 262 2106 ἤδη
279 2071 446 2105 στρατιώτας
459 2071 529 2106 ὑπὲρ
543 2070 605 2101 τοὺς
623 2070 747 2105 μυρίους.

123 2119 277 2151 securibus,
298 2123 345 2145 aut
373 2118 474 2151 l‘undis,

955 242 1055 267 tnores,
1070 239 1097 261 et
1113 234 1233 261 auinmm
1245 233 1277 259 ad
1289 232 1552 260 commiserationem
1564 240 1629 268 erga
1646 240 1743 260 servos

954 289 1129 318 propensum,
1157 286 1238 316 atque
1264 282 1333 308 adeo
1364 281 1397 308 iis
1427 280 1576 308 auxiliandi
1603 282 1741 315 eupidtnn.

955 329 1031 363 Quod
1046 329 1153 363 quidem
1168 332 1328 363 argumento
1339 331 1398 355 erat
1408 334 1503 355 servos
1516 335 1568 354 non
1583 327 1744 354 crudelitate

956 381 1060 402 naturae
1084 375 1146 402 talia
1171 379 1326 409 perpetrare
1354 374 1380 401 in
1406 373 1484 406 alios,
1506 373 1552 400 sed
1578 373 1665 400 illatas
1693 373 1743 399 sibi

955 422 1069 457 injurias
1086 421 1257 448 ulciscentes.
1273 420 1373 456 285b
1395 420 1531 448 Caeterum
1555 419 1743 454 Damophilmn

956 475 1016 496 cum
1029 475 1077 494 sua
1095 467 1235 501 Megallide
1254 474 1315 493 cum
1337 467 1363 493 in
1379 467 1472 493 urbem
1486 465 1689 500 protraxisseut
1713 465 1743 496 ii,

956 514 1054 550 quibus
1072 514 1164 541 datum
1185 519 1244 540 erat
1259 514 1407 548 negotium,
1426 518 1455 539 ιιι
1472 513 1602 546 diximus,
1620 512 1645 538 in
1668 512 1744 539 thea-

958 566 1027 588 trum
1053 569 1100 588 cos
1127 561 1321 595 produxerunt,
1357 560 1402 587 ubi
1425 559 1590 586 delectorum
1617 559 1743 585 ttnivcrsa

956 612 1119 642 congregata
1145 612 1203 634 erat
1231 606 1383 633 tnultitttdo.
1421 606 1542 639 Cumque
1570 604 1745 639 Demophilus

957 660 1015 682 arte
1032 655 1122 688 aliqua
1139 654 1216 681 saluti
1242 660 1297 680 suae
1313 652 1457 680 consulere
1471 660 1582 683 conans,
1600 651 1744 677 multorum

958 709 989 728 ex
1015 700 1067 727 illis
1085 700 1239 726 voluntates
1264 699 1295 725 ad
1316 706 1346 725 se
1367 698 1489 725 oratione
1517 704 1564 723 sua
1593 697 1744 728 inclinaret,

958 745 1087 772 llermeas
1105 750 1132 772 et
1150 745 1249 771 Zeuxis
1266 743 1365 771 acerbo
1382 751 1442 770 eum
1460 743 1522 770 odio
1537 747 1744 777 prosequentes,

959 792 1133 826 impostorem
1159 791 1340 818 vocitabant:
1363 789 1529 823 minimeque
1557 793 1746 822 exspectantes

960 837 1023 863 dum
1040 836 1152 871 populus
1166 841 1269 863 certum
1286 835 1318 861 de
1339 842 1371 861 eo
1385 834 1514 867 judicium
1531 833 1744 868 prontttttiassct,

959 880 1027 907 alter
1056 887 1147 907 ensem
1176 887 1224 914 per
1253 879 1335 905 latera
1357 878 1415 912 ejus
1443 878 1535 912 adigit,
1561 878 1629 905 alter
1658 877 1746 905 securi

959 926 1092 953 cervicem
1112 926 1169 960 ejus
1190 925 1333 952 abscindit.
1350 923 1401 951 Hic
1411 932 1477 951 vero
1495 923 1584 950 Eunus
1600 932 1646 951 rex
1669 932 1746 951 erea-

960 978 1002 1000 tttr
1020 982 1026 1000 :
1044 981 1096 999 non
1112 972 1182 1006 quod
1196 972 1238 998 vir
1258 972 1334 998 fortis
1355 977 1427 998 esset
1444 971 1488 997 ille
1503 971 1621 1004 quidem,
1642 971 1683 996 vel
1701 971 1746 998 bo-

959 1028 1009 1046 nus
1022 1019 1177 1053 imperator,
1195 1019 1240 1045 sed
1255 1018 1289 1044 ob
1304 1025 1379 1044 suam
1393 1016 1628 1052 prmsligiatoriam
1647 1020 1745 1049 artem,

959 1066 1085 1100 quodque
1112 1063 1273 1091 defectionis
1305 1070 1399 1090 auctor
1430 1063 1535 1090 fuisset.
1564 1063 1634 1096 Quin
1664 1063 1746 1090 etiam

959 1112 1076 1138 nmninis
1096 1111 1153 1145 cjns
1171 1111 1221 1137 luit
1243 1110 1346 1141 habita,
1366 1110 1455 1144 aliqua
1474 1109 1554 1142 ratio,
1570 1114 1661 1143 utpote
1673 1109 1746 1143 qttod

959 1158 1032 1184 velut
1058 1156 1200 1191 augurium
1225 1162 1299 1183 esset
1318 1156 1416 1182 futura:
1439 1155 1509 1182 illius
1532 1162 1596 1189 erga
1623 1155 1746 1181 subditos

960 1203 1164 1230 henerolentim.
1187 1203 1278 1237 Itaque
1300 1201 1454 1228 defectores
1478 1209 1538 1228 cum
1567 1208 1656 1228 rerum
1674 1208 1748 1227 smu-

959 1256 1030 1274 mam
1049 1248 1082 1275 ad
1104 1255 1165 1274 eum
1195 1246 1366 1278 detulissent,
1393 1246 1524 1272 advocata
1546 1244 1687 1276 concione,
1713 1251 1747 1270 ex

966 1294 1134 1325 Enncnsihtts
1155 1294 1198 1326 qui
1223 1293 1275 1319 vivi
1294 1292 1363 1325 capti
1390 1296 1478 1324 erant,
1494 1298 1587 1318 omnes
1600 1297 1646 1317 eos
1663 1291 1748 1316 inter—

961 1338 1034 1370 fecit,
1049 1338 1094 1371 qui
1106 1337 1290 1364 fabricationis
1305 1345 1441 1363 armorum
1454 1335 1570 1371 imperiti
1586 1341 1663 1362 erant
1677 1343 1684 1361 :
1702 1342 1749 1369 pe-

962 1383 1027 1410 ritos
1043 1389 1133 1410 autem
1158 1384 1261 1410 vinctos
1284 1383 1359 1416 operi
1381 1382 1504 1408 faciendo
1522 1381 1635 1408 addixit.
1652 1380 1749 1416 Megal-

960 1429 1039 1455 lidem
1068 1434 1196 1464 pra-terea
1215 1429 1239 1455 in
1265 1436 1403 1455 servarunt
1432 1432 1595 1462 potestatem
1626 1427 1748 1459 tradidit,

960 1480 989 1501 ut
1005 1483 1054 1509 pro
1075 1482 1124 1501 suo
1147 1474 1260 1501 arbitrio
1279 1474 1304 1500 iu
1328 1481 1386 1500 eam
1409 1473 1667 1499 animadverterent.
1695 1472 1750 1499 Illa:

961 1526 1051 1548 autem
1067 1528 1126 1547 eam
1152 1520 1268 1554 primum
1292 1519 1457 1547 cruciatibus
1477 1518 1637 1551 affecerunt,
1653 1519 1751 1545 deinde
1782 1512 1785 1515 ’

964 1567 1128 1602 ριίιεςίιιὶιριιι
1153 1567 1294 1593 dederunt.
1311 1565 1369 1601 Ipse
1384 1573 1493 1600 quoque
1511 1566 1635 1600 proprios
1651 1565 1752 1592 occidit

964 1613 1099 1643 dominos,
1126 1613 1287 1648 Autigcncm
1311 1617 1337 1638 et
1356 1611 1518 1645 Pythonem.
1537 1611 1656 1638 Tandem
1686 1618 1751 1637 vero

966 1658 1090 1693 imposito
1111 1659 1190 1692 capiti
1216 1659 1378 1690 diademate,
1396 1657 1539 1691 rebusque-
1554 1656 1609 1684 suis
1626 1656 1752 1683 omnibus

965 1705 1047 1739 regali
1076 1704 1217 1738 splendore
1241 1704 1390 1736 adornatis,
1415 1711 1465 1731 sua
1487 1703 1549 1729 item
1574 1703 1753 1736 uxore(qua:

964 1756 991 1777 ct
1015 1750 1069 1784 ipsa
1093 1750 1158 1786 Syra
1183 1755 1244 1777 crat
1263 1750 1375 1784 ejusque
1391 1748 1474 1783 civis)
1493 1747 1627 1775 declarata
1648 1747 1750 1781 regina,

963 1805 995 1824 ex
1012 1805 1104 1823 eorum
1121 1804 1234 1823 numero
1249 1797 1293 1830 qui
1311 1796 1452 1830 prudentia
1466 1794 1571 1821 czeteris
1588 1793 1751 1821 antecellere

965 1843 1135 1874 videbantur,
1162 1841 1265 1875 aliquot
1291 1841 1342 1868 sibi
1378 1839 1548 1867 consiliarios
1573 1839 1682 1873 delegit.
1713 1838 1753 1864 Ex

965 1887 1062 1922 quibus
1085 1892 1144 1914 erat
1167 1888 1292 1920 Acbarus,
1318 1894 1371 1913 non
1400 1890 1505 1912 tantum
1525 1886 1646 1917 nomine,
1663 1885 1709 1912 sed
1726 1889 1753 1911 et

966 1934 1074 1960 natione
1099 1934 1224 1965 Aclmus,
1247 1933 1288 1959 vir
1307 1937 1334 1959 et
1349 1931 1465 1959 consilio
1480 1937 1613 1966 praestans
1628 1936 1657 1958 et
1672 1939 1752 1957 manu

966 1979 1062 2005 mirum
1092 1979 1118 2006 in
1144 1979 1251 2006 modum
1275 1983 1426 2012 promptus.
1461 1977 1511 2004 Hic
1538 1977 1619 2004 triutn
1649 1977 1753 2004 dierum

964 2026 1052 2059 spatio
1065 2033 1125 2052 cum
1141 2032 1186 2051 sex
1212 2024 1353 2051 hominum
1377 2028 1511 2051 armasset
1530 2023 1625 2056 millia,
1642 2028 1670 2049 ttt
1685 2028 1754 2049 tem—

969 2078 1018 2104 pus
1039 2070 1130 2102 dabat,
1148 2079 1208 2097 CUlll
1230 2071 1272 2097 his
1288 2078 1351 2098 vero
1369 2075 1397 2098 et
1416 2070 1484 2098 alios
1498 2071 1613 2097 haberet
1627 2071 1709 2097 asciis
1723 2076 1750 2097 et

519 2123 567 2144 aut
597 2117 722 2150 falcibus,
751 2123 797 2144 aut
823 2117 935 2144 sudibus
970 2119 1105 2153 praeustis,
1133 2124 1179 2146 aut
1203 2126 1350 2153 coquorutn
1372 2119 1490 2146 verubus
1516 2120 1673 2151 instructos,
1699 2123 1753 2145 tota

123 2167 236 2201 regione
253 2168 357 2200 pranlas
375 2174 457 2202 agens
491 2166 663 2200 peragrabat.
687 2164 773 2192 Simul
805 2173 869 2192 vero
899 2165 1095 2193 multitmlinem
1120 2167 1252 2194 iuiimtam
1278 2174 1418 2194 scrvonnn
1441 2166 1578 2193 asciscens
1620 2166 1754 2192 Romanos

123 2216 205 2243 etiam
227 2216 404 2249 imperatores
425 2215 493 2242 bello
513 2221 596 2242 ausus
613 2218 656 2240 est
683 2213 829 2244 lacessere,
866 2214 1053 2249 conSertisqne
1078 2215 1201 2241 manibus
1239 2222 1300 2241 cum
1343 2214 1394 2246 eis,
1434 2207 1560 2240 militutn'
1575 2220 1688 2239 numero
1709 2221 1755 2247 po-

124 2262 234 2292 tentior,
253 2262 364 2288 victoria
391 2269 461 2295 saepe
478 2261 580 2294 potitus
595 2264 647 2292 est,
663 2264 757 2294 utpote
772 2260 913 2294 plusquam
933 2262 1027 2288 decem
1043 2261 1181 2288 hominum
1198 2261 1280 2288 millia
1297 2261 1409 2288 ducens.

166 2306 210 2331 Ἐν
223 2307 309 2341 τούτῳ
321 2306 348 2332 δὲ
366 2307 459 2333 Κλέων
471 2316 512 2338 τις
524 2307 603 2338 Κίλιξ
618 2307 705 2334 ἄλλων
725 2306 826 2333 δούλων
844 2307 909 2333 ἁπο‹

1002 2309 1069 2335 Dum
1095 2309 1150 2336 hazc
1171 2314 1298 2343 aguntur,
1323 2308 1394 2335 Cilix
1418 2308 1527 2343 quidam
1543 2307 1586 2334 cui
1607 2307 1689 2334 Cleon
1706 2315 1754 2334 no-

124 2352 245 2383 στάσεως
266 2350 344 2388 ἦρξε.
358 2353 418 2385 [Καὶ
442 2353 551 2379 πάντων
575 2355 635 2384 ταῖς
665 2353 757 2379 ἐλπίσι
780 2361 912 2388 μετεωρι-

123 2398 252 2430 σθέντων,
267 2398 304 2430 ὡς
332 2399 542 2434 ἁντιπολεμήσει
567 2400 602 2425 τὰ
627 2399 816 2425 στασιάσαντα
844 2399 912 2434 πρὸς

122 2446 254 2481 ἀλλήλους
274 2448 319 2473 καὶ
336 2448 414 2472 αὐτοὶ
443 2448 556 2478 ἑαυτοὺς
575 2448 597 2473 οἱ
619 2447 771 2473 ἀποστάται
788 2445 911 2480 διαφθεί-

122 2501 216 2528 ροντες
237 2492 450 2528 ἐλευθερώσωσι
462 2493 511 2528 τὴν
537 2493 662 2519 Σικελίαν
688 2494 737 2527 τῆς
754 2492 874 2522 στάσεως
890 2493 912 2525 ³,

122 2540 199 2574 παρὰ
214 2539 292 2571 δόξαν
309 2539 434 2575 ἀλλήλοις
448 2539 609 2573 συνέϐησαν,
627 2539 673 2565 τοῦ
700 2539 826 2569 Κλέωνος
843 2539 909 2564 ὑπο-

121 2585 251 2618 ταγέντος
266 2585 335 2620 ψιλῷ
352 2586 397 2611 τοῦ
418 2585 502 2611 Εὖνου
530 2585 722 2619 προστάγματι
734 2585 781 2611 καὶ
798 2584 847 2619 τὴν
862 2584 909 2611 τοῦ

123 2631 277 2666 στρατηγοῦ
293 2629 346 2666 (οἶα
363 2632 394 2666 δὴ
408 2632 427 2648 ¹⁰
440 2631 553 2666 βασιλεῖ)
571 2631 664 2666 χρείαν
675 2630 909 2665 ἀποπληροῦντος,

122 2675 232 2711 ἔχοντος
250 2677 350 2704 οἰκεῖον
364 2678 467 2714 πλῆθος
477 2677 652 2713 στρατιωτῶν
664 2676 891 2710 πεντακισχιλίων
903 2684 909 2691 ·

965 2364 1026 2382 men
1055 2360 1124 2389 erat,
1154 2361 1249 2382 auctor
1283 2354 1444 2383 defectionis
1471 2355 1584 2381 alioruttt
1611 2361 1752 2381 servorum

965 2403 1024 2435 fuit,
1050 2407 1080 2429 cl:
1105 2409 1167 2429 emn
1191 2402 1224 2428 ad
1240 2409 1299 2429 eam
1318 2409 1393 2436 spem
1415 2403 1500 2429 erecti
1525 2401 1646 2428 omnium
1671 2401 1752 2427 animi

965 2454 1066 2482 essent,
1094 2448 1153 2475 fore
1179 2453 1207 2475 ut
1234 2454 1292 2475 orta
1321 2448 1453 2475 seditione
1483 2448 1508 2474 hi
1533 2447 1664 2474 adversus
1694 2447 1754 2474 illos

966 2502 1038 2521 arma
1052 2499 1190 2527 caperent,
1205 2499 1285 2528 atque
1299 2494 1336 2520 ita
1355 2494 1405 2521 sibi
1419 2498 1541 2520 mutuum
1558 2493 1670 2520 exitium
1687 2492 1753 2518 affe-

965 2546 1068 2572 rentes,
1085 2540 1203 2567 Siciliam
1219 2540 1335 2567 tumultu
1350 2540 1507 2572 liberarent,
1523 2544 1621 2573 pneter
1634 2538 1754 2565 omnium

967 2585 1195 2619 exspectationem
1211 2584 1356 2610 coitionem
1372 2584 1443 2610 inter
1462 2591 1491 2610 se
1505 2583 1643 2614 fecerunt;
1658 2582 1756 2616 quippe

967 2637 1027 2655 cunt
1043 2629 1125 2655 Cleon
1143 2628 1214 2655 nudo
1231 2627 1299 2654 Enni
1321 2628 1448 2659 Illtwdalo
1472 2635 1501 2654 se
1519 2627 1702 2658 submitteret,
1728 2632 1756 2653 ttt

966 2675 1016 2703 sub
1029 2674 1084 2707 illo,
1102 2678 1130 2701 ut
1146 2682 1218 2709 rege,
1233 2674 1403 2708 imperatoris
1420 2675 1512 2701 munia
1529 2673 1629 2708 386a
1656 2672 1753 2705 obiret,

778 2752 895 2781 VARhE
919 2750 1122 2779 LECTlOl‘tES.

163 2811 186 2858 1‘
200 2812 250 2855 οὐκ
315 2813 341 2858 ‘2
359 2811 575 2858 συνεληλυθόῖωμ
654 2809 863 2858 ξαῦιτὺν]³αὑτδν
878 2808 954 2858 αὖτις.
967 2807 1000 2848 Β..
1033 2808 1044 2823 ⁸
1060 2806 1119 2850 τῆς]
1140 2807 1170 2834 τὸ
1186 2807 1236 2842 τῆς

122 2846 134 2863 ¹
150 2845 212 2875 libri
226 2847 376 2875 ὑπέϐαλλεν
421 2848 432 2863 ³
448 2842 565 2883 ⁴Δχαιὺςλ
582 2846 694 2882 ἀρχαῖος
705 2845 736 2872 Β.
759 2842 785 2861 θ’
798 2844 919 2877 στάσεως
934 2845 972 2871 A:
990 2844 1166 2875 ἀποστάσεως
1181 2851 1211 2874 ς.
1250 2843 1271 2859 ¹⁰
1294 2842 1327 2878 δὴ
1346 2843 1386 2871 A:
1402 2842 1443 2869 δεῖ
1464 2850 1494 2874 ς.

1320 2807 1331 2824 ⁵
1350 2807 1398 2842 μὲν
1412 2806 1472 2833 add.
1489 2805 1521 2835 Α.
1572 2807 1583 2823 ⁰
1599 2806 1626 2833 δὲ
1647 2806 1706 2834 add.
1722 2804 1753 2834 Β.

751 2912 757 2915 .
767 2912 817 2916 4-4.
845 2913 854 2916 -
860 2909 1072 2921 ..,,_.--._._....._,
