3990 6232
457 208 587 277 lill

1624 201 1884 264 PHOTII
1908 195 2412 262 ΡΑΤΒῙΑΒΟΗᾹΞ
2449 195 2557 256 CP.

3542 180 3682 247 1412

456 321 686 377 militum
739 318 1049 388 prapiorum
1103 315 1345 387 quinque
1396 314 1561 369 millia
1615 315 1844 370 habens.
1905 311 2020 366 Hoc

2143 307 2327 378 ιμέραι
2377 304 2423 357 δ’
2465 302 2632 372 ἐγγὺς
2688 294 2828 372 ἦσαν
2871 296 2978 363 ἀπὸ
3014 296 3111 367 τῆς
3145 291 3494 357 ἀποστάσεως
3521 292 3684 361 τριά-

456 418 636 465 autem
668 408 772 462 fuit
816 406 1035 477 triginta
1086 405 1196 461 fere
1248 423 1277 458 a
1314 402 1617 458 defectione
1659 403 1867 458 diebus.
1901 400 2018 456 Non

459 500 626 555 multo
652 507 769 567 post
798 495 1087 551 commissa
1123 508 1293 565 pugna
1318 509 1438 547 cum
1473 492 1797 563 imperatore
1826 491 1889 547 L.
1913 490 2023 562 Hy-

460 607 643 661 posmo
699 587 866 641 Roma
920 588 1171 641 veniente
1211 601 1330 640 cum
1362 595 1484 638 octo
1528 584 1761 639 millibus
1812 584 2022 637 Siculo-

463 698 579 736 rutn
616 681 870 744 militum,
921 679 1145 732 victoria
1194 678 1342 746 potiti
1398 683 1543 741 sunt,
1581 686 1765 744 utpote
1809 676 1897 745 qui
1948 675 2025 729 vi-

462 771 593 840 ginti
628 770 792 823 millia
850 780 1054 823 essent.
1095 769 1399 838 Aliquando
1441 778 1567 837 post
1620 780 1796 822 autem
1834 783 2023 823 eorum

466 876 724 914 numerus
766 874 936 928 usque
980 860 1046 913 ad
1089 869 1303 913 centum
1338 860 1502 914 millia
1546 860 1736 915 crevit.
1786 859 2026 927 Cumque

466 947 725 1001 adversus
762 944 1036 1001 Romanos
1087 947 1271 1015 praelia
1318 947 1546 1001 subinde
1582 958 1852 1017 gererent,
1886 961 2028 1016 saepe

465 1052 533 1090 ex
588 1037 652 1090 iis
688 1037 910 1105 gloriam
957 1040 1322 1106 reportabant,
1374 1054 1498 1091 raro
1534 1048 1711 1091 autem
1747 1037 1899 1091 clade
1935 1053 2026 1090 ae-

468 1135 619 1194 cepta
660 1127 924 1180 redibant.
955 1126 1122 1196 Cujus
1160 1129 1236 1181 rei
1278 1144 1398 1181 cum
1433 1128 1725 1196 dissipatus
1757 1137 1906 1182 esset
1938 1142 2027 1178 ru-

470 1233 605 1277 mor,
648 1217 756 1285 jam
809 1218 950 1272 Servi
997 1230 1212 1272 centum
1263 1219 1651 1288 quinquaginta
1700 1218 1882 1271 Roma:
1908 1232 2032 1271 eon-

471 1307 765 1376 Spiratione
811 1309 951 1362 inter
992 1324 1051 1363 se
1101 1309 1241 1363 facta
1292 1311 1356 1362 ad
1425 1310 1782 1364 defectionem
1828 1308 2028 1362 incensi

470 1409 644 1464 erant,
700 1401 751 1452 in
806 1401 984 1455 Attica
1035 1413 1212 1456 autem
1263 1401 1545 1471 plusquam
1608 1401 1787 1461 mille;
1846 1400 2029 1455 itidem

474 1507 599 1546 vero
628 1492 761 1557 Deli,
793 1493 1080 1562 multisque
1129 1493 1249 1547 aliis
1280 1495 1330 1546 in
1370 1494 1522 1548 locis.
1567 1494 1673 1547 Sed
1711 1506 2033 1559 unoquoque

473 1584 525 1638 in
552 1584 666 1638 loco
697 1584 729 1638 ii
761 1601 990 1652 quorum
1022 1600 1164 1639 cura:
1210 1586 1419 1656 negotia
1461 1585 1667 1655 publica
1714 1587 2030 1639 demandata

472 1683 648 1735 erant,
679 1672 855 1725 subito
884 1676 1040 1727 rebus
1069 1674 1120 1727 in
1161 1675 1447 1728 discrimen
1479 1675 1724 1729 adductis
1758 1675 2032 1744 opitulati,

474 1777 596 1816 cum
630 1764 809 1830 gravia
853 1764 919 1817 de
964 1765 1069 1818 illis
1096 1766 1354 1833 supplicia
1392 1768 1775 1836 sumpsissent,
1807 1776 2033 1821 caeteros

474 1855 669 1921 quibus
702 1853 811 1920 jam
861 1865 913 1908 el
947 1856 1074 1924 ipsis
1102 1872 1223 1926 spes
1271 1873 1496 1912 accensa
1540 1859 1858 1913 defectionis
1897 1867 2035 1923 erat,

477 1956 621 1999 metu
657 1957 1051 2015 represserunt,
1100 1959 1153 1999 et
1197 1950 1260 2003 ad
1307 1952 1571 2004 saniorem
1611 1960 1842 2004 mentem
1884 1966 2038 2005 revo-

476 2046 689 2090 carunt.
741 2037 808 2089 At
838 2052 963 2090 vero
992 2037 1041 2090 in
1093 2037 1274 2093 Sicilia
1306 2042 1501 2093 malum
1541 2042 1590 2094 in
1633 2044 1746 2097 dies
1795 2043 2041 2113 ingrave-

477 2128 683 2189 scebat,
712 2142 831 2179 cutu
864 2138 919 2181 et
961 2127 1122 2182 urbes
1173 2146 1274 2182 una
1308 2146 1427 2184 eum
1464 2132 1593 2200 ipsis
1632 2133 1842 2187 civibus
1883 2147 2042 2202 cape-

480 2210 688 2282 rentur,
735 2229 790 2271 et
828 2218 976 2272 utttlti
1014 2221 1286 2275 exercitus
1341 2237 1368 2274 a
1419 2224 1782 2278 defectoribus
1828 2227 2042 2279 desere-

478 2317 686 2364 rentur.
742 2307 844 2363 Sed
887 2311 1099 2364 tandem
1152 2312 1382 2367 ltutilius
1440 2331 1694 2369 romanus
1746 2317 2042 2385 imperator

476 2396 892 2453 Tauromenium
939 2401 1070 2469 ipsis
1118 2405 1474 2469 recuperavit,
1537 2416 1816 2476 postquam
1877 2410 2040 2464 velte-

479 2488 811 2541 meutissime
843 2490 968 2543 illud
998 2502 1364 2561 oppugnasset
1397 2533 1412 2559 ,
1443 2504 1494 2546 et
1527 2494 1824 2551 defectores
1859 2499 1945 2566 qui
1988 2499 2038 2553 itt

476 2591 543 2631 eo
566 2586 721 2632 erant
746 2581 810 2631 ad
841 2595 1079 2634 summas
1110 2584 1384 2650 angustias
1432 2584 1749 2654 redegisset,
1788 2595 1947 2656 atque
1973 2589 2040 2641 ad

483 2677 588 2721 tam
649 2684 829 2723 acrem
885 2670 1081 2726 famem
1134 2676 1504 2743 compulisset,
1540 2688 1595 2730 ttt
1624 2692 1749 2729 cuur
1775 2681 1946 2747 primo
1979 2681 2043 2732 li-

478 2761 729 2815 berorum
759 2777 977 2816 suorum
1014 2768 1333 2832 corporibus
1367 2769 1509 2822 vesci
1546 2771 1856 2837 cmpissent,
1895 2787 2038 2834 mox,

479 2850 546 2904 ad
582 2866 813 2906 uxorum
869 2870 1095 2921 corpora
1127 2871 1187 2910 se
1221 2861 1635 2924 convertissem,
1670 2872 1942 2930 postremo
1977 2877 2041 2922 ne

2122 419 2306 456 κοντα.
2344 399 2508 471 [H69
2534 395 2628 468 [1.]
2664 394 2777 449 Καὶ
2795 393 2930 463 μετά
2965 391 3134 464 βραχὺ
3162 391 3227 442 ὲκ
3257 386 3473 456 Ῥώμης
3498 386 3688 455 ἥκοντι

2124 490 2411 563 στρατηγῷ
2466 489 2681 555 Λευκίῳ
2729 485 2957 556 Tal/atq),
3015 483 3192 552 ἔχοντι
3249 475 3587 549 στρατιώτας
3625 475 3691 527 ὲκ

2123 584 2370 647 Σικελίας
2393 579 2851 650 ὀκτακισχιλίους,
2902 577 2980 639 εἰς
3031 574 3265 642 πόλεμον
3314 568 3690 630 καταστάντες

2122 679 2173 732 οἱ
2225 675 2527 730 ἀποστάται
2593 672 2880 739 ἐνίκησαν,
2938 667 3139 735 πλῆθος
3193 665 3341 727 ὔντες
3390 659 3689 731 δισμύριοι.

2125 769 2257 826 Μετ’
2285 770 2345 821 οὐ
2369 767 2503 820 πολὺ
2534 765 2590 818 δὲ
2623 761 2939 834 ἀθροίζεται
2988 759 3051 812 τδ
3096 758 3351 827 σύστημα
3394 754 3572 808 αὐτῶν
3609 753 3691 815 είς

2130 859 2396 931 μυριάδας
2443 856 2636 919 εἴκοσι,
2686 853 2780 906 καὶ
2805 851 3018 912 πολλοῖς
3056 852 3165 910 τοῖς
3205 847 3345 917 πρὸς
3386 843 3694 914 Ῥωμαίους

2129 951 2387 1021 πολέμοις
2408 945 2921 1015 ὲνευδοκιμήσαντος
2980 942 3197 995 ἔλαττον
3241 939 3394 993 αὐτοὶ
3450 935 3696 988 ἑπταιον.

2129 1036 2203 1096 Οὔ
2232 1039 2607 1109 διαϐοηθέντος
2637 1035 2778 1088 κατά
2808 1050 2867 1086 τε
2911 1030 3128 1101 Ῥώμην
3164 1029 3364 1082 δούλων
3393 1027 3698 1086 ἀπόστασις

2130 1132 2323 1185 ἑκατὸν
2378 1130 2713 1196 πεντήκοντα
2778 1122 3188 1193 συνομοσάντων
3235 1120 3505 1187 ἀνήπτετο
3532 1154 3548 1181 ,
3602 1115 3700 1168 καὶ

2130 1223 2272 1277 κατά
2287 1221 2383 1292 τὴν
2423 1219 2674 1286 Ἀττικὴν
2726 1217 2865 1286 ὑπὲρ
2891 1215 3098 1284 χιλίων,
3154 1213 3210 1264 ἐν
3246 1228 3307 1264 τε
3340 1212 3382 1242 ¹¹
3415 1209 3573 1278 Δήλῳ
3606 1206 3702 1259 καὶ

2132 1315 2252 1369 κατ’
2290 1312 2481 1375 ἄλλους
2519 1310 2744 1371 πολλοὺς
2768 1308 2998 1369 τόπουςο
3032 1305 3126 1368 οὓς
3155 1305 3306 1373 τάχει
3337 1320 3396 1355 τε
3434 1302 3533 1370 τῆς
3570 1299 3702 1369 βοη-

2134 1406 2282 1469 θείας
2307 1406 2400 1458 καὶ
2431 1402 2556 1476 [650
2586 1400 2677 1472 11.]
2707 1403 2774 1470 τῇ
2804 1399 3008 1469 σφοδρᾷ
3056 1397 3274 1452 κολάσει
3301 1396 3399 1462 τῆς
3428 1391 3703 1461 τιμωρίας

2134 1502 2181 1553 οί
2223 1498 2342 1553 καθ’
2365 1499 2591 1550 ’ἕκαστον
2620 1493 2946 1563 ἐπιμεληταὶ
2965 1492 3071 1544 τῶν
3098 1489 3290 1543 κοινῶν
3335 1487 3529 1540 θᾶττον
3558 1485 3706 1554 ἠφά-

2135 1609 2309 1656 νισαν,
2344 1588 2773 1659 σωφρονίσαντες
2800 1584 2896 1639 καὶ
2917 1584 2978 1636 τὸ
3004 1582 3152 1643 ἄλλο,
3186 1582 3307 1634 ὅσον
3339 1575 3408 1648 ἦν
3443 1579 3535 1631 ἐπὶ
3565 1578 3705 1629 ἀπο-

2140 1683 2325 1736 στάσει
2354 1681 2644 1750 μετέωρον.
2672 1678 2828 1730 Κατὰ
2844 1675 2899 1729 δὲ
2923 1675 3171 1728 Σικελίαν
3200 1672 3393 1744 ηὔξετο
3419 1670 3476 1723 τδ
3506 1669 3704 1733 κακὸν,

2138 1774 2231 1828 καὶ
2270 1773 2450 1835 πόλεις
2486 1771 2766 1841 ἡλίσκοντο
2796 1766 3104 1835 αὔτανδροι,
3143 1766 3234 1819 καὶ
3272 1762 3442 1817 πολλά
3476 1760 3710 1831 στρατό-

2139 1865 2275 1917 πεδα
2312 1864 2414 1916 ὑπὸ
2440 1863 2546 1914 τῶν
2573 1859 2892 1914 ἀποστατῶν
2942 1858 3345 1918 κατεκόπησαν,
3400 1854 3505 1916 ἓως
3553 1851 3712 1904 Ῥου-

2139 1957 2305 2019 τίλιος
2342 1956 2388 1987 ¹⁸
2411 1955 2439 2007 ὁ
2464 1955 2505 1986 ¹⁸
2545 1953 2827 2022 Ῥωμαίων
2881 1949 3179 2021 στρατηγὸς
3232 1947 3294 1999 τὸ
3336 1942 3709 2015 Ταυρομένιον

2139 2044 2449 2102 ἀνεσώσατο
2481 2045 2769 2114 Ῥωμαίοις
2795 2042 2861 2108 ίδ,
2888 2040 3169 2113 καρτερῶς
3202 2041 3298 2109 μὲν
3327 2036 3457 2091 αὐτὸ
3491 2035 3711 2105 πολιορ-

2140 2140 2334 2210 κήσας,
2360 2140 2454 2193 καὶ
2484 2140 2562 2200 εἰς
2590 2139 2796 2207 ἄφατον
2846 2136 3092 2202 ἀνάγκην
3130 2133 3221 2185 καὶ
3247 2131 3401 2200 λιμὸν
3423 2130 3549 2191 τοὺς
3576 2128 3713 2180 ἀπο-

2142 2232 2339 2293 στάτας
2362 2230 2708 2298 συγκλείσας,
2737 2227 2874 2280 ὥστε
2921 2224 3257 2296 ἀρξαμένους
3293 2225 3356 2275 ὲκ
3385 2221 3594 2275 παίδων
3623 2218 3709 2287 βο·-

2143 2325 2242 2394 ρᾶς
2306 2323 2401 2376 καὶ
2448 2322 2754 2384 διελθόντας
2805 2321 2892 2371 διὰ
2922 2316 3195 2385 γυναικῶν
3228 2315 3362 2383 μηδὲ
3402 2315 3499 2380 τῆς
3526 2308 3707 2363 αὐτῶν

2142 2414 2534 2483 ἀλληλοφογίας
2567 2413 2687 2482 μηδ’
2736 2412 2871 2472 ὅλως
2918 2408 3241 2477 φείσασθαιο
3286 2407 3375 2459 ὅτε
3412 2405 3453 2436 ¹⁸
3486 2403 3579 2455 κού¹
3606 2403 3710 2454 Κοο

2146 2505 2311 2577 μανὸν
2344 2506 2387 2537 ¹⁶
2414 2507 2504 2557 τὸν
2537 2503 2764 2572 ἀδελφὸν
2800 2502 3046 2561 Κλέωνος
3079 2497 3346 2566 φεύγοντα
3373 2496 3471 2564 τῆς
3495 2495 3712 2562 πολιορ-

2141 2597 2413 2667 κουμένης
2443 2596 2648 2657 πόλεως
2668 2590 2802 2648 εἷλε.
2839 2594 2947 2647 Καὶ
2985 2593 3045 2644 τὸ
3065 2591 3389 2652 τελευταῖον,
3422 2584 3714 2655 Σαραπίω-

2141 2705 2229 2752 νος
2251 2689 2423 2758 Σύρου
2483 2688 2580 2756 τὴν
2606 2687 2781 2754 ἄκραν
2816 2683 3124 2755 προδόντος,
3159 2680 3484 2749 συμπάντων
3518 2675 3626 2728 τῶν
3656 2676 3714 2726 ὲν

2141 2783 2207 2851 τῇ
2237 2780 2387 2831 πόλει
2409 2776 2694 2848 δραπετῶν
2721 2777 2748 2827 6
2794 2774 3099 2844 στρατηγος
3124 2769 3437 2840 ἐκυρίευσεν
3460 2784 3474 2798 ο
3506 2764 3600 2827 οὒς
3621 2766 3715 2818 καὶ

2150 2871 2383 2939 αἱκισάμ
2398 2886 2513 2931 ενος
2546 2867 3002 2936 κατεκρήμνισεν.
3022 2861 3258 2916 Ἐκεῖθεν
3286 2860 3375 2912 ἐπὶ
3402 2859 3499 2929 τὴν
3519 2858 3717 2911 Ἔνναν

479 2942 580 2995 sibi
609 2945 823 3011 quidem
854 2946 1082 3001 invicem
1135 2959 1438 3015 parcerent,
1472 2953 1566 3004 sed
1601 2952 1689 3004 alii
1718 2953 1849 3007 alios
1880 2969 2039 3007 vora-

2143 2961 2310 3014 ὲλθὼν
2337 2958 2728 3030 παραπλησίως
2749 2955 3079 3026 ἐπολιόρκει,
3111 2954 3187 3014 εἰς
3203 2949 3438 3018 ἐσχάτην
3471 2949 3717 3015 ἀνάγκην

481 3044 620 3087 rent.
681 3034 878 3088 Eodem
936 3047 1175 3104 tempore
1224 3041 1517 3095 Comauutn
1556 3044 1769 3097 Cleonis
1823 3046 2040 3101 fratrem

481 3141 546 3179 ex
578 3128 710 3181 urbe
741 3131 864 3181 dum
918 3130 1280 3197 obsideretur,
1339 3133 1629 3203 fugientem
1668 3139 1827 3206 cepit,
1880 3150 1933 3192 et
1978 3140 2043 3193 ad

481 3227 782 3272 extremum
820 3237 945 3275 arce
992 3239 1020 3276 a
1067 3223 1366 3294 Sarapione
1407 3227 1543 3296 Syro
1588 3229 1825 3298 prodita,
1882 3241 2042 3299 quot-

483 3323 615 3380 quot
643 3314 694 3366 iu
741 3314 875 3368 urbe
903 3314 1115 3385 fugitivi
1151 3328 1328 3382 erant,
1374 3322 1427 3373 in
1462 3331 1780 3389 potestatem
1818 3323 2048 3392 impera-

487 3405 621 3459 toris
688 3416 982 3471 venerunt,
1020 3424 1156 3477 quos
1215 3411 1379 3463 etiam
1438 3413 1773 3468 cruciatibus
1822 3414 2048 3471 allectos

484 3499 860 3567 praecipitavit.
912 3500 1039 3554 Inde
1094 3503 1301 3556 Enuam
1339 3505 1609 3573 profectus
1657 3508 1885 3560 similem
1933 3508 2048 3578 ejus

485 3590 817 3644 obsidionem
892 3592 1221 3662 aggreditur,
1290 3594 1594 3650 defectores
1655 3599 1718 3649 ad
1778 3614 2042 3652 summam

488 3682 921 3750 desperationem
978 3686 1218 3753 adigens.
1264 3685 1510 3755 Curaque
1532 3686 1787 3743 Cleonem
1821 3690 2052 3759 impera-

491 3781 659 3828 torem
707 3775 840 3828 urbe
887 3791 1187 3846 egressum,
1252 3792 1315 3832 ac
1362 3778 1577 3833 beroica
1638 3779 1864 3849 qttadam
1901 3780 2054 3833 forti-

489 3865 673 3920 tudine
693 3866 995 3934 pracliatum
1024 3869 1334 3926 vulneribus
1377 3885 1503 3925 mox
1531 3870 1879 3937 confodisset,
1915 3873 2052 3926 banc

490 3971 702 4024 quoque
757 3959 942 4012 urbem
992 3961 1153 4028 cepit,
1218 3960 1377 4030 idque
1423 3963 1748 4033 proditione.
1807 3964 1878 4017 Ita
1910 3963 2051 4016 enim

491 4059 611 4099 eam
652 4045 786 4100 situs
815 4047 931 4115 ipse
981 4050 1239 4103 munitam
1276 4053 1552 4115 reddebat,
1581 4063 1638 4105 ut
1666 4054 1715 4106 vi
1758 4053 2052 4125 expugnari

493 4136 640 4191 nullo
668 4138 826 4191 modo
858 4148 1057 4206 posset.
1090 4140 1273 4195 Eunus
1298 4153 1475 4197 autem
1502 4145 1792 4212 assumptis
1830 4160 2055 4199 sexcen-

492 4226 584 4291 tis,
632 4227 697 4281 ad
735 4228 849 4282 loca
903 4232 1146 4299 quredam
1200 4247 1490 4304 praerupta,
1544 4247 1600 4289 ut
1635 4246 1750 4290 erat
1804 4238 2049 4307 ignavus,

491 4312 615 4384 fuga
669 4330 727 4370 se
775 4319 1000 4388 recepit.
1051 4320 1156 4376 Sed
1204 4323 1296 4391 qui
1351 4339 1470 4376 cum
1512 4339 1577 4378 eo
1619 4335 1795 4390 erant,
1827 4328 2046 4381 exitium
2080 4317 2125 4372 Β

494 4406 594 4461 sibi
639 4408 951 4466 inevitabile
995 4412 1301 4482 impendere
1343 4415 1577 4469 scientes
1608 4415 1734 4487 (jam
1773 4419 1916 4473 enim
1945 4419 2058 4472 Ru-

497 4497 643 4551 tilius
680 4499 974 4569 imperator
999 4503 1062 4554 ad
1094 4518 1188 4557 eos
1220 4516 1383 4557 cursu
1417 4506 1821 4576 contendebat),
1856 4518 1913 4561 ut
1946 4523 2059 4561 ma-

494 4604 597 4643 nus
631 4591 862 4646 hostium
914 4597 1294 4662 prmvenireut,
1328 4597 1430 4650 sibi
1476 4607 1663 4652 mutuo
1690 4600 1931 4655 cervices
1961 4601 2057 4653 ab-

495 4682 829 4738 scindebant.
882 4686 953 4739 At
978 4677 1579 4758 Etttttts,'prtestigiator
1611 4690 1815 4759 pariter
1855 4700 1909 4743 et
1940 4707 2054 4758 rex,

495 4788 616 4828 cum
646 4790 757 4844 pm
788 4777 1075 4832 timiditate
1110 4780 1161 4832 in
1186 4781 1445 4846 quasdam
1471 4782 1754 4848 speluncas
1782 4784 2058 4853 confugis-

494 4872 598 4929 set,
639 4879 743 4917 una
787 4880 909 4918 cum
944 4877 1176 4935 quatuor
1214 4883 1280 4921 ex
1332 4870 1444 4923 suis
1477 4871 1598 4924 inde
1645 4881 1918 4926 extractus
1953 4882 2057 4937 est,

496 4966 695 5020 coquo,
729 4954 956 5022 pistore,
1010 4955 1207 5027 386b
1239 4966 1295 5012 et
1325 4973 1390 5012 eo
1419 4960 1572 5030 cuius
1601 4976 1757 5014 manu
1785 4962 1836 5014 in
1870 4961 2059 5015 balneo

495 5042 816 5110 fricabatur,
850 5059 1044 5115 quarto
1077 5058 1256 5104 autem
1292 5066 1376 5113 eo,
1402 5052 1493 5121 qui
1521 5053 1663 5106 inter
1695 5054 1884 5120 epulas
1904 5053 2056 5107 oble-

496 5145 769 5190 ctamenta
803 5137 852 5191 ei
891 5137 1168 5195 afferebat.
1207 5138 1257 5193 Is
1286 5151 1561 5196 extractus
1586 5142 1734 5204 inde,
1753 5150 1810 5195 et
1842 5143 1895 5195 in
1926 5158 2050 5197 car-

2147 3051 2444 3120 συγκλείων
2478 3050 2576 3111 τὰς
2605 3047 2711 3099 τῶν
2742 3042 3064 3098 ἀποστατῶν
3094 3038 3336 3101 ἐλπίδας.
3368 3036 3478 3089 Καὶ
3493 3035 3717 3088 Κλέωνα

2144 3145 2233 3197 τὸν
2258 3142 2583 3213 στρατηγὸν,
2639 3138 2922 3205 ἐξελθόντα
2956 3136 3057 3204 τῆς
3086 3133 3291 3194 πόλεως
3322 3129 3419 3181 καὶ
3466 3126 3718 3198 ήρωῐκῶς

2146 3236 2558 3304 ἀγωνισάμενον
2619 3230 2734 3300 μετ’
2778 3228 2971 3296 ὀλίγων
3006 3224 3050 3256 ³⁷
3081 3225 3183 3277 ὑπὸ
3232 3224 3337 3276 τῶν
3389 3219 3720 3292 τραυμάτων

2145 3326 2323 3392 δείξας
2350 3324 2562 3396 νεκρὸν,
2602 3316 2714 3374 εἷλε
2751 3317 3094 3387 καὶοταύτην
3124 3313 3383 3385 προδοσία
3410 3311 3507 3382 τὴν
3538 3310 3716 3369 πᾶλιν,

2146 3420 2269 3472 ἐπεὶ
2306 3419 2412 3471 οὐδ’
2461 3418 2503 3448 ⁸⁸
2550 3411 2617 3485 ἦν
2665 3412 2939 3481 ἁλώσιμος
2998 3409 3086 3464 διὰ
3147 3407 3244 3477 τὴν
3292 3406 3594 3475 ὀχυρότητα
3630 3398 3723 3470 βίᾳ

2148 3510 2351 3581 χειρός.
2401 3508 2460 3561 '0
2484 3507 2540 3559 δὲ
2577 3509 2618 3539 ¹⁹
2655 3504 2860 3566 Εὔνους
2904 3498 3186 3555 ἀναλαϐὼν
3242 3498 3365 3559 τοὺς
3400 3491 3724 3564 σωματοφύ-

2148 3600 2340 3663 λακας,
2362 3599 2523 3661 ὄντας
2559 3595 2765 3666 χιλίους
2786 3595 2855 3658 ὀ,
2885 3592 3081 3661 ἔφυγεν
3107 3592 3150 3620 ³³
3170 3587 3443 3657 ἀνάνδρως
3473 3583 3552 3646 εἰς
3572 3598 3722 3643 τινας

2153 3688 2588 3760 παρακρήμνους
2635 3686 2857 3747 τόπους.
2900 3681 3038 3735 Ἀλλ’
3070 3681 3119 3733 οἱ
3153 3681 3252 3750 μὲν
3284 3680 3379 3730 συν
3410 3673 3557 3744 αὐτῷ
3581 3672 3724 3740 ἀφυ-

2153 3797 2279 3833 κτον
2304 3778 2366 3831 τὸ
2384 3779 2515 3848 περὶ
2546 3777 2740 3839 αὐτοὺς
2765 3773 2934 3828 δεινὸν
2964 3772 3312 3839 ἐπιστάμενοι
3341 3766 3462 3837 (ήδη
3489 3767 3597 3836 γάρ
3626 3764 3724 3817 καὶ

2151 3871 2181 3923 6
2215 3869 2517 3941 στρατηγὸς
2553 3866 2844 3929 Ῥουτίλιος
2904 3864 2990 3918 ἐπ’
3036 3862 3233 3923 αὐτοὺς
3264 3857 3513 3930 ἤλαυνεν)
3556 3855 3725 3925 ἀλλή-

2152 3961 2277 4025 λους
2299 3963 2411 4024 τοῖς
2456 3960 2664 4027 ξίφεσιν
2698 3955 2928 4026 ἔσφαζον
2957 3956 3001 3987 ¹¹
3024 3953 3487 4022 άπαυχενίσαντας
3510 3947 3557 3979 ⁸³
3577 3963 3589 3976 ·
3620 3948 3649 3998 6
3666 3946 3725 3999 δὲ

2153 4052 2407 4124 τερατίας
2438 4050 2643 4113 Εὔνους
2663 4052 2758 4103 καὶ
2786 4048 3062 4118 βασιλεὺς,
3116 4040 3446 4112 καταφυγὼν
3476 4037 3564 4091 διὰ
3610 4037 3723 4089 δειο

2154 4144 2276 4197 λίαν
2333 4142 2389 4195 ἐν
2444 4158 2554 4195 τισι
2610 4140 2877 4200 κοιλάσιν,
2932 4134 3249 4204 ὲξειλκύσθη
3294 4133 3407 4203 ἅμα
3428 4131 3724 4201 τεττάρων,

2161 4234 2426 4306 μαγείρου
2463 4233 2558 4286 καὶ
2584 4229 2876 4301 ἀρτοποιοῦ
2907 4230 3000 4283 καὶ
3028 4226 3121 4280 τοῦ
3168 4224 3445 4296 τρίϐοντος
3477 4221 3639 4275 αὑτὸν
3669 4222 3728 4273 ὲν

2154 4329 2233 4399 τῷ
2260 4326 2471 4397 λουτρῷ
2517 4326 2564 4357 ’⁵
2616 4326 2711 4380 καὶ
2761 4324 3021 4392 τετάρτου
3065 4318 3157 4372 τοῦ
3199 4317 3349 4388 παρά
3379 4314 3502 4378 τοὺς
3529 4314 3729 4376 πότους

2156 4419 2408 4481 είωθότος
2452 4417 2804 4486 ψυχαγωγεῖν
2859 4412 3041 4466 αὐτόν.
3096 4409 3205 4463 Καὶ
3264 4404 3592 4477 παραδοθεὶς
3649 4405 3729 4465 είς

2156 4510 2425 4580 φυλακὴν,
2464 4509 2561 4561 καὶ
2610 4506 2704 4560 τοῦ
2773 4505 3021 4573 σώματος
3076 4499 3240 4554 αὑτοῦ
3280 4496 3617 4555 διαλυθέντος
3650 4495 3729 4556 εἰς

2156 4601 2395 4672 φθειρῶν
2429 4598 2651 4669 πλῆθος,
2679 4595 2894 4657 οἰκείως
2910 4594 3007 4663 τῆς
3031 4593 3157 4663 περὶ
3186 4590 3347 4644 αὑτὸν
3378 4586 3730 4659 ῥᾳδιουργίας

2159 4691 2490 4762 κατέστρεψε
2545 4691 2636 4743 τὸν
2687 4688 2799 4759 βίον
2839 4689 2896 4739 ὲν
2928 4690 2992 4756 τῇ
3028 4682 3396 4755 Μοργαντίνῃ.
3448 4678 3731 4732 Ἐντεῦθεν

2173 4783 2463 4844 Ῥουτίλιος
2493 4783 2798 4851 ἐπιτρέχων
2819 4779 2945 4848 ὃλην
2968 4776 3064 4847 τὴν
3095 4775 3341 4828 Σικελίαν
3368 4773 3484 4844 ἅμα
3508 4769 3732 4834 λογάσιν

2158 4874 2376 4942 ὀλίγοις,
2415 4872 2607 4925 θᾶττον
2629 4872 2773 4943 ἥπερ
2802 4886 2886 4932 τις
2923 4868 3119 4949 ᾕλπισε
3152 4864 3353 4939 παντὸς
3377 4863 3547 4931 αὐτὴν
3571 4860 3731 4928 ἠλευο

2163 4967 2368 5038 θέρωσε
2434 4963 2754 5036 λῃστηρίου.
2797 4961 2922 5013 Ὅτι
2985 4960 3014 5013 ὀ
3060 4954 3168 5011 τῶν
3196 4953 3547 5010 λάποστατῶν
3576 4951 3735 5020 βασι-

2161 5057 2284 5119 λεὺς
2307 5055 2509 5117 Εὔνους
2561 5053 2751 5106 ἑαυτὸν
2787 5051 2886 5121 μὲν
2938 5046 3227 5123 Ἀντίοχον,
3256 5047 3460 5116 Σύρους
3508 5042 3565 5094 δὲ
3625 5039 3735 5093 τῶν

2156 5144 2475 5201 ἀποστατῶν
2499 5145 2559 5197 τὸ
2588 5143 2792 5212 πλῆθος
2812 5142 3182 5212 ἐπωνόμασεν.

493 5228 673 5284 Cerem
747 5228 1037 5299 conjectus,
1089 5229 1142 5284 in
1188 5244 1432 5301 magnam
1483 5230 1851 5300 pediculorum
1923 5235 2030 5288 vim
2093 5235 2324 5290 resoluto
2367 5248 2640 5304 corpore,
2683 5233 2825 5302 apud
2877 5230 3271 5301 Morgantinam
3326 5225 3545 5295 dignum
3620 5220 3734 5277 suis

1768 5351 2001 5407 VARUS
2038 5351 2327 5408 LECTION
2334 5352 2434 5408 ES.

566 5468 608 5501 ¹¹
638 5486 696 5542 τε
743 5470 861 5542 add.
902 5473 968 5530 Α.
1041 5473 1084 5505 ¹¹
1113 5471 1344 5542 ροτίλιος
1367 5473 1434 5531 Α,
1466 5469 1888 5542 Rhodomannus
1932 5470 2254 5542 Ῥουπίλιος.

1035 5542 1080 5573 η
1114 5540 1369 5610 δίωμανὸν
1413 5543 1477 5594 Α.
1553 5542 1594 5572 ³⁷
1622 5540 1817 5605 ὀλίγων
1842 5541 1882 5592 Α
1908 5556 1919 5591 :
1953 5541 2129 5607 ὀλίγον
2153 5558 2212 5606 ς.

501 5539 745 5608 AptsteL:
777 5541 859 5593 ὅτι
896 5559 957 5608 ς,

502 5607 814 5674 ἑξακοσίους
870 5629 933 5675 ς.
1040 5613 1084 5646 ἰ
1116 5607 1343 5681 ἔφευγεν
1393 5612 1459 5667 Α.

2333 5470 2378 5501 ¹³
2406 5469 2435 5520 6
2461 5484 2570 5522 om.
2603 5470 2668 5521 A.
2740 5467 2785 5500 “

2821 5467 3082 5536 ρωμαίοις
3115 5464 3425 5518 ἀνεσώσατο
3453 5464 3512 5516 Β.
3576 5466 3618 5497 ¹³
3649 5464 3733 5536 δτε

2292 5540 2334 5571 ¹⁸
2358 5537 2488 5609 οὐδ’]
2520 5538 2732 5609 μήδ’-Α.

2811 5534 2851 5570 ³⁷⁸
2881 5534 2937 5589 δὲ
2967 5537 3092 5590 add.
3126 5537 3192 5589 A.
3300 5536 3347 5567 ’θ
3377 5536 3580 5603 χιλίους
3612 5534 3730 5603 AB:

1560 5611 1603 5641 "
1634 5602 1891 5678 ἔσφαζον]
1920 5602 2264 5682 ἔφοαζονγρ.
2302 5609 2365 5664 Β.
2453 5602 2532 5695 ξπ
2556 5602 2736 5665 malim
2766 5606 3251 5678 ἀπαυγενίσαντες.
3351 5602 3399 5637 ’⁸
3440 5602 3641 5675 λοετρῷ
3671 5602 3731 5655 Β.
