3990 6232
310 228 456 296 1413
1383 232 1879 299 BIBLIOTHECA

1986 267 1993 275 -
2025 242 2186 304 con.
2209 245 2492 307 ccxuv.
3425 256 3562 329 ιω

311 341 613 437 temerariis
645 343 807 437 ausis
887 352 1072 437 nactus
1117 355 1198 400 est
1250 343 1373 397 vitm
1421 344 1645 400 exitum.
1732 348 1918 404 Postea
1975 367 2104 407 τρι-ο
2165 354 2419 421 Rutilius,
2457 365 2566 410 tota
2599 355 2780 415 Sicilia
2820 375 2940 423 cum
2971 379 3132 434 parva
3163 382 3332 437 eaque
3363 373 3561 431 selecla

308 451 471 491 manu
503 433 728 490 celerius
752 436 990 489 omnium
1017 451 1109 505 spe
1136 448 1436 505 peragrata,
1499 454 1528 491 a
1591 439 1929 508 praedonibus
1959 459 2078 499 eam
2101 447 2323 502 omnino
2358 447 2622 504 liberavit.

772 574 799 595 ι,
914 528 1017 583 Ἐκ
1041 529 1146 582 τοῦ
1182 530 1301 593 λς’.
1905 540 1955 596 Α

1905 540 1955 596 Α
2511 539 2599 595 Ea:
2640 541 2776 597 libro
2809 560 3018 602 xxmt.

279 647 305 661 α
383 621 505 674 Ὀτι
538 620 644 674 ὑπὸ
661 622 787 685 τοὺς
813 622 1009 686 αὐτοὺς
1038 623 1263 693 χρόνους
1314 624 1370 676 ἐν
1409 622 1613 697 Ῥώμῃ.
1645 626 1769 683 καθ’
1788 627 1851 682 οὓ

2058 631 2258 687 Eodem
2315 642 2558 702 tempore
2604 652 2713 707 quo
2748 637 2949 695 Marius
3002 642 3200 699 Africae
3233 661 3389 716 reges
3419 648 3556 704 Boc-

302 713 524 782 Mp’tpt’o;
555 712 655 782 μὲν
679 713 805 776 τοὺς
831 712 974 767 κατὰ
1008 713 1217 783 Λιϐύην
1265 714 1501 783 βασιλεῖς
1558 715 1762 788 Βόκχον
1789 720 1878 773 καὶ

2015 725 2147 780 τῇιιηι
2175 736 2232 780 et
2264 724 2579 796 Jugurtham
2612 746 2809 801 magno
2848 734 3032 801 prtelio
3081 712 3465 802 debellarerat,
3505 744 3591 796 et'

318 800 660 872 Ἰουγούρθαν
706 802 1121 872 κατεπολέμησε
1171 804 1384 875 μεγάλῃ
1435 808 1757 875 παρατάξει,
1783 810 1880 862 καὶ

1985 814 2240 870 Afrorum
2309 817 2519 872 inﬁnita
2577 800 2743 888 prope
2798 800 2965 879 millia
3026 829 3321 893 occiderat,
3381 800 3554 900 ipsum

305 889 511 953 πολλὰς
582 889 681 959 μὲν
728 889 836 942 τῶν
894 889 1108 943 Λιϐύων
1155 893 1418 961 μυριάδας
1465 895 1694 960 ἀνεῖλεν,
1729 894 1881 950 ὔστε-

1987 906 2183 961 deinde
2218 907 2534 977 Iugurtham
2573 910 2593 981 (
2613 926 2642 965 a
2673 910 2883 972 Boccho
2929 889 3415 986 comprehensum,-
3449 924 3554 979 sibi

306 996 401 1050 ρον
439 981 496 1033 δὲ
561 982 722 1034 αὑτὸν
760 982 1069 1052 Ίογούρθαν
1098 986 1143 1017 ’⁵
1185 984 1559 1055 συλληφθέντα
1591 986 1755 1059 [1172
1786 987 1879 1060 3.]

1987 1008 2298 1065 susceptum
2362 1001 2621 1059 adversus
2664 1007 2858 1060 bellum
2911 981 3208 1064 condonari
3263 981 3552 1087 cupiente)

304 1070 412 1122 ὑπὸ
443 1070 668 1173 Βόκχου,
697 1070 837 1125 ὥστε
860 1075 1042 1141 τυχεῖν
1065 1073 1390 1144 συγγνώμης
1415 1078 1565 1147 παρὰ
1592 1078 1880 1148 Ῥωμαίων

1986 1088 2257 1157 οιριίνιηιι
2283 1091 2602 1159 abduxerat,
2635 1111 2742 1164 quo
2770 1099 2895 1151 item
2933 1099 3159 1154 Romani
3185 1070 3378 1173 graves
3412 1070 3552 1173 apud

305 1161 447 1230 ὑπὲρ
477 1155 551 1215 ὧν
581 1163 761 1225 αὐτοῖς
796 1164 1029 1235 κατέστη
1066 1165 1200 1235 πρὸς
1236 1167 1492 1237 πόλεμον,
1524 1167 1703 1222 λαϐὼν
1734 1173 1875 1224 ἐκεῖ·

1986 1178 2212 1233 Galliatn
2252 1182 2302 1234 in
2346 1183 2619 1238 Cimbrico
2658 1187 2795 1240 bello
2836 1189 3017 1245 clades
3065 1155 3331 1249 nonosine
3360 1155 3553 1265 magno

304 1254 398 1306 θεν
420 1254 766 1323 αἰχμάλωτον
815 1250 949 1326 εἶχε,
1010 1257 1287 1326 μεγίστοις
1319 1259 1376 1310 δὲ
1428 1260 1729 1331 πταίσμασι
1770 1265 1880 1326 τοῖς

1987 1269 2173 1325 dolore
2205 1287 2526 1341 acceperant
2570 1294 2584 1331 :
2629 1281 2842 1345 eodem,
2888 1283 3130 1351 inquam,
3165 1295 3403 1352 tempore
3437 1250 3546 1342 tio-

301 1345 450 1398 κατά
504 1346 770 1400 Γαλατίαν
818 1349 926 1400 τῶν
979 1350 1245 1417 Κίμϐρων
1313 1350 1694 1421 πολεμούντων
1746 1354 1877 1408 Ῥω-

1988 1373 2127 1413 mam
2175 1361 2505 1416 advenerunt
2542 1368 2759 1435 quidam
2808 1384 2839 1423 e
2868 1370 3073 1431 Sicilia.
3110 1371 3338 1439 plurima
3378 1387 3553 1428 servos

300 1439 458 1505 μαίοι
523 1437 640 1509 [651
698 1438 788 1509 IL]
838 1441 1222 1510 περιπεσόντες
1279 1441 1546 1512 ἠθύμουν,
1576 1446 1716 1498 κατά
1751 1446 1876 1508 τοὺς

1987 1465 2105 1506 rum
2149 1454 2317 1507 millia
2347 1456 2616 1514 defecisse
2648 1462 2977 1517 nuntiantes.
3022 1464 3138 1530 Quo
3164 1476 3384 1533 accepto
3410 1481 3552 1520 mtu-

302 1529 500 1592 αὐτοὺς
521 1530 744 1599 χρόνους
805 1526 938 1602 ἧκόν
960 1549 1106 1594 τινες
1137 1533 1244 1585 ἀπὸ
1276 1534 1523 1597 Σικελίας
1563 1536 1860 1588 ἀπόστασιν

1985 1542 2081 1606 tio,
2130 1547 2355 1601 summis
2396 1548 2448 1601 iu
2506 1552 2771 1621 angustiis
2817 1564 2959 1609 totus
3005 1556 3232 1622 populus
3278 1556 3539 1610 Romanus

303 1618 663 1685 ἀγγέλλοντες
714 1621 942 1674 οἰκετῶν
997 1624 1076 1684 είς
1110 1622 1309 1686 πολλὰς
1340 1622 1755 1694 ἀριθμουμένων
1786 1642 1879 1693 μυ-

1985 1636 2190 1689 νετετιτί
2211 1639 2394 1706 ρωρῐι,
2430 1618 2620 1707 utpote
2647 1644 2732 1695 cui
2756 1645 2984 1698 militum
3008 1618 3332 1701 delectorum
3352 1643 3539 1713 60,οω

302 1710 512 1776 ριάδας.
556 1705 631 1765 Οὖ
661 1711 1158 1783 προσαγγελθέντος
1184 1714 1241 1766 ἐν
1275 1714 1440 1784 πολλῇ
1466 1715 1785 1784 περιστάσει
1816 1715 1876 1769 τὸ

1987 1723 2039 1777 in
2069 1725 2210 1781 bello
2239 1730 2502 1783 adversus
2528 1732 2778 1787 Cimbros
2821 1735 2958 1804 apud
2990 1716 3218 1790 Galliam
3246 1738 3536 1792 occubuit--

311 1801 616 1871 Ῥωμαϊκὸν
648 1805 792 1857 ἅπαν
825 1803 1177 1870 συνεχόμενον
1234 1804 1481 1871 διετέλει,
1512 1805 1587 1868 ὡς
1631 1805 1696 1859 ἂν
1723 1823 1877 1877 στρα-

1984 1823 2125 1878 sent,
2164 1831 2260 1869 nec
2306 1819 2372 1870 de
2417 1821 2627 1888 integro
2665 1801 2868 1892 parem-
2892 1825 3190 1880 exercitum
3239 1829 3293 1881 in
3332 1823 3536 1894 expedi-

299 1895 510 1947 τιωτῶν
538 1896 840 1948 ἐπιλέκτων
878 1897 1062 1965 σχεδὸν
1093 1896 1500 1968 ἑξακισμυρίων
1532 1899 1589 1950 ἐν
1627 1898 1707 1966 τῷ
1739 1898 1875 1968 πρὸς

1094 1896 1500 1968 ἑξακισμυρίων
1532 1899 1589 1950 ἐν
1627 1898 1707 1966 τῷ
1739 1898 1875 1968 πρὸς
1906 1898 1946 1952 Β
1983 1902 2179 1957 tionem
2210 1907 2440 1961 educere
2466 1920 2670 1978 posset.

298 1985 579 2055 Κίμϐρους
657 1988 797 2040 κατά
876 1987 1140 2041 Γαλατίαν
1211 1988 1428 2058 πολέμῳ
1502 1987 1828 2043 διολωλὸτων
1853 2031 1868 2056 ,
1910 1993 2003 2045 καὶ
2028 1994 2252 2065 ἀπόρων
2291 1997 2459 2053 ὄντων
2523 2004 2604 2065 είς
2679 1998 2987 2076 ἀποστολὴν
3046 2007 3388 2078 στρατιωτῶν
3446 2002 3536 2057 λο-

294 2081 499 2148 ⁴γάδων.

372 2200 486 2268 Πρὸ
510 2198 566 2250 δὲ
612 2197 717 2267 τῆς
765 2197 909 2252 κατά
933 2195 1030 2267 τὴν
1063 2197 1109 2228 ³⁸
1144 2196 1393 2250 Σικελίαν
1420 2194 1527 2248 τῶν
1546 2195 1750 2251 δούλων
1771 2198 1870 2251 ἐπ-

2042 2198 2310 2255 Czeterum
2353 2213 2475 2256 ante
2529 2205 2671 2257 hunc
2720 2205 2770 2256 in
2801 2205 2986 2259 Sicilia
3028 2205 3391 2260 rebellantium
3419 2215 3536 2256 ser-

296 2289 647 2352 ἀναστάσεως
693 2289 944 2355 ἐγένοντο
995 2286 1137 2342 κατά
1211 2288 1314 2355 τὴν
1379 2287 1606 2340 Ἰταλίαν
1656 2288 1872 2351 πλείους

1976 2306 2164 2345 verum
2214 2295 2497 2347 tumultum
2530 2295 2664 2350 tales
2706 2297 2835 2349 etin
2869 2297 3021 2349 Italia
3062 2294 3273 2351 excitati
3301 2294 3530 2359 fuerant,

298 2382 629 2441 ἀποστάσεις
676 2380 1034 2450 ὀλιγοχρόνιοι
1086 2378 1182 2431 καὶ
1223 2378 1436 2447 μικραὶ,
1482 2379 1733 2449 καθάπερ
1780 2379 1872 2433 τοῦ

1976 2386 2068 2437 sed
2097 2386 2245 2450 parvi
2271 2401 2333 2440 ac
2364 2387 2581 2440 minime
2608 2387 2849 2441 diuturni
2875 2403 2890 2441 :
2922 2389 3059 2441 velut
3095 2386 3336 2449 numine,
3371 2400 3533 2453 quam

294 2472 573 2539 δαιμονίου
634 2471 1100 2541 προσημαίνοντος
1146 2468 1207 2521 τὸ
1258 2469 1485 2538 μέγεθος
1534 2465 1635 2538 τῆς
1679 2470 1870 2539 ἐσομέ-

1978 2484 2130 2527 atrox
2176 2475 2351 2529 futura
2403 2487 2549 2530 esset
2598 2478 2650 2531 in
2696 2478 2879 2531 Sicilia
2924 2481 3160 2542 rebellio,
3214 2474 3536 2546 praesignifi-

297 2582 394 2632 νης
423 2564 472 2596 ³⁷
496 2562 637 2617 κατὰ
668 2562 767 2634 τὴν
789 2562 1042 2617 Σικελίαν
1076 2561 1519 2627 ἐπαναστάσεως,
1555 2563 1745 2633 πρώτη
1781 2562 1873 2632 μὲν

1969 2573 2147 2618 caute.
2199 2565 2411 2619 Primus
2467 2575 2646 2621 autem
2698 2571 2838 2637 apud
2887 2569 3165 2625 Nuceriam
3222 2567 3531 2630 exstiterat,

297 2657 331 2726 ή
393 2656 519 2726 περὶ
575 2655 900 2723 Νουκερίαν,
950 2654 1240 2725 τριάκοντα
1274 2655 1500 2707 οἰκετῶν
1535 2654 1873 2722 συνωμοσίαν

1966 2671 2088 2711 cum
2154 2657 2375 2727 triginta
2428 2660 2568 2712 servi
2644 2660 3070 2730 coniurationem
3137 2658 3417 2719 fecissent,
3481 2668 3534 2710 et

300 2748 685 2815 ποιησαμένων
720 2747 813 2798 καὶ
842 2747 977 2816 ταχὺ
995 2744 1388 2809 κολασθέντων,
1419 2745 1649 2813 δευτέρα
1683 2746 1715 2814 ἡ
1748 2744 1876 2814 περὶ

1962 2752 2359 2819 quamprimum
2396 2766 2588 2820 plenas
2640 2755 2937 2808 dedissent.
2990 2752 3265 2805 Secundus
3309 2746 3528 2816 Capuae,

297 2838 397 2908 τὴν
430 2837 682 2907 Καπύην,
714 2837 1000 2890 διακοσίων
1035 2837 1260 2891 οἰκετῶν
1311 2839 1728 2891 ἐπαναστάντων
1776 2842 1871 2890 καὶ

1961 2853 2079 2891 cum
2112 2841 2325 2895 ducenti
2358 2845 2499 2895 servi
2535 2844 2909 2909 rebellassent,
2938 2859 2998 2899 ac
3029 2841 3145 2895 sine
3200 2855 3345 2894 mora
3378 2839 3535 2895 deleti

296 2932 434 2997 ταχὺ
470 2929 898 2983 καταλυθέντων.
928 2929 1095 2999 Τρίτη
1123 2929 1182 2981 δὲ
1214 2928 1516 2998 παράδοξος
1554 2930 1739 2997 γέγονέ
1762 2946 1866 2992 τις.

1971 2928 2222 2983 fuissent.
2282 2929 2496 2984 Tertius
2535 2942 2717 2986 autem
2761 2935 2897 2986 tniru
2940 2932 3168 3001 quodam
3207 2940 3429 2983 exortus
3457 2934 3538 2983 est

296 3016 408 3073 Ἦν
434 3020 588 3082 Τίτος
624 3020 959 3084 Μενουῖτιος,
989 3022 1184 3084 ἱππεὺς
1226 3020 1322 3089 μὲν
1360 3020 1665 3089 Ῥωμαίων,
1700 3036 1870 3090 μεγα-

1969 3018 2150 3071 modo.
2196 3017 2323 3071 Erat
2348 3021 2564 3087 quidam
2597 3021 2750 3077 Titus
2781 3023 3035 3077 Minutius
3062 3035 3226 3089 eques
3246 3021 3534 3083 Romanus,

298 3112 596 3167 λοπλούτου
635 3113 692 3165 δὲ
731 3114 937 3184 πατρὸς
960 3117 1111 3177 παῖς.
1163 3110 1330 3177 Οὗτος
1363 3114 1575 3185 ἠράσθη
1607 3114 1867 3184 θεραπαι-

1969 3120 2024 3163 et
2055 3112 2333 3178 praedivite
2379 3123 2536 3170 natus
2584 3126 2762 3184 patre,
2795 3117 2882 3184 qui
2933 3118 3120 3169 alienae
3167 3113 3375 3164 famulae
3424 3110 3536 3163 for-

300 3201 446 3263 νίδος
496 3201 804 3270 ἀλλοτρίας,
856 3202 1038 3255 κάλλει
1081 3202 1464 3273 διαφερούσης.
1525 3203 1871 3274 Συμπλακεὶς

1979 3199 2299 3256 mosissimae
2323 3218 2509 3258 amore
2530 3214 2739 3273 captus,
2770 3217 2828 3259 ut
2854 3206 2908 3258 in
2931 3206 3044 3272 ejus
3062 3201 3359 3270 amplexum
3383 3195 3533 3249 veni-

297 3294 342 3347 δ’
374 3295 509 3364 αὐτῇ
542 3293 636 3346 καί⁹
664 3294 709 3324 ’⁸
731 3294 807 3353 εἰς
854 3294 1032 3364 έρωτα
1087 3292 1387 3365 παράδοξον
1417 3295 1590 3363 αὐτῆς
1615 3294 1872 3365 ἐμπεσὼν

1973 3299 2054 3346 ret
2101 3291 2299 3348 effecit.
2353 3294 2591 3349 Tandem
2630 3311 2758 3349 vero
2788 3298 2856 3349 ita
2900 3310 3023 3348 eam
3068 3289 3314 3357 deperire
3347 3288 3532 3357 ςωρὶιν

298 3384 630 3454 ἐξηγόρασεν
653 3383 842 3454 αὐτὴν,
874 3385 1018 3437 οὕτω
1042 3383 1135 3437 τοῦ
1163 3386 1206 3417 ’⁸
1238 3402 1297 3438 τε
1327 3383 1629 3454 μανιώδους
1668 3385 1871 3456 ἔρωτος

1971 3393 2077 3435 uta
2111 3384 2329 3438 domino
2375 3385 2515 3440 illius
2562 3398 2766 3453 septem
2815 3387 3025 3440 talentis
3060 3381 3256 3433 Atticis
3305 3387 3530 3444 emeret,

299 3475 620 3547 βιαζομένου
699 3475 793 3528 καὶ
839 3474 933 3527 τοῦ
983 3476 1175 3545 κυρίου
1207 3474 1305 3544 τῆς
1345 3476 1513 3547 κόρης
1533 3476 1633 3547 τὴν
1668 3478 1870 3546 πρᾶσιν

1969 3487 2090 3525 cum
2125 3477 2189 3526 ad
2217 3475 2358 3529 ltaue
2397 3478 2728 3545 emptionem
2762 3494 2884 3532 cum
2907 3473 3110 3525 amoris
3139 3471 3349 3524 insania
3381 3485 3535 3524 com-

300 3568 458 3637 μόλις
493 3566 949 3629 κατανεύσαντος,
977 3566 1253 3620 ταλάντων
1292 3566 1558 3621 Ἀττικῶν
1591 3568 1753 3634 ἐπτὰ,
1776 3567 1871 3620 καὶ

1971 3563 2212 3629 pelleret,
2237 3580 2398 3633 quam
2440 3582 2583 3637 aegre
2609 3569 2808 3632 alioqui
2837 3578 2865 3616 a
2898 3564 3118 3617 domino
3161 3561 3359 3632 387a
3392 3560 3535 3615 illius

297 3658 489 3729 χρόνον
515 3657 685 3726 ὥρισε
709 3656 829 3711 καθ’
848 3657 906 3708 ὃν
945 3656 1194 3711 ἀποτίσει
1240 3654 1302 3707 τὸ
1335 3655 1493 3724 χρέος
1515 3670 1528 3685 ·
1554 3655 1869 3708 ἐπιστεύετο

1972 3654 2310 3722 impetrabat.
2361 3657 2468 3712 Sed
2524 3659 2611 3714 illa
2660 3656 2748 3709 ubi
2803 3654 3041 3717 advenit,
3080 3656 3233 3720 isque
3280 3652 3535 3707 solvendo

297 3746 358 3799 δὲ
397 3746 484 3799 διά
528 3745 628 3817 τὴν
654 3743 914 3814 πατρῴαν
973 3743 1310 3813 περιουσίαν.
1351 3744 1663 3806 Ἐνστάντος
1685 3744 1869 3798 δὲντοῦ

1970 3757 2075 3795 non
2109 3752 2271 3808 esset,
2300 3754 2359 3799 ut
2384 3746 2486 3800 sibi
2529 3748 2643 3799 dies
2678 3742 2896 3813 triginta
2936 3750 3359 3811 prorogarentur
3388 3740 3535 3795 obti-

295 3838 637 3910 ὁρισθέντος,
665 3838 759 3890 καὶ⁹
806 3839 881 3908 μὴ
911 3837 1047 3908 ἔχων
1094 3836 1403 3901 ἀποδοῦναι,
1435 3837 1594 3890 πάλιν
1638 3836 1792 3902 ἔταξε
1826 3838 1867 3889 λ’

1970 3833 2104 3887 ηυίι.
2139 3833 2369 3889 Rursum
2405 3846 2456 3889 et
2478 3838 2580 3888 boc
2607 3834 2781 3901 spatio
2809 3844 3019 3897 exacto,
3053 3847 3176 3887 eum
3214 3831 3300 3885 ille
3320 3841 3535 3899 paetum

295 3930 525 4001 ἡμερῶν
546 3928 903 3998 προθεσμίαν.
941 3927 1029 3989 Ὧς
1055 3927 1111 3978 δὲ
1142 3928 1237 3980 καὶ
1257 3925 1461 3996 ταύτης
1493 3927 1794 3995 ἐπιστάσης
1816 3928 1868 3980 oi

1968 3923 2200 3990 pretium
2245 3926 2506 3991 exigeret,
2548 3924 2636 3978 hic
2680 3923 2880 3977 nullam
2912 3923 3151 3981 solvendi
3180 3922 3414 3976 nominis
3442 3937 3534 3975 ra-

300 4019 401 4088 μὲν
424 4017 682 4088 ἀπῄτουν,
705 4019 733 4069 ὁ
753 4015 808 4068 δὲ
830 4016 980 4069 οὐδὲν
1011 4016 1172 4068 πλέον
1198 4010 1341 4085 εἶχεν
1377 4014 1583 4079 ἀνύειν,
1609 4017 1637 4066 ὁ
1665 4014 1708 4067 δ’
1728 4013 1869 4085 έρως

1970 4014 2169 4067 tionem
2205 4015 2343 4068 inire
2376 4023 2581 4083 posset,
2610 4014 2819 4068 interea
2874 4028 3004 4067 vero
3041 4027 3198 4067 amor
3237 4013 3538 4067 invalesce-

294 4107 568 4180 ἤκμαζεν,
611 4106 934 4176 ἐπεχείρησε
999 4105 1196 4175 πράξει
1241 4104 1695 4181 παραλογωτάτῃ.
1724 4102 1870 4156 Ἐπι-

1968 4114 2073 4170 ret,
2107 4121 2307 4160 novum
2344 4115 2399 4160 et
2432 4106 2731 4160 inauditum
2766 4105 2979 4161 facinus
3014 4119 3301 4175 aggressus
3330 4114 3434 4158 est.
3468 4104 3536 4158 lis

298 4197 541 4268 ϐουλεύει
581 4196 677 4265 μὲν
701 4196 809 4266 γὰρ
867 4195 991 4256 τοὺς
1035 4194 1417 4260 ἀπαιτοῦντας,
1449 4194 1625 4263 ἐαυτῷ
1654 4195 1710 4247 δὲ
1737 4211 1863 4262 μον-

1966 4198 2110 4250 euitn
2162 4196 2254 4265 qui
2303 4196 2543 4251 debitum
2580 4197 2887 4266 exigebant,
2934 4197 3157 4251 insidias
3200 4206 3435 4257 struere.
3479 4202 3538 4247 et

296 4288 528 4359 αρχικὴν
583 4286 829 4350 ἐξουσίαν
894 4284 1210 4355 περιέθηκε.
1279 4285 1661 4354 Συναγοράσας
1757 4284 1868 4354 γὰρ

1968 4287 2367 4341 tuouarchicam
2417 4288 2705 4354 quamdam
2761 4287 3056 4355 potentiam
3104 4285 3207 4340 sibi
3258 4296 3535 4339 assumere

296 4377 658 4439 πεντακοσίας
700 4375 1021 4436 πανοπλίας,
1058 4376 1152 4426 καὶ
1192 4373 1381 4444 χρόνον
1404 4374 1501 4442 τῆς
1533 4375 1699 4444 τιμῆς
1727 4390 1861 4427 συν-

1968 4374 2222 4429 iustituit.
2263 4373 2400 4428 Nam
2429 4377 2692 4443 coemptis
2713 4375 3027 4444 quingentis
3066 4374 3356 4442 pauopliis.
3397 4383 3532 4426 teut—

293 4471 481 4536 τάξας,
514 4469 607 4521 καὶ
637 4465 968 4530 πιστευθεὶς,
1000 4463 1181 4533 λάθρα
1204 4463 1337 4534 πρὸς
1362 4464 1527 4531 ἀγρόν
1545 4480 1663 4517 τινα
1692 4480 1868 4534 παρα-

1963 4474 2068 4530 pus
2117 4464 2270 4532 pretii
2309 4465 2658 4532 persolutioni
2701 4465 2947 4533 praefixit,
2982 4464 3192 4532 ﬁdeque
3220 4464 3526 4529 impetrata,

295 4560 528 4630 κομίσας
555 4558 679 4620 τοὺς
714 4555 875 4618 ἰδίους
904 4555 1154 4608 ἀνέσεισε
1183 4554 1226 4585 ³ο
1268 4553 1403 4623 πρὸς
1451 4554 1752 4605 ἀπόστασιν
1785 4556 1863 4607 οἱ-

1966 4566 2059 4607 eos
2093 4553 2393 4607 clanculum
2435 4557 2488 4608 in
2536 4570 2725 4623 agrum
2771 4556 3059 4624 quemdam
3093 4553 3410 4608 defeteudas
3439 4568 3534 4609 (ιιιο

295 4654 484 4715 κέτας,
520 4649 899 4721 τετρακοσίους
930 4645 1110 4709 ὄντας.
1143 4639 1276 4698 Εἶτα
1313 4643 1595 4697 ἀναλαϐὼν
1628 4643 1862 4713 διάδημα

1976 4643 2133 4695 ravit.
2169 4641 2368 4697 Deinde
2400 4658 2518 4697 cum
2566 4659 2690 4699 suos
2729 4659 2916 4699 servos
2950 4646 3014 4698 ad
3045 4644 3395 4698 defectionem
3423 4642 3533 4697 sol-

295 4746 391 4796 καὶ
423 4742 765 4812 περιϐόλαιον
816 4737 1130 4809 πορφυροῦν
1175 4737 1269 4790 καὶ
1310 4734 1640 4805 ῥαϐδούχους
1669 4733 1764 4786 καὶ
1792 4733 1862 4786 τά

1966 4731 2250 4797 Ιὶοίιαςερι,
2308 4748 2533 4789 numero
2560 4736 3002 4803 quadringentos,
3051 4735 3261 4803 sibique
3289 4736 3530 4789 diadema

296 4833 432 4887 ἄλλα
472 4831 684 4902 εῠσημα
716 4830 759 4863 ³¹
793 4830 890 4898 τῆς
940 4829 1137 4899 ἀρχῆς,
1182 4828 1277 4880 καὶ
1329 4825 1553 4896 βασιλέα
1597 4825 1789 4877 ἑαυτὸν
1815 4824 1859 4856 ³³

1971 4822 2344 4892 imposuisset,
2375 4840 2664 4893 purpuram
2697 4841 2913 4895 quotue
2933 4840 3054 4881 cum
3086 4826 3206 4878 aliis
3234 4824 3531 4892 insignibus

300 4927 589 4997 συνεργεία
615 4925 724 4977 τῶν
752 4921 954 4976 δούλων
982 4919 1283 4985 ἀναδείξας,
1306 4918 1430 4980 τοὺς
1461 4916 1556 4987 μὲν
1579 4913 1866 4968 ἀπαιτοῦν-

1973 4913 2133 4981 regiis
2185 4915 2591 4983 assumpsisset,
2630 4916 2953 4982 tandemque
3005 4930 3281 4969 servorum
3331 4912 3533 4987 auxilio

299 5032 397 5080 τας
420 5014 518 5087 τὴν
550 5014 717 5086 τιμὴν
743 5013 846 5081 τῆς
886 5011 1053 5081 κόρης
1095 5008 1352 5080 ῥαϐδίσας
1404 5003 1744 5069 ἐπελέκισεν,
1780 5003 1866 5068 ἐξ·

1970 5017 2150 5071 regem
2204 5018 2262 5057 se
2305 5004 2696 5068 constituisset,
2755 5005 2987 5074 primum
3036 5003 3250 5071 quidem
3291 5016 3385 5055 eos
3441 5000 3531 5068 qui

297 5107 524 5169 οπλίσας
568 5105 623 5158 δὲ
680 5105 804 5168 τοὺς
828 5102 1045 5163 οἰκέτας
1075 5098 1231 5169 ἐπῄει
1266 5096 1365 5160 τάς
1397 5095 1658 5163 σύνεγγυς
1696 5093 1866 5145 ἐπαύ-

1969 5104 2182 5161 pactqu
2241 5095 2473 5163 pretium
2534 5094 2843 5163 exigebant,
2914 5095 3080 5162 virgis
3136 5107 3304 5148 cases
3355 5090 3532 5145 securi

299 5199 449 5264 λεις,
503 5197 600 5250 καὶ
663 5196 791 5259 τοὺς
851 5195 947 5265 μὲν
1012 5189 1307 5262 προθύμως
1366 5184 1868 5254 συναφισταμένους

1973 5195 2287 5255 percussu:
2338 5196 2527 5255 postea
2565 5200 2694 5238 vero
2747 5201 2867 5239 cum
2900 5198 2995 5237 sua
3046 5183 3131 5237 illa
3182 5183 3401 5245 servitia
3443 5196 3535 5232 ar-

301 5287 632 5353 καθὼπλιζε,
665 5288 791 5351 τοὺς
839 5285 882 5341 δ’
932 5281 1395 5354 ἀντιπράττοντας
1442 5274 1655 5347 ἀνῄρει.
1714 5275 1862 5345 Ταχὺ

1970 5284 2192 5343 masset,
2243 5276 2449 5331 vicinas
2494 5275 2651 5330 villas
2682 5289 2975 5344 peragrare
3002 5273 3220 5344 placuit,
3260 5272 3311 5326 iu
3339 5270 3533 5340 quibus

1563 5409 1800 5465 VARIIE
1848 5409 2256 5469 LECTIONES.

374 5539 419 5572 "
467 5535 832 5609 Ἰουγούρθαν]
859 5532 1082 5609 ίουρχάν
1108 5531 1172 5609 ,Δ3
1241 5528 1296 5609 ξθ
1324 5524 1422 5609 τὴν
1451 5523 1697 5609 add...A..
1740 5523 1785 5609 ξ’
1816 5522 2085 5609 ergout-Evn;
2109 5526 2171 5582 Β.
2247 5526 2294 5562 ’⁸
2322 5543 2399 5582 κα
2449 5534 2517 5584 οι
2574 5526 2622 5609 θ’
2651 5522 2748 5579 τοῦ
2776 5522 2904 5581 add:
2930 5522 2999 5579 A.
3099 5520 3148 5557 ³⁸
3173 5518 3415 5575 ἀνέσεισε
3446 5514 3530 5570 A:

307 5590 692 5679 ἀνέστησεξ.’
752 5590 892 5657 ³⁸³τὰ
939 5590 1071 5657 ἀλλα
1114 5600 1183 5653 τά
1212 5595 1327 5651 εὗσ.
1370 5590 1436 5651 Ἀ.
1545 5594 1589 5626 ³’
1638 5592 1799 5648 αὐτὸν
1856 5590 1934 5647 Β(
2041 5590 2077 5596 ’ἡ
2320 5658 2327 5659 γ
2587 5608 2602 5613 “
