4012 6236
397 213 535 280 1415

1561 216 1825 279 ΡΗΟΤΙΙ
1873 215 2376 279 ΡΑΤΗΙΛΒΕΙΙίΕ
2417 216 2522 278 CP.

3521 216 3664 285 1416

392 344 488 387 eos
515 326 608 399 qui
637 342 698 383 se
727 336 976 399 prompto
1002 335 1058 384 et
1080 326 1244 383 alacri
1289 329 1471 384 animo
1496 330 1674 386 socios
1705 330 1964 386 defectio-

2087 331 2124 382 ῐέ
2157 329 2480 398 συναγαγὼν
2518 329 2860 400 στρατιώτας
2912 331 3132 398 πλείους
3147 333 3258 388 τῶν
3281 333 3660 399 ἑπτακοσίων,

392 423 480 477 nis
527 420 911 492 adiungebant,
959 419 1206 474 armabat
1255 436 1270 473 :
1303 431 1570 490 quotquot
1604 432 1783 476 autent
1812 439 1970 493 repu-

393 514 652 585 gnabant,
690 528 782 568 eos
823 512 1202 567 interliciebat.
1251 511 1386 565 Cum
1446 513 1610 581 igitur
1647 513 1829 582 plures
1880 528 1969 569 se-

392 606 692 676 ptingentis
752 605 951 660 milites
1005 604 1290 672 coegisset,
1339 620 1539 674 eosque
1588 607 1639 660 in
1696 608 1970 662 centurias

392 699 785 761 distribuissct,
817 713 883 751 ac
927 697 1101 751 locum
1134 697 1187 751 in
1221 714 1329 768 quo
1353 706 1475 753 erat
1502 699 1644 751 vallo
1675 699 1969 768 circumje-

391 799 481 843 cto
533 789 844 853 clausisset,
891 788 954 841 ad
995 804 1056 843 se
1102 803 1197 844 eos
1233 790 1324 859 qui
1365 790 1708 852 deﬁciebant,
1739 791 1972 859 reeipie-

393 882 506 937 bat.
549 879 663 947 Qua
711 880 1013 936 defectione
1057 882 1282 935 Romam
1332 883 1597 946 nuntiata,
1640 895 1862 937 senatus
1904 882 1972 938 de

392 989 456 1029 ea
497 973 784 1028 consilium
816 978 1051 1042 prudens
1088 976 1226 1039 iniit,
1264 973 1584 1043 felicemque
1616 974 1736 1042 ejus
1763 975 1970 1028 exitum

394 1066 603 1121 habuit.
633 1065 908 1134 Siquidem
941 1083 1004 1120 ex
1041 1067 1107 1121 iis
1133 1067 1224 1136 qui
1259 1068 1311 1119 in
1354 1065 1500 1122 Urbe
1555 1079 1710 1121 erant
1749 1067 1973 1135 impera-

395 1158 606 1212 toribus
648 1158 736 1212 uni
771 1158 834 1212 L.
881 1157 1104 1213 Lucullo
1149 1159 1571 1229 subigendorum
1617 1159 1970 1229 fugitivorum

395 1251 668 1320 negotium
705 1250 874 1303 dedit.
911 1249 1008 1303 llic
1047 1260 1228 1304 autem
1260 1265 1326 1304 eo
1353 1252 1470 1320 ipso
1499 1251 1587 1306 die
1616 1267 1737 1305 cum
1786 1250 1973 1304 Roma:

395 1354 679 1396 sexcentos
743 1342 938 1396 milites
998 1341 1166 1397 lectos
1221 1343 1673 1412 conscripsisset,
1733 1343 1970 1414 Capuam

399 1435 692 1497 contendit,
731 1434 966 1503 peditum
1005 1436 1168 1489 millia
1192 1445 1443 1504 quatuor,
1463 1437 1674 1504 equites
1715 1436 1976 1504 quadrin-

408 1536 601 1592 gentos
629 1526 971 1580 collecturus.
1033 1525 1292 1580 Minutius
1321 1516 1423 1580 tibi
1462 1525 1738 1580 Lucullum
1785 1527 1971 1580 conci-

414 1622 514 1672 tato
540 1626 700 1672 curSu
749 1617 1042 1671 adventare
1079 1617 1369 1681 intellexit,
1404 1617 1597 1672 collem
1635 1628 1826 1671 natura
1871 1617 1971 1671 loci

2071 421 2164 475 καὶ
2192 421 2416 484 τούτους
2462 423 2556 484 είς,
2598 423 3030 494 ἑκατονταρχίας
3084 425 3408 492 καταλέξας,
3465 427 3663 481 ἐνεϐά-

2069 511 2191 566 λετο
2251 512 2297 543 ³³
2346 513 2563 584 χάρακα
2604 513 2700 567 καὶ
2735 515 2861 578 τοὺς
2897 517 3306 586 ἀφισταμένους
3336 517 3658 587 ὑπεδέχετο.

2069 605 2182 674 Τῆς
2237 605 2283 658 δ’
2326 606 2684 670 ἀποστάσεως
2741 608 2821 670 είς
2857 606 3076 678 Ῥώμην
3123 610 3588 681 ἀπαγγελθείσης,
3625 612 3663 682 ἡ

2073 697 2375 766 σύγκλητος
2431 698 2719 769 ἐμφρόνως
2766 700 2896 769 περὶ
2940 701 3113 769 αὐτῆς
3161 701 3521 755 ἐϐουλεύσατο
3563 701 3664 755 καὶ

2070 789 2421 862 κατώρθωσε.
2465 789 2586 845 Τῶν
2605 791 2712 862 γὰρ
2740 791 2878 845 κατά
2899 791 3057 845 πόλιν
3087 794 3413 864 στρατηγῶν
3435 795 3664 849 ἀπέδει-

2071 880 2158 946 ξεν
2182 882 2278 935 ἐνα
2317 882 2452 950 πρὸς
2491 883 2588 953 τὴν
2617 882 2726 936 τῶν
2779 883 3066 955 δραπετῶν
3101 883 3386 954 σύλληψιν,
3421 885 3665 939 Λεύκιον

2071 974 2426 1028 Λούκουλλον.
2487 966 2653 1037 Οὗτος
2707 975 2763 1026 δὲ
2828 975 3144 1045 αὐθημερὸν
3185 977 3252 1030 ἐκ
3293 975 3395 1046 τῆς
3437 977 3664 1048 Ῥώμης

2071 1065 2324 1130 ἐπιλέξας
2385 1067 2722 1136 στρατιώτας
2771 1067 3113 1133 ἑξακοσίους,
3169 1069 3249 1131 εἰς
3287 1067 3390 1137 τὴν
3422 1068 3665 1138 Καπύην

2071 1156 2200 1231 ἦλθε
2251 1160 2613 1230 συναθροίσας
2644 1160 2844 1224 πεζοὺς
2893 1160 2992 1231 μὲν
3037 1161 3534 1232 τετρακισχιλίους,
3567 1164 3665 1214 ίπ-

2072 1253 2195 1312 πεῖς
2225 1249 2281 1302 δὲ
2321 1248 2729 1320 τετρακοσίους.
2769 1249 2828 1302 ’0
2883 1249 2942 1302 δὲ
3001 1249 3257 1313 Οὐέττιος
3325 1250 3422 1320 τὴν
3481 1250 3662 1321 ὁρμὴν

2074 1341 2203 1413 [652
2227 1339 2320 1413 ιι]
2343 1341 2435 1394 τοῦ
2463 1339 2799 1393 Λουκούλλου
2835 1339 3140 1409 πυθόμενος
3186 1340 3517 1393 κατελάϐετο
3572 1340 3663 1393 λό-

2075 1451 2174 1503 φον
2229 1434 2519 1504 καρτερὸν,
2553 1433 2691 1503 ἔχων
2721 1433 2849 1495 τοὺς
2894 1433 3102 1496 πάντας
3134 1432 3297 1486 πλέον
3333 1434 3440 1485 τῶν
3467 1439 3536 1500 γ’,
3563 1434 3664 1487 καὶ

2077 1516 2153 1585 φ’.
2190 1515 2354 1587 [H75
2379 1515 2470 1588 IL]
2503 1517 2610 1570 Καὶ
2639 1515 2699 1569 τὸ
2728 1516 2825 1586 μὲν
2875 1518 3091 1585 πρῶτον
3137 1517 3408 1588 συμϐολῆς
3443 1518 3489 1550 ³⁵
3511 1535 3668 1587 γενο-

2085 1607 2250 1676 μένης
2274 1606 2708 1676 ἐπλεονέκτησαν
2761 1608 2809 1659 οἱ
2866 1605 3152 1677 δραπέται,
3181 1606 3246 1658 ὲκ
3269 1606 3450 1658 τόπων
3486 1607 3665 1675 ὑπερ-

413 1709 667 1764 Inuiitum
705 1711 993 1779 occupavit
1021 1726 1142 1765 cum
1185 1710 1456 1764 universis
1494 1710 1607 1763 suis
1636 1711 1828 1778 copiis,
1858 1725 1976 1779 qua:

2087 1699 2268 1764 δεξίων
2305 1699 2635 1769 μαχόμενοιο
2673 1697 2812 1769 μετὰ
2827 1697 2884 1751 δέ
2912 1698 3084 1751 ταῦτα
3109 1698 3201 1751 τὸν
3231 1698 3329 1768 μὲν
3359 1697 3668 1769 στρατηγὸν

412 1795 519 1848 tria
542 1799 818 1853 boininum
852 1799 1018 1852 millia
1046 1809 1101 1853 et
1153 1799 1479 1868 quingentos
1525 1797 1851 1860 efﬁciebant,
1889 1807 1976 1850 at-

411 1899 518 1952 que
540 1891 782 1958 amplius.
833 1888 896 1940 Et
948 1891 1125 1959 primo
1156 1890 1372 1958 quidem
1434 1888 1689 1942 conflictu
1737 1889 1890 1942 stetit
1948 1903 1976 1941 a

410 1975 643 2045 fugitivis
675 1981 895 2034 victoria
917 1981 1219 2050 quippcqni
1243 1997 1271 2034 e
1291 1981 1568 2049 superiore
1588 1981 1709 2034 loco
1737 1980 1979 2048 praelium

411 2068 636 2134 inirent;
665 2086 845 2142 postea
864 2091 984 2129 cum
1007 2074 1345 2143 Apollonium
1366 2074 1750 2142 imperatorem
1775 2073 1984 2128 exerci-

412 2169 502 2214 tus
521 2161 678 2215 Vettii
695 2165 854 2236 [Minu
866 2163 946 2236 tii]
961 2163 1216 2219 Lucullus
1230 2165 1362 2234 largi
1374 2165 1608 2221 tionibus
1622 2166 1977 2233 corrupisset,

412 2251 684 2321 ﬁdemque
723 2257 984 2321 publicam
1020 2257 1260 2312 dedisset
1291 2274 1506 2327 pinnam
1558 2258 1634 2311 illi
1687 2258 1977 2312 remissum

409 2340 501 2406 iri,
548 2358 670 2397 eum
719 2350 780 2398 ait
829 2349 1136 2418 prodendos
1181 2350 1358 2404 socios
1401 2351 1634 2420 impulit.
1677 2350 1858 2415 Quare
1887 2349 1978 2404 illo

409 2432 669 2491 Romanis
711 2453 920 2505 operam
972 2457 1124 2497 suam
1187 2452 1437 2507 navantc,
1495 2455 1659 2512 atque
1706 2444 1843 2496 adeo
1877 2442 1977 2511 ipsi

413 2522 596 2580 Vettio
642 2526 902 2603 [Minutie]
942 2549 1136 2587 manus
1184 2533 1471 2598 inferente,
1520 2533 1606 2587 hic
1652 2532 1977 2602 supplicium

381 2634 383 2637 '
415 2616 518 2671 sibi
555 2629 715 2684 capto
736 2618 1048 2688 impendens
1081 2625 1307 2689 vetitus,
1329 2634 1556 2678 mortem
1575 2623 1674 2678 sibi
1695 2622 1976 2678 conscivit.

414 2706 586 2764 Simul
644 2724 771 2763 vero
835 2711 1148 2769 defectionis
1217 2716 1507 2785 participes
1567 2716 1692 2770 (επεί
1739 2714 1982 2779 fuerunt,

2078 1793 2172 1847 τοῦ
2207 1792 2463 1846 Οὐεττίου
2494 1789 2851 1845 Ἀπολλώνιον
2899 1790 3220 1862 διαφθείρας
3247 1793 3274 1844 ὁ
3302 1791 3664 1855 Λούκουλλος,

2081 1887 2174 1939 καὶ
2195 1889 2258 1957 τῇ
2283 1885 2519 1956 δημοσίᾳ
2547 1884 2729 1937 πίστει
2771 1882 2870 1954 τὴν
2907 1884 3103 1952 ἄφεσιν
3149 1882 3250 1953 τῆς
3277 1883 3543 1954 τιμωρίας
3576 1885 3669 1950 βε-

2084 1975 2346 2042 ϐαιώσας,
2413 1975 2634 2028 ἔπεισεν
2695 1975 2859 2028 αὐτὸν
2927 1974 3195 2046 προδότην
3248 1976 3516 2043 γενέσθαι⁴
3555 1973 3669 2026 τῶν

2089 2067 2534 2123 συναποστατῶν.
2588 2067 2680 2120 Διὸ
2726 2066 2823 2120 xui.
2873 2067 3067 2119 τούτου
3125 2066 3517 2136 συνεργοῦντος
3553 2068 3670 2129 τοῖς

2097 2162 2391 2231 Ῥωμαίοις
2413 2161 2508 2212 καὶ
2531 2160 2631 2221 τὰς
2655 2161 2841 2229 χεῖρας
2867 2157 3272 2229 προσφέροντος
3305 2155 3381 2226 τῷ
3406 2155 3668 2226 υύεττίῳ,

2087 2255 2349 2326 φοϐηθεὶς
2377 2255 2477 2322 τὴν
2512 2254 2577 2304 ἐκ
2597 2251 2697 2321 τῆς
2737 2250 2996 2312 ἁλώσεως
3027 2251 3306 2320 τιμωρίαν
3338 2248 3532 2302 ἑαυτὸν
3564 2249 3672 2301 ἀπ-

2087 2346 2344 2415 έσφαξεν,
2375 2344 2577 2397 αὐτίκα
2614 2341 3075 2396 συναπολωλὸτων
3129 2344 3228 2395 καὶ
3276 2340 3386 2394 τῶν
3411 2341 3512 2410 τῆς
3537 2342 3673 2394 ἀποο

2088 2439 2330 2500 στάσεως
2354 2435 2850 2504 κεκοινωνηκότων,
2884 2433 3024 2505 πλὴν
3043 2433 3135 2487 τοῦ
3167 2432 3451 2503 προδόντος
3471 2431 3670 2484 Ἀπολ-

2085 2527 2302 2581 λωνίου.
2324 2527 2432 2579 Καὶ
2469 2523 2644 2578 ταῦτα
2665 2523 2765 2594 μὲν
2785 2523 2891 2594 πρὸ
2908 2524 3005 2593 τῆς
3027 2523 3170 2576 κατά
3188 2521 3460 2584 Σικελίαν,
3481 2520 3672 2589 ὥσπερ

2087 2619 2560 2693 προοιμιαζόμενα
2620 2615 2796 2688 ταύτῃ
2817 2615 2897 2681 ³⁸,
2963 2615 3230 2684 μεγίστης
3268 2613 3666 2676 ἀποστάσεως’

2092 2715 2216 2785 ἥτις
2246 2712 2420 2784 ἀρχὴν
2449 2709 2612 2764 ἔλαϐε
2638 2707 2919 2778 τοιαύτην.

410 2811 608 2869 ιιι-ιειυι·
647 2815 766 2854 eum
803 2802 890 2868 qui
914 2803 1028 2860 illos
1059 2807 1369 2876 prodiderat
1394 2807 1757 2876 Apollonium.
1803 2805 1868 2860 Et
1895 2806 2008 2860 haec
2036 2806 2251 2875 quidem
2282 2812 2689 2858 auteverternnt
2715 2802 3006 2855 maximam
3035 2799 3123 2868 qui
3151 2800 3204 2852 itt
3230 2798 3414 2852 Sicilia
3439 2794 3666 2867 contigit

411 2891 766 2948 defectionem
799 2893 991 2963 3870
1016 2899 1170 2966 quasi
1206 2914 1325 2967 qua:
1356 2899 1474 2967 ejus
1503 2898 1771 2966 quoddam
1803 2897 2118 2967 praaludium
2147 2906 2348 2951 essent.
2383 2894 2457 2947 Ea
2482 2904 2662 2948 autem
2687 2893 2814 2947 hinc
2840 2901 2961 2945 orta
2986 2899 3088 2942 est.

481 2985 537 3038 ln
576 2987 724 3041 Marii
775 2988 1032 3046 adversus
1077 2991 1323 3046 Cimbros
1379 2991 1726 3061 expeditione
1768 3001 1984 3046 senatus

2161 2987 2319 3040 Κατὰ
2348 2986 2447 3056 τὴν
2471 2986 2568 3038 ἐπὶ
2587 2986 2716 3047 τοὺς
2752 2981 3038 3052 Κίμϐρους
3097 2978 3189 3032 τοῦ
3240 2979 3451 3050 Μαρίου
3505 2995 3673 3048 στρα-

414 3076 612 3130 auxilia
644 3093 708 3130 ex
759 3081 1137 3136 transmarinis
1185 3083 1496 3136 nationibus
1538 3082 1848 3137 accersendi
1888 3097 1985 3148 po-

417 3171 666 3219 testatem
690 3167 862 3220 Mario
886 3171 1125 3224 dederat.
1143 3171 1342 3226 Marius
1371 3173 1537 3242 igitur
1551 3173 1618 3226 ad
1640 3171 1987 3227 Nicomedem

414 3253 680 3326 Bithyniae
713 3271 887 3326 regem
915 3259 984 3315 de
1012 3262 1292 3317 mittendis
1325 3265 1392 3316 ad
1425 3281 1485 3318 se
1513 3263 1873 3318 auxiliaribus
1900 3276 1992 3316 co-

417 3347 523 3417 piis
566 3348 776 3403 scribit.
825 3349 873 3402 ls
904 3364 1220 3418 responsum
1250 3355 1358 3421 dat,
1399 3356 1590 3410 bOnam
1632 3355 1988 3426 Bithynorum

416 3452 628 3512 partem
679 3459 708 3495 a
760 3443 1101 3514 vectigalium
1162 3451 1500 3518 publicorum
1552 3449 1991 3518 redemptoribus

419 3536 684 3602 direptam
720 3536 927 3588 servire
967 3535 1284 3594 servitutem
1335 3557 1432 3611 per
1484 3541 1817 3611 provincias.
1856 3539 1990 3595 Cum

417 3638 602 3682 autem
621 3636 840 3682 senatus
863 3628 1170 3682 consultum
1187 3645 1344 3694 esset,
1363 3649 1430 3687 ne
1454 3634 1578 3702 quis
1600 3649 1663 3686 ex
1680 3633 1863 3703 populi
1883 3632 1994 3685 Bo-

421 3720 565 3772 mani
598 3720 783 3784 sociis,
801 3722 892 3789 qui
919 3720 1136 3789 quidem
1159 3721 1294 3774 liber
1320 3734 1480 3788 esset,
1501 3724 1555 3777 in
1580 3725 1862 3794 provincia
1885 3723 1992 3776 ulla

417 3812 669 3874 serviret,
698 3820 754 3866 et
786 3819 846 3865 ut
875 3813 1237 3881 imperatores
1264 3827 1449 3866 curam
1480 3828 1665 3868 eorum
1702 3813 1994 3867 manumit-

423 3903 708 3956 tendoruin
762 3916 1035 3973 gererent,
1078 3905 1276 3958 accidit
1320 3914 1378 3957 ttt
1417 3906 1711 3973 imperator
1752 3906 1994 3960 Licinius

420 3993 618 4058 Nerva,
651 3995 744 4064 qui
773 4006 883 4048 tum
904 3997 1046 4049 forte
1071 3997 1122 4049 in
1156 3996 1340 4050 Sicilia
1365 4007 1504 4064 erat,
1531 4001 1802 4053 decretum
1834 4016 1994 4054 sena-

420 4097 510 4142 tus
535 4087 854 4150 observans,
903 4087 1103 4141 mttltos
1130 4103 1196 4141 ex
1235 4089 1405 4142 servis
1430 4090 1647 4158 judiciis
1688 4093 1996 4146 constitutis

420 4174 852 4240 manuntitteret,
898 4179 1034 4229 adeo
1094 4186 1152 4229 ut
1203 4178 1339 4230 intra
1391 4192 1594 4247 paucos
1639 4180 1756 4234 dies
1817 4181 1996 4248 plures

419 4266 746 4336 octingentis
769 4265 822 4319 in
847 4267 1150 4320 libertatem
1181 4280 1574 4322 assererentur.
1594 4268 1824 4338 Jamque
1843 4281 1996 4324 erant

2085 3082 2235 3135 τείαν
2260 3081 2460 3134 ἐδωκεν
2490 3082 2522 3149 ή
2549 3077 2849 3147 σύγκλητος
2875 3073 3122 3139 ἐξουσίαν
3147 3073 3224 3142 τῷ
3244 3074 3437 3144 Μαρίῳ
3467 3075 3531 3125 ἐκ
3563 3072 3674 3124 τῶν

2090 3175 2265 3247 πέραν
2283 3173 2553 3242 θαλάττης
2577 3171 2620 3203 ³⁸
2635 3169 2804 3224 ἐθνῶν
2839 3165 3298 3238 μεταπέμπεσθαι
3324 3165 3666 3236 συμμαχίαν,

2086 3267 2114 3319 ὁ
2145 3266 2242 3335 μὲν
2264 3264 2358 3317 οὖν
2381 3264 2424 3295 ³⁷
2451 3263 2662 3333 Μάριος
2679 3259 2952 3330 ἐξέπεμψε
2983 3258 3116 3329 πρὸς
3142 3257 3455 3329 Νικομήδην
3466 3258 3554 3310 τὸν
3570 3261 3671 3326 τῆς

2091 3356 2346 3417 Βιθυνίας
2369 3353 2624 3423 σβασιλέα
2693 3349 2821 3420 περὶ
2873 3348 3143 3418 βοηθείας·
3190 3349 3219 3400 ὁ
3271 3347 3326 3399 δὲ
3380 3347 3673 3416 ἀπόκρισιν

2090 3449 2259 3501 ἔδωκε
2279 3446 2408 3509 τοὺς
2436 3446 2656 3508 πλείους
2687 3443 2800 3496 τῶν
2822 3439 3063 3494 Βιθυνῶν
3117 3439 3222 3491 ὑπὸ
3264 3438 3375 3491 τῶν
3400 3437 3674 3508 δημοσιω-

2090 3540 2197 3594 νῶν
2214 3537 2675 3607 ³⁸Ῑδιαρπαγέντας
2697 3535 2966 3587 δουλεύειν
2995 3533 3053 3585 ἐν
3091 3533 3211 3593 ταῖς
3229 3531 3539 3600 ἐπαρχίαις,
3567 3530 3672 3599 τῆς

2090 3631 2148 3684 δὲ
2173 3629 2478 3699 συγκλήτου
2510 3625 2900 3696 ψηφισαμένης
2949 3625 3096 3685 ὅπως
3149 3621 3338 3691 μηδεὶς
3390 3620 3674 3690 σύμμαχος

2093 3720 2378 3789 ἐλεύθερος
2436 3721 2495 3772 ἐν
2529 3718 2768 3793 ἐπαρχίᾳ
2800 3717 3025 3788 δουλεύῃ
3066 3718 3111 3749 ³³
3165 3717 3260 3770 καὶ
3309 3717 3407 3788 τῆς
3466 3716 3676 3770 τούτων

2094 3811 2507 3881 ἐλευθερώσεως
2540 3812 2589 3862 οἱ
2626 3811 2925 3878 στρατηγοὶ
2976 3809 3231 3880 πρόνοιαν
3262 3809 3674 3873 ποιῶνται,τότε

2095 3904 2236 3958 κατὰ
2275 3904 2373 3974 τὴν
2395 3902 2643 3956 Σικελίαν
2679 3899 2755 3953 ὢν
2796 3901 3104 3971 στρατηγὸς
3143 3901 3387 3964 Λικίνιος
3423 3901 3675 3972 Νερούας

2096 3995 2407 4056 ἀκολούθως
2428 3992 2506 4063 τῷ
2535 3993 2765 4063 δόγματι
2795 3995 3023 4062 συχνοὺς
3068 3992 3176 4046 τῶν
3209 3993 3411 4047 δούλων
3446 3991 3676 4062 ἠλευθέ-

2101 4105 2262 4159 ρωσε,
2289 4085 2494 4156 κρίσεις
2513 4083 2757 4155 προθεὶς,
2778 4085 2854 4147 ὼς
2875 4087 2933 4138 ἐν
2959 4084 3164 4153 ὀλίγαις
3189 4086 3426 4156 ἡμέραις
3451 4084 3675 4148 πλείους
3747 4148 3749 4150 η

2097 4182 2206 4232 τῶν
2231 4178 2566 4232 ὀκτακοσίων
2600 4180 2782 4246 τυχεῖν
2837 4178 2937 4246 τῆς
2982 4177 3314 4248 ἐλευθερίας.
3379 4179 3487 4230 Καὶ
3532 4171 3676 4247 ἦσαν

2102 4271 2303 4334 πάντες
2350 4271 2399 4323 oi
2459 4269 2600 4323 κατά
2653 4269 2753 4338 τὴν
2803 4269 2964 4338 νῆσον
3007 4268 3346 4332 δουλεύοντες
3413 4269 3677 4338 μετέωροι

419 4358 589 4413 animi
618 4358 859 4411 omnium
894 4357 1038 4412 illius
1061 4359 1253 4413 insulae
1275 4376 1552 4415 servorum
1577 4363 1631 4417 in
1660 4380 1809 4434 spent
1834 4365 1984 4420 iiber-

2102 4364 2237 4434 πρὸς
2261 4365 2359 4433 τὴν
2391 4362 2726 4433 ἐλευθερίαν.
2760 4363 2821 4414 Oi
2876 4361 2920 4413 δ’
2953 4361 3011 4412 ἐν
3053 4360 3330 4430 ἀξιώμασι
3372 4362 3420 4393 ⁸⁰
3450 4361 3674 4431 συνδρα-

420 4449 550 4504 tatis
584 4448 781 4512 erecti,
812 4465 935 4502 cum
971 4465 1165 4517 graves
1198 4452 1520 4506 auctoritate
1556 4455 1657 4508 viri
1695 4455 1866 4524 ipsum
1897 4458 2002 4510 int-

418 4545 730 4607 peratoretn
762 4536 1118 4603 convmtiunt,
1159 4553 1393 4608 eumque
1420 4555 1527 4594 uno
1573 4558 1762 4598 omnes
1788 4559 1904 4610 ore,
1941 4555 2003 4599 ut

419 4634 486 4684 ab
512 4631 723 4698 incepto
771 4630 1019 4694 desistat,
1056 4641 1271 4700 regant.
1307 4633 1485 4703 Atque
1538 4637 1626 4690 hic
1673 4639 1786 4693 sive
1838 4655 2003 4709 pecu—

419 4720 529 4777 niis
557 4731 916 4791 expugnatus,
951 4722 1063 4774 sive
1091 4724 1321 4791 gratiam
1357 4737 1679 4795 uttcnpatus,
1726 4730 1990 4800 juditiutn

419 4815 525 4869 hac
552 4815 619 4868 de
654 4828 711 4866 re
747 4811 1058 4865 accuratius
1102 4827 1357 4868 exercere
1397 4817 1556 4870 desiit
1584 4835 1598 4873 :
1629 4829 1683 4873 et
1711 4822 1776 4874 ad
1808 4837 1866 4876 se
1895 4839 1990 4878 ve-

419 4908 696 4960 nientibus
725 4914 787 4958 ut
816 4903 1070 4957 libertate
1096 4902 1454 4973 donarentur,
1485 4920 1542 4962 ut
1567 4910 1633 4962 ad
1664 4927 1818 4966 suum
1846 4915 1998 4981 quis-

419 5011 526 5065 que
553 4994 827 5048 dominum
879 5003 1302 5058 reverterentur,
1340 4997 1606 5065 imperare
1633 5002 1815 5069 C(Bpil.
1863 5003 1998 5058 Tum

419 5102 547 5142 vero
575 5085 719 5138 servi
775 5083 1010 5139 coitione
1067 5084 1204 5138 facta
1253 5083 1552 5156 Syracusas
1582 5089 1905 5160 relinquere,
1949 5105 2004 5148 et

420 5182 486 5233 ad
527 5177 829 5233 Palicorum
881 5175 1162 5230 delubrum
1194 5177 1505 5244 confugere,
1543 5181 1728 5248 ibique
1772 5185 1913 5239 inter
1945 5201 2004 5240 se

419 5270 485 5324 de
514 5266 819 5323 defectione
848 5279 1126 5320 sermones
1171 5265 1442 5322 conferre.
1490 5268 1655 5324 Fama
1687 5283 1864 5327 autem
1899 5273 2003 5326 bu-

2104 4456 2296 4525 μόντες
2327 4454 2672 4525 παρεκάλουν
2695 4453 2785 4505 τὸν
2805 4452 3110 4522 στρατηγὸν
3138 4453 3440 4522 ἀποστῆναι
3473 4451 3679 4518 ταύτης

2098 4548 2198 4617 τῆς
2222 4547 2503 4614 ἐπιϐολῆς.
2544 4548 2603 4600 '0
2641 4547 2814 4600 δἐίτε
2852 4547 3096 4617 χρήμασι
3136 4544 3383 4606 πεισθεὶς
3439 4545 3546 4596 εἴτε
3578 4543 3678 4613 χά-

2102 4656 2214 4710 ρισι
2243 4638 2538 4700 δουλεύσας
2564 4640 2662 4707 τῆς
2685 4638 2783 4709 μὲν
2815 4639 2923 4690 τῶν
2947 4637 3249 4707 κριτηρίων
3273 4636 3482 4689 τούτων
3511 4652 3672 4687 σπου.

2100 4731 2195 4801 δῆς
2215 4732 2449 4798 ἀπέστη,
2472 4731 2565 4784 καὶ
2589 4732 2716 4793 τοὺς
2745 4729 3072 4801 προσιόντας
3093 4730 3186 4782 ἐπὶ
3202 4729 3279 4800 τῷ
3303 4731 3342 4760 ⁶¹
3372 4731 3555 4798 τυχεῖν
3580 4729 3679 4798 τῆς

2099 4821 2406 4889 ἐλευθερίας
2439 4820 2784 4892 ἐπιπλήττων
2805 4822 2884 4883 είς
2905 4821 3031 4882 τοὺς
3068 4820 3230 4882 ἰδίους
3259 4818 3480 4890 κυρίους
3507 4835 3682 4889 προσ-

2100 4913 2318 4966 έταττεν
2369 4913 2820 4984 ἐπαναστρέφειν.
2855 4913 2917 4966 Οί
2957 4912 3015 4965 δὲ
3050 4911 3226 4966 δοῦλοι
3253 4912 3679 4982 συστραφέντες,

2100 5005 2196 5058 καὶ
2233 5005 2341 5058 τῶν
2387 5006 2752 5076 Συρακουσῶν
2814 5006 3242 5074 ἀπαλλαγέντες,
3296 5006 3389 5057 καὶ
3434 5022 3680 5073 καταφυ-

2103 5098 2290 5164 γόντες
2321 5098 2400 5160 εἰς
2425 5098 2484 5149 τὺ
2517 5097 2625 5149 τῶν
2664 5098 2915 5152 Παλίκων
2939 5099 3184 5167 τέμενος,
3219 5096 3497 5150 διελάλουν
3544 5096 3683 5164 πρὸς

2105 5185 2368 5254 ἀλλήλους
2395 5185 2535 5254 ὑπὲρ
2561 5186 2935 5246 ἀποστάσεως.
2976 5185 3217 5238 Ἐκεῖθεν
3241 5187 3300 5239 ἐν
3336 5185 3549 5247 πολλοῖς
3589 5187 3680 5236 τό·

2113 5293 2236 5338 ποις
2267 5276 2366 5345 τῆς
2395 5277 2506 5330 τῶν
2529 5277 2755 5331 οἰκετῶν
2793 5278 2994 5349 τόλμης
3031 5276 3259 5348 ἐκδήλου
3309 5277 3606 5346 γινομένης
3634 5275 3682 5307 ⁵⁸

1699 5405 1936 5462 νΑιιιιΕ
1967 5407 2373 5464 LECTIONES.

523 5493 568 5526 ³³
610 5492 892 5568 ἐνεϐάλετο
1059 5492 1376 5568 ἐνεϐάλλετο
1406 5515 1466 5562 ς.
1499 5499 1740 5568 Scaliger
1767 5500 2041 5554 ἐϐάλλετο.

422 5565 522 5616 ταύ

527 5579 622 5636 την
651 5581 710 5626 ς.
791 5563 837 5596 ³⁸
860 5561 1127 5636 θαλάττης
1157 5563 1434 5636 Scaliger:
1471 5570 1591 5623 libri
1629 5561 1927 5625 θαλαττῶν.

2032 5573 2074 5604 ³⁷
2107 5575 2134 5625 ὁ
2167 5571 2265 5641 μὲν
2295 5571 2386 5644 οὖν
2421 5573 2490 5644 Β,
2521 5575 2550 5644 δ
2585 5575 2683 5644 μὲν
2710 5575 2748 5626 Λ
2779 5594 2793 5630 :
2819 5575 2940 5628 ὅθεν
2968 5571 3054 5640 ξ.-

2156 5501 2534 5576 ³⁵Δσυμῌϐούλῆς
2566 5520 2634 5576 ς.
2728 5504 2774 5576 2³
2826 5504 2997 5576 ταύτῃ
3028 5520 3136 5574 mg.
3159 5574 3171 5576 _
3191 5503 3347 5576 ταυτὶ
3379 5516 3518 5576 θοι-εξ
3565 5505 3600 5555 Α
3660 5521 3679 5560 :

3131 5574 3175 5606 ³⁸
3203 5573 3554 5642 δημοσιωνῶν
3577 5576 3624 5630 Δ
3662 5589 3679 5631 :

423 5632 698 5706 δημοσίων
726 5650 790 5703 ς.
838 5632 1172 5710 ἦξδουλεύοι
1193 5635 1258 5692 Α.
1307 5632 1468 5722 ’δογὲν
1495 5638 1768 5711 ἀξιώμασι
1797 5642 1841 5696 A
1870 5659 1884 5704 ;
1914 5632 2184 5714 ἀξιώματὶ
2216 5659 2275 5707 ς.
2346 5643 2391 5676 ⁸⁸
2423 5632 2502 5714 τῷ
2533 5632 2608 5700 ΒΞ
2633 5644 2695 5700 τὸ
2723 5662 2784 5709 ς.
2869 5648 2915 5678 ⁸³
2939 5632 3236 5717 γενομένης

828 5755 835 5762 ι
845 5749 971 5767 Λαίδα-ο.
1013 5737 1198 5770 «ad
