4012 6236
347 243 484 306 1417

1449 247 1974 309 BIBLIOTHECA.
2012 275 2078 287 -
2111 249 2273 311 COD.
2307 197 2598 312 CCXLIV.

3449 253 3587 318 1118

339 359 550 429 πρῶτοι
607 359 707 430 τῆς
769 359 1084 434 ἐλευθερίας
1149 360 1573 432 ἀντεποιήσαντο
1616 359 1761 414 κατά
1810 359 1908 430 τὴν

2012 361 2163 431 jusee
2197 370 2305 416 tam
2337 361 2561 417 audacis
2595 373 2880 418 servorum
2916 363 3172 420 facinoris
3204 375 3303 432 per
3326 362 3586 434 Ancylio-

351 449 654 518 Ἀγκυλίων
709 450 895 522 χώραν
951 452 1199 522 ἀδελφῶν
1249 454 1394 506 δυεῖν
1458 450 1911 522 μεγαλοπλούτων

337 539 547 593 οἰκέται
568 541 886 610 τριάκοντα,
906 533 980 595 ὧν
1003 543 1192 612 ἡγεῖτο
1219 542 1433 612 Ὀάριος
1469 540 1663 609 ὄνομα·
1686 537 1736 591 οἳ
1761 537 1914 607 πρῶ-

334 645 426 681 τον
453 628 552 698 μὲν
605 629 800 694 νυκτὸς
834 631 1215 702 κοιμωμένους
1261 631 1387 693 τοὺς
1438 627 1600 692 ἰδίους
1647 628 1912 691 δεσπότας

332 720 678 790 ἀπέσφαξαν,
702 715 824 776 εἷται
851 724 943 775 ἐπὶ
981 722 1080 786 τάς
1120 720 1442 790 γειτνιώσας
1469 720 1727 783 ἐπαύλεις
1761 736 1910 789 παρ-

333 812 580 877 ελθόντες
640 813 986 884 παρεκάλουν
1038 814 1131 868 ἐπὶ
1160 812 1259 886 τὴν
1293 812 1606 884 ἐλευθερίαν
1629 811 1758 873 τοὺς
1799 809 1912 864 δού-

333 903 481 969 λους·
517 906 612 960 καὶ
639 907 698 959 ἐν
719 907 857 976 αὐτῇ
891 908 958 978 τῇ
983 907 1142 960 νυκτὶ
1169 907 1507 978 συνέδραμον
1558 904 1780 968 πλείους
1799 905 1910 958 τῶν

333 1005 442 1068 ρκ’.
474 998 584 1053 Καὶ
613 998 1044 1068 καταλαϐόμενοι
1089 1000 1287 1071 χωρίον
1317 999 1480 1067 φύσει
1504 998 1722 1068 ὀχυρὸν,
1753 995 1912 1050 τοῦτο

335 1089 536 1158 μᾶλλον
594 1088 991 1159 ἐπωχύρωσαν,
1018 1089 1444 1158 προσδεξάμενοι
1523 1088 1618 1142 καὶ
1691 1087 1911 1158 ἐτέρους

331 1184 554 1247 δούλους
581 1183 960 1253 ὡπλισμένους
982 1189 1060 1238 π’.
1106 1185 1164 1237 Ὀ
1190 1184 1246 1237 δὲ
1278 1183 1584 1255 στρατηγὸς
1603 1181 1706 1251 τῆς
1734 1182 1910 1253 ἐπαρ-

330 1275 458 1344 χίας
483 1272 724 1336 Λικίνιος
752 1271 799 1304 ⁸³
826 1272 1073 1344 Νερούας
1107 1273 1248 1328 κατά
1291 1273 1454 1343 τάχος
1513 1272 1696 1335 αὐτοῖς
1743 1270 1910 1324 ἐπελ-

333 1365 445 1418 θὼν
477 1365 572 1418 καὶ
629 1365 934 1435 πολιορκῶν
983 1365 1264 1438 ἄπρακτον
1307 1365 1434 1435 ἐσχε
1490 1364 1590 1434 τὴν
1643 1362 1907 1432 σπουδήν.

346 1456 500 1510 Ἐπεὶ
527 1456 582 1509 δὲ
609 1455 700 1528 βίᾳ
735 1457 1008 1510 ἀνάλωτον
1028 1457 1088 1509 τὸ
1114 1456 1158 1487 ’⁵⁸
1180 1455 1440 1527 φρούριον
1477 1455 1648 1526 ἐώρα,
1703 1454 1794 1508 ἐπὶ
1809 1453 1909 1524 τὴν

333 1545 622 1616 προδοσίαν
645 1547 767 1616 ὁρᾷ,
805 1547 897 1600 καὶ
933 1547 1208 1616 σωτηρίας
1261 1545 1590 1616 ὑποσχέσεσι
1619 1545 1778 1598 Γάϊον
1808 1545 1906 1598 Τι-

332 1637 500 1689 τίνιον
527 1636 656 1708 [655
695 1635 786 1708 Η.]
818 1637 1245 1706 ἐπικαλούμενον
1277 1637 1506 1690 Γαδαίον
1527 1637 1572 1668 ’⁵⁸
1603 1634 1908 1698 ἀναπείσας

2018 471 2131 509 rutn
2155 455 2269 510 loca
2291 455 2405 525 jam
2435 456 2673 527 vulgata,
2708 457 2867 528 primi
2903 470 2964 511 se
2989 457 3041 511 in
3066 456 3374 512 libertatem
3403 453 3587 508 vindi-

2013 557 2208 601 carunt
2237 547 2456 618 triginta
2481 547 2707 604 duorum
2734 548 3123 603 ditissimorum
3150 546 3376 600 fratrum
3403 545 3544 598 servi
3569 558 3584 595 :

2012 653 2242 706 quorum
2272 639 2379 693 dux
2415 647 2534 694 erat
2565 638 2784 710 quidam
2827 639 3043 692 nomine
3095 638 3312 691 (larius.
3362 635 3428 689 Hi
3482 637 3591 704 pri—

2015 742 2159 782 mum
2218 742 2350 783 suos
2414 728 2577 783 heros
2633 735 2793 782 noctu
2860 726 3196 780 dormientes
3251 724 3588 794 jugularunt,

2011 818 2209 874 deinde
2243 819 2307 873 ad
2339 819 2549 875 vicinas
2596 820 2767 874 etiam
2797 818 3068 887 progressi
3105 815 3258 872 villas
3306 831 3590 872 servorum

2013 909 2227 965 animos
2259 910 2324 965 ad
2363 911 2630 966 libertatis
2669 911 2903 965 studium
2937 909 3326 973 accenderunt,
3357 907 3494 963 adeo
3529 915 3589 962 ut

2013 1001 2101 1060 illa
2135 1003 2250 1071 ipsa
2282 1012 2440 1057 nocte
2479 1016 2778 1058 coitcursus
2820 1000 2887 1056 ad
2929 1015 3024 1057 eos
3055 999 3230 1056 factus
3259 1000 3332 1054 sit
3359 999 3590 1054 aliorum

2012 1106 2232 1152 centum
2262 1105 2316 1149 ot
2343 1096 2533 1166 viginti
2584 1106 2747 1166 atque
2787 1093 3040 1164 amplius.
3075 1092 3137 1148 Hi
3169 1100 3434 1162 occupato
3467 1092 3588 1147 loco

2013 1197 2204 1242 natura
2242 1188 2472 1252 munito,
2506 1197 2623 1241 arte
2658 1187 2795 1240 haud
2844 1185 3005 1254 paulo
3033 1185 3378 1238 munitiorem
3411 1183 3591 1239 reddi-

2012 1279 2227 1345 derunt,
2259 1278 2553 1348 assumptis
2582 1287 2636 1332 et
2667 1277 2788 1333 aliis
2817 1279 3087 1347 octoginta
3118 1276 3321 1342 servis,
3373 1273 3463 1343 qui
3497 1288 3591 1327 ar-

2013 1371 2141 1424 mati
2194 1378 2396 1426 essent.
2448 1370 2752 1425 Provinciae
2773 1381 2954 1425 autem
3011 1370 3305 1438 imperator
3350 1365 3592 1421 Licinius

2009 1461 2210 1528 Nerva,
2242 1476 2365 1518 cum
2396 1472 2616 1530 repente
2659 1461 3048 1529 superveniens
3073 1474 3168 1514 eos
3198 1457 3448 1513 obsidere
3474 1470 3589 1512 ca:-

2011 1556 2204 1622 pisset,
2254 1553 2389 1608 nihil
2449 1553 2572 1608 ullis
2630 1555 2920 1607 conatibus
2977 1543 3307 1622 promovere
3351 1557 3587 1620 poterat.

2015 1645 2378 1713 Quamobrem
2404 1646 2565 1700 nullis
2591 1645 2801 1700 viribus
2857 1643 3218 1714 espuguabile
3278 1641 3590 1712 praesidium

336 1728 425 1801 (ἦν
454 1731 498 1786 δ’
521 1725 673 1794 οὗτος
707 1731 816 1802 πρὸ
863 1731 1007 1786 δυεῖν
1047 1732 1184 1786 ἐτῶν
1231 1729 1651 1792 καταδικασθεὶς
1685 1728 1784 1798 μέν
1817 1727 1908 1780 θα·

2016 1738 2144 1794 illud
2169 1753 2290 1794 esse
2327 1752 2576 1804 cernens,
2612 1737 2678 1790 ad
2705 1737 3065 1806 proditionem
3095 1734 3333 1789 animum
3358 1748 3590 1787 conver-

332 1823 500 1890 νάτῳ,
539 1823 638 1892 τὴν
668 1824 940 1894 τιμωρίαν
993 1823 1036 1876 δ’
1065 1823 1323 1892 ἐκφυγὼν
1369 1823 1466 1876 καὶ
1515 1821 1748 1884 πολλοὺς
1800 1820 1910 1872 τῶν

331 1915 473 1968 κατά
500 1915 598 1986 τὴν
627 1914 812 1986 χώραν
844 1915 1145 1987 ἐλευθέρων
1193 1914 1339 1968 κατά
1358 1914 1618 1986 λῃστείαν
1643 1911 1905 1980 ἀναιρῶν,

330 2004 519 2059 οὐδένα
558 2007 615 2060 δὲ
645 2008 754 2060 τῶν
778 2008 1005 2061 οίκετῶν
1033 2007 1416 2079 παραλυπῶν),
1445 2001 1594 2076 εἶχεν
1628 2005 1910 2076 ὑπηρέτην

2011 1829 2095 1884 tit.
2127 1828 2255 1898 Ejus
2277 1837 2456 1884 autem
2482 1828 2785 1883 ministrum
2809 1826 2996 1880 habuit
3019 1825 3306 1895 quemdam
3329 1823 3590 1878 Titinium

2010 1930 2371 1992 cognomento
2395 1921 2672 1987 Gadarum,
2705 1935 2800 1987 spe
2834 1919 3026 1974 salutis
3055 1917 3382 1972 adductum:
3417 1917 3593 1969 fuerat

2008 2013 2154 2067 enim
2190 2012 2281 2068 hic
2330 2011 2565 2067 Titinius
2595 2021 2724 2066 ante
2750 2011 2886 2066 duos
2934 2023 3107 2063 annos
3136 2005 3368 2080 [Romae]
3397 2005 3594 2074 capitis

328 2098 422 2152 τοῦ
461 2099 688 2153 σκοποῦ.
719 2099 733 2172 [
750 2102 882 2156 H76
904 2100 996 2174 R.]
1029 2095 1196 2165 Οὗτος
1252 2101 1392 2172 έχων
1423 2100 1573 2172 αὐτῷ
1605 2099 1652 2132 ⁸⁸
1681 2103 1907 2165 πιστοὺς

2012 2104 2422 2169 condemnatus,
2460 2105 2552 2158 sed
2591 2118 2805 2172 poenam
2847 2099 3128 2170 eﬂugerat,
3177 2099 3483 2169 tttultosque
3523 2111 3595 2153 ex

221 2242 224 2244 ν
327 2190 547 2256 οἰκέτας
567 2192 807 2256 ἱκανοὺς,
834 2194 1084 2263 πρόσεισι
1102 2194 1184 2265 τῷ
1201 2193 1445 2265 φρουρίῳ
1468 2191 1576 2246 τῶν
1589 2192 1633 2224 ⁸⁷
1663 2193 1904 2246 ἀποστα-

323 2281 455 2344 τῶν,
503 2281 579 2344 ώς
640 2282 704 2354 δὴ
745 2283 790 2315 ⁸⁸
847 2282 1207 2353 συμμεθέξων
1243 2282 1339 2336 τοῦ
1405 2282 1549 2336 κατά
1611 2282 1904 2352 Ῥωμαίων

327 2373 590 2443 πολέμου·
620 2375 866 2445 εὐμενῶς
899 2376 956 2429 δὲ
1005 2375 1100 2429 καὶ
1153 2374 1491 2448 φιλοφρόνως
1547 2374 1906 2447 προσδεχθεὶς

326 2466 500 2536 ᾑρέθη
519 2465 605 2519 διὰ
633 2467 732 2538 τὴν
761 2467 1012 2537 ἀνδρείαν
1039 2469 1132 2520 καὶ
1149 2467 1479 2538 στρατηγὸς,
1508 2469 1600 2520 καὶ
1621 2465 1903 2539 προῦδωκε

324 2555 391 2608 τὸ
416 2555 694 2628 φρούριον.
739 2556 861 2609 Τῶν
916 2555 961 2608 δ’
979 2557 1300 2610 ἀποστατῶν
1330 2558 1374 2590 ’δ’
1407 2557 1455 2610 oi
1515 2558 1614 2628 μὲν
1666 2557 1907 2628 μαχόμε-

324 2661 409 2698 νοι
442 2645 484 2678 ⁸⁰
517 2647 921 2716 κατεκόπησαν,
955 2647 1004 2701 οί
1035 2648 1092 2701 δὲ
1125 2649 1224 2718 τὴν
1254 2647 1363 2702 ἀπὸ
1388 2649 1484 2718 τῆς
1522 2647 1778 2711 ἁλώσεως
1815 2647 1904 2701 δε-

323 2741 498 2807 διότες
530 2747 800 2816 τιμωρίαν
820 2745 1046 2809 ἑαυτοὺς
1089 2747 1558 2818 κατεκρήμνισαν.
1592 2749 1660 2801 Ἡ
1689 2747 1789 2817 μὲν
1813 2742 1908 2800 οὖν

324 2835 517 2908 πρώτη
542 2837 650 2892 τῶν
665 2838 952 2910 δραπετῶν
987 2839 1178 2903 στάσις
1203 2837 1477 2908 κατελύθη
1499 2839 1590 2893 τὸν
1615 2838 1907 2910 εἰρημένον

324 2929 548 2998 τρόπον.

2013 2195 2325 2251 hominibus
2367 2195 2568 2265 388a
2595 2195 2782 2249 liberis
2805 2192 2922 2260 eius
2939 2191 3176 2263 regionis
3193 2188 3593 2261 praedabundus

2012 2285 2320 2342 interficere
2358 2288 2588 2349 solebat.
2619 2286 2792 2340 servis
2824 2295 3015 2340 contra
3059 2298 3125 2338 ne
3157 2283 3440 2336 minimum
3471 2281 3595 2349 qui-

2012 2379 2132 2436 dem
2165 2379 2362 2448 negatii
2398 2378 2695 2434 facesseris.
2725 2375 2876 2432 Unde
2904 2391 3027 2429 cum
3063 2374 3262 2429 multos
3299 2373 3370 2426 ibi
3401 2385 3592 2427 servos

2010 2470 2114 2526 sibi
2151 2470 2285 2525 fidos
2332 2469 2578 2533 haberet,
2619 2465 3036 2534 ad.castellnm,
3074 2476 3330 2534 tanquam
3377 2473 3432 2517 et
3475 2463 3593 2531 ipse

2012 2577 2112 2633 pro
2143 2562 2284 2616 virili
2318 2571 2469 2632 parte
2504 2563 2768 2616 adversus
2809 2559 3081 2614 Romanos
3105 2558 3467 2628 praeliaturus,
3494 2569 3590 2610 ac-

2013 2655 2178 2710 cedit.
2208 2653 2672 2709 Beuevnleaulem
2716 2652 3053 2719 comiterque
3097 2658 3368 2719 receptus,
3425 2647 3590 2701 etiam

2016 2745 2310 2814 imperator
2369 2741 2707 2798 fortitudinis
2769 2756 2897 2812 ergo
2957 2751 3172 2796 creatus
3230 2741 3352 2794 fuit.
3415 2737 3592 2804 Quam

2014 2837 2331 2908 dignitatem
2367 2836 2616 2906 adeptus,
2649 2835 2928 2889 castellum
2977 2833 3231 2904 prodidit.
3275 2831 3411 2887 Tum
3458 2844 3594 2886 vero

2009 2942 2077 2983 ex
2107 2927 2474 2985 defectoribus
2507 2927 2599 2982 alii
2637 2927 2861 2998 quidem
2911 2927 2967 2982 in
3007 2925 3194 2995 praelio
3222 2925 3427 2980 concisi
3468 2924 3590 2978 fuco

324 3031 472 3087 runt,
504 3021 591 3076 alii
621 3037 751 3077 vero
779 3036 952 3090 paenae
978 3031 1147 3088 metu,
1187 3035 1349 3092 quam
1375 3036 1434 3077 se
1458 3027 1646 3089 captos
1684 3035 1909 3078 manere
1945 3020 2214 3088 sciebant,
2237 3035 2299 3076 se
2324 3019 2629 3092 praecipites
2657 3020 2943 3076 dederunt.
2976 3019 3157 3076 Prima
3225 3021 3391 3093 igitur
3450 3022 3594 3096 fugi-

323 3114 558 3168 tivorum
589 3111 786 3168 seditio
828 3127 1076 3181 repressa
1108 3114 1211 3169 hoc
1242 3115 1402 3170 modo
1431 3114 1552 3168 fuit.

393 3204 516 3258 Τῶν
544 3204 600 3258 δέ
627 3204 976 3276 στρατιωτῶν
1021 3204 1160 3275 πρὸς
1201 3205 1272 3260 τά
1318 3207 1495 3262 οίκεῖα
1531 3203 1642 3275 ἢθη
1699 3205 1908 3259 ἀπολυ-

2082 3202 2572 3260 Verumenimvero
2635 3201 2899 3258 militibus
2935 3203 3001 3258 ad
3047 3203 3206 3259 sedes
3243 3218 3372 3260 suas
3403 3205 3594 3262 diruis-

323 3297 547 3362 θέντων,
581 3291 716 3368 ἧκόν
749 3313 895 3359 τινες
919 3296 1358 3364 ἀπαγγέλλοντες
1380 3297 1462 3351 ὅτι
1493 3297 1727 3350 Πόπλιον
1766 3296 1909 3350 Κλὸ-

323 3408 458 3454 νιον,
497 3389 790 3458 γενόμενον
845 3387 1019 3442 ἱππέα
1063 3387 1378 3458 Ῥωμαίων,
1408 3390 1816 3453 ἐπαναστάντες
1858 3389 1908 3442 oi

323 3481 502 3535 δοῦλοι
539 3479 889 3550 κατέσφαξαν
912 3479 1246 3551 ὀγδοήκοντα
1270 3480 1448 3544 ὄντες,
1474 3481 1567 3534 καὶ
1592 3482 1674 3534 ὅτι
1704 3480 1908 3550 πλῆθος

325 3558 630 3645 ἀγείρουσι.
717 3570 884 3625 Καὶό
921 3570 1020 3642 μὲν
1065 3573 1373 3643 στρατηγὸς
1424 3571 1627 3641 ἐτέρων
1689 3571 1909 3642 βουλαῖς

326 3665 786 3736 παρακρουσθεὶς.
818 3664 918 3735 ήδη
980 3665 1074 3717 καὶ
1113 3663 1222 3718 τῶν
1252 3663 1524 3717 πλείστων
1555 3664 1908 3735 στρατιωτῶν

326 3757 748 3826 ἀπολελυμένων
781 3755 850 3823 ⁸¹,
881 3755 1073 3826 καιρὸν
1097 3757 1324 3826 παρεῖχε
1361 3756 1450 3809 διὰ
1493 3756 1592 3824 τῆς
1639 3755 1910 3826 ἀναϐολῆς

325 3852 438 3913 ταῖς
455 3849 786 3912 ἀποστάταις
805 3847 1012 3918 βέλτιον
1029 3847 1226 3910 αὐτοὺς
1244 3847 1671 3916 ἀσφαλίσασθαι.
1694 3848 1909 3918 Προῆγε

327 3943 385 3997 δὲ
422 3941 559 4012 μετὰ
619 3941 728 3994 τῶν
777 3940 1007 3994 ἐνόντων
1057 3939 1426 4012 στρατιωτῶν,
1462 3940 1559 3994 καὶ
1593 3939 1782 4001 διαϐὰς
1819 3938 1910 3992 τὸν

333 4035 539 4088 Ἀλϐαν
561 4033 826 4102 ποταμὸν,
844 4031 1090 4104 παρῆλθε
1113 4033 1238 4096 τοὺς
1272 4032 1582 4094 ἀποστάτας
1606 4029 1912 4101 διατρίϐον-

329 4143 429 4190 τας
462 4126 520 4177 ἐν
547 4124 662 4195 ὄρει
711 4122 1032 4194 καλουμένῳ
1069 4121 1399 4192 Καπριανῷ,
1434 4125 1530 4175 καὶ
1573 4121 1912 4191 κατήντησεν

330 4219 412 4281 είς
442 4216 598 4270 πόλιν
639 4215 992 4286 Ἡράκλειαν.
1038 4213 1132 4266 Ἐκ
1157 4212 1268 4284 γάρ
1287 4213 1332 4245 ⁸¹
1359 4212 1454 4266 τοῦ
1485 4214 1560 4284 μὴ
1584 4211 1912 4283 προσϐαλεῖν

331 4310 517 4372 αὐτοῖς
560 4308 652 4360 τὸν
707 4307 1014 4379 στρατηγὸν
1047 4304 1309 4376 ἀτολμίαν
1341 4304 1509 4359 αὑτοῦ
1542 4304 1912 4376 διαφημίσαν-

328 4417 438 4464 τες,
475 4398 703 4469 συχνοὺς
723 4397 967 4452 ἀνέσειον
995 4397 1103 4451 τῶν
1133 4397 1380 4451 οἰκετῶν.
1410 4395 1520 4450 Καὶ
1539 4395 1750 4449 πολλῶν
1777 4397 1911 4468 συρ-

329 4493 564 4562 ῥεόντων
592 4489 798 4544 καὶτὸν
835 4489 1058 4544 δυνατὸν
1103 4487 1306 4559 τρόπον
1356 4487 1437 4550 είς
1502 4487 1683 4557 μάχην
1732 4503 1911 4556 παρα·

2012 3294 2109 3358 sis,
2139 3291 2368 3348 aﬂertur
2395 3308 2424 3346 a
2448 3291 2774 3362 quibusdam
2813 3293 3054 3358 nuntius,
3088 3308 3274 3348 servos
3298 3294 3368 3349 80
3392 3297 3590 3365 conju-

2015 3387 2225 3442 ratione
2256 3384 2397 3440 facta
2428 3383 2493 3438 P.
2521 3384 2770 3440 Clonium
2802 3386 2890 3454 qui
2917 3387 3188 3454 equestris
3219 3387 3428 3442 ordinis
3457 3387 3586 3452 fuit,

2014 3476 2372 3541 interfecisse,
2431 3491 2793 3546 magnamque
2844 3476 2944 3531 sibi
2991 3492 3212 3532 manum
3273 3481 3586 3551 adiungere.

2011 3569 2318 3637 Quinetiam
2385 3569 2503 3639 ipse
2549 3569 2847 3639 imperator
2882 3571 3127 3625 consiliis
3157 3570 3387 3625 aliorum
3426 3571 3591 3627 dece-

2013 3673 2158 3730 ptus,
2185 3661 2297 3728 jam
2324 3660 2461 3716 bona
2489 3675 2711 3716 suorum
2737 3661 2970 3716 militum
2996 3670 3147 3731 parte
3167 3662 3388 3717 dimissa
3407 3704 3421 3724 .
3450 3663 3593 3718 defe-

2010 3753 2252 3809 c'oribus
2280 3753 2348 3808 ad
2375 3769 2436 3809 se
2460 3752 2997 3809 meliusmuniendos
3023 3763 3236 3820 tempus
3255 3755 3593 3810 dabat.Tano

2010 3845 2136 3902 dem
2191 3857 2518 3901 tamencum
2558 3845 2922 3915 qualicunque
2970 3847 3144 3914 potuit
3194 3861 3356 3900 ntanu
3391 3847 3456 3900 ad
3493 3863 3593 3904 eos
3658 3887 3662 3890 -

2011 3936 2316 3998 contendit,
2371 3937 2704 4007 traiectoque
2759 3933 2923 3989 ﬂuvio
2977 3935 3136 3998 Alba,
3187 3935 3492 3992 defectores
3538 3939 3592 3992 in

2013 4040 2196 4084 monte
2242 4027 2517 4098 Capriano
2566 4028 2856 4084 stationem
2906 4037 3132 4095 agentes
3173 4036 3594 4095 praetergressus

2011 4131 2118 4187 est,
2143 4131 2201 4176 ct
2221 4123 2289 4176 ad
2321 4122 2513 4178 urbem
2543 4120 2855 4176 Heracleam
2882 4120 3144 4192 perrexit.
3173 4120 3310 4175 Cum
3339 4121 3502 4190 igitur
3524 4121 3593 4176 de
3685 4197 3689 4199 _

2011 4214 2229 4288 ignavia
2247 4215 2590 4284 imperatoris
2612 4228 2884 4268 rumorem
2901 4213 3247 4282 sparsissent,
3270 4222 3455 4281 utpote
3471 4212 3592 4267 illos

2013 4307 2202 4378 praelio
2237 4306 2508 4363 lacessere
2532 4318 2640 4359 non
2670 4305 2813 4368 ausi,
2842 4305 3046 4358 multos
3082 4319 3148 4357 ex
3187 4303 3361 4357 servis
3390 4304 3457 4356 ad
3491 4301 3590 4356 de-

2013 4399 2302 4454 fectionem
2326 4395 2665 4459 animabant,
2699 4395 2836 4448 adeo
2863 4393 3049 4448 multis
3089 4393 3327 4461 undique
3353 4393 3593 4446 circum.

2012 4486 2326 4553 liuentibus,
2373 4499 2539 4555 seque
2588 4485 2674 4548 iis,
2729 4499 2959 4553 quorum
3016 4481 3328 4537 facultatem
3380 4491 3593 4551 tempus

331 4583 770 4653 σκευαζομένων,
849 4583 908 4634 ἐν
989 4579 1132 4634 ἐπτά
1195 4581 1317 4644 ταῖς
1377 4579 1625 4652 πρώταις
1677 4578 1908 4648 ἡμέραις

2017 4580 2278 4647 locusque
2315 4577 2540 4641 dabant,
2576 4574 2746 4629 armis
2780 4573 3190 4636 instruentibus,
3219 4582 3274 4626 ut
3305 4572 3444 4626 intra
3477 4572 3592 4638 pri-

264 4738 270 4743 _
327 4673 791 4743 καθωπλίσθησαν
847 4671 1066 4734 πλείους
1125 4669 1233 4722 τῶν
1301 4667 1654 4734 ὀκτακοσίων,
1710 4667 1908 4737 ἐφεξῆς

327 4764 372 4817 δ’
397 4765 644 4833 ἐγένοντο
675 4765 784 4818 τῶν
823 4762 1097 4834 δισχιλίων
1135 4764 1236 4816 οὐκ
1267 4763 1543 4825 ἐλάττους.
1596 4760 1907 4831 Πυθόμενος

327 4859 372 4910 δ’
403 4859 459 4910 ἐν
505 4856 802 4928 Ἡρακλεία
862 4858 960 4925 τὴν
1007 4856 1236 4927 αὔξησιν
1280 4856 1457 4909 αὐτῶν
1522 4857 1550 4908 ὁ
1607 4853 1912 4924 στρατηγὸς

329 4951 573 5020 ἡγεμόνα
602 4947 1020 5020 προεχειρίσατο
1044 4950 1270 5019 Μάρκον
1311 4948 1566 5011 Τιτίνιον,
1600 4946 1723 5009 δοὺς
1761 4944 1910 5015 αύτῷ

331 5043 668 5114 στρατιώτας
696 5044 821 5114 τοὺς
841 5044 908 5094 ἐκ
926 5041 1022 5110 τῆς
1048 5043 1244 5111 Ἔννης
1275 5041 1546 5110 φρουροὺς
1569 5038 1905 5103 ἑξακοσίους.

329 5129 500 5199 Οὗτος
523 5137 576 5189 δέ
615 5136 761 5208 μάχῃ
818 5133 1142 5206 προσϐαλὼν
1194 5136 1306 5197 τοῖς
1368 5131 1724 5194 ἀποστάταις,
1783 5129 1908 5182 ἐπεὶ

331 5230 425 5283 καὶ
448 5228 524 5299 τῷ
573 5229 766 5300 πλήθει
800 5230 902 5283 καὶ
948 5229 1066 5291 ταῖς
1085 5225 1412 5296 δυσχωρίαις
1441 5224 1488 5258 ³³
1519 5221 1906 5275 ἐπλεονέκτουν

2014 4682 2134 4722 mos
2167 4675 2375 4736 septem
2405 4666 2523 4718 dies
2550 4663 2879 4732 octingentis
2910 4663 3092 4732 plures
3126 4663 3322 4716 armati
3364 4661 3589 4727 fuerint,

2015 4775 2200 4830 postea
2249 4772 2378 4810 vero
2425 4771 2598 4824 usque
2630 4757 2697 4809 ad
2743 4756 2972 4810 duormn
3025 4753 3252 4808 millium
3302 4769 3590 4807 numerum

2015 4855 2306 4910 creverint.
2349 4853 2643 4920 Postquam
2688 4861 2868 4906 autem
2911 4850 3206 4918 imperator
3236 4850 3375 4919 apud
3420 4848 3590 4903 [lera-

2013 4946 2185 5002 cleam
2215 4945 2281 5001 de
2315 4945 2488 4999 auctis
2531 4958 2718 4998 eorum
2756 4943 2960 4996 viribus
2992 4941 3192 4995 certior
3239 4940 3436 4995 fartus
3465 4939 3588 5002 fuit,

2013 5039 2207 5094 ducem
2265 5038 2526 5092 adversus
2586 5051 2682 5089 eos
2735 5033 2974 5089 Marcum
3039 5031 3298 5086 Titiuimn
3357 5031 3587 5094 creavit,

2012 5147 2246 5202 eumque
2271 5146 2394 5185 cum
2434 5129 2709 5185 sexcentis
2735 5143 2802 5182 ex
2832 5127 2986 5182 Enna
3020 5124 3373 5195 praesidiariis
3404 5123 3590 5178 militi-

2015 5226 2115 5279 lms
2135 5225 2305 5278 misit.
2335 5222 2430 5277 llic
2465 5236 2596 5275 vero
2623 5220 2926 5274 defectores
2957 5217 3180 5272 adortus
3223 5218 3408 5288 praelia
3443 5215 3586 5285 (cum

333 5323 551 5385 ἐκεῖνοι,
577 5321 786 5392 ἐτράπη
822 5323 919 5376 σὺν
962 5323 1072 5384 τοῖς
1131 5318 1262 5387 περὶ
1313 5315 1497 5379 αὑτὸν,
1526 5314 1736 5366 πολλῶν
1797 5313 1896 5384 μὲν

2012 5314 2081 5366 illi
2129 5323 2183 5367 et
2220 5327 2444 5368 numero
2487 5311 2792 5380 superiores
2831 5317 3035 5373 essent,
3059 5315 3114 5362 et
3157 5306 3208 5360 in
3253 5320 3320 5361 eo
3376 5319 3591 5376 quoque

1623 5455 1856 5514 VARIAS
1899 5451 2299 5508 LECTIONES.

405 5555 770 5618 ⁶³Λικκίννιος
789 5554 852 5610 Α.
929 5557 1048 5608 “re
1077 5573 1188 5612 om.
1223 5557 1286 5609 Α.
1364 5557 1408 5587 ⁸³
1439 5553 1686 5607 Γαδδαῐον
1717 5551 1776 5605 Β.
1845 5550 1890 5581 ⁸⁸
1913 5547 2078 5601 αὑτοῦ
2113 5547 2189 5620 Β.
2213 5547 2257 5579 ⁸⁷
2274 5547 2406 5620 τῶν]
2432 5547 2652 5601 καὶτῶν
2673 5545 2732 5601 Β.
2808 5546 2852 5579 ⁸⁸
2874 5545 2947 5620 ob;
2971 5544 3127 5620 δῂ--Δ
3184 5542 3229 5574 δ’
3266 5539 3589 5620 ἀποστατῶχ

334 5627 502 5696 οιιι.Β
529 5637 580 5680 et
607 5643 686 5695 pr.
720 5629 784 5681 A.
839 5627 884 5658 ⁵ο
911 5627 1242 5696 μαχούμενοι
1268 5644 1328 5692 ς.

335 5695 447 5754 οὖν.
540 5699 583 5730 ⁵³
625 5697 961 5767 δυσχερείαις
994 5713 1054 5759 ς.

577 5791 848 5849 ΡΑτιιοι.
882 5789 998 5849 (in.
1036 5786 1193 5846 Clll,

1432 5627 1472 5659 δι
1503 5622 1846 5694 στρατιωτῶν
1885 5619 2306 5688 ἁπολελυμένων
2356 5619 2466 5673 om.
2505 5621 2569 5672 A.

2675 5620 2720 5650 ω
2767 5616 2899 5688 γάρ]
2927 5611 3055 5684 γοῦν
3101 5615 3168 5676 Α,
3201 5613 3510 5682 praestiterit
3539 5611 3588 5662 δ’

3137 5772 3212 5832 [ιὸ
