4012 6236
390 231 529 298 1419

1561 221 1821 286 PHOTII
1859 216 2364 281 PATRIARCHE
2395 215 2504 276 GP.

3532 204 3672 274 1420

392 347 603 403 meliori
635 344 945 401 conditione
973 343 1170 410 forent,
1202 341 1344 413 quod
1373 341 1507 398 locis
1539 339 1813 396 difﬁcilem
1858 335 1974 390 adi—

2110 331 2497 403 ιναιρεθέντων,
2528 327 2637 382 τῶν
2661 326 2718 382 δέ
2740 326 2947 383 λοιπῶν
2980 325 3259 400 ῥιψάντων
3285 322 3356 413 τά
3381 321 3526 413 ὅπλα
3563 323 3675 413 *καὶ

392 446 505 491 tum
537 433 907 505 praebentibus
952 410 1398 499 defenderentur)
1431 469 1446 495 ,
1483 443 1588 482 una
1619 441 1741 481 cum
1787 425 1856 480 iis
1880 421 1973 492 qui

2110 424 2224 493 »υγῇ
2255 421 2410 493 μόλις
2453 419 2859 475 διασωθέντων.
2916 417 3026 470 Καὶ
3053 418 3101 470 οί
3144 412 3450 469 ἀποστάται
3488 410 3676 505 ὅπλων

392 527 471 581 illi
497 525 747 581 astabant
775 534 922 593 terga
947 522 1116 589 dedit,
1157 522 1448 591 multisque
1480 516 1798 581 interfectis,
1847 513 1978 570 reli-

392 615 484 684 qui
509 613 732 682 abjectis
757 611 924 665 armis
944 611 1030 664 vix
1059 611 1163 665 sibi
1191 608 1313 680 fuga
1340 607 1569 664 salutem
1593 605 1977 676 quaesiverunt.

2079 529 2139 567 τε
2165 511 2568 584 εὐπορήσαντες
2582 509 2851 563 τοσούτων
2875 505 3068 577 ἀθρόον
3097 504 3192 559 καὶ
3217 504 3396 574 νίκης,
3419 501 3680 573 θρασύτε-

2084 621 2177 674 ρον
2207 603 2421 674 είχοντο
2449 600 2560 656 τῶν
2589 601 2790 673 ἔργων,
2821 599 2916 652 καὶ
2947 597 3150 660 πάντες
3165 596 3272 650 τῶν
3308 594 3513 649 δούλων
3543 597 3680 664 ἐμε-

398 711 708 765 Defectores
736 707 902 779 igitur
931 715 1012 762 tot
1033 705 1351 772 armaturis,
1377 704 1537 760 simul
1564 703 1730 759 etiam
1753 698 1980 756 victoria

2110 696 2411 766 τεωρίζοντο
2439 694 2576 764 πρὸς
2602 693 2925 747 ἀπόστασιν.
2956 690 3069 745 Καὶ
3087 688 3298 742 πολλῶν
3315 687 3438 742 καθ’
3461 687 3682 759 ἡμέραν

396 801 578 857 subito
602 800 782 870 potiti,
822 801 874 854 in
905 813 1003 854 suo
1034 800 1248 868 incepto
1285 796 1544 851 audacius
1569 792 1890 863 pergebant,
1927 798 1984 846 et

397 890 638 943 omnium
669 901 952 942 servorum
985 886 1152 940 animi
1201 886 1266 939 ad
1309 901 1457 955 spem
1512 881 1777 938 libertatis
1807 879 1982 950 erige-

402 983 623 1036 bantur.
654 980 898 1049 Cumque
927 979 1079 1033 multi
1107 979 1156 1033 in
1178 979 1295 1032 dies
1319 977 1633 1040 deﬁcerent,
1663 976 1816 1031 brevi
1847 982 1988 1030 tem-

399 1087 534 1144 pore
571 1086 732 1142 supra
761 1085 922 1140 quam
955 1069 1100 1125 credi
1128 1069 1294 1138 possit
1341 1078 1529 1123 auctus
1558 1083 1744 1123 eorum
1777 1077 1991 1122 “nume-

401 1181 495 1219 rus
541 1163 660 1218 fuit.
712 1160 993 1230 Siquidem
1067 1162 1207 1215 intra
1257 1175 1459 1229 paucos
1503 1160 1621 1216 dies
1669 1159 1850 1228 plures
1898 1173 1993 1214 sex

402 1254 642 1310 miilibus
670 1252 939 1307 numerati
974 1251 1209 1307 fuerunt.
1256 1249 1394 1305 Tum
1424 1264 1556 1306 vero
1587 1258 1778 1306 coacto
1806 1248 1995 1304 conci-

405 1344 500 1407 lio,
541 1353 596 1398 et
647 1341 1040 1398 deliberatione
1093 1343 1162 1396 de
1210 1356 1424 1396 summa
1473 1357 1656 1397 rerum
1698 1341 1993 1410 proposita,

408 1445 535 1490 ante
587 1435 768 1490 omnia
837 1441 1096 1488 crearunt
1146 1448 1328 1503 regem
1389 1432 1630 1488 Salvium
1685 1433 1996 1503 quemdam,

406 1523 605 1594 388!)
640 1522 730 1592 qui
779 1522 1104 1591 aruspicinae
1136 1524 1339 1591 peritus
1365 1524 1685 1590 habebatur,
1717 1533 1771 1579 et
1801 1524 1852 1578 in
1885 1539 1996 1578 mu-

409 1616 596 1670 licrem
643 1629 845 1671 corona
888 1625 1052 1670 cantu
1083 1615 1360 1681 tibiarum,
1411 1615 1482 1670 ad
1529 1615 1794 1670 insaniam
1835 1629 2004 1685 usque

411 1715 751 1777 perstrepere
774 1706 966 1762 solitus
994 1715 1130 1761 erat.
1176 1704 1272 1760 Hic
1305 1721 1526 1777 regnum
1581 1707 1830 1776 adeptus,
1875 1719 2000 1760 cum

418 1797 582 1851 urbes
620 1795 826 1850 desidia
863 1795 1144 1852 mollitiem
1179 1793 1363 1850 fovere
1391 1795 1750 1860 existimaret,
1780 1809 1874 1852 eas
1900 1795 2001 1852 sibi

409 1892 660 1946 vitandas
684 1890 968 1960 judicavit.
994 1890 1173 1958 Quare
1204 1889 1562 1946 defectoribus
1591 1898 1701 1946 tres
1739 1892 1791 1946 in
1823 1899 2005 1961 partes

410 1984 620 2047 divisis,
640 1983 972 2052 totidemque
992 1983 1220 2038 ducibus
1248 1981 1535 2051 unicuique
1551 1984 1687 2050 parti
1709 1984 2004 2040 attributiso

411 2073 602 2131 effusis
635 2072 1071 2143 populationibus
1094 2087 1381 2143 peragrare
1403 2073 1673 2143 regionem
1696 2082 2008 2142 totam,om-

412 2178 628 2234 nesque
662 2173 871 2217 certum
905 2165 970 2217 ad
1005 2165 1479 2232 locum,certoque
1503 2174 1742 2233 tempore
1761 2181 2007 2222 remeare

411 2251 719 2321 imperavit.
739 2251 815 2305 Illi
832 2267 955 2306 cum
971 2251 1196 2306 aliorum
1212 2251 1550 2316 animalium,
1565 2260 1676 2306 tum
1697 2267 1823 2308 vero
1837 2267 2008 2323 equo-

412 2354 531 2392 rum
557 2339 770 2409 capiam
789 2338 902 2393 suis
929 2339 1344 2394 excursionibus
1365 2339 1564 2408 adepti,
1589 2340 1739 2396 brevi
1765 2341 2002 2411 peditum

413 2425 602 2493 viginti
649 2425 836 2492 millia,
872 2426 1114 2498 equitum
1152 2426 1260 2480 duo
1304 2423 1601 2482 eflecerunt
1634 2445 1647 2481 :
1682 2427 1844 2497 idque
1895 2428 2000 2482 lto-

412 2513 619 2567 minnm
655 2513 745 2583 qui
775 2513 889 2582 jam
943 2513 1254 2569 tirocinium
1285 2527 1390 2568 non
1427 2514 1548 2569 sine
1591 2529 1804 2569 summa
1848 2515 2006 2571 laude

413 2611 727 2670 posuerant.
761 2600 1004 2670 Repente
1030 2601 1194 2670 igitur
1225 2601 1292 2656 ad
1326 2600 1514 2656 urbem
1567 2603 1828 2657 munitam
1862 2602 2005 2657 Mor-

415 2691 689 2762 gantinam
718 2707 912 2761 magno
947 2692 1152 2761 impetu
1201 2692 1536 2747 contendunt
1588 2709 1603 2746 :
1633 2707 1861 2762 eamque
1892 2703 2003 2748 tum

415 2783 627 2848 validis,
653 2791 765 2834 tum
799 2781 1032 2836 assiduis
1070 2780 1521 2850 impressiouibus
1567 2797 1880 2852 oppugnare
1909 2797 2004 2838 oc-

414 2877 642 2946 cipiunt.
672 2873 972 2944 lmperator
1007 2882 1185 2928 autem
1215 2888 1338 2927 cum
1368 2873 1560 2929 eodem
1605 2877 1884 2930 nocturnis
1912 2875 2004 2930 iti-

418 2971 642 3028 neribus
703 2970 1068 3040 pervenisset,
1129 2979 1386 3040 tanquam
1445 2969 1512 3024 ad
1568 2967 1822 3024 ferendas
1883 2969 2002 3024 urbi

2093 786 2484 856 ἀφισταμένων
2542 782 2810 853 σύντομον
2861 779 2960 834 καὶ
3014 777 3314 848 παράδοξον
3370 775 3682 846 ἐλάμϐανον

2101 877 2354 947 αὔξησιν,
2387 877 2462 941 ὡς
2491 877 2550 929 ἐν
2601 874 2812 942 ὀλίγαις
2863 871 3100 943 ἡμέραις
3147 869 3367 932 πλείους
3428 866 3684 937 γενέσθαι

2089 964 2200 1018 τῶν
2238 962 2644 1035 ἑξακισχιλίων,
2679 963 2768 1016 ὅτε
2789 960 2853 1032 δὴ
2893 961 2992 1014 καὶ
3043 961 3123 1022 εἰς
3141 957 3462 1028 *ἐκκλησίαν
3488 957 3684 1010 συνελ⁴

2094 1059 2278 1122 θόντες
2311 1058 2409 1113 καὶ
2437 1057 2632 1129 βουλῆς
2659 1053 3018 1127 προτεθείσης
3037 1051 3255 1123 πρῶτον
3276 1050 3376 1121 μὲν
3397 1051 3613 1104 εἵλαντο
3635 1050 3683 1081 ⁵⁵

2097 1149 2325 1220 βασιλέα
2355 1149 2448 1202 τὸν
2505 1148 2904 1219 ὀνομαζόμενον
2959 1142 3237 1207 Σαλούῖον,
3267 1141 3534 1197 δοκοῦντα
3583 1143 3686 1212 τῆς

2100 1241 2453 1313 ἱεροσκοπίας
2501 1239 2765 1311 ἔμπειρον
2809 1231 2953 1291 εῖναι
3010 1237 3104 1290 καὶ
3128 1237 3248 1299 ταῖς
3266 1235 3312 1269 ⁸³
3345 1234 3688 1304 γυναικείαις

2099 1332 2250 1395 θέαις
2300 1328 2732 1401 αύλομανοῦντα.
2789 1322 2959 1391 Οὗτος
3031 1325 3357 1396 βασιλεύσας
3432 1324 3529 1387 τὰς
3584 1322 3689 1394 μέν

2101 1424 2290 1488 πόλεις
2331 1422 2533 1495 ἀργίας
2588 1424 2684 1477 καὶ
2712 1421 2935 1493 τρυφῆς
2968 1417 3204 1490 νομίζων
3253 1417 3549 1485 ἐξέκλινεν,
3605 1417 3690 1480 είς

2101 1519 2229 1588 τρία
2256 1516 2314 1570 δὲ
2346 1516 2574 1587 μερίσας
2595 1515 2720 1578 τοὺς
2753 1512 3088 1576 ἀποστάτας,
3131 1511 3226 1565 καὶ
3275 1511 3424 1575 ῐσους
3474 1508 3689 1580 ἡγεμό-

2106 1625 2204 1673 νας
2231 1607 2646 1679 ἐγκαταστήσας
2676 1608 2793 1670 ταίς
2838 1604 3045 1676 μερίσι,
3083 1602 3418 1676 προσέταξεν
3463 1603 3688 1655 ἐπιέναι

2104 1701 2204 1772 τὴν
2232 1699 2418 1771 χώραν
2447 1699 2544 1754 καὶ
2566 1697 2703 1769 πρὸς
2735 1698 2834 1753 ἕνα
2865 1697 3032 1752 τόπον
3065 1698 3158 1752 καὶ
3205 1696 3397 1768 καιρὸν
3441 1695 3692 1759 ἅπαντας

2107 1793 2376 1856 ἀπαντᾷν.
2428 1791 2521 1844 Διὸ
2570 1790 2782 1844 πολλῶν
2834 1791 2899 1843 ἐκ
2941 1789 3043 1860 τῆς
3077 1788 3372 1851 ἐπελασίας
3405 1787 3579 1842 ἄλλων
3629 1803 3690 1839 τε

2108 1881 2264 1949 ζώων
2308 1885 2403 1937 καὶ
2463 1881 2651 1937 ἵππων
2692 1882 3121 1954 εὐπορήσαντες,
3170 1881 3230 1934 ἐν
3284 1879 3453 1951 ὀλίγῳ
3509 1879 3691 1950 χρόνῳ

2105 1975 2630 2047 κατεσκευάσθησαν
2684 1975 2872 2038 ἱππεῖς
2903 1975 3002 2043 μὲν
3029 1973 3160 2046 [654
3193 1973 3290 2046 Η.]
3329 1973 3552 2036 πλείους
3573 1971 3687 2024 τῶν

2105 2066 2402 2138 δισχιλίων,
2434 2067 2590 2132 πεζοὶ
2612 2067 2669 2121 δὲ
2725 2067 2827 2122 οὐκ
2887 2066 3148 2130 ἐλάττους
3198 2065 3306 2120 τῶν
3366 2064 3690 2135 δισμυρίων,

2108 2159 2209 2233 ἤδη
2266 2162 2360 2214 καὶ
2420 2160 2754 2230 γυμνασίαις
2826 2159 3153 2231 πολεμικαῖς
3211 2159 3688 2230 ἐνδιαπρέποντες.

2109 2253 2518 2323 Προσπεσόντες
2556 2249 2650 2308 οὖν
2694 2251 2848 2322 ἄφνω
2885 2251 3040 2307 πόλει
3101 2253 3274 2323 ὀχυρᾷ
3302 2250 3649 2323 Μοργαντίνῃ
3671 2289 3692 2317 ,

2109 2342 2419 2413 προσϐολὰς
2453 2344 2699 2414 ἐνεργείς
2753 2343 2850 2398 καὶ
2909 2345 3154 2414 συνεχεῖς
3205 2342 3504 2397 ἐποιοῦντο.
3547 2342 3605 2395 'O
3633 2342 3694 2396 δὲ

2109 2435 2416 2506 στρατηγὸς
2446 2436 2522 2500 ὡς
2551 2435 2833 2508 βοηθήσων
2859 2436 2905 2468 ⁵⁸
2923 2437 2989 2506 τῇ
3021 2435 3174 2488 πόλει
3211 2434 3475 2495 ἐπελθὼν,
3503 2453 3698 2489 νυκτο-

2108 2527 2275 2598 πορίᾳ
2307 2528 2352 2559 ⁵⁷
2387 2529 2754 2600 χρησάμενος,
2825 2527 2964 2598 ἔχων
3022 2528 3142 2599 μεθ’
3170 2527 3366 2581 ἐαυτοῦ
3414 2525 3577 2600 [ΗΠ
3603 2525 3696 2600 8.]

2126 2618 2436 2684 Ἰταλιώτας
2464 2637 2523 2674 τε
2562 2621 2658 2674 καὶ
2707 2620 2772 2672 ἐκ
2817 2621 3067 2684 Σικελίας
3125 2620 3311 2691 σχεδον
3356 2619 3699 2692 στρατιώτας

2114 2712 2363 2783 μυρίους,
2398 2712 2666 2767 κατέλαϐε
2697 2713 2744 2745 ⁵⁸
2771 2713 2897 2777 τοὺς
2925 2715 3235 2778 ἀποστάτας
3263 2713 3698 2785 ἀσχολουμένους

2110 2803 2240 2873 περὶ
2272 2804 2373 2875 τὴν
2408 2804 2728 2873 πολιορκίαν
2767 2805 2837 2871 ³⁸,
2890 2806 2986 2861 καὶ
3038 2805 3357 2875 ἐπιθέμενος
3394 2805 3573 2858 αὐτῶν
3627 2808 3697 2876 τῇ

2109 2893 2452 2967 παρεμϐολῇ,
2483 2896 2577 2949 καὶ
2597 2896 2775 2967 εὑρὼν
2790 2896 3005 2966 ὀλίγους
3032 2898 3130 2968 μὲν
3155 2900 3282 2962 τοὺς
3307 2897 3699 2967 φυλάττοντας,

2111 2985 2314 3056 πλῆθος
2343 2987 2399 3040 δὲ
2447 2988 2725 3055 γυναικῶν
2758 2988 3123 3059 αἰχμαλώτων
3177 2990 3275 3043 καὶ
3337 2988 3488 3051 λείας
3534 2989 3703 3058 ἄλλης

417 3063 717 3133 suppetias,
755 3062 959 3119 ducens
1011 3062 1242 3116 militum
1290 3062 1511 3118 circiter
1561 3061 1750 3116 decem
1811 3061 2003 3125 millia,

2115 3051 2489 3144 παντοδαποῦς
2523 3081 2593 3148 ⁸ο,
2629 3051 3050 3153 ῥᾳδίως-ἐξεῖλε
3101 3082 3201 3154 τὴν
3255 3051 3700 3153 στρατοπεδείαν.

419 3160 616 3230 partim
681 3155 1023 3220 Italicorum,
1075 3158 1272 3228 partim
1333 3172 1402 3214 ex
1460 3155 2012 3220 Sicilia,.defeclores

419 3253 564 3308 circa
607 3251 946 3307 obsidionem
996 3261 1288 3320 occupatos
1331 3251 1561 3306 invenit.
1608 3250 1744 3305 Cum
1797 3265 1929 3324 ergo
1959 3253 2011 3307 in

419 3355 610 3396 eorum
638 3347 816 3396 castra
853 3339 1210 3408 irruptionem
1250 3338 1493 3404 fecisset,
1528 3346 1584 3394 et
1622 3339 1875 3408 exiguum
1906 3339 2015 3395 illic

424 3437 730 3507 praesidium
779 3434 1095 3504 repetisset,
1149 3449 1400 3505 magnam
1453 3443 1638 3490 autem
1675 3433 2011 3501 captivarum

424 3526 847 3590 multitudinem,
887 3540 1134 3596 magnam
1162 3525 1290 3580 item
1321 3524 1459 3580 alius
1493 3523 1687 3596 praeda:
1707 3525 1887 3580 omnis
1919 3538 2012 3593 ge-

424 3619 594 3683 neris,
627 3617 772 3673 nullo
802 3617 1017 3686 negotio
1049 3619 1228 3672 castra
1260 3616 1473 3672 illorum
1507 3601 1807 3682 submovit,
1833 3615 2015 3686 iisque

423 3711 651 3780 direptis
681 3712 748 3766 ad
780 3711 968 3767 urbem
1022 3709 1416 3782 Morgantinam
1464 3711 1569 3765 iter
1611 3711 1902 3766 convertit.
1945 3711 2014 3766 At

426 3807 730 3862 defectores
756 3816 980 3877 repente
1006 3806 1062 3861 in
1104 3805 1256 3861 illum
1292 3806 1565 3861 irruentes
1589 3807 1855 3872 vicissim,
1889 3821 2012 3862 cum

429 3902 595 3954 eloco
610 3881 892 3968 superidre
913 3906 1236 3968 pugnarent,
1261 3897 1492 3952 violenta
1515 3882 1816 3968 irruptione
1846 3898 2012 3964 facta,

429 3994 722 4050 secundam
777 3993 1048 4048 fortunam
1094 3992 1350 4062 experiri,
1393 3991 1621 4048 Romani
1675 3994 2016 4063 imperatoris

430 4085 599 4155 copia:
631 4093 782 4155 terga
824 4092 1038 4139 vertere
1077 4092 1378 4154 coeperunt.
1425 4084 1693 4139 Caeterum
1748 4085 1872 4154 quia
1911 4099 2004 4140 rex

431 4173 769 4230 defectorum
800 4173 1165 4242 imperaverat
1207 4174 1406 4238 edicto,
1453 4183 1514 4228 ut
1555 4174 1813 4230 omnibus
1861 4190 2014 4230 arma

431 4265 810 4334 abjicientibus
864 4276 1200 4335 parceretur,
1239 4267 1377 4321 bona
1433 4281 1564 4337 pars
1594 4269 1660 4322 iis
1689 4267 1914 4336 abjectis
1961 4270 2018 4322 in

2115 3177 2224 3230 Kal.
2259 3175 2464 3245 ταύτην
2496 3173 2596 3245 μὲν
2619 3173 2944 3245 διήρπασεν,
2974 3174 3070 3228 ἐπὶ
3098 3175 3155 3228 δὲ
3191 3175 3289 3247 τὴν
3316 3173 3706 3247 Μοργαντίνην

2113 3268 2270 3343 ἦγεν.
2323 3271 2386 3325 Οἱ
2418 3269 2461 3322 δ’
2486 3269 2798 3324 ἀποστάται
2825 3268 3085 3341 ἐξαίφνης
3135 3269 3579 3340 ἀντεπιθέμενοι,
3609 3272 3707 3322 καὶ

2119 3361 2434 3434 ὑπερδέξιον
2481 3359 2579 3432 τὴν
2602 3360 2756 3425 τάξιν
2793 3360 2836 3392 ⁶¹
2865 3360 3097 3431 ἔχοντες,
3131 3360 3320 3431 βιαίως
3374 3379 3434 3414 τε
3474 3361 3708 3434 ἐπιρρά-

2117 3453 2306 3520 ξαντες
2336 3454 2405 3516 ⁸⁸,
2429 3451 2591 3516 εὐθὺς
2625 3453 2716 3506 ἐπὶ
2741 3452 2788 3484 ⁸³
2818 3453 3233 3524 προτερήματος
3262 3449 3421 3525 ἦσαν.
3445 3454 3510 3508 Ol
3531 3454 3589 3507 δὲ
3608 3452 3707 3508 τοῦ

2119 3543 2425 3615 στρατηγοῦ
2452 3541 2777 3613 ἐτράπησαν
2811 3541 2947 3614 πρὸς
2973 3544 3176 3613 φυγήν.
3207 3545 3313 3598 Τοῦ
3348 3545 3404 3598 δὲ
3439 3544 3708 3615 βασιλέως

2121 3635 2234 3688 τῶν
2295 3632 2623 3688 ἀποστατῶν
2701 3634 2965 3705 κήρυγμα
3053 3637 3426 3708 ποιησαμένου
3499 3638 3708 3712 μηδένα

2120 3726 2358 3780 κτείνειν
2386 3725 2494 3780 τῶν
2534 3726 2604 3780 τὰ
2646 3727 2787 3780 ὅπλα
2819 3727 3185 3799 ῥιπτούντων,
3216 3733 3264 3784 οἱ
3312 3731 3555 3786 πλεῖστοι
3620 3736 3708 3805 ρι-

2119 3817 2381 3881 πτοῦντες
2411 3819 2458 3851 ⁸⁸
2487 3818 2857 3888 ἐφευγον.Καὶ
2886 3821 3060 3893 τούτῳ
3080 3823 3157 3892 τῷ
3181 3823 3371 3895 τρόπῳ
3402 3843 3712 3898 καταστρα-

2118 3911 2369 3979 τηγήσας
2397 3909 2524 3974 τοὺς
2553 3910 2850 3982 πολεμίους
2878 3913 2907 3965 ὁ
2935 3912 3190 3978 Σαλούῖος
3211 3916 3312 3986 τήν
3335 3933 3394 3970 τε
3420 3920 3706 3990 παρεμϐο-

2120 4001 2217 4074 λὴν
2243 4003 2602 4073 ἀνεκτήσατο,
2624 4007 2718 4058 καὶ
2736 4005 3064 4078 περιϐόητον
3084 4007 3242 4081 νίκην
3261 4011 3711 4084 ἀπενεγκάμενος

2121 4092 2334 4146 πολλῶν
2371 4092 2552 4147 ὃπλων
2584 4093 2924 4165 ἐκυρίευσεν.
2973 4097 3272 4152 Ἀπέθανον
3299 4099 3356 4153 δὲ
3385 4103 3443 4154 ἐν
3467 4104 3531 4172 τῇ
3560 4104 3711 4176 μάχῃ

2121 4184 2230 4238 τῶν
2259 4183 2577 4238 Ἰταλιωτῶν
2611 4201 2671 4238 τε
2698 4187 2790 4239 καὶ
2822 4187 3060 4242 Σικελῶν
3076 4189 3137 4242 οὐ
3163 4191 3384 4257 πλείους
3408 4194 3710 4260 ἑξακοσίων

2120 4276 2209 4330 διὰ
2237 4275 2335 4347 τὴν
2361 4275 2457 4330 τοῦ
2507 4279 2866 4350 κηρύγματος
2897 4279 3334 4353 φιλανθρωπίαν,
3376 4285 3623 4340 ἑάλωσαν
3653 4288 3710 4341 δὲ

429 4357 609 4428 fugam
638 4373 698 4414 se
727 4358 911 4414 dabat.
954 4357 1074 4426 Quo
1105 4359 1325 4428 quidem
1371 4367 1759 4429 stratagetuate
1793 4359 2005 4419 Salvius

2125 4368 2253 4440 περὶ
2298 4371 2795 4442 τετρακισχιλίους.
2846 4373 2907 4426 'U
2935 4373 2991 4427 δὲ
3022 4374 3300 4438 Σαλούῖος,
3330 4377 3541 4432 πολλῶν
3571 4380 3710 4450 rgo”;

433 4455 696 4511 adversus
722 4456 912 4511 hostes
941 4472 1095 4522 usus,
1123 4465 1302 4512 castra
1329 4473 1425 4514 sua
1457 4459 1816 4529 recuperavit,
1845 4461 2021 4518 victo-

439 4549 626 4616 riaque
645 4546 806 4602 simul
830 4557 884 4601 et
912 4563 1107 4618 magna
1137 4549 1480 4605 multitudine
1513 4565 1787 4605 armorum
1819 4553 2023 4620 potitus

431 4647 535 4693 est.
569 4637 704 4694 Caesi
735 4648 910 4694 autem
947 4641 1001 4695 in
1051 4641 1154 4700 hoc
1177 4645 1361 4712 pralio
1410 4643 1627 4700 fuerunt
1669 4661 1734 4699 ex
1790 4643 1941 4700 italis
1969 4655 2023 4702 et

435 4727 634 4784 Siculis
677 4744 782 4784 non
823 4730 1004 4800 plures
1027 4734 1323 4796 sexcentis,
1381 4744 1607 4804 propter
1651 4736 1814 4790 edicti
1869 4735 2015 4793 illius

434 4818 817 4883 clementiam,
882 4821 977 4876 sed
1001 4830 1157 4891 capta
1215 4821 1431 4892 fuerunt
1494 4825 1714 4879 circiter
1783 4836 2017 4894 quatuor

436 4910 623 4966 millia.
660 4909 832 4966 Porro
873 4926 996 4967 cum
1020 4912 1088 4967 ad
1129 4912 1393 4978 Salvium,
1427 4915 1606 4970 rebus
1653 4916 1720 4970 ab
1757 4915 1848 4970 illo
1881 4915 2017 4970 bene

435 5002 628 5069 gestis,
658 5001 814 5057 multi
855 5000 1213 5068 confluerent,
1239 5003 1508 5072 duplicato
1541 5006 1809 5071 exercitu,
1855 5017 2018 5075 atque

437 5103 622 5161 aperto
644 5092 822 5162 potius
846 5107 1059 5164 campo,
1083 5093 1436 5164 Morgantinre
1466 5095 1806 5152 obsidionem
1840 5099 2020 5152 redin-

2124 4461 2289 4515 αὐτὸν
2321 4461 2436 4516 ἀπὸ
2474 4461 2568 4515 τοῦ
2601 4464 3028 4536 κατορθώματος
3055 4467 3102 4498 ⁸⁵
3122 4468 3486 4538 συρρεόντων,
3515 4471 3711 4526 διπλα-

2123 4553 2318 4617 σιάσας
2347 4554 2445 4625 τὴν
2470 4555 2608 4610 ίδίαν
2649 4556 2902 4628 δύναμιν,
2961 4559 3186 4632 ἐκράτει
3243 4561 3354 4617 τῶν
3405 4563 3709 4636 ὑπαίθρων,

2123 4644 2217 4698 καὶ
2265 4645 2582 4716 πολιορκεῖν
2629 4646 2795 4702 πάλιν
2837 4647 3112 4720 ἐπεχείρει
3175 4649 3273 4721 τὴν
3302 4653 3708 4724 Μοργαντίναν,

2123 4737 2388 4808 κήρυγμα
2413 4737 2536 4802 δοὺς
2561 4741 2673 4803 τοῖς
2701 4741 2761 4793 ἐν
2786 4741 2924 4812 αὐτῇ
2955 4741 3163 4807 δούλοις
3224 4744 3324 4814 τὴν
3369 4745 3712 4818 ἐλευθερίαν.

2126 4827 2250 4881 Τῶν
2281 4829 2340 4882 δέ
2400 4831 2606 4900 κυρίων
2654 4834 3176 4904 ἀντιπροτεινόντων
3203 4836 3248 4867 ⁶⁶
3267 4837 3454 4902 αὐτοῖς
3481 4841 3712 4911 ταύτην,

2126 4921 2176 4975 εί
2231 4922 2386 4990 σφίσι
2439 4924 2922 4992 συναγωνίσαιντο,
2976 4928 3186 5006 εἵλοντο
3228 4930 3429 5000 μᾶλλον
3466 4934 3564 5003 τὴν
3602 4935 3713 4988 ἀπὸ

2126 5011 2234 5064 τῶν
2261 5012 2490 5082 κυρίων,
2525 5016 2620 5068 καὶ
2676 5015 2975 5086 προθύμως
3029 5019 3431 5090 ἀγωνισάμενοι
3483 5021 3715 5092 ἀπετρί-

2125 5103 2300 5172 ψαντο
2323 5102 2423 5173 τὴν
2454 5103 2794 5174 πολιορκίαν.
2841 5106 2901 5160 Ὁ
2933 5107 2991 5161 δὲ
3040 5111 3345 5182 στρατηγὸς
3375 5113 3512 5184 μετά
3539 5111 3713 5167 ταῦτα

1736 5320 1967 5377 νΑιιιλΕ
1998 5322 2401 5382 LECTIONES.

500 5503 552 5540 ⁸⁸
577 5507 780 5583 εἴλοντο
814 5527 874 5583 ς.
950 5580 962 5583 _
987 5511 1033 5544 ⁵⁵
1057 5512 1178 5574 ταῖς
1207 5522 1259 5566 et
1288 5513 1322 5566 5
1351 5512 1450 5573 τὰς
1474 5582 1479 5583 ν
1517 5515 1614 5583 μὲν
1642 5513 1760 5567 add.
1793 5515 1857 5568 A.

1965 5515 2012 5546 ⁸⁸
2046 5515 2257 5585 βοηθῶν
2290 5533 2349 5580 ς.

2451 5518 2516 5590 "_
2542 5519 2907 5590 νυκτοπορείᾳ
2966 5520 3026 5572 Α.
3131 5520 3177 5554 ⁸³
3207 5517 3471 5575 κατέλαϐε
3495 5517 3706 5590 ornaA.

443 5578 488 5664 :3
517 5576 852 5664 πρλιορκίριν]
871 5580 1194 5664 ,πρλιρρκίαν
1217 5575 1534 5664 καταλαϐὼν
1558 5585 1616 5636 Β.
1675 5585 1738 5664 ’δυ
1760 5575 2110 5664 παντοδαπᾼῆς
2274 5575 2317 5618 ⁶ί
2340 5587 2518 5653 τάξιν]
2537 5593 2729 5643 στάσιν
2765 5575 2830 5645 Ᾱ;
2882 5575 2948 5622 ’θ’
2973 5591 3382 5664 ἐπαῤῥάξαντες
3416 5590 3476 5644 Β.
3544 5587 3591 5620 ⁸³
3615 5588 3714 5646 ἐπὶ

447 5645 687 5714 Scaliger
713 5666 724 5700 :
761 5650 881 5704 libri
910 5645 1047 5708 ύπό.’
1077 5716 1088 5724 ι
1128 5655 1172 5685 ⁸³
1204 5654 1482 5726 ῥίπτοντες
1507 5656 1570 5710 Α.
1649 5657 1693 5690 ⁸⁵
1718 5656 1826 5711 τῶν
1856 5645 2298 5726 κατορθῶμάτων
2331 5658 2391 5713 Β.
2422 5645 2438 5653 ⁷
2469 5645 2517 5690 ⁸⁵
2545 5645 3198 5718 ἀντιπασατεινὸντωνἩ.
