4012 6236
439 234 579 302 “23
1573 241 1834 302 ΡΗΟἸἿΙ
1870 244 1990 304 ΡΑΊ

2092 246 2391 308 [ARCH/E
2423 249 2531 310 CP.
3011 307 3014 309 λ
3561 263 3704 328 142ι

433 348 638 421 3895
697 356 875 413 erant,
907 363 968 403 ea
998 361 1117 418 qua:
1146 346 1287 401 intra
1328 361 1512 402 muros
1547 360 1750 418 essent,
1782 352 1871 406 vix
1905 369 1990 423 pre

2092 392 2107 424 ι
2131 358 2450 431 παρανόμου
2477 360 2886 432 χειροκρασίας.
2915 365 3024 418 Καὶ
3047 365 3183 422 ἄλλα
3209 369 3266 425 δὲ
3289 370 3457 429 πολλά
3487 376 3705 442 πολλοῖς

433 443 551 512 pris
573 440 981 496 existimarent:
1003 452 1124 507 qua:
1143 446 1319 493 autem
1335 450 1508 506 extra,
1531 441 1704 496 aliena
1725 453 1778 497 et
1795 445 1990 498 domini

2121 449 2298 503 ἄτοπα
2329 452 2471 506 κατὰ
2496 452 2595 524 τήν
2621 454 2871 510 Σικελίαν
2900 458 3184 529 ἐτολμᾶτο.

431 534 606 603 exlegi
634 533 992 602 violentaque
1021 533 1273 603 potentiae
1307 534 1540 591 subdita.
1563 536 1728 592 Multa
1753 539 1989 609 denique
2017 541 2119 597 alia
2148 555 2337 601 contra
2370 546 2454 602 fas
2475 557 2528 602 et
2548 564 2761 619 tequum
2789 564 3100 623 perpetrare
3123 559 3397 617 audebant
3422 562 3472 618 in
3493 564 3704 624 Sicilia.

504 626 720 681 Salvius
741 635 922 680 autem
951 627 1042 695 qui
1085 625 1478 697 Morgantinam
1509 629 1818 697 obsidebat,
1861 632 1987 687 facti

2209 638 2268 692 Ὀ
2317 639 2375 693 δέ
2420 640 2523 714 τὴν
2563 642 2956 716 Μαργαντίνην
3003 648 3373 724 πολιορκήσας
3422 659 3701 732 Σαλούῖος,

431 719 486 774 in
519 727 686 774 totam
733 717 876 772 illam
920 717 1194 787 regionem
1229 719 1654 786 incursionibus,
1689 721 1756 776 ad
1797 721 1988 777 Leonti

2122 729 2572 821 ἐπιδραμὼνᾉτὴν
2614 735 2803 806 χώραν
2834 739 2995 810 μέχρι
3026 741 3122 795 τοῦ
3163 717 3450 801 λεοντίνου
3489 717 3699 821 πεδίού,

431 826 559 864 num
589 821 759 878 usque
788 821 1058 877 campum,
1092 816 1260 863 totum
1309 809 1607 864 exercitum
1644 810 1715 864 ibi
1750 812 1990 882 recollegi

2121 817 2374 888 ἧθροισεν
2398 819 2562 872 αὑτοῦ
2586 821 2646 874 τὺ
2666 821 2890 892 σύμπαν
2920 827 3251 899 στράτευμα,
3272 833 3587 902 ἐπιλέκτους
3602 809 3702 895 ἀνί

428 901 482 956 in
515 916 622 972 quo
644 901 1001 955 numerabant
1019 900 1238 970 triginta
1263 901 1523 967 millia,et
1553 902 1771 971 quidem
1789 904 1990 959 selecto

2118 902 2254 986 δρας
2289 907 2391 958 οὐκ
2431 905 2688 972 ἐλάττους
2712 911 2823 982 τῶν
2855 915 3215 985 τρισμυρίων,
3261 921 3356 974 καὶ
3387 900 3704 989 θύσας-τοῖς

426 1007 568 1049 rum.
602 993 740 1048 Tum
761 1006 890 1048 vero
919 991 1066 1048 Italis
1094 993 1350 1049 heroibus
1373 1009 1527 1050 sacra
1554 992 1705 1062 fecit,
1735 1011 1990 1067 unamque

2131 990 2410 1058 Ἰταλικοῖς
2457 995 2500 1027 ⁷⁸
2543 995 2721 1066 ἥρωσι
2757 997 2971 1063 τούτοις
2999 1001 3100 1071 μὲν
3133 1004 3367 1075 ἀνέθηκε
3411 1011 3542 1079 μίαν
3589 1014 3702 1067 τῶν

424 1102 456 1141 e
476 1085 761 1157 purpureis
776 1085 1018 1141 vestibus
1043 1086 1262 1152 dicavit,
1278 1096 1463 1156 gratus
1483 1102 1548 1144 ac
1579 1105 1786 1144 memor
1807 1090 1990 1148 benefit

2111 1083 2397 1154 ἁλουργῶν
2455 1089 2884 1162 περιπορφύρων
2951 1095 3145 1166 στολὴν
3204 1102 3536 1172 χαριστήρια
3595 1108 3699 1177 τῆς

423 1179 515 1243 cii,
544 1176 600 1230 in
632 1191 739 1246 quo
769 1175 920 1230 illum
954 1176 1239 1231 victoriam
1268 1176 1463 1233 dantes
1505 1177 1820 1235 all'ecerant.
1856 1181 1990 1237 Tan-

2112 1176 2291 1248 νίκης,
2347 1180 2510 1244 αὑτὸς
2540 1182 2586 1235 δ’
2629 1184 3007 1256 ἀναγορεύσας
3043 1188 3240 1244 ἑαυτὸν
3275 1191 3504 1263 βασιλέα
3548 1175 3698 1268 Τρύ-

421 1268 544 1323 dem
592 1281 722 1323 vero
769 1282 891 1323 cum
940 1270 1082 1336 regis
1129 1283 1324 1324 nomen
1389 1268 1493 1325 sibi
1543 1271 1852 1340 ascivisset,
1911 1289 1990 1342 pri

2111 1283 2228 1336 φων
2258 1270 2300 1300 ⁷⁷
2333 1269 2434 1342 μὲν
2464 1273 2570 1328 ὑπὸ
2592 1275 2702 1328 τῶν
2726 1276 3050 1334 ἀποστατῶν
3074 1285 3532 1355 προσηγορεύετο.
3567 1270 3700 1342 Ᾰια-

423 1357 606 1414 Salvio
637 1358 894 1431 Tryphon
919 1375 948 1413 a
997 1359 1366 1415 defectoribus
1389 1361 1648 1432 appellari
1680 1365 1864 1434 coepit.
1893 1364 1990 1420 Ha-

2108 1359 2401 1430 νοούμενος
2453 1363 2512 1417 δὲ
2539 1365 2610 1420 τὰ
2633 1367 2911 1438 Τριὸκαλα
2947 1371 2994 1405 ⁷⁸
3032 1374 3435 1431 καταλαϐέσθαι
3474 1381 3568 1434 καὶ
3597 1397 3700 1436 κα-

420 1453 556 1508 bens
589 1462 767 1507 autem
818 1453 874 1507 in
925 1453 1108 1506 animo
1163 1450 1420 1508 Triocala
1475 1469 1767 1524 occupare,
1819 1457 1990 1527 ibique

2107 1455 2444 1510 τασκευάσαι
2484 1457 2734 1528 βασίλεια
2770 1463 2983 1534 πέμπει
3028 1466 3125 1520 καὶ
3185 1469 3323 1539 πρὸς
3364 1471 3695 1542 Ἀθηνίωνα,

420 1544 625 1614 regiam
651 1559 803 1599 suam
832 1550 1094 1610 statuere,
1128 1552 1321 1599 evocat
1345 1543 1508 1599 etiam
1541 1545 1926 1613 Athenion‘em,
1949 1559 1990 1605 el

2111 1549 2607 1622 μεταπεμπόμενος
2685 1553 2847 1609 αὑτὸν
2900 1555 2977 1620 ὡς
3045 1560 3352 1631 στρατηγὸν
3404 1563 3692 1633 ⁶βασιλεύς.

419 1640 638 1710 quidem
659 1655 784 1695 eum
812 1649 870 1694 ut
891 1655 985 1694 rex
1017 1641 1396 1710 imperatorem
1425 1655 1731 1697 accersens.
1757 1641 1856 1696 Hic
1875 1659 1990 1700 verc

2111 1639 2318 1704 Πάντες
2377 1642 2479 1711 μὲν
2528 1641 2624 1698 οὖν
2677 1645 3064 1718 ὑπελάμϐανον
3121 1651 3212 1706 τὸν
3259 1654 3561 1726 Ἀθηνίωνα
3582 1659 3694 1714 τῶν

418 1747 543 1788 cum
577 1746 768 1787 omnes
808 1731 1214 1787 arbitrarentur
1243 1730 1360 1788 fore
1411 1741 1473 1788 ut
1497 1732 1735 1789 Athenio
1765 1736 1990 1804 primum

2106 1730 2394 1799 πρωτείων
2441 1733 2890 1806 ἀντιποιήσεσθαι
2918 1741 2991 1807 ⁷⁸,
3047 1742 3144 1796 καὶ
3196 1743 3288 1798 διὰ
3345 1745 3442 1817 τὴν
3500 1750 3694 1805 στάσιν

416 1832 472 1878 et
503 1822 826 1877 altissimum
885 1823 1165 1892 dignitatis
1221 1823 1448 1893 gradum
1500 1824 1758 1880 obtinere
1816 1827 1990 1894 vellet,

2104 1819 2216 1876 τῶν
2262 1824 2592 1880 ἀποστατῶν
2635 1828 2834 1900 ῥᾳδίως
2880 1833 3356 1906 καταλυθήσεσθαι
3403 1841 3496 1895 τὸν
3533 1843 3693 1897 πόλε-

415 1923 578 1985 atque
599 1915 726 1970 hinc
746 1924 868 1970 orto
898 1914 1044 1970 inter
1073 1913 1407 1970 defectorum
1441 1917 1717 1986 principes
1750 1917 1990 1986 dissidio,

2103 1930 2206 1982 μον
2231 1931 2246 1946 ·
2285 1916 2318 1984 ή
2353 1914 2410 1968 δὲ
2435 1917 2573 1986 τύχη
2603 1919 2854 1992 καθάπερ
2883 1923 3138 1996 ἐπίτηδες
3168 1928 3411 1994 αὑξουσα
3448 1933 3546 1997 τὰς
3576 1936 3694 1989 τῶν

415 2006 577 2062 facile
619 2007 749 2063 huic
778 2006 924 2062 bello
954 2007 1112 2062 linem
1150 2007 1462 2077 impositum
1492 2008 1584 2076 iri,
1633 2008 1847 2065 fortuna
1876 2019 1998 2065 tan-

413 2113 574 2167 quam
606 2097 672 2152 de
699 2096 963 2151 industria
995 2097 1179 2166 copias
1207 2095 1553 2167 fugitivorum
1581 2112 1806 2167 augens,
1830 2098 2000 2155 duces

411 2204 598 2244 eorum
626 2189 678 2242 in
713 2189 1059 2244 concordiam
1093 2188 1338 2243 adduxit.
1365 2187 1586 2260 Trypho
1613 2191 1758 2246 enim
1789 2193 1998 2262 magnis

411 2279 696 2344 itineribus
716 2279 783 2335 ad
807 2279 992 2334 urbem
1017 2277 1267 2334 Triocala
1289 2295 1412 2335 cum
1437 2281 1694 2337 universo
1717 2295 1815 2337 suo
1843 2297 1998 2338 exer-

408 2371 519 2426 citu
556 2371 820 2438 pervenit.
868 2370 1071 2426 Eodem
1117 2381 1174 2426 et
1207 2371 1442 2428 Athenio
1485 2387 1680 2444 magna
1716 2373 1997 2440 celeritate

407 2463 706 2528 contendit,
759 2477 824 2519 ex
856 2465 969 2518 suis
1001 2463 1104 2518 tria
1169 2463 1438 2519 duntaxat
1484 2465 1761 2522 adducens
1783 2467 1948 2521 millia
1978 2508 1993 2533 ,

407 2561 465 2610 et
498 2552 774 2624 Tryphoni
827 2562 884 2607 ut
914 2553 1213 2623 imperator
1257 2555 1368 2625 regi
1422 2555 1565 2611 dicto
1609 2557 1858 2613 audiens.
1899 2558 1997 2613 lle-

405 2647 611 2714 liquum
660 2655 840 2700 autem
897 2644 1200 2700 exercitum
1253 2647 1318 2700 ad
1378 2647 1783 2718 depopulandos
1839 2648 1996 2718 longe

403 2739 626 2809 lateque
676 2753 858 2809 agros,
894 2737 1227 2820 servitiaque
1277 2738 1343 2792 ad
1391 2738 1753 2796 defectionem
1789 2740 1988 2797 sollici-

406 2834 569 2888 tanda
624 2831 868 2886 miserat.
909 2829 1110 2886 Verum
1157 2839 1350 2901 postea
1406 2829 1629 2904 Trypho
1684 2821 1994 2905 suspicatu’s

403 2921 520 2976 fore
541 2932 603 2975 ut
629 2921 864 2976 Athenio
901 2924 1072 2991 prima
1109 2937 1328 2993 quoque
1372 2925 1687 2990 occasione,
1732 2926 1991 2982 adversus

2098 2004 2384 2074 δραπετῶν
2413 2008 2696 2080 δυνάμεις,
2741 2015 3040 2086 ὁμονοῆσαι
3075 2021 3201 2084 τοὺς
3242 2021 3447 2078 τούτων
3479 2027 3689 2097 ἡγεμό-

2099 2112 2198 2161 νας
2253 2099 2530 2167 ἐποίησεν.
2572 2098 2715 2157 Ἦκε
2767 2105 2867 2175 μὲν
2917 2109 3028 2179 γὰρ
3063 2112 3346 2183 συντόμως
3400 2119 3536 2186 μετὰ
3585 2121 3687 2189 τῆς

2097 2188 2382 2260 δυνάμεως
2425 2191 2520 2246 ἐπὶ
2552 2193 2622 2247 τὰ
2657 2195 2934 2264 Τριόκαλα
2977 2203 3006 2253 ὁ
3046 2201 3304 2272 Τρύφων,
3342 2202 3448 2278 ἧκε
3498 2209 3556 2263 δὲ
3590 2188 3688 2265 καὶ

2111 2281 2372 2353 Ἀθηνίων
2399 2285 2539 2353 μετὰ
2569 2288 2908 2358 τρισχιλίων,
2947 2293 3242 2349 ὑπακούων
3276 2299 3352 2362 ὠς
3380 2304 3687 2374 στρατηγὸς

2100 2370 2312 2440 βασιλεῖ
2347 2373 2426 2445 τῷ
2458 2375 2737 2447 Τρύφωνι,
2775 2380 2876 2452 τὴν
2918 2381 3089 2454 ἀλλην
3114 2386 3279 2440 αὑτοῦ
3310 2370 3540 2461 δύναμιν
3572 2370 3686 2448 ’κα-

2096 2467 2384 2534 τατρέχειν
2410 2466 2510 2538 τὴν
2546 2467 2732 2540 χώραν
2781 2473 2877 2524 καὶ
2913 2473 3164 2530 ἀνασείεν
3205 2479 3343 2550 πρὸς
3383 2483 3688 2542 ἀπόστασιν

2096 2554 2224 2616 τοὺς
2246 2555 2466 2620 οἰκέτας
2493 2559 2874 2627 ἀπεσταλκώς.
2899 2565 3058 2619 Μετά
3085 2567 3145 2620 δὲ
3171 2569 3344 2626 ταῦτα
3377 2575 3686 2649 ὑπονοήσας

2094 2646 2126 2698 ὁ
2181 2645 2416 2716 Τρύφων
2466 2649 2559 2703 τὸν
2632 2650 2933 2722 Ἀθηνίωνα
2980 2657 3341 2730 ἐπιθήσεσθαι
3391 2667 3448 2718 ἐν
3505 2645 3685 2740 καιρῷ

2096 2738 2415 2810 παρέδωκεν
2443 2742 2525 2806 είς
2564 2744 2836 2818 φυλακήν.
2875 2749 2948 2802 Τὸ
2985 2749 3043 2804 δέ
3078 2751 3338 2824 φρούριον
3372 2738 3686 2828 ὀχουρώταζ

2095 2847 2187 2884 τον
2238 2830 2298 2885 ὃν
2355 2835 2728 2902 κατεσκεύαζε
2793 2838 3114 2895 πολυτελέσι
3171 2851 3539 2912 κατασκευαῖς
3589 2854 3687 2905 καὶ

2096 2924 2190 2978 ἐπὶ
2227 2926 2430 2995 μᾶλλον
2455 2927 2697 3000 ὠχύρου.
2729 2930 3008 2999 Τριόκαλα
3044 2935 3100 2988 δὲ
3135 2937 3267 2990 αὑτό
3291 2956 3454 3008 φασιν
3481 2942 3528 2973 ⁸ο
3552 2943 3689 2997 ὠνο-

402 3013 577 3080 ipsum
630 3026 780 3066 arma
835 3023 1076 3082 caperet,
1123 3027 1247 3068 eum
1300 3013 1354 3070 in
1410 3029 1696 3071 carcerem
1735 3018 1989 3089 conjecit.

2097 3018 2305 3088 μάσθαι
2337 3020 2426 3074 διά
2461 3023 2524 3076 τὸ
2563 3023 2692 3094 τρία
2727 3025 2868 3080 καλὰ
2905 3017 3074 3114 ἔχειν,
3125 3030 3343 3101 πρῶτον
3371 3034 3470 3104 μὲν
3503 3054 3686 3108 ναμα-

403 3104 671 3158 Caeterum
717 3105 1029 3174 praesidium
1068 3105 1201 3160 illud
1233 3106 1432 3176 alioqui
1475 3109 1899 3166 munitissimum
1939 3111 1992 3166 in

400 3197 516 3253 dies
554 3197 724 3266 magis
759 3211 824 3252 ac
860 3199 1032 3270 magis
1079 3198 1401 3264 muniebat,
1433 3209 1488 3255 et
1526 3202 1798 3272 magniﬁci
1849 3211 1994 3258 stru-

399 3289 573 3343 cturis
634 3288 952 3344 adornabat.
1013 3290 1180 3345 Aiunt
1259 3301 1442 3347 autem
1515 3291 1764 3349 Triocala
1825 3294 1992 3352 fuisse

397 3380 734 3434 nominatam
776 3380 921 3449 quod
963 3380 1089 3452 τρία
1146 3379 1288 3434 καλά
1340 3380 1417 3454 (id
1468 3392 1551 3438 est
1601 3385 1704 3438 tria
1741 3385 1987 3457 pulchra)

397 3470 449 3525 ei
492 3470 756 3526 inessent.
812 3468 1054 3525 Primum
1107 3470 1255 3541 quod
1315 3474 1682 3543 scaturigines
1738 3476 1986 3544 plurima:

395 3577 658 3631 aquarum
687 3563 741 3617 in
773 3576 838 3617 ea
862 3572 1161 3627 exstarent,
1190 3579 1312 3633 quae
1335 3563 1625 3620 dulcedine
1660 3580 1986 3637 magnopere

393 3653 928 3710 commendarentur.
974 3653 1180 3710 Deinde
1224 3656 1367 3726 quod
1408 3657 1722 3726 adjacentes
1753 3658 1867 3727 agri
1907 3661 1987 3712 vi-

393 3751 518 3796 neta
538 3741 696 3795 simul
718 3749 772 3795 ct
795 3741 993 3796 oliveta
1020 3743 1306 3804 haberent,
1327 3754 1512 3798 essent
1533 3758 1658 3799 vero
1687 3755 1741 3799 et
1761 3745 1985 3802 culturae

391 3831 587 3885 mirum
625 3832 679 3884 in
734 3835 950 3886 modum
1001 3833 1203 3887 idonei.
1253 3831 1555 3900 Postremo,
1598 3837 1740 3905 quod
1786 3848 1980 3891 natura

391 3922 544 3976 locus
599 3922 672 3976 ita
733 3924 972 3978 munitus
1033 3921 1196 3988 foret,
1255 3934 1318 3978 ut
1372 3925 1504 3979 nihil
1566 3941 1736 3997 supra
1772 3942 1984 3998 posset,

387 4013 590 4083 quippe
628 4014 719 4083 qui
759 4029 1009 4085 magnam
1054 4017 1349 4085 quamdam
1398 4027 1454 4074 et
1500 4018 1976 4090 inexpugnabilem

389 4104 622 4158 haberet
653 4119 843 4174 rupem
877 4122 890 4159 :
924 4119 1087 4175 quam
1119 4109 1269 4163 urbis
1297 4109 1523 4174 ambitu,
1556 4112 1646 4179 qui
1681 4111 1824 4166 mille
1855 4129 1982 4182 pas-

385 4211 480 4251 sus
512 4197 881 4268 amplectitur,
927 4213 1056 4254 cum
1103 4201 1387 4266 cinxisset,
1437 4200 1694 4274 fossaque
1739 4205 1793 4261 in
1829 4221 1980 4263 sum-

385 4300 528 4340 mam
597 4287 941 4344 altitudinem
1009 4290 1284 4359 producta
1339 4292 1823 4365 circumdedisset,
1879 4313 1976 4367 pro

2092 4307 2436 4380 πλατύσημον
2477 4313 2566 4366 ἔδυ
2609 4315 2814 4384 χιτῶνα
2864 4320 3175 4386 κατά,τοὺς

2096 3110 2288 3165 τιαίων
2339 3112 2550 3170 ὑδάτων
2601 3116 2836 3189 πλῆθος,
2904 3110 3181 3194 δίαφόρων
3231 3128 3298 3196 τῇ
3358 3125 3682 3201 γλυκύτητι,

2092 3203 2346 3278 δεύτερον
2364 3208 2785 3280 παρακειμένην
2804 3210 2992 3284 χώραν
3016 3215 3415 3286 ἀμπελόφυτόν
3434 3218 3561 3292 [656
3587 3224 3683 3294 H.]

2091 3313 2150 3350 τε
2189 3296 2286 3351 καὶ
2323 3297 2641 3368 ἐλαιόφυτον
2680 3303 2774 3356 καὶ
2803 3307 3173 3376 γεωργεῖσθαι
3209 3303 3518 3384 δυναμένην
3549 3315 3685 3368 θαυ-

2093 3391 2317 3460 μαστῶς
2357 3391 2428 3456 ⁸⁸,
2481 3394 2667 3464 τρίτον
2721 3396 3172 3467 ὑπερϐάλλουσαν
3231 3403 3556 3475 ὀχυρότητα,
3605 3407 3685 3472 ὠς

2090 3481 2158 3535 ἂν
2195 3482 2363 3554 οὑσης
2406 3486 2648 3559 μεγάλης
2683 3488 2893 3559 πέτρας
2921 3491 3204 3546 ἀναλώτου
3237 3510 3251 3526 ·
3283 3495 3350 3566 ἢν
3385 3497 3480 3550 καὶ
3527 3515 3685 3571 περι-

2088 3573 2232 3646 ϐόλῳ
2259 3577 2472 3641 πόλεως
2500 3578 2732 3634 σταδίων
2755 3580 2902 3636 ὀκτὼ
2939 3586 3429 3658 προσπεριϐαλὼν,
3467 3591 3562 3644 καὶ
3580 3608 3684 3645 τα-

2089 3667 2332 3738 φρεύσας
2384 3669 2577 3742 βαθείᾳ
2630 3673 2847 3744 τάφρῳ,
2907 3675 3199 3746 βασιλείοις
3251 3680 3474 3753 ἐχρῆτο,
3528 3686 3680 3758 πάσῃ

2085 3759 2321 3832 ἀφθονίᾳ
2354 3761 2464 3814 τῶν
2493 3763 2636 3818 κατὰ
2671 3766 2762 3819 τὸν
2796 3767 2910 3837 βίον
2946 3769 3271 3827 άπάντωνεη
3308 3775 3681 3848 πεπληρωμέ-

2084 3868 2202 3922 νην.
2234 3854 2624 3910 Κατεσκεύασε
2659 3858 2717 3911 δὲ
2751 3860 2848 3913 καὶ
2885 3861 3171 3933 βασιλικὴν
3221 3867 3398 3921 οἰκίαν
3426 3870 3519 3922 καὶ
3549 3872 3682 3937 ἀγο-

2085 3941 2186 4013 ράν
2207 3942 2518 4015 δυναμένην
2546 3947 2802 4013 δέξασθαι
2827 3951 2874 3983 ⁸³
2899 3953 3101 4023 πλῆθος
3121 3955 3449 4025 ἀνθρώπων.
3466 3960 3679 4026 Ἐξελὲ-

2085 4031 2214 4096 ξατο
2261 4031 2320 4086 δὲ
2345 4035 2439 4087 καὶ
2464 4036 2573 4090 τῶν
2609 4041 2872 4111 φρονήσει
2909 4043 3277 4117 διαφερόντων
3303 4049 3514 4120 ἀνδρῶν
3546 4053 3677 4116 τοὺς

2090 4124 2333 4193 ἱκανοὺς,
2359 4127 2452 4192 οὒς
2481 4130 2774 4197 ἀποδείξας
2801 4136 3144 4206 συμϐούλους
3178 4141 3376 4212 ἐχρῆτο
3395 4144 3675 4216 συνέδροις

2079 4217 2283 4280 αὑτοῖς·
2299 4219 2564 4289 τήϐεννάν
2588 4238 2648 4275 τε
2675 4226 3084 4300 περιπόρφυρον
3104 4232 3560 4304 περιεϐάλλετοδδ,
3576 4239 3672 4290 καὶ

3225 4342 3332 4394 χρη
3341 4331 3666 4397 ματισμοὺς.

383 4380 528 4450 regia
557 4395 654 4437 sua
697 4381 910 4448 habuit,
938 4385 1182 4438 onmium
1223 4400 1345 4456 quae
1399 4389 1650 4445 humanae
1681 4392 1806 4446 vita:
1839 4409 1975 4448 usus

2092 4397 2178 4450 καὶ
2229 4368 2391 4469 nisi
2426 4400 2520 4474 ιι]
2552 4368 3038 4479 ραὶδούχρυξὲῒξέ
3059 4368 3212 4482 liga
3226 4368 3674 4483 ἷεᾷἶξεξνῗξξξ

381 4472 620 4542 postulat
675 4473 1012 4529 abundantia
1069 4475 1351 4532 refertum.
1419 4479 1697 4538 Construit
1754 4484 1978 4554 insuper

2092 4492 2560 4562 προηγουμένους,
2595 4499 2690 4550 καὶ
2715 4493 2886 4552 τᾶλλα
2921 4504 3102 4556 πάντα
3141 4506 3241 4559 ὅσα
3282 4509 3496 4563 ποιοῦσί
3537 4529 3597 4564 τε
3624 4513 3671 4545 ⁸³

382 4565 662 4620 basilicam
703 4585 716 4621 :
756 4568 932 4622 forum
976 4569 1104 4623 item
1161 4585 1462 4627 numerosae
1491 4574 1773 4630 hominum
1804 4577 1975 4635 turbae

2092 4584 2182 4637 καὶ
2215 4585 2613 4658 ἐπικοσμοῦσιν
2643 4593 2938 4664 ἐπετήδευε
2974 4596 3274 4667 βασιλείαν.

381 4675 573 4729 capax.
639 4661 906 4718 Praeterea
931 4681 997 4720 ex
1028 4667 1297 4734 praedictis
1331 4666 1527 4738 insigni
1579 4674 1863 4740 prudentia
1915 4679 2051 4737 viris
2088 4681 2286 4750 delegit
2333 4692 2465 4752 quot
2521 4688 2654 4742 satis
2699 4661 2873 4760 erant,
2914 4661 3116 4766 eosque
3171 4700 3276 4755 sibi
3328 4704 3670 4765 consiliarios

381 4767 590 4823 statuit,
646 4769 809 4830 atque
867 4776 1174 4818 assessores
1243 4765 1293 4818 in
1367 4765 1505 4835 juris
1558 4768 2040 4840 disceptationibus
2081 4778 2288 4833 habere
2350 4780 2603 4836 instituit.
2634 4781 2752 4840 Jam
2789 4803 2916 4843 vero
2947 4800 3002 4846 et
3058 4804 3177 4865 toga
3221 4806 3479 4865 przetexta
3529 4806 3672 4864 tuni-

379 4863 550 4917 caque
578 4850 668 4904 lati
729 4851 898 4907 clavis
936 4853 1166 4908 amictus
1233 4854 1324 4924 jus
1364 4856 1644 4926 reddebat,
1689 4860 2258 4939 390a~lictoresque
2304 4870 2377 4925 illi
2411 4887 2532 4928 cum
2599 4879 2880 4936 securibus
2927 4850 3237 4960 praeibaunt;
3272 4903 3392 4958 qua:
3437 4889 3672 4962 denique

376 4943 584 5010 regiam
626 4943 942 5013 dignitatem
977 4943 1237 5015 eﬂiciunl,
1272 4957 1325 5001 et
1353 4963 1474 5017 qua:
1515 4963 1735 5019 ornant,
1803 4971 1865 5010 ea
1931 4960 2111 5014 omnia
2147 4972 2552 5020 consectantur.
2927 4943 2941 4951 ’
2984 4971 3040 5000 κ
3069 4955 3074 4999 ἕ
3102 4951 3226 5002 τίδ’ἶκ

445 5042 710 5096 Caeterum
739 5042 1119 5112 imperatorem
1137 5045 1400 5101 adversus
1423 5047 1728 5104 defectores
1749 5061 1975 5109 senatus

2153 5058 2567 5133 Προχειρίζεται
2597 5065 2654 5120 δὲ
2691 5067 2832 5122 κατὰ
2855 5070 2966 5125 τῶν
2998 5064 3322 5144 ἀποστατῶν
3353 5078 3387 5150 ή
3429 5081 3669 5152 σύγκλη-

375 5131 650 5187 Romanus
679 5132 876 5204 delegit
903 5132 966 5188 L.
1011 5133 1278 5190 Licinium
1307 5135 1587 5194 Lucullum
1610 5181 1628 5207 ,
1676 5142 1968 5199 habentem

2361 5131 2369 5133 ν
3175 5139 3182 5144 .
3375 5131 3387 5150 Ι
3438 5131 3447 5132 ί
3473 5131 3483 5132 ί
3509 5131 3642 5152 Ι”’“““⁵

2092 5168 2169 5214 τος
2223 5153 2334 5208 τῶν
2380 5155 2668 5228 Ῥωμαίων
2706 5163 2937 5220 Λεύκιον
2973 5155 3575 5229 ΛεκίνίὄύἈούκουλλον
3594 5178 3663 5244 ⁸⁸,

377 5225 740 5280 Romanorum
766 5224 986 5295 quidem
1007 5236 1060 5280 et
1093 5227 1348 5282 Italorum
1379 5230 1609 5286 militum
1635 5238 1972 5304 quatuorde-

377 5319 470 5340 με--.
498 5316 657 5340 “ANB-
689 5317 949 5340 ι’)ε.ι...-...-
971 5327 1143 5340 -..ι,.---
1177 5316 1464 5340 "l‘l._,-,.-l--
1519 5324 1536 5340 Α
1564 5338 1577 5340 ,
1638 5339 1641 5340 ,
1842 5328 1942 5340 Ann

2092 5243 2272 5315 ἔχοντα
2310 5250 2652 5320 στρατιώτας
2680 5257 2911 5329 μυρίους
2935 5259 3034 5330 μὲν
3066 5266 3160 5317 καὶ
3193 5270 3664 5340 τετρακισχιλίους

371 5319 474 5370 cim
496 5316 952 5386 rnillia,Bithynos
967 5316 1468 5385 autem,Thessalos
1506 5324 1824 5382 Acarnanes
1841 5328 1974 5384 800.

2092 5316 2401 5408 Ῥωμαίους,
2422 5346 2516 5396 καὶ
2568 5316 2826 5415 Ἰταλούς,
2862 5316 3124 5419 Βιθυνοὺς
3151 5357 3209 5410 δὲ
3239 5316 3331 5413 καὶ
3364 5316 3662 5427 Θετταλοὺς

1675 5438 1910 5498 VARle
1946 5445 2349 5510 LECTIONES.

465 5522 512 5554 "
537 5524 790 5587 ὶῙαλικοῖς
817 5524 1230 5599 Wesselingius.
1332 5530 1376 5562 ⁷⁷
1405 5531 1640 5612 Τρύφων
1665 5565 1736 5576 -—
1767 5538 1870 5591 ὑπο
1899 5570 1967 5580 κ-
1993 5549 2458 5637 προσηγορεύετο]
2489 5553 2743 5622 τρόφωνα
2775 5584 2844 5596 —
2872 5561 3013 5629 μετά
3034 5594 3106 5603 --
3155 5567 3504 5637 προηγάγετο
3526 5569 3571 5620 Α
3602 5580 3658 5624 et

477 5595 488 5637 i
521 5594 775 5637 τούιςιηνη
813 5597 996 5637 Ιιιιιιιιιὶ
1033 5598 1068 5637 ll
1168 5600 1212 5629 ’1⁸
1238 5600 1500 5637 Τηιήνειη
1535 5609 1562 5637 Α
1697 5606 1740 5637 rs
1793 5609 2242 5637 1...-.--._'-__.___
2318 5621 2337 5637 Α
2481 5622 2523 5637 α..
2698 5626 2708 5637 .
2787 5625 2822 5637 η
2946 5631 2985 5637 --
3049 5634 3058 5637 _

373 5592 425 5661 (ιι
455 5595 489 5644 ιὶ
521 5594 779 5662 τρύφωνα
813 5597 996 5657 habet)
1033 5592 1116 5652 li:
1168 5600 1212 5629 ⁷⁸
1238 5592 1503 5669 Τριόκελα
1529 5592 1593 5658 Ᾱ.
1697 5606 1740 5638 ’9
1791 5592 2254 5668 άνίτισττοιίθσασθξιι⁸
2309 5621 2371 5672 Α,
2407 5592 2456 5622 ’⁵³
2479 5592 2749 5692 sufﬁgat
2784 5625 2843 5680 Β,
2872 5592 3013 5663 Pasti“
3041 5634 3140 5688 θαυ
3155 5592 3657 5694 ῗὲξρᾶῆῖῑξζῆδι

373 5665 418 5694 ⁵³
449 5661 661 5706 ἅπαντα
692 5682 745 5706 τε
827 5667 870 5697 ³³
894 5668 1140 5706 λένςντίιμιι
1172 5686 1210 5706 ρ-
1309 5672 1360 5703 8's.
1385 5675 1734 5706 uersutia.--
1758 5677 1792 5706 Ir
1892 5681 1936 5706 as
1965 5649 2042 5706 --‘
2063 5686 2081 5706 ι
2119 5699 2131 5706 .
2260 5703 2276 5706 Α
2405 5692 2446 5706 ιη,
2493 5697 2505 5706 .
2571 5694 2580 5706 ι
2693 5695 2737 5706 υ
3148 5655 3161 5706 ί
3272 5669 3288 5689 ⁶¹
3346 5679 3367 5702 ι
3519 5679 3532 5692 ·
3639 5679 3657 5695 ο

453 5665 474 5678 ..
900 5668 921 5681 .
1288 5665 1297 5669 -
1336 5672 1342 5686 ,
1595 5676 1605 5688 ,
2032 5665 2042 5681 .
2195 5665 2242 5668 η
2587 5665 2747 5692 τη-..
2784 5665 2843 5680 υ.

367 5665 418 5694 ⁸³
449 5678 662 5717 απαντα
692 5682 750 5728 ς.
827 5667 870 5697 ³³
894 5669 1143 5736 οέχεσθαι
1172 5686 1231 5733 ς.
1309 5675 1360 5703 ⁸*
1385 5690 1448 5724 πε
1461 5675 1735 5743 ριεϐαλετο
1757 5677 1812 5731 Β.
1892 5681 1936 5712 ⁸⁵
1964 5698 2019 5734 τε
2049 5686 2094 5736 Α
2119 5699 2131 5736 :
2160 5703 2220 5754 γε
2248 5703 2308 5750 ς.
2404 5692 2449 5723 ⁸⁸
2477 5694 2812 5750 Λεύκουλλον
2833 5715 2894 5763 ς,
