  <div class='ocr_page' id='page_1' title='image "/cluster/home/n/w/nwhite01/storage/ocr_20150623/103 pt.3/mdp.39015061933738/730.png"; bbox 0 0 2006 3118; ppageno 0'>
   <div class='ocr_carea' id='block_1_1' title="bbox 165 123 236 158">
    <p class='ocr_par' dir='ltr' id='par_1_1' title="bbox 165 123 236 158">
     <span class='ocr_line' id='line_1_1' title="bbox 165 123 236 158; baseline -0.042 0"><span class='ocrx_word' id='word_1_1' title='bbox 165 123 236 158; x_wconf 65' lang='grc'><strong>1425</strong></span> 
     </span>
    </p>
   </div>
   <div class='ocr_carea' id='block_1_2' title="bbox 677 127 1269 160">
    <p class='ocr_par' dir='ltr' id='par_1_2' title="bbox 677 127 1269 160">
     <span class='ocr_line' id='line_1_2' title="bbox 677 127 1269 160; baseline 0.005 -4"><span class='ocrx_word' id='word_1_2' title='bbox 677 127 942 158; x_wconf 83' lang='lat' dir='ltr'><strong>BIBLIOTHECA.</strong></span> <span class='ocrx_word' id='word_1_3' title='bbox 957 141 992 147; x_wconf 92' lang='lat'><strong>—</strong></span> <span class='ocrx_word' id='word_1_4' title='bbox 1010 128 1092 159; x_wconf 86' lang='lat' dir='ltr'><strong>COD.</strong></span> <span class='ocrx_word' id='word_1_5' title='bbox 1123 129 1269 160; x_wconf 81' lang='lat' dir='ltr'><strong>CCXLIV.</strong></span> 
     </span>
    </p>
   </div>
   <div class='ocr_carea' id='block_1_3' title="bbox 1729 126 1797 159">
    <p class='ocr_par' dir='ltr' id='par_1_3' title="bbox 1729 126 1797 159">
     <span class='ocr_line' id='line_1_3' title="bbox 1729 126 1797 159; baseline -0.015 0"><span class='ocrx_word' id='word_1_6' title='bbox 1729 126 1797 159; x_wconf 73' lang='grc'><strong>1426</strong></span> 
     </span>
    </p>
   </div>
   <div class='ocr_carea' id='block_1_4' title="bbox 158 179 962 219">
    <p class='ocr_par' dir='ltr' id='par_1_4' title="bbox 158 179 950 218">
     <span class='ocr_line' id='line_1_4' title="bbox 158 179 950 218; baseline 0.004 -11"><span class='ocrx_word' id='word_1_7' title='bbox 158 183 208 208; x_wconf 68' lang='grc' dir='ltr'>καὶ</span> <span class='ocrx_word' id='word_1_8' title='bbox 234 180 402 216; x_wconf 78' lang='grc' dir='ltr'>’Δκαρνᾶνας</span> <span class='ocrx_word' id='word_1_9' title='bbox 412 179 434 197; x_wconf 84' lang='grc'><strong>⁸⁷</strong></span> <span class='ocrx_word' id='word_1_10' title='bbox 450 181 637 214; x_wconf 75' lang='grc' dir='ltr'><strong>ὀκτακοσίους,</strong></span> <span class='ocrx_word' id='word_1_11' title='bbox 652 182 684 208; x_wconf 78' lang='grc' dir='ltr'>ἐκ</span> <span class='ocrx_word' id='word_1_12' title='bbox 695 182 723 209; x_wconf 79' lang='grc' dir='ltr'>δὲ</span> <span class='ocrx_word' id='word_1_13' title='bbox 734 183 784 218; x_wconf 88' lang='grc' dir='ltr'>τῆς</span> <span class='ocrx_word' id='word_1_14' title='bbox 796 183 950 215; x_wconf 73' lang='grc' dir='ltr'>Λευκανίας</span> 
     </span>
    </p>
   </div>
   <div class='ocr_carea' id='block_1_5' title="bbox 1014 179 1795 219">
    <p class='ocr_par' dir='ltr' id='par_1_5' title="bbox 1014 182 1795 219">
     <span class='ocr_line' id='line_1_5' title="bbox 1014 182 1795 219; baseline 0.001 -9"><span class='ocrx_word' id='word_1_15' title='bbox 1014 192 1033 211; x_wconf 52' lang='grc' dir='ltr'><strong>ξι</strong></span> <span class='ocrx_word' id='word_1_16' title='bbox 1043 184 1161 212; x_wconf 84' lang='lat' dir='ltr'><strong>Lucania</strong></span> <span class='ocrx_word' id='word_1_17' title='bbox 1170 192 1236 212; x_wconf 89' lang='lat' dir='ltr'><strong>vero</strong></span> <span class='ocrx_word' id='word_1_18' title='bbox 1243 184 1304 215; x_wconf 81' lang='lat'><strong>600,</strong></span> <span class='ocrx_word' id='word_1_19' title='bbox 1314 183 1412 219; x_wconf 95' lang='lat' dir='ltr'><strong>quibus</strong></span> <span class='ocrx_word' id='word_1_20' title='bbox 1425 182 1668 219; x_wconf 79' lang='lat' dir='ltr'><strong>praeeratCleptius</strong></span> <span class='ocrx_word' id='word_1_21' title='bbox 1676 182 1795 218; x_wconf 84' lang='lat' dir='ltr'><strong>impera-</strong></span> 
     </span>
    </p>
   </div>
   <div class='ocr_carea' id='block_1_6' title="bbox 158 222 951 264">
    <p class='ocr_par' dir='ltr' id='par_1_6' title="bbox 158 222 951 264">
     <span class='ocr_line' id='line_1_6' title="bbox 158 222 951 264; baseline 0.004 -11"><span class='ocrx_word' id='word_1_22' title='bbox 158 226 332 259; x_wconf 73' lang='grc' dir='ltr'><strong>ἑξακοσίους,</strong></span> <span class='ocrx_word' id='word_1_23' title='bbox 356 222 394 254; x_wconf 78' lang='grc' dir='ltr'>ὧν</span> <span class='ocrx_word' id='word_1_24' title='bbox 407 227 501 262; x_wconf 82' lang='grc' dir='ltr'>ἡγεῖτο</span> <span class='ocrx_word' id='word_1_25' title='bbox 514 227 660 260; x_wconf 79' lang='grc' dir='ltr'>Κλέπτιος,</span> <span class='ocrx_word' id='word_1_26' title='bbox 680 227 752 263; x_wconf 79' lang='grc' dir='ltr'>ἀνὴρ</span> <span class='ocrx_word' id='word_1_27' title='bbox 766 229 951 264; x_wconf 73' lang='grc' dir='ltr'>στρατηγικὸς</span> 
     </span>
    </p>
   </div>
   <div class='ocr_carea' id='block_1_7' title="bbox 159 271 954 309">
    <p class='ocr_par' dir='ltr' id='par_1_7' title="bbox 159 271 954 309">
     <span class='ocr_line' id='line_1_7' title="bbox 159 271 954 309; baseline 0.003 -11"><span class='ocrx_word' id='word_1_28' title='bbox 159 271 209 299; x_wconf 76' lang='grc' dir='ltr'>καὶ</span> <span class='ocrx_word' id='word_1_29' title='bbox 222 272 268 298; x_wconf 69' lang='grc' dir='ltr'><strong>ἐπ’</strong></span> <span class='ocrx_word' id='word_1_30' title='bbox 280 271 392 307; x_wconf 79' lang='grc' dir='ltr'><strong>ἀνδρείᾳ</strong></span> <span class='ocrx_word' id='word_1_31' title='bbox 407 271 581 307; x_wconf 79' lang='grc' dir='ltr'>περιϐόητος,</span> <span class='ocrx_word' id='word_1_32' title='bbox 599 271 640 298; x_wconf 71' lang='grc' dir='ltr'>ἔτι</span> <span class='ocrx_word' id='word_1_33' title='bbox 653 272 683 299; x_wconf 76' lang='grc' dir='ltr'>δὲ</span> <span class='ocrx_word' id='word_1_34' title='bbox 695 274 745 299; x_wconf 76' lang='grc' dir='ltr'>καὶ</span> <span class='ocrx_word' id='word_1_35' title='bbox 761 273 873 309; x_wconf 76' lang='grc' dir='ltr'>ἑτέρους</span> <span class='ocrx_word' id='word_1_36' title='bbox 889 274 954 307; x_wconf 80' lang='grc' dir='ltr'><strong>ἐξα-</strong></span> 
     </span>
    </p>
   </div>
   <div class='ocr_carea' id='block_1_8' title="bbox 159 317 955 354">
    <p class='ocr_par' dir='ltr' id='par_1_8' title="bbox 159 317 955 354">
     <span class='ocr_line' id='line_1_8' title="bbox 159 317 955 354; baseline 0.001 -10"><span class='ocrx_word' id='word_1_37' title='bbox 159 318 286 350; x_wconf 79' lang='grc' dir='ltr'>κοσίους,</span> <span class='ocrx_word' id='word_1_38' title='bbox 314 317 352 349; x_wconf 79' lang='grc' dir='ltr'><strong>ὡς</strong></span> <span class='ocrx_word' id='word_1_39' title='bbox 382 317 510 351; x_wconf 72' lang='grc' dir='ltr'>γενέσθαι</span> <span class='ocrx_word' id='word_1_40' title='bbox 535 317 697 352; x_wconf 77' lang='grc' dir='ltr'>σύμπαντας</span> <span class='ocrx_word' id='word_1_41' title='bbox 733 319 955 354; x_wconf 71' lang='grc' dir='ltr'>ἑπτακισχιλίους</span> 
     </span>
    </p>
   </div>
   <div class='ocr_carea' id='block_1_9' title="bbox 159 363 956 399">
    <p class='ocr_par' dir='ltr' id='par_1_9' title="bbox 159 363 956 399">
     <span class='ocr_line' id='line_1_9' title="bbox 159 363 956 399; baseline 0.003 -9"><span class='ocrx_word' id='word_1_42' title='bbox 159 364 210 391; x_wconf 80' lang='grc' dir='ltr'>καὶ</span> <span class='ocrx_word' id='word_1_43' title='bbox 228 363 353 398; x_wconf 85' lang='grc' dir='ltr'><strong>μυρίους,</strong></span> <span class='ocrx_word' id='word_1_44' title='bbox 365 363 413 395; x_wconf 82' lang='grc' dir='ltr'>οὓς</span> <span class='ocrx_word' id='word_1_45' title='bbox 426 363 496 399; x_wconf 76' lang='grc' dir='ltr'>ἔχων</span> <span class='ocrx_word' id='word_1_46' title='bbox 507 364 641 390; x_wconf 78' lang='grc' dir='ltr'>κατέλαόε</span> <span class='ocrx_word' id='word_1_47' title='bbox 656 364 706 399; x_wconf 85' lang='grc' dir='ltr'><strong>τὴν</strong></span> <span class='ocrx_word' id='word_1_48' title='bbox 721 364 857 392; x_wconf 78' lang='grc' dir='ltr'><strong>Σικελίαν.</strong></span> <span class='ocrx_word' id='word_1_49' title='bbox 882 366 911 392; x_wconf 93' lang='lat'><strong>&#39;0</strong></span> <span class='ocrx_word' id='word_1_50' title='bbox 926 365 956 392; x_wconf 77' lang='grc' dir='ltr'>δὲ</span> 
     </span>
    </p>
   </div>
   <div class='ocr_carea' id='block_1_10' title="bbox 161 408 957 445">
    <p class='ocr_par' dir='ltr' id='par_1_10' title="bbox 161 408 957 445">
     <span class='ocr_line' id='line_1_10' title="bbox 161 408 957 445; baseline 0.004 -11"><span class='ocrx_word' id='word_1_51' title='bbox 161 408 281 444; x_wconf 86' lang='grc' dir='ltr'><strong>Τρύφων</strong></span> <span class='ocrx_word' id='word_1_52' title='bbox 296 408 437 440; x_wconf 76' lang='grc' dir='ltr'><strong>ἀπολύσας</strong></span> <span class='ocrx_word' id='word_1_53' title='bbox 462 409 613 445; x_wconf 83' lang='grc' dir='ltr'>Ἀθηνίωνα</span> <span class='ocrx_word' id='word_1_54' title='bbox 624 410 674 445; x_wconf 84' lang='grc' dir='ltr'>τῆς</span> <span class='ocrx_word' id='word_1_55' title='bbox 689 410 779 442; x_wconf 86' lang='grc' dir='ltr'>αίτίας</span> <span class='ocrx_word' id='word_1_56' title='bbox 799 410 957 438; x_wconf 67' lang='grc' dir='ltr'>ἐϐουλεύετο</span> 
     </span>
    </p>
   </div>
   <div class='ocr_carea' id='block_1_11' title="bbox 163 454 958 492">
    <p class='ocr_par' dir='ltr' id='par_1_11' title="bbox 163 454 958 492">
     <span class='ocr_line' id='line_1_11' title="bbox 163 454 958 492; baseline 0.005 -12"><span class='ocrx_word' id='word_1_57' title='bbox 163 454 295 489; x_wconf 78' lang='grc' dir='ltr'>περὶτοῦ</span> <span class='ocrx_word' id='word_1_58' title='bbox 321 455 390 490; x_wconf 79' lang='grc' dir='ltr'>πρὸς</span> <span class='ocrx_word' id='word_1_59' title='bbox 423 455 578 490; x_wconf 84' lang='grc' dir='ltr'>Ῥωμαίους</span> <span class='ocrx_word' id='word_1_60' title='bbox 606 455 737 491; x_wconf 82' lang='grc' dir='ltr'>πολέμου.</span> <span class='ocrx_word' id='word_1_61' title='bbox 767 456 823 483; x_wconf 79' lang='grc' dir='ltr'><strong>Καὶ</strong></span> <span class='ocrx_word' id='word_1_62' title='bbox 841 456 880 492; x_wconf 88' lang='grc' dir='ltr'><strong>τῷ</strong></span> <span class='ocrx_word' id='word_1_63' title='bbox 907 457 958 492; x_wconf 75' lang='grc' dir='ltr'>μὲν</span> 
     </span>
    </p>
   </div>
   <div class='ocr_carea' id='block_1_12' title="bbox 163 501 958 538">
    <p class='ocr_par' dir='ltr' id='par_1_12' title="bbox 163 501 958 538">
     <span class='ocr_line' id='line_1_12' title="bbox 163 501 958 538; baseline 0.004 -12"><span class='ocrx_word' id='word_1_64' title='bbox 163 501 282 536; x_wconf 73' lang='grc' dir='ltr'>ἤρεσκεν</span> <span class='ocrx_word' id='word_1_65' title='bbox 297 501 328 527; x_wconf 80' lang='grc' dir='ltr'>ὲν</span> <span class='ocrx_word' id='word_1_66' title='bbox 342 502 398 532; x_wconf 86' lang='grc' dir='ltr'>τοῖς</span> <span class='ocrx_word' id='word_1_67' title='bbox 413 501 574 536; x_wconf 80' lang='grc' dir='ltr'>Τριοκάλοις</span> <span class='ocrx_word' id='word_1_68' title='bbox 581 501 774 536; x_wconf 82' lang='grc' dir='ltr'>ἀγωνίζεσθαι,</span> <span class='ocrx_word' id='word_1_69' title='bbox 789 502 920 538; x_wconf 82' lang='grc' dir='ltr'>’Δθηνίων</span> <span class='ocrx_word' id='word_1_70' title='bbox 929 503 958 529; x_wconf 61' lang='grc' dir='ltr'>δὲ</span> 
     </span>
    </p>
   </div>
   <div class='ocr_carea' id='block_1_13' title="bbox 165 546 957 582">
    <p class='ocr_par' dir='ltr' id='par_1_13' title="bbox 165 546 957 582">
     <span class='ocr_line' id='line_1_13' title="bbox 165 546 957 582; baseline 0.003 -10"><span class='ocrx_word' id='word_1_71' title='bbox 165 546 342 573; x_wconf 77' lang='grc' dir='ltr'>συνεϐούλευε</span> <span class='ocrx_word' id='word_1_72' title='bbox 360 547 398 581; x_wconf 87' lang='grc' dir='ltr'>μὴ</span> <span class='ocrx_word' id='word_1_73' title='bbox 417 548 571 580; x_wconf 78' lang='grc' dir='ltr'>συγκλείειν</span> <span class='ocrx_word' id='word_1_74' title='bbox 593 549 706 579; x_wconf 78' lang='grc' dir='ltr'>ἑαυτοὺς</span> <span class='ocrx_word' id='word_1_75' title='bbox 729 549 768 579; x_wconf 85' lang='grc' dir='ltr'><strong>είς</strong></span> <span class='ocrx_word' id='word_1_76' title='bbox 788 548 957 582; x_wconf 73' lang='grc' dir='ltr'>πολιορκίαν,</span> 
     </span>
    </p>
   </div>
   <div class='ocr_carea' id='block_1_14' title="bbox 164 593 958 629">
    <p class='ocr_par' dir='ltr' id='par_1_14' title="bbox 164 593 958 629">
     <span class='ocr_line' id='line_1_14' title="bbox 164 593 958 629; baseline 0.004 -11"><span class='ocrx_word' id='word_1_77' title='bbox 164 593 223 619; x_wconf 83' lang='grc' dir='ltr'>ἀλλ’</span> <span class='ocrx_word' id='word_1_78' title='bbox 252 594 281 619; x_wconf 83' lang='grc' dir='ltr'>ὲν</span> <span class='ocrx_word' id='word_1_79' title='bbox 308 594 433 628; x_wconf 79' lang='grc' dir='ltr'>ὑπαίθρῳ</span> <span class='ocrx_word' id='word_1_80' title='bbox 466 594 686 628; x_wconf 78' lang='grc' dir='ltr'>διαγωνίζεσθαι.</span> <span class='ocrx_word' id='word_1_81' title='bbox 715 595 901 629; x_wconf 85' lang='grc' dir='ltr'>Κρατησάσης</span> <span class='ocrx_word' id='word_1_82' title='bbox 930 595 958 621; x_wconf 81' lang='grc' dir='ltr'>δὲ</span> 
     </span>
    </p>
   </div>
   <div class='ocr_carea' id='block_1_15' title="bbox 163 638 960 675">
    <p class='ocr_par' dir='ltr' id='par_1_15' title="bbox 163 638 960 675">
     <span class='ocr_line' id='line_1_15' title="bbox 163 638 960 675; baseline 0.003 -11"><span class='ocrx_word' id='word_1_83' title='bbox 163 638 267 673; x_wconf 83' lang='grc' dir='ltr'>ταύτης</span> <span class='ocrx_word' id='word_1_84' title='bbox 284 639 306 654; x_wconf 70' lang='grc'><strong>⁸⁸</strong></span> <span class='ocrx_word' id='word_1_85' title='bbox 327 638 378 670; x_wconf 75' lang='grc' dir='ltr'>τῆς</span> <span class='ocrx_word' id='word_1_86' title='bbox 404 639 502 674; x_wconf 81' lang='grc' dir='ltr'>βουλῆς</span> <span class='ocrx_word' id='word_1_87' title='bbox 527 640 828 675; x_wconf 72' lang='grc' dir='ltr'>κατεστρατοπέδευσαν</span> <span class='ocrx_word' id='word_1_88' title='bbox 848 639 960 674; x_wconf 84' lang='grc' dir='ltr'>πλησίον</span> 
     </span>
    </p>
   </div>
   <div class='ocr_carea' id='block_1_16' title="bbox 165 684 959 721">
    <p class='ocr_par' dir='ltr' id='par_1_16' title="bbox 165 684 959 721">
     <span class='ocr_line' id='line_1_16' title="bbox 165 684 959 721; baseline 0.003 -12"><span class='ocrx_word' id='word_1_89' title='bbox 165 684 315 719; x_wconf 84' lang='grc' dir='ltr'>Σκιρθαίας</span> <span class='ocrx_word' id='word_1_90' title='bbox 343 684 377 716; x_wconf 74' lang='grc'><strong>⁸³,</strong></span> <span class='ocrx_word' id='word_1_91' title='bbox 399 685 475 715; x_wconf 72' lang='grc' dir='ltr'>ὅντες</span> <span class='ocrx_word' id='word_1_92' title='bbox 488 686 537 711; x_wconf 81' lang='grc' dir='ltr'><strong>ούκ</strong></span> <span class='ocrx_word' id='word_1_93' title='bbox 552 685 681 716; x_wconf 79' lang='grc' dir='ltr'>ἐλάττους</span> <span class='ocrx_word' id='word_1_94' title='bbox 698 686 753 712; x_wconf 85' lang='grc' dir='ltr'><strong>τῶν</strong></span> <span class='ocrx_word' id='word_1_95' title='bbox 773 694 959 721; x_wconf 82' lang='grc' dir='ltr'>τετρακισμυ-</span> 
     </span>
    </p>
   </div>
   <div class='ocr_carea' id='block_1_17' title="bbox 166 731 958 767">
    <p class='ocr_par' dir='ltr' id='par_1_17' title="bbox 166 731 958 767">
     <span class='ocr_line' id='line_1_17' title="bbox 166 731 958 767; baseline 0.004 -12"><span class='ocrx_word' id='word_1_96' title='bbox 166 732 234 765; x_wconf 73' lang='grc' dir='ltr'>ρίων</span> <span class='ocrx_word' id='word_1_97' title='bbox 251 738 258 745; x_wconf 75' lang='grc'><em>”</em></span> <span class='ocrx_word' id='word_1_98' title='bbox 287 731 384 765; x_wconf 77' lang='grc' dir='ltr'>ἀπεῖχε</span> <span class='ocrx_word' id='word_1_99' title='bbox 412 731 433 756; x_wconf 83' lang='grc' dir='ltr'>δ’</span> <span class='ocrx_word' id='word_1_100' title='bbox 457 732 548 757; x_wconf 80' lang='grc' dir='ltr'>αὐτῶν</span> <span class='ocrx_word' id='word_1_101' title='bbox 573 732 589 767; x_wconf 79' lang='grc' dir='ltr'><strong>ἡ</strong></span> <span class='ocrx_word' id='word_1_102' title='bbox 626 732 770 766; x_wconf 86' lang='grc' dir='ltr'>Ῥωμαίων</span> <span class='ocrx_word' id='word_1_103' title='bbox 797 731 958 767; x_wconf 80' lang='grc' dir='ltr'>παρεμὸολὴ</span> 
     </span>
    </p>
   </div>
   <div class='ocr_carea' id='block_1_18' title="bbox 167 775 961 813">
    <p class='ocr_par' dir='ltr' id='par_1_18' title="bbox 167 775 961 813">
     <span class='ocr_line' id='line_1_18' title="bbox 167 775 961 813; baseline 0 -11"><span class='ocrx_word' id='word_1_104' title='bbox 167 776 262 803; x_wconf 81' lang='grc' dir='ltr'>στάδια</span> <span class='ocrx_word' id='word_1_105' title='bbox 277 777 449 804; x_wconf 77' lang='grc' dir='ltr'>δυοκαίδεκα.</span> <span class='ocrx_word' id='word_1_106' title='bbox 466 777 502 803; x_wconf 88' lang='grc' dir='ltr'><strong>Τὸ</strong></span> <span class='ocrx_word' id='word_1_107' title='bbox 515 778 563 812; x_wconf 78' lang='grc' dir='ltr'>μὲν</span> <span class='ocrx_word' id='word_1_108' title='bbox 578 775 624 804; x_wconf 76' lang='grc' dir='ltr'>οὖν</span> <span class='ocrx_word' id='word_1_109' title='bbox 639 777 747 813; x_wconf 81' lang='grc' dir='ltr'>πρῶτον</span> <span class='ocrx_word' id='word_1_110' title='bbox 759 777 879 811; x_wconf 80' lang='grc' dir='ltr'>ἐγίνοντο</span> <span class='ocrx_word' id='word_1_111' title='bbox 899 786 961 802; x_wconf 86' lang='grc' dir='ltr'>συν-</span> 
     </span>
    </p>
   </div>
   <div class='ocr_carea' id='block_1_19' title="bbox 166 822 959 859">
    <p class='ocr_par' dir='ltr' id='par_1_19' title="bbox 166 822 959 859">
     <span class='ocr_line' id='line_1_19' title="bbox 166 822 959 859; baseline 0 -9"><span class='ocrx_word' id='word_1_112' title='bbox 166 825 239 859; x_wconf 81' lang='grc' dir='ltr'>εχεῖς</span> <span class='ocrx_word' id='word_1_113' title='bbox 251 824 446 859; x_wconf 76' lang='grc' dir='ltr'>ἀκροϐολισμοὶ</span> <span class='ocrx_word' id='word_1_114' title='bbox 460 833 466 839; x_wconf 91' lang='grc'><strong>·</strong></span> <span class='ocrx_word' id='word_1_115' title='bbox 485 822 544 857; x_wconf 64' lang='grc' dir='ltr'>εἶτα</span> <span class='ocrx_word' id='word_1_116' title='bbox 561 824 797 859; x_wconf 79' lang='grc' dir='ltr'>παραταξαμένων</span> <span class='ocrx_word' id='word_1_117' title='bbox 809 824 959 858; x_wconf 80' lang='grc' dir='ltr'>ἑκατέρων.</span> 
     </span>
    </p>
   </div>
   <div class='ocr_carea' id='block_1_20' title="bbox 1004 226 1797 263">
    <p class='ocr_par' dir='ltr' id='par_1_20' title="bbox 1004 226 1797 263">
     <span class='ocr_line' id='line_1_20' title="bbox 1004 226 1797 263; baseline -0.004 -6"><span class='ocrx_word' id='word_1_118' title='bbox 1004 234 1058 263; x_wconf 87' lang='lat' dir='ltr'><strong>tor,</strong></span> <span class='ocrx_word' id='word_1_119' title='bbox 1070 230 1109 257; x_wconf 87' lang='lat' dir='ltr'><strong>rei</strong></span> <span class='ocrx_word' id='word_1_120' title='bbox 1120 230 1245 257; x_wconf 86' lang='lat' dir='ltr'><strong>militaris</strong></span> <span class='ocrx_word' id='word_1_121' title='bbox 1257 228 1372 257; x_wconf 83' lang='lat' dir='ltr'><strong>scientia</strong></span> <span class='ocrx_word' id='word_1_122' title='bbox 1384 233 1411 256; x_wconf 90' lang='lat' dir='ltr'><strong>et</strong></span> <span class='ocrx_word' id='word_1_123' title='bbox 1419 227 1578 256; x_wconf 70' lang='lat' dir='ltr'><strong>fortitudine</strong></span> <span class='ocrx_word' id='word_1_124' title='bbox 1589 226 1797 255; x_wconf 82' lang='lat' dir='ltr'><strong>celeberrimus.</strong></span> 
     </span>
    </p>
   </div>
   <div class='ocr_carea' id='block_1_21' title="bbox 1004 271 1799 308">
    <p class='ocr_par' dir='ltr' id='par_1_21' title="bbox 1004 271 1799 308">
     <span class='ocr_line' id='line_1_21' title="bbox 1004 271 1799 308; baseline -0.003 -7"><span class='ocrx_word' id='word_1_125' title='bbox 1004 274 1079 301; x_wconf 82' lang='lat' dir='ltr'><strong>Alios</strong></span> <span class='ocrx_word' id='word_1_126' title='bbox 1098 277 1229 308; x_wconf 73' lang='lat' dir='ltr'><strong>praeterea</strong></span> <span class='ocrx_word' id='word_1_127' title='bbox 1241 273 1305 305; x_wconf 85' lang='lat'><strong>600,</strong></span> <span class='ocrx_word' id='word_1_128' title='bbox 1323 273 1390 300; x_wconf 89' lang='lat' dir='ltr'><strong>adeo</strong></span> <span class='ocrx_word' id='word_1_129' title='bbox 1403 277 1433 300; x_wconf 91' lang='lat' dir='ltr'><strong>ut</strong></span> <span class='ocrx_word' id='word_1_130' title='bbox 1444 271 1564 300; x_wconf 81' lang='lat' dir='ltr'><strong>universi</strong></span> <span class='ocrx_word' id='word_1_131' title='bbox 1581 279 1725 300; x_wconf 80' lang='lat' dir='ltr'><strong>numerum</strong></span> <span class='ocrx_word' id='word_1_132' title='bbox 1750 280 1799 302; x_wconf 66' lang='lat' dir='ltr'><strong>,se-</strong></span> 
     </span>
    </p>
   </div>
   <div class='ocr_carea' id='block_1_22' title="bbox 1006 317 1801 356">
    <p class='ocr_par' dir='ltr' id='par_1_22' title="bbox 1006 317 1801 356">
     <span class='ocr_line' id='line_1_22' title="bbox 1006 317 1801 356; baseline -0.004 -8"><span class='ocrx_word' id='word_1_133' title='bbox 1006 320 1166 356; x_wconf 86' lang='lat' dir='ltr'><strong>ptemdecim</strong></span> <span class='ocrx_word' id='word_1_134' title='bbox 1191 319 1304 347; x_wconf 85' lang='lat' dir='ltr'><strong>millium</strong></span> <span class='ocrx_word' id='word_1_135' title='bbox 1320 318 1467 347; x_wconf 72' lang='lat' dir='ltr'><strong>edicerent.</strong></span> <span class='ocrx_word' id='word_1_136' title='bbox 1482 318 1549 345; x_wconf 85' lang='lat' dir='ltr'><strong>Cum</strong></span> <span class='ocrx_word' id='word_1_137' title='bbox 1561 318 1611 350; x_wconf 82' lang='lat' dir='ltr'><strong>&#39;bis</strong></span> <span class='ocrx_word' id='word_1_138' title='bbox 1631 318 1717 352; x_wconf 79' lang='lat' dir='ltr'><strong>copiis</strong></span> <span class='ocrx_word' id='word_1_139' title='bbox 1731 317 1801 345; x_wconf 88' lang='lat' dir='ltr'><strong>Sici-</strong></span> 
     </span>
    </p>
   </div>
   <div class='ocr_carea' id='block_1_23' title="bbox 1006 364 1798 402">
    <p class='ocr_par' dir='ltr' id='par_1_23' title="bbox 1006 364 1798 402">
     <span class='ocr_line' id='line_1_23' title="bbox 1006 364 1798 402; baseline -0.005 -7"><span class='ocrx_word' id='word_1_140' title='bbox 1006 367 1070 395; x_wconf 85' lang='lat' dir='ltr'><strong>liam</strong></span> <span class='ocrx_word' id='word_1_141' title='bbox 1094 372 1219 402; x_wconf 93' lang='lat' dir='ltr'><strong>occupat.</strong></span> <span class='ocrx_word' id='word_1_142' title='bbox 1251 366 1382 402; x_wconf 85' lang='lat' dir='ltr'><strong>Tryphon</strong></span> <span class='ocrx_word' id='word_1_143' title='bbox 1410 365 1492 400; x_wconf 83' lang='lat' dir='ltr'><strong>igitur</strong></span> <span class='ocrx_word' id='word_1_144' title='bbox 1518 364 1626 399; x_wconf 87' lang='lat' dir='ltr'><strong>culpam</strong></span> <span class='ocrx_word' id='word_1_145' title='bbox 1650 364 1798 391; x_wconf 83' lang='lat' dir='ltr'><strong>Athenioni</strong></span> 
     </span>
    </p>
   </div>
   <div class='ocr_carea' id='block_1_24' title="bbox 1007 410 1801 444">
    <p class='ocr_par' dir='ltr' id='par_1_24' title="bbox 1007 410 1801 444">
     <span class='ocr_line' id='line_1_24' title="bbox 1007 410 1801 444; baseline -0.004 -5"><span class='ocrx_word' id='word_1_146' title='bbox 1007 412 1176 444; x_wconf 83' lang='lat' dir='ltr'><strong>condonans,</strong></span> <span class='ocrx_word' id='word_1_147' title='bbox 1195 412 1228 439; x_wconf 89' lang='lat' dir='ltr'><strong>ad</strong></span> <span class='ocrx_word' id='word_1_148' title='bbox 1243 411 1468 440; x_wconf 73' lang='lat' dir='ltr'><strong>deliberationem</strong></span> <span class='ocrx_word' id='word_1_149' title='bbox 1481 411 1515 437; x_wconf 90' lang='lat' dir='ltr'><strong>de</strong></span> <span class='ocrx_word' id='word_1_150' title='bbox 1531 410 1602 438; x_wconf 90' lang='lat' dir='ltr'><strong>bello</strong></span> <span class='ocrx_word' id='word_1_151' title='bbox 1619 410 1645 436; x_wconf 93' lang='lat' dir='ltr'><strong>in</strong></span> <span class='ocrx_word' id='word_1_152' title='bbox 1661 410 1801 437; x_wconf 84' lang='lat' dir='ltr'><strong>Romanos</strong></span> 
     </span>
    </p>
   </div>
   <div class='ocr_carea' id='block_1_25' title="bbox 1007 455 1801 492">
    <p class='ocr_par' dir='ltr' id='par_1_25' title="bbox 1007 455 1801 492">
     <span class='ocr_line' id='line_1_25' title="bbox 1007 455 1801 492; baseline -0.005 -7"><span class='ocrx_word' id='word_1_153' title='bbox 1007 456 1126 492; x_wconf 83' lang='lat' dir='ltr'><strong>gerendo</strong></span> <span class='ocrx_word' id='word_1_154' title='bbox 1138 464 1200 485; x_wconf 88' lang='lat' dir='ltr'><strong>eum</strong></span> <span class='ocrx_word' id='word_1_155' title='bbox 1218 457 1352 485; x_wconf 72' lang='lat' dir='ltr'><strong>adhibuit.</strong></span> <span class='ocrx_word' id='word_1_156' title='bbox 1366 455 1400 484; x_wconf 87' lang='lat' dir='ltr'><strong>Et</strong></span> <span class='ocrx_word' id='word_1_157' title='bbox 1419 455 1575 491; x_wconf 87' lang='lat' dir='ltr'><strong>Tryphonis</strong></span> <span class='ocrx_word' id='word_1_158' title='bbox 1586 455 1696 490; x_wconf 80' lang='lat' dir='ltr'><strong>quidem</strong></span> <span class='ocrx_word' id='word_1_159' title='bbox 1711 455 1801 482; x_wconf 84' lang='lat' dir='ltr'><strong>consi-</strong></span> 
     </span>
    </p>
   </div>
   <div class='ocr_carea' id='block_1_26' title="bbox 1009 501 1800 536">
    <p class='ocr_par' dir='ltr' id='par_1_26' title="bbox 1009 501 1800 536">
     <span class='ocr_line' id='line_1_26' title="bbox 1009 501 1800 536; baseline -0.006 -4"><span class='ocrx_word' id='word_1_160' title='bbox 1009 504 1076 532; x_wconf 83' lang='lat' dir='ltr'><strong>lium</strong></span> <span class='ocrx_word' id='word_1_161' title='bbox 1101 507 1173 536; x_wconf 89' lang='lat' dir='ltr'><strong>erat,</strong></span> <span class='ocrx_word' id='word_1_162' title='bbox 1203 507 1233 530; x_wconf 93' lang='lat' dir='ltr'><strong>ut</strong></span> <span class='ocrx_word' id='word_1_163' title='bbox 1254 502 1388 530; x_wconf 86' lang='lat' dir='ltr'><strong>Triocaiis</strong></span> <span class='ocrx_word' id='word_1_164' title='bbox 1412 506 1574 534; x_wconf 69' lang='lat' dir='ltr'><strong>manentes,</strong></span> <span class='ocrx_word' id='word_1_165' title='bbox 1592 501 1655 528; x_wconf 87' lang='lat' dir='ltr'><strong>inde</strong></span> <span class='ocrx_word' id='word_1_166' title='bbox 1683 508 1800 535; x_wconf 88' lang='lat' dir='ltr'><strong>pugnam</strong></span> 
     </span>
    </p>
   </div>
   <div class='ocr_carea' id='block_1_27' title="bbox 1009 546 1801 581">
    <p class='ocr_par' dir='ltr' id='par_1_27' title="bbox 1009 546 1801 581">
     <span class='ocr_line' id='line_1_27' title="bbox 1009 546 1801 581; baseline -0.006 -3"><span class='ocrx_word' id='word_1_167' title='bbox 1009 550 1210 578; x_wconf 85' lang='lat' dir='ltr'><strong>committerent</strong></span> <span class='ocrx_word' id='word_1_168' title='bbox 1225 558 1232 575; x_wconf 72' lang='grc' dir='ltr'>ε</span> <span class='ocrx_word' id='word_1_169' title='bbox 1252 548 1367 575; x_wconf 75' lang='lat' dir='ltr'><strong>Athenio</strong></span> <span class='ocrx_word' id='word_1_170' title='bbox 1382 551 1472 574; x_wconf 86' lang='lat' dir='ltr'><strong>autem</strong></span> <span class='ocrx_word' id='word_1_171' title='bbox 1487 551 1585 574; x_wconf 84' lang='lat' dir='ltr'><strong>auctor</strong></span> <span class='ocrx_word' id='word_1_172' title='bbox 1597 550 1667 579; x_wconf 86' lang='lat' dir='ltr'><strong>erat,</strong></span> <span class='ocrx_word' id='word_1_173' title='bbox 1683 554 1717 573; x_wconf 90' lang='lat' dir='ltr'><strong>ne</strong></span> <span class='ocrx_word' id='word_1_174' title='bbox 1729 546 1801 581; x_wconf 83' lang='lat' dir='ltr'><strong>seip-</strong></span> 
     </span>
    </p>
   </div>
   <div class='ocr_carea' id='block_1_28' title="bbox 1009 592 1799 628">
    <p class='ocr_par' dir='ltr' id='par_1_28' title="bbox 1009 592 1799 628">
     <span class='ocr_line' id='line_1_28' title="bbox 1009 592 1799 628; baseline -0.008 -4"><span class='ocrx_word' id='word_1_175' title='bbox 1009 603 1054 624; x_wconf 82' lang='lat' dir='ltr'><strong>sos</strong></span> <span class='ocrx_word' id='word_1_176' title='bbox 1070 594 1212 622; x_wconf 87' lang='lat' dir='ltr'><strong>obsidione</strong></span> <span class='ocrx_word' id='word_1_177' title='bbox 1238 593 1383 622; x_wconf 86' lang='lat' dir='ltr'><strong>intercludi</strong></span> <span class='ocrx_word' id='word_1_178' title='bbox 1406 597 1574 628; x_wconf 84' lang='lat' dir='ltr'><strong>paterentur,</strong></span> <span class='ocrx_word' id='word_1_179' title='bbox 1594 592 1643 620; x_wconf 85' lang='lat' dir='ltr'><strong>sed</strong></span> <span class='ocrx_word' id='word_1_180' title='bbox 1660 592 1754 626; x_wconf 84' lang='lat' dir='ltr'><strong>potius</strong></span> <span class='ocrx_word' id='word_1_181' title='bbox 1772 592 1799 618; x_wconf 93' lang='lat' dir='ltr'><strong>in</strong></span> 
     </span>
    </p>
   </div>
   <div class='ocr_carea' id='block_1_29' title="bbox 1010 636 1800 675">
    <p class='ocr_par' dir='ltr' id='par_1_29' title="bbox 1010 636 1800 675">
     <span class='ocr_line' id='line_1_29' title="bbox 1010 636 1800 675; baseline -0.006 -7"><span class='ocrx_word' id='word_1_182' title='bbox 1010 645 1104 675; x_wconf 86' lang='lat' dir='ltr'><strong>aperto</strong></span> <span class='ocrx_word' id='word_1_183' title='bbox 1125 646 1224 674; x_wconf 86' lang='lat' dir='ltr'><strong>campo</strong></span> <span class='ocrx_word' id='word_1_184' title='bbox 1244 638 1415 666; x_wconf 82' lang='lat' dir='ltr'><strong>dimicarent.</strong></span> <span class='ocrx_word' id='word_1_185' title='bbox 1436 638 1505 665; x_wconf 85' lang='lat' dir='ltr'><strong>Cum</strong></span> <span class='ocrx_word' id='word_1_186' title='bbox 1530 637 1613 672; x_wconf 89' lang='lat' dir='ltr'><strong>igitur</strong></span> <span class='ocrx_word' id='word_1_187' title='bbox 1634 636 1726 672; x_wconf 87' lang='lat' dir='ltr'><strong>potior</strong></span> <span class='ocrx_word' id='word_1_188' title='bbox 1742 636 1800 664; x_wconf 83' lang='lat' dir='ltr'><strong>visa</strong></span> 
     </span>
    </p>
   </div>
   <div class='ocr_carea' id='block_1_30' title="bbox 1012 681 1801 717">
    <p class='ocr_par' dir='ltr' id='par_1_30' title="bbox 1012 681 1801 717">
     <span class='ocr_line' id='line_1_30' title="bbox 1012 681 1801 717; baseline -0.005 -4"><span class='ocrx_word' id='word_1_189' title='bbox 1012 690 1084 714; x_wconf 82' lang='lat' dir='ltr'><strong>esset</strong></span> <span class='ocrx_word' id='word_1_190' title='bbox 1099 685 1157 712; x_wconf 72' lang='lat' dir='ltr'><strong>haec</strong></span> <span class='ocrx_word' id='word_1_191' title='bbox 1179 684 1312 711; x_wconf 84' lang='lat' dir='ltr'><strong>sententia</strong></span> <span class='ocrx_word' id='word_1_192' title='bbox 1326 702 1335 716; x_wconf 89' lang='lat'><strong>,</strong></span> <span class='ocrx_word' id='word_1_193' title='bbox 1365 682 1442 717; x_wconf 80' lang='lat' dir='ltr'><strong>juxta</strong></span> <span class='ocrx_word' id='word_1_194' title='bbox 1468 681 1627 710; x_wconf 73' lang='lat' dir='ltr'><strong>Scirthteam</strong></span> <span class='ocrx_word' id='word_1_195' title='bbox 1655 687 1801 710; x_wconf 79' lang='lat' dir='ltr'><strong>castrame-</strong></span> 
     </span>
    </p>
   </div>
   <div class='ocr_carea' id='block_1_31' title="bbox 1011 727 1802 764">
    <p class='ocr_par' dir='ltr' id='par_1_31' title="bbox 1011 727 1802 764">
     <span class='ocr_line' id='line_1_31' title="bbox 1011 727 1802 764; baseline -0.005 -6"><span class='ocrx_word' id='word_1_196' title='bbox 1011 731 1060 758; x_wconf 89' lang='lat' dir='ltr'><strong>tati</strong></span> <span class='ocrx_word' id='word_1_197' title='bbox 1076 735 1150 763; x_wconf 86' lang='lat' dir='ltr'><strong>sunt,</strong></span> <span class='ocrx_word' id='word_1_198' title='bbox 1170 728 1349 764; x_wconf 70' lang='lat' dir='ltr'><strong>quadraginta</strong></span> <span class='ocrx_word' id='word_1_199' title='bbox 1364 728 1481 756; x_wconf 85' lang='lat' dir='ltr'><strong>millibus</strong></span> <span class='ocrx_word' id='word_1_200' title='bbox 1494 735 1546 755; x_wconf 90' lang='lat' dir='ltr'><strong>non</strong></span> <span class='ocrx_word' id='word_1_201' title='bbox 1573 727 1723 763; x_wconf 81' lang='lat' dir='ltr'><strong>pauciores.</strong></span> <span class='ocrx_word' id='word_1_202' title='bbox 1747 727 1802 754; x_wconf 85' lang='lat' dir='ltr'><strong>Ab-</strong></span> 
     </span>
    </p>
   </div>
   <div class='ocr_carea' id='block_1_32' title="bbox 1011 774 1801 808">
    <p class='ocr_par' dir='ltr' id='par_1_32' title="bbox 1011 774 1801 808">
     <span class='ocr_line' id='line_1_32' title="bbox 1011 774 1801 808; baseline -0.003 -5"><span class='ocrx_word' id='word_1_203' title='bbox 1011 781 1090 803; x_wconf 83' lang='lat' dir='ltr'><strong>erant</strong></span> <span class='ocrx_word' id='word_1_204' title='bbox 1103 783 1168 803; x_wconf 88' lang='lat' dir='ltr'><strong>vero</strong></span> <span class='ocrx_word' id='word_1_205' title='bbox 1184 775 1219 802; x_wconf 91' lang='lat' dir='ltr'><strong>ab</strong></span> <span class='ocrx_word' id='word_1_206' title='bbox 1237 774 1271 802; x_wconf 85' lang='lat' dir='ltr'><strong>iis</strong></span> <span class='ocrx_word' id='word_1_207' title='bbox 1285 774 1468 802; x_wconf 75' lang='lat' dir='ltr'><strong>Romanorum</strong></span> <span class='ocrx_word' id='word_1_208' title='bbox 1483 779 1572 802; x_wconf 85' lang='lat' dir='ltr'><strong>castra</strong></span> <span class='ocrx_word' id='word_1_209' title='bbox 1584 774 1708 808; x_wconf 85' lang='lat' dir='ltr'><strong>passibus</strong></span> <span class='ocrx_word' id='word_1_210' title='bbox 1721 774 1801 801; x_wconf 73' lang='grc'><strong>1250.</strong></span> 
     </span>
    </p>
   </div>
   <div class='ocr_carea' id='block_1_33' title="bbox 1012 820 1803 858">
    <p class='ocr_par' dir='ltr' id='par_1_33' title="bbox 1012 820 1803 858">
     <span class='ocr_line' id='line_1_33' title="bbox 1012 820 1803 858; baseline -0.004 -7"><span class='ocrx_word' id='word_1_211' title='bbox 1012 824 1105 851; x_wconf 85' lang='lat' dir='ltr'><strong>Primo</strong></span> <span class='ocrx_word' id='word_1_212' title='bbox 1131 822 1214 858; x_wconf 89' lang='lat' dir='ltr'><strong>igitur</strong></span> <span class='ocrx_word' id='word_1_213' title='bbox 1247 821 1375 849; x_wconf 87' lang='lat' dir='ltr'><strong>velitares</strong></span> <span class='ocrx_word' id='word_1_214' title='bbox 1400 828 1496 856; x_wconf 70' lang='lat' dir='ltr'><strong>pugna:</strong></span> <span class='ocrx_word' id='word_1_215' title='bbox 1517 821 1631 848; x_wconf 81' lang='lat' dir='ltr'><strong>subinde</strong></span> <span class='ocrx_word' id='word_1_216' title='bbox 1649 820 1803 848; x_wconf 90' lang='lat' dir='ltr'><strong>committe-</strong></span> 
     </span>
    </p>
   </div>
   <div class='ocr_carea' id='block_1_34' title="bbox 166 862 962 907">
    <p class='ocr_par' dir='ltr' id='par_1_34' title="bbox 166 868 961 907">
     <span class='ocr_line' id='line_1_34' title="bbox 166 868 961 907; baseline -0.003 -10"><span class='ocrx_word' id='word_1_217' title='bbox 166 871 215 897; x_wconf 81' lang='grc' dir='ltr'>καὶ</span> <span class='ocrx_word' id='word_1_218' title='bbox 235 871 284 905; x_wconf 81' lang='grc' dir='ltr'>τῆς</span> <span class='ocrx_word' id='word_1_219' title='bbox 302 872 391 907; x_wconf 81' lang='grc' dir='ltr'>μάχης</span> <span class='ocrx_word' id='word_1_220' title='bbox 407 868 458 898; x_wconf 83' lang='grc' dir='ltr'>ὦδε</span> <span class='ocrx_word' id='word_1_221' title='bbox 480 871 591 897; x_wconf 80' lang='grc' dir='ltr'>κάκεῖσε</span> <span class='ocrx_word' id='word_1_222' title='bbox 613 871 763 905; x_wconf 75' lang='grc' dir='ltr'>ῥεπούσης,</span> <span class='ocrx_word' id='word_1_223' title='bbox 790 870 837 895; x_wconf 75' lang='grc' dir='ltr'>καὶ</span> <span class='ocrx_word' id='word_1_224' title='bbox 856 870 961 895; x_wconf 85' lang='grc' dir='ltr'>πολλῶν</span> 
     </span>
    </p>
   </div>
   <div class='ocr_carea' id='block_1_35' title="bbox 1014 862 1803 907">
    <p class='ocr_par' dir='ltr' id='par_1_35' title="bbox 1015 866 1803 901">
     <span class='ocr_line' id='line_1_35' title="bbox 1015 866 1803 901; baseline -0.005 -4"><span class='ocrx_word' id='word_1_225' title='bbox 1015 871 1112 898; x_wconf 89' lang='lat' dir='ltr'><strong>bantur</strong></span> <span class='ocrx_word' id='word_1_226' title='bbox 1133 878 1141 896; x_wconf 88' lang='lat'>:</span> <span class='ocrx_word' id='word_1_227' title='bbox 1164 868 1212 896; x_wconf 88' lang='lat' dir='ltr'><strong>sed</strong></span> <span class='ocrx_word' id='word_1_228' title='bbox 1239 875 1300 895; x_wconf 90' lang='lat' dir='ltr'><strong>cum</strong></span> <span class='ocrx_word' id='word_1_229' title='bbox 1316 866 1424 894; x_wconf 90' lang='lat' dir='ltr'><strong>tandem</strong></span> <span class='ocrx_word' id='word_1_230' title='bbox 1446 867 1573 901; x_wconf 89' lang='lat' dir='ltr'><strong>utrinque</strong></span> <span class='ocrx_word' id='word_1_231' title='bbox 1592 866 1680 894; x_wconf 88' lang='lat' dir='ltr'><strong>aciem</strong></span> <span class='ocrx_word' id='word_1_232' title='bbox 1701 866 1803 894; x_wconf 88' lang='lat' dir='ltr'><strong>instru-</strong></span> 
     </span>
    </p>
   </div>
   <div class='ocr_carea' id='block_1_36' title="bbox 167 915 961 953">
    <p class='ocr_par' dir='ltr' id='par_1_36' title="bbox 167 915 961 953">
     <span class='ocr_line' id='line_1_36' title="bbox 167 915 961 953; baseline -0.003 -10"><span class='ocrx_word' id='word_1_233' title='bbox 167 918 341 953; x_wconf 80' lang='grc' dir='ltr'>ἑκατέρωθεν</span> <span class='ocrx_word' id='word_1_234' title='bbox 358 918 522 948; x_wconf 76' lang='grc' dir='ltr'>πιπτόντων,</span> <span class='ocrx_word' id='word_1_235' title='bbox 539 919 552 943; x_wconf 85' lang='grc' dir='ltr'><em>ὁ</em></span> <span class='ocrx_word' id='word_1_236' title='bbox 570 917 619 949; x_wconf 80' lang='grc' dir='ltr'>μὲν</span> <span class='ocrx_word' id='word_1_237' title='bbox 639 916 769 949; x_wconf 79' lang='grc' dir='ltr'>Ἀθηνίων</span> <span class='ocrx_word' id='word_1_238' title='bbox 781 916 850 950; x_wconf 81' lang='grc' dir='ltr'>ἔχων</span> <span class='ocrx_word' id='word_1_239' title='bbox 862 915 883 930; x_wconf 83' lang='grc'><strong>⁹¹</strong></span> <span class='ocrx_word' id='word_1_240' title='bbox 900 924 961 941; x_wconf 86' lang='grc' dir='ltr'>συν-</span> 
     </span>
    </p>
   </div>
   <div class='ocr_carea' id='block_1_37' title="bbox 167 961 962 997">
    <p class='ocr_par' dir='ltr' id='par_1_37' title="bbox 167 961 962 997">
     <span class='ocr_line' id='line_1_37' title="bbox 167 961 962 997; baseline -0.004 -8"><span class='ocrx_word' id='word_1_241' title='bbox 167 963 385 997; x_wconf 77' lang='grc' dir='ltr'>αγωνιζομένους</span> <span class='ocrx_word' id='word_1_242' title='bbox 408 963 561 994; x_wconf 79' lang='grc' dir='ltr'>διακοσίους</span> <span class='ocrx_word' id='word_1_243' title='bbox 584 963 675 993; x_wconf 79' lang='grc' dir='ltr'>ἱππεῖς</span> <span class='ocrx_word' id='word_1_244' title='bbox 698 962 858 992; x_wconf 75' lang='grc' dir='ltr'>ἐπιλέκτων,</span> <span class='ocrx_word' id='word_1_245' title='bbox 872 961 962 987; x_wconf 83' lang='grc' dir='ltr'>πάντα</span> 
     </span>
    </p>
   </div>
   <div class='ocr_carea' id='block_1_38' title="bbox 167 1007 962 1044">
    <p class='ocr_par' dir='ltr' id='par_1_38' title="bbox 167 1007 962 1044">
     <span class='ocr_line' id='line_1_38' title="bbox 167 1007 962 1044; baseline -0.003 -9"><span class='ocrx_word' id='word_1_246' title='bbox 167 1009 213 1036; x_wconf 80' lang='grc' dir='ltr'><strong>τὸν</strong></span> <span class='ocrx_word' id='word_1_247' title='bbox 238 1009 302 1044; x_wconf 75' lang='grc' dir='ltr'>περὶ</span> <span class='ocrx_word' id='word_1_248' title='bbox 326 1009 408 1035; x_wconf 79' lang='grc' dir='ltr'>αὑτὸν</span> <span class='ocrx_word' id='word_1_249' title='bbox 437 1010 519 1035; x_wconf 87' lang='grc' dir='ltr'>τόπον</span> <span class='ocrx_word' id='word_1_250' title='bbox 539 1008 644 1043; x_wconf 85' lang='grc' dir='ltr'>νεκρῶν</span> <span class='ocrx_word' id='word_1_251' title='bbox 669 1008 823 1043; x_wconf 74' lang='grc' dir='ltr'>ἐπλήρωσε,</span> <span class='ocrx_word' id='word_1_252' title='bbox 845 1007 962 1042; x_wconf 74' lang='grc' dir='ltr'>τρωθεὶς</span> 
     </span>
    </p>
   </div>
   <div class='ocr_carea' id='block_1_39' title="bbox 166 1054 963 1091">
    <p class='ocr_par' dir='ltr' id='par_1_39' title="bbox 166 1054 963 1091">
     <span class='ocr_line' id='line_1_39' title="bbox 166 1054 963 1091; baseline -0.004 -9"><span class='ocrx_word' id='word_1_253' title='bbox 166 1055 190 1082; x_wconf 85' lang='grc' dir='ltr'>δ’</span> <span class='ocrx_word' id='word_1_254' title='bbox 204 1057 243 1087; x_wconf 80' lang='grc' dir='ltr'><strong>είς</strong></span> <span class='ocrx_word' id='word_1_255' title='bbox 257 1056 400 1091; x_wconf 68' lang='grc' dir='ltr'>ἀμφότερα</span> <span class='ocrx_word' id='word_1_256' title='bbox 413 1057 446 1081; x_wconf 82' lang='grc' dir='ltr'>τΞι</span> <span class='ocrx_word' id='word_1_257' title='bbox 466 1056 567 1089; x_wconf 86' lang='grc' dir='ltr'>γόνατα</span> <span class='ocrx_word' id='word_1_258' title='bbox 584 1056 629 1081; x_wconf 79' lang='grc' dir='ltr'>καὶ</span> <span class='ocrx_word' id='word_1_259' title='bbox 650 1055 745 1089; x_wconf 81' lang='grc' dir='ltr'>τρίτην</span> <span class='ocrx_word' id='word_1_260' title='bbox 766 1054 866 1086; x_wconf 73' lang='grc' dir='ltr'>λαϐὼν,</span> <span class='ocrx_word' id='word_1_261' title='bbox 878 1055 963 1089; x_wconf 63' lang='grc' dir='ltr'>ἄχρη-</span> 
     </span>
    </p>
   </div>
   <div class='ocr_carea' id='block_1_40' title="bbox 169 1095 962 1134">
    <p class='ocr_par' dir='ltr' id='par_1_40' title="bbox 169 1095 962 1134">
     <span class='ocr_line' id='line_1_40' title="bbox 169 1095 962 1134; baseline -0.003 -8"><span class='ocrx_word' id='word_1_262' title='bbox 169 1109 232 1131; x_wconf 84' lang='grc' dir='ltr'>στος</span> <span class='ocrx_word' id='word_1_263' title='bbox 247 1100 358 1134; x_wconf 76' lang='grc' dir='ltr'>ἐγένετο</span> <span class='ocrx_word' id='word_1_264' title='bbox 370 1100 437 1134; x_wconf 81' lang='grc' dir='ltr'>πρὸς</span> <span class='ocrx_word' id='word_1_265' title='bbox 452 1100 500 1134; x_wconf 78' lang='grc' dir='ltr'>τὴν</span> <span class='ocrx_word' id='word_1_266' title='bbox 516 1099 615 1134; x_wconf 78' lang='grc' dir='ltr'>μάχην,</span> <span class='ocrx_word' id='word_1_267' title='bbox 630 1099 658 1132; x_wconf 76' lang='grc' dir='ltr'><strong>ἐξ</strong></span> <span class='ocrx_word' id='word_1_268' title='bbox 671 1095 701 1125; x_wconf 72' lang='grc' dir='ltr'>οὗ</span> <span class='ocrx_word' id='word_1_269' title='bbox 717 1100 741 1125; x_wconf 79' lang='grc' dir='ltr'>οἱ</span> <span class='ocrx_word' id='word_1_270' title='bbox 756 1099 888 1134; x_wconf 81' lang='grc' dir='ltr'>δραπέται</span> <span class='ocrx_word' id='word_1_271' title='bbox 903 1099 962 1129; x_wconf 86' lang='grc' dir='ltr'>ταῖς</span> 
     </span>
    </p>
   </div>
   <div class='ocr_carea' id='block_1_41' title="bbox 166 1145 963 1181">
    <p class='ocr_par' dir='ltr' id='par_1_41' title="bbox 166 1145 963 1181">
     <span class='ocr_line' id='line_1_41' title="bbox 166 1145 963 1181; baseline -0.001 -9"><span class='ocrx_word' id='word_1_272' title='bbox 166 1145 269 1180; x_wconf 79' lang='grc' dir='ltr'>ψυχαῖς</span> <span class='ocrx_word' id='word_1_273' title='bbox 289 1146 417 1176; x_wconf 79' lang='grc' dir='ltr'>πεσόντες</span> <span class='ocrx_word' id='word_1_274' title='bbox 429 1146 496 1180; x_wconf 74' lang='grc' dir='ltr'>πρὸς</span> <span class='ocrx_word' id='word_1_275' title='bbox 508 1146 598 1180; x_wconf 81' lang='grc' dir='ltr'>φυγὴν</span> <span class='ocrx_word' id='word_1_276' title='bbox 609 1146 777 1180; x_wconf 72' lang='grc' dir='ltr'>ἐτράπησαν.</span> <span class='ocrx_word' id='word_1_277' title='bbox 804 1146 833 1171; x_wconf 89' lang='lat'><strong>&#39;0</strong></span> <span class='ocrx_word' id='word_1_278' title='bbox 846 1145 875 1171; x_wconf 79' lang='grc' dir='ltr'>δὲ</span> <span class='ocrx_word' id='word_1_279' title='bbox 887 1145 963 1181; x_wconf 80' lang='grc' dir='ltr'>Ἀθη-</span> 
     </span>
    </p>
   </div>
   <div class='ocr_carea' id='block_1_42' title="bbox 169 1192 961 1227">
    <p class='ocr_par' dir='ltr' id='par_1_42' title="bbox 169 1192 961 1227">
     <span class='ocr_line' id='line_1_42' title="bbox 169 1192 961 1227; baseline 0 -9"><span class='ocrx_word' id='word_1_280' title='bbox 169 1192 233 1218; x_wconf 80' lang='grc' dir='ltr'>νῐων</span> <span class='ocrx_word' id='word_1_281' title='bbox 245 1192 282 1224; x_wconf 85' lang='grc' dir='ltr'><strong>ὡς</strong></span> <span class='ocrx_word' id='word_1_282' title='bbox 302 1193 399 1227; x_wconf 65' lang='grc' dir='ltr'>νεκρος</span> <span class='ocrx_word' id='word_1_283' title='bbox 413 1192 450 1218; x_wconf 79' lang='grc' dir='ltr'>ὢν</span> <span class='ocrx_word' id='word_1_284' title='bbox 465 1192 555 1225; x_wconf 74' lang='grc' dir='ltr'>ἔλαθε,</span> <span class='ocrx_word' id='word_1_285' title='bbox 573 1193 619 1219; x_wconf 64' lang='grc' dir='ltr'>καὶ</span> <span class='ocrx_word' id='word_1_286' title='bbox 631 1192 824 1227; x_wconf 77' lang='grc' dir='ltr'>προσποιηθεὶς</span> <span class='ocrx_word' id='word_1_287' title='bbox 840 1192 961 1218; x_wconf 81' lang='grc' dir='ltr'>τετελευ-</span> 
     </span>
    </p>
   </div>
   <div class='ocr_carea' id='block_1_43' title="bbox 170 1237 962 1274">
    <p class='ocr_par' dir='ltr' id='par_1_43' title="bbox 170 1237 962 1274">
     <span class='ocr_line' id='line_1_43' title="bbox 170 1237 962 1274; baseline -0.001 -10"><span class='ocrx_word' id='word_1_288' title='bbox 170 1238 285 1274; x_wconf 77' lang='grc' dir='ltr'>τηκέναι</span> <span class='ocrx_word' id='word_1_289' title='bbox 302 1239 351 1273; x_wconf 84' lang='grc' dir='ltr'>τῆς</span> <span class='ocrx_word' id='word_1_290' title='bbox 367 1239 463 1270; x_wconf 77' lang='grc' dir='ltr'>νυκτὺς</span> <span class='ocrx_word' id='word_1_291' title='bbox 480 1238 661 1273; x_wconf 76' lang='grc' dir='ltr'>ἐπιλαϐούσης</span> <span class='ocrx_word' id='word_1_292' title='bbox 676 1238 804 1273; x_wconf 78' lang='grc' dir='ltr'>διεσώθη.</span> <span class='ocrx_word' id='word_1_293' title='bbox 827 1237 962 1272; x_wconf 75' lang='grc' dir='ltr'>Ἐπεκρά-</span> 
     </span>
    </p>
   </div>
   <div class='ocr_carea' id='block_1_44' title="bbox 169 1283 961 1319">
    <p class='ocr_par' dir='ltr' id='par_1_44' title="bbox 169 1283 961 1319">
     <span class='ocr_line' id='line_1_44' title="bbox 169 1283 961 1319; baseline -0.003 -9"><span class='ocrx_word' id='word_1_294' title='bbox 169 1293 255 1318; x_wconf 80' lang='grc' dir='ltr'>τησαν</span> <span class='ocrx_word' id='word_1_295' title='bbox 270 1285 296 1310; x_wconf 71' lang='grc' dir='ltr'><strong>δὲ</strong></span> <span class='ocrx_word' id='word_1_296' title='bbox 309 1284 443 1319; x_wconf 79' lang='grc' dir='ltr'>λαμπρῶς</span> <span class='ocrx_word' id='word_1_297' title='bbox 461 1285 485 1310; x_wconf 77' lang='grc' dir='ltr'>οἱ</span> <span class='ocrx_word' id='word_1_298' title='bbox 509 1284 648 1318; x_wconf 84' lang='grc' dir='ltr'>Ῥωμαῖοι,</span> <span class='ocrx_word' id='word_1_299' title='bbox 672 1284 811 1318; x_wconf 74' lang='grc' dir='ltr'>φυγόντων</span> <span class='ocrx_word' id='word_1_300' title='bbox 834 1284 881 1309; x_wconf 83' lang='grc' dir='ltr'>καὶ</span> <span class='ocrx_word' id='word_1_301' title='bbox 907 1283 961 1309; x_wconf 88' lang='grc' dir='ltr'><strong>τῶν</strong></span> 
     </span>
    </p>
   </div>
   <div class='ocr_carea' id='block_1_45' title="bbox 173 1327 965 1364">
    <p class='ocr_par' dir='ltr' id='par_1_45' title="bbox 173 1327 965 1364">
     <span class='ocr_line' id='line_1_45' title="bbox 173 1327 965 1364; baseline -0.004 -8"><span class='ocrx_word' id='word_1_302' title='bbox 173 1329 242 1364; x_wconf 78' lang='grc' dir='ltr'>μετὰ</span> <span class='ocrx_word' id='word_1_303' title='bbox 254 1330 402 1364; x_wconf 60' lang='grc' dir='ltr'>Τρύςωνος</span> <span class='ocrx_word' id='word_1_304' title='bbox 421 1329 467 1355; x_wconf 66' lang='grc' dir='ltr'>καὶ</span> <span class='ocrx_word' id='word_1_305' title='bbox 479 1329 560 1355; x_wconf 71' lang='grc' dir='ltr'><strong>αὐτοῦ</strong></span> <span class='ocrx_word' id='word_1_306' title='bbox 573 1329 676 1356; x_wconf 77' lang='grc' dir='ltr'>ἐκείνου</span> <span class='ocrx_word' id='word_1_307' title='bbox 692 1337 698 1345; x_wconf 69' lang='grc'><strong><em>⁵</em></strong></span> <span class='ocrx_word' id='word_1_308' title='bbox 714 1329 761 1355; x_wconf 75' lang='grc' dir='ltr'>καὶ</span> <span class='ocrx_word' id='word_1_309' title='bbox 773 1329 877 1355; x_wconf 80' lang='grc' dir='ltr'>πολλῶν</span> <span class='ocrx_word' id='word_1_310' title='bbox 894 1327 965 1354; x_wconf 78' lang='grc' dir='ltr'>κατὰ</span> 
     </span>
    </p>
   </div>
   <div class='ocr_carea' id='block_1_46' title="bbox 171 1373 963 1410">
    <p class='ocr_par' dir='ltr' id='par_1_46' title="bbox 171 1373 963 1410">
     <span class='ocr_line' id='line_1_46' title="bbox 171 1373 963 1410; baseline -0.003 -9"><span class='ocrx_word' id='word_1_311' title='bbox 171 1376 220 1410; x_wconf 79' lang='grc' dir='ltr'>τὴν</span> <span class='ocrx_word' id='word_1_312' title='bbox 237 1376 326 1410; x_wconf 73' lang='grc' dir='ltr'>φυγὴν</span> <span class='ocrx_word' id='word_1_313' title='bbox 342 1375 481 1401; x_wconf 72' lang='grc' dir='ltr'>κοπέντων</span> <span class='ocrx_word' id='word_1_314' title='bbox 495 1375 571 1405; x_wconf 82' lang='grc' dir='ltr'>τέλος</span> <span class='ocrx_word' id='word_1_315' title='bbox 586 1375 636 1401; x_wconf 68' lang='grc' dir='ltr'>οὐκ</span> <span class='ocrx_word' id='word_1_316' title='bbox 651 1374 777 1406; x_wconf 78' lang='grc' dir='ltr'>ἐλάττους</span> <span class='ocrx_word' id='word_1_317' title='bbox 795 1373 850 1400; x_wconf 87' lang='grc' dir='ltr'><strong>τῶν</strong></span> <span class='ocrx_word' id='word_1_318' title='bbox 865 1373 963 1408; x_wconf 85' lang='grc' dir='ltr'>δισμυ-</span> 
     </span>
    </p>
   </div>
   <div class='ocr_carea' id='block_1_47' title="bbox 172 1418 964 1457">
    <p class='ocr_par' dir='ltr' id='par_1_47' title="bbox 172 1418 964 1457">
     <span class='ocr_line' id='line_1_47' title="bbox 172 1418 964 1457; baseline -0.006 -8"><span class='ocrx_word' id='word_1_319' title='bbox 172 1424 237 1457; x_wconf 78' lang='grc' dir='ltr'>ρίων</span> <span class='ocrx_word' id='word_1_320' title='bbox 253 1421 435 1457; x_wconf 78' lang='grc' dir='ltr'>ἀνῃρέθησαν.</span> <span class='ocrx_word' id='word_1_321' title='bbox 453 1422 483 1448; x_wconf 83' lang='lat' dir='ltr'><strong>Ol</strong></span> <span class='ocrx_word' id='word_1_322' title='bbox 495 1421 522 1447; x_wconf 77' lang='grc' dir='ltr'>δὲ</span> <span class='ocrx_word' id='word_1_323' title='bbox 536 1421 625 1447; x_wconf 69' lang='grc' dir='ltr'>λοιποὶ</span> <span class='ocrx_word' id='word_1_324' title='bbox 640 1420 688 1455; x_wconf 80' lang='grc' dir='ltr'>τῆς</span> <span class='ocrx_word' id='word_1_325' title='bbox 706 1420 803 1451; x_wconf 71' lang='grc' dir='ltr'>νυκτὸς</span> <span class='ocrx_word' id='word_1_326' title='bbox 816 1418 964 1454; x_wconf 80' lang='grc' dir='ltr'>συνεργού-</span> 
     </span>
    </p>
   </div>
   <div class='ocr_carea' id='block_1_48' title="bbox 171 1462 965 1503">
    <p class='ocr_par' dir='ltr' id='par_1_48' title="bbox 171 1462 965 1503">
     <span class='ocr_line' id='line_1_48' title="bbox 171 1462 965 1503; baseline -0.004 -9"><span class='ocrx_word' id='word_1_327' title='bbox 171 1477 222 1503; x_wconf 84' lang='grc' dir='ltr'><strong>σης</strong></span> <span class='ocrx_word' id='word_1_328' title='bbox 247 1468 373 1501; x_wconf 76' lang='grc' dir='ltr'>διέφυγον</span> <span class='ocrx_word' id='word_1_329' title='bbox 396 1468 436 1498; x_wconf 82' lang='grc' dir='ltr'><strong>είς</strong></span> <span class='ocrx_word' id='word_1_330' title='bbox 457 1468 491 1493; x_wconf 76' lang='grc' dir='ltr'>τὰ</span> <span class='ocrx_word' id='word_1_331' title='bbox 517 1467 655 1501; x_wconf 82' lang='grc' dir='ltr'>Τριόκαλα</span> <span class='ocrx_word' id='word_1_332' title='bbox 671 1474 677 1481; x_wconf 93' lang='grc'><strong>·</strong></span> <span class='ocrx_word' id='word_1_333' title='bbox 697 1466 785 1492; x_wconf 85' lang='grc' dir='ltr'>καίτοι</span> <span class='ocrx_word' id='word_1_334' title='bbox 807 1466 871 1501; x_wconf 75' lang='grc' dir='ltr'>ῥᾷον</span> <span class='ocrx_word' id='word_1_335' title='bbox 889 1465 911 1480; x_wconf 69' lang='grc' dir='ltr'>θ’</span> <span class='ocrx_word' id='word_1_336' title='bbox 932 1462 965 1500; x_wconf 79' lang='grc' dir='ltr'>ἦν</span> 
     </span>
    </p>
   </div>
   <div class='ocr_carea' id='block_1_49' title="bbox 170 1511 965 1547">
    <p class='ocr_par' dir='ltr' id='par_1_49' title="bbox 170 1511 965 1547">
     <span class='ocr_line' id='line_1_49' title="bbox 170 1511 965 1547; baseline -0.003 -9"><span class='ocrx_word' id='word_1_337' title='bbox 170 1512 345 1545; x_wconf 75' lang='grc' dir='ltr'>ἐπιδιώξαντι</span> <span class='ocrx_word' id='word_1_338' title='bbox 367 1512 406 1546; x_wconf 86' lang='grc' dir='ltr'>τῷ</span> <span class='ocrx_word' id='word_1_339' title='bbox 425 1512 570 1547; x_wconf 79' lang='grc' dir='ltr'>στρατηγῷ</span> <span class='ocrx_word' id='word_1_340' title='bbox 583 1512 630 1538; x_wconf 75' lang='grc' dir='ltr'>καὶ</span> <span class='ocrx_word' id='word_1_341' title='bbox 642 1511 754 1542; x_wconf 81' lang='grc' dir='ltr'>τούτους</span> <span class='ocrx_word' id='word_1_342' title='bbox 767 1511 880 1537; x_wconf 81' lang='grc' dir='ltr'>ἀνελεῖν.</span> <span class='ocrx_word' id='word_1_343' title='bbox 905 1511 965 1536; x_wconf 80' lang='grc' dir='ltr'><strong>Ἐπὶ</strong></span> 
     </span>
    </p>
   </div>
   <div class='ocr_carea' id='block_1_50' title="bbox 170 1555 966 1588">
    <p class='ocr_par' dir='ltr' id='par_1_50' title="bbox 170 1555 966 1588">
     <span class='ocr_line' id='line_1_50' title="bbox 170 1555 966 1588; baseline -0.005 -4"><span class='ocrx_word' id='word_1_344' title='bbox 170 1557 297 1584; x_wconf 76' lang='grc' dir='ltr'>τοσοῦτον</span> <span class='ocrx_word' id='word_1_345' title='bbox 313 1558 341 1584; x_wconf 78' lang='grc' dir='ltr'>δὲ</span> <span class='ocrx_word' id='word_1_346' title='bbox 356 1558 539 1584; x_wconf 85' lang='grc' dir='ltr'>τεταπείνωτο</span> <span class='ocrx_word' id='word_1_347' title='bbox 552 1558 581 1583; x_wconf 80' lang='grc' dir='ltr'>τὸ</span> <span class='ocrx_word' id='word_1_348' title='bbox 592 1557 737 1588; x_wconf 77' lang='grc' dir='ltr'>οἰκετικὸν,</span> <span class='ocrx_word' id='word_1_349' title='bbox 750 1555 821 1582; x_wconf 83' lang='grc' dir='ltr'>ὥστε</span> <span class='ocrx_word' id='word_1_350' title='bbox 832 1555 879 1582; x_wconf 68' lang='grc' dir='ltr'>καὶ</span> <span class='ocrx_word' id='word_1_351' title='bbox 891 1555 966 1581; x_wconf 71' lang='grc' dir='ltr'>ἐϐου-</span> 
     </span>
    </p>
   </div>
   <div class='ocr_carea' id='block_1_51' title="bbox 172 1601 967 1637">
    <p class='ocr_par' dir='ltr' id='par_1_51' title="bbox 172 1601 967 1637">
     <span class='ocr_line' id='line_1_51' title="bbox 172 1601 967 1637; baseline -0.004 -8"><span class='ocrx_word' id='word_1_352' title='bbox 172 1603 304 1629; x_wconf 85' lang='grc' dir='ltr'>λεύσαντο</span> <span class='ocrx_word' id='word_1_353' title='bbox 332 1603 378 1629; x_wconf 75' lang='grc' dir='ltr'><strong>ἐπὶ</strong></span> <span class='ocrx_word' id='word_1_354' title='bbox 400 1603 463 1633; x_wconf 74' lang='grc' dir='ltr'>τοὺς</span> <span class='ocrx_word' id='word_1_355' title='bbox 479 1602 591 1637; x_wconf 82' lang='grc' dir='ltr'>κυρίους</span> <span class='ocrx_word' id='word_1_356' title='bbox 606 1602 807 1637; x_wconf 78' lang='grc' dir='ltr'>ἐπαναδραμείν</span> <span class='ocrx_word' id='word_1_357' title='bbox 828 1601 876 1627; x_wconf 72' lang='grc' dir='ltr'>καὶ</span> <span class='ocrx_word' id='word_1_358' title='bbox 897 1601 967 1635; x_wconf 83' lang='grc' dir='ltr'>σφᾶς</span> 
     </span>
    </p>
   </div>
   <div class='ocr_carea' id='block_1_52' title="bbox 171 1646 967 1684">
    <p class='ocr_par' dir='ltr' id='par_1_52' title="bbox 171 1646 967 1684">
     <span class='ocr_line' id='line_1_52' title="bbox 171 1646 967 1684; baseline -0.005 -8"><span class='ocrx_word' id='word_1_359' title='bbox 171 1650 264 1681; x_wconf 73' lang='grc' dir='ltr'>αὺτοῖς</span> <span class='ocrx_word' id='word_1_360' title='bbox 285 1649 438 1684; x_wconf 74' lang='grc' dir='ltr'>ἐγχειρίσαι</span> <span class='ocrx_word' id='word_1_361' title='bbox 454 1658 460 1664; x_wconf 91' lang='grc'>·</span> <span class='ocrx_word' id='word_1_362' title='bbox 484 1649 553 1683; x_wconf 73' lang='grc' dir='ltr'>πλὴν</span> <span class='ocrx_word' id='word_1_363' title='bbox 567 1649 784 1683; x_wconf 78' lang='grc' dir='ltr'>ἐπεκράτησενὴ</span> <span class='ocrx_word' id='word_1_364' title='bbox 801 1647 898 1682; x_wconf 87' lang='grc' dir='ltr'>γνώμη</span> <span class='ocrx_word' id='word_1_365' title='bbox 913 1646 967 1672; x_wconf 87' lang='grc' dir='ltr'><strong>τῶν</strong></span> 
     </span>
    </p>
   </div>
   <div class='ocr_carea' id='block_1_53' title="bbox 175 1689 966 1729">
    <p class='ocr_par' dir='ltr' id='par_1_53' title="bbox 175 1689 966 1729">
     <span class='ocr_line' id='line_1_53' title="bbox 175 1689 966 1729; baseline -0.005 -9"><span class='ocrx_word' id='word_1_366' title='bbox 175 1694 256 1729; x_wconf 73' lang='grc' dir='ltr'>μέχρι</span> <span class='ocrx_word' id='word_1_367' title='bbox 280 1694 410 1728; x_wconf 78' lang='grc' dir='ltr'>τελευτῆς</span> <span class='ocrx_word' id='word_1_368' title='bbox 439 1693 615 1728; x_wconf 81' lang='grc' dir='ltr'>ὑποθεμένων</span> <span class='ocrx_word' id='word_1_369' title='bbox 642 1692 828 1727; x_wconf 83' lang='grc' dir='ltr'>ἀγωνίσασθαι</span> <span class='ocrx_word' id='word_1_370' title='bbox 855 1691 902 1717; x_wconf 79' lang='grc' dir='ltr'><strong>καὶ</strong></span> <span class='ocrx_word' id='word_1_371' title='bbox 929 1689 966 1725; x_wconf 84' lang='grc' dir='ltr'>μὴ</span> 
     </span>
    </p>
   </div>
   <div class='ocr_carea' id='block_1_54' title="bbox 170 1736 967 1775">
    <p class='ocr_par' dir='ltr' id='par_1_54' title="bbox 170 1736 967 1775">
     <span class='ocr_line' id='line_1_54' title="bbox 170 1736 967 1775; baseline -0.006 -8"><span class='ocrx_word' id='word_1_372' title='bbox 170 1742 226 1772; x_wconf 85' lang='grc' dir='ltr'>τοῖς</span> <span class='ocrx_word' id='word_1_373' title='bbox 234 1740 340 1775; x_wconf 74' lang='grc' dir='ltr'>ἐχθροῖς</span> <span class='ocrx_word' id='word_1_374' title='bbox 351 1740 465 1771; x_wconf 69' lang='grc' dir='ltr'>ἑαυτοὺς</span> <span class='ocrx_word' id='word_1_375' title='bbox 477 1739 704 1774; x_wconf 77' lang='grc' dir='ltr'>καταπροδοῦναι.</span> <span class='ocrx_word' id='word_1_376' title='bbox 718 1738 794 1764; x_wconf 82' lang='grc' dir='ltr'>Μετὰ</span> <span class='ocrx_word' id='word_1_377' title='bbox 806 1738 828 1764; x_wconf 76' lang='grc' dir='ltr'>δ’</span> <span class='ocrx_word' id='word_1_378' title='bbox 837 1737 935 1771; x_wconf 77' lang='grc' dir='ltr'>ἐνάτην</span> <span class='ocrx_word' id='word_1_379' title='bbox 944 1736 967 1751; x_wconf 80' lang='grc'><strong>⁹³</strong></span> 
     </span>
    </p>
   </div>
   <div class='ocr_carea' id='block_1_55' title="bbox 172 1784 966 1823">
    <p class='ocr_par' dir='ltr' id='par_1_55' title="bbox 172 1784 966 1823">
     <span class='ocr_line' id='line_1_55' title="bbox 172 1784 966 1823; baseline -0.004 -10"><span class='ocrx_word' id='word_1_380' title='bbox 172 1788 280 1823; x_wconf 79' lang='grc' dir='ltr'>ἡμέραν</span> <span class='ocrx_word' id='word_1_381' title='bbox 296 1789 310 1814; x_wconf 85' lang='grc' dir='ltr'>ὁ</span> <span class='ocrx_word' id='word_1_382' title='bbox 335 1789 486 1823; x_wconf 73' lang='grc' dir='ltr'>στρατηγὸς</span> <span class='ocrx_word' id='word_1_383' title='bbox 507 1785 558 1823; x_wconf 81' lang='grc' dir='ltr'>ἧκε</span> <span class='ocrx_word' id='word_1_384' title='bbox 578 1787 766 1823; x_wconf 76' lang='grc' dir='ltr'>πολιορκήσων</span> <span class='ocrx_word' id='word_1_385' title='bbox 783 1786 816 1812; x_wconf 76' lang='grc' dir='ltr'><strong>τὰ</strong></span> <span class='ocrx_word' id='word_1_386' title='bbox 842 1785 904 1821; x_wconf 77' lang='grc'><strong>[657</strong></span> <span class='ocrx_word' id='word_1_387' title='bbox 922 1784 966 1819; x_wconf 80' lang='lat' dir='ltr'><strong>H.]</strong></span> 
     </span>
    </p>
   </div>
   <div class='ocr_carea' id='block_1_56' title="bbox 172 1831 966 1869">
    <p class='ocr_par' dir='ltr' id='par_1_56' title="bbox 172 1831 966 1869">
     <span class='ocr_line' id='line_1_56' title="bbox 172 1831 966 1869; baseline -0.006 -9"><span class='ocrx_word' id='word_1_388' title='bbox 172 1834 320 1868; x_wconf 68' lang='grc' dir='ltr'>Τριόκαλα.</span> <span class='ocrx_word' id='word_1_389' title='bbox 331 1834 384 1860; x_wconf 75' lang='grc' dir='ltr'><strong>Καὶ</strong></span> <span class='ocrx_word' id='word_1_390' title='bbox 396 1834 429 1860; x_wconf 83' lang='grc' dir='ltr'>τὰ</span> <span class='ocrx_word' id='word_1_391' title='bbox 445 1835 494 1869; x_wconf 80' lang='grc' dir='ltr'>μὲν</span> <span class='ocrx_word' id='word_1_392' title='bbox 510 1834 638 1869; x_wconf 85' lang='grc' dir='ltr'>ἀναιρῶν,</span> <span class='ocrx_word' id='word_1_393' title='bbox 646 1832 715 1859; x_wconf 78' lang='grc' dir='ltr'>τὰδὲ</span> <span class='ocrx_word' id='word_1_394' title='bbox 727 1832 749 1848; x_wconf 77' lang='grc'><strong>’⁸</strong></span> <span class='ocrx_word' id='word_1_395' title='bbox 760 1831 966 1866; x_wconf 82' lang='grc' dir='ltr'>ἀναιρούμενος,</span> 
     </span>
    </p>
   </div>
   <div class='ocr_carea' id='block_1_57' title="bbox 173 1875 967 1914">
    <p class='ocr_par' dir='ltr' id='par_1_57' title="bbox 173 1875 967 1914">
     <span class='ocr_line' id='line_1_57' title="bbox 173 1875 967 1914; baseline -0.005 -9"><span class='ocrx_word' id='word_1_396' title='bbox 173 1880 282 1906; x_wconf 74' lang='grc' dir='ltr'>ἔλαττον</span> <span class='ocrx_word' id='word_1_397' title='bbox 311 1880 380 1914; x_wconf 75' lang='grc' dir='ltr'>ἔχων</span> <span class='ocrx_word' id='word_1_398' title='bbox 406 1880 564 1914; x_wconf 79' lang='grc' dir='ltr'>ἀπηλλάγη,</span> <span class='ocrx_word' id='word_1_399' title='bbox 589 1880 636 1906; x_wconf 73' lang='grc' dir='ltr'>καὶ</span> <span class='ocrx_word' id='word_1_400' title='bbox 665 1880 689 1905; x_wconf 80' lang='grc' dir='ltr'>οἱ</span> <span class='ocrx_word' id='word_1_401' title='bbox 715 1878 868 1905; x_wconf 83' lang='grc' dir='ltr'>ἀποστάται</span> <span class='ocrx_word' id='word_1_402' title='bbox 891 1875 967 1906; x_wconf 80' lang='grc' dir='ltr'>αὖθις</span> 
     </span>
    </p>
   </div>
   <div class='ocr_carea' id='block_1_58' title="bbox 174 1921 965 1961">
    <p class='ocr_par' dir='ltr' id='par_1_58' title="bbox 174 1921 965 1961">
     <span class='ocr_line' id='line_1_58' title="bbox 174 1921 965 1961; baseline -0.006 -9"><span class='ocrx_word' id='word_1_403' title='bbox 174 1926 431 1961; x_wconf 77' lang='grc' dir='ltr'>ὲφρονηματξζοντο.</span> <span class='ocrx_word' id='word_1_404' title='bbox 449 1927 533 1952; x_wconf 73' lang='grc' dir='ltr'>Ἰἰνυε</span> <span class='ocrx_word' id='word_1_405' title='bbox 545 1926 573 1952; x_wconf 68' lang='grc' dir='ltr'>δε</span> <span class='ocrx_word' id='word_1_406' title='bbox 584 1926 638 1952; x_wconf 86' lang='grc' dir='ltr'><strong>τῶν</strong></span> <span class='ocrx_word' id='word_1_407' title='bbox 652 1925 765 1951; x_wconf 83' lang='grc' dir='ltr'>δεόντων</span> <span class='ocrx_word' id='word_1_408' title='bbox 776 1924 790 1950; x_wconf 85' lang='grc' dir='ltr'>ὁ</span> <span class='ocrx_word' id='word_1_409' title='bbox 804 1921 965 1957; x_wconf 73' lang='grc' dir='ltr'>στρατηγὸς,</span> 
     </span>
    </p>
   </div>
   <div class='ocr_carea' id='block_1_59' title="bbox 174 1965 967 2007">
    <p class='ocr_par' dir='ltr' id='par_1_59' title="bbox 174 1965 967 2007">
     <span class='ocr_line' id='line_1_59' title="bbox 174 1965 967 2007; baseline -0.006 -9"><span class='ocrx_word' id='word_1_410' title='bbox 174 1973 228 1998; x_wconf 75' lang='grc' dir='ltr'>εἴτε</span> <span class='ocrx_word' id='word_1_411' title='bbox 248 1972 292 1998; x_wconf 80' lang='grc' dir='ltr'>διὰ</span> <span class='ocrx_word' id='word_1_412' title='bbox 308 1971 449 2007; x_wconf 73' lang='grc' dir='ltr'>ῥᾳστώνην</span> <span class='ocrx_word' id='word_1_413' title='bbox 469 1972 523 1998; x_wconf 75' lang='grc' dir='ltr'>εἴτε</span> <span class='ocrx_word' id='word_1_414' title='bbox 542 1972 585 1998; x_wconf 74' lang='grc' dir='ltr'><strong>διὰ</strong></span> <span class='ocrx_word' id='word_1_415' title='bbox 601 1970 775 2006; x_wconf 81' lang='grc' dir='ltr'>δωροδοκίαν,</span> <span class='ocrx_word' id='word_1_416' title='bbox 792 1969 868 1995; x_wconf 72' lang='grc' dir='ltr'>οὐδέν</span> <span class='ocrx_word' id='word_1_417' title='bbox 883 1976 891 1983; x_wconf 89' lang='grc'><strong>·</strong></span> <span class='ocrx_word' id='word_1_418' title='bbox 908 1965 967 1994; x_wconf 81' lang='grc' dir='ltr'>ἀνθ’</span> 
     </span>
    </p>
   </div>
   <div class='ocr_carea' id='block_1_60' title="bbox 174 2014 885 2053">
    <p class='ocr_par' dir='ltr' id='par_1_60' title="bbox 174 2014 885 2053">
     <span class='ocr_line' id='line_1_60' title="bbox 174 2014 885 2053; baseline -0.007 -9"><span class='ocrx_word' id='word_1_419' title='bbox 174 2014 211 2044; x_wconf 86' lang='grc' dir='ltr'>ὧν</span> <span class='ocrx_word' id='word_1_420' title='bbox 223 2018 270 2044; x_wconf 65' lang='grc' dir='ltr'><strong>καὶ⁴</strong></span> <span class='ocrx_word' id='word_1_421' title='bbox 284 2018 361 2053; x_wconf 86' lang='grc' dir='ltr'>δίκην</span> <span class='ocrx_word' id='word_1_422' title='bbox 375 2017 486 2053; x_wconf 67' lang='grc' dir='ltr'>ὕστερον</span> <span class='ocrx_word' id='word_1_423' title='bbox 504 2017 609 2052; x_wconf 73' lang='grc' dir='ltr'>κριθεὶς</span> <span class='ocrx_word' id='word_1_424' title='bbox 631 2015 774 2050; x_wconf 83' lang='grc' dir='ltr'>Ῥωμαίοις</span> <span class='ocrx_word' id='word_1_425' title='bbox 790 2014 885 2040; x_wconf 72' lang='grc' dir='ltr'>ἔδωκε.</span> 
     </span>
    </p>
   </div>
   <div class='ocr_carea' id='block_1_61' title="bbox 1012 911 1803 948">
    <p class='ocr_par' dir='ltr' id='par_1_61' title="bbox 1012 911 1803 948">
     <span class='ocr_line' id='line_1_61' title="bbox 1012 911 1803 948; baseline -0.005 -5"><span class='ocrx_word' id='word_1_426' title='bbox 1012 916 1138 948; x_wconf 78' lang='lat' dir='ltr'><strong>xisseut,</strong></span> <span class='ocrx_word' id='word_1_427' title='bbox 1182 914 1283 947; x_wconf 89' lang='lat' dir='ltr'><strong>diuque</strong></span> <span class='ocrx_word' id='word_1_428' title='bbox 1313 912 1423 947; x_wconf 86' lang='lat' dir='ltr'><strong>ancipiti</strong></span> <span class='ocrx_word' id='word_1_429' title='bbox 1457 911 1544 939; x_wconf 79' lang='lat' dir='ltr'><strong>Marte</strong></span> <span class='ocrx_word' id='word_1_430' title='bbox 1580 918 1729 946; x_wconf 85' lang='lat' dir='ltr'><strong>pugnatum</strong></span> <span class='ocrx_word' id='word_1_431' title='bbox 1759 918 1803 940; x_wconf 49' lang='lat' dir='ltr'><strong>ek</strong></span> 
     </span>
    </p>
   </div>
   <div class='ocr_carea' id='block_1_62' title="bbox 1012 959 1804 994">
    <p class='ocr_par' dir='ltr' id='par_1_62' title="bbox 1012 959 1804 994">
     <span class='ocr_line' id='line_1_62' title="bbox 1012 959 1804 994; baseline -0.004 -4"><span class='ocrx_word' id='word_1_432' title='bbox 1012 967 1064 994; x_wconf 89' lang='lat' dir='ltr'><strong>set,</strong></span> <span class='ocrx_word' id='word_1_433' title='bbox 1080 969 1111 989; x_wconf 91' lang='lat' dir='ltr'><strong>ac</strong></span> <span class='ocrx_word' id='word_1_434' title='bbox 1126 961 1202 989; x_wconf 86' lang='lat' dir='ltr'><strong>multi</strong></span> <span class='ocrx_word' id='word_1_435' title='bbox 1223 961 1257 989; x_wconf 90' lang='lat' dir='ltr'><strong>ab</strong></span> <span class='ocrx_word' id='word_1_436' title='bbox 1270 966 1385 994; x_wconf 89' lang='lat' dir='ltr'><strong>utraque</strong></span> <span class='ocrx_word' id='word_1_437' title='bbox 1400 964 1477 994; x_wconf 87' lang='lat' dir='ltr'><strong>parte</strong></span> <span class='ocrx_word' id='word_1_438' title='bbox 1495 959 1671 991; x_wconf 86' lang='lat' dir='ltr'><strong>cecidissent,</strong></span> <span class='ocrx_word' id='word_1_439' title='bbox 1685 959 1804 987; x_wconf 85' lang='lat' dir='ltr'><strong>Athenio</strong></span> 
     </span>
    </p>
   </div>
   <div class='ocr_carea' id='block_1_63' title="bbox 1012 1005 1804 1043">
    <p class='ocr_par' dir='ltr' id='par_1_63' title="bbox 1012 1005 1804 1043">
     <span class='ocr_line' id='line_1_63' title="bbox 1012 1005 1804 1043; baseline -0.003 -8"><span class='ocrx_word' id='word_1_440' title='bbox 1012 1009 1128 1043; x_wconf 85' lang='lat' dir='ltr'><strong>stipatus</strong></span> <span class='ocrx_word' id='word_1_441' title='bbox 1135 1006 1189 1034; x_wconf 76' lang='lat'><strong>200</strong></span> <span class='ocrx_word' id='word_1_442' title='bbox 1202 1006 1312 1034; x_wconf 83' lang='lat' dir='ltr'><strong>selectis</strong></span> <span class='ocrx_word' id='word_1_443' title='bbox 1324 1005 1471 1040; x_wconf 87' lang='lat' dir='ltr'><strong>equitibus,</strong></span> <span class='ocrx_word' id='word_1_444' title='bbox 1485 1010 1575 1040; x_wconf 80' lang='lat' dir='ltr'><strong>strage</strong></span> <span class='ocrx_word' id='word_1_445' title='bbox 1586 1006 1678 1032; x_wconf 88' lang='lat' dir='ltr'><strong>omnia</strong></span> <span class='ocrx_word' id='word_1_446' title='bbox 1687 1006 1804 1033; x_wconf 86' lang='lat' dir='ltr'><strong>circum-</strong></span> 
     </span>
    </p>
   </div>
   <div class='ocr_carea' id='block_1_64' title="bbox 1012 1048 1804 1087">
    <p class='ocr_par' dir='ltr' id='par_1_64' title="bbox 1012 1048 1804 1087">
     <span class='ocr_line' id='line_1_64' title="bbox 1012 1048 1804 1087; baseline -0.001 -9"><span class='ocrx_word' id='word_1_447' title='bbox 1012 1059 1121 1087; x_wconf 85' lang='lat' dir='ltr'><strong>quaque</strong></span> <span class='ocrx_word' id='word_1_448' title='bbox 1136 1051 1257 1085; x_wconf 89' lang='lat' dir='ltr'><strong>implevit</strong></span> <span class='ocrx_word' id='word_1_449' title='bbox 1271 1058 1279 1077; x_wconf 92' lang='lat'><strong>:</strong></span> <span class='ocrx_word' id='word_1_450' title='bbox 1305 1057 1398 1077; x_wconf 89' lang='lat' dir='ltr'><strong>verum</strong></span> <span class='ocrx_word' id='word_1_451' title='bbox 1418 1056 1488 1084; x_wconf 87' lang='lat' dir='ltr'><strong>genu</strong></span> <span class='ocrx_word' id='word_1_452' title='bbox 1505 1053 1622 1084; x_wconf 87' lang='lat' dir='ltr'><strong>utroque</strong></span> <span class='ocrx_word' id='word_1_453' title='bbox 1635 1048 1804 1084; x_wconf 81' lang='lat' dir='ltr'><strong>vulneratus,</strong></span> 
     </span>
    </p>
   </div>
   <div class='ocr_carea' id='block_1_65' title="bbox 1014 1097 1805 1133">
    <p class='ocr_par' dir='ltr' id='par_1_65' title="bbox 1014 1097 1805 1133">
     <span class='ocr_line' id='line_1_65' title="bbox 1014 1097 1805 1133; baseline -0.001 -7"><span class='ocrx_word' id='word_1_454' title='bbox 1014 1105 1106 1133; x_wconf 84' lang='lat' dir='ltr'><strong>postea</strong></span> <span class='ocrx_word' id='word_1_455' title='bbox 1126 1103 1154 1126; x_wconf 88' lang='lat' dir='ltr'><strong>et</strong></span> <span class='ocrx_word' id='word_1_456' title='bbox 1173 1098 1255 1126; x_wconf 87' lang='lat' dir='ltr'><strong>tertio</strong></span> <span class='ocrx_word' id='word_1_457' title='bbox 1276 1097 1388 1125; x_wconf 85' lang='lat' dir='ltr'><strong>vulnere</strong></span> <span class='ocrx_word' id='word_1_458' title='bbox 1407 1097 1434 1124; x_wconf 92' lang='lat' dir='ltr'><strong>in</strong></span> <span class='ocrx_word' id='word_1_459' title='bbox 1455 1097 1506 1124; x_wconf 88' lang='lat' dir='ltr'><strong>alia</strong></span> <span class='ocrx_word' id='word_1_460' title='bbox 1522 1098 1643 1132; x_wconf 88' lang='lat' dir='ltr'><strong>corporis</strong></span> <span class='ocrx_word' id='word_1_461' title='bbox 1659 1102 1736 1132; x_wconf 88' lang='lat' dir='ltr'><strong>parte</strong></span> <span class='ocrx_word' id='word_1_462' title='bbox 1757 1105 1805 1125; x_wconf 84' lang='lat' dir='ltr'><strong>ac-</strong></span> 
     </span>
    </p>
   </div>
   <div class='ocr_carea' id='block_1_66' title="bbox 1013 1143 1804 1180">
    <p class='ocr_par' dir='ltr' id='par_1_66' title="bbox 1013 1143 1804 1180">
     <span class='ocr_line' id='line_1_66' title="bbox 1013 1143 1804 1180; baseline -0.001 -8"><span class='ocrx_word' id='word_1_463' title='bbox 1013 1150 1103 1180; x_wconf 85' lang='lat' dir='ltr'><strong>cepto,</strong></span> <span class='ocrx_word' id='word_1_464' title='bbox 1118 1152 1214 1180; x_wconf 72' lang='lat' dir='ltr'><strong>pugna:</strong></span> <span class='ocrx_word' id='word_1_465' title='bbox 1226 1143 1300 1171; x_wconf 85' lang='lat' dir='ltr'><strong>utilis</strong></span> <span class='ocrx_word' id='word_1_466' title='bbox 1325 1150 1387 1171; x_wconf 86' lang='lat' dir='ltr'><strong>esse</strong></span> <span class='ocrx_word' id='word_1_467' title='bbox 1402 1143 1491 1171; x_wconf 87' lang='lat' dir='ltr'><strong>desiit.</strong></span> <span class='ocrx_word' id='word_1_468' title='bbox 1504 1143 1685 1176; x_wconf 83' lang='lat' dir='ltr'><strong>Quamobrem</strong></span> <span class='ocrx_word' id='word_1_469' title='bbox 1699 1143 1804 1179; x_wconf 81' lang='lat' dir='ltr'><strong>fugitivi</strong></span> 
     </span>
    </p>
   </div>
   <div class='ocr_carea' id='block_1_67' title="bbox 1014 1188 1805 1224">
    <p class='ocr_par' dir='ltr' id='par_1_67' title="bbox 1014 1188 1805 1224">
     <span class='ocr_line' id='line_1_67' title="bbox 1014 1188 1805 1224; baseline -0.001 -7"><span class='ocrx_word' id='word_1_470' title='bbox 1014 1192 1135 1218; x_wconf 88' lang='lat' dir='ltr'><strong>animum</strong></span> <span class='ocrx_word' id='word_1_471' title='bbox 1148 1188 1360 1224; x_wconf 77' lang='lat' dir='ltr'><strong>despondentes,</strong></span> <span class='ocrx_word' id='word_1_472' title='bbox 1380 1188 1451 1223; x_wconf 78' lang='lat' dir='ltr'><strong>fugae</strong></span> <span class='ocrx_word' id='word_1_473' title='bbox 1468 1196 1498 1216; x_wconf 83' lang='lat' dir='ltr'><strong>se</strong></span> <span class='ocrx_word' id='word_1_474' title='bbox 1514 1189 1659 1217; x_wconf 89' lang='lat' dir='ltr'><strong>dederunt.</strong></span> <span class='ocrx_word' id='word_1_475' title='bbox 1688 1189 1805 1217; x_wconf 77' lang='lat' dir='ltr'><strong>Athenio</strong></span> 
     </span>
    </p>
   </div>
   <div class='ocr_carea' id='block_1_68' title="bbox 1014 1230 1804 1268">
    <p class='ocr_par' dir='ltr' id='par_1_68' title="bbox 1014 1230 1804 1268">
     <span class='ocr_line' id='line_1_68' title="bbox 1014 1230 1804 1268; baseline -0.003 -4"><span class='ocrx_word' id='word_1_476' title='bbox 1014 1241 1103 1264; x_wconf 89' lang='lat' dir='ltr'><strong>autem</strong></span> <span class='ocrx_word' id='word_1_477' title='bbox 1114 1244 1175 1263; x_wconf 89' lang='lat' dir='ltr'><strong>cum</strong></span> <span class='ocrx_word' id='word_1_478' title='bbox 1185 1230 1308 1263; x_wconf 79' lang='lat' dir='ltr'><strong>mortuus</strong></span> <span class='ocrx_word' id='word_1_479' title='bbox 1320 1235 1490 1268; x_wconf 86' lang='lat' dir='ltr'><strong>crederetur,</strong></span> <span class='ocrx_word' id='word_1_480' title='bbox 1502 1234 1629 1268; x_wconf 82' lang='lat' dir='ltr'><strong>latitavit,</strong></span> <span class='ocrx_word' id='word_1_481' title='bbox 1641 1239 1669 1262; x_wconf 89' lang='lat' dir='ltr'><strong>et</strong></span> <span class='ocrx_word' id='word_1_482' title='bbox 1678 1234 1804 1263; x_wconf 73' lang='lat' dir='ltr'><strong>simulata</strong></span> 
     </span>
    </p>
   </div>
   <div class='ocr_carea' id='block_1_69' title="bbox 1015 1280 1804 1317">
    <p class='ocr_par' dir='ltr' id='par_1_69' title="bbox 1015 1280 1804 1317">
     <span class='ocr_line' id='line_1_69' title="bbox 1015 1280 1804 1317; baseline -0.003 -8"><span class='ocrx_word' id='word_1_483' title='bbox 1015 1282 1210 1317; x_wconf 84' lang='lat' dir='ltr'><strong>aliquantisper</strong></span> <span class='ocrx_word' id='word_1_484' title='bbox 1221 1286 1318 1315; x_wconf 86' lang='lat' dir='ltr'><strong>morte,</strong></span> <span class='ocrx_word' id='word_1_485' title='bbox 1330 1289 1392 1309; x_wconf 91' lang='lat' dir='ltr'><strong>cum</strong></span> <span class='ocrx_word' id='word_1_486' title='bbox 1411 1281 1528 1316; x_wconf 90' lang='lat' dir='ltr'><strong>primum</strong></span> <span class='ocrx_word' id='word_1_487' title='bbox 1539 1288 1590 1309; x_wconf 80' lang='lat' dir='ltr'><strong>nox</strong></span> <span class='ocrx_word' id='word_1_488' title='bbox 1608 1281 1728 1314; x_wconf 85' lang='lat' dir='ltr'><strong>advenit,</strong></span> <span class='ocrx_word' id='word_1_489' title='bbox 1743 1280 1804 1316; x_wconf 79' lang='lat' dir='ltr'><strong>fuga</strong></span> 
     </span>
    </p>
   </div>
   <div class='ocr_carea' id='block_1_70' title="bbox 1015 1327 1808 1363">
    <p class='ocr_par' dir='ltr' id='par_1_70' title="bbox 1015 1327 1808 1363">
     <span class='ocr_line' id='line_1_70' title="bbox 1015 1327 1808 1363; baseline -0.001 -7"><span class='ocrx_word' id='word_1_490' title='bbox 1015 1329 1065 1356; x_wconf 84' lang='lat' dir='ltr'><strong>sibi</strong></span> <span class='ocrx_word' id='word_1_491' title='bbox 1083 1328 1197 1356; x_wconf 84' lang='lat' dir='ltr'><strong>salutem</strong></span> <span class='ocrx_word' id='word_1_492' title='bbox 1223 1328 1336 1363; x_wconf 80' lang='lat' dir='ltr'><strong>peperit.</strong></span> <span class='ocrx_word' id='word_1_493' title='bbox 1360 1327 1523 1355; x_wconf 70' lang='lat' dir='ltr'><strong>Pratclaram</strong></span> <span class='ocrx_word' id='word_1_494' title='bbox 1548 1334 1613 1355; x_wconf 81' lang='lat' dir='ltr'><strong>vero</strong></span> <span class='ocrx_word' id='word_1_495' title='bbox 1630 1327 1720 1362; x_wconf 79' lang='lat' dir='ltr'><strong>adepti</strong></span> <span class='ocrx_word' id='word_1_496' title='bbox 1744 1333 1808 1355; x_wconf 86' lang='lat' dir='ltr'><strong>sunt</strong></span> 
     </span>
    </p>
   </div>
   <div class='ocr_carea' id='block_1_71' title="bbox 1016 1372 1808 1408">
    <p class='ocr_par' dir='ltr' id='par_1_71' title="bbox 1016 1372 1808 1408">
     <span class='ocr_line' id='line_1_71' title="bbox 1016 1372 1808 1408; baseline -0.001 -7"><span class='ocrx_word' id='word_1_497' title='bbox 1016 1374 1131 1401; x_wconf 78' lang='lat' dir='ltr'><strong>Romani</strong></span> <span class='ocrx_word' id='word_1_498' title='bbox 1147 1374 1299 1407; x_wconf 86' lang='lat' dir='ltr'><strong>victoriam,</strong></span> <span class='ocrx_word' id='word_1_499' title='bbox 1313 1372 1468 1408; x_wconf 84' lang='lat' dir='ltr'><strong>Tryphonis</strong></span> <span class='ocrx_word' id='word_1_500' title='bbox 1482 1373 1627 1401; x_wconf 90' lang='lat' dir='ltr'><strong>comitibus</strong></span> <span class='ocrx_word' id='word_1_501' title='bbox 1642 1376 1670 1399; x_wconf 90' lang='lat' dir='ltr'><strong>et</strong></span> <span class='ocrx_word' id='word_1_502' title='bbox 1688 1372 1735 1400; x_wconf 92' lang='lat' dir='ltr'><strong>illo</strong></span> <span class='ocrx_word' id='word_1_503' title='bbox 1748 1373 1808 1406; x_wconf 83' lang='lat' dir='ltr'><strong>ipso</strong></span> 
     </span>
    </p>
   </div>
   <div class='ocr_carea' id='block_1_72' title="bbox 1016 1417 1808 1455">
    <p class='ocr_par' dir='ltr' id='par_1_72' title="bbox 1016 1417 1808 1455">
     <span class='ocr_line' id='line_1_72' title="bbox 1016 1417 1808 1455; baseline -0.003 -8"><span class='ocrx_word' id='word_1_504' title='bbox 1016 1421 1042 1447; x_wconf 89' lang='lat' dir='ltr'><strong>in</strong></span> <span class='ocrx_word' id='word_1_505' title='bbox 1063 1419 1155 1455; x_wconf 82' lang='lat' dir='ltr'><strong>fugam</strong></span> <span class='ocrx_word' id='word_1_506' title='bbox 1178 1419 1329 1451; x_wconf 87' lang='lat' dir='ltr'><strong>conversis,</strong></span> <span class='ocrx_word' id='word_1_507' title='bbox 1350 1419 1495 1454; x_wconf 87' lang='lat' dir='ltr'><strong>multisque</strong></span> <span class='ocrx_word' id='word_1_508' title='bbox 1515 1418 1542 1445; x_wconf 93' lang='lat' dir='ltr'><strong>in</strong></span> <span class='ocrx_word' id='word_1_509' title='bbox 1563 1417 1625 1453; x_wconf 84' lang='lat' dir='ltr'><strong>fuga</strong></span> <span class='ocrx_word' id='word_1_510' title='bbox 1644 1418 1732 1451; x_wconf 68' lang='lat' dir='ltr'><strong>cassis,</strong></span> <span class='ocrx_word' id='word_1_511' title='bbox 1746 1422 1808 1445; x_wconf 91' lang='lat' dir='ltr'><strong>tan-</strong></span> 
     </span>
    </p>
   </div>
   <div class='ocr_carea' id='block_1_73' title="bbox 1017 1460 1809 1501">
    <p class='ocr_par' dir='ltr' id='par_1_73' title="bbox 1017 1460 1809 1501">
     <span class='ocr_line' id='line_1_73' title="bbox 1017 1460 1809 1501; baseline -0.004 -7"><span class='ocrx_word' id='word_1_512' title='bbox 1017 1467 1076 1494; x_wconf 90' lang='lat' dir='ltr'><strong>dem</strong></span> <span class='ocrx_word' id='word_1_513' title='bbox 1092 1466 1187 1501; x_wconf 79' lang='lat' dir='ltr'><strong>viginti</strong></span> <span class='ocrx_word' id='word_1_514' title='bbox 1204 1465 1287 1493; x_wconf 78' lang='lat' dir='ltr'><strong>millia</strong></span> <span class='ocrx_word' id='word_1_515' title='bbox 1309 1472 1442 1493; x_wconf 70' lang='lat' dir='ltr'><strong>caasorum</strong></span> <span class='ocrx_word' id='word_1_516' title='bbox 1465 1470 1657 1499; x_wconf 83' lang='lat' dir='ltr'><strong>compererunt</strong></span> <span class='ocrx_word' id='word_1_517' title='bbox 1677 1471 1748 1492; x_wconf 88' lang='lat' dir='ltr'><strong>esse.</strong></span> <span class='ocrx_word' id='word_1_518' title='bbox 1764 1460 1809 1491; x_wconf 33' lang='lat' dir='ltr'><strong>‘At</strong></span> 
     </span>
    </p>
   </div>
   <div class='ocr_carea' id='block_1_74' title="bbox 980 1508 1809 1559">
    <p class='ocr_par' dir='ltr' id='par_1_74' title="bbox 980 1508 1809 1559">
     <span class='ocr_line' id='line_1_74' title="bbox 980 1508 1809 1559; baseline -0.006 -19"><span class='ocrx_word' id='word_1_519' title='bbox 980 1531 1001 1559; x_wconf 65' lang='grc' dir='ltr'>ο</span> <span class='ocrx_word' id='word_1_520' title='bbox 1019 1512 1116 1547; x_wconf 90' lang='lat' dir='ltr'><strong>reliqui</strong></span> <span class='ocrx_word' id='word_1_521' title='bbox 1135 1510 1331 1540; x_wconf 88' lang='lat' dir='ltr'><strong>commoditate</strong></span> <span class='ocrx_word' id='word_1_522' title='bbox 1347 1510 1434 1538; x_wconf 86' lang='lat' dir='ltr'><strong>noctis</strong></span> <span class='ocrx_word' id='word_1_523' title='bbox 1453 1509 1505 1542; x_wconf 83' lang='lat' dir='ltr'><strong>usi,</strong></span> <span class='ocrx_word' id='word_1_524' title='bbox 1521 1510 1554 1537; x_wconf 87' lang='lat' dir='ltr'><strong>ad</strong></span> <span class='ocrx_word' id='word_1_525' title='bbox 1570 1508 1695 1537; x_wconf 86' lang='lat' dir='ltr'><strong>Triocala</strong></span> <span class='ocrx_word' id='word_1_526' title='bbox 1710 1508 1809 1537; x_wconf 82' lang='lat' dir='ltr'><strong>confu-</strong></span> 
     </span>
    </p>
   </div>
   <div class='ocr_carea' id='block_1_75' title="bbox 1018 1555 1809 1593">
    <p class='ocr_par' dir='ltr' id='par_1_75' title="bbox 1018 1555 1809 1593">
     <span class='ocr_line' id='line_1_75' title="bbox 1018 1555 1809 1593; baseline -0.003 -9"><span class='ocrx_word' id='word_1_527' title='bbox 1018 1562 1123 1593; x_wconf 77' lang='lat' dir='ltr'><strong>gerant,</strong></span> <span class='ocrx_word' id='word_1_528' title='bbox 1142 1564 1297 1593; x_wconf 88' lang='lat' dir='ltr'><strong>quanquam</strong></span> <span class='ocrx_word' id='word_1_529' title='bbox 1315 1560 1342 1583; x_wconf 92' lang='lat' dir='ltr'><strong>et</strong></span> <span class='ocrx_word' id='word_1_530' title='bbox 1356 1556 1406 1583; x_wconf 90' lang='lat' dir='ltr'><strong>hos</strong></span> <span class='ocrx_word' id='word_1_531' title='bbox 1420 1556 1575 1583; x_wconf 84' lang='lat' dir='ltr'><strong>interﬁcere</strong></span> <span class='ocrx_word' id='word_1_532' title='bbox 1591 1555 1671 1583; x_wconf 74' lang='lat' dir='ltr'><strong>facile</strong></span> <span class='ocrx_word' id='word_1_533' title='bbox 1681 1559 1741 1582; x_wconf 89' lang='lat' dir='ltr'><strong>erat</strong></span> <span class='ocrx_word' id='word_1_534' title='bbox 1756 1555 1809 1582; x_wconf 90' lang='lat' dir='ltr'><strong>im-</strong></span> 
     </span>
    </p>
   </div>
   <div class='ocr_carea' id='block_1_76' title="bbox 1017 1600 1809 1639">
    <p class='ocr_par' dir='ltr' id='par_1_76' title="bbox 1017 1600 1809 1639">
     <span class='ocr_line' id='line_1_76' title="bbox 1017 1600 1809 1639; baseline -0.006 -7"><span class='ocrx_word' id='word_1_535' title='bbox 1017 1604 1149 1639; x_wconf 89' lang='lat' dir='ltr'><strong>peratori,</strong></span> <span class='ocrx_word' id='word_1_536' title='bbox 1161 1603 1184 1631; x_wconf 91' lang='lat' dir='ltr'><strong>si</strong></span> <span class='ocrx_word' id='word_1_537' title='bbox 1204 1608 1364 1638; x_wconf 80' lang='lat' dir='ltr'><strong>persecutus</strong></span> <span class='ocrx_word' id='word_1_538' title='bbox 1380 1609 1428 1629; x_wconf 89' lang='lat' dir='ltr'><strong>eos</strong></span> <span class='ocrx_word' id='word_1_539' title='bbox 1441 1601 1549 1629; x_wconf 77' lang='lat' dir='ltr'><strong>fuisset.</strong></span> <span class='ocrx_word' id='word_1_540' title='bbox 1567 1601 1645 1629; x_wconf 83' lang='lat' dir='ltr'><strong>Adeo</strong></span> <span class='ocrx_word' id='word_1_541' title='bbox 1659 1605 1748 1629; x_wconf 88' lang='lat' dir='ltr'><strong>autem</strong></span> <span class='ocrx_word' id='word_1_542' title='bbox 1761 1600 1809 1628; x_wconf 87' lang='lat' dir='ltr'><strong>ab-</strong></span> 
     </span>
    </p>
   </div>
   <div class='ocr_carea' id='block_1_77' title="bbox 1013 1646 1810 1685">
    <p class='ocr_par' dir='ltr' id='par_1_77' title="bbox 1013 1646 1810 1685">
     <span class='ocr_line' id='line_1_77' title="bbox 1013 1646 1810 1685; baseline -0.005 -8"><span class='ocrx_word' id='word_1_543' title='bbox 1013 1650 1137 1685; x_wconf 75' lang='lat' dir='ltr'><strong>iecerant</strong></span> <span class='ocrx_word' id='word_1_544' title='bbox 1162 1649 1268 1676; x_wconf 87' lang='lat' dir='ltr'><strong>animos</strong></span> <span class='ocrx_word' id='word_1_545' title='bbox 1291 1647 1374 1680; x_wconf 85' lang='lat' dir='ltr'><strong>servi,</strong></span> <span class='ocrx_word' id='word_1_546' title='bbox 1400 1652 1430 1674; x_wconf 93' lang='lat' dir='ltr'><strong>ut</strong></span> <span class='ocrx_word' id='word_1_547' title='bbox 1455 1647 1537 1674; x_wconf 89' lang='lat' dir='ltr'><strong>etiam</strong></span> <span class='ocrx_word' id='word_1_548' title='bbox 1563 1647 1597 1674; x_wconf 91' lang='lat' dir='ltr'><strong>de</strong></span> <span class='ocrx_word' id='word_1_549' title='bbox 1622 1646 1759 1674; x_wconf 89' lang='lat' dir='ltr'><strong>redeundo</strong></span> <span class='ocrx_word' id='word_1_550' title='bbox 1775 1646 1810 1673; x_wconf 86' lang='lat' dir='ltr'><strong>ad</strong></span> 
     </span>
    </p>
   </div>
   <div class='ocr_carea' id='block_1_78' title="bbox 1016 1692 1809 1729">
    <p class='ocr_par' dir='ltr' id='par_1_78' title="bbox 1016 1692 1809 1729">
     <span class='ocr_line' id='line_1_78' title="bbox 1016 1692 1809 1729; baseline -0.004 -6"><span class='ocrx_word' id='word_1_551' title='bbox 1016 1696 1151 1727; x_wconf 90' lang='lat' dir='ltr'><strong>dominos,</strong></span> <span class='ocrx_word' id='word_1_552' title='bbox 1163 1701 1247 1729; x_wconf 86' lang='lat' dir='ltr'><strong>seque</strong></span> <span class='ocrx_word' id='word_1_553' title='bbox 1253 1701 1347 1721; x_wconf 90' lang='lat' dir='ltr'><strong>eorum</strong></span> <span class='ocrx_word' id='word_1_554' title='bbox 1360 1692 1487 1729; x_wconf 88' lang='lat' dir='ltr'><strong>potestati</strong></span> <span class='ocrx_word' id='word_1_555' title='bbox 1494 1692 1809 1724; x_wconf 86' lang='lat' dir='ltr'><strong>committendo.delihe-</strong></span> 
     </span>
    </p>
   </div>
   <div class='ocr_carea' id='block_1_79' title="bbox 1018 1737 1812 1773">
    <p class='ocr_par' dir='ltr' id='par_1_79' title="bbox 1018 1737 1812 1773">
     <span class='ocr_line' id='line_1_79' title="bbox 1018 1737 1812 1773; baseline -0.004 -5"><span class='ocrx_word' id='word_1_556' title='bbox 1018 1741 1087 1768; x_wconf 80' lang='lat' dir='ltr'><strong>ratio</strong></span> <span class='ocrx_word' id='word_1_557' title='bbox 1110 1741 1144 1767; x_wconf 84' lang='lat' dir='ltr'><strong>ab</strong></span> <span class='ocrx_word' id='word_1_558' title='bbox 1168 1740 1202 1766; x_wconf 93' lang='lat' dir='ltr'><strong>iis</strong></span> <span class='ocrx_word' id='word_1_559' title='bbox 1227 1738 1364 1773; x_wconf 86' lang='lat' dir='ltr'><strong>proposita</strong></span> <span class='ocrx_word' id='word_1_560' title='bbox 1392 1737 1485 1765; x_wconf 83' lang='lat' dir='ltr'><strong>fuerit.</strong></span> <span class='ocrx_word' id='word_1_561' title='bbox 1514 1737 1614 1764; x_wconf 81' lang='lat' dir='ltr'><strong>Eorum</strong></span> <span class='ocrx_word' id='word_1_562' title='bbox 1639 1742 1730 1764; x_wconf 83' lang='lat' dir='ltr'><strong>tamen</strong></span> <span class='ocrx_word' id='word_1_563' title='bbox 1746 1737 1812 1765; x_wconf 86' lang='lat' dir='ltr'><strong>vicit</strong></span> 
     </span>
    </p>
   </div>
   <div class='ocr_carea' id='block_1_80' title="bbox 1021 1782 1810 1819">
    <p class='ocr_par' dir='ltr' id='par_1_80' title="bbox 1021 1782 1810 1819">
     <span class='ocr_line' id='line_1_80' title="bbox 1021 1782 1810 1819; baseline -0.005 -5"><span class='ocrx_word' id='word_1_564' title='bbox 1021 1786 1164 1818; x_wconf 81' lang='lat' dir='ltr'><strong>sententia,</strong></span> <span class='ocrx_word' id='word_1_565' title='bbox 1177 1785 1222 1819; x_wconf 86' lang='lat' dir='ltr'><strong>qui</strong></span> <span class='ocrx_word' id='word_1_566' title='bbox 1236 1788 1361 1811; x_wconf 87' lang='lat' dir='ltr'><strong>auctores</strong></span> <span class='ocrx_word' id='word_1_567' title='bbox 1375 1788 1454 1811; x_wconf 83' lang='lat' dir='ltr'><strong>erant</strong></span> <span class='ocrx_word' id='word_1_568' title='bbox 1466 1787 1495 1810; x_wconf 91' lang='lat' dir='ltr'><strong>ut</strong></span> <span class='ocrx_word' id='word_1_569' title='bbox 1510 1782 1544 1810; x_wconf 90' lang='lat' dir='ltr'><strong>ad</strong></span> <span class='ocrx_word' id='word_1_570' title='bbox 1555 1788 1707 1810; x_wconf 80' lang='lat' dir='ltr'><strong>extremum</strong></span> <span class='ocrx_word' id='word_1_571' title='bbox 1723 1790 1810 1817; x_wconf 85' lang='lat' dir='ltr'><strong>usque</strong></span> 
     </span>
    </p>
   </div>
   <div class='ocr_carea' id='block_1_81' title="bbox 1021 1828 1811 1868">
    <p class='ocr_par' dir='ltr' id='par_1_81' title="bbox 1021 1828 1811 1868">
     <span class='ocr_line' id='line_1_81' title="bbox 1021 1828 1811 1868; baseline -0.005 -8"><span class='ocrx_word' id='word_1_572' title='bbox 1021 1832 1145 1868; x_wconf 81' lang='lat' dir='ltr'><strong>spiritum</strong></span> <span class='ocrx_word' id='word_1_573' title='bbox 1170 1830 1342 1863; x_wconf 89' lang='lat' dir='ltr'><strong>dimicarent,</strong></span> <span class='ocrx_word' id='word_1_574' title='bbox 1360 1837 1410 1857; x_wconf 91' lang='lat' dir='ltr'><strong>nec</strong></span> <span class='ocrx_word' id='word_1_575' title='bbox 1434 1829 1485 1864; x_wconf 86' lang='lat' dir='ltr'><strong>ipsi</strong></span> <span class='ocrx_word' id='word_1_576' title='bbox 1502 1829 1606 1863; x_wconf 85' lang='lat' dir='ltr'><strong>seipsos</strong></span> <span class='ocrx_word' id='word_1_577' title='bbox 1621 1830 1766 1864; x_wconf 85' lang='lat' dir='ltr'><strong>prodentes</strong></span> <span class='ocrx_word' id='word_1_578' title='bbox 1783 1828 1811 1856; x_wconf 90' lang='lat' dir='ltr'><strong>in</strong></span> 
     </span>
    </p>
   </div>
   <div class='ocr_carea' id='block_1_82' title="bbox 1022 1874 1812 1909">
    <p class='ocr_par' dir='ltr' id='par_1_82' title="bbox 1022 1874 1812 1909">
     <span class='ocr_line' id='line_1_82' title="bbox 1022 1874 1812 1909; baseline -0.004 -5"><span class='ocrx_word' id='word_1_579' title='bbox 1022 1884 1118 1905; x_wconf 83' lang='lat' dir='ltr'><strong>manus</strong></span> <span class='ocrx_word' id='word_1_580' title='bbox 1135 1876 1253 1903; x_wconf 87' lang='lat' dir='ltr'><strong>hostium</strong></span> <span class='ocrx_word' id='word_1_581' title='bbox 1271 1883 1301 1903; x_wconf 87' lang='lat' dir='ltr'><strong>se</strong></span> <span class='ocrx_word' id='word_1_582' title='bbox 1317 1875 1467 1902; x_wconf 82' lang='lat' dir='ltr'><strong>traderent.</strong></span> <span class='ocrx_word' id='word_1_583' title='bbox 1489 1874 1573 1902; x_wconf 89' lang='lat' dir='ltr'><strong>Sexto</strong></span> <span class='ocrx_word' id='word_1_584' title='bbox 1592 1879 1653 1909; x_wconf 87' lang='lat' dir='ltr'><strong>post</strong></span> <span class='ocrx_word' id='word_1_585' title='bbox 1667 1874 1711 1902; x_wconf 88' lang='lat' dir='ltr'><strong>die</strong></span> <span class='ocrx_word' id='word_1_586' title='bbox 1728 1875 1812 1909; x_wconf 88' lang='lat' dir='ltr'><strong>impe-</strong></span> 
     </span>
    </p>
   </div>
   <div class='ocr_carea' id='block_1_83' title="bbox 1023 1919 1813 1954">
    <p class='ocr_par' dir='ltr' id='par_1_83' title="bbox 1023 1919 1813 1954">
     <span class='ocr_line' id='line_1_83' title="bbox 1023 1919 1813 1954; baseline -0.006 -3"><span class='ocrx_word' id='word_1_587' title='bbox 1023 1928 1097 1951; x_wconf 85' lang='lat' dir='ltr'><strong>rator</strong></span> <span class='ocrx_word' id='word_1_588' title='bbox 1114 1921 1148 1949; x_wconf 88' lang='lat' dir='ltr'><strong>ad</strong></span> <span class='ocrx_word' id='word_1_589' title='bbox 1165 1920 1314 1949; x_wconf 85' lang='lat' dir='ltr'><strong>obsidenda</strong></span> <span class='ocrx_word' id='word_1_590' title='bbox 1330 1919 1455 1948; x_wconf 90' lang='lat' dir='ltr'><strong>Triocala</strong></span> <span class='ocrx_word' id='word_1_591' title='bbox 1475 1920 1558 1953; x_wconf 89' lang='lat' dir='ltr'><strong>venit,</strong></span> <span class='ocrx_word' id='word_1_592' title='bbox 1581 1919 1627 1954; x_wconf 92' lang='lat' dir='ltr'><strong>qui</strong></span> <span class='ocrx_word' id='word_1_593' title='bbox 1646 1926 1707 1946; x_wconf 91' lang='lat' dir='ltr'><strong>cum</strong></span> <span class='ocrx_word' id='word_1_594' title='bbox 1719 1919 1813 1947; x_wconf 79' lang='lat' dir='ltr'><strong>hostes</strong></span> 
     </span>
    </p>
   </div>
   <div class='ocr_carea' id='block_1_84' title="bbox 1020 1966 1812 2002">
    <p class='ocr_par' dir='ltr' id='par_1_84' title="bbox 1020 1966 1812 2002">
     <span class='ocr_line' id='line_1_84' title="bbox 1020 1966 1812 2002; baseline -0.005 -4"><span class='ocrx_word' id='word_1_595' title='bbox 1020 1970 1147 2002; x_wconf 63' lang='lat' dir='ltr'><strong>caderet,</strong></span> <span class='ocrx_word' id='word_1_596' title='bbox 1170 1967 1345 2002; x_wconf 89' lang='lat' dir='ltr'><strong>vicissimque</strong></span> <span class='ocrx_word' id='word_1_597' title='bbox 1366 1967 1400 1995; x_wconf 91' lang='lat' dir='ltr'><strong>ab</strong></span> <span class='ocrx_word' id='word_1_598' title='bbox 1428 1966 1483 1995; x_wconf 90' lang='lat' dir='ltr'><strong>illis</strong></span> <span class='ocrx_word' id='word_1_599' title='bbox 1514 1966 1678 1999; x_wconf 74' lang='lat' dir='ltr'><strong>caederetur,</strong></span> <span class='ocrx_word' id='word_1_600' title='bbox 1703 1967 1812 1994; x_wconf 89' lang='lat' dir='ltr'><strong>tandem</strong></span> 
     </span>
    </p>
   </div>
   <div class='ocr_carea' id='block_1_85' title="bbox 1020 2007 1815 2045">
    <p class='ocr_par' dir='ltr' id='par_1_85' title="bbox 1020 2007 1815 2045">
     <span class='ocr_line' id='line_1_85' title="bbox 1020 2007 1815 2045; baseline -0.005 -3"><span class='ocrx_word' id='word_1_601' title='bbox 1020 2014 1134 2042; x_wconf 86' lang='lat' dir='ltr'><strong>inferior</strong></span> <span class='ocrx_word' id='word_1_602' title='bbox 1160 2012 1295 2041; x_wconf 84' lang='lat' dir='ltr'><strong>discessit.</strong></span> <span class='ocrx_word' id='word_1_603' title='bbox 1320 2007 1438 2045; x_wconf 67' lang='lat' dir='ltr'><strong>Quae:</strong></span> <span class='ocrx_word' id='word_1_604' title='bbox 1462 2019 1493 2040; x_wconf 85' lang='lat' dir='ltr'><strong>re</strong></span> <span class='ocrx_word' id='word_1_605' title='bbox 1518 2012 1633 2039; x_wconf 88' lang='lat' dir='ltr'><strong>multum</strong></span> <span class='ocrx_word' id='word_1_606' title='bbox 1654 2011 1759 2039; x_wconf 61' lang='lat' dir='ltr'><strong>ﬁducia;</strong></span> <span class='ocrx_word' id='word_1_607' title='bbox 1783 2020 1815 2039; x_wconf 87' lang='lat' dir='ltr'><strong>ac</strong></span> 
     </span>
    </p>
   </div>
   <div class='ocr_carea' id='block_1_86' title="bbox 176 2058 1813 2107">
    <p class='ocr_par' dir='ltr' id='par_1_86' title="bbox 176 2058 1813 2107">
     <span class='ocr_line' id='line_1_86' title="bbox 176 2058 1813 2107; baseline -0.004 -8"><span class='ocrx_word' id='word_1_608' title='bbox 176 2074 286 2107; x_wconf 85' lang='lat' dir='ltr'><strong>spiritus</strong></span> <span class='ocrx_word' id='word_1_609' title='bbox 303 2074 485 2101; x_wconf 82' lang='lat' dir='ltr'><strong>defectoribus</strong></span> <span class='ocrx_word' id='word_1_610' title='bbox 512 2074 601 2100; x_wconf 81' lang='lat' dir='ltr'><strong>rediit.</strong></span> <span class='ocrx_word' id='word_1_611' title='bbox 622 2073 718 2107; x_wconf 72' lang='grc' dir='ltr'>39οι</span> <span class='ocrx_word' id='word_1_612' title='bbox 743 2071 797 2098; x_wconf 83' lang='lat' dir='ltr'><strong>Nec</strong></span> <span class='ocrx_word' id='word_1_613' title='bbox 811 2077 873 2096; x_wconf 83' lang='lat' dir='ltr'><strong>vero</strong></span> <span class='ocrx_word' id='word_1_614' title='bbox 890 2069 947 2102; x_wconf 83' lang='lat' dir='ltr'><strong>ipse</strong></span> <span class='ocrx_word' id='word_1_615' title='bbox 967 2067 1117 2099; x_wconf 69' lang='lat' dir='ltr'><strong>imperator</strong></span> <span class='ocrx_word' id='word_1_616' title='bbox 1143 2061 1198 2088; x_wconf 74' lang='lat' dir='ltr'><strong>ulla</strong></span> <span class='ocrx_word' id='word_1_617' title='bbox 1215 2060 1242 2088; x_wconf 84' lang='lat' dir='ltr'><strong>in</strong></span> <span class='ocrx_word' id='word_1_618' title='bbox 1264 2064 1342 2107; x_wconf 60' lang='lat' dir='ltr'><strong>parte</strong></span> <span class='ocrx_word' id='word_1_619' title='bbox 1359 2059 1428 2107; x_wconf 48' lang='lat' dir='ltr'><strong>(sits</strong></span> <span class='ocrx_word' id='word_1_620' title='bbox 1441 2066 1501 2107; x_wconf 73' lang='lat' dir='ltr'><strong>prae</strong></span> <span class='ocrx_word' id='word_1_621' title='bbox 1521 2059 1636 2107; x_wconf 45' lang='lat' dir='ltr'><strong>desidia.</strong></span> <span class='ocrx_word' id='word_1_622' title='bbox 1650 2058 1708 2107; x_wconf 62' lang='lat' dir='ltr'><strong>sive</strong></span> <span class='ocrx_word' id='word_1_623' title='bbox 1739 2059 1813 2093; x_wconf 82' lang='lat' dir='ltr'><strong>quod</strong></span> 
     </span>
    </p>
   </div>
   <div class='ocr_carea' id='block_1_87' title="bbox 176 2105 1813 2154">
    <p class='ocr_par' dir='ltr' id='par_1_87' title="bbox 176 2105 1813 2154">
     <span class='ocr_line' id='line_1_87' title="bbox 176 2105 1813 2154; baseline -0.009 -7"><span class='ocrx_word' id='word_1_624' title='bbox 176 2105 333 2147; x_wconf 81' lang='lat' dir='ltr'><strong>muneribus</strong></span> <span class='ocrx_word' id='word_1_625' title='bbox 348 2125 491 2154; x_wconf 86' lang='lat' dir='ltr'><strong>corruptus</strong></span> <span class='ocrx_word' id='word_1_626' title='bbox 505 2120 587 2153; x_wconf 81' lang='lat' dir='ltr'><strong>esset)</strong></span> <span class='ocrx_word' id='word_1_627' title='bbox 623 2105 710 2145; x_wconf 64' lang='lat' dir='ltr'><strong>cilicio</strong></span> <span class='ocrx_word' id='word_1_628' title='bbox 729 2124 778 2144; x_wconf 89' lang='lat' dir='ltr'><strong>suo</strong></span> <span class='ocrx_word' id='word_1_629' title='bbox 801 2114 996 2143; x_wconf 68' lang='lat' dir='ltr'><strong>satisfaciebant.</strong></span> <span class='ocrx_word' id='word_1_630' title='bbox 1022 2109 1096 2138; x_wconf 88' lang='lat' dir='ltr'><strong>Unde</strong></span> <span class='ocrx_word' id='word_1_631' title='bbox 1113 2107 1197 2136; x_wconf 90' lang='lat' dir='ltr'><strong>etiam</strong></span> <span class='ocrx_word' id='word_1_632' title='bbox 1214 2111 1310 2142; x_wconf 85' lang='lat' dir='ltr'><strong>postea</strong></span> <span class='ocrx_word' id='word_1_633' title='bbox 1325 2105 1497 2141; x_wconf 87' lang='lat' dir='ltr'><strong>injudicium</strong></span> <span class='ocrx_word' id='word_1_634' title='bbox 1515 2113 1531 2132; x_wconf 86' lang='lat' dir='ltr'><strong>a</strong></span> <span class='ocrx_word' id='word_1_635' title='bbox 1546 2105 1677 2133; x_wconf 75' lang='lat' dir='ltr'><strong>Romanis</strong></span> <span class='ocrx_word' id='word_1_636' title='bbox 1690 2111 1813 2143; x_wconf 74' lang='lat' dir='ltr'><strong>vocatus,</strong></span> 
     </span>
    </p>
   </div>
   <div class='ocr_carea' id='block_1_88' title="bbox 177 2166 433 2200">
    <p class='ocr_par' dir='ltr' id='par_1_88' title="bbox 177 2166 433 2200">
     <span class='ocr_line' id='line_1_88' title="bbox 177 2166 433 2200; baseline 0 -7"><span class='ocrx_word' id='word_1_637' title='bbox 177 2166 359 2200; x_wconf 88' lang='lat' dir='ltr'><strong>multatusque</strong></span> <span class='ocrx_word' id='word_1_638' title='bbox 376 2167 433 2193; x_wconf 78' lang='lat' dir='ltr'><strong>l&#39;nit.</strong></span> 
     </span>
    </p>
   </div>
   <div class='ocr_carea' id='block_1_89' title="bbox 213 2192 962 2247">
    <p class='ocr_par' dir='ltr' id='par_1_89' title="bbox 213 2205 962 2247">
     <span class='ocr_line' id='line_1_89' title="bbox 213 2205 962 2247; baseline -0.012 -7"><span class='ocrx_word' id='word_1_639' title='bbox 213 2213 290 2241; x_wconf 69' lang='grc' dir='ltr'>Γάῖοξ</span> <span class='ocrx_word' id='word_1_640' title='bbox 303 2213 331 2239; x_wconf 78' lang='grc' dir='ltr'>δὲ</span> <span class='ocrx_word' id='word_1_641' title='bbox 344 2209 496 2247; x_wconf 74' lang='grc' dir='ltr'>Σερουΐλιος</span> <span class='ocrx_word' id='word_1_642' title='bbox 513 2209 721 2245; x_wconf 74' lang='grc' dir='ltr'>καταπεμφθεὶς</span> <span class='ocrx_word' id='word_1_643' title='bbox 741 2206 894 2242; x_wconf 78' lang='grc' dir='ltr'>στρατηγὸς</span> <span class='ocrx_word' id='word_1_644' title='bbox 909 2205 962 2232; x_wconf 84' lang='grc' dir='ltr'>διά-</span> 
     </span>
    </p>
   </div>
   <div class='ocr_carea' id='block_1_90' title="bbox 1014 2192 1815 2247">
    <p class='ocr_par' dir='ltr' id='par_1_90' title="bbox 1054 2192 1815 2228">
     <span class='ocr_line' id='line_1_90' title="bbox 1054 2192 1815 2228; baseline -0.011 -1"><span class='ocrx_word' id='word_1_645' title='bbox 1054 2200 1089 2227; x_wconf 86' lang='grc' dir='ltr'><strong>Αι</strong></span> <span class='ocrx_word' id='word_1_646' title='bbox 1103 2198 1187 2226; x_wconf 84' lang='lat' dir='ltr'><strong>Caius</strong></span> <span class='ocrx_word' id='word_1_647' title='bbox 1201 2195 1334 2224; x_wconf 85' lang='lat' dir='ltr'><strong>Servilius</strong></span> <span class='ocrx_word' id='word_1_648' title='bbox 1343 2195 1443 2222; x_wconf 81' lang='lat' dir='ltr'><strong>missus</strong></span> <span class='ocrx_word' id='word_1_649' title='bbox 1457 2193 1612 2228; x_wconf 88' lang='lat' dir='ltr'><strong>imperatori</strong></span> <span class='ocrx_word' id='word_1_650' title='bbox 1627 2192 1741 2221; x_wconf 80' lang='lat' dir='ltr'><strong>Lucullo</strong></span> <span class='ocrx_word' id='word_1_651' title='bbox 1751 2200 1815 2220; x_wconf 90' lang='lat' dir='ltr'><strong>suc-</strong></span> 
     </span>
    </p>
   </div>
   <div class='ocr_carea' id='block_1_91' title="bbox 178 2251 963 2294">
    <p class='ocr_par' dir='ltr' id='par_1_91' title="bbox 178 2251 963 2294">
     <span class='ocr_line' id='line_1_91' title="bbox 178 2251 963 2294; baseline -0.013 -8"><span class='ocrx_word' id='word_1_652' title='bbox 178 2260 254 2294; x_wconf 87' lang='grc' dir='ltr'>δοχος</span> <span class='ocrx_word' id='word_1_653' title='bbox 262 2259 439 2290; x_wconf 68' lang='grc' dir='ltr'>Λουκούλλου,</span> <span class='ocrx_word' id='word_1_654' title='bbox 452 2259 507 2285; x_wconf 71' lang='grc' dir='ltr'>οὐδ’</span> <span class='ocrx_word' id='word_1_655' title='bbox 518 2257 599 2288; x_wconf 81' lang='grc' dir='ltr'>αὑτός</span> <span class='ocrx_word' id='word_1_656' title='bbox 611 2265 636 2282; x_wconf 89' lang='grc' dir='ltr'><strong>τι</strong></span> <span class='ocrx_word' id='word_1_657' title='bbox 647 2255 721 2287; x_wconf 80' lang='grc' dir='ltr'>ἄξιον</span> <span class='ocrx_word' id='word_1_658' title='bbox 732 2253 841 2288; x_wconf 85' lang='grc' dir='ltr'>μνήμης</span> <span class='ocrx_word' id='word_1_659' title='bbox 851 2251 963 2286; x_wconf 77' lang='grc' dir='ltr'>ἔπραξε·</span> 
     </span>
    </p>
   </div>
   <div class='ocr_carea' id='block_1_92' title="bbox 178 2297 966 2339">
    <p class='ocr_par' dir='ltr' id='par_1_92' title="bbox 178 2297 966 2339">
     <span class='ocr_line' id='line_1_92' title="bbox 178 2297 966 2339; baseline -0.013 -7"><span class='ocrx_word' id='word_1_660' title='bbox 178 2304 218 2332; x_wconf 72' lang='grc' dir='ltr'><strong>δίο</strong></span> <span class='ocrx_word' id='word_1_661' title='bbox 235 2306 280 2332; x_wconf 70' lang='grc' dir='ltr'>καὶ</span> <span class='ocrx_word' id='word_1_662' title='bbox 296 2305 395 2339; x_wconf 79' lang='grc' dir='ltr'>ὁμοίως</span> <span class='ocrx_word' id='word_1_663' title='bbox 411 2304 570 2338; x_wconf 74' lang='grc' dir='ltr'>Λουκούλλῳ</span> <span class='ocrx_word' id='word_1_664' title='bbox 595 2303 708 2336; x_wconf 75' lang='grc' dir='ltr'>ὕστερον</span> <span class='ocrx_word' id='word_1_665' title='bbox 726 2300 800 2334; x_wconf 83' lang='grc' dir='ltr'>φυγῇ</span> <span class='ocrx_word' id='word_1_666' title='bbox 821 2297 966 2324; x_wconf 86' lang='grc' dir='ltr'>κατεδικά-</span> 
     </span>
    </p>
   </div>
   <div class='ocr_carea' id='block_1_93' title="bbox 180 2343 966 2385">
    <p class='ocr_par' dir='ltr' id='par_1_93' title="bbox 180 2343 966 2385">
     <span class='ocr_line' id='line_1_93' title="bbox 180 2343 966 2385; baseline -0.01 -9"><span class='ocrx_word' id='word_1_667' title='bbox 180 2351 241 2385; x_wconf 83' lang='grc' dir='ltr'>σθη.</span> <span class='ocrx_word' id='word_1_668' title='bbox 271 2350 486 2384; x_wconf 77' lang='grc' dir='ltr'>Τελευτήσαντος</span> <span class='ocrx_word' id='word_1_669' title='bbox 501 2349 529 2374; x_wconf 83' lang='grc' dir='ltr'>δὲ</span> <span class='ocrx_word' id='word_1_670' title='bbox 547 2347 693 2382; x_wconf 82' lang='grc' dir='ltr'>Τρύφωνος</span> <span class='ocrx_word' id='word_1_671' title='bbox 710 2345 832 2379; x_wconf 79' lang='grc' dir='ltr'>διάδοχος</span> <span class='ocrx_word' id='word_1_672' title='bbox 848 2343 898 2378; x_wconf 80' lang='grc' dir='ltr'>τῆς</span> <span class='ocrx_word' id='word_1_673' title='bbox 920 2344 966 2374; x_wconf 85' lang='grc' dir='ltr'>ἀρ-</span> 
     </span>
    </p>
   </div>
   <div class='ocr_carea' id='block_1_94' title="bbox 180 2387 966 2430">
    <p class='ocr_par' dir='ltr' id='par_1_94' title="bbox 180 2387 966 2430">
     <span class='ocr_line' id='line_1_94' title="bbox 180 2387 966 2430; baseline -0.011 -9"><span class='ocrx_word' id='word_1_674' title='bbox 180 2396 230 2430; x_wconf 68' lang='grc' dir='ltr'><strong>χῆς</strong></span> <span class='ocrx_word' id='word_1_675' title='bbox 247 2396 260 2421; x_wconf 87' lang='grc' dir='ltr'><strong>ό</strong></span> <span class='ocrx_word' id='word_1_676' title='bbox 286 2394 417 2428; x_wconf 81' lang='grc' dir='ltr'>Ἀθηνίων</span> <span class='ocrx_word' id='word_1_677' title='bbox 439 2393 613 2424; x_wconf 79' lang='grc' dir='ltr'>καθίσταται,</span> <span class='ocrx_word' id='word_1_678' title='bbox 633 2391 680 2417; x_wconf 79' lang='grc' dir='ltr'>καὶ</span> <span class='ocrx_word' id='word_1_679' title='bbox 705 2390 782 2416; x_wconf 80' lang='grc' dir='ltr'>τοῦτο</span> <span class='ocrx_word' id='word_1_680' title='bbox 806 2389 855 2423; x_wconf 84' lang='grc' dir='ltr'>μὲν</span> <span class='ocrx_word' id='word_1_681' title='bbox 875 2387 966 2418; x_wconf 69' lang='grc' dir='ltr'>πῧλεις</span> 
     </span>
    </p>
   </div>
   <div class='ocr_carea' id='block_1_95' title="bbox 180 2433 969 2477">
    <p class='ocr_par' dir='ltr' id='par_1_95' title="bbox 180 2433 969 2477">
     <span class='ocr_line' id='line_1_95' title="bbox 180 2433 969 2477; baseline -0.011 -11"><span class='ocrx_word' id='word_1_682' title='bbox 180 2439 345 2475; x_wconf 78' lang='grc' dir='ltr'>ἐπολιόρκει,</span> <span class='ocrx_word' id='word_1_683' title='bbox 361 2437 440 2477; x_wconf 80' lang='grc' dir='ltr'>τοῦτο</span> <span class='ocrx_word' id='word_1_684' title='bbox 454 2437 482 2474; x_wconf 73' lang='grc' dir='ltr'><strong>δὲ.</strong></span> <span class='ocrx_word' id='word_1_685' title='bbox 500 2438 589 2464; x_wconf 80' lang='grc' dir='ltr'>πᾶσαν</span> <span class='ocrx_word' id='word_1_686' title='bbox 607 2436 656 2471; x_wconf 82' lang='grc' dir='ltr'>τὴν</span> <span class='ocrx_word' id='word_1_687' title='bbox 682 2434 773 2470; x_wconf 70' lang='grc' dir='ltr'>χώραν</span> <span class='ocrx_word' id='word_1_688' title='bbox 792 2433 877 2464; x_wconf 81' lang='grc' dir='ltr'>ἀδεῶς</span> <span class='ocrx_word' id='word_1_689' title='bbox 900 2440 969 2458; x_wconf 82' lang='grc' dir='ltr'>κατ-</span> 
     </span>
    </p>
   </div>
   <div class='ocr_carea' id='block_1_96' title="bbox 182 2474 970 2521">
    <p class='ocr_par' dir='ltr' id='par_1_96' title="bbox 182 2474 970 2521">
     <span class='ocr_line' id='line_1_96' title="bbox 182 2474 970 2521; baseline -0.011 -9"><span class='ocrx_word' id='word_1_690' title='bbox 182 2487 287 2521; x_wconf 74' lang='grc' dir='ltr'>έτρεχε,</span> <span class='ocrx_word' id='word_1_691' title='bbox 295 2486 342 2512; x_wconf 76' lang='grc' dir='ltr'>καὶ</span> <span class='ocrx_word' id='word_1_692' title='bbox 357 2474 461 2511; x_wconf 81' lang='grc' dir='ltr'>πολλῶν</span> <span class='ocrx_word' id='word_1_693' title='bbox 471 2474 625 2520; x_wconf 61' lang='grc' dir='ltr'>ἔκυρίευσε,</span> <span class='ocrx_word' id='word_1_694' title='bbox 636 2481 683 2508; x_wconf 84' lang='grc' dir='ltr'>τοῦ</span> <span class='ocrx_word' id='word_1_695' title='bbox 693 2479 844 2516; x_wconf 82' lang='grc' dir='ltr'>Σερουϊλίου</span> <span class='ocrx_word' id='word_1_696' title='bbox 858 2478 970 2514; x_wconf 36' lang='grc' dir='ltr'>μηδὲνίπ</span> 
     </span>
    </p>
   </div>
   <div class='ocr_carea' id='block_1_97' title="bbox 182 2532 554 2571">
    <p class='ocr_par' dir='ltr' id='par_1_97' title="bbox 182 2532 554 2571">
     <span class='ocr_line' id='line_1_97' title="bbox 182 2532 554 2571; baseline -0.005 -12"><span class='ocrx_word' id='word_1_697' title='bbox 182 2532 554 2571; x_wconf 34' lang='grc' dir='ltr'>ἀντιπράττοντρςίτκτὲε</span> 
     </span>
    </p>
   </div>
   <div class='ocr_carea' id='block_1_98' title="bbox 218 2567 972 2614">
    <p class='ocr_par' dir='ltr' id='par_1_98' title="bbox 218 2567 972 2614">
     <span class='ocr_line' id='line_1_98' title="bbox 218 2567 972 2614; baseline -0.009 -11"><span class='ocrx_word' id='word_1_698' title='bbox 218 2576 271 2603; x_wconf 85' lang='grc' dir='ltr'>Τοῦ</span> <span class='ocrx_word' id='word_1_699' title='bbox 288 2577 310 2603; x_wconf 83' lang='grc' dir='ltr'>δ’</span> <span class='ocrx_word' id='word_1_700' title='bbox 322 2567 566 2614; x_wconf 40' lang='grc' dir='ltr'>ἐνιαυσίοιξηῇω</span> <span class='ocrx_word' id='word_1_701' title='bbox 580 2574 729 2604; x_wconf 81' lang='grc' dir='ltr'>διελθόντος</span> <span class='ocrx_word' id='word_1_702' title='bbox 741 2572 844 2603; x_wconf 66' lang='grc' dir='ltr'>ὕπατος</span> <span class='ocrx_word' id='word_1_703' title='bbox 860 2573 887 2598; x_wconf 81' lang='grc' dir='ltr'>ὲν</span> <span class='ocrx_word' id='word_1_704' title='bbox 905 2571 972 2597; x_wconf 82' lang='grc' dir='ltr'><strong>Ῥώ-</strong></span> 
     </span>
    </p>
   </div>
   <div class='ocr_carea' id='block_1_99' title="bbox 185 2607 970 2661">
    <p class='ocr_par' dir='ltr' id='par_1_99' title="bbox 185 2607 970 2661">
     <span class='ocr_line' id='line_1_99' title="bbox 185 2607 970 2661; baseline -0.009 -12"><span class='ocrx_word' id='word_1_705' title='bbox 185 2632 223 2659; x_wconf 78' lang='grc' dir='ltr'>μῃ</span> <span class='ocrx_word' id='word_1_706' title='bbox 236 2623 313 2654; x_wconf 70' lang='grc' dir='ltr'>Γάϊος</span> <span class='ocrx_word' id='word_1_707' title='bbox 326 2607 530 2661; x_wconf 37' lang='grc' dir='ltr'>θίάριοξῖᾖρπξόη</span> <span class='ocrx_word' id='word_1_708' title='bbox 539 2621 571 2648; x_wconf 72' lang='grc' dir='ltr'>τὸ</span> <span class='ocrx_word' id='word_1_709' title='bbox 581 2620 704 2655; x_wconf 75' lang='grc' dir='ltr'>πέμπτον</span> <span class='ocrx_word' id='word_1_710' title='bbox 720 2620 765 2645; x_wconf 72' lang='grc' dir='ltr'>καὶ</span> <span class='ocrx_word' id='word_1_711' title='bbox 783 2619 861 2648; x_wconf 73' lang='grc' dir='ltr'>Γάϊος</span> <span class='ocrx_word' id='word_1_712' title='bbox 874 2617 970 2643; x_wconf 68' lang='grc' dir='ltr'>Ἀκύλ-</span> 
     </span>
    </p>
   </div>
   <div class='ocr_carea' id='block_1_100' title="bbox 281 2657 969 2704">
    <p class='ocr_par' dir='ltr' id='par_1_100' title="bbox 281 2657 969 2704">
     <span class='ocr_line' id='line_1_100' title="bbox 281 2657 969 2704; baseline -0.01 -8"><span class='ocrx_word' id='word_1_713' title='bbox 281 2667 317 2696; x_wconf 82' lang='grc' dir='ltr'>ὦν</span> <span class='ocrx_word' id='word_1_714' title='bbox 341 2671 355 2696; x_wconf 90' lang='grc' dir='ltr'><strong>ό</strong></span> <span class='ocrx_word' id='word_1_715' title='bbox 367 2657 508 2701; x_wconf 64' lang='grc' dir='ltr'>’Δκύλλιος</span> <span class='ocrx_word' id='word_1_716' title='bbox 525 2666 678 2704; x_wconf 72' lang='grc' dir='ltr'>στρατηγὸς</span> <span class='ocrx_word' id='word_1_717' title='bbox 694 2665 764 2692; x_wconf 69' lang='grc' dir='ltr'>κατὰ</span> <span class='ocrx_word' id='word_1_718' title='bbox 777 2664 831 2691; x_wconf 84' lang='grc' dir='ltr'><strong>τῶν</strong></span> <span class='ocrx_word' id='word_1_719' title='bbox 849 2665 969 2690; x_wconf 74' lang='grc' dir='ltr'>ἀποστα-</span> 
     </span>
    </p>
   </div>
   <div class='ocr_carea' id='block_1_101' title="bbox 184 2670 258 2701">
    <p class='ocr_par' dir='ltr' id='par_1_101' title="bbox 184 2670 258 2701">
     <span class='ocr_line' id='line_1_101' title="bbox 184 2670 258 2701; baseline 0.027 -7"><span class='ocrx_word' id='word_1_720' title='bbox 184 2670 240 2701; x_wconf 82' lang='grc' dir='ltr'>λιος</span> <span class='ocrx_word' id='word_1_721' title='bbox 252 2678 258 2683; x_wconf 87' lang='grc'>·</span> 
     </span>
    </p>
   </div>
   <div class='ocr_carea' id='block_1_102' title="bbox 1018 2239 1816 2279">
    <p class='ocr_par' dir='ltr' id='par_1_102' title="bbox 1018 2239 1816 2279">
     <span class='ocr_line' id='line_1_102' title="bbox 1018 2239 1816 2279; baseline -0.013 -4"><span class='ocrx_word' id='word_1_722' title='bbox 1018 2254 1122 2279; x_wconf 81' lang='lat' dir='ltr'><strong>cessor,</strong></span> <span class='ocrx_word' id='word_1_723' title='bbox 1149 2245 1206 2279; x_wconf 83' lang='lat' dir='ltr'><strong>ipse</strong></span> <span class='ocrx_word' id='word_1_724' title='bbox 1230 2250 1338 2278; x_wconf 90' lang='lat' dir='ltr'><strong>quoque</strong></span> <span class='ocrx_word' id='word_1_725' title='bbox 1372 2241 1439 2268; x_wconf 86' lang='lat' dir='ltr'><strong>nihil</strong></span> <span class='ocrx_word' id='word_1_726' title='bbox 1459 2241 1609 2275; x_wconf 79' lang='lat' dir='ltr'><strong>quidquam</strong></span> <span class='ocrx_word' id='word_1_727' title='bbox 1638 2239 1816 2267; x_wconf 85' lang='lat' dir='ltr'><strong>memorabile</strong></span> 
     </span>
    </p>
   </div>
   <div class='ocr_carea' id='block_1_103' title="bbox 1019 2285 1816 2328">
    <p class='ocr_par' dir='ltr' id='par_1_103' title="bbox 1019 2285 1816 2328">
     <span class='ocr_line' id='line_1_103' title="bbox 1019 2285 1816 2328; baseline -0.01 -8"><span class='ocrx_word' id='word_1_728' title='bbox 1019 2293 1102 2328; x_wconf 83' lang='lat' dir='ltr'><strong>gessit</strong></span> <span class='ocrx_word' id='word_1_729' title='bbox 1121 2301 1128 2318; x_wconf 72' lang='grc' dir='ltr'>ς</span> <span class='ocrx_word' id='word_1_730' title='bbox 1146 2297 1230 2324; x_wconf 72' lang='lat' dir='ltr'><strong>tutare</strong></span> <span class='ocrx_word' id='word_1_731' title='bbox 1254 2288 1349 2316; x_wconf 87' lang='lat' dir='ltr'><strong>eodem</strong></span> <span class='ocrx_word' id='word_1_732' title='bbox 1364 2294 1418 2322; x_wconf 90' lang='lat' dir='ltr'><strong>quo</strong></span> <span class='ocrx_word' id='word_1_733' title='bbox 1438 2286 1565 2313; x_wconf 87' lang='lat' dir='ltr'><strong>Lucullus</strong></span> <span class='ocrx_word' id='word_1_734' title='bbox 1587 2285 1666 2313; x_wconf 89' lang='lat' dir='ltr'><strong>modo</strong></span> <span class='ocrx_word' id='word_1_735' title='bbox 1687 2286 1816 2312; x_wconf 83' lang='lat' dir='ltr'><strong>multatus</strong></span> 
     </span>
    </p>
   </div>
   <div class='ocr_carea' id='block_1_104' title="bbox 1019 2330 1816 2367">
    <p class='ocr_par' dir='ltr' id='par_1_104' title="bbox 1019 2330 1816 2367">
     <span class='ocr_line' id='line_1_104' title="bbox 1019 2330 1816 2367; baseline -0.011 -1"><span class='ocrx_word' id='word_1_736' title='bbox 1019 2337 1115 2366; x_wconf 83' lang='lat' dir='ltr'><strong>exsilio</strong></span> <span class='ocrx_word' id='word_1_737' title='bbox 1129 2336 1189 2363; x_wconf 84' lang='lat' dir='ltr'><strong>iuit.</strong></span> <span class='ocrx_word' id='word_1_738' title='bbox 1212 2335 1281 2362; x_wconf 90' lang='lat' dir='ltr'><strong>Dum</strong></span> <span class='ocrx_word' id='word_1_739' title='bbox 1302 2333 1359 2361; x_wconf 66' lang='lat' dir='ltr'><strong>haec</strong></span> <span class='ocrx_word' id='word_1_740' title='bbox 1373 2337 1515 2367; x_wconf 84' lang='lat' dir='ltr'><strong>geruntur,</strong></span> <span class='ocrx_word' id='word_1_741' title='bbox 1537 2332 1654 2359; x_wconf 87' lang='lat' dir='ltr'><strong>moritur</strong></span> <span class='ocrx_word' id='word_1_742' title='bbox 1674 2339 1721 2359; x_wconf 81' lang='lat' dir='ltr'><strong>rex</strong></span> <span class='ocrx_word' id='word_1_743' title='bbox 1746 2330 1816 2364; x_wconf 83' lang='lat' dir='ltr'><strong>Try-</strong></span> 
     </span>
    </p>
   </div>
   <div class='ocr_carea' id='block_1_105' title="bbox 1020 2376 1814 2421">
    <p class='ocr_par' dir='ltr' id='par_1_105' title="bbox 1020 2376 1814 2421">
     <span class='ocr_line' id='line_1_105' title="bbox 1020 2376 1814 2421; baseline -0.009 -10"><span class='ocrx_word' id='word_1_744' title='bbox 1020 2385 1085 2421; x_wconf 86' lang='lat' dir='ltr'><strong>pho.</strong></span> <span class='ocrx_word' id='word_1_745' title='bbox 1102 2383 1195 2418; x_wconf 78' lang='lat' dir='ltr'><strong>Regna</strong></span> <span class='ocrx_word' id='word_1_746' title='bbox 1210 2380 1332 2409; x_wconf 84' lang='lat' dir='ltr'><strong>succedit</strong></span> <span class='ocrx_word' id='word_1_747' title='bbox 1349 2379 1476 2406; x_wconf 83' lang='lat' dir='ltr'><strong>Athenio.</strong></span> <span class='ocrx_word' id='word_1_748' title='bbox 1493 2377 1543 2405; x_wconf 85' lang='lat' dir='ltr'><strong>Hic</strong></span> <span class='ocrx_word' id='word_1_749' title='bbox 1555 2378 1636 2406; x_wconf 87' lang='lat' dir='ltr'><strong>urbes</strong></span> <span class='ocrx_word' id='word_1_750' title='bbox 1651 2376 1814 2409; x_wconf 81' lang='lat' dir='ltr'><strong>obsidendo,</strong></span> 
     </span>
    </p>
   </div>
   <div class='ocr_carea' id='block_1_106' title="bbox 1019 2424 1818 2464">
    <p class='ocr_par' dir='ltr' id='par_1_106' title="bbox 1019 2424 1818 2464">
     <span class='ocr_line' id='line_1_106' title="bbox 1019 2424 1818 2464; baseline -0.01 -6"><span class='ocrx_word' id='word_1_751' title='bbox 1019 2436 1157 2464; x_wconf 88' lang='lat' dir='ltr'><strong>totamque</strong></span> <span class='ocrx_word' id='word_1_752' title='bbox 1174 2429 1312 2464; x_wconf 75' lang='lat' dir='ltr'><strong>regionem</strong></span> <span class='ocrx_word' id='word_1_753' title='bbox 1335 2425 1541 2454; x_wconf 86' lang='lat' dir='ltr'><strong>incursionibus</strong></span> <span class='ocrx_word' id='word_1_754' title='bbox 1565 2432 1615 2459; x_wconf 90' lang='lat' dir='ltr'><strong>pro</strong></span> <span class='ocrx_word' id='word_1_755' title='bbox 1637 2424 1750 2452; x_wconf 88' lang='lat' dir='ltr'><strong>libidine</strong></span> <span class='ocrx_word' id='word_1_756' title='bbox 1775 2424 1818 2451; x_wconf 89' lang='lat' dir='ltr'><strong>in-</strong></span> 
     </span>
    </p>
   </div>
   <div class='ocr_carea' id='block_1_107' title="bbox 1020 2470 1819 2510">
    <p class='ocr_par' dir='ltr' id='par_1_107' title="bbox 1020 2470 1819 2510">
     <span class='ocr_line' id='line_1_107' title="bbox 1020 2470 1819 2510; baseline -0.01 -5"><span class='ocrx_word' id='word_1_757' title='bbox 1020 2476 1154 2508; x_wconf 80' lang='lat' dir='ltr'><strong>festando,</strong></span> <span class='ocrx_word' id='word_1_758' title='bbox 1181 2475 1271 2510; x_wconf 79' lang='lat' dir='ltr'><strong>praeda</strong></span> <span class='ocrx_word' id='word_1_759' title='bbox 1302 2473 1415 2509; x_wconf 79' lang='lat' dir='ltr'><strong>ingenti,</strong></span> <span class='ocrx_word' id='word_1_760' title='bbox 1445 2479 1498 2499; x_wconf 89' lang='lat' dir='ltr'><strong>non</strong></span> <span class='ocrx_word' id='word_1_761' title='bbox 1521 2471 1670 2500; x_wconf 87' lang='lat' dir='ltr'><strong>obsistente</strong></span> <span class='ocrx_word' id='word_1_762' title='bbox 1702 2470 1819 2498; x_wconf 87' lang='lat' dir='ltr'><strong>Servilio</strong></span> 
     </span>
    </p>
   </div>
   <div class='ocr_carea' id='block_1_108' title="bbox 1021 2523 1191 2559">
    <p class='ocr_par' dir='ltr' id='par_1_108' title="bbox 1021 2523 1191 2559">
     <span class='ocr_line' id='line_1_108' title="bbox 1021 2523 1191 2559; baseline -0.012 -9"><span class='ocrx_word' id='word_1_763' title='bbox 1021 2523 1124 2559; x_wconf 90' lang='lat' dir='ltr'><strong>potitus</strong></span> <span class='ocrx_word' id='word_1_764' title='bbox 1138 2526 1191 2549; x_wconf 88' lang='lat' dir='ltr'><strong>est.</strong></span> 
     </span>
    </p>
   </div>
   <div class='ocr_carea' id='block_1_109' title="bbox 1057 2563 1819 2600">
    <p class='ocr_par' dir='ltr' id='par_1_109' title="bbox 1057 2563 1819 2600">
     <span class='ocr_line' id='line_1_109' title="bbox 1057 2563 1819 2600; baseline -0.009 -4"><span class='ocrx_word' id='word_1_765' title='bbox 1057 2568 1143 2595; x_wconf 91' lang='lat' dir='ltr'><strong>Porro</strong></span> <span class='ocrx_word' id='word_1_766' title='bbox 1161 2572 1257 2594; x_wconf 77' lang='lat' dir='ltr'><strong>exacto</strong></span> <span class='ocrx_word' id='word_1_767' title='bbox 1280 2573 1370 2592; x_wconf 85' lang='lat' dir='ltr'><strong>annuo</strong></span> <span class='ocrx_word' id='word_1_768' title='bbox 1394 2566 1484 2600; x_wconf 85' lang='lat' dir='ltr'><strong>spatio</strong></span> <span class='ocrx_word' id='word_1_769' title='bbox 1500 2565 1593 2592; x_wconf 77' lang='lat' dir='ltr'><strong>Romae</strong></span> <span class='ocrx_word' id='word_1_770' title='bbox 1613 2563 1737 2599; x_wconf 86' lang='lat' dir='ltr'><strong>quintum</strong></span> <span class='ocrx_word' id='word_1_771' title='bbox 1751 2569 1819 2590; x_wconf 84' lang='lat' dir='ltr'><strong>con-</strong></span> 
     </span>
    </p>
   </div>
   <div class='ocr_carea' id='block_1_110' title="bbox 1025 2608 1817 2647">
    <p class='ocr_par' dir='ltr' id='par_1_110' title="bbox 1025 2608 1817 2647">
     <span class='ocr_line' id='line_1_110' title="bbox 1025 2608 1817 2647; baseline -0.008 -6"><span class='ocrx_word' id='word_1_772' title='bbox 1025 2614 1067 2642; x_wconf 86' lang='lat' dir='ltr'><strong>sul</strong></span> <span class='ocrx_word' id='word_1_773' title='bbox 1083 2613 1220 2641; x_wconf 73' lang='lat' dir='ltr'><strong>cumCatio</strong></span> <span class='ocrx_word' id='word_1_774' title='bbox 1237 2612 1324 2639; x_wconf 85' lang='lat' dir='ltr'><strong>Acilio</strong></span> <span class='ocrx_word' id='word_1_775' title='bbox 1337 2610 1387 2647; x_wconf 80' lang='grc' dir='ltr'>[αι.</span> <span class='ocrx_word' id='word_1_776' title='bbox 1404 2610 1528 2646; x_wconf 83' lang='lat' dir='ltr'><strong>Aquileo]</strong></span> <span class='ocrx_word' id='word_1_777' title='bbox 1545 2614 1653 2638; x_wconf 85' lang='lat' dir='ltr'><strong>creatus</strong></span> <span class='ocrx_word' id='word_1_778' title='bbox 1669 2608 1720 2635; x_wconf 88' lang='lat' dir='ltr'><strong>fuit</strong></span> <span class='ocrx_word' id='word_1_779' title='bbox 1735 2608 1817 2635; x_wconf 82' lang='lat' dir='ltr'><strong>Caius</strong></span> 
     </span>
    </p>
   </div>
   <div class='ocr_carea' id='block_1_111' title="bbox 1024 2654 1817 2688">
    <p class='ocr_par' dir='ltr' id='par_1_111' title="bbox 1024 2654 1817 2688">
     <span class='ocr_line' id='line_1_111' title="bbox 1024 2654 1817 2688; baseline -0.009 0"><span class='ocrx_word' id='word_1_780' title='bbox 1024 2661 1134 2688; x_wconf 83' lang='lat' dir='ltr'><strong>Marius.</strong></span> <span class='ocrx_word' id='word_1_781' title='bbox 1159 2659 1257 2687; x_wconf 80' lang='lat' dir='ltr'><strong>Missus</strong></span> <span class='ocrx_word' id='word_1_782' title='bbox 1281 2664 1371 2686; x_wconf 84' lang='lat' dir='ltr'><strong>autent</strong></span> <span class='ocrx_word' id='word_1_783' title='bbox 1391 2657 1494 2685; x_wconf 77' lang='lat' dir='ltr'><strong>Acilius</strong></span> <span class='ocrx_word' id='word_1_784' title='bbox 1517 2657 1649 2685; x_wconf 86' lang='lat' dir='ltr'><strong>adversus</strong></span> <span class='ocrx_word' id='word_1_785' title='bbox 1665 2654 1817 2684; x_wconf 80' lang='lat' dir='ltr'><strong>defectores</strong></span> 
     </span>
    </p>
   </div>
   <div class='ocr_carea' id='block_1_112' title="bbox 849 2727 1186 2758">
    <p class='ocr_par' dir='ltr' id='par_1_112' title="bbox 849 2727 1186 2758">
     <span class='ocr_line' id='line_1_112' title="bbox 849 2727 1186 2758; baseline -0.009 0"><span class='ocrx_word' id='word_1_786' title='bbox 849 2730 963 2758; x_wconf 64' lang='lat' dir='ltr'><strong>VARI/IS</strong></span> <span class='ocrx_word' id='word_1_787' title='bbox 983 2727 1186 2758; x_wconf 82' lang='lat' dir='ltr'><strong>LECTIONES.</strong></span> 
     </span>
    </p>
   </div>
   <div class='ocr_carea' id='block_1_113' title="bbox 223 2803 774 2839">
    <p class='ocr_par' dir='ltr' id='par_1_113' title="bbox 223 2803 774 2839">
     <span class='ocr_line' id='line_1_113' title="bbox 223 2803 774 2839; baseline -0.004 -9"><span class='ocrx_word' id='word_1_788' title='bbox 223 2804 244 2819; x_wconf 81' lang='lat'><strong>&#39;&quot;</strong></span> <span class='ocrx_word' id='word_1_789' title='bbox 261 2804 397 2839; x_wconf 73' lang='grc' dir='ltr'>καρνᾶνας</span> <span class='ocrx_word' id='word_1_790' title='bbox 412 2805 443 2830; x_wconf 77' lang='grc' dir='ltr'><strong>Δ.</strong></span> <span class='ocrx_word' id='word_1_791' title='bbox 480 2804 503 2839; x_wconf 63' lang='grc' dir='ltr'><strong>ξ’</strong></span> <span class='ocrx_word' id='word_1_792' title='bbox 518 2803 629 2838; x_wconf 77' lang='grc' dir='ltr'>ταύτης]</span> <span class='ocrx_word' id='word_1_793' title='bbox 647 2803 730 2837; x_wconf 72' lang='grc' dir='ltr'>αὐτῆς</span> <span class='ocrx_word' id='word_1_794' title='bbox 743 2803 774 2829; x_wconf 69' lang='grc' dir='ltr'><strong>Δ.</strong></span> 
     </span>
    </p>
   </div>
   <div class='ocr_carea' id='block_1_114' title="bbox 189 2837 676 2874">
    <p class='ocr_par' dir='ltr' id='par_1_114' title="bbox 189 2837 676 2874">
     <span class='ocr_line' id='line_1_114' title="bbox 189 2837 676 2874; baseline -0.004 -7"><span class='ocrx_word' id='word_1_795' title='bbox 189 2843 217 2868; x_wconf 78' lang='lat' dir='ltr'><strong>et</strong></span> <span class='ocrx_word' id='word_1_796' title='bbox 230 2837 304 2867; x_wconf 75' lang='lat' dir='ltr'><strong>corr.</strong></span> <span class='ocrx_word' id='word_1_797' title='bbox 321 2839 344 2867; x_wconf 79' lang='grc' dir='ltr'><strong>Α</strong></span> <span class='ocrx_word' id='word_1_798' title='bbox 380 2839 403 2856; x_wconf 69' lang='grc'><strong>⁸³</strong></span> <span class='ocrx_word' id='word_1_799' title='bbox 417 2837 491 2874; x_wconf 70' lang='grc' dir='ltr'>ῥᾷον]</span> <span class='ocrx_word' id='word_1_800' title='bbox 506 2839 560 2866; x_wconf 84' lang='lat' dir='ltr'><strong>imo</strong></span> <span class='ocrx_word' id='word_1_801' title='bbox 578 2837 676 2873; x_wconf 69' lang='grc' dir='ltr'>ῥᾴδιον.</span> 
     </span>
    </p>
   </div>
   <div class='ocr_carea' id='block_1_115' title="bbox 830 2799 1062 2834">
    <p class='ocr_par' dir='ltr' id='par_1_115' title="bbox 830 2799 1062 2834">
     <span class='ocr_line' id='line_1_115' title="bbox 830 2799 1062 2834; baseline -0.004 -8"><span class='ocrx_word' id='word_1_802' title='bbox 830 2802 852 2816; x_wconf 68' lang='lat'><strong>“9</strong></span> <span class='ocrx_word' id='word_1_803' title='bbox 868 2800 1014 2834; x_wconf 73' lang='grc' dir='ltr'>Σκριθαίας</span> <span class='ocrx_word' id='word_1_804' title='bbox 1029 2799 1062 2826; x_wconf 79' lang='grc' dir='ltr'><strong>Α.</strong></span> 
     </span>
    </p>
   </div>
   <div class='ocr_carea' id='block_1_116' title="bbox 725 2835 1017 2871">
    <p class='ocr_par' dir='ltr' id='par_1_116' title="bbox 725 2835 1017 2871">
     <span class='ocr_line' id='line_1_116' title="bbox 725 2835 1017 2871; baseline -0.007 -7"><span class='ocrx_word' id='word_1_805' title='bbox 725 2839 746 2853; x_wconf 85' lang='lat'><strong>&#39;”</strong></span> <span class='ocrx_word' id='word_1_806' title='bbox 760 2838 856 2871; x_wconf 70' lang='grc' dir='ltr'>ἐνάτην</span> <span class='ocrx_word' id='word_1_807' title='bbox 871 2839 875 2869; x_wconf 68' lang='grc'><strong>1</strong></span> <span class='ocrx_word' id='word_1_808' title='bbox 891 2837 971 2870; x_wconf 70' lang='grc' dir='ltr'>εκτην</span> <span class='ocrx_word' id='word_1_809' title='bbox 988 2835 1017 2862; x_wconf 86' lang='grc' dir='ltr'>Β.</span> 
     </span>
    </p>
   </div>
   <div class='ocr_carea' id='block_1_117' title="bbox 1110 2789 1822 2832">
    <p class='ocr_par' dir='ltr' id='par_1_117' title="bbox 1110 2789 1822 2832">
     <span class='ocr_line' id='line_1_117' title="bbox 1110 2789 1822 2832; baseline -0.011 -8"><span class='ocrx_word' id='word_1_810' title='bbox 1110 2798 1133 2813; x_wconf 76' lang='grc'><strong>’⁸</strong></span> <span class='ocrx_word' id='word_1_811' title='bbox 1148 2797 1218 2832; x_wconf 73' lang='grc' dir='ltr'>ἔχων</span> <span class='ocrx_word' id='word_1_812' title='bbox 1234 2803 1289 2832; x_wconf 85' lang='lat' dir='ltr'><strong>om.</strong></span> <span class='ocrx_word' id='word_1_813' title='bbox 1308 2796 1354 2832; x_wconf 29' lang='lat' dir='ltr'><strong>At</strong></span> <span class='ocrx_word' id='word_1_814' title='bbox 1449 2792 1611 2832; x_wconf 72' lang='grc' dir='ltr'>ἐπιλέκτων]</span> <span class='ocrx_word' id='word_1_815' title='bbox 1629 2789 1788 2832; x_wconf 59' lang='grc' dir='ltr'>ἐπικρατῶν</span> <span class='ocrx_word' id='word_1_816' title='bbox 1802 2789 1822 2815; x_wconf 85' lang='grc' dir='ltr'><strong><em>Β</em></strong></span> 
     </span>
    </p>
   </div>
   <div class='ocr_carea' id='block_1_118' title="bbox 1068 2826 1716 2866">
    <p class='ocr_par' dir='ltr' id='par_1_118' title="bbox 1068 2826 1716 2866">
     <span class='ocr_line' id='line_1_118' title="bbox 1068 2826 1716 2866; baseline -0.011 -6"><span class='ocrx_word' id='word_1_817' title='bbox 1068 2833 1091 2850; x_wconf 61' lang='grc' dir='ltr'><strong>οε</strong></span> <span class='ocrx_word' id='word_1_818' title='bbox 1106 2832 1146 2864; x_wconf 86' lang='grc' dir='ltr'><strong>δὲ]</strong></span> <span class='ocrx_word' id='word_1_819' title='bbox 1162 2826 1191 2859; x_wconf 72' lang='grc' dir='ltr'>δὲ</span> <span class='ocrx_word' id='word_1_820' title='bbox 1202 2832 1248 2859; x_wconf 84' lang='grc' dir='ltr'><strong>καί</strong></span> <span class='ocrx_word' id='word_1_821' title='bbox 1264 2831 1294 2859; x_wconf 75' lang='lat' dir='ltr'><strong>tt.</strong></span> <span class='ocrx_word' id='word_1_822' title='bbox 1332 2831 1355 2847; x_wconf 79' lang='grc' dir='ltr'><strong>ο·</strong></span> <span class='ocrx_word' id='word_1_823' title='bbox 1373 2829 1458 2866; x_wconf 73' lang='grc' dir='ltr'>μηδὲν</span> <span class='ocrx_word' id='word_1_824' title='bbox 1473 2830 1495 2855; x_wconf 85' lang='lat' dir='ltr'><strong>A</strong></span> <span class='ocrx_word' id='word_1_825' title='bbox 1517 2838 1523 2855; x_wconf 77' lang='grc' dir='ltr'><strong>ε</strong></span> <span class='ocrx_word' id='word_1_826' title='bbox 1544 2828 1572 2854; x_wconf 75' lang='grc' dir='ltr'>δὲ</span> <span class='ocrx_word' id='word_1_827' title='bbox 1588 2826 1671 2863; x_wconf 77' lang='grc' dir='ltr'>μηδέν</span> <span class='ocrx_word' id='word_1_828' title='bbox 1685 2835 1716 2859; x_wconf 78' lang='grc' dir='ltr'>ς.</span> 
     </span>
    </p>
   </div>
  </div>
