4012 6236
449 251 584 316 142⁵7

1609 256 1866 318 ΡΗΟΤΙΙ
1889 252 2394 316 PATRIARCH/E
2425 252 2536 312 CP.

3554 239 3730 326 1423.

437 367 756 436 imperator,
794 366 867 420 ita
899 380 958 422 se
987 365 1200 426 fortiter
1227 367 1414 436 gessit,
1461 375 1518 420 ut
1554 367 1853 421 defectores
1888 364 2001 418 illu-

2113 364 2222 417 τῶν
2246 362 2462 424 σταλεὶς
2489 359 2652 432 [1184
2677 357 2772 430 Κ]
2788 357 2874 411 διὰ
2900 357 2998 426 τῆς
3017 356 3153 420 ἰδίας
3171 355 3423 429 ἀνδρείας
3439 355 3693 424 ἐπιφανεῖ

437 456 538 512 stri
558 457 744 526 praelio
765 456 1436 525 superaverit.Quinetiam
1467 472 1588 512 cum
1621 456 1860 525 ipsorum
1883 471 2012 525 rege

434 548 743 601 Athenione
791 556 1038 602 conserta
1087 561 1250 600 manu
1282 547 1556 601 heroicum
1582 547 1827 615 praelium
1861 561 2012 601 com-

435 637 613 703 misit;
643 639 965 707 tandemque
980 653 1102 693 eum
1123 638 1412 705 interfecit,
1429 649 1648 709 accepto
1664 639 1778 694 solo
1789 639 2013 692 vulnere

437 727 487 781 in
523 729 718 796 capite,
747 745 812 782 ex
848 745 954 798 quo
982 740 1200 784 sanatus
1246 731 1523 799 aliquanto
1556 741 1676 800 post
1697 731 1816 785 fuit.
1859 729 2012 784 Mox-

433 832 539 885 que
559 819 892 872 defectorum
931 820 1184 888 reliquias
1202 821 1339 875 bello
1356 831 1669 889 persecutus
1697 832 1781 876 est
1825 821 2010 875 decem

432 907 603 960 millia
635 907 935 962 hominum.
974 910 1408 964 Verum’hicum
1462 913 1720 979 impetum
1763 909 1881 978 ejus
1903 924 2008 963 non

435 996 842 1062 suStinuissent,
871 998 966 1050 sed
1000 999 1064 1052 ad
1090 997 1207 1052 loca
1235 999 1438 1053 munita
1466 998 1833 1069 confugissent
1861 1017 1876 1065 ;
1903 1013 2008 1052 non

435 1091 616 1139 tamen
655 1082 877 1153 Acylius
915 1086 1097 1140 omnia
1151 1096 1361 1142 tentare
1417 1089 1569 1156 prius
1614 1088 1796 1152 desiit,
1845 1103 2007 1157 quam

435 1188 530 1229 eos
557 1185 893 1244 expugnatos
920 1177 974 1229 in
1018 1187 1338 1254 potestatem
1383 1179 1608 1249 redegit.
1661 1179 1792 1234 Cum
1825 1188 2006 1234 autem

2117 453 2266 523 μάχῃ
2304 453 2429 514 τοὺς
2465 449 2780 514 ἀποστάτας
2820 448 3058 516 ἐνίκησε.
3103 449 3213 501 Καὶ
3250 446 3386 517 πρὸς
3429 446 3590 500 αὑτὸν
3631 445 3690 498 δέ

2111 543 2204 597 τὸν
2255 540 2480 612 βασιλέα
2522 539 2632 594 τῶν
2678 538 3003 593 ἀποστατῶν
3045 538 3352 607 Ἀθηνίωνα
3397 535 3692 605 συμϐαλὼν

2110 633 2350 705 ἡρωϊκὸν
2377 630 2566 698 ἀγῶνα
2591 631 2817 698 συνεστή
2827 646 2974 682 σατο.
3003 630 3112 682 Καὶ
3127 627 3311 682 τοῦτον
3333 628 3431 698 μὲν
3456 627 3690 693 ἀνεῖλεν,

2111 724 2273 785 αὐτὸς
2302 722 2346 775 δ’
2376 725 2456 784 είς
2501 721 2599 791 τὴν
2635 720 2875 790 κεφαλὴν
2906 719 3137 791 τρωθεὶς
3174 719 3537 789 ἐθεραπεύθη.
3579 718 3691 772 Καὶ

2115 811 2398 882 στρατεύει
2433 811 2528 864 ἐπὶ
2563 811 2690 872 τοὺς
2721 810 3176 878 ὑπολειπομένους
3202 809 3309 862 τῶν
3341 806 3688 870 ἀποστατῶν,

2110 901 2269 965 ϐντας
2297 903 2539 972 μυρίους.
2559 903 2672 971 Οὐχ
2693 901 3100 970 ὑπομεινάντων
3120 899 3179 952 δὲ
3203 899 3300 970 τὴν
3332 898 3538 968 ἔφοδον,
3571 895 3688 950 ἀλλ’

2111 997 2191 1055 εἰς
2232 994 2308 1046 τὰ
2353 995 2684 1064 ὀχυρώματα
2722 993 3169 1061 καταφυγόντων,
3215 991 3364 1061 ὅμως
3407 990 3690 1052 Ἀκύλλιος

2109 1083 2210 1136 οὑκ
2235 1084 2465 1136 ἐνεδίδου
2495 1083 2675 1138 πάντα
2719 1085 2993 1154 πράττων,
3030 1083 3135 1146 ἕως
3172 1082 3370 1145 αὐτοὺς
3398 1081 3686 1151 ἐκπολιορ-

2110 1175 2286 1245 κήσας
2307 1176 2354 1208 ⁹⁶
2377 1176 2732 1245 ἐχειρώσατο.
2773 1176 2893 1229 Ἔτι
2925 1175 2970 1228 δ’
3010 1174 3449 1243 ὑπολειπομένων
3476 1174 3686 1242 χιλίων,

435 1273 788 1331 superessent
817 1263 995 1318 adhuc
1021 1264 1184 1329 mille,
1210 1279 1440 1333 quorum
1470 1265 1578 1319 dux
1609 1272 1726 1319 erat
1757 1265 2001 1334 Satyrus,

2109 1267 2208 1320 καὶ
2238 1267 2539 1337 στρατηγὸν
2563 1265 2796 1336 ἐχόντων
2831 1264 2925 1319 τὸν
2948 1266 3208 1335 Σάτυρον,
3238 1264 3299 1317 τὸ
3339 1265 3438 1335 μὲν
3469 1264 3688 1334 πρῶτον

433 1352 670 1422 primum
722 1352 939 1420 quidem
987 1362 1213 1407 conatus
1258 1363 1342 1408 est
1390 1355 1558 1408 armis
1594 1368 1687 1408 eos
1734 1355 2001 1422 subigere,

2108 1355 2407 1411 ἐπεϐάλετο
2447 1356 2492 1388 ⁹⁷
2529 1355 2616 1408 διὰ
2663 1356 2771 1409 τῶν
2819 1355 2999 1408 ὅπλων
3039 1354 3242 1417 αὐτοὺς
3291 1353 3686 1424 χειρώσασθαι,

434 1452 622 1512 postea
656 1456 785 1497 vero
813 1457 932 1496 cum
959 1442 1148 1512 legatis
1177 1443 1357 1498 missis
1375 1457 1434 1498 se
1461 1443 1759 1509 dedissent,
1791 1444 1843 1496 in
1871 1459 2001 1513 prae-

2111 1446 2249 1518 μετά
2303 1445 2361 1498 δὲ
2409 1444 2582 1498 ταῦτα
2631 1445 3128 1515 διαπρεσϐευόντων
3189 1446 3284 1499 καὶ
3330 1444 3686 1516 παραδόντων

434 1550 562 1592 sens
589 1535 806 1604 quidem
845 1549 1058 1604 poenam
1102 1536 1326 1601 remisit,
1361 1537 1453 1590 sed
1492 1535 1718 1590 Romam
1749 1537 2001 1592 abductos

2109 1536 2333 1598 ἐαυτοὺς
2386 1536 2489 1606 τῆς
2543 1536 2645 1605 μὲν
2703 1535 3018 1604 παραυτίκα
3067 1533 3336 1604 τιμωρίας
3391 1534 3682 1600 ἀπέλυσεν,

434 1640 560 1680 cum
611 1625 803 1682 bestiis
838 1626 1134 1691 commisit,
1179 1627 1268 1679 ubi
1309 1626 1579 1696 proditum
1603 1634 1685 1682 est
1722 1642 1752 1681 a
1789 1628 2001 1697 quihus-

2108 1625 2412 1694 ἀπαγαγὼν
2442 1627 2499 1680 δὲ
2538 1629 2618 1689 εἰς
2647 1625 2746 1697 τὴν
2793 1625 3010 1696 Ῥώμην
3041 1624 3383 1695 θηριομάχας
3411 1625 3458 1657 ⁸⁸
3485 1626 3687 1688 αὑτοὺς

435 1714 585 1781 dam,
619 1731 716 1772 eos
748 1716 984 1770 maxima
1017 1731 1138 1770 cum
1178 1716 1336 1771 laude
1376 1717 1544 1772 vitam
1579 1717 1839 1774 finivisse.
1870 1719 2001 1773 Nam

2112 1692 2354 1783 ἐποίησε.
2381 1716 2520 1780 Τοὺς
2544 1716 2615 1783 δέ,
2632 1692 2765 1786 φασί
2791 1692 2936 1778 τινες
2964 1692 3409 1786 ἐπιφανεστάτην
3447 1717 3687 1785 ποιήσα-

438 1814 712 1862 certamen
753 1821 874 1860 cum
923 1806 1109 1861 bestiis
1147 1806 1497 1872 detrectasse,
1550 1815 1606 1862 et
1648 1808 1715 1862 ad
1769 1809 2001 1877 publica:

2113 1804 2237 1857 σθαι
2263 1803 2357 1857 τοῦ
2390 1804 2506 1874 βίου
2543 1806 2934 1877 καταστροφήν
2961 1822 2976 1839 ·
3002 1806 3102 1875 τῆς
3138 1806 3237 1876 μὲν
3258 1801 3302 1838 θ’
3325 1807 3433 1876 γὰρ
3459 1807 3593 1876 πρὸς
3613 1808 3687 1860 τά

432 1911 558 1950 aras
606 1897 808 1951 mutuis
859 1895 1175 1951 vulneribus
1222 1897 1567 1963 occubuisse,
1613 1913 1846 1968 cumque
1893 1898 2001 1952 ulti-

2111 1897 2276 1968 θηρία
2317 1899 2499 1968 μάχης
2528 1900 2858 1968 ἀποστῆναι,
2885 1899 3144 1969 ἀλλήλους
3167 1901 3223 1953 δέ
3253 1901 3345 1952 ἐπὶ
3375 1901 3483 1954 τῶν
3510 1900 3686 1970 δημο-

431 2001 580 2040 mum
612 2001 680 2039 ex
713 1987 776 2040 iis
818 1985 933 2054 ipse
963 1985 1190 2057 Satyrus
1222 1986 1600 2052 interfecisset,
1629 2003 1749 2042 eum
1779 1995 1898 2058 post
1926 2003 2001 2042 re-

2111 1981 2238 2034 σίων
2287 1981 2486 2052 βωμῶν
2530 1984 2896 2052 κατασφάξαι,
2937 1987 3030 2038 καὶ
3065 1986 3156 2038 τὸν
3188 1985 3492 2039 τελευταῖον
3520 1987 3686 2040 αὑτὸν

430 2075 610 2144 liquos
637 2092 848 2141 omnes,
895 2093 1015 2132 cum
1054 2091 1246 2146 magno
1274 2092 1337 2131 ac
1376 2077 1537 2146 plane
1583 2079 1801 2133 heroico
1839 2078 2001 2132 animi

2108 2073 2345 2144 Σάτυρον
2378 2075 2679 2158 ἀνελόντα,
2721 2077 2911 2130 τοῦτον
2950 2078 2996 2131 δ’
3037 2079 3129 2130 ἐπὶ
3172 2080 3336 2134 πᾶσιν
3367 2079 3687 2149 αὐτοχειρίᾳ

431 2168 651 2230 robore,
684 2169 785 2224 sibi
831 2183 1022 2225 manus
1068 2170 1334 2224 intulisse.
1383 2169 1590 2225 Bellum
1625 2171 1787 2241 igitur
1811 2171 2001 2227 servile

2107 2165 2358 2236 ήρωῖκῶς
2409 2166 2802 2238 καταστρέψαι.
2857 2167 2914 2222 '0
2953 2167 3051 2238 μὲν
3099 2167 3192 2221 οὖν
3243 2169 3384 2222 κατά
3433 2169 3687 2222 Σικελίαν

430 2260 488 2314 in
522 2259 728 2325 Sicilia,
771 2275 894 2314 cum
939 2275 1112 2317 annos
1151 2261 1400 2316 durasset
1444 2263 1828 2332 propemodum
1875 2277 2001 2334 qua-

2107 2257 2213 2310 τῶν
2237 2257 2466 2325 οἰκετῶν
2496 2257 2751 2328 πόλεμος,
2787 2259 3070 2330 διαμείνας
3101 2260 3194 2330 ἔτη
3226 2261 3412 2331 σχεδόν
3432 2278 3536 2314 που
3565 2261 3688 2313 τέτ-

433 2363 582 2418 tuor,
612 2353 754 2407 hunc
787 2351 904 2408 fere
930 2353 1188 2424 tragicum
1213 2354 1418 2409 exitum
1447 2355 1655 2411 habuit.

2107 2361 2268 2416 ταρα,
2294 2346 2564 2417 τραγικὴν
2596 2345 2722 2417 ἔσχε
2753 2347 2852 2418 τὴν
2889 2350 3294 2420 καταστροφὴ.

505 2528 686 2594 Venit,
739 2515 954 2596 inquit.
1005 2544 1037 2586 e
1082 2529 1400 2588 Pessinunte
1455 2533 1700 2604 Phrygiae
1749 2533 2003 2589 sacerdos

430 2621 648 2691 quidam
700 2636 904 2690 magna:
947 2620 1171 2677 deorum
1234 2624 1424 2678 matris
1475 2625 1690 2679 nomine
1720 2625 1994 2689 Battaces,

428 2713 520 2782 qui
556 2727 614 2766 se
635 2713 802 2782 jussu}
831 2714 945 2768 dem
979 2727 1230 2768 asserens
1267 2715 1478 2778 adesse,
1510 2715 1561 2768 in
1600 2723 1789 2770 senatu
1815 2729 1998 2769 coram

427 2802 834 2870 magistratibus
872 2801 1008 2855 dixit
1050 2816 1208 2856 sacra
1247 2802 1358 2856 deae
1401 2801 1599 2871 polluta
1652 2816 1794 2866 esse,
1837 2811 1998 2871 atque

425 2891 548 2947 ideo
590 2891 773 2944 Romae
823 2890 1037 2960 publice
1084 2889 1291 2958 expiari
1337 2890 1551 2944 debere.
1595 2889 1826 2944 Ferebat
1852 2889 1920 2943 ad
1946 2888 1997 2943 id

425 2990 654 3046 vestem,
683 2979 896 3048 aliaque
929 2979 1170 3048 corporis
1200 2988 1518 3034 ornamenta
1550 2979 1749 3050 391a
1780 2996 1916 3035 nova
1942 2990 1996 3035 et

427 3085 703 3139 nunquam
753 3068 1011 3124 Romanis
1057 3069 1194 3134 visa,
1238 3083 1599 3138 coronamque
1636 3087 1856 3125 auream
1891 3087 1996 3125 ma-

428 3160 710 3232 gnitudine
756 3159 1035 3223 inusitata,
1087 3167 1142 3212 et
1183 3157 1376 3212 stolam
1420 3157 1642 3212 ﬂoribus
1693 3159 1917 3214 intextis
1948 3173 2002 3216 et

423 3253 750 3314 inauratam,
799 3253 950 3320 regio
993 3265 1125 3305 sane
1171 3251 1475 3320 splendore.
1534 3249 1721 3321 Itaque
1751 3269 1780 3307 e
1811 3253 2002 3307 rostris

425 3344 492 3396 ad
538 3343 789 3412 populum
819 3344 983 3398 verba
1030 3343 1253 3407 faciens,
1299 3342 1364 3394 ad
1412 3343 1848 3412 superstitiosum
1884 3345 2000 3398 cul-

425 3444 539 3487 tum
570 3450 663 3488 eos
694 3433 957 3499 incitavit,
981 3441 1035 3487 et
1067 3432 1320 3500 hospitiis
1351 3431 1581 3501 publicis
1604 3443 1657 3487 et
1686 3435 2001 3492 diversoriis

428 3535 688 3594 exceptus
715 3541 744 3578 a
775 3525 991 3580 tribuno
1015 3524 1186 3592 plebis
1209 3524 1272 3578 A.
1299 3523 1558 3593 Pompeio
1581 3540 1832 3580 coronam
1859 3527 2003 3584 ferre

431 3617 738 3685 prohibitus
763 3624 866 3670 est.
891 3614 975 3668 Ab
1009 3615 1177 3669 altero
1212 3623 1389 3667 autem
1421 3615 1637 3669 tribuno
1661 3617 1920 3672 deductus
1948 3619 2002 3672 in

426 3717 626 3770 rostra,
647 3717 698 3761 et
736 3707 802 3760 de
841 3706 1022 3773 templi
1063 3704 1370 3774 expiatione
1397 3705 1760 3774 interrogatus
1807 3724 1998 3779 super-

427 3796 696 3850 stitiosum
761 3809 892 3847 sane
941 3808 1259 3862 responsum
1289 3793 1540 3848 reddidit.
1572 3793 1756 3862 Itaque
1787 3812 1817 3849 a
1850 3795 2006 3852 Pom-

425 3888 549 3956 peio
588 3887 842 3940 seditiose
866 3892 1148 3946 tractatus,
1172 3883 1582 3953 etcuminjuria
1617 3885 1682 3938 ad
1707 3886 1999 3955 hospitium

428 3977 709 4040 deductus,
743 3992 846 4031 non
880 3975 1109 4045 amplius
1141 3976 1357 4044 prodiit,
1389 3991 1494 4029 non
1523 3991 1581 4030 se
1609 3977 1788 4043 modo,
1814 3992 2002 4032 verum

430 4067 594 4122 etiam
630 4066 785 4119 deam
832 4065 1092 4136 iniuriose
1140 4067 1376 4120 habitam
1426 4081 1547 4121 esse
1592 4067 1799 4123 dicens.
1847 4067 2005 4124 Pom-

427 4159 582 4228 peius
599 4171 726 4212 vero
743 4172 807 4212 ex
839 4167 1080 4225 tempore
1101 4157 1238 4212 febri
1271 4158 1570 4213 vehementi
1591 4160 1789 4229 corripi
1814 4162 2002 4231 coepit,

431 4250 572 4304 unde
601 4249 760 4319 paulo
793 4259 913 4318 post
943 4257 1123 4302 mutus
1155 4246 1329 4303 factus
1355 4258 1459 4315 est,
1505 4250 1825 4320 anginaaque
1855 4252 2005 4306 dolo-

2175 2518 2296 2574 Ὅτι
2330 2519 2616 2593 Βαττάκης
2637 2541 2720 2587 τις
2748 2523 2918 2596 ὄνομα
2939 2520 3063 2598 ἦκε,
3098 2529 3284 2598 φησὶν,
3315 2533 3379 2582 ἐκ
3403 2529 3688 2584 Πισινοῦν-

2101 2626 2190 2672 τος
2247 2610 2266 2640 ί
2316 2611 2415 2680 τῆς
2470 2612 2734 2684 Φρυγίας,
2777 2615 2955 2686 ἱερεὺς
2991 2618 3250 2688 ὑπάρχων
3289 2618 3388 2689 τῆς
3440 2621 3686 2689 μεγάλης

2100 2701 2209 2754 τῶν
2249 2700 2390 2756 θεῶν
2422 2705 2654 2773 μητρός.
2695 2700 2864 2768 Οὗτος
2896 2706 3038 2760 κατὰ
3067 2708 3394 2780 πρόσταγμα
3427 2711 3522 2780 τῆς
3557 2710 3684 2764 θεοῦ

2099 2796 2356 2864 παρεῖναι
2386 2796 2586 2866 φήσας,
2632 2800 2747 2862 τοῖς
2776 2799 3034 2869 ἄρχουσιν
3069 2803 3288 2873 ἐνέτυχε
3325 2804 3416 2856 καὶ
3445 2807 3510 2875 τῇ
3561 2821 3687 2873 συγ·

2098 2886 2298 2958 κλήτῳ,
2339 2887 2513 2956 λέγων
2539 2889 2598 2943 τὸ
2630 2891 2770 2960 ἱερὸν
2796 2893 2895 2963 τῆς
2930 2893 3050 2946 θεοῦ
3083 2895 3408 2964 μεμιάνθαι,
3446 2898 3539 2950 καὶ
3570 2898 3685 2950 δεῖν

2099 2977 2295 3040 αὐτοὺς
2322 2977 2343 3009 ³
2381 2978 2617 3051 δημοσίᾳ
2638 2981 2957 3052 καθαρμοὺς
2987 2985 3081 3038 ἐπὶ
3109 2989 3210 3057 τῇς
3251 2987 3466 3060 Ῥώμης
3494 3006 3686 3043 συντε-

2102 3067 2378 3138 λεσθῆναι.
2415 3070 2634 3141 Ἐφόρει
2662 3073 2717 3125 δὲ
2747 3075 2951 3145 ἐσθῆτα
2981 3077 3074 3129 καὶ
3116 3078 3216 3146 τὴν
3255 3080 3386 3150 περὶ
3428 3079 3488 3132 τὸ
3522 3082 3686 3149 σῶμα

2103 3158 2269 3228 ἄλλην
2303 3163 2648 3234 κατασκευὴν
2680 3163 3091 3238 ἐξηλλαγμένην
3133 3171 3228 3224 καὶ
3261 3171 3364 3223 ὑπὸ
3396 3173 3503 3224 τῶν
3547 3174 3686 3226 Ῥω-

2107 3252 2280 3321 μαίων
2325 3254 2462 3308 ἐθῶν
2485 3256 2505 3287 ³
2538 3257 2639 3309 οὐκ
2669 3259 3117 3332 ἐπιχωρουμένην
3141 3262 3190 3292 ⁵·
3225 3264 3461 3334 χρυσοῦν
3490 3283 3548 3318 τε
3575 3267 3685 3336 γὰρ

2107 3343 2369 3412 στέφανον
2403 3342 2548 3417 εῖχεν
2580 3349 2931 3423 ὑπερμεγέθη
2965 3354 3058 3406 καὶ
3083 3356 3274 3427 στολὴν
3318 3357 3540 3429 ἀνθίνην
3570 3359 3686 3413 διά-

2104 3451 2324 3504 χρυσον,
2359 3435 2641 3508 βασιλικὴν
2673 3441 2828 3506 ἀξίαν
2867 3443 3278 3511 ἐπιφαίνουσαν.
3311 3448 3686 3518 Ποιησάμενος

2103 3524 2161 3577 δέ
2191 3525 2382 3594 λόγους
2408 3529 2500 3582 ἐπὶ
2528 3531 2637 3584 τῶν
2671 3533 2916 3600 ἐμϐόλων
2941 3536 2998 3587 ἐν
3028 3536 3104 3607 τῷ
3137 3538 3312 3609 δήμῳ,
3350 3540 3522 3592 καὶτὸ
3541 3541 3683 3609 πλῆ-

2106 3616 2197 3680 θος
2230 3620 2310 3683 είς
2365 3621 2789 3694 δεισιδαιμονίαν
2831 3627 3105 3698 ἐμϐαλὼν,
3159 3631 3535 3703 καταλύματος
3583 3635 3683 3704 μὲν

2103 3705 2358 3777 δημοσίου
2401 3713 2495 3764 καὶ
2539 3711 2728 3778 ξενίων
2771 3717 3002 3790 ⁴ἡξιώθη,
3028 3721 3120 3773 τὸν
3145 3722 3202 3775 δὲ
3243 3724 3501 3791 στέφανον
3545 3726 3684 3779 ἐκωο

2105 3793 2240 3866 λύθη
2261 3803 2446 3869 φορεῖν
2468 3803 2556 3872 ὑφ’
2582 3805 2700 3869 ἐνὸς
2720 3807 2827 3859 τῶν
2847 3809 3145 3881 δημάρχων
3167 3811 3339 3866 Αὔλου
3371 3815 3682 3885 Πομπηΐου.

2105 3888 2205 3941 Διά
2238 3907 2378 3955 τινος
2399 3893 2444 3945 δ’
2474 3895 2660 3967 ἐτέρου
2689 3897 2972 3971 δημάρχου
2999 3905 3292 3973 προαχθεὶς
3313 3906 3405 3959 ἐπὶ
3432 3905 3558 3978 [6'58
3587 3905 3680 3979 IL]

2104 3980 2172 4030 τὰ
2203 3981 2423 4066 ἔμϐολα,
2457 3987 2548 4038 καὶ
2582 3991 2711 4059 περὶ
2749 3993 2844 4060 τῆς
2874 3994 2952 4057 είς
2980 3993 3001 4024 ⁵
3032 3994 3091 4047 τὸ
3123 3997 3266 4066 ἱερὸν
3299 3999 3521 4066 ἁγνείας
3581 4002 3683 4053 ἐπ-

2107 4063 2480 4140 ερωτώμενος,
2512 4079 2830 4150 ἀποκρίσεις
2867 4086 3100 4138 ἐποιεῖτο
3128 4087 3547 4158 δεισιδαιμονίαν
3582 4107 3683 4144 πε-

2110 4162 2417 4231 ριεχούσας.
2447 4168 2951 4239 Καταστασιασθεὶς
2987 4175 3044 4230 δέ
3075 4178 3179 4231 ὑπὸ
3207 4180 3297 4232 τοῦ
3325 4181 3344 4211 ⁸
3372 4182 3679 4252 Πομπηΐου,

2110 4257 2203 4309 καὶ
2227 4258 2346 4327 μεθ’
2381 4258 2589 4331 ὕϐρεως
2620 4266 2950 4336 ἀπαλλαγεὶς
2987 4273 3078 4325 ἐπὶ
3113 4273 3210 4345 τὴν
3238 4277 3552 4344 κατάλυσιν,
3588 4280 3683 4332 οὑ-

426 4343 582 4397 rihus
636 4357 804 4411 supra
866 4343 1086 4396 modum
1145 4349 1370 4396 vexatus
1413 4351 1535 4410 post
1580 4343 1721 4398 diem
1779 4344 1997 4398 tertium

2111 4352 2228 4406 κέτι
2256 4357 2674 4427 προεπορεύετο,
2713 4362 2887 4429 λέγων
2927 4367 3000 4438 μὴ
3037 4343 3194 4437 μόνον
3241 4371 3428 4425 ἑαυτὸν
3472 4343 3684 4437 ἀσεϐῶς

429 4435 752 4503 ex3piravit,
779 4432 1040 4502 multique
1061 4447 1124 4486 eo
1153 4433 1294 4502 quod
1334 4434 1691 4500 sacerdotem,
1720 4435 2000 4505 ipsamque

2107 4445 2646 4516 προπεπηλακίσθαι,
2671 4451 2805 4506 ἀλλὰ
2822 4456 2912 4508 καὶ
2929 4432 3200 4527 Ἴτην-θεόν.
3230 4460 3289 4515 '0
3320 4461 3375 4514 δὲ
3400 4432 3680 4534 Πομπήϊος

428 4527 582 4579 deam
637 4525 971 4591 offendisset,
1015 4525 1196 4578 divina
1240 4524 1472 4595 quadam
1522 4527 1860 4593 providentia
1908 4543 2004 4582 ex-

427 4615 685 4669 stinctum
729 4617 1166 4686 suspicabantur.
1212 4615 1703 4683 Superstitionibus
1731 4619 1874 4670 enim
1905 4619 2004 4672 mi-

426 4722 546 4760 rum
575 4705 629 4760 in
669 4707 885 4760 modum
922 4707 1084 4760 dediti
1127 4706 1352 4760 Romani
1379 4716 1522 4760 sunt.
1548 4707 1725 4772 Quare
1757 4707 2003 4764 Battaces

427 4812 596 4851 sacrae
625 4797 780 4851 stolae
837 4797 1054 4850 indutus
1093 4807 1436 4860 ornamento,
1470 4797 1824 4864 amplioribus
1853 4813 1882 4851 a
1917 4800 1998 4852 vi-

427 4889 503 4942 ris
548 4887 732 4941 multis
783 4896 838 4942 et
875 4886 1091 4941 feminis
1140 4887 1391 4954 hospitiis
1450 4897 1743 4955 exceptus,
1800 4887 2001 4943 Roma-

427 4990 534 5043 que
588 4975 870 5030 discedeus
921 4989 1042 5027 cum
1094 4977 1306 5043 pompa]
1350 4974 1604 5029 dimissus
1661 4984 1766 5030 est.
1812 4977 2002 5032 Solent

432 5065 664 5119 Romani
715 5065 911 5119 milites
967 5066 1198 5129 ducem,
1248 5063 1462 5132 quando
1514 5063 1774 5119 adversus
1817 5065 2001 5122 hostes

427 5171 551 5210 cum
589 5157 692 5212 illis
737 5172 912 5227 pugna
953 5156 1328 5223 contendens,
1379 5171 1539 5226 supra
1574 5172 1666 5212 sex
1708 5157 1851 5214 mille
1898 5160 1999 5214 ho-

2089 4539 2447 4625 παραχρῆμα
2510 4542 2609 4610 μὲν
2661 4541 2845 4614 λάϐρῳ
2875 4547 2897 4577 ⁷
2930 4551 3149 4622 πυρετῷ
3183 4555 3502 4623 συνεσχέθη,
3544 4559 3681 4625 μετά

2099 4623 2157 4676 δέ
2215 4627 2386 4680 ταῦτα
2427 4629 2639 4697 ἄφωνος
2687 4635 2976 4704 γενόμενος
3021 4641 3115 4692 καὶ
3153 4641 3520 4710 καταληφθεὶς
3546 4623 3683 4697 Ἵκυν-

2105 4717 2318 4788 αγχικῷ
2383 4721 2546 4773 πάθει
2582 4727 2821 4792 τριταῖος
2858 4729 3192 4799 κατέστρεψε
3233 4729 3322 4784 τδν
3355 4733 3490 4803 βίον,
3531 4737 3683 4806 παρὰ

2101 4810 2214 4870 τοῖς
2241 4809 2453 4873 πολλοῖς
2503 4813 2835 4884 ὑποληφθεὶς
2875 4817 2993 4887 θεία
3022 4823 3129 4874 τινὶ
3173 4825 3414 4895 προνοίᾳ,
3454 4826 3572 4878 ἀνθ’
3607 4819 3680 4878 ὧν

2107 4897 2186 4958 είς
2217 4899 2308 4949 τὸν
2345 4900 2492 4969 ἱερέα
2522 4903 2617 4954 καὶ
2656 4903 2754 4974 τὴν
2797 4905 2917 4959 θεὸν
2957 4908 3404 4981 ἐπλημμέλησεν.
3450 4914 3543 4967 τοῦ
3582 4917 3678 4986 ζῇν

2109 4987 2437 5059 ἐστερῆσθαι
2467 5008 2481 5022 °
2535 4995 2740 5066 σφόδρα
2770 4997 2878 5069 γὰρ
2916 4985 3676 5078 Ῥωμαῖοίδεισιδαιμονῶσι.

2107 5079 2305 5150 Διόπερ
2333 5083 2361 5132 ὁ
2388 5084 2671 5157 Βαττάκης
2696 5088 2874 5143 λαϐὼν
2905 5092 3008 5160 τὴν
3029 5081 3376 5168 ’συγχώρησιν
3405 5099 3504 5168 τῆς
3539 5103 3680 5156 κατά

2109 5170 2207 5239 τὴν
2235 5174 2383 5244 ἱερὰν
2425 5177 2614 5248 στολὴν
2661 5186 3023 5254 κατασκευῆς,
3055 5189 3147 5240 καὶ
3185 5189 3444 5263 ¹τιμηθεὶς
3474 5193 3674 5256 ἀξιολό-

1711 5344 1941 5400 νΛῐίῐιιΕ
1985 5347 2386 5412 ιΕΟΤΙΟΝίσῖδ.

504 5508 548 5584 ξε
572 5509 1027 5584 ἐκπολιορκήσας]
1133 5529 1146 5565 :
1174 5514 1554 5584 ἐκπολεμήσας
1583 5535 1640 5580 ς.

431 5646 622 5716 μένην.
733 5650 753 5681 ³
785 5653 863 5713 εἰς
892 5667 1002 5707 om.
1029 5641 1082 5706 ⁷Α
1185 5641 1324 5707 ⁶”τοῦ
1349 5657 1469 5711 add.
1497 5641 1572 5710 ΑΪ
1638 5659 1655 5689 ⁷
1687 5641 1871 5729 λαύρφ
1891 5641 1956 5723 ῖς.

491 5520 548 5588 ἶ.
572 5520 1027 5602 ἐκτεθλιορκησας]
1051 5520 1094 5602 ξι
1133 5529 1154 5600 τ’
1174 5520 1554 5602 Efﬁgiem?“
1581 5535 1640 5597 ς,
1744 5520 1786 5602 ο]
1815 5522 2140 5602 eiusﬁnis-.0
2173 5543 2232 5588 ς.
2308 5529 2354 5565 οε
2385 5528 2751 5602 θηριομάχους
2781 5535 2843 5592 Β.

425 5579 641 5663 γοῦντος
671 5579 752 5663 Β..
809 5579 1068 5663 ξαὺτοὺς]
1096 5585 1232 5663 αὐτῇ
1269 5579 1702 5663 \chselingius._
1816 5590 1954 5645 ἐθῶν
1982 5596 2001 5646 ξ

2111 5597 2220 5663 iger
2247 5616 2257 5649 :
2287 5598 2409 5652 liht'i
2439 5579 2656 5657 genia"

2942 5539 2987 5573 9'
3019 5540 3118 5608 μὲν
3143 5541 3266 5595 add.
3303 5542 3362 5594 Β.
3440 5545 3455 5574 ³
3485 5542 3674 5596 Πισσι-

2709 5609 2725 5636 ⁸
2757 5609 3223 5683 ἐπιχωρουμένην]
3247 5611 3365 5667 libri
3396 5613 3677 5686 ἐπιχωρηο
