4012 6236
369 203 517 268 1429

1407 207 1936 270 BIBLIOTHECA.
1969 232 2033 244 —
2053 211 2219 272 COD.
2252 211 2544 275 CCXLIV.

3495 214 3517 278 1
3531 217 3632 280 430

365 338 487 393 γοις
532 319 747 387 ξενίοις,
797 320 902 375 ὑπὸ
935 320 1144 376 πολλῶν
1174 321 1384 394 ἀνδρῶν
1430 341 1490 376 τε
1532 324 1626 377 καὶ
1676 324 1948 392 γυναικῶν

2055 325 2219 380 stium
2281 327 2659 398 proﬂigasset,
2706 329 3107 399 imperatorem,
3148 331 3251 386 hoc
3313 340 3396 385 est
3453 346 3635 402 regem

365 411 736 485 προεπέμφθη
756 413 856 486 τὴν
879 415 942 467 ὲκ
961 414 1060 485 τῆς
1093 414 1312 486 Ῥώμης
1329 415 1587 469 ἐπάνοδον
1609 415 1948 485 ποιούμενος.

2064 417 2376 472 renuntiare
2404 418 2535 489 (Ἡ).

366 507 494 562 Ὀτι
521 508 646 572 ἔθος
685 505 752 584 ἦν
795 513 911 574 τοῖς
963 512 1252 582 Ῥωμαίων
1291 512 1675 581 στρατιώταις,
1727 512 1892 580 ἡνίκα
1925 511 1954 563 ὁ
1987 513 2296 582 στρατηγὸς
2337 516 2540 582 αὐτῶν,
2563 517 2661 571 σὺν
2705 518 2889 583 αὑτοῖς
2925 517 3075 592 μάχῃ
3103 519 3241 590 πρός
3301 534 3456 581 τινας
3531 517 3640 571 τῶν

365 602 644 672 πολεμίων
678 606 1053 675 συμπλακεὶς,
1091 607 1229 678 ὑπὲρ
1261 609 1387 672 τοὺς
1418 608 1818 680 ἑξακισχιλίους
1849 605 1976 679 [156
2009 605 2100 678 R.]
2141 608 2248 662 τῶν
2285 611 2494 682 ἐχθρῶν
2527 613 2778 682 ἐφαίνετο
2804 613 3031 682 ἀνελὼν,
3061 615 3403 686 ίμπεράτορα
3431 613 3453 645 ⁸
3475 613 3642 667 αὑτὸν

365 699 722 768 ἀναγορεύειν
757 699 850 752 καὶ
885 700 1202 770 ἀποκαλεῖν,
1240 703 1269 756 ὅ
1307 705 1422 757 ἐστι
1447 703 1691 774 βασιλέα.

583 792 685 845 Ἐκ
711 792 828 846 τοῦ
864 790 952 853 λζ’
987 795 1087 850 καὶ
1124 803 1177 864 η’
1213 798 1311 851 καὶ
1352 796 1472 851 τῶν
1508 799 1752 870 ἑφεξῆς.

441 881 566 936 Ὅτι
602 883 692 936 τὸν
721 885 1006 958 Μαρσικὸν
1035 888 1405 967 ὀνομασθέντα
1452 892 1690 962 πόλεμον
1732 897 1824 949 ἐπὶ
1860 897 1960 968 τῆς

365 975 535 1028 αὑτοῦ
559 977 602 1009 ¹⁹
634 977 850 1048 ἡλικίας
902 981 1168 1054 Διόδωρος
1231 983 1453 1054 μείζονα
1519 987 1798 1044 πάντων¹¹
1849 991 1960 1044 τῶν

367 1068 778 1136 προγεγονότων
829 1072 1212 1143 ἀποφαίνεται.
1245 1077 1571 1148 Ὦνομάσθαι
1631 1079 1690 1134 δέ
1753 1099 1884 1150 φησι
1915 1085 1957 1116 ι’

364 1159 655 1231 Μαρσικὸν
700 1166 765 1217 ἐκ
808 1164 916 1219 τῶν
962 1168 1244 1239 ἀρξάντων
1281 1173 1382 1244 τῆς
1427 1175 1801 1242 ἀποστάσεως,
1833 1179 1957 1232 ἐπεὶ

367 1251 431 1304 σύ
441 1254 686 1322 μπαντές
714 1273 777 1323 γε
804 1256 997 1312 Ἰταλοὶ
1023 1261 1166 1314 κατά
1196 1262 1487 1334 Ῥωμαίων
1509 1265 1699 1320 τοῦτον
1726 1268 1956 1339 ἐξήνεγ-

365 1361 471 1398 καν
493 1347 586 1400 τὸν
616 1348 873 1416 πόλεμον.
901 1353 1092 1407 Αίτίαν
1120 1354 1177 1408 δὲ
1205 1354 1429 1426 πρώτην
1458 1358 1713 1426 γενέσθαι
1738 1361 1832 1414 τοῦ
1859 1379 1959 1416 ποι

365 1435 534 1507 λέμου
566 1440 627 1492 τδ
661 1447 989 1511 μεταπεσεῖν
1016 1446 1142 1508 τοὺς
1175 1447 1480 1518 Ῥωμαίους
1511 1451 1618 1504 ἀπὸ
1660 1453 1759 1522 τῆς
1806 1454 1958 1508 εὐτά-

365 1544 498 1581 κτου
531 1531 626 1583 καὶ
669 1531 822 1604 λιτῆς
851 1535 1077 1608 ἀγωγῆς
1119 1539 1216 1592 καὶ
1241 1541 1563 1612 ἐγκρατοῦς,
1593 1543 1660 1597 δι’
1688 1539 1756 1617 ἧς
1794 1545 1888 1599 ἐπὶ
1911 1546 1955 1578 ¹⁹

364 1623 620 1677 τοσοῦτον
648 1626 998 1700 ηὐξήθησαν,
1027 1631 1110 1695 είς
1142 1631 1382 1703 ὀλέθριον
1423 1633 1587 1706 ζῆλον
1613 1637 1827 1708 τρυφῆς
1859 1637 1956 1693 καὶ

365 1717 682 1783 ἀκολασίας.
717 1721 813 1775 Ἐκ
865 1722 975 1794 γὰρ
1025 1723 1126 1796 τῆς
1175 1725 1476 1798 διαφθορᾶς
1499 1728 1543 1760 ⁸⁸
1581 1729 1786 1802 ταύτης
1827 1749 1955 1786 στα-

369 1808 657 1875 σιάσαντος
707 1812 800 1866 τοῦ
845 1815 1141 1885 δημοτικοῦ
1176 1817 1312 1888 πρὸς
1340 1817 1438 1890 τὴν
1471 1819 1796 1890 σύγκλητον,
1833 1818 1954 1879 εἷτα

365 1901 586 1973 ἐκείνης
619 1905 1095 1980 ἐπικαλεσαμένης
1123 1910 1250 1975 τοὺς
1276 1913 1339 1965 ἐκ
1358 1912 1460 1982 τῆς
1485 1912 1717 1977 Ἰταλίας
1738 1915 1954 1970 ἐπικου-

368 1995 553 2065 ρῆσαι,
577 1997 672 2051 καὶ
698 1998 1078 2074 ὑποσχομένης
1107 2002 1208 2072 τῆς
1233 2004 1606 2078 πολυεράστου
1635 2008 1952 2083 Ῥωμαῖκῆς

361 2087 642 2152 πολιτείας
677 2090 1000 2159 μεταδοῦναι
1031 2095 1124 2147 καὶ
1166 2095 1314 2166 νόμῳ
1341 2097 1617 2167 κυρῶσαι,
1649 2099 1775 2154 ἐπεὶ
1801 2102 1953 2157 οὐδὲν

360 2177 476 2230 τῶν
504 2179 900 2252 ὑπεσχημένων
934 2187 1047 2246 τοῖς
1075 2185 1406 2251 Ἰταλιώταις
1433 2189 1670 2259 ἐγένετο,
1701 2192 1731 2245 ό
1757 2191 1817 2259 ἐξ
1850 2195 1952 2248 αὑ-

360 2271 474 2325 τῶν
505 2273 742 2342 πόλεμος
766 2277 903 2347 πρὸς
929 2276 1232 2349 Ῥωμαίους
1253 2279 1546 2353 ἐξεκαύθη,
1567 2283 1951 2342 ὑπατευόντων

361 2356 423 2410 ἐν
473 2361 539 2430 τῇ
574 2360 760 2434 Ῥώμῃ
808 2364 1040 2418 Λευκίου
1071 2367 1362 2436 Μάρκου¹⁸
1396 2371 1666 2428 Φιλίππου
1699 2375 1798 2429 καὶ
1826 2376 1953 2443 Σέξ-

361 2464 460 2500 του
477 2449 517 2480 ¹⁶
537 2449 755 2504 Ἰουλίου
773 2468 789 2484 ο
825 2451 1131 2523 Ὀλυμπιάς
1162 2456 1208 2511 δ’
1231 2456 1423 2528 ἠχθηπ
1448 2460 1583 2531 πρὸς
1612 2465 1734 2528 ταῖς
1758 2465 1950 2519 ἐκατὸν

361 2537 864 2608 ὲϐδομήκοντα.⁹Εν
898 2544 1073 2616 τούτῳ
1113 2544 1190 2617 τῷ
1222 2547 1446 2620 πολέμῳ
1474 2552 1698 2620 ποικίλα
1727 2556 1822 2608 καὶ
1854 2571 1951 2608 πο-

361 2622 607 2716 λύτροπα
645 2629 792 2701 πάθη
842 2633 938 2686 καὶ
979 2616 1188 2688 πόλεων
1241 2616 1746 2714 ἀλώσείιςῖκατέρῳ
1792 2644 1949 2716 μέρει

361 2713 474 2807 τῶν
489 2715 1003 2807 διαπολεμησάντων
1024 2725 1251 2797 συνέϐη,
1276 2713 1742 2805 ταλαντευομένης
1759 2713 1949 2807 ῶσπερ

362 2805 612 2876 ἐπίτηδες
659 2809 810 2879 παρὰ
857 2811 1024 2883 μέρος
1069 2813 1171 2886 τῆς
1213 2817 1370 2886 νίκης
1413 2821 1507 2873 καὶ
1541 2822 1858 2893 μηδετέροις
1888 2805 1948 2879 ἐν

2189 792 2276 847 Ea:
2307 793 2442 849 libro
2474 811 2658 851 xxxvn
2692 805 2740 851 et
2778 811 2874 852 vm
2909 805 2960 851 et
2989 796 3111 850 aliis
3148 795 3501 866 sequentibus.

2123 885 2220 942 ‘Ait
2251 887 2515 944 Diodorus
2545 888 2744 943 bellum
2779 887 2921 958 quod
2956 887 3156 943 dicitur
3195 887 3505 954 Marsicum,
3539 901 3636 942 sua

2054 969 2218 1036 aetate
2258 981 2472 1036 caeteris
2515 981 2958 1036 antecedentibus
2987 980 3166 1050 majus
3206 994 3328 1035 esse
3366 999 3379 1035 :
3428 988 3483 1034 et
3514 978 3636 1034 ideo

2055 1072 2124 1126 ab
2167 1064 2488 1126 auctoribus
2523 1068 2837 1126 rebellionis
2885 1069 3180 1127 Marsicum
3212 1071 3636 1141 ldenominatum

2055 1175 2196 1217 esse.
2255 1159 2532 1231 Siquidem
2581 1159 2701 1215 Itali
2751 1176 2941 1218 omnes
2987 1160 3252 1217 Romanis
3292 1161 3489 1217 bellum
3535 1160 3639 1215 hoc

2055 1251 2374 1307 intulerunt.
2431 1251 2566 1307 Belli
2615 1267 2778 1307 causa
2819 1253 2992 1321 prima
3044 1251 3166 1318 fuit,
3223 1253 3350 1322 quia
3406 1251 3637 1308 Romani

2053 1342 2370 1411 compositis
2429 1343 2737 1414 sobriisque
2787 1352 2844 1399 et
2902 1341 3308 1401 continentibus
3368 1343 3635 1408 moribus,

2051 1449 2150 1504 per
2181 1448 2319 1504 quos
2349 1440 2634 1505 tantopere
2665 1444 2973 1502 creverant,
3005 1435 3072 1490 ad
3105 1435 3472 1506 perniciosum
3504 1435 3638 1490 deli-

2053 1526 2260 1582 ciarum
2290 1534 2345 1582 et
2377 1528 2808 1597 intemperantiae
2833 1528 3067 1584 studium
3098 1529 3461 1584 desciverunt.
3499 1527 3634 1582 Nam

2057 1619 2126 1673 ob
2147 1617 2288 1674 hanc
2315 1619 2676 1689 corruptelam
2706 1629 2823 1674 orta
2868 1620 3041 1687 plebis
3086 1621 3345 1675 adversus
3385 1629 3632 1675 senatum

2055 1710 2346 1779 seditione,
2389 1727 2512 1768 cum
2558 1712 2752 1768 deinde
2786 1723 3005 1769 senatus
3051 1713 3308 1773 Italorum
3345 1728 3500 1782 opem
3529 1713 3635 1767 im-

2053 1803 2340 1874 ploraSset,
2375 1811 2431 1860 et
2463 1805 2542 1860 eis
2588 1815 2833 1870 aptatam
2863 1805 2992 1860 illud
3022 1805 3280 1860 Romanae
3333 1805 3636 1876 δεινοῖ-

2055 1894 2239 1950 vitatis
2273 1894 2363 1965 jus
2394 1895 2670 1965 pollicitus
2699 1895 2914 1959 fuisset,
2941 1897 3104 1967 idque
3143 1911 3202 1952 se
3234 1897 3352 1966 lege
3391 1896 3634 1952 sancitu-

2053 2001 2173 2040 rum
2228 1987 2616 2057 promississet,
2669 2003 2793 2042 eum
2849 1988 3243 2058 promissorum
3297 1989 3432 2044 nihil
3485 1988 3637 2044 Italis

2053 2056 2423 2144 praestaretur,
2458 2078 2662 2134 exarsit
2685 2093 2750 2134 ex
2787 2056 2894 2133 illis
2929 2056 3126 2134 bellum
3149 2079 3407 2135 adversus
3432 2079 3636 2134 Roma-

2054 2182 2172 2234 nos,
2223 2167 2411 2225 Romae
2468 2170 2810 2226 consulatum
2859 2171 3170 2239 gerentibus
3213 2169 3382 2227 Lucio
3430 2169 3639 2226 Marcio

2052 2259 2324 2331 Philippo,
2353 2269 2408 2316 et
2439 2259 2604 2316 Sexto
2641 2259 2804 2328 Julio,
2843 2261 3164 2333 Olympiade
3202 2276 3364 2330 supra
3400 2262 3630 2317 centesi-

2052 2365 2194 2406 mam
2248 2353 2644 2425 septuagesima
2691 2356 2952 2410 secunda.
2992 2354 3050 2409 In
3097 2355 3201 2410 hoc
3243 2353 3388 2409 bello
3430 2354 3636 2410 diversi

2052 2445 2298 2515 variique
2335 2461 2495 2503 casus
2556 2457 2611 2503 et
2666 2448 2882 2503 urbium
2937 2447 3363 2518 expugnationes
3417 2446 3636 2516 utrique

2053 2536 2367 2591 bellantium
2419 2538 2562 2606 parti
2621 2539 2991 2610 contigerunt,
3040 2546 3266 2594 nutante
3313 2538 3470 2608 quasi
3503 2538 3632 2592 data

2051 2644 2214 2698 opera
2252 2630 2304 2684 in
2341 2637 2628 2700 utramque
2661 2639 2868 2701 partem
2918 2630 3170 2696 victoria,
3198 2639 3254 2684 et
3284 2629 3490 2686 neutris
3523 2637 3636 2685 sta-

2052 2721 2144 2776 bili
2179 2731 2552 2792 permanente.
2595 2721 2798 2778 Tamen
2831 2733 3119 2793 postquam
3152 2724 3408 2793 utrinque
3438 2723 3636 2780 cecidit

2054 2815 2319 2869 immensa
2365 2815 2641 2870 hominum
2703 2815 3013 2884 multitudo,
3065 2831 3191 2873 sero
3235 2825 3291 2872 et
3319 2817 3483 2887 ‘mgre
3523 2815 3634 2871 Ro-

363 2895 568 2996 βεδαίῳ
611 2897 1184 2996 δια-μενούσηςίὸμως
1227 2908 1457 2981 ἀπείρου
1489 2912 1727 2984 πλήθους
1758 2916 1948 2970 ἐκατέ-

2055 2905 2197 2959 mani
2237 2906 2519 2961 victoriam
2560 2908 2762 2976 adepti,
2809 2909 2994 2964 ﬁrmas
3036 2910 3182 2965 vires
3251 2908 3626 2965 obtinuerunt.

363 2988 541 3078 ρωθεν
575 2992 850 3058 πεσόντος,
883 2995 981 3066 ὀψὲ
1027 2997 1124 3051 καὶ
1157 2999 1314 3070 μόλις
1346 2999 1640 3074 Ῥωμαίοις
1664 3005 1945 3078 ἐξενίκησε

2054 2995 2447 3068 Oppugnabant
2479 3007 2660 3055 autem
2699 2997 2974 3056 Romanos
3019 2999 3316 3070 Samnites,
3347 3001 3630 3067 Asculani,

364 3076 732 3152 βεϐαιωθῆναι
782 3085 844 3138 τὸ
896 3086 1117 3157 κράτος.
1161 3090 1494 3163 Ἐπολέμουν
1547 3095 1606 3149 δὲ
1652 3076 1947 3168 Ῥωμαίοις

361 3168 638 3238 Σαυνῖται,
656 3174 1048 3244 Ἀσκολανοὶη,
1079 3180 1366 3250 Λευκανοὶ,
1397 3179 1720 3256 Πικεντηνοὶ
1739 3189 1802 3252 ¹⁹,
1826 3187 1948 3241 Νω-

361 3261 517 3317 λανοὶ
543 3267 638 3319 καὶ
666 3266 851 3339 ἐτεραι
873 3269 1058 3335 πόλεις
1080 3273 1174 3327 καὶ
1196 3273 1323 3346 ἐθνη
1341 3291 1354 3306 ’
1384 3276 1442 3328 ἐν
1463 3270 1540 3340 οἷς
1564 3281 1942 3352 ἐπισημοτάτη

361 3357 456 3410 καὶ
494 3359 728 3431 μεγίστη
777 3362 871 3416 καὶ
918 3365 1070 3435 κοινὴ
1113 3365 1268 3428 πόλις
1310 3368 1434 3438 ἄρτι
1482 3372 1943 3442 συντετελεσμένη

359 3453 478 3515 τοϊς
508 3453 842 3518 Ἰταλιώταις
869 3455 928 3509 τὸ
961 3457 1256 3529 Κορφίνιον
1298 3455 1366 3530 ἦν
1389 3501 1403 3523 ,
1441 3463 1498 3514 ὲν
1531 3455 1565 3535 ᾖ
1595 3463 1663 3516 τά.
1694 3479 1754 3516 τε
1787 3463 1942 3532 ἄλλα,

361 3541 463 3595 ὅσα
505 3543 749 3616 μεγάλην
778 3545 933 3600 πόλιν
965 3549 1060 3601 καὶ
1090 3548 1262 3622 ἀρχὴν
1299 3551 1649 3621 κρατύνουσι,
1683 3556 1943 3624 συνεστή-

331 3691 334 3693 .
364 3652 529 3690 σαντο
556 3639 647 3690 καὶ
679 3639 885 3710 ἀγορὰν
915 3640 1188 3712 εὐμεγέθη
1217 3644 1311 3696 καὶ
1353 3642 1482 3715 [659
1513 3643 1607 3718 Η.]
1654 3645 1944 3720 βουλευτή-

365 3745 500 3799 ριον,
531 3730 628 3782 καὶ
653 3729 720 3783 τά
749 3730 880 3785 ἄλλα
902 3731 970 3786 τὰ
1006 3733 1139 3804 πρὸς
1165 3734 1401 3806 πόλεμον
1423 3735 1673 3805 ἀφθόνως
1702 3737 1940 3806 ἅπαντα,

361 3822 459 3875 καὶ
511 3823 811 3894 χρημάτων
864 3824 1101 3895 πλῆθος,
1141 3828 1236 3880 καὶ
1273 3827 1478 3900 τροφῆς
1536 3829 1733 3902 δαψιλῆ
1773 3849 1941 3904 χορη-

362 3917 506 3983 γίαν.

437 4011 842 4082 Συνεστήσαντο
868 4013 924 4067 δὲ
952 4013 1046 4067 καὶ
1081 4012 1384 4086 σύγκλητον
1405 4016 1590 4089 κοινὴν
1605 4019 1650 4050 ¹⁰
1678 4034 1942 4072 πεντακο-

367 4103 497 4158 σίων
527 4105 756 4177 ἀνδρῶν,
783 4105 841 4174 ἐξ
869 4100 944 4160 ὧν
969 4106 1023 4159 οἵ
1058 4124 1115 4160 τε
1142 4108 1240 4179 τῆς
1284 4111 1543 4180 πατρίδος
1579 4112 1767 4183 ἄρχειν
1801 4111 1942 4178 ἄξιοι

364 4197 808 4268 προαχθήσεσθαι
840 4197 1063 4268 ἔμελλον
1089 4199 1182 4253 καὶ
1214 4201 1264 4253 οἱ
1292 4201 1752 4273 προϐουλεύεσθαι
1770 4205 1812 4234 ²¹
1858 4203 1942 4256 δυ·

2049 3087 2274 3154 Lucani,
2304 3089 2595 3158 Picentini,
2624 3090 2843 3159 Nolani,
2867 3101 2922 3148 et
2958 3093 3077 3149 alia:
3103 3095 3264 3148 urbes
3295 3103 3456 3163 atque
3484 3109 3632 3164 geu-

2053 3189 2155 3246 tes,
2197 3182 2250 3236 in
2279 3181 2476 3251 quibus
2505 3191 2624 3237 erat
2657 3183 3021 3239 illustrissima
3049 3192 3103 3239 et
3138 3185 3369 3238 maxima
3402 3195 3458 3239 et
3479 3199 3633 3240 com-

2049 3271 2228 3326 munis
2273 3272 2402 3326 urbs
2442 3287 2615 3342 nuper
2659 3272 2727 3327 ab
2769 3272 2918 3328 Italis
2949 3272 3184 3342 perfecta
3216 3271 3538 3339 Corﬁnium,
3577 3273 3630 3328 in

2047 3377 2151 3430 qua
2189 3376 2313 3415 cum
2350 3371 2546 3416 cmtera
2581 3375 2700 3430 quae
2745 3377 2996 3432 magnam
3027 3361 3216 3418 urbem
3257 3372 3312 3417 et
3342 3363 3629 3432 imperium

2048 3450 2390 3514 confirmant,
2438 3450 2861 3517 consuluerunt,
2898 3460 3008 3506 tum
3040 3452 3217 3507 forum
3252 3467 3626 3523 permagnum,

2046 3550 2100 3597 et
2134 3542 2367 3607 curiam,
2409 3551 2469 3596 et
2514 3550 2709 3596 caetera
2755 3542 2936 3596 omnia
2972 3542 3037 3597 ad
3091 3543 3288 3598 bellum
3319 3545 3625 3601 necessaria

2046 3631 2283 3701 copiose,
2315 3638 2368 3685 et
2412 3630 2653 3701 pecuniae
2705 3629 3131 3699 multitudinem,
3183 3640 3238 3686 et
3289 3631 3625 3688 cibariorum

2045 3723 2256 3794 largum
2280 3731 2663 3778 commeatum.

2113 4021 2529 4080 Constituerunt
2565 4031 2620 4078 et
2669 4015 2915 4078 senat’um
2971 4036 3169 4078 novum
3204 4021 3626 4093 quingentorum

2045 4114 2306 4179 virorum,
2326 4130 2393 4171 ex
2431 4116 2629 4186 quibus
2651 4117 2742 4185 qui
2769 4114 2958 4184 patria:
2981 4114 3207 4185 imperio
3225 4115 3369 4186 digni
3415 4125 3622 4182 essent,

2045 4205 2496 4277 producerentur,
2542 4215 2597 4261 et
2628 4207 2717 4276 qui
2761 4207 2828 4260 de
2879 4207 3153 4260 communi
3197 4207 3369 4262 salute
3408 4209 3626 4262 consul-

362 4287 585 4358 νάμενοι
619 4290 748 4360 περὶ
776 4291 872 4362 τῆς
903 4291 1088 4363 κοινῆς
1120 4293 1413 4364 σωτηρίας.
1444 4295 1553 4348 Καὶ
1595 4294 1806 4358 τούτοις
1839 4297 1939 4348 ἐπ-

2054 4304 2163 4351 lare
2188 4304 2432 4367 possent,
2453 4297 2627 4365 iisque
2658 4296 2779 4350 belli
2815 4311 3004 4350 curam
3037 4297 3384 4362 mandarunt,
3414 4312 3629 4351 summa

361 4381 597 4452 έτρεψαν
617 4383 660 4414 ²²
691 4381 759 4435 τὰ
782 4383 921 4436 κατὰ
944 4383 1033 4436 τὸν
1068 4383 1304 4454 πόλεμον
1325 4386 1567 4450 διοικεῖν,
1605 4386 1938 4457 αὐτοκράτο-

365 4490 462 4545 ρας
492 4475 817 4545 ποιήσαντες
846 4478 970 4539 τοὺς
1001 4475 1308 4546 συνέδρους.
1341 4470 1498 4530 Οὗτοι
1531 4477 1577 4529 δ’
1614 4478 1939 4549 ἐνομοθέτη-

363 4569 462 4621 σαν
486 4568 579 4621 δύο
607 4568 704 4638 μὲν
739 4569 976 4630 ὑπάτους
997 4568 1115 4622 κατ’
1149 4568 1392 4621 ἐνιαυτὸν
1421 4568 1714 4638 αἱρεῖσθαι,
1732 4569 1942 4624 δώδεκα

359 4664 418 4718 δὲ
451 4665 812 4736 στρατηγούς.
842 4666 952 4718 Καὶ
979 4665 1394 4737 κατεστάθησαν
1428 4664 1622 4718 ὕπατοι
1656 4665 1755 4734 μὲν
1782 4665 1941 4718 Κόϊν-

358 4773 450 4820 τος
494 4757 828 4828 Πομπαίδιος
864 4757 1056 4823 Σίλων,
1090 4757 1314 4828 Μάρσος
1350 4756 1449 4826 μὲν
1482 4757 1541 4810 τὸ
1570 4758 1724 4826 γένος
1746 4801 1758 4825 ,
1791 4777 1942 4830 πρω-

2045 4396 2309 4457 potestate
2347 4386 2757 4440 consessoribus
2794 4384 3080 4453 permissa.
3116 4383 3182 4438 Hi
3216 4386 3362 4454 leges
3389 4385 3628 4442 tulerunt

2046 4481 2105 4526 ut
2134 4473 2238 4526 duo
2270 4469 2522 4524 consules
2557 4471 2846 4538 quotannis
2880 4479 3220 4533 crearentur,
3253 4479 3308 4524 et
3342 4471 3625 4525 duodecim

2045 4563 2228 4618 duces.
2252 4560 2512 4617 Consules
2541 4560 2708 4615 creati
2734 4560 3100 4628 suntQuintus
3123 4561 3464 4630 Pompaedius
3486 4561 3625 4628 Silo,

2048 4654 2266 4708 natione
2292 4651 2526 4719 Marsus,
2561 4660 2616 4707 et
2643 4666 2754 4706 sua:
2799 4652 2975 4718 gentis
3012 4653 3330 4720 primarius.
3380 4655 3531 4708 Alter
3557 4669 3625 4708 ex

2047 4746 2352 4801 Samnitum
2409 4758 2607 4814 genere
2668 4743 2831 4799 Caius
2883 4744 3132 4813 Aponius
3187 4743 3442 4809 Motulus,
3508 4745 3627 4813 ipse

359 4847 534 4902 τεύων
558 4849 612 4902 δὲ
629 4847 1054 4924 τῶνᾼόμοερκῶν,
1076 4852 1165 4902 καὶ
1188 4849 1435 4918 δεύτερος
1460 4851 1523 4903 ἐκ
1545 4849 1638 4902 τοῦ
1669 4850 1942 4903 Σαυνιτῶν

2054 4854 2264 4909 quoque
2297 4838 2464 4908 gloria
2488 4837 2776 4907 frebusque
2839 4838 3004 4905 gemis
3034 4853 3143 4892 suae
3175 4838 3352 4909 gentis
3385 4838 3629 4893 clarissi-

361 4939 550 5008 γένους
579 4915 1301 5016 Γάϊοςδᾉπώίὶίρςτᾴίότυλος
1322 4915 1464 5004 ,καὶ
1494 4941 1656 5004 αὐτὸς
1694 4941 1821 5014 δόξῃ
1851 4942 1944 4995 καὶ

2054 4947 2190 4986 nius.
2226 4931 2288 4985 Et
2331 4937 2440 4984 tota
2473 4928 2622 4982 Italia
2667 4929 2719 4981 in
2767 4938 2950 4998 partes
2977 4929 3110 4985 duas
3139 4930 3334 4996 divisa,
3369 4945 3463 4986 eas
3493 4945 3628 4984 con-

361 5028 595 5100 πράξεσι
623 5028 718 5083 τοῦ
748 5029 934 5094 ἔθνους
953 5021 1361 5107 .προέχων.Τὴν
1390 5031 1435 5084 δ’
1453 5031 1581 5101 ὃλην
1604 5029 1836 5084 Ἰταλίαν
1862 5032 1943 5094 είς

2054 5025 2260 5078 sularcs
2304 5019 2660 5092 przefecturas
2687 5030 2851 5090 atque
2895 5032 3077 5090 partes
3111 5023 3529 5077 constituerunt.
3562 5021 3631 5076 Et

821 5172 826 5174 ·
908 5161 930 5202 ε
942 5169 966 5200 ‘-’
1662 5163 1898 5218 VARIIE
1941 5159 2344 5219 LECTIONES.

434 5253 458 5285 ⁸
491 5255 833 5329 Δίνπεράτορα
863 5277 923 5323 ς.
953 5251 956 5254 ’
1022 5259 1042 5289 θ
1073 5256 1296 5329 βασιλέα
1325 5271 1433 5309 om.
1460 5270 1544 5325 pr.
1582 5255 1880 5329 A:i_n_quo
1911 5269 2032 5328 post
2055 5270 2174 5329 eam
2199 5267 2394 5329 vocent
2411 5250 2730 5329 vacui_sunt
2757 5266 2953 5329 versus
2972 5251 3005 5304 5
3039 5249 3209 5329 Vg."
3262 5247 3504 5329 “etuti;

362 5323 403 5354 “
432 5318 787 5397 anguiis}
819 5318 1160 5393 ἁπάντωνς.
1237 5328 1279 5359 ¹²
1311 5318 1477 5396 φασί
1505 5344 1563 5390 ς.
1589 5395 1606 5397 λέ
1671 5325 1714 5397 fi
1742 5318 1808 5397 ἧς
1865 5318 1964 5397 μέν
2005 5327 2096 5379 ἐπί
2149 5342 2211 5397 ς.
2288 5323 2630 5397 ⁴ξιῄδιοιφορᾷίς
2659 5339 2718 5385 ς.
2799 5318 3126 5397 ι’ὴίάρκου]
3155 5319 3401 5397 Μαρτίου
3450 5318 3626 5397 Scali-

360 5409 476 5470 ger.
552 5395 596 5427 “
615 5395 845 5461 Σέξστου
877 5417 939 5465 ς.
1017 5400 1058 5430 ¹⁷
1089 5388 1471 5470 ῆχΘηῙῆχθηή
1505 5388 1838 5470 βξίδοῑιίὶκὲιῃ
1865 5388 1878 5397 ’
1919 5393 2409 5470 ¹³ῨἊσκαλανοίᾹη
2474 5388 2860 5459 ’θ-Πικεντηνοί
2895 5392 2933 5443 Β
2957 5388 3300 5443 εἸἸικεντινοί
3336 5405 3396 5452 ς’.
3473 5389 3519 5420 ²⁰
3558 5388 3625 5441 li—

359 5466 442 5520 bri
472 5470 684 5539 καινήν.
761 5471 802 5500 ²¹
835 5465 1345 5544 παραϐουλεύεσθαι
1373 5468 1434 5522 Β.
1460 5465 1470 5468 ⁷
1535 5469 1578 5498 ¹¹
1606 5467 1938 5536 ἐπέτρεψαν]
1970 5465 2358 5534 ἐπιτρέψαντες
2383 5465 2448 5519 Α.

1906 5559 2142 5616 NOTAE.

433 5652 547 5717 (Ἡ)
587 5649 728 5710 Vide
752 5651 812 5708 Ρ.
843 5652 1166 5721 Valtriuum,
1199 5651 1355 5708 initio
1379 5651 1474 5708 lib.
1509 5651 1604 5706 ult.
1641 5650 1712 5706 De
1747 5652 1938 5706 militia
1982 5651 2357 5705 Romanorum.
