2006 3118
200 93 264 125 “fil

765 98 892 127 PHOTII
910 96 1164 127 PATRIARCH/E
1179 96 1234 126 ΟΡ.

1750 90 1823 122 1432

197 149 350 183 Ροιιινιεάίο
363 150 472 184 quidem
490 151 626 186 regionem
643 152 815 186 assignarunt
834 153 868 179 ab
880 159 913 180 eo
926 151 984 178 loco

1039 150 1081 178 δύο
1098 151 1169 186 μέρη
1185 150 1317 181 διελόντες
1340 148 1475 181 ὑπατικὰς
1498 147 1634 183 ἐπαρχίας
1657 145 1759 177 ταύτας
1779 147 1829 173 καὶ

197 195 244 229 qui
259 193 370 223 Cercola
387 195 547 231 appellatur,
565 204 651 231 usque
670 198 703 223 ad
718 196 886 224 Adriaticum
899 203 986 229 mare,

197 248 246 269 eos
261 246 364 270 tractus
380 243 426 277 qui
450 243 484 270 ad
508 250 635 271 occasum
659 249 687 272 et
710 244 910 279 septentriones
926 251 987 270 ver-

198 292 275 321 gunt,
294 292 321 315 et
335 288 417 315 duces
430 288 454 315 ei
469 296 516 316 sex
530 289 723 318 attribuerunt.
736 289 880 325 Reliquum
893 288 985 321 Italiae,

198 333 323 360 videlicet
346 341 406 361 eam
426 339 541 369 partem,
558 342 618 369 quae
640 340 744 370 spectat
766 336 799 363 ad
814 335 947 363 orientem
961 339 988 361 et

199 379 351 412 meridiem,
373 381 639 416 assignarunt,()aio
664 382 774 414 Motulo,
802 381 939 417 adiunctis
962 383 986 408 ei

196 422 290 450 itidem
315 431 363 452 sex
389 426 513 454 ducibus.
530 427 624 463 Itaque
642 433 784 462 postquam
807 434 886 455 suum
900 427 987 464 impe-

197 468 268 495 rium
294 473 321 496 et
349 472 438 498 omnia
455 472 534 504 scite,
558 478 596 506 et,
615 477 645 500 ut
659 474 814 500 summatim
833 473 937 513 dicam”
953 473 987 500 ad

196 513 377 543 imitationem
401 517 515 545 Romani
536 524 564 546 et
580 520 684 554 antiqui
708 519 812 547 ordinis
828 526 988 558 composue-

197 564 273 592 runt,
293 560 423 596 deinceps
441 563 631 591 vehementius
660 564 752 591 futuro
777 564 847 592 bello
880 565 987 592 incum-

197 605 308 639 bebant,
337 615 399 635 cum
427 609 536 643 quidem
564 610 668 637 Italiam
701 617 873 638 communem
892 610 986 638 urbem

198 649 297 686 392a
326 660 552 689 nuncupassent,
569 660 595 683 et
620 656 657 684 ita
681 656 779 684 bellum
800 663 909 692 gessere
925 664 986 684 cum

198 695 340 731 Romanis,
362 704 392 727 ut
409 701 526 728 maxima
540 709 574 729 ex
595 708 672 736 parte
695 701 798 730 fuerint
822 702 986 737 superiores,

198 740 283 768 donec
295 742 393 771 Cneius
414 743 558 779 Pompeius
574 747 668 774 consul
682 751 709 774 et
723 746 787 774 belli
806 747 860 774 dux
873 746 985 779 electus,

196 790 224 813 et
239 786 310 813 Sulla
328 789 380 816 dux
393 790 443 817 sub
459 791 544 818 altero
556 792 667 819 consule
678 792 791 825 Catone,
807 792 987 820 nobiliSsimis

196 833 297 866 prmliis
310 834 389 862 Italos
405 844 458 863 non
476 838 570 870 semel,
587 838 634 866 sed
650 839 749 873 saepius
765 839 909 870 vincendo,
928 838 987 865 illu-

196 885 256 906 rum
274 888 316 908 res
331 888 363 908 eo
378 883 551 917 redegerunt,
570 889 599 911 ut
612 883 759 919 proﬂigata:
779 884 889 913 fuerint.
904 884 987 919 Igitur

196 933 249 952 non
271 927 387 962 amplius
411 929 557 963 bellarunt,
574 931 622 958 sed
644 930 711 959 Caio
733 931 859 959 Coscinio
873 931 899 959 in
913 930 987 966 Iapy-

195 971 267 1005 giam
281 973 349 1000 duce
361 974 455 1006 misso.
471 983 542 1011 saepe
553 976 615 1004 victi
628 982 701 1011 sunt,
715 979 840 1013 atqueita
855 978 986 1013 superati,

195 1021 223 1043 et
249 1025 281 1045 ex
300 1018 392 1047 multis
406 1022 485 1054 pauci
501 1022 606 1055 relicti,
624 1023 761 1050 communi
789 1023 923 1050 sententia
938 1031 987 1050 no-

195 1070 257 1090 vam
271 1065 400 1092 deserunt
418 1067 512 1095 urbem
536 1069 695 1102 Corﬁnium,
713 1069 841 1103 quoniam
860 1069 941 1097 Marsi
960 1074 987 1097 et

195 1118 290 1138 omnes
316 1111 437 1140 ﬁnitimae
465 1119 560 1148 gentes
582 1114 754 1142 desciverant
779 1115 811 1142 ad
836 1115 984 1143 Romanos.

194 1155 386 1184 Consederunt
407 1162 498 1185 autem
521 1159 549 1186 in
565 1158 691 1187 JEsernia
706 1159 872 1194 Samnitum,
887 1161 987 1188 creatis

194 1202 246 1229 sibi
259 1203 378 1238 quinque
394 1205 519 1238 ducibus,
544 1213 659 1240 quorum
675 1206 720 1233 uni
749 1206 866 1233 maxime
886 1208 987 1240 Quinto

194 1247 350 1284 Pompaedio
366 1249 451 1278 Silani
468 1252 591 1279 omnium
617 1252 760 1287 imperium
791 1253 984 1285 crediderunt,

194 1298 305 1328 propter
319 1294 377 1329 ejus
392 1296 543 1331 imperandi
565 1298 692 1326 virtutem
715 1303 798 1333 atque
820 1298 946 1334 gloriam.
963 1299 987 1327 Is

195 1340 230 1367 de
249 1342 385 1368 communi
407 1343 505 1371 dueum
531 1344 666 1371 sententia
685 1352 814 1380 magnum
837 1345 986 1372 exercitum

194 1387 374 1420 comparavit,
388 1388 457 1415 adeo
472 1392 501 1415 ut
519 1389 545 1416 iu
562 1389 730 1424 universum,
743 1398 805 1418 cum
824 1390 857 1418 iis
874 1391 918 1425 qui
929 1390 987 1425 jam

195 1436 285 1465 erant,
307 1431 390 1460 fuerit
414 1434 524 1462 circiter
552 1436 662 1470 triginta
683 1436 776 1464 millia.
804 1436 908 1464 Praeter
938 1437 987 1464 hos

197 1480 371 1515 congregavit
392 1481 473 1507 etiam
489 1488 593 1514 servos,
604 1490 620 1509 a
635 1490 665 1510 se
677 1483 803 1510 libertate
816 1483 941 1516 donatos,
958 1487 987 1510 et

197 1528 226 1550 ut
242 1529 347 1559 tempus
363 1524 466 1552 ferebat
479 1531 598 1554 armatos
616 1534 668 1554 uon
682 1527 768 1554 multo
782 1528 926 1562 pauciores
937 1528 986 1555 de-

197 1578 256 1598 cem
277 1570 406 1603 millibus,
423 1576 450 1598 et
467 1572 571 1607 equites
584 1573 669 1601 mille.
694 1574 733 1601 Ac
750 1573 842 1609 prazlio
855 1582 917 1601 cum
932 1574 989 1601 Ro-

199 1616 287 1643 manis
313 1623 489 1650 cougressus,
520 1624 636 1652 quorum
664 1617 717 1644 dux
742 1622 802 1645 erat
825 1617 987 1649 Mamercus,

199 1661 337 1689 Itomanos
361 1669 461 1696 paucos
485 1662 623 1696 interﬁcit,
649 1667 677 1690 ct
703 1670 813 1690 suorum
837 1671 918 1697 supra
941 1670 988 1690 sex

198 1705 284 1732 millia
299 1706 409 1734 amittit.
426 1706 477 1733 Per
493 1706 564 1734 idem
585 1711 692 1741 tempus
706 1706 830 1734 Metellus
850 1707 876 1733 iu
892 1705 988 1740 Apulia

198 1751 356 1785 Venusiam,
379 1752 472 1780 urbem
487 1753 554 1781 satis
575 1761 710 1788 magnam,
723 1758 751 1780 et
774 1753 874 1780 milites
891 1752 989 1781 multos

199 1797 356 1847 habente»
371 1798 547 1833 expugnavit,
561 1802 588 1825 et
603 1798 746 1833 plusquam
762 1798 814 1825 tria
843 1797 927 1826 millia
943 1805 990 1826 ca-I

198 1843 333 1879 ptivoruin
346 1844 425 1878 cepit.
444 1843 557 1879 Jamque
580 1845 771 1879 superantibus
785 1844 811 1871 iu
832 1845 889 1872 dies
905 1844 990 1879 magis

200 1890 341 1923 magisque
369 1889 510 1921 Romanis,
540 1890 650 1917 mittunt
668 1889 726 1917 Itali
750 1891 783 1916 ad
806 1889 989 1917 Mithridatem

200 1943 292 1969 regem
314 1935 405 1968 Ponti,
434 1935 578 1970 pollentem
607 1941 672 1962 tunc
691 1935 787 1963 bellica
812 1943 894 1963 manu
910 1941 991 1970 atque

200 1987 340 2016 apparatu,
357 1987 479 2016 petcutcs
494 1987 522 2008 ut
545 1983 570 2009 in
588 1981 693 2009 Italiam
709 1983 839 2009 adversus
853 1982 991 2010 Romanos

200 2029 346 2056 adduceret
362 2028 466 2062 copias,
483 2029 520 2054 ita
547 2029 619 2055 enim
640 2028 719 2055 facile
736 2029 890 2063 conjunctis
905 2029 991 2064 copiis

200 2082 280 2109 posse
308 2074 492 2101 Romanorum
529 2074 603 2101 vires
636 2074 787 2101 deturbari.
819 2074 990 2102 Mithridates

200 2127 361 2154 responsum
384 2118 450 2152 dat,
478 2120 622 2146 ducturum
645 2127 674 2147 se
702 2121 795 2154 copias
816 2120 842 2147 in
868 2119 991 2154 Italiam,

1040 197 1151 233 μερίδας
1166 196 1321 229 ἀπέδειξαν,
1340 196 1387 222 καὶ
1401 195 1440 230 τῷ
1456 195 1505 230 μὲν
1517 193 1679 229 Πομπαιδὶῳ
1693 192 1830 228 προσώρι-

1039 251 1088 269 σαν
1099 242 1191 278 χώραν
1202 242 1256 269 ἀπὸ
1269 242 1322 269 τῶν
1333 240 1488 277 Κερκώλων
1499 239 1674 275 καλουμένων
1687 239 1768 274 μέχρι
1778 240 1829 274 τῆς

1044 287 1216 322 Ἀδριατικῆς
1231 286 1379 320 θαλάσσης,
1395 285 1430 312 τὰ
1444 284 1512 320 πρὸς
1527 283 1633 318 δυσμὰς
1647 284 1695 310 καὶ
1714 283 1763 318 τὴν
1777 283 1827 318 ἄρ-

1038 342 1101 361 κτον
1115 332 1228 359 νεύοντα
1241 332 1325 367 μέρη,
1336 331 1383 358 καί
1395 331 1565 367 στρατηγοὺς
1581 329 1679 362 ἔταξαν
1691 328 1766 363 αὐτῷ
1777 329 1808 362 ’ἐξ
1819 336 1826 345 ·

1038 380 1068 406 τὸ
1088 379 1117 406 δὲ
1134 378 1225 405 λοιπον
1247 378 1297 412 τῆς
1308 376 1436 408 Ἰταλίας,
1448 376 1498 411 τὴν
1514 376 1582 411 πρὸς
1603 375 1640 401 ἕω
1654 375 1701 401 καί
1718 382 1827 409 μεσημ-

1039 425 1118 461 ϐρίαν
1132 424 1271 456 νεύουσαν,
1293 421 1469 458 προσώρισαν
1481 421 1553 457 Γαΐῳ
1567 420 1692 455 Μοτύλῳ,
1709 429 1828 456 στρατη-

1038 473 1104 507 γοὺς
1117 471 1217 506 ὁμοίως
1234 468 1411 502 συζεύεαντες
1423 467 1462 501 ἓξ.
1483 466 1561 494 Οὕτω
1572 467 1660 493 πάντα
1674 466 1768 498 δεξιῶς
1778 465 1827 492 καὶ

1038 517 1109 545 κατὰ
1124 516 1250 552 μίμησιν,
1266 516 1296 542 τὸ
1317 514 1425 541 σύνολον
1440 514 1532 548 φάναι,
1547 513 1597 548 τῆς
1612 512 1767 547 Ῥωμαῖκῆς
1779 512 1827 537 καὶ

1037 568 1071 595 ὲκ
1094 565 1209 592 παλαιοῦ
1231 564 1334 596 τάξεως
1358 563 1407 598 τὴν
1433 561 1537 589 ἑαυτῶν
1560 560 1648 598 ἀρχὴν
1661 559 1825 595 διαθέμςθοι,

1037 613 1109 640 κατὰ
1122 612 1153 639 τὸ
1170 611 1350 645 σφοδρότερον
1366 609 1460 636 λοιπὸν
1478 608 1582 643 εἴχοντο
1595 607 1643 634 καὶ
1663 605 1712 633 τοῦ
1726 605 1827 640 ἑφεξῆς

1038 659 1168 694 πολέμου,
1182 657 1231 692 τὴν
1247 656 1341 691 κοινὴν
1356 656 1432 682 πόλιν
1442 654 1557 681 Ἰταλίαν
1568 653 1784 687 ἐπονομάσαντες
1792 651 1826 677 ’³.

1038 705 1093 734 Καὶ
1117 703 1316 738 διεπολέμησαν
1338 701 1485 737 Ῥωμαίοις
1508 700 1543 727 τὰ
1564 699 1677 726 πλεῖστα
1701 698 1773 726 κατὰ
1796 698 1827 724 τὺ

1038 750 1282 786 ὲπικρατέστερον,
1296 748 1349 780 ἕως
1364 748 1458 778 Γναῖος
1474 746 1616 781 Πομπήϊος
1632 744 1735 775 ὕπατος
1750 745 1828 779 αἰρε-

1039 799 1095 830 θεὶς
1107 798 1154 825 καὶ
1168 795 1320 832 στρατηγὸς
1332 794 1380 821 τοῦ
1396 793 1583 827 πολέμου,καί
1597 792 1699 823 Σύλλας
1708 791 1730 807 ⁸⁸
1744 799 1828 826 στρα-

1038 845 1121 880 τηγὸς
1130 843 1183 870 ὑπὸ
1190 843 1229 877 τῷ
1240 842 1325 877 ἑτέρῳ
1334 841 1431 876 ὑπάτῳ
1438 840 1558 869 Κάτωνι,
1569 838 1795 873 ἐπιφανεστάταις
1804 837 1829 853 ’⁸

1039 892 1138 926 μάχαις
1151 890 1214 921 τοὺς
1224 887 1379 918 Ἰταλιώτας
1397 886 1446 921 οὐχ
1463 885 1547 919 ἅπαξ,
1556 884 1624 911 ἀλλὰ
1636 884 1684 911 καὶ
1698 883 1829 914 πολλάκις

1037 937 1211 972 νικήσαντες.
1235 933 1318 970 [H88
1332 932 1379 969 R.]
1405 932 1439 959 τὰ
1454 932 1609 967 πράγματα
1625 930 1716 972 αὐτῶν
1739 930 1780 961 εἰς
1797 929 1829 955 τὸ

1039 980 1228 1015 συντρίϐεσθαι
1243 978 1435 1014 περιέστησαν.
1448 976 1639 1011 Ἐπολέμησαν
1654 974 1677 1001 δ’
1691 971 1737 1000 οὖν
1752 973 1829 1000 καὶ¹⁸

1037 1028 1077 1054 ἐτι
1086 1035 1092 1043 ι
1110 1026 1178 1053 ἀλλὰ
1191 1025 1272 1052 Γαΐου
1284 1023 1432 1050 Κοσκονίου
1440 1023 1462 1039 ’⁷
1482 1022 1623 1054 σταλέντος
1639 1022 1677 1052 εἰς
1688 1021 1829 1054 Ἰαπυγίαν

1038 1071 1191 1108 στρατηγοῦ
1213 1070 1344 1101 πολλάκις
1365 1068 1532 1105 ήττήθησαν.
1546 1065 1613 1095 Εἶτα
1632 1067 1829 1098 ἐλαττωθέντες

1037 1118 1114 1146 aut“
1128 1118 1160 1144 εκ
1173 1116 1278 1143 πολλῶν
1293 1115 1378 1150 ὀλίγοι
1393 1114 1714 1149 καταλειφθέντες,κοινῇ
1730 1112 1828 1148 γνώμῃ

1036 1165 1086 1200 τὴν
1102 1163 1195 1198 κοινὴν
1205 1163 1228 1179 ’³
1244 1161 1400 1188 ἐκλείπουσι
1415 1161 1507 1193 πόλιν,
1523 1160 1554 1186 τὸ
1568 1159 1724 1195 Κορφίνιον,
1739 1159 1782 1185 διὰ
1798 1158 1830 1184 τδ

1037 1210 1100 1241 τοὺς
1123 1208 1253 1243 Μάρσους
1277 1205 1325 1233 καὶ
1344 1205 1433 1232 πάντα
1448 1205 1482 1232 τὰ
1497 1204 1656 1239 γειτνιῶντα
1672 1204 1728 1230 τῶν
1744 1203 1830 1230 ἐθνῶν

1037 1251 1299 1290 προσκεχωρηκέναι
1309 1252 1366 1283 τοῖς
1380 1250 1537 1286 Ῥωμαίοις.
1548 1250 1595 1282 Εἰς
1608 1249 1636 1276 δὲ
1651 1249 1700 1284 τὴν
1716 1251 1745 1275 ἐν
1758 1249 1829 1275 Σαυ-

1037 1300 1125 1331 νίταις
1142 1298 1287 1334 Αἰσερνίαν
1302 1296 1543 1332 καθιδρύθησαν¹ο,
1560 1296 1640 1322 πέντε
1658 1295 1829 1330 στρατηγοὺς

1037 1346 1129 1377 αὐτοῖς
1152 1345 1358 1380 ἐπιστήσαντες,
1376 1338 1414 1369 ὧν
1438 1342 1478 1368 ἑνὶ
1501 1341 1619 1376 μάλιστα
1634 1341 1740 1375 Κοΐντῳ
1756 1340 1830 1374 Πομ-

1037 1392 1137 1427 παιδίῳ
1152 1391 1248 1418 Σίλωνι
1263 1390 1312 1426 τὴν
1329 1390 1438 1416 πάντων
1451 1388 1600 1425 ἡγεμονίαν
1611 1387 1774 1414 ἐπίστευσαν
1784 1386 1831 1413 διὰ

1037 1438 1087 1474 τὴν
1103 1437 1167 1473 περί
1183 1436 1263 1463 αὐτὸν
1285 1437 1314 1462 ὲν
1329 1435 1369 1470 τῷ
1387 1434 1548 1469 στρατηγεῖν
1563 1432 1665 1467 ἀρετήν
1678 1440 1707 1457 τε
1723 1431 1769 1457 καί
1785 1431 1830 1457 δό-

1039 1485 1097 1518 ξαν.
1113 1480 1195 1514 Οὗτος
1211 1482 1240 1509 δὲ
1265 1481 1334 1516 μετὰ
1347 1480 1398 1514 τῆς
1412 1479 1505 1514 κοινῆς
1520 1479 1575 1505 τῶν
1590 1477 1751 1513 στρατηγῶν
1763 1476 1832 1510 γνὼ-

1040 1538 1094 1565 μης
1109 1527 1293 1555 κατεσκεύασε
1308 1526 1429 1561 μεγάλην
1440 1524 1566 1559 δύναμιν,
1578 1523 1615 1554 ὡς
1629 1523 1692 1553 τοὺς
1705 1521 1832 1556 σύμπαν-

1038 1583 1087 1606 τας
1103 1573 1171 1609 μετὰ
1187 1572 1242 1600 τῶν
1265 1571 1496 1608 προϋπαρχόντων
1510 1569 1575 1604 περὶ
1589 1567 1768 1603 τρισμυρίους
1782 1576 1831 1601 γε-

1038 1619 1142 1646 νέσθαι.
1160 1619 1252 1654 Χωρὶς
1264 1618 1293 1644 δὲ
1305 1618 1408 1644 τούτων
1424 1616 1491 1648 ,τοὺς
1514 1615 1623 1645 δούλους
1645 1612 1832 1647 ἐλευθερώσας

1039 1665 1087 1690 καὶ
1102 1663 1150 1698 (ὡς
1163 1663 1176 1689 ὁ
1188 1662 1283 1698 καιρὸς
1298 1661 1395 1696 ἐδίδου)
1411 1660 1580 1691 καθοπλίσας
1592 1659 1707 1694 συνῆγεν
1718 1658 1750 1685 οὐ
1762 1657 1832 1684 πολὺ

1039 1710 1184 1740 λείποντας
1198 1708 1252 1734 τῶν
1264 1706 1416 1742 δισμυρίων
1424 1707 1458 1740 ¹¹,
1476 1706 1568 1737 ἰππεῖς
1582 1705 1611 1732 δὲ
1631 1704 1742 1740 χιλίους.
1758 1703 1833 1738 Συμ-

1039 1755 1129 1783 ϐαλὼν
1140 1755 1168 1781 δὲ
1183 1753 1329 1789 Ῥωμαίοις
1339 1753 1492 1788 Μαμέρκου
1504 1750 1720 1787 στρατηγοῦντος
1728 1749 1831 1782 αὐτῶν,

1046 1801 1199 1837 Ῥωμαίους
1218 1799 1267 1835 μὲν
1281 1799 1390 1833 ἀναιρεῖ
1405 1798 1522 1832 ὀλίγους,
1536 1798 1590 1824 τῶν
1606 1797 1628 1823 δ’
1643 1796 1751 1823 οἰκείων
1762 1795 1832 1830 ὑπὲρ

1041 1846 1239 1882 ἑξακισχιλίους
1265 1844 1424 1872 ἀποϐάλλει.
1444 1844 1500 1871 Καὶ
1526 1843 1662 1874 Μέτελλος
1684 1842 1755 1869 κατὰ
1783 1841 1833 1875 τὴν

1047 1893 1190 1920 Ἀπουλίαν
1208 1892 1273 1928 [640
1286 1891 1333 1927 IL]
1348 1891 1398 1926 τὴν
1412 1890 1577 1918 Οὐενουσίαν
1597 1889 1674 1916 πόλιν
1693 1888 1833 1922 ἀξιόλογον

1040 1937 1123 1966 οὖσαν
1133 1938 1156 1954 ⁸³
1176 1939 1224 1965 καὶ
1247 1936 1418 1972 στρατιώτας
1442 1936 1555 1967 πολλοὺς
1578 1935 1692 1970 ἔχουσαν
1701 1934 1724 1951 ’⁸
1738 1935 1834 1967 ἐξεπο-

1040 1984 1170 2020 λιόρκησε
1196 1983 1269 2010 κατὰ
1291 1983 1388 2017 καιρὸν
1403 1983 1450 2009 τὸν
1469 1982 1562 2015 αὑτὸν,
1585 1982 1633 2007 καὶ
1648 1980 1757 2011 πλείους
1779 1979 1833 2005 τῶν

1041 2030 1199 2066 τρισχιλίων
1221 2029 1410 2065 αἰχμαλώτους
1432 2026 1503 2054 εἶλεν
1514 2028 1546 2055 ³⁵,
1556 2026 1792 2061 Ἐπικρατούντων
1805 2025 1835 2051 δ’

1042 2077 1089 2104 ἐπὶ
1106 2076 1206 2114 μᾶλλον
1229 2075 1276 2102 καί
1293 2075 1392 2111 μᾶλλον
1405 2074 1460 2101 τῶν
1478 2074 1621 2109 Ῥωμαίων
1640 2073 1794 2107 πέμπουσιν
1809 2071 1833 2097 οἱ

1048 2122 1145 2149 Ἰταλοί
1163 2121 1230 2156 πρὸς
1244 2119 1413 2155 Μιθριδάτην
1427 2119 1473 2145 τὸν
1489 2118 1601 2153 βασιλέα
1617 2118 1730 2149 Πόντου,
1744 2115 1835 2151 ἀκμά-

202 2169 346 2199 postquam
365 2164 457 2192 Asiam
482 2165 629 2199 subegerit,
653 2165 679 2192 id
703 2165 775 2192 enim
791 2165 898 2200 agebat.
913 2164 987 2192 Hanc

1043 2168 1123 2200 ζοντα
1136 2167 1195 2194 τότε
1208 2167 1344 2202 πολεμικῇ
1358 2166 1430 2201 χειρί
1443 2165 1490 2192 καὶ
1507 2165 1681 2200 παρασκευῇ,
1694 2163 1835 2195 ἀξιοῦντες

201 2211 236 2238 ob
258 2218 315 2237 rem
332 2218 444 2246 prorsus
469 2211 563 2245 reiecti
586 2211 762 2239 rebellatores
785 2211 990 2247 despondebant

201 2258 318 2284 animos.
343 2256 427 2284 Erant
453 2258 524 2285 enim
550 2257 646 2292 reliqui
676 2257 830 2284 Samnitum
853 2258 943 2293 pauci,
963 2262 991 2285 et

202 2304 302 2331 Sabelli
317 2303 392 2331 Nolae
406 2304 545 2338 degentes,
562 2309 590 2331 et
602 2309 700 2338 praeter
714 2303 765 2331 hos
782 2304 948 2338 Lamponius
963 2306 992 2331 et

200 2348 341 2384 Cleptius,
373 2349 504 2377 habentes
529 2348 701 2376 Lucanorum
728 2349 867 2384 reliquias.
898 2349 990 2384 Itaque

201 2395 316 2423 Marsico
338 2395 408 2423 bello
425 2395 481 2429 jam
503 2395 561 2424 fere
580 2395 765 2428 exolesceule,
794 2395 892 2431 392b
908 2403 990 2431 supe-

201 2441 283 2468 rioris
301 2441 432 2475 temporis
446 2440 594 2468 seditiones
607 2441 699 2468 civiles
714 2440 807 2467 Romae
829 2449 912 2468 novos
935 2449 992 2468 mo-

201 2491 245 2514 tus
255 2486 401 2520 faciebant,
423 2486 515 2514 multis
529 2486 678 2514 illustribus
695 2487 759 2514 viris
774 2487 834 2513 belli
849 2487 990 2520 imperium

202 2533 331 2559 adversus
356 2531 540 2559 Mithridatem
571 2532 764 2565 ambientibus,
788 2537 898 2566 propter
924 2540 989 2567 pra:-

204 2577 321 2605 miorum
353 2578 577 2613 magnitudinem.
605 2577 671 2605 Nam
688 2583 716 2605 et
736 2578 817 2605 Caius
836 2577 933 2611 Julius,
961 2583 989 2606 et

202 2622 282 2652 Caius
293 2623 405 2659 Marius,
419 2625 441 2653 is
449 2625 495 2660 qui
507 2625 596 2653 sexies
612 2624 782 2652 consulatqu
799 2629 930 2658 gesserat,
945 2625 989 2651 in-

1045 2214 1091 2240 ὲπὶ
1106 2214 1156 2249 τὴν
1170 2213 1286 2239 Ἰταλίαν
1300 2213 1370 2239 κατὰ
1383 2211 1526 2247 Ῥωμαίων
1536 2211 1614 2245 ἄγειν
1624 2210 1674 2242 τὰς
1684 2209 1814 2244 δυνάμεις
1825 2214 1834 2223 ⁸

1044 2259 1116 2286 οὕτω
1136 2259 1190 2295 γὰρ
1213 2258 1341 2295 ρᾳδίως³⁶
1364 2258 1397 2285 ἂν
1421 2257 1611 2291 συναφθέντων
1635 2256 1666 2282 τὸ
1681 2254 1835 2289 Ῥωμαϊκὴν

1045 2304 1302 2340 καταϐληθήσεσθαι
1325 2304 1439 2339 κράτος.
1449 2303 1478 2329 '0
1490 2303 1518 2330 δὲ
1532 2302 1702 2337 Μιθριδάτης
1718 2302 1835 2335 ἀπόκρι-

1045 2359 1087 2378 σιν
1110 2349 1219 2376 δίδωσιν
1241 2348 1344 2382 ἀξειν³⁷
1365 2348 1415 2380 τὰς
1438 2348 1566 2383 δυνάμεις
1587 2347 1628 2378 εἰς
1644 2345 1834 2381 τὴνἸταλίαν,

1043 2395 1153 2423 ἐπειδὰν
1167 2395 1243 2430 αὐτῷ
1259 2395 1418 2429 καταστήσῃ
1433 2393 1483 2428 τὴν
1494 2393 1603 2419 Ἀσίανσ
1618 2392 1698 2418 τοῦτο
1715 2391 1770 2425 γὰρ
1789 2390 1835 2417 καί
1867 2399 1872 2405 ι

1042 2442 1172 2478 ἔπραττε.
1189 2442 1233 2469 Διὸ
1250 2443 1388 2472 παντελῶς
1402 2443 1424 2467 οἰ
1441 2438 1835 2482 ὰποβδάεθέτῃταπεινωμένοι

1042 2487 1248 2522 ἀπεγίνωσκον
1265 2488 1353 2513 λοιποὶ
1371 2487 1423 2522 γὰρ
1447 2479 1728 2529 ύςῇάρνίξεένιτῶν
1749 2484 1834 2516 ὀλίγοι

1043 2536 1091 2560 καὶ
1106 2533 1234 2560 Σάσελλοι
1250 2534 1432 2568 διατρίεοντες
1457 2534 1486 2559 ἐν
1495 2530 1704 2568 ᾕῌρλᾳῄκαὶ
1721 2530 1788 2565 πρός
1802 2537 1834 2562 γε

1043 2536 1091 2560 καὶ
1106 2533 1234 2560 Σάσελλοι
1250 2534 1432 2568 διατρίϐοντες
1457 2534 1486 2559 ἐν
1553 2533 1704 2568 ,Μαίριώ
1721 2533 1788 2565 πρός
1802 2537 1831 2562 γε

1042 2578 1148 2610 τούτοις
1171 2579 1195 2605 οἰ
1218 2580 1282 2614 περί
1309 2533 1707 2660 Λαμπώνιοεδλῇὶητίτιον,
1725 2577 1831 2611 ἔχοντες

1045 2625 1160 2660 λείψανα
1172 2625 1225 2652 τῶν
1238 2626 1394 2653 Λευκανῶν,
1411 2626 1455 2652 Διὸ
1469 2620 1506 2652 κα
1521 2627 1523 2630 ’
1577 2617 1767 2659 ἀῡιΜαρσικοῦ
1786 2630 1831 2648 πο-

1045 2625 1160 2660 λείψανα
1172 2625 1225 2652 τῶν
1238 2626 1394 2653 Λευκανῶν.
1411 2626 1455 2652 Διὸ
1469 2622 1767 2660 καζᾝξρῡΜαρο-ικοῦ
1786 2630 1835 2648 πο-

847 2696 964 2724 ινΑιιιΑι
977 2697 1179 2725 LECTIONES.

237 2753 261 2769 "
271 2753 454 2786 ὀνομάσαντες
470 2762 500 2785 ς.
521 2753 544 2770 ’⁸
560 2753 646 2784 Σύλας
662 2753 693 2780 Δ.
713 2754 735 2769 ’⁵
752 2754 828 2787 ἐπιφ.
843 2756 901 2784 ταῖς
916 2753 1017 2788 μάχαις
1032 2762 1061 2785 ς.
1082 2753 1105 2769 ’⁸
1121 2752 1183 2814 καὶ]
1194 2762 1243 2780 ουκ
1259 2762 1289 2780 Α.
1321 2756 1342 2770 ⁸⁸⁷
1357 2755 1491 2781 κοσκινῖου
1508 2764 1537 2787 ς.
1566 2755 1587 2770 ’³
1601 2755 1690 2780 ἐλαττ.
1707 2753 1729 2778 εἰ
1746 2752 1791 2778 καί
1804 2760 1833 2783 ς.

243 2789 339 2814 καινήν
354 2797 384 2814 σ.
449 2788 471 2804 ³⁸
484 2788 684 2814 καθιδρύθησαν
699 2788 718 2814 Β
732 2797 738 2814 :
755 2788 918 2814 καθίδρυσαν
933 2797 962 2814 ς.
1031 2790 1051 2808 ³*
1069 2789 1160 2814 ύπαον
1177 2797 1245 2814 ντων
1262 2799 1289 2814 μ.
1353 2793 1373 2807 λλ
1393 2791 1495 2814 ιιυοξωυ
1512 2793 1542 2814 ,-\.
1595 2790 1618 2808 ³³
1634 2789 1715 2814 οὖσαν
1731 2796 1786 2814 om.
1800 2789 1833 2812 Α.

203 2789 226 2806 ὀ
243 2789 339 2822 καινήν
354 2797 384 2821 ς.

449 2788 471 2804 ³⁸
484 2788 684 2824 καθιδρύθησαν
699 2788 738 2824 B_:
755 2788 918 2824 καθίδρυσαν
933 2797 962 2820 ς.

205 2822 226 2841 ³³
239 2822 354 2857 ἔχουσαν
366 2824 387 2851 Α
399 2832 405 2850 :
417 2822 570 2858 ἀνέχουσαν
579 2833 610 2856 ς.

1031 2790 1051 2808 ³*
1069 2789 1161 2822 ύπαρχ

664 2824 686 2841 ³⁵
703 2821 775 2850 εἷλον
791 2832 821 2855 ς.
836 2821 840 2823 ’
859 2823 882 2839 ³’δ
896 2823 985 2858 ῥᾴδιον
1001 2832 1030 2855 ς.

1595 2790 1618 2808 ³³
1634 2789 1715 2816 οὖσαν
1731 2796 1786 2814 oni.
1800 2789 1834 2812 Α.

1428 2825 1451 2842 ³⁸
1468 2827 1515 2853 καί
1537 2826 1597 2853 add.
1614 2825 1638 2851 Α

1177 2797 1245 2826 ντων
1262 2799 1289 2826 ς.
1353 2793 1373 2807 ³³
1392 2791 1495 2826 {topici-1
1511 2793 1542 2817 .-\.

1086 2824 1106 2840 ”
1118 2824 1192 2856 ἄξειν
1209 2824 1247 2851 A:
1267 2824 1337 2858 ἕξειν
1351 2834 1381 2857 ς.
