  <div class='ocr_page' id='page_1' title='image "/cluster/home/n/w/nwhite01/storage/ocr_20150623/103 pt.3/mdp.39015061933738/734.png"; bbox 0 0 2006 3118; ppageno 0'>
   <div class='ocr_carea' id='block_1_1' title="bbox 185 114 255 148">
    <p class='ocr_par' dir='ltr' id='par_1_1' title="bbox 185 114 255 148">
     <span class='ocr_line' id='line_1_1' title="bbox 185 114 255 148; baseline 0.014 -1"><span class='ocrx_word' id='word_1_1' title='bbox 185 114 255 148; x_wconf 63' lang='lat' dir='ltr'><strong>1H3</strong></span> 
     </span>
    </p>
   </div>
   <div class='ocr_carea' id='block_1_2' title="bbox 709 120 1266 152">
    <p class='ocr_par' dir='ltr' id='par_1_2' title="bbox 709 120 1266 152">
     <span class='ocr_line' id='line_1_2' title="bbox 709 120 1266 152; baseline 0.004 -2"><span class='ocrx_word' id='word_1_2' title='bbox 709 120 968 151; x_wconf 78' lang='lat' dir='ltr'><strong>BBiLIOTHECA.</strong></span> <span class='ocrx_word' id='word_1_3' title='bbox 983 134 1017 139; x_wconf 82' lang='grc'><strong>-</strong></span> <span class='ocrx_word' id='word_1_4' title='bbox 1032 123 1114 152; x_wconf 90' lang='lat' dir='ltr'><strong>COD.</strong></span> <span class='ocrx_word' id='word_1_5' title='bbox 1132 122 1266 152; x_wconf 73' lang='lat' dir='ltr'><strong>CCXLlV</strong></span> 
     </span>
    </p>
   </div>
   <div class='ocr_carea' id='block_1_3' title="bbox 1748 122 1818 157">
    <p class='ocr_par' dir='ltr' id='par_1_3' title="bbox 1748 122 1818 157">
     <span class='ocr_line' id='line_1_3' title="bbox 1748 122 1818 157; baseline 0.057 -4"><span class='ocrx_word' id='word_1_6' title='bbox 1748 122 1759 153; x_wconf 79' lang='grc' dir='ltr'><strong>ί</strong></span> <span class='ocrx_word' id='word_1_7' title='bbox 1765 122 1818 157; x_wconf 69' lang='grc'><strong>434</strong></span> 
     </span>
    </p>
   </div>
   <div class='ocr_carea' id='block_1_4' title="bbox 183 175 973 216">
    <p class='ocr_par' dir='ltr' id='par_1_4' title="bbox 183 175 971 215">
     <span class='ocr_line' id='line_1_4' title="bbox 183 175 971 215; baseline 0.005 -13"><span class='ocrx_word' id='word_1_8' title='bbox 183 176 268 210; x_wconf 81' lang='grc' dir='ltr'><strong>λέμου</strong></span> <span class='ocrx_word' id='word_1_9' title='bbox 283 175 377 210; x_wconf 79' lang='grc' dir='ltr'><strong>σχεδὸν</strong></span> <span class='ocrx_word' id='word_1_10' title='bbox 397 176 448 212; x_wconf 77' lang='grc' dir='ltr'><strong>ἥδη</strong></span> <span class='ocrx_word' id='word_1_11' title='bbox 473 176 647 213; x_wconf 79' lang='grc' dir='ltr'><strong>διαλυομένου</strong></span> <span class='ocrx_word' id='word_1_12' title='bbox 666 178 745 205; x_wconf 87' lang='grc' dir='ltr'><strong>πάλιν</strong></span> <span class='ocrx_word' id='word_1_13' title='bbox 758 180 786 206; x_wconf 88' lang='grc' dir='ltr'><strong>αἱ</strong></span> <span class='ocrx_word' id='word_1_14' title='bbox 802 185 971 215; x_wconf 85' lang='grc' dir='ltr'><strong>προγεγενη-</strong></span> 
     </span>
    </p>
   </div>
   <div class='ocr_carea' id='block_1_5' title="bbox 1025 175 1815 216">
    <p class='ocr_par' dir='ltr' id='par_1_5' title="bbox 1025 180 1815 216">
     <span class='ocr_line' id='line_1_5' title="bbox 1025 180 1815 216; baseline 0.004 -9"><span class='ocrx_word' id='word_1_15' title='bbox 1025 185 1064 207; x_wconf 90' lang='lat' dir='ltr'><strong>ter</strong></span> <span class='ocrx_word' id='word_1_16' title='bbox 1089 188 1118 207; x_wconf 88' lang='lat' dir='ltr'><strong>se</strong></span> <span class='ocrx_word' id='word_1_17' title='bbox 1144 180 1344 211; x_wconf 76' lang='lat' dir='ltr'><strong>contendebant</strong></span> <span class='ocrx_word' id='word_1_18' title='bbox 1367 184 1394 208; x_wconf 89' lang='lat' dir='ltr'><strong>et</strong></span> <span class='ocrx_word' id='word_1_19' title='bbox 1425 180 1511 215; x_wconf 83' lang='lat' dir='ltr'><strong>plebis</strong></span> <span class='ocrx_word' id='word_1_20' title='bbox 1530 188 1592 216; x_wconf 87' lang='lat' dir='ltr'><strong>pars</strong></span> <span class='ocrx_word' id='word_1_21' title='bbox 1621 180 1707 209; x_wconf 86' lang='lat' dir='ltr'><strong>altera</strong></span> <span class='ocrx_word' id='word_1_22' title='bbox 1737 182 1815 210; x_wconf 86' lang='lat' dir='ltr'><strong>alteri</strong></span> 
     </span>
    </p>
   </div>
   <div class='ocr_carea' id='block_1_6' title="bbox 185 221 975 261">
    <p class='ocr_par' dir='ltr' id='par_1_6' title="bbox 185 221 975 261">
     <span class='ocr_line' id='line_1_6' title="bbox 185 221 975 261; baseline 0.005 -14"><span class='ocrx_word' id='word_1_23' title='bbox 185 221 266 255; x_wconf 77' lang='grc' dir='ltr'><strong>μέναι</strong></span> <span class='ocrx_word' id='word_1_24' title='bbox 292 221 401 253; x_wconf 80' lang='grc' dir='ltr'><strong>στάσεις</strong></span> <span class='ocrx_word' id='word_1_25' title='bbox 425 221 554 256; x_wconf 74' lang='grc' dir='ltr'><strong>ἐμφύλιοι</strong></span> <span class='ocrx_word' id='word_1_26' title='bbox 574 224 645 250; x_wconf 73' lang='grc' dir='ltr'><strong>κατὰ</strong></span> <span class='ocrx_word' id='word_1_27' title='bbox 658 224 708 259; x_wconf 83' lang='grc' dir='ltr'><strong>τὴν</strong></span> <span class='ocrx_word' id='word_1_28' title='bbox 726 224 837 259; x_wconf 86' lang='grc' dir='ltr'><strong>Ῥώμην</strong></span> <span class='ocrx_word' id='word_1_29' title='bbox 851 225 975 261; x_wconf 79' lang='grc' dir='ltr'><strong>κινήσεις</strong></span> 
     </span>
    </p>
   </div>
   <div class='ocr_carea' id='block_1_7' title="bbox 183 265 975 306">
    <p class='ocr_par' dir='ltr' id='par_1_7' title="bbox 183 265 975 306">
     <span class='ocr_line' id='line_1_7' title="bbox 183 265 975 306; baseline 0.009 -15"><span class='ocrx_word' id='word_1_30' title='bbox 183 265 347 301; x_wconf 81' lang='grc' dir='ltr'><strong>ἐλάμϐανον,</strong></span> <span class='ocrx_word' id='word_1_31' title='bbox 360 268 592 303; x_wconf 80' lang='grc' dir='ltr'><strong>ἀντιποιουμένων</strong></span> <span class='ocrx_word' id='word_1_32' title='bbox 603 269 708 296; x_wconf 84' lang='grc' dir='ltr'><strong>πολλῶν</strong></span> <span class='ocrx_word' id='word_1_33' title='bbox 719 270 831 303; x_wconf 74' lang='grc' dir='ltr'><strong>ἐνδόξων</strong></span> <span class='ocrx_word' id='word_1_34' title='bbox 841 270 872 297; x_wconf 78' lang='grc' dir='ltr'><strong>τὸ</strong></span> <span class='ocrx_word' id='word_1_35' title='bbox 883 272 975 306; x_wconf 82' lang='grc' dir='ltr'><strong>τυχεῖν</strong></span> 
     </span>
    </p>
   </div>
   <div class='ocr_carea' id='block_1_8' title="bbox 181 311 975 350">
    <p class='ocr_par' dir='ltr' id='par_1_8' title="bbox 181 311 975 350">
     <span class='ocr_line' id='line_1_8' title="bbox 181 311 975 350; baseline 0.008 -13"><span class='ocrx_word' id='word_1_36' title='bbox 181 311 232 345; x_wconf 83' lang='grc' dir='ltr'><strong>τῆς</strong></span> <span class='ocrx_word' id='word_1_37' title='bbox 248 311 318 338; x_wconf 80' lang='grc' dir='ltr'><strong>κατὰ</strong></span> <span class='ocrx_word' id='word_1_38' title='bbox 330 312 498 347; x_wconf 74' lang='grc' dir='ltr'><strong>Μιθριδάτου</strong></span> <span class='ocrx_word' id='word_1_39' title='bbox 515 314 681 348; x_wconf 81' lang='grc' dir='ltr'><strong>στρατηγίας</strong></span> <span class='ocrx_word' id='word_1_40' title='bbox 691 315 735 342; x_wconf 87' lang='grc' dir='ltr'><strong>διὰ</strong></span> <span class='ocrx_word' id='word_1_41' title='bbox 748 316 778 342; x_wconf 77' lang='grc' dir='ltr'><strong>τὸ</strong></span> <span class='ocrx_word' id='word_1_42' title='bbox 794 316 909 350; x_wconf 87' lang='grc' dir='ltr'><strong>μέγεθος</strong></span> <span class='ocrx_word' id='word_1_43' title='bbox 918 316 975 343; x_wconf 85' lang='grc' dir='ltr'><strong>τῶν</strong></span> 
     </span>
    </p>
   </div>
   <div class='ocr_carea' id='block_1_9' title="bbox 184 359 975 398">
    <p class='ocr_par' dir='ltr' id='par_1_9' title="bbox 184 359 975 398">
     <span class='ocr_line' id='line_1_9' title="bbox 184 359 975 398; baseline 0.006 -14"><span class='ocrx_word' id='word_1_44' title='bbox 184 359 309 386; x_wconf 79' lang='grc' dir='ltr'><strong>ἐπάθλων</strong></span> <span class='ocrx_word' id='word_1_45' title='bbox 318 368 325 375; x_wconf 92' lang='grc'><strong>·</strong></span> <span class='ocrx_word' id='word_1_46' title='bbox 342 360 422 392; x_wconf 80' lang='grc' dir='ltr'><strong>Γάϊός</strong></span> <span class='ocrx_word' id='word_1_47' title='bbox 432 369 462 387; x_wconf 89' lang='grc' dir='ltr'><strong>τε</strong></span> <span class='ocrx_word' id='word_1_48' title='bbox 476 361 530 396; x_wconf 83' lang='grc' dir='ltr'><strong>γὰρ</strong></span> <span class='ocrx_word' id='word_1_49' title='bbox 543 361 651 393; x_wconf 84' lang='grc' dir='ltr'><strong>Ἰούλιος</strong></span> <span class='ocrx_word' id='word_1_50' title='bbox 674 362 720 389; x_wconf 72' lang='grc' dir='ltr'><strong>καὶ</strong></span> <span class='ocrx_word' id='word_1_51' title='bbox 741 362 822 394; x_wconf 82' lang='grc' dir='ltr'><strong>Γάϊος</strong></span> <span class='ocrx_word' id='word_1_52' title='bbox 833 363 948 398; x_wconf 80' lang='grc' dir='ltr'><strong>ιΜάριος</strong></span> <span class='ocrx_word' id='word_1_53' title='bbox 960 363 975 389; x_wconf 83' lang='grc' dir='ltr'><strong>δ</strong></span> 
     </span>
    </p>
   </div>
   <div class='ocr_carea' id='block_1_10' title="bbox 183 404 974 444">
    <p class='ocr_par' dir='ltr' id='par_1_10' title="bbox 183 404 974 444">
     <span class='ocr_line' id='line_1_10' title="bbox 183 404 974 444; baseline 0.006 -14"><span class='ocrx_word' id='word_1_54' title='bbox 183 404 277 437; x_wconf 76' lang='grc' dir='ltr'><strong>ἑξάκις</strong></span> <span class='ocrx_word' id='word_1_55' title='bbox 294 405 447 438; x_wconf 79' lang='grc' dir='ltr'><strong>ὑπατεύσας</strong></span> <span class='ocrx_word' id='word_1_56' title='bbox 464 407 707 441; x_wconf 78' lang='grc' dir='ltr'><strong>ἀντεφιλοκείνουν,</strong></span> <span class='ocrx_word' id='word_1_57' title='bbox 723 409 770 435; x_wconf 73' lang='grc' dir='ltr'><strong>καὶ</strong></span> <span class='ocrx_word' id='word_1_58' title='bbox 784 408 815 434; x_wconf 83' lang='grc' dir='ltr'><strong>τὸ</strong></span> <span class='ocrx_word' id='word_1_59' title='bbox 828 408 928 443; x_wconf 85' lang='grc' dir='ltr'><strong>πλῆθος</strong></span> <span class='ocrx_word' id='word_1_60' title='bbox 939 406 974 444; x_wconf 85' lang='grc' dir='ltr'><strong>ἦν</strong></span> 
     </span>
    </p>
   </div>
   <div class='ocr_carea' id='block_1_11' title="bbox 183 450 975 489">
    <p class='ocr_par' dir='ltr' id='par_1_11' title="bbox 183 450 975 489">
     <span class='ocr_line' id='line_1_11' title="bbox 183 450 975 489; baseline 0.005 -13"><span class='ocrx_word' id='word_1_61' title='bbox 183 450 326 486; x_wconf 80' lang='grc' dir='ltr'><strong>ἑκατέροις</strong></span> <span class='ocrx_word' id='word_1_62' title='bbox 342 452 580 487; x_wconf 79' lang='grc' dir='ltr'><strong>συμμεριζόμενον</strong></span> <span class='ocrx_word' id='word_1_63' title='bbox 594 454 654 484; x_wconf 82' lang='grc' dir='ltr'><strong>ταῖς</strong></span> <span class='ocrx_word' id='word_1_64' title='bbox 668 452 801 488; x_wconf 81' lang='grc' dir='ltr'><strong>γνώμαις.</strong></span> <span class='ocrx_word' id='word_1_65' title='bbox 816 454 975 489; x_wconf 85' lang='grc' dir='ltr'><strong>Συνέϐησαν</strong></span> 
     </span>
    </p>
   </div>
   <div class='ocr_carea' id='block_1_12' title="bbox 183 494 974 532">
    <p class='ocr_par' dir='ltr' id='par_1_12' title="bbox 183 494 974 532">
     <span class='ocr_line' id='line_1_12' title="bbox 183 494 974 532; baseline 0.006 -11"><span class='ocrx_word' id='word_1_66' title='bbox 183 494 212 521; x_wconf 86' lang='grc' dir='ltr'><strong>δέ</strong></span> <span class='ocrx_word' id='word_1_67' title='bbox 227 496 275 522; x_wconf 77' lang='grc' dir='ltr'><strong>καὶ</strong></span> <span class='ocrx_word' id='word_1_68' title='bbox 292 496 384 531; x_wconf 84' lang='grc' dir='ltr'><strong>ἐτεραι</strong></span> <span class='ocrx_word' id='word_1_69' title='bbox 400 497 527 532; x_wconf 88' lang='grc' dir='ltr'><strong>ταραχαί.</strong></span> <span class='ocrx_word' id='word_1_70' title='bbox 537 497 567 524; x_wconf 92' lang='lat'><strong>&#39;0</strong></span> <span class='ocrx_word' id='word_1_71' title='bbox 583 498 675 532; x_wconf 86' lang='grc' dir='ltr'><strong>μέντοι</strong></span> <span class='ocrx_word' id='word_1_72' title='bbox 690 498 793 531; x_wconf 83' lang='grc' dir='ltr'><strong>Σύλλας</strong></span> <span class='ocrx_word' id='word_1_73' title='bbox 811 498 913 530; x_wconf 78' lang='grc' dir='ltr'><strong>ὕπατος</strong></span> <span class='ocrx_word' id='word_1_74' title='bbox 925 499 974 532; x_wconf 84' lang='grc' dir='ltr'><strong>ὢν,</strong></span> 
     </span>
    </p>
   </div>
   <div class='ocr_carea' id='block_1_13' title="bbox 182 542 975 580">
    <p class='ocr_par' dir='ltr' id='par_1_13' title="bbox 182 542 975 580">
     <span class='ocr_line' id='line_1_13' title="bbox 182 542 975 580; baseline 0.005 -12"><span class='ocrx_word' id='word_1_75' title='bbox 182 542 327 577; x_wconf 74' lang='grc' dir='ltr'><strong>χωρισθεὶς</strong></span> <span class='ocrx_word' id='word_1_76' title='bbox 341 543 392 577; x_wconf 82' lang='grc' dir='ltr'><strong>τῆς</strong></span> <span class='ocrx_word' id='word_1_77' title='bbox 407 543 528 578; x_wconf 85' lang='grc' dir='ltr'><strong>Ῥώμης,</strong></span> <span class='ocrx_word' id='word_1_78' title='bbox 543 544 613 579; x_wconf 85' lang='grc' dir='ltr'><strong>πρὸς</strong></span> <span class='ocrx_word' id='word_1_79' title='bbox 626 544 675 576; x_wconf 78' lang='grc' dir='ltr'><strong>τὰς</strong></span> <span class='ocrx_word' id='word_1_80' title='bbox 689 544 754 580; x_wconf 76' lang='grc' dir='ltr'><strong>περὶ</strong></span> <span class='ocrx_word' id='word_1_81' title='bbox 769 545 867 572; x_wconf 86' lang='grc' dir='ltr'><strong>Νῶλαν</strong></span> <span class='ocrx_word' id='word_1_82' title='bbox 880 545 912 580; x_wconf 79' lang='grc' dir='ltr'><strong>ὴθ</strong></span> <span class='ocrx_word' id='word_1_83' title='bbox 918 553 975 580; x_wconf 83' lang='grc' dir='ltr'><strong>ροι-</strong></span> 
     </span>
    </p>
   </div>
   <div class='ocr_carea' id='block_1_14' title="bbox 182 589 974 627">
    <p class='ocr_par' dir='ltr' id='par_1_14' title="bbox 182 589 974 627">
     <span class='ocr_line' id='line_1_14' title="bbox 182 589 974 627; baseline 0.003 -12"><span class='ocrx_word' id='word_1_84' title='bbox 182 589 285 623; x_wconf 88' lang='grc' dir='ltr'><strong>σμένας</strong></span> <span class='ocrx_word' id='word_1_85' title='bbox 299 590 465 624; x_wconf 82' lang='grc' dir='ltr'><strong>παρεγένετο</strong></span> <span class='ocrx_word' id='word_1_86' title='bbox 482 589 613 626; x_wconf 86' lang='grc' dir='ltr'><strong>δυνάμεις</strong></span> <span class='ocrx_word' id='word_1_87' title='bbox 624 609 633 624; x_wconf 93' lang='grc'><strong>,</strong></span> <span class='ocrx_word' id='word_1_88' title='bbox 647 591 695 618; x_wconf 74' lang='grc' dir='ltr'><strong>καὶ</strong></span> <span class='ocrx_word' id='word_1_89' title='bbox 709 591 824 622; x_wconf 81' lang='grc' dir='ltr'><strong>πολλοὺς</strong></span> <span class='ocrx_word' id='word_1_90' title='bbox 837 591 891 618; x_wconf 85' lang='grc' dir='ltr'><strong>τῶν</strong></span> <span class='ocrx_word' id='word_1_91' title='bbox 904 591 974 627; x_wconf 87' lang='grc' dir='ltr'><strong>πλη-</strong></span> 
     </span>
    </p>
   </div>
   <div class='ocr_carea' id='block_1_15' title="bbox 183 635 975 673">
    <p class='ocr_par' dir='ltr' id='par_1_15' title="bbox 183 635 975 673">
     <span class='ocr_line' id='line_1_15' title="bbox 183 635 975 673; baseline 0.005 -13"><span class='ocrx_word' id='word_1_92' title='bbox 183 635 351 670; x_wconf 77' lang='grc' dir='ltr'><strong>σιοχώρων³⁵</strong></span> <span class='ocrx_word' id='word_1_93' title='bbox 375 636 622 673; x_wconf 77' lang='grc' dir='ltr'><strong>καταπληξάμενος</strong></span> <span class='ocrx_word' id='word_1_94' title='bbox 645 637 786 672; x_wconf 77' lang='grc' dir='ltr'><strong>ἠνάγκασε</strong></span> <span class='ocrx_word' id='word_1_95' title='bbox 805 637 975 673; x_wconf 82' lang='grc' dir='ltr'><strong>παραδοῦναι</strong></span> 
     </span>
    </p>
   </div>
   <div class='ocr_carea' id='block_1_16' title="bbox 182 682 974 718">
    <p class='ocr_par' dir='ltr' id='par_1_16' title="bbox 182 682 974 718">
     <span class='ocr_line' id='line_1_16' title="bbox 182 682 974 718; baseline 0.004 -11"><span class='ocrx_word' id='word_1_96' title='bbox 182 682 252 715; x_wconf 81' lang='grc' dir='ltr'><strong>σφᾶς</strong></span> <span class='ocrx_word' id='word_1_97' title='bbox 265 682 363 714; x_wconf 83' lang='grc' dir='ltr'><strong>αὐτοὺς</strong></span> <span class='ocrx_word' id='word_1_98' title='bbox 379 683 426 709; x_wconf 82' lang='grc' dir='ltr'><strong>καὶ</strong></span> <span class='ocrx_word' id='word_1_99' title='bbox 441 683 491 716; x_wconf 79' lang='grc' dir='ltr'><strong>τὰς</strong></span> <span class='ocrx_word' id='word_1_100' title='bbox 512 684 614 715; x_wconf 79' lang='grc' dir='ltr'><strong>πόλεις.</strong></span> <span class='ocrx_word' id='word_1_101' title='bbox 632 683 686 710; x_wconf 81' lang='grc' dir='ltr'><strong>Τοῦ</strong></span> <span class='ocrx_word' id='word_1_102' title='bbox 698 683 726 711; x_wconf 79' lang='grc' dir='ltr'><strong>δὲ</strong></span> <span class='ocrx_word' id='word_1_103' title='bbox 739 683 828 710; x_wconf 87' lang='grc' dir='ltr'><strong>Σύλλα</strong></span> <span class='ocrx_word' id='word_1_104' title='bbox 840 684 974 718; x_wconf 90' lang='grc' dir='ltr'><strong>στρατεύ-</strong></span> 
     </span>
    </p>
   </div>
   <div class='ocr_carea' id='block_1_17' title="bbox 182 727 975 764">
    <p class='ocr_par' dir='ltr' id='par_1_17' title="bbox 182 727 975 764">
     <span class='ocr_line' id='line_1_17' title="bbox 182 727 975 764; baseline 0.004 -12"><span class='ocrx_word' id='word_1_105' title='bbox 182 733 279 758; x_wconf 88' lang='grc' dir='ltr'><strong>σαντος</strong></span> <span class='ocrx_word' id='word_1_106' title='bbox 302 727 352 762; x_wconf 85' lang='grc' dir='ltr'><strong>μὲν</strong></span> <span class='ocrx_word' id='word_1_107' title='bbox 369 727 414 754; x_wconf 74' lang='grc' dir='ltr'><strong>ἐπὶ</strong></span> <span class='ocrx_word' id='word_1_108' title='bbox 430 729 479 763; x_wconf 83' lang='grc' dir='ltr'><strong>τὴν</strong></span> <span class='ocrx_word' id='word_1_109' title='bbox 491 728 583 756; x_wconf 79' lang='grc' dir='ltr'><strong>Ἀσίαν</strong></span> <span class='ocrx_word' id='word_1_110' title='bbox 599 729 670 756; x_wconf 84' lang='grc' dir='ltr'><strong>κατὰ</strong></span> <span class='ocrx_word' id='word_1_111' title='bbox 684 728 865 764; x_wconf 85' lang='grc' dir='ltr'><strong>Μιθριδάτου.</strong></span> <span class='ocrx_word' id='word_1_112' title='bbox 879 729 929 763; x_wconf 86' lang='grc' dir='ltr'><strong>τῆς</strong></span> <span class='ocrx_word' id='word_1_113' title='bbox 946 729 975 755; x_wconf 74' lang='grc' dir='ltr'><strong>δὲ</strong></span> 
     </span>
    </p>
   </div>
   <div class='ocr_carea' id='block_1_18' title="bbox 187 771 975 810">
    <p class='ocr_par' dir='ltr' id='par_1_18' title="bbox 187 771 975 810">
     <span class='ocr_line' id='line_1_18' title="bbox 187 771 975 810; baseline 0.004 -12"><span class='ocrx_word' id='word_1_114' title='bbox 187 771 297 808; x_wconf 84' lang='grc' dir='ltr'><strong>Ῥώμης</strong></span> <span class='ocrx_word' id='word_1_115' title='bbox 311 774 443 808; x_wconf 81' lang='grc' dir='ltr'><strong>μεγάλαις</strong></span> <span class='ocrx_word' id='word_1_116' title='bbox 458 776 591 810; x_wconf 84' lang='grc' dir='ltr'><strong>ταραχαῖς</strong></span> <span class='ocrx_word' id='word_1_117' title='bbox 607 775 654 802; x_wconf 86' lang='grc' dir='ltr'><strong>καὶ</strong></span> <span class='ocrx_word' id='word_1_118' title='bbox 666 775 757 810; x_wconf 81' lang='grc' dir='ltr'><strong>φόνοις</strong></span> <span class='ocrx_word' id='word_1_119' title='bbox 771 774 913 810; x_wconf 78' lang='grc' dir='ltr'><strong>ἐμφυλίοις</strong></span> <span class='ocrx_word' id='word_1_120' title='bbox 926 783 975 801; x_wconf 79' lang='grc' dir='ltr'><strong>πε-</strong></span> 
     </span>
    </p>
   </div>
   <div class='ocr_carea' id='block_1_19' title="bbox 183 819 974 856">
    <p class='ocr_par' dir='ltr' id='par_1_19' title="bbox 183 819 974 856">
     <span class='ocr_line' id='line_1_19' title="bbox 183 819 974 856; baseline 0.004 -12"><span class='ocrx_word' id='word_1_121' title='bbox 183 819 359 854; x_wconf 86' lang='grc' dir='ltr'><strong>ρισπωμένης</strong></span> <span class='ocrx_word' id='word_1_122' title='bbox 370 840 378 852; x_wconf 95' lang='lat'><strong>,</strong></span> <span class='ocrx_word' id='word_1_123' title='bbox 393 820 506 855; x_wconf 85' lang='grc' dir='ltr'><strong>Μάρκος</strong></span> <span class='ocrx_word' id='word_1_124' title='bbox 517 820 650 852; x_wconf 81' lang='grc' dir='ltr'><strong>Ἀπώνιος</strong></span> <span class='ocrx_word' id='word_1_125' title='bbox 664 822 711 847; x_wconf 79' lang='grc' dir='ltr'><strong>καὶ</strong></span> <span class='ocrx_word' id='word_1_126' title='bbox 725 820 851 856; x_wconf 87' lang='grc' dir='ltr'><strong>Τιϐέριος</strong></span> <span class='ocrx_word' id='word_1_127' title='bbox 870 820 974 847; x_wconf 78' lang='grc' dir='ltr'><strong>Κλεπί-</strong></span> 
     </span>
    </p>
   </div>
   <div class='ocr_carea' id='block_1_20' title="bbox 1025 226 1817 264">
    <p class='ocr_par' dir='ltr' id='par_1_20' title="bbox 1025 226 1817 264">
     <span class='ocr_line' id='line_1_20' title="bbox 1025 226 1817 264; baseline 0.001 -10"><span class='ocrx_word' id='word_1_128' title='bbox 1025 226 1233 262; x_wconf 81' lang='lat' dir='ltr'><strong>suﬁ‘ragabatur.</strong></span> <span class='ocrx_word' id='word_1_129' title='bbox 1254 226 1423 254; x_wconf 81' lang='lat' dir='ltr'><strong>Exstiterunt</strong></span> <span class='ocrx_word' id='word_1_130' title='bbox 1437 230 1465 254; x_wconf 85' lang='lat' dir='ltr'><strong>et</strong></span> <span class='ocrx_word' id='word_1_131' title='bbox 1483 227 1543 254; x_wconf 64' lang='lat' dir='ltr'><strong>alim</strong></span> <span class='ocrx_word' id='word_1_132' title='bbox 1560 228 1655 255; x_wconf 59' lang='lat' dir='ltr'><strong>turbat.</strong></span> <span class='ocrx_word' id='word_1_133' title='bbox 1668 226 1727 255; x_wconf 79' lang='lat' dir='ltr'><strong>Jam</strong></span> <span class='ocrx_word' id='word_1_134' title='bbox 1744 228 1817 264; x_wconf 82' lang='lat' dir='ltr'><strong>Sylla</strong></span> 
     </span>
    </p>
   </div>
   <div class='ocr_carea' id='block_1_21' title="bbox 1025 271 1816 308">
    <p class='ocr_par' dir='ltr' id='par_1_21' title="bbox 1025 271 1816 308">
     <span class='ocr_line' id='line_1_21' title="bbox 1025 271 1816 308; baseline 0.004 -10"><span class='ocrx_word' id='word_1_135' title='bbox 1025 271 1119 298; x_wconf 90' lang='lat' dir='ltr'><strong>consul</strong></span> <span class='ocrx_word' id='word_1_136' title='bbox 1139 272 1223 298; x_wconf 81' lang='lat' dir='ltr'><strong>Roma</strong></span> <span class='ocrx_word' id='word_1_137' title='bbox 1240 271 1387 306; x_wconf 82' lang='lat' dir='ltr'><strong>profectus,</strong></span> <span class='ocrx_word' id='word_1_138' title='bbox 1400 272 1433 298; x_wconf 81' lang='lat' dir='ltr'><strong>ad</strong></span> <span class='ocrx_word' id='word_1_139' title='bbox 1446 276 1626 308; x_wconf 73' lang='lat' dir='ltr'><strong>congregatas</strong></span> <span class='ocrx_word' id='word_1_140' title='bbox 1638 273 1709 308; x_wconf 89' lang='lat' dir='ltr'><strong>apud</strong></span> <span class='ocrx_word' id='word_1_141' title='bbox 1723 273 1816 301; x_wconf 84' lang='lat' dir='ltr'><strong>Nolam</strong></span> 
     </span>
    </p>
   </div>
   <div class='ocr_carea' id='block_1_22' title="bbox 1026 317 1817 353">
    <p class='ocr_par' dir='ltr' id='par_1_22' title="bbox 1026 317 1817 353">
     <span class='ocr_line' id='line_1_22' title="bbox 1026 317 1817 353; baseline 0.005 -10"><span class='ocrx_word' id='word_1_142' title='bbox 1026 317 1117 351; x_wconf 85' lang='lat' dir='ltr'><strong>copias</strong></span> <span class='ocrx_word' id='word_1_143' title='bbox 1142 319 1235 349; x_wconf 84' lang='lat' dir='ltr'><strong>venit,</strong></span> <span class='ocrx_word' id='word_1_144' title='bbox 1270 321 1298 344; x_wconf 89' lang='lat' dir='ltr'><strong>et</strong></span> <span class='ocrx_word' id='word_1_145' title='bbox 1323 317 1423 344; x_wconf 85' lang='lat' dir='ltr'><strong>mullos</strong></span> <span class='ocrx_word' id='word_1_146' title='bbox 1449 318 1626 345; x_wconf 87' lang='lat' dir='ltr'><strong>linitimornm</strong></span> <span class='ocrx_word' id='word_1_147' title='bbox 1656 320 1817 353; x_wconf 88' lang='lat' dir='ltr'><strong>perterritos</strong></span> 
     </span>
    </p>
   </div>
   <div class='ocr_carea' id='block_1_23' title="bbox 1026 363 1816 401">
    <p class='ocr_par' dir='ltr' id='par_1_23' title="bbox 1026 363 1816 401">
     <span class='ocr_line' id='line_1_23' title="bbox 1026 363 1816 401; baseline 0.001 -10"><span class='ocrx_word' id='word_1_148' title='bbox 1026 363 1275 398; x_wconf 76' lang='lat' dir='ltr'><strong>coegil,etseipsos</strong></span> <span class='ocrx_word' id='word_1_149' title='bbox 1291 369 1318 390; x_wconf 88' lang='lat' dir='ltr'><strong>et</strong></span> <span class='ocrx_word' id='word_1_150' title='bbox 1330 364 1412 391; x_wconf 80' lang='lat' dir='ltr'><strong>urbes</strong></span> <span class='ocrx_word' id='word_1_151' title='bbox 1426 364 1534 392; x_wconf 84' lang='lat' dir='ltr'><strong>dedere.</strong></span> <span class='ocrx_word' id='word_1_152' title='bbox 1553 364 1620 392; x_wconf 87' lang='lat' dir='ltr'><strong>Cum</strong></span> <span class='ocrx_word' id='word_1_153' title='bbox 1636 370 1726 392; x_wconf 90' lang='lat' dir='ltr'><strong>autem</strong></span> <span class='ocrx_word' id='word_1_154' title='bbox 1742 365 1816 401; x_wconf 90' lang='lat' dir='ltr'><strong>Sylla</strong></span> 
     </span>
    </p>
   </div>
   <div class='ocr_carea' id='block_1_24' title="bbox 1026 408 1816 444">
    <p class='ocr_par' dir='ltr' id='par_1_24' title="bbox 1026 408 1816 444">
     <span class='ocr_line' id='line_1_24' title="bbox 1026 408 1816 444; baseline 0.004 -10"><span class='ocrx_word' id='word_1_155' title='bbox 1026 408 1052 435; x_wconf 91' lang='lat' dir='ltr'><strong>in</strong></span> <span class='ocrx_word' id='word_1_156' title='bbox 1067 409 1158 435; x_wconf 82' lang='lat' dir='ltr'><strong>Asiam</strong></span> <span class='ocrx_word' id='word_1_157' title='bbox 1173 409 1301 436; x_wconf 87' lang='lat' dir='ltr'><strong>adversus</strong></span> <span class='ocrx_word' id='word_1_158' title='bbox 1323 409 1528 437; x_wconf 85' lang='lat' dir='ltr'><strong>Mithriditatem</strong></span> <span class='ocrx_word' id='word_1_159' title='bbox 1553 409 1692 444; x_wconf 84' lang='lat' dir='ltr'><strong>profectus</strong></span> <span class='ocrx_word' id='word_1_160' title='bbox 1709 410 1816 443; x_wconf 83' lang='lat' dir='ltr'><strong>fuisset,</strong></span> 
     </span>
    </p>
   </div>
   <div class='ocr_carea' id='block_1_25' title="bbox 1026 454 1817 488">
    <p class='ocr_par' dir='ltr' id='par_1_25' title="bbox 1026 454 1817 488">
     <span class='ocr_line' id='line_1_25' title="bbox 1026 454 1817 488; baseline 0.005 -9"><span class='ocrx_word' id='word_1_161' title='bbox 1026 458 1053 480; x_wconf 92' lang='lat' dir='ltr'><strong>et</strong></span> <span class='ocrx_word' id='word_1_162' title='bbox 1078 454 1161 481; x_wconf 78' lang='lat' dir='ltr'><strong>Roma</strong></span> <span class='ocrx_word' id='word_1_163' title='bbox 1187 455 1290 488; x_wconf 81' lang='lat' dir='ltr'><strong>magnis</strong></span> <span class='ocrx_word' id='word_1_164' title='bbox 1317 455 1477 482; x_wconf 80' lang='lat' dir='ltr'><strong>tumultibus</strong></span> <span class='ocrx_word' id='word_1_165' title='bbox 1507 460 1534 482; x_wconf 88' lang='lat' dir='ltr'><strong>et</strong></span> <span class='ocrx_word' id='word_1_166' title='bbox 1557 456 1683 483; x_wconf 83' lang='lat' dir='ltr'><strong>civilibus</strong></span> <span class='ocrx_word' id='word_1_167' title='bbox 1699 456 1817 483; x_wconf 73' lang='lat' dir='ltr'><strong>caedibus</strong></span> 
     </span>
    </p>
   </div>
   <div class='ocr_carea' id='block_1_26' title="bbox 1026 499 1816 535">
    <p class='ocr_par' dir='ltr' id='par_1_26' title="bbox 1026 499 1816 535">
     <span class='ocr_line' id='line_1_26' title="bbox 1026 499 1816 535; baseline 0.001 -10"><span class='ocrx_word' id='word_1_168' title='bbox 1026 499 1220 532; x_wconf 70' lang='lat' dir='ltr'><strong>destinaretur,</strong></span> <span class='ocrx_word' id='word_1_169' title='bbox 1237 499 1344 527; x_wconf 80' lang='lat' dir='ltr'><strong>Marcus</strong></span> <span class='ocrx_word' id='word_1_170' title='bbox 1362 499 1484 535; x_wconf 81' lang='lat' dir='ltr'><strong>Aponius</strong></span> <span class='ocrx_word' id='word_1_171' title='bbox 1499 505 1526 527; x_wconf 90' lang='lat' dir='ltr'><strong>et</strong></span> <span class='ocrx_word' id='word_1_172' title='bbox 1542 501 1668 528; x_wconf 85' lang='lat' dir='ltr'><strong>Tiberius</strong></span> <span class='ocrx_word' id='word_1_173' title='bbox 1683 500 1816 535; x_wconf 74' lang='lat' dir='ltr'><strong>Cleptius,</strong></span> 
     </span>
    </p>
   </div>
   <div class='ocr_carea' id='block_1_27' title="bbox 1026 542 1816 579">
    <p class='ocr_par' dir='ltr' id='par_1_27' title="bbox 1026 542 1816 579">
     <span class='ocr_line' id='line_1_27' title="bbox 1026 542 1816 579; baseline 0.004 -10"><span class='ocrx_word' id='word_1_174' title='bbox 1026 548 1155 577; x_wconf 69' lang='lat' dir='ltr'><strong>praeterea</strong></span> <span class='ocrx_word' id='word_1_175' title='bbox 1169 542 1324 578; x_wconf 83' lang='lat' dir='ltr'><strong>Pompeius,</strong></span> <span class='ocrx_word' id='word_1_176' title='bbox 1342 544 1506 579; x_wconf 83' lang='lat' dir='ltr'><strong>reliquorum</strong></span> <span class='ocrx_word' id='word_1_177' title='bbox 1522 545 1649 572; x_wconf 88' lang='lat' dir='ltr'><strong>Italorum</strong></span> <span class='ocrx_word' id='word_1_178' title='bbox 1676 545 1759 573; x_wconf 89' lang='lat' dir='ltr'><strong>duces</strong></span> <span class='ocrx_word' id='word_1_179' title='bbox 1789 547 1816 573; x_wconf 90' lang='lat' dir='ltr'><strong>in</strong></span> 
     </span>
    </p>
   </div>
   <div class='ocr_carea' id='block_1_28' title="bbox 1025 587 1816 624">
    <p class='ocr_par' dir='ltr' id='par_1_28' title="bbox 1025 587 1816 624">
     <span class='ocr_line' id='line_1_28' title="bbox 1025 587 1816 624; baseline 0.003 -9"><span class='ocrx_word' id='word_1_180' title='bbox 1025 587 1115 615; x_wconf 87' lang='lat' dir='ltr'><strong>Bretia</strong></span> <span class='ocrx_word' id='word_1_181' title='bbox 1134 587 1251 624; x_wconf 88' lang='lat' dir='ltr'><strong>[Brutia]</strong></span> <span class='ocrx_word' id='word_1_182' title='bbox 1270 588 1411 624; x_wconf 74' lang='lat' dir='ltr'><strong>degentes,</strong></span> <span class='ocrx_word' id='word_1_183' title='bbox 1427 589 1498 616; x_wconf 72' lang='lat' dir='ltr'><strong>Asiae</strong></span> <span class='ocrx_word' id='word_1_184' title='bbox 1512 590 1605 617; x_wconf 84' lang='lat' dir='ltr'><strong>urbem</strong></span> <span class='ocrx_word' id='word_1_185' title='bbox 1624 590 1742 617; x_wconf 86' lang='lat' dir='ltr'><strong>validam</strong></span> <span class='ocrx_word' id='word_1_186' title='bbox 1754 598 1816 617; x_wconf 91' lang='lat' dir='ltr'><strong>cum</strong></span> 
     </span>
    </p>
   </div>
   <div class='ocr_carea' id='block_1_29' title="bbox 1026 633 1816 670">
    <p class='ocr_par' dir='ltr' id='par_1_29' title="bbox 1026 633 1816 670">
     <span class='ocr_line' id='line_1_29' title="bbox 1026 633 1816 670; baseline 0.001 -9"><span class='ocrx_word' id='word_1_187' title='bbox 1026 634 1072 661; x_wconf 92' lang='lat' dir='ltr'><strong>diu</strong></span> <span class='ocrx_word' id='word_1_188' title='bbox 1089 633 1272 667; x_wconf 86' lang='lat' dir='ltr'><strong>obsedissent,</strong></span> <span class='ocrx_word' id='word_1_189' title='bbox 1295 642 1348 661; x_wconf 94' lang='lat' dir='ltr'><strong>non</strong></span> <span class='ocrx_word' id='word_1_190' title='bbox 1367 639 1514 669; x_wconf 84' lang='lat' dir='ltr'><strong>potuerunt</strong></span> <span class='ocrx_word' id='word_1_191' title='bbox 1529 642 1638 670; x_wconf 83' lang='lat' dir='ltr'><strong>capere,</strong></span> <span class='ocrx_word' id='word_1_192' title='bbox 1656 636 1703 662; x_wconf 86' lang='lat' dir='ltr'><strong>sed</strong></span> <span class='ocrx_word' id='word_1_193' title='bbox 1721 635 1816 662; x_wconf 88' lang='lat' dir='ltr'><strong>relicta</strong></span> 
     </span>
    </p>
   </div>
   <div class='ocr_carea' id='block_1_30' title="bbox 1026 679 1815 716">
    <p class='ocr_par' dir='ltr' id='par_1_30' title="bbox 1026 679 1815 716">
     <span class='ocr_line' id='line_1_30' title="bbox 1026 679 1815 716; baseline 0 -9"><span class='ocrx_word' id='word_1_194' title='bbox 1026 680 1053 707; x_wconf 89' lang='lat' dir='ltr'><strong>in</strong></span> <span class='ocrx_word' id='word_1_195' title='bbox 1069 679 1209 707; x_wconf 85' lang='lat' dir='ltr'><strong>obsidione</strong></span> <span class='ocrx_word' id='word_1_196' title='bbox 1222 684 1298 715; x_wconf 89' lang='lat' dir='ltr'><strong>parte</strong></span> <span class='ocrx_word' id='word_1_197' title='bbox 1312 681 1459 712; x_wconf 82' lang='lat' dir='ltr'><strong>exercitus,</strong></span> <span class='ocrx_word' id='word_1_198' title='bbox 1471 681 1574 715; x_wconf 90' lang='lat' dir='ltr'><strong>reliqua</strong></span> <span class='ocrx_word' id='word_1_199' title='bbox 1592 685 1668 715; x_wconf 87' lang='lat' dir='ltr'><strong>parte</strong></span> <span class='ocrx_word' id='word_1_200' title='bbox 1683 681 1815 716; x_wconf 77' lang='lat' dir='ltr'><strong>Rhegium</strong></span> 
     </span>
    </p>
   </div>
   <div class='ocr_carea' id='block_1_31' title="bbox 1025 726 1816 761">
    <p class='ocr_par' dir='ltr' id='par_1_31' title="bbox 1025 726 1816 761">
     <span class='ocr_line' id='line_1_31' title="bbox 1025 726 1816 761; baseline 0 -8"><span class='ocrx_word' id='word_1_201' title='bbox 1025 727 1126 753; x_wconf 83' lang='lat' dir='ltr'><strong>acriter</strong></span> <span class='ocrx_word' id='word_1_202' title='bbox 1144 726 1309 760; x_wconf 81' lang='lat' dir='ltr'><strong>obsidentes,</strong></span> <span class='ocrx_word' id='word_1_203' title='bbox 1327 732 1481 761; x_wconf 80' lang='lat' dir='ltr'><strong>sperantes.</strong></span> <span class='ocrx_word' id='word_1_204' title='bbox 1497 727 1521 754; x_wconf 91' lang='lat' dir='ltr'><strong>si</strong></span> <span class='ocrx_word' id='word_1_205' title='bbox 1540 727 1591 755; x_wconf 86' lang='lat' dir='ltr'><strong>hac</strong></span> <span class='ocrx_word' id='word_1_206' title='bbox 1606 728 1682 761; x_wconf 77' lang='lat' dir='ltr'><strong>potiti</strong></span> <span class='ocrx_word' id='word_1_207' title='bbox 1705 726 1816 760; x_wconf 77' lang='lat' dir='ltr'><strong>fuerint,</strong></span> 
     </span>
    </p>
   </div>
   <div class='ocr_carea' id='block_1_32' title="bbox 1025 771 1817 808">
    <p class='ocr_par' dir='ltr' id='par_1_32' title="bbox 1025 771 1817 808">
     <span class='ocr_line' id='line_1_32' title="bbox 1025 771 1817 808; baseline 0 -9"><span class='ocrx_word' id='word_1_208' title='bbox 1025 771 1105 800; x_wconf 85' lang='lat' dir='ltr'><strong>facile</strong></span> <span class='ocrx_word' id='word_1_209' title='bbox 1120 772 1148 799; x_wconf 92' lang='lat' dir='ltr'><strong>in</strong></span> <span class='ocrx_word' id='word_1_210' title='bbox 1174 771 1296 800; x_wconf 86' lang='lat' dir='ltr'><strong>Siciliam</strong></span> <span class='ocrx_word' id='word_1_211' title='bbox 1315 777 1547 807; x_wconf 84' lang='lat' dir='ltr'><strong>transportaturos</strong></span> <span class='ocrx_word' id='word_1_212' title='bbox 1563 774 1665 808; x_wconf 91' lang='lat' dir='ltr'><strong>copias,</strong></span> <span class='ocrx_word' id='word_1_213' title='bbox 1683 779 1711 800; x_wconf 91' lang='lat' dir='ltr'><strong>et</strong></span> <span class='ocrx_word' id='word_1_214' title='bbox 1728 773 1817 800; x_wconf 85' lang='lat' dir='ltr'><strong>insula</strong></span> 
     </span>
    </p>
   </div>
   <div class='ocr_carea' id='block_1_33' title="bbox 1027 818 1815 853">
    <p class='ocr_par' dir='ltr' id='par_1_33' title="bbox 1027 818 1815 853">
     <span class='ocr_line' id='line_1_33' title="bbox 1027 818 1815 853; baseline 0.001 -9"><span class='ocrx_word' id='word_1_215' title='bbox 1027 818 1160 851; x_wconf 87' lang='lat' dir='ltr'><strong>potituros</strong></span> <span class='ocrx_word' id='word_1_216' title='bbox 1176 819 1297 846; x_wconf 86' lang='lat' dir='ltr'><strong>omnium</strong></span> <span class='ocrx_word' id='word_1_217' title='bbox 1317 826 1377 853; x_wconf 72' lang='lat' dir='ltr'><strong>qna‘.</strong></span> <span class='ocrx_word' id='word_1_218' title='bbox 1392 820 1441 846; x_wconf 92' lang='lat' dir='ltr'><strong>sub</strong></span> <span class='ocrx_word' id='word_1_219' title='bbox 1464 819 1522 846; x_wconf 85' lang='lat' dir='ltr'><strong>sole</strong></span> <span class='ocrx_word' id='word_1_220' title='bbox 1535 825 1626 847; x_wconf 85' lang='lat' dir='ltr'><strong>essent</strong></span> <span class='ocrx_word' id='word_1_221' title='bbox 1647 819 1815 846; x_wconf 81' lang='lat' dir='ltr'><strong>beatissima.</strong></span> 
     </span>
    </p>
   </div>
   <div class='ocr_carea' id='block_1_34' title="bbox 179 863 973 902">
    <p class='ocr_par' dir='ltr' id='par_1_34' title="bbox 179 863 973 901">
     <span class='ocr_line' id='line_1_34' title="bbox 179 863 973 901; baseline 0.004 -12"><span class='ocrx_word' id='word_1_222' title='bbox 179 872 238 895; x_wconf 82' lang='grc' dir='ltr'><strong>τιος</strong></span> <span class='ocrx_word' id='word_1_223' title='bbox 246 864 281 897; x_wconf 78' lang='grc' dir='ltr'><strong>⁸ο,</strong></span> <span class='ocrx_word' id='word_1_224' title='bbox 289 863 330 891; x_wconf 77' lang='grc' dir='ltr'><strong>ἔτι</strong></span> <span class='ocrx_word' id='word_1_225' title='bbox 344 865 372 891; x_wconf 83' lang='grc' dir='ltr'><strong>δὲ</strong></span> <span class='ocrx_word' id='word_1_226' title='bbox 383 866 525 901; x_wconf 76' lang='grc' dir='ltr'><strong>Πομπήϊος</strong></span> <span class='ocrx_word' id='word_1_227' title='bbox 534 866 568 897; x_wconf 78' lang='grc'><strong>⁸⁸,</strong></span> <span class='ocrx_word' id='word_1_228' title='bbox 584 866 609 893; x_wconf 88' lang='grc' dir='ltr'><strong>οι</strong></span> <span class='ocrx_word' id='word_1_229' title='bbox 621 866 676 893; x_wconf 84' lang='grc' dir='ltr'><strong>τῶν</strong></span> <span class='ocrx_word' id='word_1_230' title='bbox 691 865 846 892; x_wconf 81' lang='grc' dir='ltr'><strong>ὑπολοίπων</strong></span> <span class='ocrx_word' id='word_1_231' title='bbox 856 865 973 893; x_wconf 89' lang='grc' dir='ltr'><strong>Ἰταλιω-</strong></span> 
     </span>
    </p>
   </div>
   <div class='ocr_carea' id='block_1_35' title="bbox 1025 863 1819 902">
    <p class='ocr_par' dir='ltr' id='par_1_35' title="bbox 1027 864 1819 902">
     <span class='ocr_line' id='line_1_35' title="bbox 1027 864 1819 902; baseline 0.001 -10"><span class='ocrx_word' id='word_1_232' title='bbox 1027 864 1127 892; x_wconf 85' lang='lat' dir='ltr'><strong>Verum</strong></span> <span class='ocrx_word' id='word_1_233' title='bbox 1146 865 1204 899; x_wconf 87' lang='lat' dir='ltr'><strong>ejus</strong></span> <span class='ocrx_word' id='word_1_234' title='bbox 1219 866 1272 893; x_wconf 82' lang='lat' dir='ltr'><strong>dux</strong></span> <span class='ocrx_word' id='word_1_235' title='bbox 1290 865 1373 893; x_wconf 85' lang='lat' dir='ltr'><strong>Caius</strong></span> <span class='ocrx_word' id='word_1_236' title='bbox 1394 865 1522 894; x_wconf 87' lang='lat' dir='ltr'><strong>Orbanus</strong></span> <span class='ocrx_word' id='word_1_237' title='bbox 1539 874 1637 902; x_wconf 72' lang='lat' dir='ltr'><strong>magno</strong></span> <span class='ocrx_word' id='word_1_238' title='bbox 1653 867 1776 894; x_wconf 80' lang='lat' dir='ltr'><strong>exercitu</strong></span> <span class='ocrx_word' id='word_1_239' title='bbox 1791 871 1819 894; x_wconf 87' lang='lat' dir='ltr'><strong>et</strong></span> 
     </span>
    </p>
   </div>
   <div class='ocr_carea' id='block_1_36' title="bbox 179 910 973 947">
    <p class='ocr_par' dir='ltr' id='par_1_36' title="bbox 179 910 973 947">
     <span class='ocr_line' id='line_1_36' title="bbox 179 910 973 947; baseline 0.003 -12"><span class='ocrx_word' id='word_1_240' title='bbox 179 910 235 936; x_wconf 83' lang='grc' dir='ltr'><strong>τῶν</strong></span> <span class='ocrx_word' id='word_1_241' title='bbox 250 911 413 946; x_wconf 80' lang='grc' dir='ltr'><strong>στρατηγοὶ,</strong></span> <span class='ocrx_word' id='word_1_242' title='bbox 430 911 615 947; x_wconf 89' lang='grc' dir='ltr'><strong>διατρίϐοντες</strong></span> <span class='ocrx_word' id='word_1_243' title='bbox 629 912 658 938; x_wconf 76' lang='grc' dir='ltr'><strong>ἐν</strong></span> <span class='ocrx_word' id='word_1_244' title='bbox 673 912 707 947; x_wconf 78' lang='grc' dir='ltr'><strong>τῇ</strong></span> <span class='ocrx_word' id='word_1_245' title='bbox 723 911 850 947; x_wconf 83' lang='grc' dir='ltr'><strong>Βρεττίᾳ,</strong></span> <span class='ocrx_word' id='word_1_246' title='bbox 859 911 940 943; x_wconf 81' lang='grc' dir='ltr'><strong>Ἰσίας</strong></span> <span class='ocrx_word' id='word_1_247' title='bbox 951 911 973 927; x_wconf 73' lang='grc'><strong>⁸⁸</strong></span> 
     </span>
    </p>
   </div>
   <div class='ocr_carea' id='block_1_37' title="bbox 182 955 972 993">
    <p class='ocr_par' dir='ltr' id='par_1_37' title="bbox 182 955 972 993">
     <span class='ocr_line' id='line_1_37' title="bbox 182 955 972 993; baseline 0.003 -12"><span class='ocrx_word' id='word_1_248' title='bbox 182 955 231 989; x_wconf 82' lang='grc' dir='ltr'><strong>μὲν</strong></span> <span class='ocrx_word' id='word_1_249' title='bbox 254 956 329 983; x_wconf 86' lang='grc' dir='ltr'><strong>πόλιν</strong></span> <span class='ocrx_word' id='word_1_250' title='bbox 349 956 450 993; x_wconf 85' lang='grc' dir='ltr'><strong>ὀχυρὰν</strong></span> <span class='ocrx_word' id='word_1_251' title='bbox 467 957 514 984; x_wconf 78' lang='grc' dir='ltr'><strong>ἐπὶ</strong></span> <span class='ocrx_word' id='word_1_252' title='bbox 525 957 608 985; x_wconf 86' lang='grc' dir='ltr'><strong>πολὺν</strong></span> <span class='ocrx_word' id='word_1_253' title='bbox 623 957 718 992; x_wconf 86' lang='grc' dir='ltr'><strong>χρόνον</strong></span> <span class='ocrx_word' id='word_1_254' title='bbox 730 957 972 992; x_wconf 81' lang='grc' dir='ltr'><strong>πολιορκήσαντες,</strong></span> 
     </span>
    </p>
   </div>
   <div class='ocr_carea' id='block_1_38' title="bbox 180 1001 973 1039">
    <p class='ocr_par' dir='ltr' id='par_1_38' title="bbox 180 1001 973 1039">
     <span class='ocr_line' id='line_1_38' title="bbox 180 1001 973 1039; baseline 0.003 -12"><span class='ocrx_word' id='word_1_255' title='bbox 180 1001 259 1027; x_wconf 74' lang='grc' dir='ltr'><strong>οὺκ⁸¹</strong></span> <span class='ocrx_word' id='word_1_256' title='bbox 277 1002 390 1037; x_wconf 72' lang='grc' dir='ltr'><strong>ἴσχυσαν</strong></span> <span class='ocrx_word' id='word_1_257' title='bbox 405 1003 486 1035; x_wconf 88' lang='grc' dir='ltr'><strong>ἐλεῖν,</strong></span> <span class='ocrx_word' id='word_1_258' title='bbox 500 1004 585 1038; x_wconf 80' lang='grc' dir='ltr'><strong>μέρος</strong></span> <span class='ocrx_word' id='word_1_259' title='bbox 597 1003 619 1030; x_wconf 89' lang='grc' dir='ltr'><strong>δ’</strong></span> <span class='ocrx_word' id='word_1_260' title='bbox 631 1003 678 1030; x_wconf 74' lang='grc' dir='ltr'><strong>ἐπὶ</strong></span> <span class='ocrx_word' id='word_1_261' title='bbox 689 1003 739 1039; x_wconf 86' lang='grc' dir='ltr'><strong>τῆς</strong></span> <span class='ocrx_word' id='word_1_262' title='bbox 755 1002 916 1038; x_wconf 83' lang='grc' dir='ltr'><strong>πολιορκίας</strong></span> <span class='ocrx_word' id='word_1_263' title='bbox 926 1002 973 1029; x_wconf 83' lang='grc' dir='ltr'><strong>τοῦ</strong></span> 
     </span>
    </p>
   </div>
   <div class='ocr_carea' id='block_1_39' title="bbox 181 1048 974 1085">
    <p class='ocr_par' dir='ltr' id='par_1_39' title="bbox 181 1048 974 1085">
     <span class='ocr_line' id='line_1_39' title="bbox 181 1048 974 1085; baseline 0.003 -12"><span class='ocrx_word' id='word_1_264' title='bbox 181 1048 385 1083; x_wconf 80' lang='grc' dir='ltr'><strong>στρατεύματος</strong></span> <span class='ocrx_word' id='word_1_265' title='bbox 409 1049 636 1081; x_wconf 63' lang='grc' dir='ltr'><strong>καταλιπόντεςδθ</strong></span> <span class='ocrx_word' id='word_1_266' title='bbox 655 1050 689 1085; x_wconf 79' lang='grc' dir='ltr'><strong>τῇ</strong></span> <span class='ocrx_word' id='word_1_267' title='bbox 711 1049 792 1085; x_wconf 81' lang='grc' dir='ltr'><strong>λοιπῇ</strong></span> <span class='ocrx_word' id='word_1_268' title='bbox 817 1049 849 1076; x_wconf 84' lang='grc' dir='ltr'><strong>τὺ</strong></span> <span class='ocrx_word' id='word_1_269' title='bbox 865 1048 974 1084; x_wconf 83' lang='grc' dir='ltr'><strong>Ῥήγιον</strong></span> 
     </span>
    </p>
   </div>
   <div class='ocr_carea' id='block_1_40' title="bbox 182 1093 974 1130">
    <p class='ocr_par' dir='ltr' id='par_1_40' title="bbox 182 1093 974 1130">
     <span class='ocr_line' id='line_1_40' title="bbox 182 1093 974 1130; baseline 0.003 -11"><span class='ocrx_word' id='word_1_270' title='bbox 182 1093 300 1128; x_wconf 78' lang='grc' dir='ltr'><strong>ἰσχυρῶς</strong></span> <span class='ocrx_word' id='word_1_271' title='bbox 322 1094 508 1129; x_wconf 86' lang='grc' dir='ltr'><strong>ἐπολιόρκουν,</strong></span> <span class='ocrx_word' id='word_1_272' title='bbox 523 1094 690 1129; x_wconf 77' lang='grc' dir='ltr'><strong>ἐλπίζοντες,</strong></span> <span class='ocrx_word' id='word_1_273' title='bbox 704 1095 729 1122; x_wconf 80' lang='grc' dir='ltr'><strong>ει</strong></span> <span class='ocrx_word' id='word_1_274' title='bbox 751 1095 855 1129; x_wconf 84' lang='grc' dir='ltr'><strong>ταύτης</strong></span> <span class='ocrx_word' id='word_1_275' title='bbox 869 1095 974 1130; x_wconf 83' lang='grc' dir='ltr'><strong>κρατή-</strong></span> 
     </span>
    </p>
   </div>
   <div class='ocr_carea' id='block_1_41' title="bbox 181 1139 974 1175">
    <p class='ocr_par' dir='ltr' id='par_1_41' title="bbox 181 1139 974 1175">
     <span class='ocr_line' id='line_1_41' title="bbox 181 1139 974 1175; baseline 0.003 -10"><span class='ocrx_word' id='word_1_276' title='bbox 181 1147 266 1171; x_wconf 84' lang='grc' dir='ltr'><strong>σαιεν,</strong></span> <span class='ocrx_word' id='word_1_277' title='bbox 282 1139 380 1175; x_wconf 75' lang='grc' dir='ltr'><strong>ῥᾳδίως</strong></span> <span class='ocrx_word' id='word_1_278' title='bbox 393 1142 433 1172; x_wconf 86' lang='grc' dir='ltr'><strong>είς</strong></span> <span class='ocrx_word' id='word_1_279' title='bbox 445 1141 494 1175; x_wconf 85' lang='grc' dir='ltr'><strong>τὴν</strong></span> <span class='ocrx_word' id='word_1_280' title='bbox 509 1141 636 1169; x_wconf 84' lang='grc' dir='ltr'><strong>Σικελίαν</strong></span> <span class='ocrx_word' id='word_1_281' title='bbox 649 1140 818 1169; x_wconf 88' lang='grc' dir='ltr'><strong>διαϐιϐάσειν</strong></span> <span class='ocrx_word' id='word_1_282' title='bbox 828 1140 878 1173; x_wconf 85' lang='grc' dir='ltr'><strong>τὰς</strong></span> <span class='ocrx_word' id='word_1_283' title='bbox 892 1141 974 1167; x_wconf 87' lang='grc' dir='ltr'><strong>δυνά-</strong></span> 
     </span>
    </p>
   </div>
   <div class='ocr_carea' id='block_1_42' title="bbox 1023 910 1818 946">
    <p class='ocr_par' dir='ltr' id='par_1_42' title="bbox 1023 910 1818 946">
     <span class='ocr_line' id='line_1_42' title="bbox 1023 910 1818 946; baseline 0.005 -11"><span class='ocrx_word' id='word_1_284' title='bbox 1023 914 1153 944; x_wconf 82' lang='lat' dir='ltr'><strong>apparatu</strong></span> <span class='ocrx_word' id='word_1_285' title='bbox 1178 914 1207 937; x_wconf 89' lang='lat' dir='ltr'><strong>et</strong></span> <span class='ocrx_word' id='word_1_286' title='bbox 1228 910 1370 938; x_wconf 84' lang='lat' dir='ltr'><strong>alacritate</strong></span> <span class='ocrx_word' id='word_1_287' title='bbox 1387 918 1464 943; x_wconf 90' lang='lat' dir='ltr'><strong>usus,</strong></span> <span class='ocrx_word' id='word_1_288' title='bbox 1488 912 1606 946; x_wconf 90' lang='lat' dir='ltr'><strong>percutit</strong></span> <span class='ocrx_word' id='word_1_289' title='bbox 1630 911 1710 939; x_wconf 87' lang='lat' dir='ltr'><strong>Italos</strong></span> <span class='ocrx_word' id='word_1_290' title='bbox 1733 919 1818 946; x_wconf 84' lang='lat' dir='ltr'><strong>appa-</strong></span> 
     </span>
    </p>
   </div>
   <div class='ocr_carea' id='block_1_43' title="bbox 1024 957 1818 993">
    <p class='ocr_par' dir='ltr' id='par_1_43' title="bbox 1024 957 1818 993">
     <span class='ocr_line' id='line_1_43' title="bbox 1024 957 1818 993; baseline 0.003 -10"><span class='ocrx_word' id='word_1_291' title='bbox 1024 961 1098 984; x_wconf 85' lang='lat' dir='ltr'><strong>ratus</strong></span> <span class='ocrx_word' id='word_1_292' title='bbox 1120 957 1314 992; x_wconf 80' lang='lat' dir='ltr'><strong>magnitudine,</strong></span> <span class='ocrx_word' id='word_1_293' title='bbox 1339 963 1421 992; x_wconf 88' lang='lat' dir='ltr'><strong>atque</strong></span> <span class='ocrx_word' id='word_1_294' title='bbox 1445 957 1614 993; x_wconf 78' lang='lat' dir='ltr'><strong>thegienses</strong></span> <span class='ocrx_word' id='word_1_295' title='bbox 1639 967 1671 985; x_wconf 83' lang='lat' dir='ltr'><strong>ex</strong></span> <span class='ocrx_word' id='word_1_296' title='bbox 1696 958 1818 993; x_wconf 85' lang='lat' dir='ltr'><strong>periculo</strong></span> 
     </span>
    </p>
   </div>
   <div class='ocr_carea' id='block_1_44' title="bbox 1023 1002 1820 1039">
    <p class='ocr_par' dir='ltr' id='par_1_44' title="bbox 1023 1002 1820 1039">
     <span class='ocr_line' id='line_1_44' title="bbox 1023 1002 1820 1039; baseline 0.003 -11"><span class='ocrx_word' id='word_1_297' title='bbox 1023 1002 1131 1036; x_wconf 88' lang='lat' dir='ltr'><strong>eripuit.</strong></span> <span class='ocrx_word' id='word_1_298' title='bbox 1148 1002 1248 1029; x_wconf 82' lang='lat' dir='ltr'><strong>Deinde</strong></span> <span class='ocrx_word' id='word_1_299' title='bbox 1258 1011 1321 1029; x_wconf 91' lang='lat' dir='ltr'><strong>cum</strong></span> <span class='ocrx_word' id='word_1_300' title='bbox 1333 1004 1484 1031; x_wconf 77' lang='lat' dir='ltr'><strong>exarsisset</strong></span> <span class='ocrx_word' id='word_1_301' title='bbox 1498 1004 1566 1038; x_wconf 91' lang='lat' dir='ltr'><strong>apud</strong></span> <span class='ocrx_word' id='word_1_302' title='bbox 1587 1004 1723 1031; x_wconf 83' lang='lat' dir='ltr'><strong>Romanos</strong></span> <span class='ocrx_word' id='word_1_303' title='bbox 1738 1003 1820 1039; x_wconf 68' lang='lat' dir='ltr'><strong>Sylla:</strong></span> 
     </span>
    </p>
   </div>
   <div class='ocr_carea' id='block_1_45' title="bbox 1023 1047 1818 1084">
    <p class='ocr_par' dir='ltr' id='par_1_45' title="bbox 1023 1047 1818 1084">
     <span class='ocr_line' id='line_1_45' title="bbox 1023 1047 1818 1084; baseline 0.001 -10"><span class='ocrx_word' id='word_1_304' title='bbox 1023 1052 1051 1075; x_wconf 92' lang='lat' dir='ltr'><strong>et</strong></span> <span class='ocrx_word' id='word_1_305' title='bbox 1066 1048 1143 1074; x_wconf 79' lang='lat' dir='ltr'><strong>Marii</strong></span> <span class='ocrx_word' id='word_1_306' title='bbox 1157 1048 1246 1076; x_wconf 80' lang='lat' dir='ltr'><strong>civilis</strong></span> <span class='ocrx_word' id='word_1_307' title='bbox 1260 1048 1369 1080; x_wconf 87' lang='lat' dir='ltr'><strong>seditio,</strong></span> <span class='ocrx_word' id='word_1_308' title='bbox 1393 1048 1439 1075; x_wconf 88' lang='lat' dir='ltr'><strong>alii</strong></span> <span class='ocrx_word' id='word_1_309' title='bbox 1462 1047 1557 1084; x_wconf 70' lang='lat' dir='ltr'><strong>Syllae,</strong></span> <span class='ocrx_word' id='word_1_310' title='bbox 1571 1048 1615 1075; x_wconf 90' lang='lat' dir='ltr'><strong>alii</strong></span> <span class='ocrx_word' id='word_1_311' title='bbox 1637 1048 1713 1075; x_wconf 85' lang='lat' dir='ltr'><strong>Marii</strong></span> <span class='ocrx_word' id='word_1_312' title='bbox 1727 1052 1818 1083; x_wconf 83' lang='lat' dir='ltr'><strong>partes</strong></span> 
     </span>
    </p>
   </div>
   <div class='ocr_carea' id='block_1_46' title="bbox 1024 1093 1820 1128">
    <p class='ocr_par' dir='ltr' id='par_1_46' title="bbox 1024 1093 1820 1128">
     <span class='ocr_line' id='line_1_46' title="bbox 1024 1093 1820 1128; baseline -0.001 -7"><span class='ocrx_word' id='word_1_313' title='bbox 1024 1094 1111 1121; x_wconf 84' lang='lat' dir='ltr'><strong>seculi</strong></span> <span class='ocrx_word' id='word_1_314' title='bbox 1127 1097 1201 1126; x_wconf 91' lang='lat' dir='ltr'><strong>sunt,</strong></span> <span class='ocrx_word' id='word_1_315' title='bbox 1221 1099 1248 1120; x_wconf 88' lang='lat' dir='ltr'><strong>et</strong></span> <span class='ocrx_word' id='word_1_316' title='bbox 1268 1101 1360 1121; x_wconf 88' lang='lat' dir='ltr'><strong>eorum</strong></span> <span class='ocrx_word' id='word_1_317' title='bbox 1376 1101 1440 1128; x_wconf 88' lang='lat' dir='ltr'><strong>pars</strong></span> <span class='ocrx_word' id='word_1_318' title='bbox 1456 1093 1541 1128; x_wconf 83' lang='lat' dir='ltr'><strong>major</strong></span> <span class='ocrx_word' id='word_1_319' title='bbox 1555 1094 1632 1122; x_wconf 86' lang='lat' dir='ltr'><strong>bellis</strong></span> <span class='ocrx_word' id='word_1_320' title='bbox 1652 1094 1762 1127; x_wconf 79' lang='lat' dir='ltr'><strong>cecidit,</strong></span> <span class='ocrx_word' id='word_1_321' title='bbox 1777 1101 1820 1120; x_wconf 85' lang='lat' dir='ltr'><strong>re-</strong></span> 
     </span>
    </p>
   </div>
   <div class='ocr_carea' id='block_1_47' title="bbox 1026 1139 1820 1176">
    <p class='ocr_par' dir='ltr' id='par_1_47' title="bbox 1026 1139 1820 1176">
     <span class='ocr_line' id='line_1_47' title="bbox 1026 1139 1820 1176; baseline -0.001 -9"><span class='ocrx_word' id='word_1_322' title='bbox 1026 1139 1098 1174; x_wconf 89' lang='lat' dir='ltr'><strong>liqua</strong></span> <span class='ocrx_word' id='word_1_323' title='bbox 1114 1140 1147 1167; x_wconf 89' lang='lat' dir='ltr'><strong>ad</strong></span> <span class='ocrx_word' id='word_1_324' title='bbox 1164 1141 1293 1167; x_wconf 87' lang='lat' dir='ltr'><strong>victorem</strong></span> <span class='ocrx_word' id='word_1_325' title='bbox 1318 1139 1420 1175; x_wconf 89' lang='lat' dir='ltr'><strong>Syllam</strong></span> <span class='ocrx_word' id='word_1_326' title='bbox 1439 1140 1553 1168; x_wconf 77' lang='lat' dir='ltr'><strong>descivit</strong></span> <span class='ocrx_word' id='word_1_327' title='bbox 1573 1149 1580 1167; x_wconf 89' lang='lat'>:</span> <span class='ocrx_word' id='word_1_328' title='bbox 1609 1146 1690 1176; x_wconf 86' lang='lat' dir='ltr'><strong>atque</strong></span> <span class='ocrx_word' id='word_1_329' title='bbox 1706 1142 1742 1168; x_wconf 89' lang='lat' dir='ltr'><strong>ita</strong></span> <span class='ocrx_word' id='word_1_330' title='bbox 1760 1146 1820 1167; x_wconf 89' lang='lat' dir='ltr'><strong>tan-</strong></span> 
     </span>
    </p>
   </div>
   <div class='ocr_carea' id='block_1_48' title="bbox 182 1184 973 1222">
    <p class='ocr_par' dir='ltr' id='par_1_48' title="bbox 182 1184 973 1222">
     <span class='ocr_line' id='line_1_48' title="bbox 182 1184 973 1222; baseline 0.003 -12"><span class='ocrx_word' id='word_1_331' title='bbox 182 1191 242 1218; x_wconf 86' lang='grc' dir='ltr'><strong>μεις</strong></span> <span class='ocrx_word' id='word_1_332' title='bbox 256 1184 304 1211; x_wconf 77' lang='grc' dir='ltr'><strong>καὶ</strong></span> <span class='ocrx_word' id='word_1_333' title='bbox 319 1185 465 1220; x_wconf 80' lang='grc' dir='ltr'><strong>κρατήσειν</strong></span> <span class='ocrx_word' id='word_1_334' title='bbox 478 1186 527 1221; x_wconf 83' lang='grc' dir='ltr'><strong>τῆς</strong></span> <span class='ocrx_word' id='word_1_335' title='bbox 540 1186 787 1222; x_wconf 86' lang='grc' dir='ltr'><strong>εὐδαιμονεστάτης</strong></span> <span class='ocrx_word' id='word_1_336' title='bbox 797 1186 852 1213; x_wconf 88' lang='grc' dir='ltr'><strong>τῶν</strong></span> <span class='ocrx_word' id='word_1_337' title='bbox 866 1185 919 1212; x_wconf 77' lang='grc' dir='ltr'><strong>ὑπὸ</strong></span> <span class='ocrx_word' id='word_1_338' title='bbox 929 1185 973 1212; x_wconf 84' lang='grc' dir='ltr'><strong>τὸν</strong></span> 
     </span>
    </p>
   </div>
   <div class='ocr_carea' id='block_1_49' title="bbox 1025 1184 1821 1222">
    <p class='ocr_par' dir='ltr' id='par_1_49' title="bbox 1027 1184 1821 1214">
     <span class='ocr_line' id='line_1_49' title="bbox 1027 1184 1821 1214; baseline -0.004 -1"><span class='ocrx_word' id='word_1_339' title='bbox 1027 1187 1087 1214; x_wconf 89' lang='lat' dir='ltr'><strong>dem</strong></span> <span class='ocrx_word' id='word_1_340' title='bbox 1109 1193 1163 1213; x_wconf 91' lang='lat' dir='ltr'><strong>una</strong></span> <span class='ocrx_word' id='word_1_341' title='bbox 1185 1194 1245 1213; x_wconf 91' lang='lat' dir='ltr'><strong>cum</strong></span> <span class='ocrx_word' id='word_1_342' title='bbox 1270 1186 1407 1214; x_wconf 85' lang='lat' dir='ltr'><strong>seditione</strong></span> <span class='ocrx_word' id='word_1_343' title='bbox 1422 1187 1494 1214; x_wconf 88' lang='lat' dir='ltr'><strong>civili</strong></span> <span class='ocrx_word' id='word_1_344' title='bbox 1518 1186 1683 1214; x_wconf 80' lang='lat' dir='ltr'><strong>exstinctum</strong></span> <span class='ocrx_word' id='word_1_345' title='bbox 1705 1190 1748 1213; x_wconf 86' lang='lat' dir='ltr'><strong>est</strong></span> <span class='ocrx_word' id='word_1_346' title='bbox 1763 1184 1821 1212; x_wconf 91' lang='lat' dir='ltr'><strong>bel-</strong></span> 
     </span>
    </p>
   </div>
   <div class='ocr_carea' id='block_1_50' title="bbox 182 1229 973 1268">
    <p class='ocr_par' dir='ltr' id='par_1_50' title="bbox 182 1229 973 1268">
     <span class='ocr_line' id='line_1_50' title="bbox 182 1229 973 1268; baseline 0.005 -13"><span class='ocrx_word' id='word_1_347' title='bbox 182 1229 259 1264; x_wconf 76' lang='grc' dir='ltr'><strong>ῆλιον</strong></span> <span class='ocrx_word' id='word_1_348' title='bbox 273 1231 373 1265; x_wconf 83' lang='grc' dir='ltr'><strong>νήσων.</strong></span> <span class='ocrx_word' id='word_1_349' title='bbox 382 1231 451 1258; x_wconf 82' lang='grc' dir='ltr'><strong>Ἀλλ’</strong></span> <span class='ocrx_word' id='word_1_350' title='bbox 467 1233 482 1259; x_wconf 82' lang='grc' dir='ltr'>ὁ</span> <span class='ocrx_word' id='word_1_351' title='bbox 495 1232 596 1268; x_wconf 67' lang='grc' dir='ltr'><strong>ταύτης</strong></span> <span class='ocrx_word' id='word_1_352' title='bbox 613 1233 765 1268; x_wconf 83' lang='grc' dir='ltr'><strong>στρατηγὸς</strong></span> <span class='ocrx_word' id='word_1_353' title='bbox 784 1232 865 1265; x_wconf 86' lang='grc' dir='ltr'><strong>Γάϊος</strong></span> <span class='ocrx_word' id='word_1_354' title='bbox 877 1232 973 1268; x_wconf 87' lang='grc' dir='ltr'><strong>Ὀρϐα,</strong></span> 
     </span>
    </p>
   </div>
   <div class='ocr_carea' id='block_1_51' title="bbox 1025 1229 1821 1268">
    <p class='ocr_par' dir='ltr' id='par_1_51' title="bbox 1028 1229 1821 1268">
     <span class='ocr_line' id='line_1_51' title="bbox 1028 1229 1821 1268; baseline -0.003 -10"><span class='ocrx_word' id='word_1_355' title='bbox 1028 1232 1082 1259; x_wconf 87' lang='lat' dir='ltr'><strong>lum</strong></span> <span class='ocrx_word' id='word_1_356' title='bbox 1099 1231 1163 1259; x_wconf 89' lang='lat' dir='ltr'><strong>illud</strong></span> <span class='ocrx_word' id='word_1_357' title='bbox 1180 1231 1326 1259; x_wconf 80' lang='lat' dir='ltr'><strong>Marsicum</strong></span> <span class='ocrx_word' id='word_1_358' title='bbox 1350 1233 1526 1268; x_wconf 86' lang='lat' dir='ltr'><strong>appellatum,</strong></span> <span class='ocrx_word' id='word_1_359' title='bbox 1541 1239 1602 1260; x_wconf 88' lang='lat' dir='ltr'><strong>cum</strong></span> <span class='ocrx_word' id='word_1_360' title='bbox 1617 1231 1714 1259; x_wconf 81' lang='lat' dir='ltr'><strong>luisset</strong></span> <span class='ocrx_word' id='word_1_361' title='bbox 1733 1229 1821 1257; x_wconf 78' lang='lat' dir='ltr'><strong>maxi-</strong></span> 
     </span>
    </p>
   </div>
   <div class='ocr_carea' id='block_1_52' title="bbox 179 1274 1115 1315">
    <p class='ocr_par' dir='ltr' id='par_1_52' title="bbox 179 1274 1115 1315">
     <span class='ocr_line' id='line_1_52' title="bbox 179 1274 1115 1315; baseline 0.006 -15"><span class='ocrx_word' id='word_1_362' title='bbox 179 1274 234 1305; x_wconf 75' lang='grc' dir='ltr'><strong>νὺς,</strong></span> <span class='ocrx_word' id='word_1_363' title='bbox 251 1274 334 1309; x_wconf 81' lang='grc' dir='ltr'><strong>πολλῇ</strong></span> <span class='ocrx_word' id='word_1_364' title='bbox 361 1276 476 1311; x_wconf 84' lang='grc' dir='ltr'><strong>δυνάμει</strong></span> <span class='ocrx_word' id='word_1_365' title='bbox 505 1278 553 1304; x_wconf 79' lang='grc' dir='ltr'><strong>καὶ</strong></span> <span class='ocrx_word' id='word_1_366' title='bbox 579 1280 740 1314; x_wconf 85' lang='grc' dir='ltr'><strong>παρασκευῇ</strong></span> <span class='ocrx_word' id='word_1_367' title='bbox 766 1279 815 1306; x_wconf 79' lang='grc' dir='ltr'><strong>καὶ</strong></span> <span class='ocrx_word' id='word_1_368' title='bbox 838 1278 978 1315; x_wconf 74' lang='grc' dir='ltr'><strong>προθυμίᾳ</strong></span> <span class='ocrx_word' id='word_1_369' title='bbox 1030 1286 1115 1306; x_wconf 89' lang='lat' dir='ltr'><strong>mum.</strong></span> 
     </span>
    </p>
   </div>
   <div class='ocr_carea' id='block_1_53' title="bbox 179 1320 1820 1361">
    <p class='ocr_par' dir='ltr' id='par_1_53' title="bbox 179 1320 1820 1361">
     <span class='ocr_line' id='line_1_53' title="bbox 179 1320 1820 1361; baseline -0.001 -10"><span class='ocrx_word' id='word_1_370' title='bbox 179 1320 360 1355; x_wconf 77' lang='grc' dir='ltr'><strong>χρησάμενος,</strong></span> <span class='ocrx_word' id='word_1_371' title='bbox 392 1322 471 1358; x_wconf 80' lang='grc'><strong>[1189</strong></span> <span class='ocrx_word' id='word_1_372' title='bbox 486 1323 532 1360; x_wconf 69' lang='lat'><strong>8.]</strong></span> <span class='ocrx_word' id='word_1_373' title='bbox 559 1324 606 1351; x_wconf 83' lang='grc' dir='ltr'><strong>καὶ</strong></span> <span class='ocrx_word' id='word_1_374' title='bbox 633 1324 878 1360; x_wconf 79' lang='grc' dir='ltr'><strong>καταπληξάμενος</strong></span> <span class='ocrx_word' id='word_1_375' title='bbox 904 1325 969 1357; x_wconf 79' lang='grc' dir='ltr'><strong>τοὺς</strong></span> <span class='ocrx_word' id='word_1_376' title='bbox 994 1324 1147 1357; x_wconf 87' lang='grc' dir='ltr'><strong>Ἰταλιώτας</strong></span> <span class='ocrx_word' id='word_1_377' title='bbox 1171 1325 1211 1361; x_wconf 81' lang='grc' dir='ltr'><strong>τῷ</strong></span> <span class='ocrx_word' id='word_1_378' title='bbox 1235 1326 1346 1360; x_wconf 84' lang='grc' dir='ltr'><strong>μεγέθει</strong></span> <span class='ocrx_word' id='word_1_379' title='bbox 1386 1326 1435 1360; x_wconf 88' lang='grc' dir='ltr'><strong>τῆς</strong></span> <span class='ocrx_word' id='word_1_380' title='bbox 1458 1325 1646 1360; x_wconf 84' lang='grc' dir='ltr'><strong>παρασκευῆς,</strong></span> <span class='ocrx_word' id='word_1_381' title='bbox 1681 1323 1820 1359; x_wconf 77' lang='grc' dir='ltr'><strong>ἐξήρπασε</strong></span> 
     </span>
    </p>
   </div>
   <div class='ocr_carea' id='block_1_54' title="bbox 179 1368 1820 1409">
    <p class='ocr_par' dir='ltr' id='par_1_54' title="bbox 179 1368 1820 1409">
     <span class='ocr_line' id='line_1_54' title="bbox 179 1368 1820 1409; baseline 0.002 -15"><span class='ocrx_word' id='word_1_382' title='bbox 179 1368 242 1398; x_wconf 79' lang='grc' dir='ltr'><strong>τοὺς</strong></span> <span class='ocrx_word' id='word_1_383' title='bbox 258 1368 437 1403; x_wconf 74' lang='grc' dir='ltr'><strong>Ῥηγίνουςδυ.</strong></span> <span class='ocrx_word' id='word_1_384' title='bbox 460 1369 526 1397; x_wconf 84' lang='grc' dir='ltr'><strong>Εἶτα</strong></span> <span class='ocrx_word' id='word_1_385' title='bbox 538 1371 588 1405; x_wconf 83' lang='grc' dir='ltr'><strong>τῆς</strong></span> <span class='ocrx_word' id='word_1_386' title='bbox 603 1372 666 1406; x_wconf 77' lang='grc' dir='ltr'><strong>περὶ</strong></span> <span class='ocrx_word' id='word_1_387' title='bbox 679 1371 783 1398; x_wconf 86' lang='grc' dir='ltr'><strong>Σύλλαν</strong></span> <span class='ocrx_word' id='word_1_388' title='bbox 799 1372 846 1399; x_wconf 88' lang='grc' dir='ltr'><strong>καὶ</strong></span> <span class='ocrx_word' id='word_1_389' title='bbox 880 1373 987 1407; x_wconf 86' lang='grc' dir='ltr'><strong>Μάριον</strong></span> <span class='ocrx_word' id='word_1_390' title='bbox 1023 1373 1156 1408; x_wconf 79' lang='grc' dir='ltr'><strong>ἐμφυλίου</strong></span> <span class='ocrx_word' id='word_1_391' title='bbox 1191 1374 1314 1405; x_wconf 88' lang='grc' dir='ltr'><strong>στάσεως</strong></span> <span class='ocrx_word' id='word_1_392' title='bbox 1342 1373 1586 1409; x_wconf 71' lang='grc' dir='ltr'><strong>ἀναρριπισθείσης</strong></span> <span class='ocrx_word' id='word_1_393' title='bbox 1620 1373 1767 1407; x_wconf 86' lang='grc' dir='ltr'><strong>Ῥωμαίοις</strong></span> <span class='ocrx_word' id='word_1_394' title='bbox 1795 1371 1820 1397; x_wconf 86' lang='grc' dir='ltr'><strong>οί</strong></span> 
     </span>
    </p>
   </div>
   <div class='ocr_carea' id='block_1_55' title="bbox 181 1414 1820 1453">
    <p class='ocr_par' dir='ltr' id='par_1_55' title="bbox 181 1414 1820 1453">
     <span class='ocr_line' id='line_1_55' title="bbox 181 1414 1820 1453; baseline 0.002 -13"><span class='ocrx_word' id='word_1_395' title='bbox 181 1414 231 1446; x_wconf 77' lang='grc' dir='ltr'><strong>μὲν</strong></span> <span class='ocrx_word' id='word_1_396' title='bbox 253 1414 388 1450; x_wconf 73' lang='grc' dir='ltr'><strong>Σύλλᾳ,οῑ</strong></span> <span class='ocrx_word' id='word_1_397' title='bbox 408 1416 437 1442; x_wconf 84' lang='grc' dir='ltr'><strong>δὲ</strong></span> <span class='ocrx_word' id='word_1_398' title='bbox 461 1416 559 1451; x_wconf 85' lang='grc' dir='ltr'><strong>Μαρίῳ</strong></span> <span class='ocrx_word' id='word_1_399' title='bbox 581 1416 783 1453; x_wconf 84' lang='grc' dir='ltr'><strong>συνεμάχησαν.</strong></span> <span class='ocrx_word' id='word_1_400' title='bbox 801 1418 857 1444; x_wconf 76' lang='grc' dir='ltr'><strong>Καὶ</strong></span> <span class='ocrx_word' id='word_1_401' title='bbox 870 1418 901 1444; x_wconf 81' lang='grc' dir='ltr'><strong>τὸ</strong></span> <span class='ocrx_word' id='word_1_402' title='bbox 919 1418 968 1452; x_wconf 88' lang='grc' dir='ltr'><strong>μέν</strong></span> <span class='ocrx_word' id='word_1_403' title='bbox 990 1418 1071 1446; x_wconf 89' lang='grc' dir='ltr'><strong>πλέον</strong></span> <span class='ocrx_word' id='word_1_404' title='bbox 1096 1419 1186 1445; x_wconf 78' lang='grc' dir='ltr'><strong>αὐτῶν</strong></span> <span class='ocrx_word' id='word_1_405' title='bbox 1210 1419 1292 1446; x_wconf 76' lang='grc' dir='ltr'><strong>ἔπεσε</strong></span> <span class='ocrx_word' id='word_1_406' title='bbox 1314 1420 1370 1450; x_wconf 86' lang='grc' dir='ltr'><strong>τοῖς</strong></span> <span class='ocrx_word' id='word_1_407' title='bbox 1396 1419 1536 1453; x_wconf 85' lang='grc' dir='ltr'><strong>πολέμοις,</strong></span> <span class='ocrx_word' id='word_1_408' title='bbox 1568 1417 1600 1444; x_wconf 80' lang='grc' dir='ltr'><strong>τὺ</strong></span> <span class='ocrx_word' id='word_1_409' title='bbox 1622 1417 1646 1443; x_wconf 88' lang='grc' dir='ltr'><strong>δ’</strong></span> <span class='ocrx_word' id='word_1_410' title='bbox 1675 1417 1820 1443; x_wconf 83' lang='grc' dir='ltr'><strong>ὑπόλοιπον</strong></span> 
     </span>
    </p>
   </div>
   <div class='ocr_carea' id='block_1_56' title="bbox 179 1460 1820 1500">
    <p class='ocr_par' dir='ltr' id='par_1_56' title="bbox 179 1460 1820 1500">
     <span class='ocr_line' id='line_1_56' title="bbox 179 1460 1820 1500; baseline 0.002 -14"><span class='ocrx_word' id='word_1_411' title='bbox 179 1460 394 1497; x_wconf 72' lang='grc' dir='ltr'><strong>ἐπικρατήσαντι</strong></span> <span class='ocrx_word' id='word_1_412' title='bbox 407 1462 494 1498; x_wconf 80' lang='grc' dir='ltr'><strong>Σύλλᾳ</strong></span> <span class='ocrx_word' id='word_1_413' title='bbox 503 1461 708 1498; x_wconf 84' lang='grc' dir='ltr'><strong>προσεχώρησε.</strong></span> <span class='ocrx_word' id='word_1_414' title='bbox 722 1463 777 1489; x_wconf 81' lang='grc' dir='ltr'><strong>Καὶ</strong></span> <span class='ocrx_word' id='word_1_415' title='bbox 791 1462 864 1490; x_wconf 75' lang='grc' dir='ltr'><strong>οὕτω</strong></span> <span class='ocrx_word' id='word_1_416' title='bbox 874 1462 967 1490; x_wconf 83' lang='grc' dir='ltr'><strong>τέλεον</strong></span> <span class='ocrx_word' id='word_1_417' title='bbox 985 1465 1018 1500; x_wconf 83' lang='grc' dir='ltr'><strong>τῇ</strong></span> <span class='ocrx_word' id='word_1_418' title='bbox 1035 1465 1160 1500; x_wconf 81' lang='grc' dir='ltr'><strong>ἐμφυλίῳ</strong></span> <span class='ocrx_word' id='word_1_419' title='bbox 1175 1465 1333 1500; x_wconf 79' lang='grc' dir='ltr'><strong>συναπέσϐη</strong></span> <span class='ocrx_word' id='word_1_420' title='bbox 1349 1465 1443 1491; x_wconf 84' lang='grc' dir='ltr'><strong>στάσει</strong></span> <span class='ocrx_word' id='word_1_421' title='bbox 1461 1464 1588 1499; x_wconf 91' lang='grc' dir='ltr'><strong>μέγιστος</strong></span> <span class='ocrx_word' id='word_1_422' title='bbox 1618 1462 1740 1498; x_wconf 87' lang='grc' dir='ltr'><strong>γεγονὼς</strong></span> <span class='ocrx_word' id='word_1_423' title='bbox 1773 1463 1820 1490; x_wconf 79' lang='grc' dir='ltr'><strong>καὶ</strong></span> 
     </span>
    </p>
   </div>
   <div class='ocr_carea' id='block_1_57' title="bbox 179 1507 672 1543">
    <p class='ocr_par' dir='ltr' id='par_1_57' title="bbox 179 1507 672 1543">
     <span class='ocr_line' id='line_1_57' title="bbox 179 1507 672 1543; baseline 0.006 -10"><span class='ocrx_word' id='word_1_424' title='bbox 179 1507 194 1532; x_wconf 88' lang='grc' dir='ltr'><strong>ὀ</strong></span> <span class='ocrx_word' id='word_1_425' title='bbox 210 1507 352 1542; x_wconf 82' lang='grc' dir='ltr'><strong>Μαρσικὸς</strong></span> <span class='ocrx_word' id='word_1_426' title='bbox 370 1507 528 1542; x_wconf 76' lang='grc' dir='ltr'><strong>ἐπικληθεὶς</strong></span> <span class='ocrx_word' id='word_1_427' title='bbox 546 1508 672 1543; x_wconf 82' lang='grc' dir='ltr'><strong>πόλεμος.</strong></span> 
     </span>
    </p>
   </div>
   <div class='ocr_carea' id='block_1_58' title="bbox 216 1553 973 1590">
    <p class='ocr_par' dir='ltr' id='par_1_58' title="bbox 216 1553 973 1590">
     <span class='ocr_line' id='line_1_58' title="bbox 216 1553 973 1590; baseline 0.004 -11"><span class='ocrx_word' id='word_1_428' title='bbox 216 1554 277 1580; x_wconf 80' lang='grc' dir='ltr'><strong>Ὅτι</strong></span> <span class='ocrx_word' id='word_1_429' title='bbox 292 1553 399 1588; x_wconf 88' lang='grc' dir='ltr'><strong>μεγάλη</strong></span> <span class='ocrx_word' id='word_1_430' title='bbox 415 1554 508 1584; x_wconf 78' lang='grc' dir='ltr'><strong>στάσις</strong></span> <span class='ocrx_word' id='word_1_431' title='bbox 523 1554 654 1589; x_wconf 79' lang='grc' dir='ltr'><strong>ἐμφύλιος</strong></span> <span class='ocrx_word' id='word_1_432' title='bbox 671 1554 721 1589; x_wconf 75' lang='grc' dir='ltr'><strong>ήδη</strong></span> <span class='ocrx_word' id='word_1_433' title='bbox 738 1554 915 1590; x_wconf 87' lang='grc' dir='ltr'><strong>διαλυομένου</strong></span> <span class='ocrx_word' id='word_1_434' title='bbox 925 1554 973 1582; x_wconf 76' lang='grc' dir='ltr'><strong>τοῦ</strong></span> 
     </span>
    </p>
   </div>
   <div class='ocr_carea' id='block_1_59' title="bbox 1025 1553 1819 1590">
    <p class='ocr_par' dir='ltr' id='par_1_59' title="bbox 1062 1553 1819 1589">
     <span class='ocr_line' id='line_1_59' title="bbox 1062 1553 1819 1589; baseline -0.001 -7"><span class='ocrx_word' id='word_1_435' title='bbox 1062 1555 1175 1582; x_wconf 78' lang='lat' dir='ltr'><strong>Exstitit</strong></span> <span class='ocrx_word' id='word_1_436' title='bbox 1201 1559 1303 1587; x_wconf 89' lang='lat' dir='ltr'><strong>antem,</strong></span> <span class='ocrx_word' id='word_1_437' title='bbox 1321 1553 1491 1582; x_wconf 85' lang='lat' dir='ltr'><strong>exolescente</strong></span> <span class='ocrx_word' id='word_1_438' title='bbox 1515 1554 1571 1589; x_wconf 90' lang='lat' dir='ltr'><strong>jam</strong></span> <span class='ocrx_word' id='word_1_439' title='bbox 1598 1554 1668 1581; x_wconf 91' lang='lat' dir='ltr'><strong>bello</strong></span> <span class='ocrx_word' id='word_1_440' title='bbox 1693 1554 1819 1581; x_wconf 80' lang='lat' dir='ltr'><strong>Marsico-</strong></span> 
     </span>
    </p>
   </div>
   <div class='ocr_carea' id='block_1_60' title="bbox 179 1597 973 1635">
    <p class='ocr_par' dir='ltr' id='par_1_60' title="bbox 179 1597 973 1635">
     <span class='ocr_line' id='line_1_60' title="bbox 179 1597 973 1635; baseline 0.004 -10"><span class='ocrx_word' id='word_1_441' title='bbox 179 1598 325 1634; x_wconf 84' lang='grc' dir='ltr'><strong>Μαρσικοῦ</strong></span> <span class='ocrx_word' id='word_1_442' title='bbox 348 1599 443 1633; x_wconf 84' lang='grc' dir='ltr'><strong>γέγονε</strong></span> <span class='ocrx_word' id='word_1_443' title='bbox 467 1599 597 1634; x_wconf 83' lang='grc' dir='ltr'><strong>πολέμου,</strong></span> <span class='ocrx_word' id='word_1_444' title='bbox 613 1597 647 1635; x_wconf 83' lang='grc' dir='ltr'><strong>ἦς</strong></span> <span class='ocrx_word' id='word_1_445' title='bbox 671 1600 788 1635; x_wconf 80' lang='grc' dir='ltr'><strong>ἡγοῦντο</strong></span> <span class='ocrx_word' id='word_1_446' title='bbox 804 1601 906 1633; x_wconf 85' lang='grc' dir='ltr'><strong>Σύλλας</strong></span> <span class='ocrx_word' id='word_1_447' title='bbox 927 1603 973 1628; x_wconf 70' lang='grc' dir='ltr'><strong>καὶ</strong></span> 
     </span>
    </p>
   </div>
   <div class='ocr_carea' id='block_1_61' title="bbox 1025 1597 1821 1635">
    <p class='ocr_par' dir='ltr' id='par_1_61' title="bbox 1032 1598 1821 1635">
     <span class='ocr_line' id='line_1_61' title="bbox 1032 1598 1821 1635; baseline -0.003 -8"><span class='ocrx_word' id='word_1_448' title='bbox 1032 1600 1126 1635; x_wconf 75' lang='lat' dir='ltr'><strong>ingens</strong></span> <span class='ocrx_word' id='word_1_449' title='bbox 1141 1599 1238 1626; x_wconf 85' lang='lat' dir='ltr'><strong>seditio</strong></span> <span class='ocrx_word' id='word_1_450' title='bbox 1253 1599 1351 1630; x_wconf 84' lang='lat' dir='ltr'><strong>civilis,</strong></span> <span class='ocrx_word' id='word_1_451' title='bbox 1368 1599 1445 1632; x_wconf 86' lang='lat' dir='ltr'><strong>cujus</strong></span> <span class='ocrx_word' id='word_1_452' title='bbox 1474 1599 1555 1626; x_wconf 88' lang='lat' dir='ltr'><strong>duces</strong></span> <span class='ocrx_word' id='word_1_453' title='bbox 1574 1604 1652 1625; x_wconf 81' lang='lat' dir='ltr'><strong>erunl</strong></span> <span class='ocrx_word' id='word_1_454' title='bbox 1684 1598 1758 1633; x_wconf 82' lang='lat' dir='ltr'><strong>Sylla</strong></span> <span class='ocrx_word' id='word_1_455' title='bbox 1792 1604 1821 1625; x_wconf 86' lang='lat' dir='ltr'><strong>et</strong></span> 
     </span>
    </p>
   </div>
   <div class='ocr_carea' id='block_1_62' title="bbox 180 1644 973 1682">
    <p class='ocr_par' dir='ltr' id='par_1_62' title="bbox 180 1645 973 1682">
     <span class='ocr_line' id='line_1_62' title="bbox 180 1645 973 1682; baseline 0.005 -11"><span class='ocrx_word' id='word_1_456' title='bbox 180 1645 258 1677; x_wconf 84' lang='grc' dir='ltr'><strong>Γάϊος</strong></span> <span class='ocrx_word' id='word_1_457' title='bbox 281 1645 398 1681; x_wconf 84' lang='grc' dir='ltr'><strong>Μάριος,</strong></span> <span class='ocrx_word' id='word_1_458' title='bbox 414 1645 473 1677; x_wconf 87' lang='grc' dir='ltr'><strong>νέος</strong></span> <span class='ocrx_word' id='word_1_459' title='bbox 484 1646 532 1678; x_wconf 85' lang='grc' dir='ltr'><strong>ὢν,</strong></span> <span class='ocrx_word' id='word_1_460' title='bbox 548 1647 562 1673; x_wconf 86' lang='grc' dir='ltr'><strong>ό</strong></span> <span class='ocrx_word' id='word_1_461' title='bbox 577 1647 684 1682; x_wconf 88' lang='grc' dir='ltr'><strong>Μαρίου</strong></span> <span class='ocrx_word' id='word_1_462' title='bbox 698 1647 744 1674; x_wconf 82' lang='grc' dir='ltr'><strong>τοῦ</strong></span> <span class='ocrx_word' id='word_1_463' title='bbox 758 1647 887 1680; x_wconf 85' lang='grc' dir='ltr'><strong>πολλάκις</strong></span> <span class='ocrx_word' id='word_1_464' title='bbox 903 1648 973 1675; x_wconf 79' lang='grc' dir='ltr'><strong>ὑπα-</strong></span> 
     </span>
    </p>
   </div>
   <div class='ocr_carea' id='block_1_63' title="bbox 1025 1644 1820 1682">
    <p class='ocr_par' dir='ltr' id='par_1_63' title="bbox 1028 1644 1820 1679">
     <span class='ocr_line' id='line_1_63' title="bbox 1028 1644 1820 1679; baseline -0.001 -8"><span class='ocrx_word' id='word_1_465' title='bbox 1028 1645 1111 1672; x_wconf 89' lang='lat' dir='ltr'><strong>Cains</strong></span> <span class='ocrx_word' id='word_1_466' title='bbox 1131 1645 1241 1677; x_wconf 80' lang='lat' dir='ltr'><strong>Marius,</strong></span> <span class='ocrx_word' id='word_1_467' title='bbox 1259 1645 1367 1678; x_wconf 83' lang='lat' dir='ltr'><strong>juvenis</strong></span> <span class='ocrx_word' id='word_1_468' title='bbox 1385 1645 1473 1672; x_wconf 88' lang='lat' dir='ltr'><strong>adhuc</strong></span> <span class='ocrx_word' id='word_1_469' title='bbox 1493 1644 1550 1672; x_wconf 88' lang='lat' dir='ltr'><strong>Caii</strong></span> <span class='ocrx_word' id='word_1_470' title='bbox 1569 1644 1646 1672; x_wconf 79' lang='lat' dir='ltr'><strong>Marii</strong></span> <span class='ocrx_word' id='word_1_471' title='bbox 1666 1645 1746 1677; x_wconf 85' lang='lat' dir='ltr'><strong>ﬁlius,</strong></span> <span class='ocrx_word' id='word_1_472' title='bbox 1762 1644 1820 1679; x_wconf 77' lang='lat' dir='ltr'><strong>ejus</strong></span> 
     </span>
    </p>
   </div>
   <div class='ocr_carea' id='block_1_64' title="bbox 179 1689 973 1729">
    <p class='ocr_par' dir='ltr' id='par_1_64' title="bbox 179 1691 972 1729">
     <span class='ocr_line' id='line_1_64' title="bbox 179 1691 972 1729; baseline 0.004 -12"><span class='ocrx_word' id='word_1_473' title='bbox 179 1691 307 1722; x_wconf 73' lang='grc' dir='ltr'><strong>τευκόσος</strong></span> <span class='ocrx_word' id='word_1_474' title='bbox 331 1692 465 1725; x_wconf 75' lang='grc' dir='ltr'><strong>(ἑπτάκις</strong></span> <span class='ocrx_word' id='word_1_475' title='bbox 488 1692 542 1727; x_wconf 80' lang='grc' dir='ltr'><strong>γάρ</strong></span> <span class='ocrx_word' id='word_1_476' title='bbox 568 1692 722 1728; x_wconf 81' lang='grc' dir='ltr'><strong>ὑπάτευσε)</strong></span> <span class='ocrx_word' id='word_1_477' title='bbox 742 1694 818 1725; x_wconf 84' lang='grc' dir='ltr'><strong>παῖς.</strong></span> <span class='ocrx_word' id='word_1_478' title='bbox 839 1693 881 1719; x_wconf 85' lang='grc' dir='ltr'><strong>Ἐν</strong></span> <span class='ocrx_word' id='word_1_479' title='bbox 897 1693 925 1719; x_wconf 82' lang='grc' dir='ltr'><strong>δὲ</strong></span> <span class='ocrx_word' id='word_1_480' title='bbox 939 1695 972 1729; x_wconf 79' lang='grc' dir='ltr'><strong>τῇ</strong></span> 
     </span>
    </p>
   </div>
   <div class='ocr_carea' id='block_1_65' title="bbox 1025 1689 1822 1729">
    <p class='ocr_par' dir='ltr' id='par_1_65' title="bbox 1029 1689 1822 1726">
     <span class='ocr_line' id='line_1_65' title="bbox 1029 1689 1822 1726; baseline -0.001 -9"><span class='ocrx_word' id='word_1_481' title='bbox 1029 1691 1075 1726; x_wconf 91' lang='lat' dir='ltr'><strong>qui</strong></span> <span class='ocrx_word' id='word_1_482' title='bbox 1092 1692 1173 1717; x_wconf 85' lang='lat' dir='ltr'><strong>toties</strong></span> <span class='ocrx_word' id='word_1_483' title='bbox 1195 1690 1307 1725; x_wconf 84' lang='lat' dir='ltr'><strong>(septies</strong></span> <span class='ocrx_word' id='word_1_484' title='bbox 1335 1690 1419 1725; x_wconf 88' lang='lat' dir='ltr'><strong>enim)</strong></span> <span class='ocrx_word' id='word_1_485' title='bbox 1440 1691 1609 1717; x_wconf 87' lang='lat' dir='ltr'><strong>consulatum</strong></span> <span class='ocrx_word' id='word_1_486' title='bbox 1633 1690 1725 1725; x_wconf 80' lang='lat' dir='ltr'><strong>gessit.</strong></span> <span class='ocrx_word' id='word_1_487' title='bbox 1743 1689 1771 1717; x_wconf 92' lang='lat' dir='ltr'><strong>ln</strong></span> <span class='ocrx_word' id='word_1_488' title='bbox 1787 1697 1822 1717; x_wconf 80' lang='lat' dir='ltr'><strong>ea</strong></span> 
     </span>
    </p>
   </div>
   <div class='ocr_carea' id='block_1_66' title="bbox 181 1735 973 1775">
    <p class='ocr_par' dir='ltr' id='par_1_66' title="bbox 181 1736 973 1775">
     <span class='ocr_line' id='line_1_66' title="bbox 181 1736 973 1775; baseline 0.003 -11"><span class='ocrx_word' id='word_1_489' title='bbox 181 1737 276 1764; x_wconf 87' lang='grc' dir='ltr'><strong>στάσει</strong></span> <span class='ocrx_word' id='word_1_490' title='bbox 296 1736 356 1773; x_wconf 76' lang='lat' dir='ltr'><strong>[6M</strong></span> <span class='ocrx_word' id='word_1_491' title='bbox 375 1736 422 1773; x_wconf 71' lang='grc'><strong>[1.]</strong></span> <span class='ocrx_word' id='word_1_492' title='bbox 441 1737 538 1764; x_wconf 73' lang='grc' dir='ltr'><strong>πολλαὶ</strong></span> <span class='ocrx_word' id='word_1_493' title='bbox 554 1738 683 1774; x_wconf 83' lang='grc' dir='ltr'><strong>μυριάδες</strong></span> <span class='ocrx_word' id='word_1_494' title='bbox 705 1739 857 1774; x_wconf 79' lang='grc' dir='ltr'><strong>ἀνθρώπων</strong></span> <span class='ocrx_word' id='word_1_495' title='bbox 873 1739 973 1775; x_wconf 78' lang='grc' dir='ltr'><strong>ἀνῃρέ-</strong></span> 
     </span>
    </p>
   </div>
   <div class='ocr_carea' id='block_1_67' title="bbox 1025 1735 1817 1775">
    <p class='ocr_par' dir='ltr' id='par_1_67' title="bbox 1027 1735 1817 1766">
     <span class='ocr_line' id='line_1_67' title="bbox 1027 1735 1817 1766; baseline -0.004 -2"><span class='ocrx_word' id='word_1_496' title='bbox 1027 1736 1160 1765; x_wconf 82' lang='lat' dir='ltr'><strong>seditione</strong></span> <span class='ocrx_word' id='word_1_497' title='bbox 1188 1735 1335 1763; x_wconf 80' lang='lat' dir='ltr'><strong>interiecta</strong></span> <span class='ocrx_word' id='word_1_498' title='bbox 1359 1741 1421 1763; x_wconf 84' lang='lat' dir='ltr'><strong>sunt</strong></span> <span class='ocrx_word' id='word_1_499' title='bbox 1448 1736 1586 1763; x_wconf 88' lang='lat' dir='ltr'><strong>hominum</strong></span> <span class='ocrx_word' id='word_1_500' title='bbox 1614 1736 1698 1763; x_wconf 89' lang='lat' dir='ltr'><strong>multa</strong></span> <span class='ocrx_word' id='word_1_501' title='bbox 1723 1736 1817 1766; x_wconf 86' lang='lat' dir='ltr'><strong>millia,</strong></span> 
     </span>
    </p>
   </div>
   <div class='ocr_carea' id='block_1_68' title="bbox 181 1783 972 1819">
    <p class='ocr_par' dir='ltr' id='par_1_68' title="bbox 181 1783 972 1819">
     <span class='ocr_line' id='line_1_68' title="bbox 181 1783 972 1819; baseline 0 -9"><span class='ocrx_word' id='word_1_502' title='bbox 181 1783 277 1817; x_wconf 86' lang='grc' dir='ltr'><strong>θησαν.</strong></span> <span class='ocrx_word' id='word_1_503' title='bbox 287 1784 437 1819; x_wconf 83' lang='grc' dir='ltr'><strong>Ἐκράτησε</strong></span> <span class='ocrx_word' id='word_1_504' title='bbox 449 1784 471 1810; x_wconf 73' lang='grc' dir='ltr'><strong>δ’</strong></span> <span class='ocrx_word' id='word_1_505' title='bbox 480 1785 494 1810; x_wconf 82' lang='grc' dir='ltr'>ὁ</span> <span class='ocrx_word' id='word_1_506' title='bbox 506 1784 618 1816; x_wconf 85' lang='grc' dir='ltr'><strong>Σύλλας,</strong></span> <span class='ocrx_word' id='word_1_507' title='bbox 631 1784 679 1811; x_wconf 76' lang='grc' dir='ltr'><strong>καὶ</strong></span> <span class='ocrx_word' id='word_1_508' title='bbox 691 1784 827 1819; x_wconf 87' lang='grc' dir='ltr'><strong>δικτάτωρ</strong></span> <span class='ocrx_word' id='word_1_509' title='bbox 842 1784 972 1818; x_wconf 87' lang='grc' dir='ltr'><strong>γεγονὼς,</strong></span> 
     </span>
    </p>
   </div>
   <div class='ocr_carea' id='block_1_69' title="bbox 180 1828 973 1865">
    <p class='ocr_par' dir='ltr' id='par_1_69' title="bbox 180 1828 973 1865">
     <span class='ocr_line' id='line_1_69' title="bbox 180 1828 973 1865; baseline 0.001 -10"><span class='ocrx_word' id='word_1_510' title='bbox 180 1828 374 1864; x_wconf 73' lang='grc' dir='ltr'><strong>Ἐπαφρόδιτον</strong></span> <span class='ocrx_word' id='word_1_511' title='bbox 385 1838 415 1856; x_wconf 86' lang='grc' dir='ltr'><strong>τε</strong></span> <span class='ocrx_word' id='word_1_512' title='bbox 439 1829 576 1864; x_wconf 83' lang='grc' dir='ltr'><strong>ὀνομάσας</strong></span> <span class='ocrx_word' id='word_1_513' title='bbox 602 1829 708 1862; x_wconf 83' lang='grc' dir='ltr'><strong>ἐαυτὸν,</strong></span> <span class='ocrx_word' id='word_1_514' title='bbox 725 1830 775 1856; x_wconf 76' lang='grc' dir='ltr'><strong>οὐκ</strong></span> <span class='ocrx_word' id='word_1_515' title='bbox 787 1829 907 1865; x_wconf 84' lang='grc' dir='ltr'><strong>ἐψεύσθη</strong></span> <span class='ocrx_word' id='word_1_516' title='bbox 922 1830 973 1865; x_wconf 88' lang='grc' dir='ltr'><strong>τῆς</strong></span> 
     </span>
    </p>
   </div>
   <div class='ocr_carea' id='block_1_70' title="bbox 180 1874 973 1911">
    <p class='ocr_par' dir='ltr' id='par_1_70' title="bbox 180 1874 973 1911">
     <span class='ocr_line' id='line_1_70' title="bbox 180 1874 973 1911; baseline 0.003 -10"><span class='ocrx_word' id='word_1_517' title='bbox 180 1874 357 1906; x_wconf 78' lang='grc' dir='ltr'><strong>ἀλαζονείας·</strong></span> <span class='ocrx_word' id='word_1_518' title='bbox 381 1875 491 1910; x_wconf 86' lang='grc' dir='ltr'><strong>κρατῶν</strong></span> <span class='ocrx_word' id='word_1_519' title='bbox 505 1876 558 1911; x_wconf 83' lang='grc' dir='ltr'><strong>γὰρ</strong></span> <span class='ocrx_word' id='word_1_520' title='bbox 571 1877 627 1906; x_wconf 86' lang='grc' dir='ltr'><strong>τοῖς</strong></span> <span class='ocrx_word' id='word_1_521' title='bbox 647 1876 777 1910; x_wconf 86' lang='grc' dir='ltr'><strong>πολέμοις</strong></span> <span class='ocrx_word' id='word_1_522' title='bbox 793 1875 851 1911; x_wconf 86' lang='grc' dir='ltr'><strong>ἰδίῳ</strong></span> <span class='ocrx_word' id='word_1_523' title='bbox 866 1876 973 1903; x_wconf 82' lang='grc' dir='ltr'><strong>άπεϐίω</strong></span> 
     </span>
    </p>
   </div>
   <div class='ocr_carea' id='block_1_71' title="bbox 182 1920 971 1956">
    <p class='ocr_par' dir='ltr' id='par_1_71' title="bbox 182 1920 971 1956">
     <span class='ocr_line' id='line_1_71' title="bbox 182 1920 971 1956; baseline 0.003 -10"><span class='ocrx_word' id='word_1_524' title='bbox 182 1920 299 1955; x_wconf 86' lang='grc' dir='ltr'><strong>θανάτῳ.</strong></span> <span class='ocrx_word' id='word_1_525' title='bbox 309 1920 337 1947; x_wconf 86' lang='lat'><strong>&#39;0</strong></span> <span class='ocrx_word' id='word_1_526' title='bbox 347 1920 375 1947; x_wconf 77' lang='grc' dir='ltr'><strong>δὲ</strong></span> <span class='ocrx_word' id='word_1_527' title='bbox 385 1921 490 1956; x_wconf 85' lang='grc' dir='ltr'><strong>Μάριος</strong></span> <span class='ocrx_word' id='word_1_528' title='bbox 507 1921 581 1956; x_wconf 87' lang='grc' dir='ltr'><strong>μάχῃ</strong></span> <span class='ocrx_word' id='word_1_529' title='bbox 595 1922 628 1956; x_wconf 82' lang='grc' dir='ltr'><strong>τῇ</strong></span> <span class='ocrx_word' id='word_1_530' title='bbox 642 1921 711 1956; x_wconf 82' lang='grc' dir='ltr'><strong>πρὸς</strong></span> <span class='ocrx_word' id='word_1_531' title='bbox 722 1921 824 1948; x_wconf 86' lang='grc' dir='ltr'><strong>Σύλλαν</strong></span> <span class='ocrx_word' id='word_1_532' title='bbox 839 1921 971 1956; x_wconf 88' lang='grc' dir='ltr'><strong>γενναίως</strong></span> 
     </span>
    </p>
   </div>
   <div class='ocr_carea' id='block_1_72' title="bbox 180 1966 973 2003">
    <p class='ocr_par' dir='ltr' id='par_1_72' title="bbox 180 1966 973 2003">
     <span class='ocr_line' id='line_1_72' title="bbox 180 1966 973 2003; baseline -0.001 -9"><span class='ocrx_word' id='word_1_533' title='bbox 180 1967 395 2001; x_wconf 82' lang='grc' dir='ltr'><strong>ἀγωνισάμενος,</strong></span> <span class='ocrx_word' id='word_1_534' title='bbox 411 1967 486 2001; x_wconf 84' lang='grc' dir='ltr'><strong>ὅμως</strong></span> <span class='ocrx_word' id='word_1_535' title='bbox 501 1966 628 2002; x_wconf 81' lang='grc' dir='ltr'><strong>ἡττηθεὶς</strong></span> <span class='ocrx_word' id='word_1_536' title='bbox 645 1967 800 2001; x_wconf 78' lang='grc' dir='ltr'><strong>κατέφυγεν</strong></span> <span class='ocrx_word' id='word_1_537' title='bbox 824 1968 864 1999; x_wconf 85' lang='grc' dir='ltr'><strong>εις</strong></span> <span class='ocrx_word' id='word_1_538' title='bbox 888 1967 973 2003; x_wconf 80' lang='grc' dir='ltr'><strong>Πραί-</strong></span> 
     </span>
    </p>
   </div>
   <div class='ocr_carea' id='block_1_73' title="bbox 181 2011 972 2048">
    <p class='ocr_par' dir='ltr' id='par_1_73' title="bbox 181 2011 972 2048">
     <span class='ocr_line' id='line_1_73' title="bbox 181 2011 972 2048; baseline 0 -9"><span class='ocrx_word' id='word_1_539' title='bbox 181 2021 273 2040; x_wconf 92' lang='grc' dir='ltr'><strong>νεστον</strong></span> <span class='ocrx_word' id='word_1_540' title='bbox 287 2012 345 2048; x_wconf 78' lang='grc' dir='ltr'><strong>ἅμα</strong></span> <span class='ocrx_word' id='word_1_541' title='bbox 360 2013 468 2048; x_wconf 84' lang='grc' dir='ltr'><strong>μυρίοις</strong></span> <span class='ocrx_word' id='word_1_542' title='bbox 482 2011 723 2047; x_wconf 83' lang='grc' dir='ltr'><strong>πεντακισχιλίοις.</strong></span> <span class='ocrx_word' id='word_1_543' title='bbox 738 2012 931 2047; x_wconf 78' lang='grc' dir='ltr'><strong>Συγκλεισθεὶς</strong></span> <span class='ocrx_word' id='word_1_544' title='bbox 944 2013 972 2040; x_wconf 89' lang='grc' dir='ltr'><strong>δ’</strong></span> 
     </span>
    </p>
   </div>
   <div class='ocr_carea' id='block_1_74' title="bbox 180 2057 972 2093">
    <p class='ocr_par' dir='ltr' id='par_1_74' title="bbox 180 2057 972 2093">
     <span class='ocr_line' id='line_1_74' title="bbox 180 2057 972 2093; baseline 0.001 -9"><span class='ocrx_word' id='word_1_545' title='bbox 180 2058 209 2084; x_wconf 75' lang='grc' dir='ltr'><strong>ἐν</strong></span> <span class='ocrx_word' id='word_1_546' title='bbox 223 2058 292 2093; x_wconf 83' lang='grc' dir='ltr'><strong>αὐτῇ</strong></span> <span class='ocrx_word' id='word_1_547' title='bbox 304 2058 352 2085; x_wconf 77' lang='grc' dir='ltr'><strong>καὶ</strong></span> <span class='ocrx_word' id='word_1_548' title='bbox 367 2058 462 2093; x_wconf 86' lang='grc' dir='ltr'><strong>χρόνον</strong></span> <span class='ocrx_word' id='word_1_549' title='bbox 475 2058 526 2084; x_wconf 83' lang='grc' dir='ltr'><strong>οὐκ</strong></span> <span class='ocrx_word' id='word_1_550' title='bbox 540 2057 630 2091; x_wconf 85' lang='grc' dir='ltr'><strong>ὀλίγον</strong></span> <span class='ocrx_word' id='word_1_551' title='bbox 646 2058 839 2093; x_wconf 80' lang='grc' dir='ltr'><strong>πολιορκηθεὶς</strong></span> <span class='ocrx_word' id='word_1_552' title='bbox 853 2058 972 2093; x_wconf 76' lang='grc' dir='ltr'><strong>ἠναγκά-</strong></span> 
     </span>
    </p>
   </div>
   <div class='ocr_carea' id='block_1_75' title="bbox 181 2103 970 2139">
    <p class='ocr_par' dir='ltr' id='par_1_75' title="bbox 181 2103 970 2139">
     <span class='ocr_line' id='line_1_75' title="bbox 181 2103 970 2139; baseline 0.001 -9"><span class='ocrx_word' id='word_1_553' title='bbox 181 2104 243 2139; x_wconf 81' lang='grc' dir='ltr'><strong>σθη1</strong></span> <span class='ocrx_word' id='word_1_554' title='bbox 261 2105 368 2133; x_wconf 86' lang='grc' dir='ltr'><strong>πάντων</strong></span> <span class='ocrx_word' id='word_1_555' title='bbox 381 2104 462 2130; x_wconf 80' lang='grc' dir='ltr'><strong>αὑτὸν</strong></span> <span class='ocrx_word' id='word_1_556' title='bbox 476 2103 815 2137; x_wconf 65' lang='grc' dir='ltr'><strong>ἐγκαταλιπόντων⁸⁶,ξκα“ι</strong></span> <span class='ocrx_word' id='word_1_557' title='bbox 835 2103 970 2139; x_wconf 82' lang='grc' dir='ltr'><strong>μηδεμίαν</strong></span> 
     </span>
    </p>
   </div>
   <div class='ocr_carea' id='block_1_76' title="bbox 181 2149 970 2185">
    <p class='ocr_par' dir='ltr' id='par_1_76' title="bbox 181 2149 970 2185">
     <span class='ocr_line' id='line_1_76' title="bbox 181 2149 970 2185; baseline -0.003 -8"><span class='ocrx_word' id='word_1_558' title='bbox 181 2150 315 2185; x_wconf 85' lang='grc' dir='ltr'><strong>σωτηρίας</strong></span> <span class='ocrx_word' id='word_1_559' title='bbox 328 2150 388 2175; x_wconf 77' lang='grc' dir='ltr'><strong>ὁδὸν</strong></span> <span class='ocrx_word' id='word_1_560' title='bbox 400 2149 535 2185; x_wconf 80' lang='grc' dir='ltr'><strong>καθορῶν,</strong></span> <span class='ocrx_word' id='word_1_561' title='bbox 548 2149 597 2184; x_wconf 80' lang='grc' dir='ltr'><strong>τὴν</strong></span> <span class='ocrx_word' id='word_1_562' title='bbox 610 2149 669 2181; x_wconf 77' lang='grc' dir='ltr'><strong>ἐνὸς</strong></span> <span class='ocrx_word' id='word_1_563' title='bbox 680 2149 786 2176; x_wconf 70' lang='grc' dir='ltr'><strong>οἰκέτου</strong></span> <span class='ocrx_word' id='word_1_564' title='bbox 797 2149 851 2175; x_wconf 84' lang='grc' dir='ltr'><strong>τῶν</strong></span> <span class='ocrx_word' id='word_1_565' title='bbox 864 2149 970 2176; x_wconf 78' lang='grc' dir='ltr'><strong>πιστῶν</strong></span> 
     </span>
    </p>
   </div>
   <div class='ocr_carea' id='block_1_77' title="bbox 180 2196 969 2231">
    <p class='ocr_par' dir='ltr' id='par_1_77' title="bbox 180 2196 969 2231">
     <span class='ocr_line' id='line_1_77' title="bbox 180 2196 969 2231; baseline -0.001 -8"><span class='ocrx_word' id='word_1_566' title='bbox 180 2198 258 2231; x_wconf 84' lang='grc' dir='ltr'><strong>χεῖρα</strong></span> <span class='ocrx_word' id='word_1_567' title='bbox 274 2197 314 2228; x_wconf 87' lang='grc' dir='ltr'><strong>εἰς</strong></span> <span class='ocrx_word' id='word_1_568' title='bbox 336 2196 412 2223; x_wconf 90' lang='grc' dir='ltr'><strong>λύσιν</strong></span> <span class='ocrx_word' id='word_1_569' title='bbox 433 2196 487 2223; x_wconf 86' lang='grc' dir='ltr'><strong>τῶν</strong></span> <span class='ocrx_word' id='word_1_570' title='bbox 506 2196 600 2223; x_wconf 80' lang='grc' dir='ltr'><strong>δεινῶν</strong></span> <span class='ocrx_word' id='word_1_571' title='bbox 622 2196 821 2231; x_wconf 80' lang='grc' dir='ltr'><strong>παρακαλέσαι.</strong></span> <span class='ocrx_word' id='word_1_572' title='bbox 839 2196 894 2222; x_wconf 73' lang='grc' dir='ltr'><strong>Καὶ</strong></span> <span class='ocrx_word' id='word_1_573' title='bbox 908 2196 922 2222; x_wconf 85' lang='grc' dir='ltr'><strong>ὅ</strong></span> <span class='ocrx_word' id='word_1_574' title='bbox 937 2204 969 2230; x_wconf 87' lang='grc' dir='ltr'><strong>γε</strong></span> 
     </span>
    </p>
   </div>
   <div class='ocr_carea' id='block_1_78' title="bbox 1026 1781 1822 1817">
    <p class='ocr_par' dir='ltr' id='par_1_78' title="bbox 1026 1781 1822 1817">
     <span class='ocr_line' id='line_1_78' title="bbox 1026 1781 1822 1817; baseline -0.001 -9"><span class='ocrx_word' id='word_1_575' title='bbox 1026 1788 1059 1808; x_wconf 87' lang='lat' dir='ltr'><strong>ac</strong></span> <span class='ocrx_word' id='word_1_576' title='bbox 1081 1782 1205 1816; x_wconf 84' lang='lat' dir='ltr'><strong>superior</strong></span> <span class='ocrx_word' id='word_1_577' title='bbox 1229 1782 1316 1809; x_wconf 82' lang='lat' dir='ltr'><strong>factus</strong></span> <span class='ocrx_word' id='word_1_578' title='bbox 1337 1781 1422 1817; x_wconf 79' lang='lat' dir='ltr'><strong>Sylla,</strong></span> <span class='ocrx_word' id='word_1_579' title='bbox 1439 1786 1468 1809; x_wconf 90' lang='lat' dir='ltr'><strong>et</strong></span> <span class='ocrx_word' id='word_1_580' title='bbox 1484 1782 1601 1809; x_wconf 83' lang='lat' dir='ltr'><strong>dictator</strong></span> <span class='ocrx_word' id='word_1_581' title='bbox 1620 1786 1729 1808; x_wconf 85' lang='lat' dir='ltr'><strong>creatus</strong></span> <span class='ocrx_word' id='word_1_582' title='bbox 1749 1781 1822 1808; x_wconf 78' lang='lat' dir='ltr'><strong>Feli-</strong></span> 
     </span>
    </p>
   </div>
   <div class='ocr_carea' id='block_1_79' title="bbox 1026 1822 1819 1862">
    <p class='ocr_par' dir='ltr' id='par_1_79' title="bbox 1026 1822 1819 1862">
     <span class='ocr_line' id='line_1_79' title="bbox 1026 1822 1819 1862; baseline 0 -9"><span class='ocrx_word' id='word_1_583' title='bbox 1026 1833 1086 1853; x_wconf 90' lang='lat' dir='ltr'><strong>cem</strong></span> <span class='ocrx_word' id='word_1_584' title='bbox 1109 1827 1229 1860; x_wconf 89' lang='lat' dir='ltr'><strong>seipsum</strong></span> <span class='ocrx_word' id='word_1_585' title='bbox 1244 1826 1406 1859; x_wconf 85' lang='lat' dir='ltr'><strong>nominavit,</strong></span> <span class='ocrx_word' id='word_1_586' title='bbox 1431 1834 1492 1860; x_wconf 74' lang='lat' dir='ltr'><strong>qua:</strong></span> <span class='ocrx_word' id='word_1_587' title='bbox 1511 1834 1573 1854; x_wconf 93' lang='lat' dir='ltr'><strong>eum</strong></span> <span class='ocrx_word' id='word_1_588' title='bbox 1592 1822 1747 1862; x_wconf 56' lang='lat' dir='ltr'><strong>arrogantia</strong></span> <span class='ocrx_word' id='word_1_589' title='bbox 1766 1833 1819 1854; x_wconf 85' lang='lat' dir='ltr'><strong>non</strong></span> 
     </span>
    </p>
   </div>
   <div class='ocr_carea' id='block_1_80' title="bbox 1026 1871 1825 1908">
    <p class='ocr_par' dir='ltr' id='par_1_80' title="bbox 1026 1871 1825 1908">
     <span class='ocr_line' id='line_1_80' title="bbox 1026 1871 1825 1908; baseline 0.001 -9"><span class='ocrx_word' id='word_1_590' title='bbox 1026 1871 1134 1900; x_wconf 79' lang='lat' dir='ltr'><strong>fefellit.</strong></span> <span class='ocrx_word' id='word_1_591' title='bbox 1154 1873 1246 1900; x_wconf 82' lang='lat' dir='ltr'><strong>Armis</strong></span> <span class='ocrx_word' id='word_1_592' title='bbox 1263 1872 1335 1899; x_wconf 89' lang='lat' dir='ltr'><strong>enim</strong></span> <span class='ocrx_word' id='word_1_593' title='bbox 1359 1874 1483 1907; x_wconf 88' lang='lat' dir='ltr'><strong>superior</strong></span> <span class='ocrx_word' id='word_1_594' title='bbox 1504 1874 1613 1908; x_wconf 85' lang='lat' dir='ltr'><strong>propria</strong></span> <span class='ocrx_word' id='word_1_595' title='bbox 1634 1879 1720 1900; x_wconf 89' lang='lat' dir='ltr'><strong>morte</strong></span> <span class='ocrx_word' id='word_1_596' title='bbox 1737 1880 1825 1900; x_wconf 79' lang='lat' dir='ltr'><strong>occu-</strong></span> 
     </span>
    </p>
   </div>
   <div class='ocr_carea' id='block_1_81' title="bbox 1026 1918 1821 1955">
    <p class='ocr_par' dir='ltr' id='par_1_81' title="bbox 1026 1918 1821 1955">
     <span class='ocr_line' id='line_1_81' title="bbox 1026 1918 1821 1955; baseline -0.001 -9"><span class='ocrx_word' id='word_1_597' title='bbox 1026 1919 1094 1946; x_wconf 88' lang='lat' dir='ltr'><strong>buit.</strong></span> <span class='ocrx_word' id='word_1_598' title='bbox 1121 1918 1223 1946; x_wconf 86' lang='lat' dir='ltr'><strong>Marius</strong></span> <span class='ocrx_word' id='word_1_599' title='bbox 1251 1926 1316 1946; x_wconf 89' lang='lat' dir='ltr'><strong>vero</strong></span> <span class='ocrx_word' id='word_1_600' title='bbox 1340 1919 1439 1954; x_wconf 70' lang='lat' dir='ltr'><strong>prmlio</strong></span> <span class='ocrx_word' id='word_1_601' title='bbox 1461 1927 1522 1947; x_wconf 88' lang='lat' dir='ltr'><strong>cum</strong></span> <span class='ocrx_word' id='word_1_602' title='bbox 1548 1919 1621 1955; x_wconf 84' lang='lat' dir='ltr'><strong>Sylla</strong></span> <span class='ocrx_word' id='word_1_603' title='bbox 1646 1925 1821 1954; x_wconf 77' lang='lat' dir='ltr'><strong>congressus,</strong></span> 
     </span>
    </p>
   </div>
   <div class='ocr_carea' id='block_1_82' title="bbox 1026 1967 1819 2002">
    <p class='ocr_par' dir='ltr' id='par_1_82' title="bbox 1026 1967 1819 2002">
     <span class='ocr_line' id='line_1_82' title="bbox 1026 1967 1819 2002; baseline 0.001 -10"><span class='ocrx_word' id='word_1_604' title='bbox 1026 1967 1151 2000; x_wconf 87' lang='lat' dir='ltr'><strong>quamvis</strong></span> <span class='ocrx_word' id='word_1_605' title='bbox 1173 1974 1306 2001; x_wconf 74' lang='lat' dir='ltr'><strong>generose</strong></span> <span class='ocrx_word' id='word_1_606' title='bbox 1329 1967 1480 2000; x_wconf 69' lang='lat' dir='ltr'><strong>proeliatus,</strong></span> <span class='ocrx_word' id='word_1_607' title='bbox 1497 1967 1596 2002; x_wconf 82' lang='lat' dir='ltr'><strong>393a</strong></span> <span class='ocrx_word' id='word_1_608' title='bbox 1615 1971 1707 1993; x_wconf 89' lang='lat' dir='ltr'><strong>tamen</strong></span> <span class='ocrx_word' id='word_1_609' title='bbox 1731 1967 1819 1993; x_wconf 86' lang='lat' dir='ltr'><strong>victus</strong></span> 
     </span>
    </p>
   </div>
   <div class='ocr_carea' id='block_1_83' title="bbox 1026 2011 1820 2049">
    <p class='ocr_par' dir='ltr' id='par_1_83' title="bbox 1026 2011 1820 2049">
     <span class='ocr_line' id='line_1_83' title="bbox 1026 2011 1820 2049; baseline -0.001 -10"><span class='ocrx_word' id='word_1_610' title='bbox 1026 2011 1162 2040; x_wconf 65' lang='lat' dir='ltr'><strong>Praeneste</strong></span> <span class='ocrx_word' id='word_1_611' title='bbox 1189 2012 1324 2049; x_wconf 74' lang='lat' dir='ltr'><strong>confugit,</strong></span> <span class='ocrx_word' id='word_1_612' title='bbox 1342 2021 1393 2040; x_wconf 90' lang='lat' dir='ltr'><strong>una</strong></span> <span class='ocrx_word' id='word_1_613' title='bbox 1413 2020 1475 2040; x_wconf 89' lang='lat' dir='ltr'><strong>cum</strong></span> <span class='ocrx_word' id='word_1_614' title='bbox 1499 2013 1572 2040; x_wconf 90' lang='lat' dir='ltr'><strong>mille</strong></span> <span class='ocrx_word' id='word_1_615' title='bbox 1593 2012 1749 2047; x_wconf 71' lang='lat' dir='ltr'><strong>quingentis</strong></span> <span class='ocrx_word' id='word_1_616' title='bbox 1768 2011 1820 2038; x_wconf 82' lang='lat' dir='ltr'><strong>mi-</strong></span> 
     </span>
    </p>
   </div>
   <div class='ocr_carea' id='block_1_84' title="bbox 1026 2058 1819 2093">
    <p class='ocr_par' dir='ltr' id='par_1_84' title="bbox 1026 2058 1819 2093">
     <span class='ocr_line' id='line_1_84' title="bbox 1026 2058 1819 2093; baseline 0 -8"><span class='ocrx_word' id='word_1_617' title='bbox 1026 2058 1129 2091; x_wconf 90' lang='lat' dir='ltr'><strong>litibus,</strong></span> <span class='ocrx_word' id='word_1_618' title='bbox 1153 2064 1180 2086; x_wconf 87' lang='lat' dir='ltr'><strong>et</strong></span> <span class='ocrx_word' id='word_1_619' title='bbox 1203 2059 1229 2086; x_wconf 94' lang='lat' dir='ltr'><strong>in</strong></span> <span class='ocrx_word' id='word_1_620' title='bbox 1257 2067 1288 2087; x_wconf 89' lang='lat' dir='ltr'><strong>ea</strong></span> <span class='ocrx_word' id='word_1_621' title='bbox 1316 2061 1382 2087; x_wconf 88' lang='lat' dir='ltr'><strong>urbe</strong></span> <span class='ocrx_word' id='word_1_622' title='bbox 1407 2059 1562 2092; x_wconf 89' lang='lat' dir='ltr'><strong>conclusus,</strong></span> <span class='ocrx_word' id='word_1_623' title='bbox 1585 2066 1634 2087; x_wconf 87' lang='lat' dir='ltr'><strong>nec</strong></span> <span class='ocrx_word' id='word_1_624' title='bbox 1657 2066 1752 2093; x_wconf 85' lang='lat' dir='ltr'><strong>parum</strong></span> <span class='ocrx_word' id='word_1_625' title='bbox 1774 2059 1819 2085; x_wconf 90' lang='lat' dir='ltr'><strong>diu</strong></span> 
     </span>
    </p>
   </div>
   <div class='ocr_carea' id='block_1_85' title="bbox 1026 2105 1820 2140">
    <p class='ocr_par' dir='ltr' id='par_1_85' title="bbox 1026 2105 1820 2140">
     <span class='ocr_line' id='line_1_85' title="bbox 1026 2105 1820 2140; baseline -0.001 -9"><span class='ocrx_word' id='word_1_626' title='bbox 1026 2105 1163 2134; x_wconf 87' lang='lat' dir='ltr'><strong>obsessus.</strong></span> <span class='ocrx_word' id='word_1_627' title='bbox 1182 2110 1291 2132; x_wconf 87' lang='lat' dir='ltr'><strong>coactus</strong></span> <span class='ocrx_word' id='word_1_628' title='bbox 1310 2110 1352 2132; x_wconf 83' lang='lat' dir='ltr'><strong>est</strong></span> <span class='ocrx_word' id='word_1_629' title='bbox 1371 2105 1415 2140; x_wconf 89' lang='lat' dir='ltr'><strong>(ab</strong></span> <span class='ocrx_word' id='word_1_630' title='bbox 1436 2105 1563 2131; x_wconf 86' lang='lat' dir='ltr'><strong>omnibus</strong></span> <span class='ocrx_word' id='word_1_631' title='bbox 1594 2105 1754 2135; x_wconf 82' lang='lat' dir='ltr'><strong>derelictus,</strong></span> <span class='ocrx_word' id='word_1_632' title='bbox 1770 2111 1820 2130; x_wconf 88' lang='lat' dir='ltr'><strong>nec</strong></span> 
     </span>
    </p>
   </div>
   <div class='ocr_carea' id='block_1_86' title="bbox 1026 2148 1818 2184">
    <p class='ocr_par' dir='ltr' id='par_1_86' title="bbox 1026 2148 1818 2184">
     <span class='ocr_line' id='line_1_86' title="bbox 1026 2148 1818 2184; baseline -0.001 -9"><span class='ocrx_word' id='word_1_633' title='bbox 1026 2148 1107 2175; x_wconf 85' lang='lat' dir='ltr'><strong>ullam</strong></span> <span class='ocrx_word' id='word_1_634' title='bbox 1124 2149 1220 2177; x_wconf 86' lang='lat' dir='ltr'><strong>salutis</strong></span> <span class='ocrx_word' id='word_1_635' title='bbox 1236 2149 1306 2176; x_wconf 74' lang='lat' dir='ltr'><strong>viam</strong></span> <span class='ocrx_word' id='word_1_636' title='bbox 1323 2150 1428 2184; x_wconf 77' lang='lat' dir='ltr'><strong>videns)</strong></span> <span class='ocrx_word' id='word_1_637' title='bbox 1443 2150 1523 2177; x_wconf 91' lang='lat' dir='ltr'><strong>unius</strong></span> <span class='ocrx_word' id='word_1_638' title='bbox 1548 2149 1635 2176; x_wconf 86' lang='lat' dir='ltr'><strong>ﬁdelis</strong></span> <span class='ocrx_word' id='word_1_639' title='bbox 1651 2148 1742 2176; x_wconf 80' lang='lat' dir='ltr'><strong>famuli</strong></span> <span class='ocrx_word' id='word_1_640' title='bbox 1759 2156 1818 2174; x_wconf 87' lang='lat' dir='ltr'><strong>ma-</strong></span> 
     </span>
    </p>
   </div>
   <div class='ocr_carea' id='block_1_87' title="bbox 1025 2194 1818 2225">
    <p class='ocr_par' dir='ltr' id='par_1_87' title="bbox 1025 2194 1818 2225">
     <span class='ocr_line' id='line_1_87' title="bbox 1025 2194 1818 2225; baseline 0 -4"><span class='ocrx_word' id='word_1_641' title='bbox 1025 2202 1091 2222; x_wconf 90' lang='lat' dir='ltr'><strong>num</strong></span> <span class='ocrx_word' id='word_1_642' title='bbox 1114 2194 1240 2222; x_wconf 87' lang='lat' dir='ltr'><strong>ﬁniendis</strong></span> <span class='ocrx_word' id='word_1_643' title='bbox 1259 2195 1379 2222; x_wconf 86' lang='lat' dir='ltr'><strong>miseriis</strong></span> <span class='ocrx_word' id='word_1_644' title='bbox 1396 2195 1533 2222; x_wconf 84' lang='lat' dir='ltr'><strong>invocare.</strong></span> <span class='ocrx_word' id='word_1_645' title='bbox 1549 2195 1582 2222; x_wconf 83' lang='lat' dir='ltr'><strong>Et</strong></span> <span class='ocrx_word' id='word_1_646' title='bbox 1601 2194 1646 2221; x_wconf 89' lang='lat' dir='ltr'><strong>ille</strong></span> <span class='ocrx_word' id='word_1_647' title='bbox 1659 2194 1818 2225; x_wconf 80' lang='lat' dir='ltr'><strong>obsecutus,</strong></span> 
     </span>
    </p>
   </div>
   <div class='ocr_carea' id='block_1_88' title="bbox 180 2238 973 2278">
    <p class='ocr_par' dir='ltr' id='par_1_88' title="bbox 180 2241 971 2278">
     <span class='ocr_line' id='line_1_88' title="bbox 180 2241 971 2278; baseline 0 -10"><span class='ocrx_word' id='word_1_648' title='bbox 180 2242 313 2275; x_wconf 79' lang='grc' dir='ltr'><strong>πεισθεὶς,</strong></span> <span class='ocrx_word' id='word_1_649' title='bbox 325 2243 372 2269; x_wconf 75' lang='grc' dir='ltr'><strong>καὶ</strong></span> <span class='ocrx_word' id='word_1_650' title='bbox 384 2243 433 2277; x_wconf 82' lang='grc' dir='ltr'><strong>μιᾷ</strong></span> <span class='ocrx_word' id='word_1_651' title='bbox 443 2242 536 2278; x_wconf 81' lang='grc' dir='ltr'><strong>πληγῇ</strong></span> <span class='ocrx_word' id='word_1_652' title='bbox 550 2241 598 2268; x_wconf 87' lang='grc' dir='ltr'><strong>τοῦ</strong></span> <span class='ocrx_word' id='word_1_653' title='bbox 612 2242 669 2277; x_wconf 84' lang='grc' dir='ltr'><strong>βίου</strong></span> <span class='ocrx_word' id='word_1_654' title='bbox 678 2241 724 2268; x_wconf 86' lang='grc' dir='ltr'><strong>τὸν</strong></span> <span class='ocrx_word' id='word_1_655' title='bbox 737 2241 871 2276; x_wconf 86' lang='grc' dir='ltr'><strong>δεσπότην</strong></span> <span class='ocrx_word' id='word_1_656' title='bbox 883 2242 971 2268; x_wconf 82' lang='grc' dir='ltr'><strong>ἁπαλ-</strong></span> 
     </span>
    </p>
   </div>
   <div class='ocr_carea' id='block_1_89' title="bbox 1025 2238 1819 2278">
    <p class='ocr_par' dir='ltr' id='par_1_89' title="bbox 1026 2238 1819 2274">
     <span class='ocr_line' id='line_1_89' title="bbox 1026 2238 1819 2274; baseline -0.001 -8"><span class='ocrx_word' id='word_1_657' title='bbox 1026 2247 1079 2267; x_wconf 92' lang='lat' dir='ltr'><strong>uno</strong></span> <span class='ocrx_word' id='word_1_658' title='bbox 1096 2239 1153 2266; x_wconf 91' lang='lat' dir='ltr'><strong>ictu</strong></span> <span class='ocrx_word' id='word_1_659' title='bbox 1174 2240 1268 2267; x_wconf 87' lang='lat' dir='ltr'><strong>herum</strong></span> <span class='ocrx_word' id='word_1_660' title='bbox 1294 2240 1347 2267; x_wconf 91' lang='lat' dir='ltr'><strong>vita</strong></span> <span class='ocrx_word' id='word_1_661' title='bbox 1369 2240 1495 2274; x_wconf 84' lang='lat' dir='ltr'><strong>privavit,</strong></span> <span class='ocrx_word' id='word_1_662' title='bbox 1519 2244 1547 2266; x_wconf 93' lang='lat' dir='ltr'><strong>et</strong></span> <span class='ocrx_word' id='word_1_663' title='bbox 1568 2239 1687 2273; x_wconf 85' lang='lat' dir='ltr'><strong>seipsum</strong></span> <span class='ocrx_word' id='word_1_664' title='bbox 1709 2238 1819 2272; x_wconf 89' lang='lat' dir='ltr'><strong>insuper</strong></span> 
     </span>
    </p>
   </div>
   <div class='ocr_carea' id='block_1_90' title="bbox 179 2288 970 2323">
    <p class='ocr_par' dir='ltr' id='par_1_90' title="bbox 179 2288 970 2323">
     <span class='ocr_line' id='line_1_90' title="bbox 179 2288 970 2323; baseline 0 -9"><span class='ocrx_word' id='word_1_665' title='bbox 179 2289 271 2321; x_wconf 79' lang='grc' dir='ltr'><strong>λάξας,</strong></span> <span class='ocrx_word' id='word_1_666' title='bbox 287 2289 383 2316; x_wconf 82' lang='grc' dir='ltr'><strong>ἐαυτὸν</strong></span> <span class='ocrx_word' id='word_1_667' title='bbox 399 2288 612 2323; x_wconf 75' lang='grc' dir='ltr'><strong>ἐπικατέσφαξε.</strong></span> <span class='ocrx_word' id='word_1_668' title='bbox 631 2288 685 2315; x_wconf 79' lang='grc' dir='ltr'><strong>Καὶ</strong></span> <span class='ocrx_word' id='word_1_669' title='bbox 702 2288 819 2314; x_wconf 86' lang='grc' dir='ltr'><strong>παύεται</strong></span> <span class='ocrx_word' id='word_1_670' title='bbox 838 2288 887 2323; x_wconf 81' lang='grc' dir='ltr'><strong>μὲν</strong></span> <span class='ocrx_word' id='word_1_671' title='bbox 900 2288 970 2323; x_wconf 79' lang='grc' dir='ltr'><strong>αὕτη</strong></span> 
     </span>
    </p>
   </div>
   <div class='ocr_carea' id='block_1_91' title="bbox 152 2325 971 2370">
    <p class='ocr_par' dir='ltr' id='par_1_91' title="bbox 152 2325 971 2370">
     <span class='ocr_line' id='line_1_91' title="bbox 152 2325 971 2370; baseline 0 -9"><span class='ocrx_word' id='word_1_672' title='bbox 152 2325 156 2329; x_wconf 57' lang='grc'><strong>’</strong></span> <span class='ocrx_word' id='word_1_673' title='bbox 179 2336 195 2370; x_wconf 85' lang='grc' dir='ltr'>ὴ</span> <span class='ocrx_word' id='word_1_674' title='bbox 212 2335 317 2367; x_wconf 80' lang='grc' dir='ltr'><strong>στάσις,</strong></span> <span class='ocrx_word' id='word_1_675' title='bbox 334 2335 446 2370; x_wconf 81' lang='grc' dir='ltr'><strong>λείψανα</strong></span> <span class='ocrx_word' id='word_1_676' title='bbox 462 2335 554 2370; x_wconf 89' lang='grc' dir='ltr'><strong>μέντοι</strong></span> <span class='ocrx_word' id='word_1_677' title='bbox 569 2334 616 2361; x_wconf 82' lang='grc' dir='ltr'><strong>τοῦ</strong></span> <span class='ocrx_word' id='word_1_678' title='bbox 631 2334 751 2369; x_wconf 79' lang='grc' dir='ltr'><strong>πολέμου</strong></span> <span class='ocrx_word' id='word_1_679' title='bbox 773 2333 971 2368; x_wconf 80' lang='grc' dir='ltr'><strong>ὑπολειφθέντα</strong></span> 
     </span>
    </p>
   </div>
   <div class='ocr_carea' id='block_1_92' title="bbox 179 2380 969 2416">
    <p class='ocr_par' dir='ltr' id='par_1_92' title="bbox 179 2380 969 2416">
     <span class='ocr_line' id='line_1_92' title="bbox 179 2380 969 2416; baseline -0.003 -8"><span class='ocrx_word' id='word_1_680' title='bbox 179 2381 229 2414; x_wconf 83' lang='grc' dir='ltr'><strong>τῆς</strong></span> <span class='ocrx_word' id='word_1_681' title='bbox 242 2381 349 2416; x_wconf 74' lang='grc' dir='ltr'><strong>Μαρίου</strong></span> <span class='ocrx_word' id='word_1_682' title='bbox 367 2381 464 2416; x_wconf 89' lang='grc' dir='ltr'><strong>μοίρας</strong></span> <span class='ocrx_word' id='word_1_683' title='bbox 480 2382 527 2408; x_wconf 79' lang='grc' dir='ltr'><strong>ἐπὶ</strong></span> <span class='ocrx_word' id='word_1_684' title='bbox 548 2381 643 2416; x_wconf 79' lang='grc' dir='ltr'><strong>χρόνον</strong></span> <span class='ocrx_word' id='word_1_685' title='bbox 661 2381 748 2416; x_wconf 73' lang='grc' dir='ltr'><strong>Σύλλᾳ</strong></span> <span class='ocrx_word' id='word_1_686' title='bbox 760 2380 969 2415; x_wconf 83' lang='grc' dir='ltr'><strong>διεμαχέσαντο,</strong></span> 
     </span>
    </p>
   </div>
   <div class='ocr_carea' id='block_1_93' title="bbox 178 2426 973 2463">
    <p class='ocr_par' dir='ltr' id='par_1_93' title="bbox 178 2426 973 2463">
     <span class='ocr_line' id='line_1_93' title="bbox 178 2426 973 2463; baseline -0.001 -10"><span class='ocrx_word' id='word_1_687' title='bbox 178 2427 230 2458; x_wconf 74' lang='grc' dir='ltr'><strong>ἕως</strong></span> <span class='ocrx_word' id='word_1_688' title='bbox 245 2427 290 2453; x_wconf 76' lang='grc' dir='ltr'><strong>καὶ</strong></span> <span class='ocrx_word' id='word_1_689' title='bbox 313 2428 381 2454; x_wconf 78' lang='grc' dir='ltr'><strong>αὐτὰ</strong></span> <span class='ocrx_word' id='word_1_690' title='bbox 404 2428 577 2463; x_wconf 77' lang='grc' dir='ltr'><strong>συνδιέφθορε</strong></span> <span class='ocrx_word' id='word_1_691' title='bbox 595 2428 651 2459; x_wconf 85' lang='grc' dir='ltr'><strong>τοῖς</strong></span> <span class='ocrx_word' id='word_1_692' title='bbox 667 2427 770 2459; x_wconf 77' lang='grc' dir='ltr'><strong>ἄλλοις.</strong></span> <span class='ocrx_word' id='word_1_693' title='bbox 786 2427 863 2454; x_wconf 70' lang='grc' dir='ltr'><strong>Μετὰ</strong></span> <span class='ocrx_word' id='word_1_694' title='bbox 880 2426 973 2462; x_wconf 86' lang='grc' dir='ltr'><strong>μέντοι</strong></span> 
     </span>
    </p>
   </div>
   <div class='ocr_carea' id='block_1_94' title="bbox 531 2473 969 2510">
    <p class='ocr_par' dir='ltr' id='par_1_94' title="bbox 531 2473 969 2510">
     <span class='ocr_line' id='line_1_94' title="bbox 531 2473 969 2510; baseline 0 -10"><span class='ocrx_word' id='word_1_695' title='bbox 531 2483 546 2510; x_wconf 65' lang='grc' dir='ltr'><strong>ν</strong></span> <span class='ocrx_word' id='word_1_696' title='bbox 571 2474 706 2510; x_wconf 71' lang='grc' dir='ltr'><strong>Πομπηΐῳ</strong></span> <span class='ocrx_word' id='word_1_697' title='bbox 730 2473 770 2509; x_wconf 83' lang='grc' dir='ltr'><strong>τῷ</strong></span> <span class='ocrx_word' id='word_1_698' title='bbox 794 2473 969 2508; x_wconf 82' lang='grc' dir='ltr'><strong>ἐπικληθέντι</strong></span> 
     </span>
    </p>
   </div>
   <div class='ocr_carea' id='block_1_95' title="bbox 573 2520 969 2556">
    <p class='ocr_par' dir='ltr' id='par_1_95' title="bbox 573 2520 969 2556">
     <span class='ocr_line' id='line_1_95' title="bbox 573 2520 969 2556; baseline -0.005 -8"><span class='ocrx_word' id='word_1_699' title='bbox 573 2521 606 2552; x_wconf 80' lang='grc' dir='ltr'><strong>ἃς</strong></span> <span class='ocrx_word' id='word_1_700' title='bbox 637 2521 800 2556; x_wconf 83' lang='grc' dir='ltr'><strong>κατώρθωσε</strong></span> <span class='ocrx_word' id='word_1_701' title='bbox 824 2520 912 2555; x_wconf 78' lang='grc' dir='ltr'><strong>Σύλλα</strong></span> <span class='ocrx_word' id='word_1_702' title='bbox 939 2528 969 2546; x_wconf 85' lang='grc' dir='ltr'><strong>τε</strong></span> 
     </span>
    </p>
   </div>
   <div class='ocr_carea' id='block_1_96' title="bbox 586 2566 967 2602">
    <p class='ocr_par' dir='ltr' id='par_1_96' title="bbox 586 2566 967 2602">
     <span class='ocr_line' id='line_1_96' title="bbox 586 2566 967 2602; baseline -0.005 -8"><span class='ocrx_word' id='word_1_703' title='bbox 586 2567 742 2601; x_wconf 85' lang='grc' dir='ltr'><strong>Ῥωμαίοις,</strong></span> <span class='ocrx_word' id='word_1_704' title='bbox 762 2566 848 2602; x_wconf 87' lang='grc' dir='ltr'><strong>τούτῳ</strong></span> <span class='ocrx_word' id='word_1_705' title='bbox 866 2566 898 2601; x_wconf 83' lang='grc' dir='ltr'><strong>δὴ</strong></span> <span class='ocrx_word' id='word_1_706' title='bbox 921 2566 967 2593; x_wconf 76' lang='grc' dir='ltr'><strong>καὶ</strong></span> 
     </span>
    </p>
   </div>
   <div class='ocr_carea' id='block_1_97' title="bbox 572 2611 966 2647">
    <p class='ocr_par' dir='ltr' id='par_1_97' title="bbox 572 2611 966 2647">
     <span class='ocr_line' id='line_1_97' title="bbox 572 2611 966 2647; baseline -0.005 -8"><span class='ocrx_word' id='word_1_707' title='bbox 572 2614 632 2639; x_wconf 85' lang='grc' dir='ltr'><strong>εῖσα</strong></span> <span class='ocrx_word' id='word_1_708' title='bbox 643 2612 683 2644; x_wconf 81' lang='grc' dir='ltr'><strong>εἰς</strong></span> <span class='ocrx_word' id='word_1_709' title='bbox 696 2611 844 2647; x_wconf 80' lang='grc' dir='ltr'><strong>ἐμφυλίους</strong></span> <span class='ocrx_word' id='word_1_710' title='bbox 859 2613 966 2646; x_wconf 77' lang='grc' dir='ltr'><strong>σφαγὰς</strong></span> 
     </span>
    </p>
   </div>
   <div class='ocr_carea' id='block_1_98' title="bbox 542 2658 967 2694">
    <p class='ocr_par' dir='ltr' id='par_1_98' title="bbox 542 2658 967 2694">
     <span class='ocr_line' id='line_1_98' title="bbox 542 2658 967 2694; baseline -0.002 -9"><span class='ocrx_word' id='word_1_711' title='bbox 542 2658 657 2694; x_wconf 66' lang='grc' dir='ltr'><strong>ῖάγκασε</strong></span> <span class='ocrx_word' id='word_1_712' title='bbox 678 2658 876 2693; x_wconf 82' lang='grc' dir='ltr'><strong>συστραφῆναι.</strong></span> <span class='ocrx_word' id='word_1_713' title='bbox 892 2658 967 2693; x_wconf 89' lang='grc' dir='ltr'><strong>Πομ-</strong></span> 
     </span>
    </p>
   </div>
   <div class='ocr_carea' id='block_1_99' title="bbox 178 2474 355 2507">
    <p class='ocr_par' dir='ltr' id='par_1_99' title="bbox 178 2474 355 2507">
     <span class='ocr_line' id='line_1_99' title="bbox 178 2474 355 2507; baseline 0.006 -8"><span class='ocrx_word' id='word_1_714' title='bbox 178 2475 227 2507; x_wconf 81' lang='grc' dir='ltr'><strong>τὴν</strong></span> <span class='ocrx_word' id='word_1_715' title='bbox 253 2474 355 2501; x_wconf 80' lang='grc' dir='ltr'><strong>τούτων</strong></span> 
     </span>
    </p>
   </div>
   <div class='ocr_carea' id='block_1_100' title="bbox 177 2521 342 2555">
    <p class='ocr_par' dir='ltr' id='par_1_100' title="bbox 177 2521 342 2555">
     <span class='ocr_line' id='line_1_100' title="bbox 177 2521 342 2555; baseline 0.006 -8"><span class='ocrx_word' id='word_1_716' title='bbox 177 2521 280 2555; x_wconf 72' lang='grc' dir='ltr'><strong>Μάγνῳ</strong></span> <span class='ocrx_word' id='word_1_717' title='bbox 298 2522 342 2548; x_wconf 80' lang='grc' dir='ltr'><strong>διὰ</strong></span> 
     </span>
    </p>
   </div>
   <div class='ocr_carea' id='block_1_101' title="bbox 179 2568 365 2600">
    <p class='ocr_par' dir='ltr' id='par_1_101' title="bbox 179 2568 365 2600">
     <span class='ocr_line' id='line_1_101' title="bbox 179 2568 365 2600; baseline 0.022 -9"><span class='ocrx_word' id='word_1_718' title='bbox 179 2568 306 2600; x_wconf 71' lang='grc' dir='ltr'><strong>πράττων</strong></span> <span class='ocrx_word' id='word_1_719' title='bbox 331 2569 365 2595; x_wconf 83' lang='grc' dir='ltr'><strong>κα</strong></span> 
     </span>
    </p>
   </div>
   <div class='ocr_carea' id='block_1_102' title="bbox 184 2612 353 2646">
    <p class='ocr_par' dir='ltr' id='par_1_102' title="bbox 184 2612 353 2646">
     <span class='ocr_line' id='line_1_102' title="bbox 184 2612 353 2646; baseline 0.024 -10"><span class='ocrx_word' id='word_1_720' title='bbox 184 2612 285 2646; x_wconf 60' lang='grc' dir='ltr'><strong>Ἰουλίῳ</strong></span> <span class='ocrx_word' id='word_1_721' title='bbox 301 2614 353 2640; x_wconf 89' lang='grc' dir='ltr'><strong>Καί</strong></span> 
     </span>
    </p>
   </div>
   <div class='ocr_carea' id='block_1_103' title="bbox 298 2572 572 2640">
    <p class='ocr_par' dir='ltr' id='par_1_103' title="bbox 301 2614 353 2640">
     <span class='ocr_line' id='line_1_103' title="bbox 301 2614 353 2640; baseline 0.038 -2"><span class='ocrx_word' id='word_1_722' title='bbox 301 2614 353 2640; x_wconf 89' lang='grc' dir='ltr'><strong>Καί</strong></span> 
     </span>
    </p>
   </div>
   <div class='ocr_carea' id='block_1_104' title="bbox 258 2640 571 2734">
    <p class='ocr_par' dir='ltr' id='par_1_104' title="bbox 258 2640 571 2729">
     <span class='ocr_line' id='line_1_104' title="bbox 258 2640 571 2729; baseline 0.01 -45"><span class='ocrx_word' id='word_1_723' title='bbox 258 2640 309 2685; x_wconf 62' lang='lat' dir='ltr'><strong>&#39;l’w</strong></span> <span class='ocrx_word' id='word_1_724' title='bbox 313 2640 571 2729; x_wconf 48' lang='lat' dir='ltr'><strong>[adiuv</strong></span> 
     </span>
    </p>
   </div>
   <div class='ocr_carea' id='block_1_105' title="bbox 1023 2282 1817 2319">
    <p class='ocr_par' dir='ltr' id='par_1_105' title="bbox 1023 2282 1817 2319">
     <span class='ocr_line' id='line_1_105' title="bbox 1023 2282 1817 2319; baseline -0.003 -8"><span class='ocrx_word' id='word_1_725' title='bbox 1023 2284 1168 2319; x_wconf 74' lang='lat' dir='ltr'><strong>jugulavit.</strong></span> <span class='ocrx_word' id='word_1_726' title='bbox 1197 2285 1230 2311; x_wconf 82' lang='lat' dir='ltr'><strong>Et</strong></span> <span class='ocrx_word' id='word_1_727' title='bbox 1256 2285 1351 2312; x_wconf 84' lang='lat' dir='ltr'><strong>sedata</strong></span> <span class='ocrx_word' id='word_1_728' title='bbox 1377 2288 1419 2312; x_wconf 87' lang='lat' dir='ltr'><strong>est</strong></span> <span class='ocrx_word' id='word_1_729' title='bbox 1443 2284 1550 2319; x_wconf 89' lang='lat' dir='ltr'><strong>quidem</strong></span> <span class='ocrx_word' id='word_1_730' title='bbox 1578 2282 1674 2310; x_wconf 71' lang='lat' dir='ltr'><strong>Seditio</strong></span> <span class='ocrx_word' id='word_1_731' title='bbox 1695 2302 1703 2315; x_wconf 90' lang='lat'><strong>,</strong></span> <span class='ocrx_word' id='word_1_732' title='bbox 1723 2290 1817 2309; x_wconf 88' lang='lat' dir='ltr'><strong>verum</strong></span> 
     </span>
    </p>
   </div>
   <div class='ocr_carea' id='block_1_106' title="bbox 1026 2327 1819 2365">
    <p class='ocr_par' dir='ltr' id='par_1_106' title="bbox 1026 2327 1819 2365">
     <span class='ocr_line' id='line_1_106' title="bbox 1026 2327 1819 2365; baseline -0.005 -8"><span class='ocrx_word' id='word_1_733' title='bbox 1026 2330 1138 2364; x_wconf 64' lang='lat' dir='ltr'><strong>reliqua:</strong></span> <span class='ocrx_word' id='word_1_734' title='bbox 1159 2330 1220 2357; x_wconf 88' lang='lat' dir='ltr'><strong>belli</strong></span> <span class='ocrx_word' id='word_1_735' title='bbox 1243 2330 1364 2365; x_wconf 68' lang='lat' dir='ltr'><strong>reliquiae</strong></span> <span class='ocrx_word' id='word_1_736' title='bbox 1384 2330 1509 2357; x_wconf 84' lang='lat' dir='ltr'><strong>factionis</strong></span> <span class='ocrx_word' id='word_1_737' title='bbox 1530 2328 1657 2355; x_wconf 67' lang='lat' dir='ltr'><strong>Mariana:</strong></span> <span class='ocrx_word' id='word_1_738' title='bbox 1674 2327 1752 2362; x_wconf 76' lang='lat' dir='ltr'><strong>Sylla:</strong></span> <span class='ocrx_word' id='word_1_739' title='bbox 1767 2327 1819 2354; x_wconf 89' lang='lat' dir='ltr'><strong>ali-</strong></span> 
     </span>
    </p>
   </div>
   <div class='ocr_carea' id='block_1_107' title="bbox 1025 2372 1821 2409">
    <p class='ocr_par' dir='ltr' id='par_1_107' title="bbox 1025 2372 1821 2409">
     <span class='ocr_line' id='line_1_107' title="bbox 1025 2372 1821 2409; baseline 0 -10"><span class='ocrx_word' id='word_1_740' title='bbox 1025 2373 1144 2408; x_wconf 85' lang='lat' dir='ltr'><strong>quandiu</strong></span> <span class='ocrx_word' id='word_1_741' title='bbox 1162 2379 1356 2408; x_wconf 72' lang='lat' dir='ltr'><strong>repugnarunt,</strong></span> <span class='ocrx_word' id='word_1_742' title='bbox 1372 2375 1459 2401; x_wconf 91' lang='lat' dir='ltr'><strong>donec</strong></span> <span class='ocrx_word' id='word_1_743' title='bbox 1476 2374 1663 2409; x_wconf 59' lang='lat' dir='ltr'><strong>ipsa,quoque</strong></span> <span class='ocrx_word' id='word_1_744' title='bbox 1678 2380 1738 2399; x_wconf 90' lang='lat' dir='ltr'><strong>cum</strong></span> <span class='ocrx_word' id='word_1_745' title='bbox 1755 2372 1821 2399; x_wconf 80' lang='lat' dir='ltr'><strong>aliis</strong></span> 
     </span>
    </p>
   </div>
   <div class='ocr_carea' id='block_1_108' title="bbox 1027 2418 1815 2456">
    <p class='ocr_par' dir='ltr' id='par_1_108' title="bbox 1027 2418 1815 2456">
     <span class='ocr_line' id='line_1_108' title="bbox 1027 2418 1815 2456; baseline -0.004 -10"><span class='ocrx_word' id='word_1_746' title='bbox 1027 2419 1176 2456; x_wconf 62' lang='lat' dir='ltr'><strong>proﬂigatae</strong></span> <span class='ocrx_word' id='word_1_747' title='bbox 1202 2426 1275 2447; x_wconf 86' lang='lat' dir='ltr'><strong>sunt.</strong></span> <span class='ocrx_word' id='word_1_748' title='bbox 1304 2421 1495 2448; x_wconf 84' lang='lat' dir='ltr'><strong>Verumtamen</strong></span> <span class='ocrx_word' id='word_1_749' title='bbox 1517 2425 1578 2456; x_wconf 87' lang='lat' dir='ltr'><strong>post</strong></span> <span class='ocrx_word' id='word_1_750' title='bbox 1603 2420 1699 2446; x_wconf 89' lang='lat' dir='ltr'><strong>horum</strong></span> <span class='ocrx_word' id='word_1_751' title='bbox 1723 2418 1815 2450; x_wconf 80' lang='grc' dir='ltr'><strong>θιιθιιι,</strong></span> 
     </span>
    </p>
   </div>
   <div class='ocr_carea' id='block_1_109' title="bbox 1026 2466 1817 2502">
    <p class='ocr_par' dir='ltr' id='par_1_109' title="bbox 1026 2466 1817 2502">
     <span class='ocr_line' id='line_1_109' title="bbox 1026 2466 1817 2502; baseline -0.005 -8"><span class='ocrx_word' id='word_1_752' title='bbox 1026 2466 1100 2495; x_wconf 88' lang='lat' dir='ltr'><strong>inter</strong></span> <span class='ocrx_word' id='word_1_753' title='bbox 1121 2466 1279 2501; x_wconf 83' lang='lat' dir='ltr'><strong>Pompeium</strong></span> <span class='ocrx_word' id='word_1_754' title='bbox 1296 2467 1350 2502; x_wconf 89' lang='lat' dir='ltr'><strong>(cui</strong></span> <span class='ocrx_word' id='word_1_755' title='bbox 1372 2472 1481 2501; x_wconf 87' lang='lat' dir='ltr'><strong>propter</strong></span> <span class='ocrx_word' id='word_1_756' title='bbox 1497 2475 1586 2494; x_wconf 89' lang='lat' dir='ltr'><strong>rerum</strong></span> <span class='ocrx_word' id='word_1_757' title='bbox 1602 2470 1740 2501; x_wconf 75' lang='lat' dir='ltr'><strong>gestarum</strong></span> <span class='ocrx_word' id='word_1_758' title='bbox 1756 2471 1817 2491; x_wconf 78' lang='lat' dir='ltr'><strong>ma-</strong></span> 
     </span>
    </p>
   </div>
   <div class='ocr_carea' id='block_1_110' title="bbox 1025 2511 1813 2547">
    <p class='ocr_par' dir='ltr' id='par_1_110' title="bbox 1025 2511 1813 2547">
     <span class='ocr_line' id='line_1_110' title="bbox 1025 2511 1813 2547; baseline -0.004 -8"><span class='ocrx_word' id='word_1_759' title='bbox 1025 2512 1207 2547; x_wconf 76' lang='lat' dir='ltr'><strong>gnitudinem,</strong></span> <span class='ocrx_word' id='word_1_760' title='bbox 1219 2520 1288 2547; x_wconf 89' lang='lat' dir='ltr'><strong>quas</strong></span> <span class='ocrx_word' id='word_1_761' title='bbox 1305 2512 1435 2540; x_wconf 78' lang='lat' dir='ltr'><strong>Romanis</strong></span> <span class='ocrx_word' id='word_1_762' title='bbox 1450 2513 1547 2547; x_wconf 87' lang='lat' dir='ltr'><strong>partim</strong></span> <span class='ocrx_word' id='word_1_763' title='bbox 1564 2512 1666 2547; x_wconf 87' lang='lat' dir='ltr'><strong>Syllam</strong></span> <span class='ocrx_word' id='word_1_764' title='bbox 1683 2511 1813 2546; x_wconf 84' lang='lat' dir='ltr'><strong>juvando.</strong></span> 
     </span>
    </p>
   </div>
   <div class='ocr_carea' id='block_1_111' title="bbox 1023 2558 1813 2595">
    <p class='ocr_par' dir='ltr' id='par_1_111' title="bbox 1023 2558 1813 2595">
     <span class='ocr_line' id='line_1_111' title="bbox 1023 2558 1813 2595; baseline -0.003 -10"><span class='ocrx_word' id='word_1_765' title='bbox 1023 2559 1121 2595; x_wconf 80' lang='lat' dir='ltr'><strong>partim</strong></span> <span class='ocrx_word' id='word_1_766' title='bbox 1147 2559 1203 2593; x_wconf 84' lang='lat' dir='ltr'><strong>ipse</strong></span> <span class='ocrx_word' id='word_1_767' title='bbox 1228 2567 1279 2586; x_wconf 89' lang='lat' dir='ltr'><strong>suo</strong></span> <span class='ocrx_word' id='word_1_768' title='bbox 1304 2559 1390 2587; x_wconf 66' lang='lat' dir='ltr'><strong>Marte</strong></span> <span class='ocrx_word' id='word_1_769' title='bbox 1412 2560 1515 2594; x_wconf 76' lang='lat' dir='ltr'><strong>gessit,</strong></span> <span class='ocrx_word' id='word_1_770' title='bbox 1539 2558 1635 2593; x_wconf 80' lang='lat' dir='ltr'><strong>Magno</strong></span> <span class='ocrx_word' id='word_1_771' title='bbox 1660 2564 1813 2592; x_wconf 75' lang='lat' dir='ltr'><strong>cognomen</strong></span> 
     </span>
    </p>
   </div>
   <div class='ocr_carea' id='block_1_112' title="bbox 1022 2604 1812 2641">
    <p class='ocr_par' dir='ltr' id='par_1_112' title="bbox 1022 2604 1812 2641">
     <span class='ocr_line' id='line_1_112' title="bbox 1022 2604 1812 2641; baseline -0.004 -9"><span class='ocrx_word' id='word_1_772' title='bbox 1022 2604 1095 2641; x_wconf 79' lang='lat' dir='ltr'><strong>fuit),</strong></span> <span class='ocrx_word' id='word_1_773' title='bbox 1109 2606 1179 2632; x_wconf 87' lang='lat' dir='ltr'><strong>inter</strong></span> <span class='ocrx_word' id='word_1_774' title='bbox 1203 2606 1285 2637; x_wconf 85' lang='lat' dir='ltr'><strong>hunc,</strong></span> <span class='ocrx_word' id='word_1_775' title='bbox 1310 2606 1430 2639; x_wconf 82' lang='lat' dir='ltr'><strong>inquam,</strong></span> <span class='ocrx_word' id='word_1_776' title='bbox 1452 2611 1479 2633; x_wconf 88' lang='lat' dir='ltr'><strong>et</strong></span> <span class='ocrx_word' id='word_1_777' title='bbox 1501 2605 1599 2632; x_wconf 76' lang='lat' dir='ltr'><strong>Juliunt</strong></span> <span class='ocrx_word' id='word_1_778' title='bbox 1615 2605 1750 2632; x_wconf 67' lang='lat' dir='ltr'><strong>Cmsarein</strong></span> <span class='ocrx_word' id='word_1_779' title='bbox 1768 2611 1812 2630; x_wconf 82' lang='lat' dir='ltr'><strong>ae-</strong></span> 
     </span>
    </p>
   </div>
   <div class='ocr_carea' id='block_1_113' title="bbox 1023 2651 1812 2682">
    <p class='ocr_par' dir='ltr' id='par_1_113' title="bbox 1023 2651 1812 2682">
     <span class='ocr_line' id='line_1_113' title="bbox 1023 2651 1812 2682; baseline -0.008 0"><span class='ocrx_word' id='word_1_780' title='bbox 1023 2660 1104 2682; x_wconf 85' lang='lat' dir='ltr'><strong>censa</strong></span> <span class='ocrx_word' id='word_1_781' title='bbox 1121 2651 1255 2681; x_wconf 80' lang='lat' dir='ltr'><strong>discordia</strong></span> <span class='ocrx_word' id='word_1_782' title='bbox 1275 2654 1309 2681; x_wconf 89' lang='lat' dir='ltr'><strong>ad</strong></span> <span class='ocrx_word' id='word_1_783' title='bbox 1331 2654 1424 2681; x_wconf 81' lang='lat' dir='ltr'><strong>civiles</strong></span> <span class='ocrx_word' id='word_1_784' title='bbox 1446 2655 1533 2681; x_wconf 80' lang='lat' dir='ltr'><strong>caedes</strong></span> <span class='ocrx_word' id='word_1_785' title='bbox 1555 2652 1693 2680; x_wconf 75' lang='lat' dir='ltr'><strong>Iloinanos</strong></span> <span class='ocrx_word' id='word_1_786' title='bbox 1712 2652 1812 2678; x_wconf 88' lang='lat' dir='ltr'><strong>iterum</strong></span> 
     </span>
    </p>
   </div>
   <div class='ocr_carea' id='block_1_114' title="bbox 800 2734 1142 2764">
    <p class='ocr_par' dir='ltr' id='par_1_114' title="bbox 800 2734 1142 2764">
     <span class='ocr_line' id='line_1_114' title="bbox 800 2734 1142 2764; baseline 0.003 -1"><span class='ocrx_word' id='word_1_787' title='bbox 800 2734 916 2763; x_wconf 71' lang='lat' dir='ltr'><strong>VARIAE</strong></span> <span class='ocrx_word' id='word_1_788' title='bbox 940 2735 1142 2764; x_wconf 78' lang='lat' dir='ltr'><strong>LECTIONES.</strong></span> 
     </span>
    </p>
   </div>
   <div class='ocr_carea' id='block_1_115' title="bbox 216 2805 326 2841">
    <p class='ocr_par' dir='ltr' id='par_1_115' title="bbox 216 2805 326 2841">
     <span class='ocr_line' id='line_1_115' title="bbox 216 2805 326 2841; baseline -0.009 -8"><span class='ocrx_word' id='word_1_789' title='bbox 216 2805 238 2822; x_wconf 67' lang='grc'><strong>⁸⁵</strong></span> <span class='ocrx_word' id='word_1_790' title='bbox 256 2808 326 2841; x_wconf 81' lang='grc' dir='ltr'><strong>πλησ</strong></span> 
     </span>
    </p>
   </div>
   <div class='ocr_carea' id='block_1_116' title="bbox 180 2816 647 2877">
    <p class='ocr_par' dir='ltr' id='par_1_116' title="bbox 180 2816 647 2877">
     <span class='ocr_line' id='line_1_116' title="bbox 216 2816 647 2842; baseline 0.005 -10"><span class='ocrx_word' id='word_1_791' title='bbox 216 2816 238 2822; x_wconf 73' lang='grc' dir='ltr'><strong><em>υ</em></strong></span> <span class='ocrx_word' id='word_1_792' title='bbox 256 2816 360 2841; x_wconf 55' lang='grc' dir='ltr'><strong>πλησιοκ</strong></span> <span class='ocrx_word' id='word_1_793' title='bbox 370 2816 461 2841; x_wconf 72' lang='grc' dir='ltr'><strong>ωρων]</strong></span> <span class='ocrx_word' id='word_1_794' title='bbox 476 2816 588 2842; x_wconf 71' lang='grc' dir='ltr'><strong>πλησιον</strong></span> <span class='ocrx_word' id='word_1_795' title='bbox 601 2816 647 2841; x_wconf 72' lang='grc' dir='ltr'><strong>χωι</strong></span> 
     </span>
     <span class='ocr_line' id='line_1_117' title="bbox 180 2817 647 2877; baseline 0.002 -9"><span class='ocrx_word' id='word_1_796' title='bbox 180 2839 273 2872; x_wconf 78' lang='grc' dir='ltr'><strong>Ἀσίας</strong></span> <span class='ocrx_word' id='word_1_797' title='bbox 286 2850 303 2874; x_wconf 80' lang='grc' dir='ltr'><strong>ς</strong></span> <span class='ocrx_word' id='word_1_798' title='bbox 332 2817 427 2875; x_wconf 34' lang='lat' dir='ltr'><strong>Tifata;</strong></span> <span class='ocrx_word' id='word_1_799' title='bbox 440 2841 647 2877; x_wconf 70' lang='lat' dir='ltr'><strong>Wesselingxus.</strong></span> 
     </span>
    </p>
   </div>
   <div class='ocr_carea' id='block_1_117' title="bbox 370 2804 988 2842">
    <p class='ocr_par' dir='ltr' id='par_1_117' title="bbox 370 2804 988 2842">
     <span class='ocr_line' id='line_1_118' title="bbox 370 2804 988 2842; baseline -0.005 -8"><span class='ocrx_word' id='word_1_800' title='bbox 370 2805 588 2842; x_wconf 62' lang='lat' dir='ltr'><strong>dapwvlnlnaiov</strong></span> <span class='ocrx_word' id='word_1_801' title='bbox 601 2806 699 2842; x_wconf 78' lang='grc' dir='ltr'><strong>χώρων</strong></span> <span class='ocrx_word' id='word_1_802' title='bbox 709 2806 752 2842; x_wconf 43' lang='grc' dir='ltr'><strong>ιλ.-</strong></span> <span class='ocrx_word' id='word_1_803' title='bbox 781 2804 804 2820; x_wconf 68' lang='grc' dir='ltr'><strong>δθ</strong></span> <span class='ocrx_word' id='word_1_804' title='bbox 812 2804 988 2842; x_wconf 69' lang='grc' dir='ltr'><strong>ΚλέπτιοςΒ.</strong></span> 
     </span>
    </p>
   </div>
   <div class='ocr_carea' id='block_1_118' title="bbox 695 2839 1435 2874">
    <p class='ocr_par' dir='ltr' id='par_1_118' title="bbox 695 2839 1435 2874">
     <span class='ocr_line' id='line_1_119' title="bbox 695 2839 1435 2874; baseline 0 -8"><span class='ocrx_word' id='word_1_805' title='bbox 695 2840 716 2856; x_wconf 63' lang='grc'><strong><em>³³</em></strong></span> <span class='ocrx_word' id='word_1_806' title='bbox 726 2840 812 2866; x_wconf 75' lang='grc' dir='ltr'><strong>οὺκ-</strong></span> <span class='ocrx_word' id='word_1_807' title='bbox 842 2839 865 2857; x_wconf 61' lang='grc' dir='ltr'><strong>ιδ</strong></span> <span class='ocrx_word' id='word_1_808' title='bbox 879 2839 1072 2872; x_wconf 84' lang='grc' dir='ltr'><strong>καταλιπόντες</strong></span> <span class='ocrx_word' id='word_1_809' title='bbox 1086 2847 1140 2868; x_wconf 87' lang='lat' dir='ltr'><strong>om.</strong></span> <span class='ocrx_word' id='word_1_810' title='bbox 1157 2849 1187 2873; x_wconf 84' lang='grc' dir='ltr'><strong>ς.</strong></span> <span class='ocrx_word' id='word_1_811' title='bbox 1225 2841 1247 2858; x_wconf 74' lang='grc'>⁸⁵</span> <span class='ocrx_word' id='word_1_812' title='bbox 1268 2839 1394 2874; x_wconf 83' lang='grc' dir='ltr'><strong>Ῥηγίους</strong></span> <span class='ocrx_word' id='word_1_813' title='bbox 1405 2848 1435 2872; x_wconf 86' lang='grc' dir='ltr'><strong>ς.</strong></span> 
     </span>
    </p>
   </div>
   <div class='ocr_carea' id='block_1_119' title="bbox 1037 2800 1807 2872">
    <p class='ocr_par' dir='ltr' id='par_1_119' title="bbox 1037 2800 1807 2872">
     <span class='ocr_line' id='line_1_120' title="bbox 1037 2800 1807 2840; baseline -0.006 -9"><span class='ocrx_word' id='word_1_814' title='bbox 1037 2804 1058 2820; x_wconf 76' lang='grc'><strong>⁵⁸</strong></span> <span class='ocrx_word' id='word_1_815' title='bbox 1076 2805 1229 2840; x_wconf 76' lang='grc' dir='ltr'><strong>Πομπήϊος]</strong></span> <span class='ocrx_word' id='word_1_816' title='bbox 1249 2805 1358 2836; x_wconf 70' lang='grc' dir='ltr'><strong>Πόντιος</strong></span> <span class='ocrx_word' id='word_1_817' title='bbox 1380 2802 1590 2835; x_wconf 68' lang='lat' dir='ltr'><strong>Wcssvlingius.</strong></span> <span class='ocrx_word' id='word_1_818' title='bbox 1639 2801 1661 2817; x_wconf 73' lang='grc'><strong><em>⁵³</em></strong></span> <span class='ocrx_word' id='word_1_819' title='bbox 1682 2801 1762 2832; x_wconf 83' lang='grc' dir='ltr'><strong>Ἰσίας</strong></span> <span class='ocrx_word' id='word_1_820' title='bbox 1774 2800 1807 2829; x_wconf 68' lang='grc' dir='ltr'><strong>Α,</strong></span> 
     </span>
     <span class='ocr_line' id='line_1_121' title="bbox 1037 2836 1806 2872; baseline -0.004 -7"><span class='ocrx_word' id='word_1_821' title='bbox 1037 2848 1072 2872; x_wconf 74' lang='grc' dir='ltr'><strong>τες</strong></span> <span class='ocrx_word' id='word_1_822' title='bbox 1086 2847 1140 2868; x_wconf 85' lang='lat' dir='ltr'><strong>om.</strong></span> <span class='ocrx_word' id='word_1_823' title='bbox 1157 2849 1187 2872; x_wconf 83' lang='grc' dir='ltr'><strong>ς.</strong></span> <span class='ocrx_word' id='word_1_824' title='bbox 1225 2841 1247 2858; x_wconf 75' lang='grc'>⁸⁵</span> <span class='ocrx_word' id='word_1_825' title='bbox 1268 2839 1394 2872; x_wconf 83' lang='grc' dir='ltr'><strong>Ῥηγίους</strong></span> <span class='ocrx_word' id='word_1_826' title='bbox 1405 2848 1435 2872; x_wconf 86' lang='grc' dir='ltr'><strong>ς.</strong></span> <span class='ocrx_word' id='word_1_827' title='bbox 1473 2837 1497 2855; x_wconf 76' lang='grc'><strong>⁵⁸</strong></span> <span class='ocrx_word' id='word_1_828' title='bbox 1509 2836 1759 2872; x_wconf 64' lang='grc' dir='ltr'><strong>ἐγκαταλειπόντωι·</strong></span> <span class='ocrx_word' id='word_1_829' title='bbox 1776 2836 1806 2863; x_wconf 78' lang='grc' dir='ltr'><strong>Λ,</strong></span> 
     </span>
    </p>
   </div>
  </div>
