4012 6236
439 261 574 325 1435

1583 249 1849 311 PHOTlI
1883 247 2392 310 ΡΛΤΒΙΑΒΟΗίΕ
2431 247 2544 306 CP.

3561 245 3688 311 1136

408 359 558 424 ροβε
609 376 928 422 convertere
978 365 1176 436 coegit.
1230 360 1488 431 Pompeio
1549 360 1747 416 deinde
1803 359 2020 429 egregie

2139 357 2286 426 πτηῖου
2310 355 2365 408 δὲ
2383 354 2656 426 λαμπρῶς
2677 353 2789 418 τοῖς
2815 353 2953 418 ὅλοις
2975 352 3301 425 ἡττηθέντος
3330 353 3424 408 καὶ
3451 358 3584 410 κατὰ
3601 358 3693 427 τὴν

434 459 587 515 omni
618 473 682 514 ex
719 468 871 528 parte
911 466 1193 527 superato,
1224 464 1280 510 et
1319 454 1386 508 ad
1421 451 1806 508 Alexandriam
1851 451 2026 506 inter-

438 550 620 616 fecto,
676 550 959 605 imminuta
1009 558 1092 603 est.
1145 547 1428 603 consulum
1485 551 1760 615 potestas,
1810 552 1865 597 et
1928 544 2030 598 sub

443 641 607 694 unius
653 638 782 694 .lulii
826 639 1055 692 Cwsaris
1104 637 1437 691 dominatum
1486 633 1727 697 redacta,
1779 633 2027 686 tandem-

442 747 546 800 que
579 732 778 786 seditio
809 730 1017 785 sedata.
1051 729 1148 784 lllo
1191 725 1388 782 deinde
1423 723 1734 792 interfecto,
1769 724 2032 778 adversus

441 823 668 877 Brutum
711 833 764 877 et
804 822 1050 877 Cassium
1078 820 1195 890 ejus
1236 820 1614 873 interfectores
1641 815 1800 870 civile
1831 814 2028 870 bellum

443 926 651 970 motum
685 925 792 980 est,
821 914 1138 969 auctoribus
1177 912 1383 981 Lepido
1411 921 1466 966 et
1497 908 1734 964 Antonio
1789 915 1842 962 et
1871 905 2032 961 Oeta-

444 1007 609 1061 viano
651 1006 916 1074 Augusto,
956 1005 1298 1061 consulatum
1345 1002 1682 1075 gerentibus.
1719 1000 1871 1066 Quod
1914 997 2031 1052 bel-

447 1099 558 1152 lum
614 1113 737 1152 cum
791 1096 951 1151 ﬁnem
1004 1096 1174 1151 armis
1228 1113 1333 1150 non
1387 1095 1538 1148 tarde
1590 1093 1926 1160 accepisset,
1978 1095 2035 1144 et

448 1186 671 1242 Cassius
709 1197 871 1255 atque
905 1185 1104 1240 Brutus
1149 1186 1276 1240 victi
1322 1183 1597 1253 occisique
1625 1182 2026 1246 l'uissent,'nou

449 1279 618 1334 multo
671 1290 792 1348 post
835 1279 1015 1349 erupit
1067 1279 1122 1332 in
1172 1285 1415 1346 apertum
1462 1275 1672 1331 occulta
1717 1273 1935 1328 Antonii
1981 1282 2036 1325 et

448 1369 676 1440 Augusti
709 1371 774 1424 de
807 1371 1041 1439 primatu
1068 1369 1364 1434 contentio,
1395 1383 1458 1423 ac
1489 1376 1613 1437 post
1641 1366 1826 1422 fusum
1857 1365 2034 1419 utriu-

451 1473 559 1526 que
595 1457 820 1512 multum
864 1458 1078 1527 cognati
1123 1457 1424 1528 sanguinis,
1453 1455 1706 1511 stabilita:
1739 1465 1864 1510 sunt
1892 1454 2036 1510 vires

451 1549 706 1620 Augusti,
738 1559 794 1604 et
831 1549 881 1604 ei
931 1564 1144 1604 summa
1193 1557 1433 1618 potestas
1475 1563 1571 1618 per
1605 1561 1821 1603 omnem
1866 1547 2034 1602 vitam

451 1645 789 1714 permansit,
845 1653 1132 1716 postquam
1181 1643 1467 1700 consulare
1515 1643 1839 1715 imperium,
1889 1641 2036 1698 ordi-

453 1751 600 1805 nem,
632 1738 1040 1809 potentiamque
1073 1753 1225 1793 suam
1259 1738 1311 1792 in
1344 1745 1619 1806 posterum
1650 1735 1854 1790 amisit.

524 1916 824 1973 illustrium
862 1919 936 1973 ait
961 1919 1275 1991 dignitatem
1303 1918 1524 1975 tertium
1554 1933 1584 1974 a
1615 1919 2041 1990 patriciislordi-

450 2023 577 2064 nem
606 2011 895 2066 sustinere.

525 2103 667 2156 Ante
712 2101 942 2172 Augusti
986 2102 1380 2169 monarchiam,
1427 2104 1543 2159 haec
1627 2102 2039 2175 magistratuum

453 2192 669 2247 nomina
725 2193 999 2247 habebant
1063 2193 1298 2248 Romani
1333 2213 1347 2249 :
1379 2193 1676 2260 Patricios,
1723 2195 1813 2265 qui
1863 2195 2038 2248 consi-

453 2283 583 2337 lium
636 2293 690 2339 et
737 2293 953 2339 senatus
998 2287 1334 2341 vocabantur
1372 2304 1388 2351 ;
1439 2287 1688 2343 tribunos
1729 2288 1920 2357 plebis,
1949 2289 2039 2358 qui

449 2375 652 2446 popqu
707 2385 978 2445 praesunt;
1031 2391 1304 2445 censores,
1349 2377 1616 2446 consules,
1655 2394 1896 2449 quorum
1945 2395 2042 2450 po-

456 2476 626 2522 testas
650 2482 838 2522 omnes
866 2470 1196 2536 excedebat;
1230 2470 1574 2538 dictatorem,
1602 2472 1694 2541 qui
1721 2481 1775 2527 et
1804 2481 2042 2543 potesta-

455 2565 587 2622 tem,
607 2556 800 2628 393b
828 2559 922 2612 sed
952 2559 1234 2627 maiorem,
1264 2575 1490 2631 quaeque
1517 2563 1781 2618 rationem
1815 2563 2042 2620 reddere

456 2663 564 2705 non
596 2661 908 2720 cogeretur,
953 2653 1188 2707 habebat
1214 2653 1361 2724 (7'5);
1399 2654 1585 2719 duces,
1620 2656 1888 2722 tribunos,
1933 2657 2041 2712 im-

457 2750 738 2812 peratores
787 2743 1092 2812 militares,
1142 2746 1515 2816 proconsules,
1559 2747 1772 2818 aliaque
1817 2750 2040 2805 similia.

456 2832 810 2888 Proconsulis
859 2833 1020 2906 [forte
1063 2836 1325 2909 consulis]
1377 2838 1598 2906 quidem
1647 2839 1876 2911 insignia
1928 2842 2042 2897 haec

455 2929 604 2987 sunt,
649 2937 870 2979 secures
907 2924 1216 2991 duodecim,
1259 2936 1382 2997 toga
1429 2938 1710 2998 praetexta.
1753 2928 2044 2988 Dictatoris

458 3015 673 3084 quidem
705 3029 945 3082 secures,
975 3025 1031 3072 et
1057 3027 1276 3074 cmtera.

1116 3199 1367 3258 CCXLV.

769 3289 818 3345 E
847 3287 1120 3347 Plutarchi
1154 3293 1439 3351 Parallelis
1469 3307 1735 3364 excerpta.

535 3379 788 3450 Legimus
833 3395 864 3435 e
907 3381 1185 3440 Plutarchi
1235 3385 1520 3444 Parallelis
1563 3390 1808 3446 diversos
1854 3391 2042 3458 libros,

463 3485 693 3539 quorum
745 3475 1130 3542 compendiosa
1177 3477 1472 3546 descriptio
1521 3481 1636 3536 haec
1683 3481 1880 3537 selecta
1929 3497 2046 3536 ma-

459 3577 624 3634 guam
655 3561 944 3620 utilitatem
984 3567 1318 3625 discentibus
1351 3572 1609 3630 continet.

981 3654 1031 3708 E
1070 3657 1250 3712 Dionis
1295 3657 1436 3714 Vita.

534 3745 774 3803 Timteus
801 3748 1012 3804 Philisti
1039 3750 1091 3804 in
1121 3760 1382 3822 tyrannos
1407 3753 1645 3807 studium
1675 3764 1838 3825 atque
1862 3752 2046 3818 ﬁdem,

467 3841 810 3896 occasionem
839 3857 972 3896 sane
1005 3843 1434 3911 reprehendendi
1476 3860 1581 3901 non
1614 3845 1868 3916 injustam
1905 3848 2047 3901 arri-

466 3933 658 4002 piens,
721 3933 788 3987 ad
852 3935 1159 3988 satietatem
1223 3951 1396 4005 usque
1449 3937 1712 3994 conviciis
1774 3939 2048 3994 hominem

467 4024 795 4094 proscindit.
845 4023 988 4080 Sane
1035 4026 1128 4095 qui
1178 4035 1291 4080 tum
1347 4026 1416 4082 ab
1467 4042 1533 4084 eo
1586 4029 1800 4086 vivente
1853 4031 2049 4100 injuria

469 4113 650 4170 aﬁ‘ecti
682 4115 934 4182 inissent,
965 4116 1168 4187 ignosci
1201 4117 1267 4173 iis
1301 4129 1533 4188 poterat,
1561 4121 1708 4191 quod
1741 4123 1836 4177 irae
1863 4123 2051 4193 impo-

469 4207 636 4262 tentis
677 4215 878 4262 esseut.
921 4206 1027 4264 Eos
1076 4218 1256 4263 autem
1300 4210 1389 4279 qui
1434 4212 1765 4279 posteriores
1810 4221 2052 4282 tempore

469 4299 726 4356 historias
777 4299 1131 4371 scripserunt,
1167 4301 1298 4356 nihil
1346 4303 1462 4372 ejus
1505 4301 1664 4358 iactis
1715 4302 1892 4371 laesos,
1924 4319 2050 4360 ora-

2141 445 2546 516 Ἀλεξάνδρειαν
2576 443 2976 515 ἀναιρεθέντος,
3011 442 3358 497 συστέλλεται
3389 443 3488 514 μὲν
3524 447 3556 514 ἡ
3593 446 3696 499 τῶν

2130 541 2352 595 ὑπάτων
2406 542 2550 613 ἀρχὴ
2598 542 2680 600 εἰς
2729 540 3024 610 μοναρχίαν
3076 538 3317 610 Καίσαρι
3363 537 3442 608 τῷ
3479 538 3692 609 Ἰουλίῳ,

2130 631 2297 686 παύει
2316 634 2361 664 ⁵⁷
2391 633 2447 686 δὲ
2472 633 2654 686 τέλεον
2685 633 2778 686 καὶ
2809 633 2840 701 ἡ
2869 631 3078 694 στάσις.
3098 628 3338 683 Ἐκείνου
3357 629 3412 682 δὲ
3440 630 3699 702 ἀνῃρημέ-

2132 742 2246 792 νου,
2275 724 2417 779 κατὰ
2443 723 2679 796 Βρούτου
2712 723 2806 777 καὶ
2823 721 3064 776 Κασσίου
3091 720 3199 774 τῶν
3228 720 3520 774 ἀνελόντων
3547 721 3696 773 πόλε-

2135 834 2235 887 μος
2283 815 2547 886 ἐμφύλιος
2581 817 2846 877 κινεῖται,
2895 813 3286 884 χειριζομένων
3307 812 3351 844 ⁸⁸
3383 811 3607 864 Λεπίδου
3643 828 3696 864 τε

2133 910 2224 962 καὶ
2252 907 2544 962 Ἀντωνίου
2565 907 2611 940 ⁵⁸
2638 908 2732 960 καὶ
2759 905 3116 960 Ὀκταϐιανοῦ
3153 903 3247 958 τοῦ
3273 903 3575 972 Αὐγούστου
3609 903 3699 973 τὴν

2134 1000 2342 1054 ὕπατον
2383 999 2560 1071 ἀρχὴν
2591 1000 2846 1069 ἐχόντων.
2879 997 2955 1052 Οὐ
2989 997 3231 1069 βραδέως
3261 996 3316 1050 δὲ
3348 996 3442 1048 τοῦ
3473 993 3696 1065 πολέμου

2134 1092 2316 1163 κρίσιν
2339 1093 2451 1155 τοῖς
2478 1090 2666 1154 ὅπλοις
2699 1089 2978 1156 λαϐόντος,
3009 1089 3104 1143 καὶ
3128 1087 3458 1158 νικηθέντων
3491 1085 3582 1139 καὶ
3614 1083 3722 1140 άν-”

2135 1182 2465 1254 αιρεθέντων
2493 1182 2604 1236 τῶν
2644 1182 2774 1253 περὶ
2813 1183 3055 1236 Κάσσιον
3083 1181 3180 1234 καὶ
3213 1178 3470 1251 Βροῦτον,
3505 1181 3616 1248 μετ’
3644 1177 3698 1231 οὐ

2135 1275 2271 1329 πολὺ
2303 1276 2575 1347 ῥήγνυται
2613 1275 2694 1338 είς
2739 1273 2801 1328 τὸ
2846 1273 3082 1345 φανερὸν
3128 1273 3163 1343 ἡ
3213 1269 3578 1341 ἐνδομυχοῦσα
3606 1269 3702 1334 Αὐ-

2135 1368 2365 1436 γούστου
2389 1367 2486 1421 καὶ
2505 1365 2792 1421 Ἀντωνίου
2817 1365 2959 1437 ὑπὲρ
2976 1365 3079 1435 τῆς
3102 1361 3471 1435 φιλοπρωτίας
3492 1359 3698 1430 ἅμιλλα.

2136 1464 2249 1516 Καὶ
2277 1460 2489 1516 πολλῶν
2515 1459 2793 1529 συγγενῶν
2835 1459 3084 1530 αἱμάτων
3113 1454 3454 1526 ἑκατέρωθεν
3480 1453 3702 1525 ῥυέντων

2135 1553 2198 1608 τδ
2247 1555 2451 1626 κράτος
2499 1551 2796 1624 Αὐγούστῳ
2827 1551 3160 1622 βεϐαιοῦται,
3193 1551 3287 1603 καὶ
3341 1547 3450 1601 τῶν
3497 1548 3629 1601 ὅλων
3671 1548 3702 1618 η

2139 1646 2358 1712 ἐξουσία
2396 1645 2544 1715 αὐτῷ
2587 1645 2892 1715 παραμένει
2920 1643 3009 1697 διὰ
3044 1642 3184 1713 βίου,
3230 1641 3332 1710 τῆς
3363 1639 3472 1693 τῶν
3501 1639 3705 1693 ὑπάτων

2065 1708 2112 1770 Β
2140 1708 2327 1791 λοιπὸν
2359 1708 2535 1808 ἀρχῆς
2562 1708 2830 1808 τὴν-ἰδίαν
2863 1733 3018 1804 τάξιν
3044 1708 3141 1788 καὶ
3173 1708 3496 1787 δυναστείαν
3526 1730 3706 1785 ἀποϐε-

2138 1830 2425 1902 ϐληκυίας.

2210 1924 2334 1978 Ὀτι
2384 1923 2448 1976 τὸ
2475 1922 2584 1978 τῶν
2627 1920 2974 1992 ίλλουστρίων
2994 1919 3042 1953 ³⁸
3089 1917 3307 1986 ἀξίωμα
3362 1916 3554 1988 τρίτην
3606 1912 3706 1967 ἀπὸ

2137 2014 2246 2070 τῶν
2275 2013 2584 2085 πατρικίων
2611 2013 2768 2078 τάξιν
2797 2012 3014 2083 ἐπέχειν
3037 2011 3082 2045 ⁵⁸
3112 2005 3266 2074 οὗτός
3294 2026 3484 2080 φησιν.

2209 2107 2335 2160 Ὀτι
2381 2107 2489 2178 πρὸ
2516 2105 2617 2176 τῆς
2641 2103 2738 2158 τοῦ
2759 2105 2806 2137 ⁸⁸
2832 2102 3143 2173 Αὐγούστου
3197 2100 3504 2173 μοναρχίας
3546 2097 3709 2153 ταῦτα

2138 2199 2436 2269 ἐγίνωσκον
2469 2197 2730 2268 Ῥωμαῖοι
2753 2194 2980 2267 ἀρχικοῦ
3016 2195 3254 2266 κράτους
3304 2193 3568 2262 ὀνόματα,
3606 2206 3708 2243 πα-

2137 2291 2407 2362 τρικίους,
2434 2288 2484 2343 οἳ
2507 2288 2601 2342 καὶ
2633 2286 2840 2354 ,βουλὴ
2869 2285 2964 2340 καὶ
3002 2284 3347 2354 σύγκλητος
3406 2278 3708 2343 ἐκαλοῦντο,

2138 2383 2458 2456 δημάρχους
2508 2381 2636 2444 τοὺς
2670 2377 3020 2450 προεστῶτας
3056 2375 3151 2429 τοῦ
3211 2375 3412 2444 δήμου,
3464 2371 3712 2440 άγορανό⁸

2145 2492 2299 2549 μους,
2335 2474 2576 2537 ὑπάτους
2607 2472 2735 2535 τούς
2779 2470 3002 2542 ἔχοντας
3055 2467 3357 2522 ὑπεύθυνον
3381 2465 3432 2497 ⁸³
3472 2463 3533 2518 τὺ
3583 2461 3713 2516 κατὰ

2142 2569 2358 2622 πάντων
2380 2566 2603 2638 κράτος,
2658 2562 2950 2632 δικτάτορα
2977 2560 3169 2630 έχοντα
3218 2558 3311 2613 καὶ
3347 2555 3515 2610 αὐτὸν
3534 2594 3550 2619 ,
3606 2551 3712 2608 ἀλλ’

2141 2657 2512 2715 ἀνυπεύθυνον
2551 2655 2648 2710 καὶ
2697 2651 2883 2726 μεῖζον
2930 2651 2992 2706 τὸ
3040 2650 3186 2706 κατά
3238 2649 3462 2703 πάντων
3505 2645 3712 2718 κράτος,

2143 2749 2510 2820 στρατηγοὺς,
2560 2746 2862 2816 ὑπάρχους,
2920 2741 3329 2814 αὐτοκράτορας
3357 2735 3713 2810 στρατηγοὺς,

2141 2843 2504 2905 άνθυπάτους,
2541 2838 2638 2892 καὶ
2693 2837 2857 2906 ἔτερα
2883 2832 3130 2888 τοιαῦτα.
3157 2831 3320 2904 [1192
3341 2829 3438 2903 R.]
3479 2823 3717 2900 Σύμϐολα

2146 2933 2246 3004 μὲν
2275 2927 2368 2986 οὖν
2401 2932 2501 3002 τῆς
2527 2930 2622 2984 τοῦ
2668 2927 2980 2982 ἀνθυπάτου
3023 2925 3197 2996 ἀρχῆς
3221 2924 3478 2986 πελέκεις
3518 2920 3715 2974 δώδεκα

2145 3021 2241 3074 καὶ
2267 3018 2500 3091 τήϐεννα
2535 3015 2968 3088 περιπόρφυρος,
3001 3015 3096 3068 τοῦ
3144 3012 3202 3066 δὲ
3257 3011 3596 3080 δικτάτωρος
3627 3023 3718 3061 πε-

2143 3113 2321 3177 λέκεις
2345 3111 2444 3183 μὲν
2469 3109 2610 3165 “ﬁ...

2846 3195 3021 3252 ZME'.

2185 3299 2306 3357 Τῶν
2347 3299 2740 3367 Πλουτάρχου
2765 3292 3181 3365 Παραλλήλων
3206 3290 3482 3361 διάφοροι
3507 3288 3688 3360 λόγοι.

2219 3391 2367 3463 [642
2421 3389 2517 3463 Η.]
2579 3389 3024 3458 ’Δνεγνώσθησαν
3075 3384 3142 3438 ὲκ
3209 3383 3320 3437 τῶν
3386 3381 3720 3453 Πλουτάρχου

2144 3483 2512 3556 Παραλλήλων
2564 3482 2810 3552 διάφοροι
2873 3479 3043 3547 λόγοι,
3105 3471 3182 3534 ὧν
3240 3479 3274 3546 ὴ
3319 3474 3535 3538 ἐκδοσις
3591 3473 3725 3527 κατὰ

2153 3575 2375 3647 σύνοψιν
2401 3573 2683 3649 ἐκλέγεται
2699 3573 2954 3642 διάφορον
2980 3567 3392 3642 χρηστομαθίαν
3414 3568 3486 3620 ⁵⁵.

2651 3666 2754 3719 Ἐκ
2779 3664 2886 3718 τοῦ
2926 3665 3146 3728 Δίωνος
3166 3661 3236 3714 ⁵⁸.
3492 3693 3497 3697 -

2229 3756 2392 3812 Ἀλλά
2415 3757 2461 3790 ⁵⁷
2500 3754 2734 3824 Τίμαιος
2758 3753 2860 3806 οὐκ
2892 3751 3075 3806 άδικον
3105 3749 3289 3803 λαϐὼν
3319 3747 3609 3820 πρόφασιν
3636 3742 3725 3813 τὴν

2149 3849 2291 3920 ὑπὲρ
2306 3851 2406 3921 τῆς
2417 3845 2734 3919 τυραννίδος
2747 3843 2840 3898 τοῦ
2862 3843 3108 3897 Φιλίστου
3136 3841 3371 3913 σπουδὴν
3394 3841 3494 3894 καὶ
3521 3839 3720 3901 πίστιν,

2149 3939 2491 4011 ἐμπίπλαται
2519 3937 2629 3992 τῶν
2650 3937 2696 3969 ⁸⁸
2727 3935 2848 3990 κατ’
2887 3934 3054 3989 αὐτοῦ
3089 3933 3472 4006 βλασφημιῶν.
3504 3933 3572 3987 Ὃ
3609 3930 3725 3991 τοὺς

2155 4032 2252 4103 μὲν
2279 4030 2638 4101 ἀδικηθέντας
2674 4029 3022 4098 σύγγνωστόν
3065 4029 3214 4082 ἐστιν
3271 4029 3404 4090 ἴσως
3457 4027 3586 4096 άχρι
3632 4022 3727 4092 τῆς

2151 4121 2231 4184 είς
2261 4118 2587 4189 ἀναίσθητον
2610 4119 2655 4150 ⁸⁸
2700 4116 2874 4186 ὀργῆς
2930 4117 3206 4188 χαλεποὺς
3254 4116 3554 4186 γενέσθαι·
3608 4115 3727 4177 τούς

2151 4211 2198 4266 δ’
2245 4211 2469 4282 ὕστερον
2517 4211 2937 4280 συγγράφοντας
2966 4209 3035 4263 τὰ
3075 4210 3466 4280 πεπραγμένα,
3517 4210 3612 4264 καὶ
3655 4206 3728 4278 τῷ

2159 4303 2258 4376 μὲν
2292 4303 2391 4374 βίῳ
2421 4301 2497 4374 μὴ
2525 4301 2867 4373 λυπηθέντας
2905 4299 3094 4367 αὐτοῦ,
3122 4301 3200 4372 τῷ
3227 4300 3287 4354 δὲ
3324 4301 3473 4371 λόγῳ
3516 4299 3727 4370 χρωμέ-

471 4393 618 4448 tione
643 4401 822 4448 autem
855 4395 1020 4448 etiam
1065 4393 1298 4464 adjutos,
1335 4411 1622 4451 commune
1663 4397 1939 4452 hominum
1967 4398 2040 4469 ju‘

2159 4412 2305 4460 νους,
2337 4396 2371 4465 ἡ
2391 4392 2518 4460 δόξα
2548 4395 2895 4464 παραιτεῖται
2929 4392 3002 4464 μὴ
3039 4393 3156 4465 μεθ’
3188 4392 3403 4464 ὕϐρεως
3431 4392 3569 4464 μηδέ
3599 4390 3730 4461 μετὰ

471 4484 674 4538 dicium
708 4484 982 4539 dehortari
1020 4485 1224 4554 debuit,
1250 4501 1316 4542 ne
1351 4488 1739 4544 contumeliose
1770 4499 1866 4544 aut
1898 4503 2055 4544 scur-

2155 4486 2492 4558 βωμολοχίας
2517 4485 2797 4551 ὀνειδίζειν
2833 4485 2932 4548 τὰς
2964 4485 3253 4556 συμφορὰς
3279 4525 3294 4551 ,
3341 4479 3416 4540 ὧν
3463 4485 3612 4538 οὐδὲν
3638 4484 3730 4534 ἐπ-

475 4576 651 4631 riliter
683 4577 1023 4632 calamitates
1054 4579 1135 4633 eis
1164 4580 1648 4650 exprobrarentur,
1680 4583 1878 4652 quibus
1920 4599 2040 4652 quo-

2156 4581 2271 4651 έχει
2307 4581 2398 4633 καὶ
2423 4579 2514 4632 τὸν
2543 4578 2762 4650 ἄριστον
2789 4578 3000 4648 ἀνδρῶν
3029 4580 3094 4631 ἐκ
3117 4577 3286 4648 τύχης
3313 4579 3628 4649 μετασχεῖν.
3659 4575 3728 4629 Οὐ

474 4669 656 4725 minus
703 4669 896 4738 injuria
943 4669 1176 4725 fortuna:
1218 4671 1385 4726 etiam
1430 4673 1669 4742 optimus
1702 4674 1932 4744 quisque
1972 4673 2056 4729 fe-

2159 4674 2264 4744 μὴν
2283 4673 2393 4726 οὐδ’
2419 4672 2656 4756 Ἔφορος
2681 4671 2914 4740 ὑγιαίνει
2938 4670 3029 4724 τὸν
3052 4671 3304 4724 Φίλιστον
3325 4669 3690 4742 ἐγκωμιάζων
3713 4683 3726 4698 ·

473 4760 816 4826 riatur,uihil
853 4761 1052 4817 obstat.
1091 4761 1273 4832 Neque
1308 4779 1436 4818 vero
1469 4780 1638 4821 sanus
1668 4764 1935 4835 Ephorus,
1965 4780 2034 4835 qu

2155 4765 2216 4829 δς
2246 4764 2449 4836 καίπερ
2475 4763 2551 4818 ῶν
2588 4751 2892 4828 δέινότατος
2911 4763 3120 4828 ἀδίκοις
3149 4766 3440 4836 πράγμασι
3511 4763 3606 4818 καὶ
3635 4779 3726 4815 πο·

471 4851 760 4910 Ριιὶιίειυιη
799 4854 1120 4924 praedicans,
1151 4856 1403 4926 quamvis
1435 4855 1618 4913 fuerat
1648 4858 2050 4923 callidissimus,

1755 4992 1840 5050 VA
1849 4991 1987 5048 RIIE
2025 4989 2429 5048 LECTIONES.

547 5105 591 5192 ξ’
617 5103 780 5192 παύει
803 5103 1030 5192 παύεται
1052 5108 1800 5192 apograpiiumHStephani.f‘
1818 5108 2212 5192 XetprCopévmv
2225 5109 2285 5192 il,
2301 5109 2674 5192 χειριςομένου
2690 5111 2761 5192 Α,
2775 5074 3051 5192 χειμα

511 5176 734 5258 ξξτιιτὸ
806 5176 914 5258 τῶν
963 5176 1339 5258 ίλλουστρίῶν]
1390 5176 1747 5238 1111151ὶὶεείιηὶ
1819 5176 2052 5258 dignitas
2083 5182 2166 5258 vel
2203 5176 2663 5258 illus'tri'ssititatus
2686 5176 3047 5258 esurio-stem

476 5245 762 5338 ridiculu’m
796 5253 988 5338 putare
1019 5245 1454 5335 ltoc.a'Dio.doru.
1490 5269 1724 5338 utiquam
1778 5245 2058 5338 prodi-tum,
2087 5251 2256 5338 fuisse
2287 5252 2514 5338 ;-i.taque
2541 5245 3139 5338 sinentiubjoh

478 5317 748 5385 sequioris
777 5324 831 5368 et
858 5318 1173 5383 posterioris
1207 5323 1508 5390 scriptoris.
1535 5317 1818 5377 Samaria.
1895 5323 1938 5353 "
1963 5325 2148 5391 ἐπέχει
2173 5325 2238 5376 Α.
2290 5317 2361 5355 ί¹¹³
2389 5317 2481 5376 τοῦ
2513 5338 2624 5376 om.
2659 5321 2716 5374 Β.
2793 5322 2842 5354 ⁵⁸
2866 5317 2970 5377 άνιῖ

479 5385 756 5480 ῩΒὶθοϊῘῗλ
789 5385 999 5480 .ἶῖἑῖῗῖῗὲ
1021 5387 1121 5480 lii?
1146 5407 1333 5480 Υθῑᾶίξδ
1365 5395 1514 5480 ϊεέωί
1551 5395 1602 5448 ί¹¹
1635 5394 1674 5446 Β
1709 5393 2013 5480 “HVJ-ini."
2041 5393 2087 5447 (³
2108 5394 2144 5447 θ
2168 5393 2294 5480 ἑβ-
2359 5393 2691 5480 .ἶ⁸.διαϊί⁵ἑ³ω
2724 5317 3163 5480 “mima

1755 5464 1800 5496 ⁸⁷
1824 5453 1985 5526 ἀλλὰ]
2023 5479 2142 5534 cap.
2167 5453 2254 5518 5'6.
2357 5465 2404 5497 ⁸⁸
2429 5453 2773 5534 ἐμπῖπλατάῖ
2795 5453 2904 5516 τῶν
2917 5453 3074 5534 δὴ

474 5176 524 5209 ⁸ο
546 5173 630 5249 ϐτι
655 5175 734 5249 ’τὸ
806 5175 914 5226 τῶν
963 5173 1334 5249 ίλλούστρίων]

480 5457 588 5526 (pr.
614 5457 758 5532 enim
789 5456 1000 5532 titulum
1027 5463 1182 5532 om.):
1216 5462 1335 5532 βίου
1363 5465 1561 5528 Δίωνος
1591 5482 1651 5529 ς.

482 5524 544 5591 ξ.
619 5524 664 5556 ³⁸
690 5525 1016 5598 άναισθήτου
1049 5545 1109 5592 ς.

1999 5597 2232 5654 NOTAE.
2258 5652 2259 5656 η

2161 4860 2342 4928 νηροῖς
2373 4857 2560 4929 1ἤθεσιν
2615 4857 2957 4927 εὐσχήμονας
3011 4855 3214 4929 civici
3247 4854 3597 4926 περιϐάλλειν
3641 4852 3729 4906 καὶ

2938 5096 3051 5160 θ’-η
3334 5114 3375 5171 ,ι

2938 5170 3047 5233 33‘:
3341 5175 3383 5230 r'.

2922 5411 2946 5428 ιΙ
3299 5401 3321 5425 ἑ

2918 5428 2928 5445 ν
3199 5428 3282 5434 ⁷⁷⁷-
3319 5428 3396 5448 ’τοι

3334 5097 3614 5171 πραννικῶν
3663 5097 3753 5171 καὶ

3341 5170 3384 5230 Ῑέ.
3463 5173 3510 5203 ³³
3557 5170 3751 5238 ὀφθαλο-

3365 5245 3410 5275 ⁹¹
3465 5243 3523 5294 ’Δ
3533 5239 3752 5312 ρπάλου]

3272 5308 3663 5384 ᾖοσκεχωρήκει
3697 5308 3752 5384 li.

3196 5381 3437 5459 mihi
3550 5398 3658 5436 cui.
3697 5381 3751 5431 ll.

2357 5465 2404 5497 ιη
2429 5449 2773 5536 amenta:
2795 5449 3421 5539 τῶν
3443 5449 3562 5526 ςεο
3582 5468 3659 5512 A':
3685 5474 3730 5523 ῳ

554 5685 670 5757 (73)
707 5685 834 5744 Haec
884 5691 1140 5759 quoniam
1185 5689 1501 5760 posterioris
1548 5699 1677 5748 sunt
1719 5689 1895 5747 atatis
1921 5729 1936 5758 ,
2255 5652 2381 5747 dicti
2413 5690 2628 5748 Diodori
2663 5707 2783 5750 esse

2867 5777 3010 5840 ὑί

3146 5679 3246 5716 .5
3271 5709 3276 5714 .
3299 5679 3318 5716 ί

3136 5765 3254 5790 5,*ιῖ

3137 5791 3246 5820 ἴδεν

3155 5819 3234 5848 ’.Ἰ

2889 5881 3208 6004 Li“?

2845 5937 2940 6128 ι

3021 6087 3028 6094 ε

3125 5779 3155 5798 -1
3207 5779 3253 5806 ᾔει

3137 5809 3168 5880 l'
3213 5809 3234 5848 ³³
