4012 6236
426 231 564 296 H39

1606 239 1864 301 PHO'EH
1896 243 2405 303 ΡΛΤΗΙΑΒΟΗᾹΞ
2440 245 2547 303 CP.

3554 245 3692 311 illi!)

418 364 448 404 a
487 356 660 404 morte
693 349 814 406 [illa
851 365 963 407 sum
991 355 1096 418 die,
1124 354 1264 422 quod
1304 352 1595 412 Eschiucs
1632 358 1997 426 exprobrandi

2109 360 2345 431 ἱμάτιον,
2390 332 2630 432 ἑϐδόμην
2662 361 2875 434 ἡμέραν
2922 361 3024 430 τῆς
3057 361 3330 434 θυγατρὸς
3387 363 3550 419 αὑτοῦ
3596 382 3691 419 τε-

417 455 580 496 causa
615 441 796 506 refert,
839 443 1288 500 inhumanitatem
1333 447 1384 501 ei
1446 461 1572 517 erga
1621 447 1826 504 liberos
1867 449 2004 520 obji-

418 532 568 586 ciens
607 551 620 586 :
656 533 836 587 mollis
870 533 984 602 ipse
1015 545 1067 588 et
1099 535 1384 605 degeneris
1415 536 1606 606 animi,
1638 539 1682 592 si
1719 538 1920 593 luctum
1951 548 2006 595 et

419 623 681 689 ejulatum
715 625 984 679 mansueti
1028 627 1193 680 animi
1233 637 1286 682 et
1326 643 1546 683 suorum
1587 631 1822 687 amantis
1852 633 2004 703 signa

417 716 644 780 censuit,
676 717 795 770 sine
829 718 1032 774 doloris
1062 729 1242 774 autem
1293 736 1459 777 sensu
1494 733 1548 778 et
1584 722 1818 778 molliter
1845 739 2005 780 casus

419 805 728 871 hujusmodi
779 807 948 874 ferre,
983 811 1035 863 in
1087 810 1221 866 vitio
1268 813 1468 882 posuit.
1526 813 1791 883 Equidem
1833 816 2004 872 Athe-

417 897 700 954 niensibus
753 900 1010 955 decorum
1065 902 1255 970 fuisse,
1306 908 1374 961 ob
1426 917 1659 963 mortem
1715 909 1881 979 regis,
1913 909 2003 978 qui

418 999 525 1041 tam
583 990 907 1046 clementem
954 995 1117 1050 victis
1171 1011 1229 1052 se
1279 997 1362 1052 eis
1413 1001 1720 1068 praebuerat
1770 1015 2004 1056 coronas

416 1078 582 1145 ferre,
612 1091 774 1148 atque
806 1085 970 1137 etiam
1002 1087 1334 1152 sacriﬁcare,
1371 1103 1712 1159 nequaquam
1738 1088 1950 1144 afﬁrmo
1986 1107 2002 1146 :

418 1186 541 1226 nam
583 1186 944 1244 praeterquam
991 1178 1137 1247 quod
1192 1179 1520 1237 invidiosum
1569 1181 1672 1234 hoc
1715 1192 1822 1245 est,
1861 1181 2004 1235 indi-

422 1281 590 1335 gnum
623 1268 787 1322 etiam
833 1270 1082 1336 ingenuis
1123 1271 1434 1326 hominibus
1463 1281 1603 1338 erat,
1631 1287 1789 1341 quem
1821 1277 2007 1327 viven-

420 1367 525 1412 tem
579 1360 875 1417 honoribus
924 1360 1256 1430 affecissent,
1312 1378 1378 1418 ac
1424 1364 1649 1418 civitate
1689 1365 2004 1428 donassent,

416 1448 612 1521 3941)
648 1452 719 1506 ob
749 1453 866 1521 ejus
901 1463 1129 1508 mortem
1161 1455 1433 1510 exsultare
1461 1457 1682 1525 gaudio,
1711 1455 2004 1511 defuncto-

417 1556 523 1610 que
559 1542 838 1598 insultare.
883 1543 1040 1610 Quod
1088 1556 1269 1601 autem
1318 1548 1673 1603 domesticam
1721 1547 2005 1602 calamita-

418 1642 526 1688 tem
583 1635 884 1691 dellendam
942 1638 1266 1695 mulieribus
1315 1638 1538 1709 reliquit
1585 1639 2002 1705 Demosthenes,

2105 451 2386 522 θνηκυίας,
2421 451 2498 514 ὼς
2538 453 2819 523 ,Αἰσχίνης
2877 453 3010 524 φησὶ¹
3065 453 3322 524 λοιδορῶν
3367 454 3532 508 αὐτὸν
3595 455 3694 509 ἐπὶ

2110 545 2288 616 τούτῳ
2317 545 2415 600 καὶ
2437 546 2758 616 κατηγορῶν
2793 547 2961 601 αὑτοῦ
3000 546 3372 615 μισοτεκνίαν,
3407 546 3570 610 αὐτὸς
3611 546 3692 600 ῶν

2103 637 2336 706 ἀγεννὴς
2364 637 2457 692 καὶ
2492 638 2755 708 μαλακὸς,
2794 639 2843 690 εί
2876 639 2936 690 τὸ
2964 638 3221 692 ταπεινὸν
3243 639 3340 692 καὶ
3368 640 3496 702 τοὺς
3533 639 3693 710 ὀδυρ-

2109 730 2245 800 μοὺς
2279 731 2488 801 ἡμέρου
2535 731 2630 783 καὶ
2668 729 3028 800 φιλοστόργου
3080 729 3261 802 ψυχῆς
3289 734 3528 786 ποιεῖται
3584 750 3688 802 ση-

2109 823 2258 893 μεῖα,
2291 823 2352 874 τὸ
2382 822 2440 874 δὲ
2471 821 2691 884 ἀλύπως
2724 823 2821 874 καὶ
2849 822 3042 892 πράως
3076 823 3252 876 ταῦτα
3274 823 3464 893 φέρειν
3491 825 3691 878 ἀπεδο-

2106 913 2365 983 κίμαζεν.
2443 912 2584 982 Ἐγὼ
2639 913 2697 966 δὲ
2748 912 2827 978 ὡς
2869 913 2968 984 μὲν
3013 913 3109 966 ἐπὶ
3169 913 3387 982 Θανάτῳ
3423 913 3692 983 βασιλέως

2109 1004 2330 1075 ἡμέρως
2351 1005 2396 1037 ⁸⁸
2422 1003 2564 1057 οὓτω
2590 1005 2687 1058 καὶ
2703 1002 3126 1074 φιλανθρώπως,
3151 1002 3212 1054 ἐν
3229 997 3597 1087 οίςηιξτύχησε
3618 1002 3686 1065 ⁸³,

2107 1095 2455 1169 χρησαμένου
2505 1094 2798 1147 πταίσασιν
2820 1094 2868 1126 ⁸⁸
2912 1094 3096 1155 αὐτοῖς
3141 1093 3574 1162 στεφανηφορεῖν
3597 1109 3693 1144 και

2115 1182 2220 1245 λῶς
2278 1178 2391 1252 εἶχε
2451 1182 2547 1235 καὶ
2586 1181 2758 1244 θύειν,
2785 1182 2884 1234 οὐκ
2923 1181 2990 1235 ἂν
3021 1180 3235 1251 εἴποιμι
3262 1196 3278 1212 ’
3308 1179 3444 1252 πρὸς
3481 1182 3588 1250 γὰρ
3612 1179 3692 1250 τῷ

2107 1272 2393 1344 νεμεσητῷ
2415 1274 2514 1328 καὶ
2543 1272 2770 1341 ἀγεννὲς
2807 1273 2986 1337 ζῶντα
3021 1272 3123 1341 μὲν
3155 1273 3325 1343 τιμᾷν
3356 1274 3477 1342 ,καὶ
3515 1273 3690 1325 ποιεῖ-

2109 1362 2234 1418 σθαι
2256 1363 2503 1433 πολίτην,
2537 1364 2800 1426 πεσόντος
2827 1363 2886 1416 δὲ
2914 1363 3006 1432 ὑφ’
3031 1361 3218 1433 ἑτέρου
3265 1363 3340 1434 μὴ
3369 1363 3556 1432 φέρειν
3583 1361 3684 1434 τὴν

2107 1457 2283 1526 χαράν
2325 1455 2585 1526 μετρίως,
2643 1454 2759 1508 ἀλλ’
2807 1455 3132 1526 ἐπισκιρτᾷν
3163 1454 3242 1525 τῷ
3302 1455 3503 1527 νεκρῷ.
3560 1456 3684 1509 Ὅτι

2112 1547 2298 1618 μέντοι
2325 1547 2425 1608 τὰς
2455 1545 2593 1598 οῐκοι
2631 1543 2801 1616 τύχας
2857 1546 2957 1599 καὶ
3012 1547 3226 1617 δάκρυα
3260 1546 3356 1599 καὶ
3423 1546 3694 1616 ὀδυρμοὺς

2109 1635 2398 1692 ἀπολιπὼν
2422 1637 2467 1672 ⁸⁸
2490 1639 2609 1699 ταῖς
2629 1636 2880 1706 γυναιξὶν
2909 1638 2938 1692 ό
2968 1638 3339 1708 Δημοσθένης,
3387 1638 3424 1692 ἀ
3446 1639 3512 1707 τῇ
3539 1636 3694 1690 πόλει

417 1725 532 1792 ipse
574 1743 672 1796 ea,
721 1744 842 1798 quae
891 1745 923 1785 e
971 1731 1247 1802 republica
1306 1746 1438 1788 esse
1490 1735 1740 1789 crederet
1797 1735 2005 1805 agenda

2113 1727 2417 1798 συμφέρειν
2445 1724 2606 1797 ᾤετο,
2629 1725 2807 1779 ταῦτα
2834 1725 3124 1797 ἔπραττεν,
3164 1726 3393 1788 ἐπαινῶ,
3421 1726 3515 1778 καί
3545 1723 3698 1778 τίθει

421 1821 744 1889 suscipiens.
783 1821 834 1875 id
874 1822 1059 1887 laudo,
1115 1823 1528 1896 profectumque
1573 1841 1602 1879 a
1651 1826 1774 1881 forti
1819 1827 2002 1881 animo

422 1912 679 1981 civilique
710 1913 918 1980 judico,
961 1915 1115 1982 cujus
1155 1914 1389 1972 cilicium
1434 1927 1519 1974 est
1563 1933 1782 1988 semper
1829 1920 2008 1990 reipu-

417 2003 575 2060 blicae
596 2007 860 2062 intentum
893 2023 1035 2072 esse,
1066 2007 1225 2076 eique
1259 2025 1348 2064 res
1374 2026 1641 2082 casusque
1673 2014 2004 2068 domesticos

420 2105 780 2166 postponere,
831 2115 1158 2172 semperque
1217 2101 1541 2169 dignitatem
1605 2117 1762 2158 suam
1827 2104 2005 2170 tueri,

418 2189 592 2241 multo
639 2190 810 2259 magis
839 2207 1001 2261 quam
1037 2193 1090 2246 in
1122 2193 1302 2248 scenis
1345 2193 1637 2250 histriones
1681 2195 1887 2251 faciunt
1920 2212 2008 2252 re—

418 2279 500 2348 gis
532 2289 626 2334 aut
656 2284 874 2350 tyranni
921 2298 1215 2352 personam
1264 2294 1491 2356 agentes
1526 2304 1541 2342 :
1577 2302 1716 2356 quos
1748 2289 1890 2358 ipsos
1915 2290 2004 2344 vi-

417 2367 608 2423 demus
643 2384 748 2424 non
794 2381 853 2426 ut
895 2373 1026 2441 ipsis
1069 2373 1278 2428 libitum
1317 2383 1402 2430 est
1436 2375 1519 2431 vel
1565 2376 1746 2432 ridere
1782 2377 1866 2434 vel
1891 2378 2007 2449 plo-

413 2473 559 2524 rare,
585 2462 680 2516 sed
711 2472 770 2517 ut
802 2465 941 2519 ratio
973 2465 1232 2535 propositi
1273 2467 1340 2520 ad
1369 2468 1640 2536 agendum
1683 2470 1997 2538 argumenti

418 2553 667 2620 requirit.
702 2553 819 2609 Jam
851 2556 898 2610 si
928 2567 1122 2611 contra
1153 2556 1392 2612 ollicium
1429 2567 1532 2623 est,
1566 2559 1729 2614 ictum
1761 2562 1997 2631 aliquem

418 2644 715 2699 infortunio
769 2647 1063 2716 negligere,
1109 2651 1326 2719 patique
1382 2659 1441 2704 ut
1491 2649 1538 2706 is
1590 2653 1770 2707 omnis
1809 2668 2006 2722 expers

418 2736 810 2793 consolationis
858 2753 1094 2796 moerere
1140 2756 1202 2795 se
1251 2757 1350 2796 suo
1388 2741 1664 2809 conficiat,
1701 2745 1796 2798 sed
1841 2753 1897 2798 et
1928 2744 2008 2800 le-

419 2829 632 2883 vandus
677 2831 857 2884 verbis
906 2831 1025 2898 ejus
1077 2834 1230 2888 dolor
1263 2843 1382 2900 est,
1434 2847 1490 2891 et
1537 2837 1890 2892 abducendus
1939 2836 2009 2891 ad

417 2932 602 2973 rerum
669 2921 936 2976 Iaztiorum
995 2924 1375 2994 cogitationem
1429 2928 1679 2992 animus,
1735 2928 2009 2998 quomodo

418 3024 485 3063 ex
528 3011 704 3065 oculis
747 3011 1062 3069 laborantes
1097 3031 1125 3068 a
1162 3017 1411 3070 contuitu
1460 3033 1643 3071 rerum
1687 3019 2010 3087 splendida-

417 3115 537 3153 rum
627 3117 833 3171 suoque
893 3105 1102 3175 fulgore
1157 3120 1252 3162 eos
1311 3108 1661 3173 ferientium,
1714 3108 2005 3165 delleclere

417 3205 695 3261 aspectum
749 3199 801 3252 in
851 3201 1054 3255 virides
1102 3209 1157 3258 et
1205 3202 1392 3258 molles
1441 3203 1658 3258 colores
1722 3203 2000 3274 jubemus,

416 3287 561 3356 quod
625 3291 839 3344 tandem
900 3293 1094 3362 patriae
1156 3293 1359 3362 lugenti
1429 3295 1619 3351 melius
1685 3295 1999 3350 consolandi

417 3398 588 3452 genus
625 3386 878 3442 adhibeat
928 3390 1143 3460 aliquis,
1175 3405 1338 3461 quam
1386 3392 1431 3447 si
1489 3391 1818 3447 domesticas
1893 3389 2233 3447 calamitates
2283 3405 2406 3444 cum
2452 3387 2686 3460 publicis
2773 3386 3121 3458 temperarit,

419 3475 617 3529 teriora
657 3478 951 3534 obscuret?

492 3565 683 3624 Victus
738 3585 994 3637 munere,
1049 3571 1256 3642 inquit,
1313 3572 1531 3645 Harpali
1588 3574 2004 3637 Demosthenes,

417 3647 808 3730 perculsusque
853 3663 1076 3730 perinde
1127 3679 1191 3718 ac
1246 3665 1290 3719 si
1354 3666 1665 3733 praesidium
1714 3667 1814 3721 sibi
1863 3677 2008 3720 esset

419 3751 749 3820 impositum,
786 3753 902 3822 ejus
942 3754 1184 3823 partibus
1207 3772 1268 3810 se
1310 3756 1575 3824 adjunxit.
1613 3757 1678 3811 Et
1709 3767 2004 3812 convocata

419 3843 795 3910 multitudine,
821 3860 940 3915 quae
969 3845 1034 3900 de
1068 3844 1288 3914 Harpali
1335 3848 1498 3901 rebus
1537 3848 2002 3912 animadversum,

418 3938 830 3991 contradixerat
886 3939 1031 3992 enim
1089 3937 1158 3993 iis
1206 3941 1297 4008 qui
1357 3953 1581 3993 servare
1639 3950 1900 4006 cuperent
1953 3949 2009 3995 et

421 4041 543 4079 eum
578 4027 878 4095 suscipere,
911 4038 1198 4098 antequam
1240 4042 1372 4083 auro
1408 4043 1627 4082 manum
1674 4027 1954 4098 implesset
1989 4045 2005 4084 :

423 4127 571 4171 recte
619 4125 674 4172 et
717 4119 854 4172 bene
896 4120 1034 4174 collo
1079 4119 1200 4173 lana
1249 4129 1306 4174 et
1343 4118 1527 4175 fasciis
1557 4129 1814 4175 accurate
1860 4120 2010 4175 invo-

425 4208 541 4262 luto
577 4208 631 4262 in
671 4213 988 4264 concionem
1036 4211 1254 4280 prodiit,
1291 4209 1588 4280 iussusque
1620 4214 1686 4263 ad
1726 4209 2009 4264 dicendum

408 4315 663 4370 surgere,
703 4315 886 4356 vocem
917 4303 1018 4357 sibi
1057 4303 1395 4357 intercidisse
1441 4303 1636 4356 innuit.
1676 4301 2009 4357 Urbaniores

421 4406 599 4448 autem
645 4394 896 4450 homines
936 4394 1353 4460 cavillabantur,
1394 4409 1500 4449 non
1531 4395 1752 4465 angina,
1786 4397 1878 4448 sed
1911 4410 2002 4448 ar-

417 4487 744 4556 gentaugiua
776 4497 934 4543 nocte
975 4497 1282 4557 correptum
1312 4495 1583 4542 oratorem
1611 4487 1878 4542 dicentes.

487 4659 782 4730 Postquam
829 4659 882 4714 in
936 4660 1190 4714 exsilium
1231 4669 1454 4732 propter
1482 4672 1719 4730 'acccpta
1767 4660 1837 4716 ab
1876 4658 2014 4714 Har-

413 4750 538 4820 palo
572 4750 684 4822 (75)
720 4767 942 4805 munera
992 4751 1180 4819 pulsus
1224 4760 1370 4805 esset
1417 4751 1829 4815 Demosthenes,
1874 4743 2010 4806 ado-

415 4845 684 4898 lescentes
725 4844 814 4912 qui
850 4842 918 4897 ad
957 4859 1016 4897 se
1054 4843 1476 4908 conveniebant,
1507 4853 1562 4898 et
1606 4844 2005 4899 consuetudine

414 4934 588 5005 ilsius
619 4935 929 5000 utebantur,
967 4949 996 4987 a
1031 4933 1308 5004 republica
1373 4934 1766 4990 dehortabatur
1806 4933 2012 5000 dicens,

1762 5023 1994 5079 VARIAE
2034 5027 2437 5088 LECTIONES.

1497 5097 1544 5130 ⁸⁵
1579 5095 1916 5164 πταίσμασιν
1989 5114 2048 5160 ς.

414 5162 708 5249 βασιλὶκῶν
739 5170 799 5224 Β.
941 5162 1414 5258 νἡ(ξίιιξιιέρβιγηματα
1439 5165 1686 5258 τῆρέιπείν]
1731 5162 1861 5258 ςξιον
1897 5170 2131 5258 πρᾶγμα
2157 5174 2524 5258 ’μετατρέπειν
2554 5177 2618 5242 Α,
2647 5162 2965 5258 ἴδιονηριχἱ

1441 5240 1486 5277 9°
1529 5236 1955 5304 ὲναφανίζουσαν
2002 5236 2067 5292 Λ’
2103 5258 2115 5292 :
2152 5236 2556 5313 ἐμφανίζούσας
2779 5236 2822 5277 θλ
2857 5236 3075 5342 ὅτε

1484 5310 1531 5342 9³
1561 5308 1855 5342 [fma-annm
1946 5308 1983 5342 ll
2099 5310 2144 5342 ab
2179 5313 2494 5342 :.:-.....'._--
2525 5318 2546 5342 Α
2596 5338 2604 5342 -
2651 5317 2954 5342 ε-ε-..λ..--.ι.
3045 5314 3072 5342 ~:‘.

487 5100 588 5180 ⁶¹“ἠ
597 5100 776 5180 μέρου
792 5098 857 5152 Α.
875 5168 919 5180 Δ.
931 5098 978 5180 ⁸ξ
993 5097 1275 5180 ⁸εὐτύχησε
1334 5095 1396 5152 Β.

413 5235 677 5312 μιοῦντας
702 5259 761 5305 ς.
867 5240 912 5270 ⁸⁸
934 5235 1021 5312 ἀν]
1047 5235 1139 5312 οὖν
1157 5235 1318 5312 ἄνξΒ.

415 5308 697 5384 δἈρπιὶχος
737 5315 800 5384 Α,
848 5314 875 5364 ὁ
916 5309 1322 5384 γὰρ”Αρπαλος
1348 5308 1439 5384 B._
1477 5310 1531 5384 ξ’
1554 5308 1901 5384 ῶσπερλυιιιλ
1934 5308 2003 5384 -Β,

413 5390 464 5418 ⁸ο
492 5382 745 5452 ἀντέλεγε
774 5382 845 5435 ll:
899 5382 1185 5447 ἀντέλεγον
1214 5399 1273 5445 ς.

413 5458 439 5490 ¹
458 5453 601 5508 δυοῖν
632 5471 692 5519 ς.

2115 1834 2214 1887 μαι
2243 1817 2530 1888 πολιτικῆς
2573 1818 2668 1872 καὶ
2702 1816 3008 1890 ἀνδρώδους
3043 1816 3246 1887 ψυχῆς,
3297 1816 3387 1870 ἀεὶ
3447 1814 3597 1892 πρὸς,
3632 1814 3696 1867 τὸ

2109 1907 2289 1961 κοινὸν
2339 1909 2694 1976 ἐνιστάμενον
2725 1909 2819 1962 καὶ
2868 1907 2940 1961 τά
2995 1909 3173 1961 οἰκεῖα
3239 1907 3543 1977 πράγματα
3595 1905 3694 1959 καὶ

2110 1998 2255 2072 πάθη
2277 2002 2391 2064 τοῖς
2427 2000 2710 2071 δημοσίοις
2735 2000 3096 2070 ἐπανέχοντα,
3147 2001 3334 2070 τηρεῖν
3370 1998 3431 2052 τὸ
3470 1997 3694 2068 ἀξίωμα

2108 2092 2246 2145 πολὺ
2282 2091 2544 2162 μᾶλλονῆ
2577 2091 2705 2156 τοὺς
2749 2089 3054 2162 ὑποκριτὰς
3111 2090 3220 2146 τῶν
3247 2089 3545 2159 βασιλικῶν
3596 2089 3694 2142 καὶ

2108 2182 2454 2256 τυραννικῶν
2478 2183 2526 2217 ⁸⁸
2555 2182 2890 2255 προσώπων,
2918 2182 3014 2247 οὓς
3047 2183 3264 2254 ὁρῶμεν
3311 2181 3438 2236 οὔτε
3469 2180 3691 2235 κλαίον-

2107 2292 2207 2339 τας
2233 2273 2358 2328 οὖτε
2389 2272 2668 2344 γελῶντας
2697 2274 2755 2327 ὲν
2785 2276 2899 2334 τοῖς
2931 2273 3182 2344 θεάτροις
3207 2272 3283 2336 ὡς
3323 2271 3481 2326 αὐτοὶ
3506 2270 3696 2325 θέλου-

2111 2385 2217 2434 σιν,
2250 2367 2366 2422 ἀλλ’
2395 2367 2468 2432 ὼς
2491 2371 2520 2421 ὁ
2552 2365 2702 2436 ἀγὼν
2727 2367 2953 2421 ἀπαιτεῖ
2976 2367 3114 2436 πρὸς
3141 2367 3240 2434 τὴν
3264 2363 3543 2419 ὑπόθεσιν.
3570 2364 3697 2416 Χω·
3799 2350 3810 2362 ’

2113 2463 2195 2531 ρίς
2217 2461 2276 2514 δὲ
2297 2460 2503 2514 τούτων
2527 2459 2635 2515 ἔδει
2649 2459 2742 2514 τὸν
2762 2460 3114 2529 ἀτυχήσαντα
3133 2457 3208 2528 μὴ
3233 2458 3494 2528 περιορᾷν
3511 2458 3695 2525 ἀπαρ-

2107 2554 2379 2624 ηγόρητον
2426 2555 2486 2606 ὲν
2526 2553 2605 2623 τῷ
2654 2552 2888 2621 πάσχειν
2922 2550 3199 2620 κείμενον,
3232 2548 3367 2602 ἀλλά
3391 2548 3486 2602 καὶ
3520 2547 3700 2616 λόγοις

2110 2646 2348 2719 χρῆσθαι
2369 2645 2686 2715 κουφίζουσι
2709 2645 2804 2698 καὶ
2833 2642 2972 2714 πρὸς
3028 2641 3164 2713 ἡδίω
3216 2641 3523 2712 πράγματα
3562 2640 3693 2710 τρέ-

2109 2754 2235 2791 πειν
2254 2737 2300 2770 ⁸⁷
2357 2738 2456 2808 τὴν
2484 2737 2746 2800 διάνοιαν,
2806 2735 2996 2808 ὥσπερ
3038 2736 3166 2798 τοὺς
3214 2731 3629 2802 ὀφθαλμιῶντας
3646 2730 3695 2764 ⁸⁸

2109 2829 2219 2884 ἀπὸ
2245 2828 2354 2882 τῶν
2374 2829 2644 2899 λαμπρῶν
2665 2829 2759 2883 καὶ
2783 2827 3100 2882 ἀντιτύπων
3123 2827 3219 2880 ἐπὶ
3233 2826 3302 2880 τά
3333 2825 3552 2895 μαλακᾶ
3597 2828 3694 2877 καί

2110 2921 2297 2993 χλωρὰ
2315 2921 2580 2995 χρώματα
2610 2922 2712 2993 τὴν
2735 2922 2859 2993 ὀψιν
2882 2920 3120 2990 ἀπάγειν
3146 2919 3485 2982 κελεύοντες.
3521 2916 3694 2970 Πόθεν

2113 3015 2179 3069 ἄν
2221 3016 2268 3048 ⁸³
2297 3033 2382 3080 τις
2411 3017 2674 3085 ἐπάγοιτο
2701 3015 2896 3086 βελτίω
2921 3013 3291 3086 παρηγορίαν,
3353 3011 3387 3080 ἢ
3431 3009 3696 3081 πατρίδος

2111 3107 2449 3179 εὐτυχούσης
2503 3109 2570 3161 ὲκ
2617 3107 2727 3160 τῶν
2777 3106 2983 3160 κοινῶν
3017 3104 3206 3158 παθῶν
3271 3104 3365 3156 ἐπὶ
3423 3103 3492 3157 τά
3517 3103 3696 3154 οἰκεῖα

2111 3203 2429 3274 σύγκρασιν,
2471 3200 2868 3272 ποριζόμενος,
2924 3197 3068 3272 [καὶ]
3122 3199 3235 3262 τοῖς
3287 3195 3550 3268 βελτίοσιν
3608 3197 3698 3249 ἔνο

2109 3292 2482 3363 αφανίζουσαν
2499 3293 2547 3325 “
2577 3293 2647 3345 τὰ
2681 3291 2884 3363 χείρω;

3210 3383 3528 3440 melioribus
3603 3382 3700 3435 de-

2187 3563 2372 3618 Ὄτι⁹¹
2408 3561 2780 3634 Δημοσθένης,
2809 3563 2964 3632 φησί,
2995 3560 3228 3630 πληγεὶς
3286 3557 3392 3614 ὑπὸ
3437 3560 3536 3629 τῆς
3588 3559 3699 3613 δω·

2116 3656 2362 3729 ροδοκίας
2402 3653 2676 3726 Ἁρπάλου
2702 3654 2774 3718 ",
2801 3652 2990 3723 ὥσπερ
3013 3652 3060 3684 ⁸⁸
3110 3651 3428 3721 δεδεγμένος
3447 3651 3493 3682 ’⁵
3523 3668 3698 3722 φρου-

2116 3747 2237 3820 ράν,
2295 3744 2861 3816 προσεκεχωρήκει⁹⁸
2908 3743 3080 3813 αὐτῷ.
3132 3743 3243 3796 Καὶ
3307 3741 3695 3813 ἀθροισθείσης

2113 3838 2412 3908 ἐκκλησίας
2441 3837 2476 3908 ἢ
2505 3836 2695 3907 ἔμελλε
2715 3839 2783 3891 τά
2805 3838 2934 3908 περὶ
2962 3836 3242 3908 ’Ἅρπαλον
3281 3835 3684 3906 ἐπισκέψασθαι

2114 3931 2390 4001 (ἀντέλεγε
2413 3931 2461 3964 ’⁸
2499 3929 2628 4002 [644
2656 3928 2752 4001 Η.]
2774 3930 2882 3999 γὰρ
2933 3932 3045 3994 τοῖς
3095 3928 3442 3999 βουλομένοις
3496 3927 3696 3992 σώζειν

2115 4022 2278 4077 αὐτὸν
2316 4022 2413 4075 καὶ
2435 4020 2687 4090 δέχεσθαι
2716 4021 2824 4092 πρὸ
2855 4021 2952 4074 τοῦ
3004 4021 3108 4092 τὴν
3162 4023 3323 4092 χεῖρα
3373 4019 3453 4091 τῷ
3483 4021 3698 4091 χρυσίῳ

2117 4114 2422 4183 ὑποσχεῖν),
2454 4108 2515 4166 εὗ
2551 4113 2648 4166 καὶ
2679 4111 2861 4176 καλῶς
2907 4112 3074 4184 ἐρίοις
3122 4113 3217 4166 καὶ
3263 4112 3495 4175 ταινίαις
3555 4112 3698 4200 καξιὲι

2114 4205 2210 4258 τοῦ
2258 4203 2534 4275 τραχήλου
2593 4203 3020 4275 κατελιξάμενος
3085 4205 3166 4268 είς
3231 4205 3334 4275 τὴν
3397 4203 3696 4275 ἐκκλησίαν

2113 4297 2374 4371 προῆλθε,
2401 4299 2498 4351 καὶ
2526 4297 2859 4352 κελευόντων
2887 4297 3215 4352 ἀνίστασθαι
3265 4299 3361 4352 καὶ
3408 4298 3588 4368 λέγειν
3611 4298 3694 4351 δι-

2112 4389 2296 4442 ένευεν
2327 4389 2404 4453 ὼς
2430 4389 2896 4460 ἀποκεκομμένης
2946 4390 3222 4461 αὐτῷετῆς
3269 4392 3479 4460 φωνῆς.
3529 4391 3594 4444 Οί
3635 4391 3695 4444 δὲ

2111 4483 2332 4550 εὐφυεῖς
2358 4479 2710 4550 χλευάζοντες
2743 4481 2840 4551 οὐχ
2867 4481 2972 4534 ὑπὸ
3002 4481 3278 4551 συνάγχης
3302 4480 3562 4552 ἔφραζον,
3583 4480 3698 4534 ἀλλ’

2113 4573 2475 4644 ἀργυράγχης
2497 4573 2754 4642 εἰλῆφθαι
2784 4572 3002 4643 νύκτωρ
3027 4573 3119 4626 τὸν
3150 4573 3503 4644 δημαγωγόν.

2186 4664 2353 4737 [H96
2385 4664 2478 4737 Η.]
2512 4666 2698 4719 "Ott"
2739 4665 2880 4735 μετὰ
2911 4665 2974 4717 τὸ
2999 4664 3408 4736 φυγαδευθῆναι
3449 4665 3537 4717 διὰ
3559 4665 3606 4697 ³⁸
3627 4664 3700 4717 τὰ

2128 4753 2434 4826 Ἀρπάλεια
2462 4757 2724 4828 χρήματα
2761 4755 3117 4823 Δημοσθένης
3132 4755 3176 4787 ⁸³
3209 4755 3336 4816 τοὺς
3373 4755 3700 4824 προσιόντας

2120 4846 2270 4917 αύτῷ
2302 4849 2398 4901 καὶ
2421 4848 2898 4919 συνδιατρίϐοντας
2924 4846 3244 4908 νεανίσκους
3283 4846 3564 4916 ἀπέτρεπε
3597 4845 3698 4914 τῆς

2123 4941 2422 5009 πολιτείας,
2453 4942 2628 5011 λέγων
2655 4941 2731 5006 ὼς
2775 4943 2822 4994 εἰ
2875 4935 3266 5019 6m
3317 4937 3699 5012 προκειμένων

2886 5073 3348 5138 n.4,

2950 5216 2955 5223 μ

2946 5314 2949 5317 ν
3050 5314 3062 5320 ,ν
3092 5312 3095 5319 ι
3212 5319 3215 5320 ,

2149 5066 2165 5083 Δ
2182 5066 2198 5084 Ι
2217 5066 2437 5088 IVL‘DUO
3295 5066 3312 5082 '.

2149 5101 2195 5133 ⁸⁵
2228 5102 2510 5183 ἀπολιπών
2565 5105 2610 5158 Α
2644 5119 2658 5156 :
2706 5066 3650 5183 ἀποϐαωαννικῶνλκε

3231 5172 3345 5274 βξ,
3399 5172 3444 5262 ξδ
3491 5172 3693 5255 ὀφθαλο·

3231 5273 3234 5278 -
3419 5244 3695 5312 Λρπάλου]

2179 5310 2494 5384 δεδεγμένος
2517 5318 2555 5369 Α
2595 5338 2606 5369 :
2647 5310 3600 5385 δεδεμέκιοςίπῆῃοσκεχωρήκει
3636 5311 3694 5364 Β.

1394 5353 1439 5413 ἓν
1473 5353 1903 5443 amicicie"?!
1928 5353 2015 5434 ἐὶἑι
2039 5353 3600 5464 add.K'?‘A‘HtlZEéZvﬁJ‘Efﬁf‘JHMZCXJ‘XI'13$:
3635 5353 3692 5434 Ξῖ

1955 5541 2186 5598 NOTAE.

491 5644 606 5713 (75)
648 5645 783 5700 Vide
814 5663 878 5698 an
914 5646 1028 5703 haec
1051 5661 1157 5702 non
1190 5642 1485 5702 confundat
1521 5639 1800 5698 Plutarch.
1828 5638 2000 5696 Aliter
2039 5642 2183 5696 enim
2213 5639 2451 5711 Agellius
2479 5639 2574 5696 lib.
2604 5655 2661 5708 ιι,
2699 5653 2818 5708 cap.
2849 5637 2904 5704 9,
2937 5638 3003 5694 de
3070 5635 3416 5695 Malesiorum
3480 5631 3694 5704 legatis,

423 5731 535 5770 acu
569 5715 634 5770 de
676 5716 929 5782 Ilurpalo.
