4012 6236
446 258 584 324 1443

1582 262 1846 324 ΡΗΟΤΙΙ
1885 260 2394 324 ΡΑΤΒΙΑΒΕΗᾸΞ
2413 265 2522 325 ΟΡι

3557 269 3702 334 HM

446 377 623 441 heret,
652 374 925 432 Phocione
953 385 1005 430 et
1039 376 1295 441 Demade,
1329 375 1483 431 alteri
1521 385 1580 431 ut
1608 378 1878 446 acciperet
1906 392 2012 447 per-

2127 391 2259 439 των,
2299 375 2590 439 Φωκίωνος
2641 375 2736 429 καὶ
2785 377 3037 448 Δημάδου
3057 419 3072 444 ,
3113 377 3206 431 τὸν
3261 377 3360 449 μὲν
3408 380 3589 434 λαϐεῖν
3641 385 3704 438 οὐ

442 468 697 536 suadere,
732 469 962 522 alterum
1001 467 1179 522 dando
1214 477 1462 522 saturare
1492 471 1820 540 nequivisse.

1076 559 1124 612 E
1150 559 1368 617 Catone.

516 653 646 708 Cum
687 667 747 707 se
789 652 855 706 ad
904 653 1218 708 discendum
1259 653 1397 708 Cato
1450 654 1792 720 contulisset,
1819 655 2022 710 'tardus

445 744 544 797 fuit
588 746 652 798 ad
700 746 1143 816 percipiendum;
1179 762 1297 816 qua:
1330 758 1509 801 autem
1535 749 1914 820 'percepisset,
1957 763 2019 802 ea

445 833 672 888 ﬁrmiter
713 839 971 890 memoria
1020 836 1306 891 retinebat.
1343 837 1626 904 Quomodo
1656 840 1900 894 videmus
1929 839 2021 908 qui

441 926 586 980 buno
608 937 735 980 sunt
779 927 997 997 ingenio
1030 930 1262 999 praediti,
1295 931 1403 986 cito
1432 946 1526 985 eos
1559 932 1832 985 memoria:
1865 947 2020 984 tuan-

441 1019 713 1087 darezqui
754 1028 930 1073 autem
971 1023 1183 1076 nonnisi
1207 1037 1328 1076 cum
1357 1037 1552 1092 magno
1577 1022 1760 1075 labore
1783 1023 2018 1089 discunt,

441 1126 536 1165 eos
562 1112 874 1166 memoriter
903 1127 1020 1180 ηυδε
1043 1114 1522 1181 apprehenderunt
1551 1125 1759 1177 tenere,
1784 1128 1849 1168 eo
1873 1115 2018 1183 quo’d

439 1203 646 1273 singula
702 1220 823 1274 quae
871 1206 1212 1269 didicerunt,
1274 1206 1430 1274 quasi
1480 1206 1778 1260 inuruntur
1828 1220 2016 1261 eorum

437 1298 653 1350 animis.

1006 1389 1091 1443 Ex
1124 1389 1450 1445 Alexandro.

506 1481 700 1535 Album
748 1483 823 1537 ait
872 1483 1238 1537 Alexandrum
1291 1485 1491 1548 fuisse,
1543 1483 1907 1554 ruboremque
1963 1485 2016 1538 in

438 1585 657 1642 pectore
701 1577 1001 1641 praesertim
1050 1584 1103 1628 et
1135 1574 1272 1629 facie
1317 1574 1550 1630 albedini
1591 1575 1881 1629 atlmistum
1927 1577 2021 1630 ha-

437 1663 636 1720 buisse.
667 1662 1060 1717 Suavissimum
1089 1665 1311 1718 odorem
1344 1666 1409 1718 ab
1433 1679 1526 1719 ore
1548 1676 1604 1718 et
1626 1667 1874 1720 universa
1903 1666 2017 1735 ejus

2130 467 2385 534 πέπεικε,
2416 469 2507 521 τὸν
2543 469 2599 522 δὲ
2622 469 2797 532 διδοὺς
2822 472 2921 522 οὑκ
2953 472 3328 542 ἐμπέπληκεν.

2477 559 2523 632 [1
2539 562 2638 616 197
2662 559 2758 632 3.]
2788 564 2884 615 Ἕκ
2909 561 3016 616 τοῦ
3053 562 3350 629 Κάτωνος.

2209 651 2298 715 Ὧς
2321 652 2366 684 ¹⁶
2399 651 2492 705 οὑν
2522 655 2602 716 είς
2635 653 2695 706 τὸ
2722 654 3017 723 μανθάνειν
3041 649 3174 726 ἦκεν
3202 656 3230 707 6
3261 656 3476 718 Κάτων,
3501 654 3707 725 νωθρὺς

2121 738 2191 816 ἦν
2223 744 2514 798 ἀναλαϐεῖν
2543 749 2639 798 καὶ
2681 744 2904 815 βραδὺς,
2939 746 3226 800 ἀναλαϐὼν
3254 747 3310 800 δὲ
3347 748 3577 817 κάτοχος
3614 750 3708 800 καὶ

2127 837 2485 908 μνημονικός.
2528 839 2593 890 Ὃ
2621 837 2684 908 δὴ
2726 838 2820 890 καὶ
2851 837 3093 904 πέφυκεν
3123 839 3296 902 άλλως
3329 839 3456 903 τοὺς
3491 840 3590 910 μὲν
3618 841 3707 892 εὑ·

2125 927 2466 996 φυεστάτους
2509 927 2957 996 ἀναμνηστικοὺς
2987 926 3189 996 μᾶλλον
3233 924 3397 993 εἶναι,
3439 947 3704 999 μνημονι-

2127 1021 2257 1082 κοὺς
2282 1020 2339 1072 δὲ
2358 1019 2485 1082 τοὺς
2519 1021 2655 1090 μετά
2689 1020 2852 1073 πόνου
2878 1019 2975 1072 καὶ
2997 1020 3375 1091 πραγματείας
3398 1022 3706 1093 παραδεχο-

2128 1111 2356 1179 μένους’
2388 1110 2598 1178 γίνεται
2631 1111 2739 1183 γὰρ
2771 1106 2883 1165 οἷον
2911 1111 3166 1182 ἔκκαυμα
3186 1115 3286 1182 τῆς
3323 1113 3363 1144 ¹⁷
3385 1111 3564 1184 ψυχῆς
3594 1114 3705 1166 τῶν

2123 1203 2466 1274 παθημάτων
2493 1203 2747 1258 ἕκαστον.

2570 1389 2673 1441 Ἐκ
2703 1386 2810 1442 τοῦ
2841 1387 3254 1455 Ἀλεξάνδρου.

2201 1479 2325 1532 Ὅτι
2357 1480 2422 1546 ¹⁸,
2457 1481 2611 1556 φησι,
2655 1479 2844 1543 λευκὸς
2875 1476 2944 1551 ἦν
2971 1483 2998 1533 6
3034 1480 3397 1550 Ἀλέξανδρος,
3425 1481 3456 1550 ὴ
3490 1478 3550 1532 δὲ
3578 1479 3703 1530 λευ-

2120 1571 2287 1641 κότης
2313 1561 2692 1640 ἐπεφοίνισσεν
2714 1571 2879 1625 αὑτοῦ
2915 1573 3153 1642 μάλιστα
3176 1573 3306 1643 περὶ
3337 1575 3380 1604 ¹⁹
3409 1573 3470 1624 τὸ
3501 1570 3704 1640 στῆθος

2120 1666 2213 1718 καὶ
2241 1664 2300 1716 τὸ
2327 1664 2640 1733 πρόσωπον.
2663 1665 2782 1716 Ὀτι
2800 1663 2856 1715 δὲ
2882 1665 2976 1716 τοῦ
3001 1664 3208 1734 χρωτὸς
3231 1663 3444 1732 ἥδιστον
3465 1664 3703 1716 ἀπέπνει

435 1770 598 1809 carne
629 1756 931 1821 exhalasse,
963 1757 1033 1810 ita
1070 1768 1127 1810 ut
1151 1767 1205 1811 et
1228 1758 1422 1811 tunica:
1463 1757 1760 1826 fragrantia
1794 1755 2012 1826 repleta:

2118 1758 2210 1810 καὶ
2241 1757 2303 1809 τὸ
2329 1757 2504 1826 στόμα
2532 1759 2786 1827 κατεῖχεν
2815 1757 3012 1810 εὐωδία
3037 1758 3130 1810 καὶ
3152 1759 3250 1826 τὴν
3285 1757 3463 1827 σάρκα
3493 1759 3700 1823 πᾶσαν,

434 1848 559 1903 inde
589 1850 697 1903 sint
721 1889 736 1912 ,
770 1861 825 1902 ut
857 1848 1009 1903 multi
1048 1850 1404 1905 tradiderunt.
1441 1851 1614 1905 Causa
1649 1851 1880 1906 fortasse
1914 1853 2012 1907 fuit

2119 1847 2260 1901 ὥστε
2291 1847 2636 1918 πληροῦσθαι
2664 1849 2710 1880 ²⁰
2743 1850 2870 1912 τοὺς
2898 1848 3272 1918 χιτωνίσκους,
3297 1849 3479 1902 πολλοὶ
3498 1851 3705 1921 γεγρά-

431 1940 664 1994 calidum
690 1950 744 1993 et
769 1941 981 2009 igneum
1013 1943 1262 2010 corporis
1289 1951 1800 2010 temperamentum.
1834 1942 2014 1997 Bonus

432 2035 576 2088 enim
609 2035 763 2098 odor,
805 2031 1187 2102 Theophrasto
1219 2033 1263 2087 si
1297 2033 1596 2100 credimus,
1642 2034 1858 2088 exsistit
1889 2048 2012 2088 cum

433 2127 686 2179 humores
714 2141 746 2180 a
774 2127 955 2180 calore
987 2134 1298 2196 coquuntur
1327 2141 1340 2177 :
1391 2127 1576 2196 itaque
1613 2129 1773 2182 siccae
1816 2137 1870 2182 et
1897 2135 2013 2182 tor-

433 2220 562 2272 ridze
604 2219 752 2272 orbis
795 2229 1062 2272 terrarum
1107 2227 1289 2288 partes
1334 2217 1566 2288 plurima
1609 2231 1664 2273 et
1705 2220 1908 2287 optima
1936 2220 2016 2290 gi-

431 2318 601 2378 gnunt
632 2320 874 2364 aromata
899 2350 914 2373 ,
950 2310 1092 2379 quod
1127 2310 1204 2365 sol
1232 2311 1543 2374 humorem,
1575 2312 1664 2378 qui
1699 2312 1749 2364 in
1786 2313 2016 2369 summis

434 2401 752 2469 Corporibus
777 2401 936 2454 veluti
959 2403 1184 2456 materia
1210 2402 1513 2470 putrediuis
1544 2403 1775 2465 innatat,
1798 2403 2015 2458 attollit.

435 2490 501 2544 Et
531 2501 952 2546 consentaneum
992 2500 1074 2546 est
1117 2493 1486 2547 Alexandrum
1521 2493 1589 2547 ob
1622 2491 1858 2548 calorem
1889 2509 2014 2549 cor-

431 2585 578 2654 poris
603 2584 845 2638 bibacem
881 2587 1308 2655 iracuudumque
1337 2585 1523 2641 fuisse.

499 2757 634 2814 Cum
672 2758 1040 2828 Bucephalam
1075 2761 1332 2815 tredecim
1379 2762 1596 2818 talentis
1631 2765 1897 2831 venalem,
1925 2767 2016 2822 ad-

430 2853 646 2907 ductum
684 2868 712 2905 a
745 2853 1022 2907 Philonico
1067 2852 1329 2909 Thessalo
1367 2853 1651 2926 Philippus
1695 2857 2010 2925 dimitteret,

429 2947 570 3015 quod
597 2961 772 3014 neque
801 2961 1072 3000 sessorem
1097 2947 1432 3013 admitteret,
1453 2963 1626 3018 neque
1645 2964 1830 3004 vocem
1855 2953 2014 3007 ullius

431 3051 618 3091 eorum
649 3037 737 3104 qui
780 3053 901 3091 cum
939 3036 1189 3107 Philippo
1224 3047 1382 3092 erant
1410 3040 1774 3108 auscultaret,‘
1795 3041 1845 3096 id
1871 3058 2012 3112 a-gre

430 3130 610 3186 ferens
633 3130 957 3195 Alexander,
985 3133 1136 3199 petiit
1157 3146 1186 3184 a
1213 3140 1365 3200 patre
1390 3142 1448 3186 ut
1484 3147 1684 3200 equum
1714 3136 2007 3204 acciperet,

428 3231 484 3275 et
509 3221 780 3288 accipiens
812 3220 880 3274 ab
904 3223 1158 3276 omnibus
1184 3238 1280 3292 pro
1307 3221 1475 3278 effero
1507 3235 1562 3279 et
1591 3225 1850 3281 indomito
1868 3228 2014 3298 indi-

429 3323 642 3379 catum,
691 3313 846 3369 freno
895 3325 1206 3384 correptum
1259 3317 1521 3372 adversus
1555 3317 1720 3373 solem
1757 3320 2011 3388 obvertit,

429 3408 683 3461 nimirum
708 3406 1143 3462 animadvertens
1175 3423 1376 3477 equum
1407 3409 1637 3477 umbrae,
1663 3425 1782 3480 quae
1812 3412 2014 3478 agitata

428 3511 484 3553 et
515 3508 754 3553 tremens
775 3499 822 3552 ei
856 3500 1320 3569 appropinquaret
1362 3500 1518 3565 alias,
1558 3514 1848 3574 conspectu
1882 3520 2012 3576 per-

427 3591 664 3656 turbari;
702 3590 896 3645 deinde
930 3606 1053 3645 cum
1086 3591 1362 3660 paululum
1401 3592 1699 3662 palpasset,
1740 3612 2013 3665 manuque

427 3683 617 3737 leviter
665 3683 824 3736 ducta
871 3683 1249 3749 demulsisset,
1304 3696 1363 3739 ut
1415 3689 1493 3740 ira
1541 3687 1804 3758 repletum
1853 3690 2008 3757 vidit,

426 3776 628 3830 sensim
656 3775 868 3845 abjccta
890 3776 1179 3848 chlamyde
1202 3791 1324 3832 sese
1348 3777 1400 3832 in
1428 3794 1549 3833 eum
1571 3780 1785 3846 extulit,
1812 3781 2011 3854 396a

427 3876 649 3937 tutoque
696 3868 971 3932 consedit,
1020 3878 1087 3937 et,
1124 3869 1392 3924 violenter
1434 3886 1630 3940 equum
1673 3873 1912 3942 impulit,
1957 3885 2012 3929 et

426 3956 589 4026 aliqui
619 3972 685 4010 ex
738 3958 803 4011 iis
843 3957 934 4025 qni
970 3959 1230 4024 aderant,
1278 3961 1437 4016 anxie
1492 3964 1762 4033 taciteque
1794 3977 2010 4035 specta-

426 4048 578 4112 bant,
621 4063 688 4103 ne
722 4051 864 4116 quod
913 4051 1315 4105 incommodum
1353 4052 1682 4109 adolescenti
1713 4056 2006 4122 accideret,

426 4139 591 4210 aliqui
653 4141 903 4195 manibus
950 4141 1267 4211 plaudentes
1305 4143 1571 4212 jucunde,
1644 4161 1836 4203 omnes
1881 4163 2010 4205 vero

427 4230 683 4285 similiter
721 4236 1144 4302 stupescebant,
1189 4245 1474 4306 postquam
1507 4238 1786 4293 exsultans
1815 4242 2011 4310 gaudio

423 4323 602 4376 salvus
627 4333 773 4377 retro
803 4333 928 4378 acto
959 4340 1099 4394 equo
1128 4327 1308 4392 rediit,
1346 4327 1587 4381 omnium
1620 4329 2011 4386 acclamatione

424 4413 670 4468 sublata:
708 4412 990 4484 Philippus
1028 4431 1140 4485 prae
1197 4416 1379 4472 lwtitia
1421 4420 1583 4473 etiam
1641 4420 2010 4491 illacrymasse

2120 1957 2309 2009 φασιν.
2340 1940 2500 1994 Attia.
2525 1939 2582 1992 δὲ
2639 1940 2770 2002 ίσως
2800 1943 2834 2010 ὴ
2876 1940 2970 1992 τοῦ
3010 1939 3258 2010 σώματος
3285 1943 3500 2012 κρᾶσις,
3530 1941 3702 1995 πολὺ-

2115 2032 2320 2103 θερμος
2351 2027 2484 2085 οὖσα
2544 2032 2639 2084 καὶ
2668 2030 2962 2102 πυρώδης·
3003 2033 3036 2102 ή
3093 2032 3200 2102 γὰρ
3233 2032 3431 2084 εὐωδία
3486 2032 3701 2100 γίνεται

2116 2123 2280 2194 πέψει
2309 2125 2355 2155 ’ί
2386 2123 2497 2176 τῶν
2529 2123 2712 2193 ὑγρῶν
2743 2122 2848 2176 ὑπὸ
2878 2123 3236 2194 θερμότητος,
3262 2124 3338 2187 ὡς
3369 2125 3541 2176 οίεται
3570 2124 3704 2176 Θεό·

2119 2234 2380 2290 φραστος.
2429 2216 2596 2270 Ὅθεν
2644 2216 2696 2268 οί
2749 2214 2900 2286 ξηροὶ
2956 2215 3048 2268 καὶ
3089 2216 3339 2286 διάπυροι
3391 2217 3549 2268 τόποι
3600 2216 3705 2286 τῆς

2118 2309 2444 2378 οἰκουμένης
2467 2307 2536 2359 τά
2573 2306 2802 2359 πλείστα
2834 2306 2930 2358 καὶ
2959 2306 3221 2366 κάλλιστα
3251 2307 3358 2358 τῶν
3389 2307 3702 2377 ἀρωμάτων

2120 2400 2378 2472 φέρουσιν
2400 2414 2413 2427 ·
2443 2399 2650 2467 ἐξαίρει
2683 2399 2790 2468 γὰρ
2829 2399 2857 2451 ὁ
2879 2397 3032 2468 ἥλιος
3052 2399 3113 2451 τὸ
3145 2399 3311 2469 ὑγρὸν
3344 2399 3533 2472 ὥσπερ
3563 2397 3701 2470 ὕλην
3775 2432 3780 2434 -

2120 2489 2414 2559 σηπεδόνος
2471 2488 2802 2552 ἐπιπολάζον
2857 2494 2969 2553 τοῖς
3026 2488 3299 2560 σώμασιν.
3349 2490 3702 2561 Ἀλέξανδρον

2117 2579 2206 2645 δὲ,
2244 2579 2320 2642 ὡς
2377 2579 2588 2643 ἔοικεν,
2634 2580 2668 2649 ή
2703 2577 2975 2650 θερμότης
3013 2581 3062 2612 ²¹
3101 2581 3193 2634 καὶ
3230 2581 3453 2634 ποτικὸν
3484 2582 3576 2633 καὶ
3607 2579 3704 2632 θυ-

2121 2673 2308 2743 μοειδῆ
2338 2675 2618 2743 παρεῖχεν.

2190 2766 2312 2818 Ὅτι
2341 2763 2388 2796 ³³
2415 2764 2506 2816 τὸν
2539 2762 2884 2834 Βουκέφαλον
2915 2765 3294 2836 προσαχθέντα
3324 2763 3482 2818 ὢνιον
3506 2765 3706 2821 ταλάνο

2115 2871 2224 2908 των
2257 2853 2389 2907 δέκα
2417 2854 2513 2906 καὶ
2537 2853 2706 2923 τριῶν
2735 2853 2887 2924 ποιρά
2919 2855 3200 2908 Φιλονίκου
3233 2855 3326 2908 τοῦ
3356 2852 3628 2910 Θετταλοῦ
3654 2857 3706 2889 ³⁸

2115 2948 2145 3000 6
2181 2947 2280 3017 μὲν
2305 2946 2573 3009 Φίλιππος
2614 2945 2980 3017 ἀπεπέμπετο
3009 2947 3083 3010 ὡς
3115 2949 3160 2980 ³³
3202 2949 3292 3000 τὸν
3323 2949 3603 3020 ἀναϐάτην
3639 2951 3704 3004 οὐ

2115 3037 2405 3109 δεχόμενον
2437 3037 2562 3090 οὐδὲ
2597 3038 2782 3110 φωνήν
2817 3055 2961 3101 τινος
3007 3038 3116 3092 τῶν
3143 3039 3272 3110 περὶ
3318 3039 3409 3092 τὸν
3439 3039 3707 3094 ⁴ιιίλιππον

2119 3129 2460 3199 ὑπομένοντα
2481 3143 2492 3156 ·
2526 3129 2554 3180 6
2587 3129 2643 3182 δὲ
2679 3129 3027 3200 Ἀλέξανδρος
3062 3129 3417 3201 μεμψάμενος
3439 3131 3538 3204 τὴν
3563 3135 3706 3186 ἀπο-

2119 3220 2350 3292 πομπὴν
2378 3221 2472 3273 τοῦ
2511 3221 2679 3274 ἵππου
2707 3223 2948 3292 ᾐτήσατο
2982 3222 3132 3293 παρὰ
3153 3223 3246 3276 τοῦ
3283 3225 3490 3295 πατρὸς
3518 3225 3707 3279 λαϐεῖν

2122 3313 2306 3378 αὑτὸν,
2333 3315 2429 3368 καὶ
2464 3313 2646 3368 λαϐὼν
2706 3313 2800 3366 τὸν
2843 3313 3103 3368 δοκοῦντα
3143 3315 3310 3368 ίππον
3340 3317 3532 3388 ἄγριον
3561 3314 3707 3372 εἶναι

2117 3406 2250 3478 πρὸς
2283 3407 2514 3470 πάντας,
2556 3407 2605 3458 οἳ
2669 3407 2977 3479 προσῄεσαν
3022 3407 3193 3479 αὐτῷ,
3244 3409 3339 3463 καὶ
3375 3409 3702 3478 ἀκόλαστον,

2117 3497 2490 3569 προσδραμὼν
2521 3497 2599 3570 τῷ
2632 3500 2785 3570 ἵππῳ
2835 3500 2930 3552 καὶ
2979 3499 3316 3569 παραλαϐὼν
3361 3502 3458 3573 τὴν
3490 3503 3647 3573 ἡνίαν
3676 3507 3706 3558 6

2127 3589 2478 3662 Ἀλέξανδρος
2529 3591 2831 3662 ἐπέστρεψε
2879 3594 3018 3662 πρὸς
3051 3595 3142 3648 τὸν
3184 3595 3359 3666 ἥλιον,
3394 3596 3472 3660 ὡς
3500 3597 3702 3663 ἔοικεν,

2113 3675 2379 3754 ἐννοήσας
2409 3683 2490 3736 ὅτι
2522 3685 2622 3754 τὴν
2659 3683 2817 3736 σκιὰν
2851 3686 3305 3754 προσπίπτουσαν
3346 3688 3441 3742 καὶ
3473 3689 3704 3742 σαλευο-

2117 3775 2288 3846 μένην
2333 3777 2475 3846 όρῶν
2523 3777 2630 3848 πρὸ
2665 3778 2709 3808 ’⁸
2762 3778 2926 3832 αὑτοῦ
2968 3777 3097 3851 [646
3125 3779 3216 3852 Η.]
3267 3781 3698 3853 διαταράττοιτο.

2112 3868 2305 3937 Μικρά
2348 3867 2406 3921 δὲ
2459 3867 2600 3922 οὕτω
2630 3870 3075 3939 παρακαλπάσας
3119 3873 3215 3925 καὶ
3263 3873 3586 3944 καταψήσας
3621 3874 3700 3938 ὼς

2111 3957 2261 4030 ἑώρα
2283 3959 2457 4030 θυμοῦ
2489 3961 2872 4032 πληρούμενον
2893 3961 3028 4031 ὁμοῦ
3053 3964 3147 4016 καὶ
3177 3964 3508 4034 πνεύματος,
3526 3967 3702 4038 ἀπορ-

2113 4053 2279 4123 ρίψας
2307 4055 2481 4124 ἡσυχῇ
2525 4057 2625 4122 τὴν
2681 4053 2932 4125 χλαμύδα
2972 4055 3064 4108 καὶ
3121 4058 3461 4125 μετεωρίσας
3505 4059 3698 4111 ἑαυτὸν

2111 4145 2368 4216 ἀσφαλῶς
2393 4145 2649 4216 περιέϐη,
2671 4141 2764 4198 καῖ
2783 4147 3018 4217 ἤλαυνεν
3044 4147 3149 4200 ἀνά
3169 4149 3369 4219 κράτος
3395 4150 3486 4202 τὸν
3505 4151 3693 4206 ἵππον.

2111 4239 2222 4292 Καὶ
2250 4239 2364 4300 τοῖς
2396 4237 2492 4307 μὲν
2519 4237 2636 4300 δέος
2667 4238 2762 4291 καὶ
2793 4238 2940 4307 ἁγὼν
2965 4239 3242 4302 ἐνέπιπτε,
3280 4242 3355 4312 μή
3388 4260 3438 4295 τι
3481 4243 3542 4296 τὸ
3570 4261 3698 4312 μει-

2114 4329 2306 4400 ράκιον
2337 4329 2506 4404 πάθῃ,
2535 4331 2646 4393 τοῖς
2670 4329 2725 4382 δὲ
2753 4331 2947 4400 κρότος
2996 4326 3066 4402 ἦν
3097 4333 3296 4403 χειρῶν
3335 4337 3428 4389 καὶ
3458 4338 3694 4408 τερπνὶν

2111 4421 2330 4491 θέαμα·
2389 4424 2602 4486 πάντας
2644 4421 2690 4475 δ’
2746 4423 2948 4494 ὁμοίως
2980 4420 3127 4493 εῖχεν
3186 4425 3470 4498 ἔκπληξις.
3512 4429 3600 4496 Ὦς
3633 4432 3693 4485 δὲ

422 4514 899 4570 commemoratur,
920 4519 1193 4577 caputque
1225 4508 1342 4572 lilii,
1371 4525 1492 4563 cum
1521 4511 1587 4563 ab
1613 4526 1755 4581 equo
1785 4514 2006 4566 descen-

2118 4516 2338 4588 κάμψας
2368 4518 2713 4590 ὑπέστρεψεν
2757 4518 2932 4587 ὀρθῶς
2961 4520 3190 4591 σοϐαρὸς
3236 4523 3357 4554 ’Μ’
3399 4525 3494 4576 καὶ
3521 4541 3692 4596 γεγη-

424 4595 621 4658 disset,
663 4597 938 4650 osculatus
972 4597 1174 4652 dixisse
1214 4613 1229 4650 :
1268 4597 1312 4652 Ο
1348 4611 1486 4664 nate,
1533 4617 1751 4669 regnum
1780 4601 1874 4654 tibi
1911 4621 2010 4670 par

421 4701 618 4755 quwre,
665 4685 978 4740 Macedonia
1023 4690 1164 4741 enim
1219 4697 1268 4742 te
1311 4705 1414 4743 non
1461 4691 1624 4760 capit.
1677 4693 2003 4763 Alexander,

419 4780 621 4848 inquit,
658 4783 894 4850 seipsum
922 4781 1143 4835 vincere
1174 4795 1336 4851 quam
1368 4784 1549 4838 hostes
1585 4786 1756 4852 magis
1793 4785 2002 4855 regium

419 4872 744 4931 existimans
788 4889 944 4940 esse,
993 4889 1092 4929 nec
1140 4874 1301 4927 ullam
1345 4875 1577 4928 ﬁliarum
1613 4875 1756 4928 Darii
1797 4876 2000 4946 alioqui

420 4963 941 5036 pulcherrimarum,
989 4981 1164 5034 neque
1207 4966 1374 5020 ullam
1417 4967 1577 5020 aliam
1623 4975 1748 5020 ante
1794 4970 2010 5037 nuptias

421 5053 596 5124 attigit
625 5051 944 5118 mulierem,
982 5053 1210 5109 Barsina
1238 5066 1492 5123 excepta,
1536 5071 1657 5126 qua:
1690 5057 1848 5111 vidua
1884 5059 2006 5111 fuit.

2115 4608 2245 4672 θὼς,
2275 4609 2517 4672 ἅπαντες
2551 4611 2650 4679 μὲν
2676 4609 2958 4682 χαίροντες
2987 4613 3348 4683 ἀνηλάλαξαν,
3376 4617 3406 4669 6
3429 4617 3486 4670 δὲ
3511 4621 3693 4690 πατὴρ

2111 4703 2207 4754 καὶ
2235 4701 2502 4772 δακρῦσαι
2538 4701 2760 4772 λέγεται
2795 4704 2932 4774 πρὸς
2983 4706 3082 4776 τὴν
3115 4707 3312 4776 χαρὰν,
3358 4710 3696 4776 καταϐάντος

2107 4790 2164 4844 δὲ
2187 4791 2351 4844 αὑτοῦ
2374 4795 2472 4862 τήν
2500 4793 2741 4863 κεφαλὴν
2767 4795 3003 4865 φιλήσας
3028 4835 3044 4860 ,
3083 4791 3150 4849 Ὦ
3167 4797 3303 4864 παῖ,
3329 4802 3515 4867 φάναι,
3541 4801 3695 4870 ζήτει

2106 4885 2343 4951 σεαυτῷ
2389 4887 2721 4950 ,βασιλείαν
2771 4887 2946 4955 ἴσην·
2981 4889 3324 4944 Μακεδονία
3359 4892 3470 4962 γάρ
3506 4909 3580 4948 σε
3622 4896 3695 4950 οὐ

2107 4977 2302 5046 χωρεῖ.
2353 4978 2476 5031 Ὀτι
2509 4979 2554 5010 ³⁸
2604 4969 3333 5054 ’Λλέξανδροςδίίφησῖξστοὺ
3383 4987 3539 5058 νικᾷν
3572 4990 3694 5051 τοὺς

2109 5067 2407 5136 πολεμίους
2437 5069 2502 5122 τὸ
2558 5073 2778 5140 κρατεῖν
2825 5059 3479 5147 ἑαυτοὺίβαοίιλικώτερον
3532 5077 3696 5148 ἡγού-

418 5143 554 5200 Cum
597 5156 778 5202 autem
827 5145 952 5202 ovis
990 5160 1187 5216 agnum
1239 5148 1568 5217 peperisset,
1611 5149 1704 5216 qui
1741 5149 1794 5202 in
1835 5150 2012 5218 capite

2118 5175 2293 5228 μενος,
2327 5158 2452 5212 οὔτε
2498 5161 2645 5225 τινὸς
2698 5165 2808 5216 τῶν
2843 5155 3072 5235 Δαρείου
3109 5143 3460 5239 θὺγατέρῶν,
3509 5143 3694 5223 κάλλει

421 5237 647 5310 ﬁguram
684 5249 738 5296 et
766 5241 1011 5298 colorem
1046 5238 1220 5305 tiara,
1250 5249 1304 5292 et
1333 5253 1401 5293 cx
1442 5245 1672 5308 utraque
1707 5239 1822 5306 ejus
1853 5249 2006 5309 parte

2110 5246 2597 5318 διαπρεπεστάτων
2629 5252 2830 5318 οὐσῶν,
2863 5255 3120 5322 οὐδεμιᾶς
3148 5254 3352 5325 ἔθιγεν,
3380 5257 3500 5311 οὔτε
3529 5258 3694 5330 ἀλλην

1704 5374 1942 5432 VARUE
1971 5379 2382 5439 LECTIONES.

489 5488 534 5518 ια
561 5485 661 5556 ὡς]
689 5486 807 5542 Cat.
847 5486 975 5540 Min.
1001 5503 1050 5542 c.
1084 5488 1136 5541 ι.

414 5631 468 5663 ⁸⁸
493 5623 599 5690 ὅτι]
621 5641 668 5680 c.
693 5623 753 5681 ⁷6.
829 5629 875 5660 ³⁸
906 5623 1216 5683 Φίλονείκου
1243 5627 1343 5684 ἰὉῦ
1368 5623 1736 5692 Θεσσαλοῖς-ξ

417 5697 460 5748 Β
489 5704 542 5750 et
587 5709 729 5752 corr.
763 5697 809 5750 A
833 5708 844 5728 ί
886 5699 1131 5768 σοϐαρῶς
1170 5718 1222 5755 ⁸.
1315 5699 1376 5749 .⁵⁰
1427 5697 1532 5760 ὅτι]
1564 5714 1612 5753 c.
1645 5700 1733 5752 2|.

1033 5527 1056 5568 ε
1084 5488 1136 5569 1..
1223 5485 1264 5522 ⁸⁷
1294 5485 1391 5569 τῆς
1419 5500 1531 5569 0111ἶ
1560 5486 1631 5569 Α..
1653 5558 1664 5569 .
1705 5487 1751 5569 ’ξ
1779 5490 1886 5569 ὅτι]
1916 5508 1978 5569 c._
2129 5496 2176 5569 ξ’
2206 5495 2334 5569 περί
2366 5496 2450 5549 A:
2481 5515 2584 5569 περ
2614 5517 2675 5564 ς’.

417 5557 492 5619 ὼε
522 5558 617 5607 καὶ
637 5558 735 5626 τὴν
762 5557 1190 5628 -πληροῦσθαι
1232 5558 1328 5612 καί
1352 5559 1413 5609 Α.
1493 5559 1534 5588 ἰ
1569 5558 1751 5629 πέψει]
1787 5557 1879 5614 καὶ
1911 5563 2073 5634 πέψει
2113 5562 2178 5618 Α.
2281 5557 2334 5598 ’²¹
2368 5577 2488 5634 post
2534 5557 2622 5640 σεε

493 5623 599 5707 ὅτι]
621 5641 668 5680 c.
699 5625 753 5681 6.
778 5697 790 5707 .
829 5629 875 5660 ³⁸
906 5629 1216 5707 Φιλονείκου
1243 5627 1736 5707 ωὑῌθςσσᾳλοῦηςζ.
1820 5634 1862 5663 ³⁵
1891 5633 1964 5697 ὡς
2005 5651 2136 5704 mg.,
2171 5635 2306 5707 πρός
2339 5653 2380 5701 ς
2409 5656 2422 5694 :
2463 5638 2503 5692 Β
2535 5655 2622 5694 om

2753 5500 2798 5531 ὀ
2828 5500 2922 5553 καὶ
2955 5501 3138 5580 τήυ-
3161 5505 3303 5580 ὥστε
3333 5506 3690 5580 πληροῦσθαι]

2290 5567 2334 5598 ﬂ
2368 5577 2488 5634 Ροδῑ
2534 5567 2808 5640 θερμότης
2837 5587 2960 5624 cum
2997 5567 3049 5626 Χ
3078 5579 3235 5631 omisi
3280 5576 3372 5630 τοῦ
3420 5567 3688 5648 σώματοςῖ

2290 5652 2306 5699 ἲ
2339 5653 2380 5701 ς
2409 5656 2422 5694 ἒ
2463 5638 2503 5692 Β
2535 5655 2644 5694 om.
2753 5643 2799 5675 ³⁸
2833 5641 2960 5714 πρὸ]
3013 5647 3150 5717 πρός
3177 5651 3244 5702 Α,
3319 5649 3431 5690 £1.”
3464 5651 3688 5723 σοσαρθς
