2006 3118
174 114 245 148 1445

721 118 983 150 BIBLIOTHECA.
999 132 1033 137 —
1044 120 1126 150 COD.
1154 121 1282 153 CCXLV.

1731 123 1802 156 1446

172 173 243 206 ἔγνω
258 171 376 205 γυναῖκα
400 170 453 206 πρὸ
480 169 571 205 γάμου
595 170 665 206 πλὴν
692 170 839 207 Βαρσίνης,
864 171 960 208 ἀνδρὸς

1014 174 1153 204 testiculos
1167 174 1295 207 haberet,
1309 174 1481 203 abominatus
1494 175 1521 203 id
1537 176 1700 212 prodigium,
1716 186 1730 205 a
1746 178 1800 207 Ba-

172 217 258 252 οΰσης
271 216 470 252 κεχηρωμένης
484 216 518 242 ³⁸.
534 215 594 242 Ὅτι
611 216 633 231 ³¹
650 216 798 251 προϐάτου,
813 217 893 251 φησὶ,
914 225 961 243 τε-

172 263 268 295 κόντος
294 263 363 297 ἄρνα
377 263 441 297 περὶ
461 262 510 297 τὴν
533 261 655 297 κεφαλὴν
675 262 768 297 σχῆμα
789 262 837 289 καὶ
861 263 961 298 χρῶμα

171 309 269 344 ἔχοντα
282 309 379 343 τιάρας
396 308 443 334 καὶ
462 307 589 342 διδύμους
604 306 775 342 ἑκατέρωθεν
789 306 885 338 αὑτοῦ,
902 306 962 341 βδε-

171 352 282 387 taxea;
296 352 326 378 τὺ
342 353 453 387 σημεῖον
472 351 613 387 ἐκαθάρθη
629 351 680 386 μὲν
695 352 748 378 ὑπὸ
766 352 820 378 τῶν
835 352 962 379 Βαὸυλω-

170 399 238 426 νίων
257 400 271 426 ὁ
290 398 478 433 Ἀλέξανδρος,
491 399 536 431 οὒς
556 399 586 431 ἐξ
603 399 681 431 ἐθους
702 400 822 435 ἐπήγετο
837 400 906 436 πρὸς
926 401 962 427 τὰ

170 445 294 477 τοιαῦτα,
304 445 439 480 διειλέχθη
454 445 482 472 δέ
497 445 564 481 πρὸς
583 446 647 477 τοὺς
661 446 755 480 φίλους
769 446 807 478 ὡς
820 447 850 473 οὺ
863 446 897 474 δι’
912 447 962 474 αὺ-

170 491 228 523 τὸν,
245 491 312 517 ἀλλὰ
327 490 361 517 δι’
372 491 493 523 ἐκείνους
515 491 687 525 ταράττοιτο,
702 491 739 526 μὴ
756 491 785 518 τὺ
799 492 898 527 κράτος
923 494 962 524 είς

170 538 271 572 ἀγεννῆ
288 537 335 564 καὶ
346 537 458 564 ἄναλκιν
469 537 612 572 ἄνθρωπον
622 538 778 569 ἐκλιπόντος
791 538 874 565 αὑτοῦ
884 548 962 574 περι-

171 586 259 618 στήσῃ
272 583 293 599 ³³
308 583 338 610 τὺ
355 584 503 618 δαιμόνιον.
522 583 559 609 Οὐ
579 584 632 618 μὴν
654 583 722 610 ἀλλὰ
736 583 841 618 βέλτιόν
865 593 891 610 τι
914 593 962 619 ση-

171 630 249 664 μεῖον
263 628 409 663 γενόμενον
421 628 471 661 τὴν
486 628 604 663 άθυμίαν
617 628 711 655 ἔλυσεν
722 628 755 655 ³⁸.
770 628 851 664 [1200
867 628 913 664 IL]
933 628 963 655 Ὀ

169 676 226 710 γὰρ
241 675 264 690 ³⁵
288 675 334 701 ἐπὶ
359 674 414 702 τῶν
430 674 564 710 σωμάτων
581 675 747 710 τεταγμένος
763 674 850 710 ὄνομα
864 674 964 709 Πρόξε-

169 729 228 752 νος,
246 719 339 755 χώραν
355 719 478 755 ὀρύττων
494 722 528 756 τῇ
545 720 671 756 βασιλικῇ
688 721 773 756 σκηνῇ
789 721 812 737 ³⁸
829 720 905 756 παρὰ
918 720 964 747 τὸν

171 767 253 799 Ὄξον
281 767 416 802 ποταμὸν,
442 766 604 802 ἀπεκάλυψε
622 767 713 802 πηγὴν
737 767 822 803 ὑγροῦ
845 766 963 803 λιπαροῦ

172 813 221 840 καὶ
245 813 426 848 πιμελώδους.
447 813 682 848 ’Δπαντλουμένου
699 813 718 829 ³⁷
736 813 765 839 δὲ
779 814 827 840 τοῦ
842 812 962 849 πρώτου,

1012 219 1140 254 byloniis,
1149 227 1217 254 quos
1227 219 1285 254 ejus
1297 220 1335 247 rei
1349 227 1431 248 causa
1439 228 1473 248 ex
1487 229 1561 249 more
1577 224 1692 257 quodam
1707 231 1799 251 secum

1012 265 1144 297 ducebat,
1167 266 1307 300 expiatus,
1328 266 1362 293 ad
1376 266 1479 294 amicos
1495 267 1578 294 etiam
1599 269 1677 302 dixit,
1698 277 1728 297 se
1746 278 1800 298 non

1013 310 1073 341 sui,
1093 317 1187 337 verum
1213 310 1333 345 ipsorum
1361 318 1442 338 causa
1465 312 1653 347 perturbatum
1669 321 1745 348 esse,
1767 323 1802 343 ne

1011 354 1071 389 ipso
1088 354 1215 382 defuncto
1233 363 1365 383 summam
1383 364 1473 383 rerum
1491 358 1524 384 ad
1540 358 1684 392 ignobilem
1704 364 1732 387 et
1749 361 1801 387 im-

1013 398 1107 426 bellem
1132 399 1249 434 aliquem
1276 400 1413 427 hominem
1443 400 1525 428 fatum
1551 402 1719 431 devolveret.
1748 404 1802 432 Sed

1013 445 1083 472 lumc
1099 446 1156 479 ejus
1171 453 1313 473 maerorem
1332 447 1404 474 aliud
1423 447 1510 475 lmtius
1525 453 1662 476 ostentum
1681 451 1802 478 sustulit.

1013 490 1120 517 Etettim
1136 490 1276 519 Proxenus
1291 493 1453 521 stratoribus
1468 495 1549 529 regiis
1562 495 1720 530 praal'eclus,
1741 504 1804 524 cum

1014 535 1131 563 tentorio
1150 536 1223 570 regis
1244 536 1334 564 locum
1353 537 1458 566 foderet
1473 539 1550 574 juxta
1574 539 1661 567 Oxum
1680 540 1802 575 ﬂuvium,

1013 581 1114 609 fontem
1128 581 1242 616 liquoris
1254 583 1361 619 pinguis
1372 586 1490 619 aperuit,
1504 585 1581 622 cujus
1594 594 1654 614 cum
1667 595 1804 615 sumntum

1013 633 1085 655 esset
1100 628 1225 656 haustum
1238 648 1248 662 ,
1267 637 1366 664 purum
1382 630 1479 659 deinde
1492 635 1518 659 et
1532 633 1698 667 perlucidum
1715 633 1804 661 oleum

1014 673 1138 701 Scaturiit
1148 693 1156 707 ,
1180 682 1268 710 neque
1282 676 1366 703 odore
1380 677 1547 711 quidquam,
1573 686 1659 713 neque
1674 684 1754 714 gustu
1770 680 1805 707 ab

1013 719 1083 753 oleo,
1100 727 1188 754 neque
1200 721 1291 748 nitore
1307 721 1389 748 etiam
1405 727 1431 749 et
1446 723 1609 757 pinguedine
1620 724 1759 757 dill'erens,
1776 729 1804 752 et

1013 772 1079 792 Vero
1101 766 1180 793 nulla:
1199 772 1263 795 sunt
1283 767 1310 794 in
1324 767 1375 795 ista
1390 769 1499 802 regione
1514 769 1590 796 oleae.
1605 769 1692 798 Oxum
1713 776 1805 798 autem

1011 811 1204 839 mollissimam
1217 813 1297 840 habet
1309 821 1418 848 aquam,
1431 815 1498 842 adeo
1510 820 1543 854 ut
1555 816 1709 844 lavantibus
1720 818 1804 844 cutim

171 859 292 895 καθαρὸν
313 859 460 892 ἀνέὸλυζεν
489 859 540 894 ήδη
565 859 612 885 καὶ
628 858 740 892 διαυγὲς
769 858 870 890 ἔλαιον,
900 857 960 884 οὔτε

1015 857 1176 892 pinguedine
1198 859 1314 893 quadam
1341 859 1461 894 inungat.
1487 860 1600 889 Illirillce
1623 869 1656 889 eo
1682 863 1805 897 prodigio

170 906 243 941 ὀσμῇ
260 904 357 932 δοκοῦν
373 904 435 932 οὔτε
452 904 546 939 γεύσει
564 904 655 931 ἐλαίου
673 905 696 923 ³³
722 904 873 940 διαφέρειν,
889 904 962 931 στιλ-

173 952 266 987 βότητι
279 952 301 968 ³⁸
317 951 346 978 δὲ
370 952 417 979 καὶ
432 951 595 987 λιπαρότητι
610 950 787 978 παντάπασιν
804 950 962 986 ἀπαράλλα-

169 1005 245 1028 κτον,
260 997 306 1023 καὶ
321 996 408 1023 ταῦτα
431 996 481 1031 τῆς
496 995 588 1031 χώρας
609 996 676 1032 μηδὲ
700 995 796 1027 ἐλαίας
810 995 959 1031 φερούσης.

169 1041 287 1075 Λέγεται
302 1041 351 1076 μὲν
365 1039 412 1068 οὖν
426 1041 474 1068 καὶ
487 1041 533 1068 τὸν
550 1041 632 1073 Ὄξον
655 1040 739 1069 αὑτὸν
762 1040 960 1076 μαλακώτατον

169 1087 252 1123 ὕδωρ,
269 1087 339 1114 ὥστε
355 1087 386 1114 τὸ
399 1087 487 1123 δέρμα
505 1088 568 1119 τοὺς
587 1087 749 1122 λουομένους
766 1086 958 1114 ἐπιλιπαίνειν.

170 1134 207 1160 Οὺ
228 1134 281 1169 μὴν
303 1133 372 1160 ἀλλὰ
387 1134 434 1163 καὶ
451 1134 614 1169 θαυμαστῶς
625 1134 649 1150 δ’
668 1134 842 1169 Ἀλέξανδρος
858 1133 896 1169 τῷ
912 1142 962 1169 ση-

170 1179 239 1215 μείῳ
256 1180 337 1216 ἥσθη.
354 1181 413 1207 ’Ὀτι
425 1181 448 1196 ⁸⁸
462 1180 597 1216 ’Δριδαῖος
615 1180 664 1215 μὲν
679 1180 775 1215 γέγονε
782 1180 822 1216 τῷ
836 1180 962 1227 Φιλίππη)

1012 903 1165 931 Alexander
1190 904 1339 932 delectatus
1365 909 1417 932 est.
1441 905 1503 933 Fuit
1529 911 1557 934 et
1583 907 1707 942 Philippo
1732 909 1804 936 ﬁlius

1012 950 1147 982 Aridazus,
1158 957 1191 977 ex
1205 950 1315 986 ignobili
1327 956 1418 978 scorto
1430 951 1536 979 Philina
1552 959 1713 987 prognatus,
1728 962 1806 982 men—

1013 993 1046 1021 tis
1061 1001 1115 1020 non
1128 994 1208 1028 plane
1225 1001 1346 1028 compos,
1360 995 1430 1029 quod
1443 996 1567 1030 corporis
1584 998 1679 1025 morbo
1696 998 1721 1025 ei
1738 1006 1805 1026 eve-

1013 1039 1116 1066 niebat.
1130 1039 1230 1067 Verum
1243 1039 1266 1066 is
1277 1039 1388 1067 morbus
1402 1048 1456 1068 non
1471 1047 1575 1070 naturae
1588 1043 1663 1077 vitio,
1678 1045 1805 1079 quinimo

1014 1084 1041 1112 in
1055 1092 1140 1120 puero
1152 1092 1184 1112 eo
1198 1085 1265 1112 satis
1280 1085 1349 1112 bona
1367 1090 1450 1121 atque
1467 1087 1581 1122 ingenua
1599 1088 1707 1116 indoles
1721 1097 1804 1124 appa-

1015 1131 1104 1159 ruisse
1114 1131 1226 1164 dicitur,
1235 1131 1281 1158 sed
1294 1132 1463 1166 postmodum
1476 1134 1589 1161 venenis
1601 1134 1636 1161 ab
1647 1134 1807 1170 Olympiade

1014 1181 1171 1211 corruptus,
1187 1185 1260 1204 sanae
1277 1178 1377 1206 mentis
1388 1177 1523 1212 iacturam
1537 1179 1645 1207 fecisse.

169 1227 199 1260 ἐξ
215 1228 309 1261 ἀδόξου
328 1228 457 1262 γυναικὸς
475 1228 522 1255 καὶ
549 1229 654 1263 κοινῆς,
675 1228 795 1264 Φιλίνης,
812 1228 912 1262 ἀτελὴς
927 1224 956 1253 δέ
974 1225 1013 1261 τῷ
1029 1225 1179 1260 σωφρονεῖν
1191 1225 1214 1240 δ’
1226 1224 1271 1251 διὰ
1287 1225 1413 1261 σώματος
1430 1226 1552 1260 ἐγεγόνει
1566 1227 1656 1260 νόσον,
1685 1227 1716 1254 οὐ
1752 1227 1805 1263 μὴν

169 1275 259 1310 φύσει,
278 1275 346 1302 ἀλλὰ
360 1277 407 1303 καὶ
423 1277 494 1316 πάνυ
507 1278 589 1312 φασιν
600 1278 685 1305 αὑτοῦ
700 1278 794 1310 παιδὸς
808 1277 884 1309 δντος
896 1274 1084 1310 διαφαίνεσθαι
1094 1273 1190 1309 χαρίεν
1202 1271 1269 1309 ἦθος
1289 1273 1338 1300 καὶ
1369 1274 1420 1301 οὐκ
1455 1275 1578 1309 ἀγεννὲς,
1614 1275 1676 1303 εἶτα
1710 1275 1803 1315 μέντοι

169 1322 324 1358 φαρμάκοις
335 1323 387 1350 ὑπὸ
404 1323 585 1359 Ὀλυμπιάδος
599 1325 760 1353 κακωθέντα
773 1324 958 1360 διαφθαρῆναι
977 1323 1027 1358 τὴν
1040 1322 1172 1349 διάνοιαν.

415 1381 467 1408 Ἐκ
482 1381 535 1409 τοῦ
550 1382 711 1417 Καίσαρος.

206 1436 267 1462 Ὅτι
283 1436 307 1452 ⁸³
322 1437 432 1474 Καῖσαρ
459 1438 588 1473 λέγεται,
600 1441 633 1475 τῇ
652 1439 774 1476 προτέρᾳ
803 1440 881 1467 νυκτὶ
910 1439 960 1475 τῆς

169 1481 212 1508 ἐπ’
226 1482 366 1518 Ἀρίμινον
378 1483 399 1499 ⁸⁵
414 1484 567 1516 διαῆἁσεως
587 1485 676 1520 (πόλις
690 1485 719 1511 δέ
736 1485 811 1512 ἐστιν
826 1484 895 1519 αὕτη
911 1483 962 1519 τῆς

168 1528 306 1564 Κελτικῆς
319 1529 342 1544 ⁸⁸
355 1530 472 1566 μεγάλη.
493 1531 526 1566 ἢν
544 1532 590 1558 καὶ
604 1531 701 1567 ἀθρόον
714 1531 838 1558 ἀπελθὼν
851 1530 940 1567 ἔσχεν)
952 1550 960 1562 ,

168 1574 236 1610 ὕναρ
256 1574 321 1601 ἰδεῖν
351 1575 503 1611 ἔκθεσμον·
517 1577 605 1604 ἐδόκει
635 1577 689 1614 γάρ
706 1577 787 1610 αὐτὸς
809 1578 841 1613 τῇ
862 1576 960 1604 ἐαυτοῦ

170 1621 254 1656 μητρὶ
269 1621 415 1656 μίγνυσθαι
428 1622 478 1657 τὴν
493 1623 613 1659 ἄρρητον
633 1624 717 1660 μίξιν.

346 1676 410 1713 [647
421 1677 469 1714 IL]
484 1677 533 1705 Ἐκ
545 1679 600 1705 τοῦ
617 1679 781 1714 Εὐμένους.

205 1730 241 1757 Τὸ
260 1730 308 1766 μὲν
327 1732 349 1747 ⁸⁸
365 1732 488 1768 εὐτυχεῖν
504 1733 551 1760 καὶ
570 1734 635 1765 τοὺς
659 1734 740 1768 φύσει
765 1733 882 1769 μικροὺς
899 1741 961 1759 συν-

168 1777 341 1812 επικουφίζει
358 1780 413 1810 τοῖς
427 1779 610 1815 φρονήμασιν,
622 1778 693 1806 ὥστε
709 1778 853 1814 φαίνεσθαὶ
867 1787 893 1804 τι
914 1777 962 1812 μέ-

168 1823 249 1859 γεθος
260 1824 324 1859 περὶ
343 1824 442 1857 αὐτοὺς
462 1826 509 1852 κοιλ⁸
525 1825 606 1860 ὄγκον
623 1826 655 1852 ἐκ
683 1825 855 1861 πραγμάτων
877 1824 962 1860 ὑπερ-

170 1871 285 1905 εχόντων
305 1871 555 1906 ἀποὸλεπομένους.
579 1871 608 1898 '0
622 1871 651 1898 δέ
671 1880 703 1906 γε
719 1871 827 1906 ἀληθῶς
843 1870 960 1906 μεγαλό-

169 1924 246 1951 φρων
264 1916 310 1942 καὶ
328 1915 435 1951 βέϐαιος
451 1917 479 1942 ἐν
496 1918 553 1948 τοῖς
569 1917 709 1953 σφάλμασι
725 1917 824 1952 μᾶλλον
839 1917 885 1943 καὶ
900 1917 961 1948 ταῖς

168 1962 348 1998 δυσημερίαις
365 1962 509 1998 ἀναφέρων
530 1963 636 1998 γίνεται
662 1963 823 1997 κατάδηλος,
838 1962 932 1998 ὥσπερ
946 1963 960 1989 ὁ

169 2008 293 2044 Εὐμένης
327 2009 555 2044 κακοπραγήσας.
583 2009 694 2036 Μᾶλλον
714 2009 769 2044 γὰρ
797 2007 880 2035 αὑτοῦ
909 2008 960 2043 τῆς

168 2055 258 2090 ψυχῆς
269 2055 299 2082 τὺ
324 2057 447 2090 γενναῖον
464 2054 486 2071 ⁵⁷
502 2055 618 2090 διεφάνη
642 2056 690 2082 καὶ
714 2055 850 2093 ἐξέλαμψε
867 2055 915 2081 καὶ
929 2054 959 2082 τὸ

170 2101 304 2135 άπτόητον
317 2100 364 2127 τοῦ
381 2101 555 2136 φρονήματος
574 2101 621 2127 καὶ
644 2102 703 2132 ταῖς
719 2101 872 2136 συμφοραῖς
895 2101 961 2127 ἀτα-

170 2146 310 2173 πείνωτον.
333 2146 395 2172 Ὀτι
410 2146 433 2161 ’⁸
458 2145 632 2181 αἰσθόμενος,
649 2146 727 2181 φησὶ,
740 2146 805 2177 τοὺς
821 2145 867 2172 ὑπ’
879 2145 960 2172 αὑτὸν

169 2190 291 2226 ἀλλήλων
309 2191 358 2226 μὲν
372 2191 394 2205 ¹¹⁹
413 2190 663 2227 καταφρονοῦντας,
680 2191 761 2218 αὺτὸν
780 2191 808 2217 δέ
825 2191 960 2226 φοϐουμέ-

170 2246 242 2269 νους,
260 2238 306 2264 καὶ
321 2238 582 2274 παραφυλάττοντας
597 2238 712 2271 ἀνελεῖν,
726 2239 750 2264 ει
770 2237 875 2271 γένοιτο
894 2246 956 2264 και-

1263 1377 1306 1406 Ea:
1327 1378 1442 1406 Cmam
1463 1378 1537 1406 Vita.

1048 1435 1151 1463 Ferunt
1165 1436 1301 1471 proxima,
1318 1443 1397 1470 quam
1427 1436 1525 1472 396b
1539 1437 1690 1465 Ariminum
1709 1446 1804 1473 perve-

1014 1481 1100 1508 nisset
1118 1480 1200 1514 (urbs
1216 1489 1248 1508 ea
1262 1485 1303 1509 est
1319 1488 1416 1516 magna
1433 1482 1459 1508 in
1478 1482 1595 1516 Celtica,
1609 1491 1688 1518 quam
1709 1485 1803 1513 subito

1014 1527 1116 1562 impetu
1133 1527 1263 1554 invadens
1278 1527 1430 1563 occupavit)
1449 1533 1528 1555 nocte
1541 1529 1686 1557 obscenum
1698 1530 1801 1559 Caesari

1013 1573 1177 1601 insomnium
1194 1573 1291 1607 visum,
1307 1580 1404 1608 nempe
1423 1580 1452 1601 se
1465 1581 1527 1601 cum
1540 1579 1625 1602 matre
1639 1583 1688 1603 sua
1704 1584 1802 1611 corpus

1013 1624 1037 1643 m
1043 1623 1096 1644 ISCC
1100 1623 1138 1643 re.

1268 1673 1310 1700 Ea:
1331 1672 1456 1701 Eumenis
1476 1673 1548 1703 Vita.

1047 1728 1192 1756 Enimvero
1214 1729 1339 1756 secunda:
1359 1736 1403 1756 res
1418 1729 1498 1756 etiam
1522 1729 1630 1765 ingenio
1653 1731 1758 1759 modico
1776 1737 1804 1761 et

1011 1775 1148 1803 submisso
1163 1775 1290 1809 praeditos
1305 1775 1451 1809 attollunt,
1473 1780 1503 1802 ut
1522 1776 1610 1810 magni
1627 1777 1676 1804 sibi
1691 1777 1803 1805 videan-

1013 1825 1066 1854 tur,
1080 1821 1234 1856 cristasque
1247 1821 1363 1856 erigant,
1377 1828 1439 1848 cum
1454 1821 1563 1849 excelso
1579 1822 1639 1850 loco
1655 1822 1802 1851 collocatos

1011 1875 1041 1895 se
1068 1867 1169 1894 vident.
1199 1867 1268 1893 Vera
1293 1866 1376 1894 animi
1413 1868 1569 1902 magnitudo
1595 1872 1622 1896 et
1650 1869 1802 1897 constantia

1013 1912 1096 1939 rebus
1113 1912 1234 1939 adversis
1254 1912 1375 1940 ferendis
1387 1915 1616 1949 emendandisque
1630 1915 1738 1943 casibus
1747 1916 1803 1943 elu-

1011 1957 1094 1985 cescit
1107 1966 1113 1984 :
1125 1958 1203 1993 cujus
1218 1958 1255 1985 rei
1267 1958 1419 1993 exemplum
1435 1960 1567 1988 Eumenes
1578 1961 1701 1995 praebuit.
1718 1961 1803 1998 Magis

1011 2004 1082 2031 enim
1104 2003 1175 2032 illius
1205 2004 1333 2032 nobilitas
1358 2006 1456 2033 anima:
1475 2007 1599 2042 apparuit
1610 2011 1638 2034 et
1655 2007 1752 2042 patuit,
1775 2011 1803 2035 et

1010 2050 1137 2078 alacritas
1155 2051 1254 2085 ingenii
1272 2051 1400 2079 omnibus
1415 2052 1616 2081 calamitatibus
1631 2053 1708 2089 longe
1722 2061 1803 2089 supe-

1012 2096 1102 2124 rioris.
1121 2096 1273 2132 Eapropter
1287 2097 1408 2125 sentiens
1427 2105 1473 2125 eos
1487 2105 1549 2126 sese
1567 2104 1661 2126 mutuo
1681 2105 1804 2127 contem-

1011 2151 1086 2175 nere,
1098 2144 1185 2179 ipsum
1202 2149 1333 2176 metuere,
1351 2144 1418 2171 etin
1435 2145 1488 2171 hoc
1498 2151 1572 2177 esse,
1588 2149 1617 2172 ut
1633 2150 1711 2180 capta
1724 2152 1803 2173 occa-

1010 2190 1087 2216 sione
1103 2190 1249 2220 occidant,
1267 2191 1382 2224 pecunia
1405 2190 1457 2217 sibi
1479 2197 1548 2225 opus
1566 2198 1627 2218 esse
1651 2191 1802 2225 simulavit,

1011 2242 1097 2269 eoque
1122 2235 1173 2262 sub
1202 2240 1349 2269 praetextu,
1378 2236 1458 2263 abiis
1479 2237 1579 2275 quibus
1601 2237 1718 2264 maxime
1737 2237 1803 2265 odio

171 2282 227 2317 ρὺς,
246 2283 384 2318 ἐσκήψατο
398 2283 548 2318 χρημάτων
558 2283 672 2315 δεῖσθαι,
691 2283 738 2309 καὶ
752 2282 958 2310 συνεδανείσατο

1014 2284 1080 2313 erat,
1104 2280 1187 2307 multa
1203 2280 1303 2307 talenta
1325 2285 1418 2308 mutuo
1435 2281 1556 2315 accepit.
1573 2286 1602 2308 ut
1617 2282 1635 2308 ii
1652 2281 1731 2309 ﬁdem
1752 2282 1803 2317 ipsi

169 2327 287 2354 τάλαντα
300 2328 386 2354 πολλὰ
398 2328 420 2344 ⁸⁰
436 2328 512 2363 παρὰ
525 2328 580 2355 τῶν
597 2328 714 2363 μάλιστα
734 2328 893 2363 μισούντων,
915 2329 958 2355 ἵνα

170 2374 216 2401 καὶ
235 2374 381 2400 πιστεύωσι
401 2375 423 2390 ⁸¹
450 2376 496 2401 καὶ
522 2375 679 2409 ἀπέχωνται
711 2376 774 2410 περὶ
797 2375 827 2401 τὸ
853 2376 959 2402 δάνειον

170 2420 350 2453 ἀγωνιῶντες.
381 2421 462 2447 Ὥστε
490 2421 588 2456 συνέϐη
604 2422 648 2447 τὸν
675 2421 814 2456 ἀλλότριον
843 2420 958 2447 πλοῦτον

171 2465 279 2499 φύλακα
296 2466 342 2492 τοῦ
362 2465 590 2506 σώματοςέχειν,
602 2467 709 2493 καὶτῶν
731 2467 818 2493 ἄλλων
841 2467 886 2493 ἐπὶ
905 2476 958 2493 σω-

170 2512 252 2546 τηρίᾳ
282 2502 563 2553 διδόντωνςμᾶᾗρνδξρι
583 2513 605 2528 ⁵²
627 2513 673 2539 τοῦ
695 2513 784 2539 λαϐεῖν
806 2513 957 2547 κτήσασθαι

171 2557 220 2591 τὴν
234 2556 683 2599 ἀσφἀλειανμξίδτιυφιλοπόλεμος
709 2558 758 2593 μέν
783 2559 851 2590 ἐστι,
865 2558 958 2592 φησὶν,

1012 2326 1160 2360 haberent,
1185 2331 1212 2353 et
1240 2331 1312 2354 metu
1338 2327 1497 2354 admittendi
1527 2328 1622 2355 crediti
1642 2328 1677 2355 ab
1698 2328 1804 2356 insidiis

1012 2372 1182 2399 desisterent.
1213 2372 1252 2399 lla
1272 2373 1381 2406 evenit,
1404 2379 1434 2401 ut
1451 2373 1566 2401 alienam
1596 2374 1640 2401 ille
1662 2375 1803 2410 pecuniam

1012 2419 1134 2453 corporis
1160 2419 1200 2446 sui
1227 2420 1367 2447 custodem
1391 2420 1533 2452 habuerit.
1560 2425 1587 2448 et
1608 2421 1804 2451 aliis.salutem

1012 2471 1088 2491 suam
1110 2465 1172 2492 data
1195 2465 1307 2499 pecunia
1329 2465 1543 2499 redimentibus,
1562 2467 1640 2495 solus
1664 2468 1722 2502 ipse
1731 2468 1805 2495 acci-

1012 2510 1111 2545 piendo
1133 2516 1219 2538 tutunt
1243 2519 1273 2538 se
1297 2512 1435 2547 praestitit.
1455 2511 1658 2548 Philopolemus
1684 2513 1729 2550 [id
1750 2518 1802 2547 est,

1013 2556 1116 2583 militia’
1131 2556 1236 2592 amans]
1249 2562 1301 2590 est,
1314 2557 1359 2592 qui
1373 2557 1517 2585 utilitatem
1532 2559 1669 2586 securitati
1684 2559 1802 2594 praefert;

812 2639 931 2667 VARUE
952 2638 1157 2668 LECTIONES.

191 2695 210 2711 "
230 2696 431 2730 κεχειρωμένης
455 2695 484 2722 Β.
524 2696 545 2712 ³³
570 2697 623 2731 ὅτι]
646 2704 669 2722 (·.
703 2697 744 2723 57.

173 2731 195 2746 ³⁵
212 2732 296 2765 σκηνῇ
312 2731 372 2756 add.
389 2731 419 2757 Α.

172 2773 242 2801 ἐἶτα
256 2767 286 2791 Α.
339 2765 361 2780 ’⁵ο
375 2765 531 2800 θαυμαστόν
545 2768 577 2793 A.

173 2800 257 2834 ⁵ίίτῆς
277 2800 409 2835 Κελτικῆς
423 2808 476 2827 om.
493 2801 522 2828 Β.

174 2836 197 2852 ¹⁰
211 2837 329 2862 saluum
341 2836 375 2862 τὰ
392 2835 475 2861 πολλοὶ
489 2845 518 2868 ς.

627 2767 647 2781 “
661 2767 713 2800 ὅτι]
731 2775 754 2793 c.
773 2767 815 2793 77.

469 2698 484 2722 ι.
524 2697 545 2712 ³³
570 2697 623 2731 ὅτι]
646 2704 669 2722 (·.
703 2697 744 2723 57.
786 2697 808 2712 ³³
822 2698 981 2731 περιστήσει
997 2706 1027 2729 ς.
1066 2697 1088 2712 υ
1100 2697 1194 2722 ἔλυσεν
1210 2697 1231 2724 Δ
1251 2697 1378 2724 Ξδεέλυσε

469 2732 490 2752 ⁸⁷
506 2732 726 2765 ἀπαντλουμένου
746 2731 766 2757 Β
780 2741 784 2758 :
802 2732 1011 2767 ἀπανηλωμένου
1027 2741 1057 2764 ς.
1099 2732 1121 2754 ι’
1137 2731 1230 2767 ἐλαίου
1242 2732 1334 2765 γεύσει
1353 2742 1382 2764 ς’.

646 2754 763 2802 ’ξειῇίοῗ
773 2754 1108 2801 ἠ7ζ”’⁷λὲ’ἓῷ¹”ἆῴξρὲὗεῑν]
1123 2754 1320 2802 τξῖᾆξῶὶεῖἷιῖ

576 2802 598 2845 χε
616 2802 644 2827 τι
664 2801 723 2842 μέγι
742 2810 765 2828 ο.
784 2802 809 2829 tl.
847 2802 911 2845 “urb
925 2804 1050 2845 γενναῖον
1074 2803 1123 2845 ej;
1137 2801 1275 2845 ψυχῆς-ᾖ
1304 2802 1337 2845 ηδε
1352 2802 1404 2835 ὅτι]
1430 2810 1464 2845 c._
1484 2803 1585 2845 ωλι·
1606 2801 1657 2839 μέν
1680 2801 1742 2834 add.
1768 2801 1803 2833 lt.

568 2838 589 2853 ⁸¹
612 2837 772 2863 mandatust
795 2846 822 2868 ς.
862 2838 882 2853 ⁵²
899 2837 979 2872 μόνον
995 2837 1098 2872 εὐμενῆ
1109 2837 1141 2863 ἐκ
1157 2837 1186 2864 Β.
1226 2839 1249 2854 ’⁸
1262 2837 1315 2870 ὅτι]
1328 2843 1477 2873 comparat.
1495 2846 1519 2866 c.
1537 2837 1562 2865 2.

1066 2697 1088 2712 ³⁵
1100 2696 1195 2734 ἔλυσεν
1210 2697 1231 2724 Δ
1251 2705 1259 2724 :
1275 2696 1395 2734 διέλυσεν
1410 2706 1440 2729 ς.
1489 2698 1512 2734 ’ἦ
1527 2699 1541 2734 ὸ
1564 2699 1618 2732 γάρ
1632 2699 1670 2725 A:
1684 2699 1751 2734 ὅπερ
1772 2708 1803 2732 ς.

1426 2734 1447 2769 δξ
1463 2733 1624 2769 πιλὸότητοι
1638 2748 1672 2754 -—
1689 2733 1803 2769 λιπαρὸ-

1358 2769 1382 2788 ⁸³
1392 2767 1448 2804 βπ]
1460 2775 1483 2795 c.
1502 2769 1546 2795 5‘2.
1586 2771 1609 2787 “
1619 2767 1761 2804 Ἀριμίνου
1772 2778 1803 2802 ς.
