4012 6236
403 271 423 336 1
434 271 536 335 M7

1594 256 1861 322 PHOTII
1897 253 2406 320 PATRIARCHzE
2439 255 2551 317 CP-

3535 248 3672 314 1448

399 381 696 455 polemicus
748 377 824 453 [id
853 386 938 434 est
969 373 1242 447 militaris]
1291 373 1431 430 bello
1475 372 1761 444 possidens
1819 383 1978 424 secu-

2142 363 2239 430 τῆς
2273 362 2575 430 ἀσφαλείας
2607 358 2708 432 τὴν
2758 357 3075 424 πλεονεξίαν
3117 357 3423 430 προτιμῶν,
3445 356 3669 430 πολεμι-

402 479 446 532 ri
457 486 645 531 tatem.

965 563 1008 618 Ε
1045 562 1270 618 Sertorii
1320 559 1461 615 Vita.

475 663 668 733 Agenti
729 659 979 716 Sertorio
1030 658 1082 711 in
1143 655 1399 723 Hispania
1455 660 1632 706 nauta:
1677 649 1896 719 quidam
1942 646 1990 700 ei

403 762 718 817 occurrunt,
745 752 834 821 qui
861 765 1029 821 nuper
1052 765 1118 803 ex
1150 745 1437 802 Atlanticis
1464 744 1656 799 insulis
1699 742 1990 796 redieram.

407 851 533 903 Duae
582 854 710 901 sunt
756 843 946 898 insulae
977 841 1169 897 stricto
1195 837 1485 894 admodum
1526 834 1665 889 freto
1699 829 1991 895 distinctae,

404 939 592 992 decem
649 935 950 990 stadiorum
1023 930 1262 985 millibus
1327 929 1396 982 ab
1466 924 1656 981 Africa
1728 934 1991 978 remotae:

406 1029 716 1097 caedemque
757 1025 946 1079 insulse
984 1021 1270 1076 Beatorum
1325 1021 1672 1082 Fortunata},
1721 1017 1991 1070 dicuntur.

404 1122 672 1176 Imbribus
713 1119 940 1173 modicis
986 1117 1148 1186 idque
1185 1131 1312 1170 raro
1353 1114 1634 1182 rigantur,
1675 1110 1996 1181 plerumque

405 1216 619 1271 leuibus
653 1228 716 1269 ac
744 1212 971 1266 roscidis
1005 1210 1181 1263 ventis
1219 1205 1476 1277 perﬂatae,
1520 1220 1624 1260 non
1660 1203 1996 1258 arationibus

409 1307 568 1360 modo
588 1317 641 1360 et
665 1302 987 1372 plantationi
1023 1299 1259 1354 fertilem
1295 1309 1497 1353 terram
1527 1295 1791 1367 praebent,
1821 1293 1916 1348 sed
1944 1299 1999 1346 et

408 1401 551 1454 ultro
582 1397 766 1467 fruges
793 1395 1108 1458 ell‘uudunt,
1161 1407 1279 1461 quae
1309 1406 1403 1445 sua
1446 1397 1502 1444 et
1540 1387 1694 1456 copia
1727 1395 1781 1441 et
1810 1385 1997 1438 dulce-

408 1493 534 1546 diue
555 1490 824 1545 sufﬁciant
850 1487 916 1541 ad
943 1486 1194 1540 alendum
1218 1483 1477 1544 otiosum,
1504 1490 1555 1535 et
1581 1479 1744 1535 nullis
1770 1477 1998 1544 negotiis

409 1583 648 1636 deditum
680 1581 956 1650 populum.
994 1578 1101 1630 Aer
1132 1576 1386 1630 innoxius
1420 1582 1537 1638 est,
1593 1571 1830 1639 annique
1863 1578 1997 1622 tem-

410 1681 649 1740 pestates
678 1670 937 1726 mediocri
972 1669 1275 1723 mutatione
1299 1666 1367 1719 iis
1397 1665 1450 1719 in
1479 1664 1670 1717 insulis
1692 1663 1994 1715 variantur.

412 1764 625 1818 Etenim
649 1763 744 1832 qui
765 1776 957 1814 versus
979 1774 1072 1814 eas
1106 1768 1287 1827 partes
1320 1772 1347 1809 a
1378 1764 1524 1809 terra
1554 1755 1800 1809 feruntur
1825 1755 2001 1807 boreae

414 1864 469 1910 et
505 1852 804 1917 subsolani,
855 1866 977 1903 cum
1014 1853 1068 1904 in
1115 1860 1329 1904 vastum
1378 1847 1450 1902 ob
1495 1846 1887 1918 longitudinem
1918 1845 2003 1899 di-

413 1948 625 2004 stantias
652 1945 896 2000 incidunt
923 1944 1122 2005 locum,
1155 1941 1510 2007 dissipantur,
1535 1949 1590 1994 et
1615 1946 1907 2008 antequam
1935 1951 2002 1992 eo

413 2036 779 2108 perferantur,
808 2033 1123 2097 concidunt;
1153 2031 1315 2084 Cauri
1344 2041 1524 2085 autem
1557 2040 1613 2084 et
1643 2029 1874 2099 Zephyri
1910 2027 2005 2098 qui

413 2129 484 2183 ab
513 2129 620 2182 alto
654 2125 996 2182 circumilaut
1028 2125 1249 2195 397a,
1282 2123 1492 2192 pluvias
1544 2139 1570 2175 a
1602 2122 1739 2176 mari
1765 2123 2006 2177 modicas

417 2235 676 2289 rarasque
713 2217 1040 2282 infundunt,
1074 2218 1394 2284 plerumnque
1432 2215 1700 2268 humectis
1741 2216 2006 2268 serenita-

417 2313 558 2364 tibus
611 2309 968 2380 refrigerant,
1037 2308 1348 2376 iucolasque
1411 2307 1621 2376 placide
1701 2309 1872 2364 alunt.
1929 2307 2003 2362 Ita

414 2415 586 2467 usque
626 2400 690 2452 ad
731 2399 989 2453 barbaros
1018 2397 1184 2451 etiam
1233 2406 1489 2452 constans
1527 2407 1580 2452 et
1622 2400 1844 2466 probata
1885 2415 2007 2469 per-

413 2491 630 2546 crebuit
687 2491 890 2558 Opinio,
942 2506 1064 2546 esse
1107 2491 1212 2546 illis
1255 2493 1309 2546 in
1368 2493 1560 2548 insulis
1610 2495 1822 2565 Elysios
1873 2497 2006 2550 istos

414 2597 672 2652 campos,
714 2592 770 2637 et
815 2585 1126 2651 beatorum,
1173 2600 1334 2652 quam
1383 2586 1670 2655 descripsit
1715 2585 2002 2652 Homerus,

420 2673 832 2727 habitationem.
872 2671 965 2726 His
999 2675 1065 2727 de
1097 2672 1258 2727 rebus
1290 2683 1348 2728 ut
1378 2674 1566 2728 auditu
1598 2677 1838 2746 percepit
1873 2676 2000 2732 Ser-

417 2766 614 2830 torius,
648 2765 910 2818 mirabilis
938 2779 1061 2818 eum
1092 2763 1293 2819 invasit
1320 2780 1476 2822 amor
1496 2781 1597 2822 eas
1627 2769 1830 2824 insulas
1855 2771 2004 2825 inco-

419 2856 586 2921 lendi,
646 2856 1036 2926 tyrannidcque
1091 2866 1147 2910 et
1201 2856 1357 2912 bellis
1414 2859 1632 2914 evitatis
1683 2858 1735 2912 in
1777 2875 1910 2929 pace
1951 2869 2006 2916 et

418 2950 601 3020 quiete
628 2948 860 3003 vivendi.
897 2948 1095 3003 Vcrum
1147 2949 1386 3004 turbavit
1432 2960 1486 3005 et
1536 2951 1819 3020 dissipavit
1860 2954 2005 3008 hunc

2029 1711 2075 1770 B

2097 456 2191 520 κὸς
2219 455 2276 508 δὲ
2311 457 2342 509 ό
2371 455 2449 526 τῷ
2478 454 2707 524 πολέμῳ
2731 454 3011 525 κτώμενος
3042 453 3143 525 τὴν
3172 451 3498 522 ἀσφάλειαν.

2574 546 2680 600 Ἐκ
2706 547 2812 601 τοῦ
2849 547 3196 614 Σερτωρίου.
3507 541 3531 562 ⁸

2168 640 2291 692 Ὅτι
2315 637 2362 672 ⁵⁸
2384 637 2738 709 διατρίϐοντι,
2763 639 2919 708 φησὶ,
2952 635 3239 707 Σερτωρίῳ
3271 635 3402 708 περὶ
3436 635 3680 707 Ἰϐηρίαν

2095 729 2288 784 ναῦταί
2317 745 2464 792 τινες
2504 728 2926 798 ἐντυγχάνουσιν
2959 727 3107 796 αὐτῷ
3147 727 3212 780 ἐκ
3243 727 3355 780 τῶν
3404 725 3683 780 Ἀτλαντι-

2095 820 2209 873 κῶν
2239 821 2419 890 νήσων
2462 818 2965 881 ἀναπεπλευκότες,
2996 816 3053 872 αἳ
3083 816 3177 870 δύο
3220 817 3320 886 μέν
3359 817 3466 870 εἰσι
3495 814 3683 886 λεπτῷ

2097 911 2418 966 παντάπασι
2470 910 2705 981 πορθμῷ
2752 907 3154 980 διαιρούμεναι,
3192 912 3422 981 μυρίους
3467 910 3526 965 δὲ
3577 912 3685 964 ἀπο

2098 1003 2282 1073 έχουσι
2312 1002 2519 1072 Λιϐύης
2551 1003 2824 1068 σταδίους,
2853 1001 2948 1056 καὶ
2981 1001 3342 1072 ὀνομάζονται
3371 1004 3680 1075 Μακάρων.

2100 1094 2369 1166 Ὄμϐροις
2399 1095 2456 1148 δέ
2480 1099 2762 1166 χρώμεναι
2793 1094 3038 1165 μετρίοις
3067 1091 3328 1162 σπανίως,
3357 1098 3425 1150 τά
3453 1097 3683 1151 πλεῖστα

2098 1191 2373 1257 πνεύμασι
2434 1188 2702 1265 μαλακοῖς
2753 1189 2848 1242 καὶ
2897 1188 3237 1258 δροσοϐόλοις
3296 1191 3681 1260 καταπνεόμεο

2097 1297 2188 1333 ναι
2220 1280 2288 1344 ⁵⁵,
2329 1280 2392 1332 οὐ
2431 1280 2594 1349 μόνον
2627 1278 2793 1350 ἀροῦν
2849 1279 2944 1333 καὶ
2970 1281 3016 1313 ⁵³
3049 1278 3306 1348 φυτεύειν
3352 1282 3683 1352 παρέχουσιν

2099 1375 2311 1444 ἀγαθὴν
2340 1373 2436 1428 καὶ
2467 1375 2628 1430 πίονα
2656 1376 2863 1446 χώραν,
2895 1375 3032 1430 ἀλλά
3068 1375 3166 1429 καὶ
3196 1375 3408 1446 καρπὸν
3434 1377 3684 1447 αὐτοφυῆ

2101 1466 2380 1537 φέρουσιν,
2412 1466 2744 1538 ἀποχρῶντα
2781 1467 2978 1538 πλήθει
3007 1469 3100 1521 καὶ¹
3129 1467 3431 1538 γλυκύτητι
3462 1469 3684 1538 βόσκειν

2100 1560 2227 1613 ἄνευ
2271 1559 2450 1612 πόνων
2502 1560 2598 1612 καὶ
2651 1561 3037 1630 πραγματείας
3089 1559 3420 1629 σχολάζοντα
3483 1560 3684 1629 δῆμον.

2115 1649 2248 1720 Ἀὴρ
2277 1650 2335 1703 δέ
2377 1649 2585 1712 ἄλυπος
2626 1651 2786 1720 ὡρῶν
2831 1668 2892 1704 τε
2939 1652 3134 1722 κράσει
3167 1654 3211 1686 ⁵⁷
3246 1653 3341 1706 καὶ
3382 1654 3688 1724 μεταϐολῆς

2109 1743 2425 1812 μετριότητι
2455 1742 2500 1774 ⁸⁸
2536 1743 2757 1813 κατέχει
2785 1744 2884 1807 τὰς
2913 1745 3131 1815 νήσους.
3169 1743 3325 1817 [1201
3357 1746 3452 1819 IL]
3481 1749 3546 1801 Oi
3573 1749 3689 1820 γὰρ

2105 1822 2318 1885 ἐνθένδε
2343 1833 2444 1901 τῆς
2483 1832 2588 1902 γῆς
2633 1833 3000 1896 ἀποπνέοντες
3040 1832 3145 1898 ἔξω
3178 1835 3375 1905 Βορέαι
3419 1837 3512 1888 καὶ
3554 1835 3690 1889 Ἀπ-

2103 1924 2338 1994 ηλιῶται
2378 1923 2467 1977 διά
2504 1924 2682 1995 μῆκος
2712 1925 3038 1988 ἐκπεσόντες
3067 1927 3146 1989 εἰς
3173 1926 3337 1978 τόπον
3365 1926 3542 1997 ἀχανῆ
3567 1926 3689 1980 δια-

2109 2015 2426 2086 σπείρονται
2462 2015 2558 2069 καὶ
2593 2015 3089 2086 προαπολείπουσι·
3123 2016 3371 2083 πελάγιοι
3401 2018 3456 2070 δὲ
3494 2021 3692 2090 περιρι-

2109 2107 2324 2176 ῥέοντες
2385 2106 2678 2177 Ἀργέσται
2735 2106 2834 2160 καὶ
2896 2108 3130 2178 Ζέφυροι
3191 2108 3459 2179 βληχροὺς
3510 2110 3609 2180 μὲν
3640 2111 3690 2143 ³⁹

2111 2197 2302 2262 ὑετοὺς
2333 2199 2428 2251 καὶ
2474 2198 2751 2268 σποράδας
2790 2200 2855 2252 ἐκ
2881 2199 3151 2270 Θαλάττης
3192 2203 3510 2270 ἐπάγοντες,
3537 2203 3608 2256 τά
3633 2204 3694 2258 δὲ

2109 2291 2283 2347 πολλὰ
2338 2296 2585 2364 νοτεραῖς
2639 2295 2880 2365 αἰθρίαις
2917 2296 3296 2366 ἐπιψύχοντες,
3335 2300 3508 2370 ἡσυχῇ
3567 2301 3696 2371 τρέ-

2108 2401 2320 2453 φουσιν.
2353 2385 2515 2438 Ὥστε
2552 2386 2716 2456 μέχρι
2761 2386 2870 2439 τῶν
2921 2386 3214 2460 βαρϐάρων
3253 2389 3470 2460 διῆχθαι
3505 2391 3695 2445 πίστιν

2115 2477 2344 2549 ἰσχυρὰν
2367 2479 2558 2532 αὐτόθι
2580 2481 2642 2532 τὸ
2673 2478 2928 2533 Ἠλύσιον
2960 2475 3099 2534 εἶναι
3131 2482 3312 2536 πεδίον
3339 2484 3434 2536 καὶ⁹
3462 2485 3562 2554 τὴν
3583 2484 3698 2538 τῶν

2108 2571 2444 2642 εὐδαιμόνων
2493 2571 2732 2645 οἴκησιν,
2764 2575 2834 2644 ἢν
2877 2575 3126 2646 Ὅμηρος
3175 2574 3406 2646 ὕμνησε.
3443 2578 3633 2632 Ταῦτα
3665 2581 3699 2632 ὁ

2107 2664 2412 2736 Σερτώριος
2452 2665 2694 2730 ἀκούσας
2727 2666 2907 2737 ἔρωτα
2936 2667 3250 2739 θαυμαστὸν
3287 2670 3442 2740 ἔσχεν
3472 2671 3696 2740 οἰκῆσαι

2105 2756 2204 2820 τὰς
2231 2759 2434 2828 νήσους
2477 2760 2570 2812 καὶ
2599 2759 2698 2831 ζῇν
2733 2762 2792 2813 ἐν
2826 2762 3048 2834 ἡσυχίᾳ,
3091 2765 3406 2832 τυραννίδος
3453 2765 3698 2819 ἀπαλλα-

2106 2855 2224 2920 γεὶς
2269 2860 2364 2909 καὶ
2405 2855 2662 2924 πολέμων
2692 2855 3012 2911 ἀπαύστων.
3044 2857 3204 2911 Ἀλλά
3229 2858 3568 2930 διεμάραναν
3606 2861 3701 2912 αὒ-

2108 2951 2204 3002 τοῦ
2259 2949 2354 3002 καὶ
2403 2948 2786 3019 περιέσπασαν
2839 2949 2932 3001 τὸν
2963 2948 3142 3020 ἔρωτα
3176 2950 3210 3019 ἦ
3237 2967 3298 3004 τε
3343 2951 3558 3020 κίνησις
3586 2951 3702 3004 τῶν

419 3055 661 3096 amorem
707 3039 938 3094 Cilicum
987 3040 1282 3105 adventus,
1331 3049 1389 3096 et
1435 3057 1698 3097 novorum
1739 3043 2004 3099 bellorum

2114 3041 2232 3112 μετ’
2283 3039 2450 3094 αὐτοῦ
2509 3039 2753 3095 Κιλίκων
2809 3042 3215 3114 ἐκταραχθεῖσα
3262 3047 3357 3098 καὶ
3413 3047 3703 3119 νεωτέρων

420 3135 837 3190 administratio.

493 3228 795 3282 Sertorium
851 3227 1128 3281 memoria:
1177 3227 1445 3295 proditum
1497 3236 1582 3282 est
1617 3269 1633 3294 ,
1666 3242 1842 3298 neque
1908 3243 2004 3284 vo-

420 3318 636 3388 luptati,
680 3332 856 3386 neque
892 3317 1058 3370 metui
1101 3318 1336 3372 obnoxio
1384 3319 1599 3388 ingenio
1651 3319 1818 3375 fuisse
1860 3337 1874 3374 :
1920 3336 2008 3375 na-

421 3421 542 3466 tura
585 3421 638 3466 et
659 3411 1081 3479 imperterritqu
1108 3411 1269 3466 rebus
1293 3411 1557 3476 adversis,
1579 3423 1634 3466 et
1653 3413 1742 3482 qui
1787 3429 1874 3468 res
1921 3429 2008 3470 se-

428 3505 634 3561 cundas
673 3505 951 3558 moderate
978 3505 1174 3570 ferret;
1214 3505 1480 3558 neminem
1513 3521 1579 3560 eo
1619 3515 1860 3574 tempore
1905 3506 2007 3560 du-

427 3614 546 3655 cem
597 3599 768 3669 magis
814 3607 1001 3668 aperta
1045 3599 1228 3668 praelia
1279 3601 1519 3667 vitasse,
1593 3599 2003 3655 callidissimum

426 3708 559 3748 vero
605 3691 818 3746 furtivis
874 3691 998 3745 belli
1049 3691 1334 3761 operibus,
1390 3692 1442 3746 in
1494 3694 1825 3760 occupandis
1875 3693 2009 3748 locis

425 3797 622 3842 natura
654 3785 896 3851 munitis,
939 3795 996 3841 et
1025 3783 1344 3841 fluminibus
1381 3787 1739 3856 trajiciendis,
1781 3786 2009 3855 aliisque

427 3878 484 3933 id
515 3893 682 3949 genus
712 3879 874 3931 rebus
903 3892 1020 3946 qua:
1046 3879 1346 3944 celeritate,
1373 3878 1593 3942 astutia,
1637 3888 1693 3934 et
1723 3879 2008 3933 mendacio

425 3970 811 4034 coniiciuntur,
840 3969 1219 4038 perliberalem
1250 3971 1300 4023 in
1325 3971 1563 4038 praemiis
1585 3971 1845 4024 virtutqu
1877 3987 2005 4026 cou-

427 4059 696 4123 ferendis,
739 4058 794 4111 in
839 4060 1119 4128 suppliciis
1163 4061 1520 4115 moderatum.
1563 4059 1883 4130 Quanquam
1911 4076 2008 4115 ex-

430 4165 603 4209 tremo
635 4154 759 4208 vitae
784 4167 949 4207 cursu
981 4152 1198 4206 videtur
1221 4151 1274 4206 id
1295 4153 1438 4222 quod
1472 4153 1524 4207 in
1554 4153 1774 4208 obsides
1798 4155 2008 4218 statuit,

427 4245 732 4300 ostendisse
753 4243 992 4296 animum
1026 4241 1143 4312 ejus
1169 4258 1275 4298 non
1303 4258 1431 4299 vere
1455 4255 1796 4300 mansuetum
1824 4243 2009 4308 fuisse,

428 4340 523 4393 sed
549 4338 923 4393 crudelitatem
947 4337 1063 4406 ejus
1086 4348 1202 4394 arte
1225 4339 1456 4409 quadam
1484 4340 1828 4397 necessitatis
1847 4357 2010 4397 causa

2113 3133 2338 3204 φροντὶς
2371 3132 2669 3202 πολεμίων.

2187 3225 2371 3280 Ὄτι⁶⁰
2421 3225 2637 3292 λέγεται
2699 3224 2909 3296 (φησὶν)
2942 3227 2984 3259 ⁹¹
3022 3228 3379 3300 όΣερτώριος
3432 3229 3557 3285 οὔτε
3607 3231 3703 3300 ὑφ’

2114 3319 2306 3390 ἡδονῆς
2333 3316 2455 3371 οὔτε
2485 3317 2590 3371 ὑπὸ
2610 3318 2761 3380 δέους
2791 3318 3060 3383 εὐάλωτος
3081 3321 3358 3388 γενέσθαι,
3389 3324 3550 3390 φύσει
3575 3323 3631 3376 δέ
3650 3325 3702 3357 ⁶¹

2115 3412 2493 3483 ἀνέκπληκτος
2527 3412 2676 3481 παρά
2695 3411 2743 3444 ⁸³
2763 3412 2830 3465 τὰ
2864 3413 3012 3468 δεινά
3043 3415 3137 3467 καὶ
3159 3413 3282 3487 [648
3298 3415 3390 3488 Η.]
3423 3417 3642 3488 μέτριος
3654 3417 3707 3451 ⁸⁵

2116 3507 2358 3575 ἐνεγκεῖν
2425 3506 2716 3576 εὐτυχίανο
2766 3507 2980 3570 οὐδενὸς
3011 3509 3193 3577 μέντοι
3223 3510 3342 3563 οὐδὲ
3374 3511 3511 3580 πρὸς
3542 3511 3704 3565 εὐθυ-

2121 3600 2322 3670 μαχίαν
2378 3598 2740 3668 ἀτολμότερος
2768 3598 2876 3652 τῶν
2901 3600 3024 3653 καθ’
3050 3601 3243 3654 ἑαυτὸν
3265 3605 3364 3674 ήγε
3373 3604 3572 3672 μόνων,
3596 3604 3700 3658 ὅσα

2115 3693 2173 3746 δὲ
2198 3690 2454 3754 κλοπείας
2475 3690 2519 3724 ⁸⁸
2555 3692 2612 3743 ἐν
2646 3690 2904 3761 πολέμοις
2934 3691 3072 3762 ἔργα
3105 3695 3199 3748 καὶ
3233 3692 3547 3759 πλεονεξίας
3571 3695 3703 3764 περὶ

2116 3786 2316 3846 τόπους
2375 3782 2607 3854 ὀχυροὺς
2651 3785 2746 3838 καὶ
2823 3785 3104 3848 διαϐάσεις
3172 3785 3369 3854 τάχους
3415 3784 3700 3853 δεομένας,

2118 3879 2332 3951 ἀπάτης
2358 3897 2416 3934 τε
2438 3881 2532 3935 καλ.
2559 3879 2771 3950 ψευδῶν
2800 3879 2858 3931 ἐν
2873 3879 3068 3942 δέοντι,
3092 3877 3352 3948 σοφιστὴς
3366 3876 3696 3939 δεινότατος.

2131 3970 2222 4024 Ἐν
2255 3972 2310 4026 δέ
2335 3976 2453 4037 ταῖς
2503 3976 2692 4045 τιμαῖς
2742 3974 2852 4026 τῶν
2909 3969 3418 4042 ἀνδραγαθημάτων
3471 3967 3702 4037 δαψιλὴς

2120 4065 2464 4135 φαινόμενος,
2493 4068 2620 4137 περὶ
2643 4067 2741 4130 τὰς
2771 4065 3045 4136 τιμωρίας
3071 4060 3360 4132 ἐμετρίαζε
3391 4061 3501 4114 τῶν
3519 4061 3702 4131 άμαρ-

2117 4161 2376 4227 τημάτων
2402 4174 2417 4189 ο
2455 4158 2634 4212 καίτοι
2665 4159 2814 4211 δοκεῖ
2843 4158 2973 4229 περὶ
3000 4157 3091 4210 τὸν
3120 4157 3348 4224 ἔσχατον
3383 4151 3546 4206 αὑτοῦ
3581 4151 3698 4220 βίον

2119 4250 2402 4320 ὠμότητός
2460 4267 2520 4302 τε
2535 4249 2580 4280 ⁶⁶
2602 4250 2697 4303 καὶ
2742 4247 3044 4320 βαρύτητος
3072 4245 3134 4299 τὸ
3160 4245 3288 4315 περὶ
3309 4244 3433 4306 τοὺς
3459 4243 3702 4313 ὁμήρους

2121 4340 2451 4412 προαχθέν⁶⁷
2505 4341 2663 4414 ἔργον
2722 4340 2984 4406 ἐπιδεῖξαι
3034 4337 3132 4410 τὴν
3191 4337 3352 4406 φύσιν
3377 4335 3479 4388 ούκ
3536 4333 3706 4387 οὖσαν

429 4431 597 4485 fuisse
637 4429 888 4486 celatam.
917 4430 1044 4484 Mihi
1093 4437 1273 4484 autem
1316 4440 1375 4485 ut
1416 4446 1599 4486 veram
1636 4433 1893 4488 virtutem
1932 4449 2004 4487 ra-

2120 4435 2346 4506 ἥμερον,
2409 4434 2525 4488 ἀλλ’
2569 4434 2917 4505 ἀπεχομένην
2936 4432 2981 4464 ⁸⁸
3011 4431 3260 4502 λογισμῷ
3287 4430 3376 4485 διὰ
3409 4429 3508 4500 τὴν
3532 4429 3706 4497 ἀνάγ-

434 4527 688 4592 tioneque
717 4533 864 4579 recta
885 4523 1204 4589 stabilitam,
1241 4539 1517 4593 nunquam
1547 4525 1760 4580 videtur
1783 4525 2016 4581 fortunae

432 4617 514 4671 vis
565 4618 618 4670 in
659 4612 996 4670 contrarium
1049 4630 1209 4685 posse
1264 4627 1617 4682 convertere,
1669 4618 1740 4672 ita
1791 4619 2016 4673 consilia

433 4718 613 4763 tamen
645 4708 777 4762 alias
814 4720 964 4763 recta
1004 4709 1286 4778 bonasque
1321 4719 1543 4763 naturas
1590 4711 1807 4782 indigne
1838 4713 2018 4782 gravi-

431 4799 533 4852 bus
566 4795 963 4852 calamitatibus
995 4798 1242 4863 aﬂlictas,
1271 4813 1374 4851 nun
1412 4800 1705 4854 absurdum
1741 4813 1871 4870 puto
1896 4818 2015 4856 cre-

430 4889 562 4944 dere
593 4905 696 4943 una
719 4907 839 4944 cum
868 4891 1083 4945 fortuna
1116 4891 1333 4944 mutari.
1365 4890 1417 4944 ld
1450 4891 1590 4961 quod
1615 4906 1715 4962 ego
1742 4903 1854 4948 tum
1889 4893 2017 4948 Ser-

434 4984 575 5038 torio
614 4982 878 5037 accidisse
909 4990 1070 5051 puto,
1113 4983 1224 5050 jam
1259 4980 1470 5036 fortuna
1504 4999 1627 5037 eum
1661 4985 2013 5053 destituentc,

434 5075 708 5146 rebusque
761 5074 894 5144 ipsis
953 5086 1334 5144 eanperatum
1441 5075 1670 5146 injurias
1744 5079 2013 5134 malorum

435 5169 674 5226 atrocius
707 5170 877 5225 ultum
912 5168 1171 5224 arbitror.

2124 4547 2248 4600 κην.
2285 4529 2441 4600 Ἐμοὶ
2465 4530 2508 4583 δ’
2537 4529 2740 4600 ἀρετὴν
2794 4529 2892 4600 μὲν
2920 4526 3190 4597 εἰλικρινῆ
3224 4525 3317 4578 καὶ
3377 4525 3520 4579 κατά
3545 4523 3707 4590 λόγον

2124 4621 2468 4674 συνεστῶσαν
2528 4622 2628 4674 οὐκ
2678 4619 2744 4673 άν
2769 4636 2900 4671 ποτε
2951 4619 3100 4671 δοκεῖ
3143 4617 3280 4688 τύχη
3306 4633 3390 4680 τις
3437 4619 3705 4685 ἐκστῆσαι

2124 4712 2261 4783 πρὸς
2307 4711 2615 4766 τούναντίον
2641 4727 2654 4741 ·
2716 4710 2892 4774 ἄλλως
2920 4710 2975 4763 δέ
3000 4709 3348 4780 προαιρέσεις
3394 4708 3490 4761 καὶ
3513 4707 3707 4776 φύσεις

2125 4803 2369 4876 χρηστὰς
2424 4803 2529 4858 ὑπὸ
2559 4804 2856 4875 συμφορῶν
2888 4804 3142 4873 μεγάλων
3174 4803 3302 4873 παρ’
3331 4801 3489 4865 ἀξίαν
3518 4819 3705 4854 κακω-

2124 4895 2310 4959 θείσας
2361 4896 2461 4949 οὐκ
2509 4896 2772 4950 ἀδύνατον
2801 4896 2878 4968 τῷ
2905 4895 3147 4978 δαίμονι
3175 4891 3618 4964 συμμεταϐαλεῖν
3645 4891 3706 4944 τὸ

2121 4981 2249 5060 ἦθος
2269 5005 2284 5021 ο
2313 4988 2341 5041 ὃ
2378 4990 2473 5043 καὶ
2527 4967 2857 5062 Σερτώριον
2888 4967 3291 5064 οἷμίάιδίέᾶθὲξίν,
3325 4986 3428 5058 ἥδη
3459 4984 3559 5053 τῆς
3607 4983 3703 5037 τύ-

2125 5056 2227 5152 χης
2259 5083 2421 5135 αὑτὸν
2450 5056 2837 5155 ἐπιλειπούσης
2863 5057 2914 5116 ⁸⁸.
2938 5056 3408 5154 ἐκέραίῇδῖλδμενον
3464 5078 3570 5131 ὑπὸ
3596 5077 3704 5130 τῶν

2123 5174 2467 5244 πραγμάτων
2499 5177 2596 5231 καὶ
2625 5177 2912 5248 γινόμενον
2935 5177 3171 5245 πονηρὸν
3201 5175 3246 5206 ⁷⁰
3268 5173 3404 5246 πρὸς
3427 5174 3552 5236 τοὺς
3585 5172 3702 5228 ἀδι-

2121 5281 2371 5330 κουντας.
2985 5312 3033 5347 Κ,
3057 5319 3068 5322 _
3093 5298 3104 5308 τ
3172 5298 3212 5329 μ

1720 5403 1949 5462 VARUE
1983 5405 2390 5466 LECTlONES.

466 5522 648 5602 “.510
680 5540 729 5578 ι’.
755 5523 808 5579 8.
885 5523 929 5554 ⁵³
955 5524 1387 5594 καταπνεόμεναι
1419 5523 1542 5577 add.
1566 5523 1626 5580 B.
1706 5527 1754 5559 ⁵⁸
1783 5529 1951 5600 ἀροῦν
1975 5530 2112 5584 ἀλλά
2147 5531 2239 5584 καί
2276 5550 2332 5596 ς.

466 5606 564 5630 imm
596 5611 633 5630 ν-
732 5595 776 5626 σο
807 5595 882 5630 ἵησι
923 5597 951 5630 Δ
981 5610 992 5620 -
1027 5595 1112 5630 κτε
1142 5611 1180 5630 μ-
1312 5594 1354 5624 αι
1383 5596 1572 5630 μηνςντΙυΊ
1604 5613 1632 5630 ιι
1688 5599 1754 5630 ιιι
1884 5602 1926 5630 cs
1954 5601 2008 5630 πε
2066 5602 2089 5630 Α
2135 5619 2148 5630 .
2182 5619 2238 5630 -..
2274 5621 2310 5630 -

872 5613 886 5645 ι
920 5602 994 5646 A:
1027 5602 1114 5646 ὅτε
1142 5611 1200 5658 ς.
1312 5602 1354 5624 ⁸³
1383 5602 1572 5663 φησιν]
1604 5613 1652 5649 c.
1688 5602 1773 5652 10.
1884 5602 1926 5630 θ’
1954 5602 2010 5653 δέ
2061 5602 2097 5653 Λ
2135 5619 2148 5655 :
2181 5619 2239 5656 τε
2271 5621 2332 5666 ς.
2434 5607 2480 5639 ⁸³
2526 5602 2675 5672 παρά
2721 5607 2758 5659 Α
2787 5625 2798 5660 :
2830 5602 2960 5675 περί
2987 5623 3047 5670 ς.
3130 5602 3199 5637 ⁷⁸⁵
3229 5607 3320 5656 καὶ
3357 5622 3383 5674 μ

867 5665 1264 5747 θξικλοπίαςς.
1336 5667 1379 5696 ⁸⁸
1411 5681 1468 5715 τε
1502 5667 1625 5744 add.
1656 5667 1720 5724 A.
1801 5671 1846 5709 ⁸⁷
1884 5671 2124 5741 πραχθέν
2153 5689 2214 5736 ς.
2277 5673 2336 5716 ﬁ“
2363 5675 2699 5747 ἐπεχομένην
2727 5676 2786 5731 Β.
2859 5677 2903 5710 ⁶⁹
2931 5675 3288 5746 ἐπιλιπούσης
3319 5677 3383 5731 Α.

437 5590 564 5661 ρούς
596 5590 654 5657 cf.
732 5595 776 5626 ⁶⁰
806 5595 886 5647 ὅτι
920 5597 994 5646 A:
1027 5595 1114 5646 ὅτε
1142 5611 1200 5658 ς.

438 5663 672 5730 μετρίως
705 5680 762 5726 ς.

437 5745 600 5798 μενον
631 5733 864 5803 πονηρὸν
895 5733 969 5788 B:
1012 5736 1297 5804 γινομένου
1325 5735 1560 5804 πονηροῦ
1597 5753 1656 5799 ς.

1312 5594 1354 5624 ⁸⁸
1383 5596 1572 5663 φησίν]
1604 5613 1652 5649 c.
1688 5599 1773 5652 10.

2439 5533 2484 5566 ⁸⁷
2521 5535 2717 5604 κρᾶσις
2803 5534 2848 5566 ⁸⁸
2883 5533 3171 5604 μετριότης
3203 5531 3261 5586 Β·
3339 5531 3384 5566 ’³
3417 5534 3509 5587 καὶ
3543 5532 3704 5604 β>ἠκ’

2434 5607 2480 5639 ⁸³
2526 5607 2675 5672 παρά
2721 5607 2758 5659 Α
2787 5625 2798 5660 :
2830 5608 2960 5675 περί
2987 5623 3047 5670 ς.
3155 5606 3199 5637 ⁸⁸⁵
3229 5607 3320 5656 καὶ
3357 5605 3576 5676 μέτριος
3605 5607 3648 5658 Α
3687 5621 3700 5658 :

2438 5677 2699 5746 εχομένην
2727 5676 2786 5731 Β.
2859 5677 2903 5710 ⁶⁹
2931 5675 3288 5746 ἐπιλιπούσης
3319 5677 3383 5731 Α.
3487 5677 3531 5709 τ’
3553 5691 3704 5746 7w.-
