4012 6236
488 265 615 332 1451

1610 267 1868 329 ΡΠΟΤῘΙ
1905 262 2402 327 PATRIARCHIE
2439 267 2541 329 ΟΡ.

3585 268 3717 332 H52

482 380 712 448 ridebat,
755 394 876 452 qua:
913 395 999 436 res
1031 379 1108 435 illi
1149 379 1388 434 maximo
1429 379 1531 435 fuit
1560 379 1722 452 malo.
1772 379 1877 448 Qui
1902 378 2040 435 enim

2150 375 2487 446 ἀντισκῶψαι
2540 377 2650 448 γάρ
2685 375 2814 446 ἐξῆν
2832 378 2878 410 ⁸³
2911 377 3003 431 καὶ
3055 377 3399 450 ἀνθυϐρίσαι,
3433 381 3527 435 καὶ
3550 382 3723 450 γελώ-

482 471 652 528 libere
691 487 876 529 secum
918 471 1249 543 iocarentur,
1286 471 1486 542 398a
1556 474 1623 525 ah
1667 472 1750 524 eis
1787 471 1928 525 serio
1969 469 2049 526 lo-

485 562 774 630 quentibus
800 575 1135 631 nequaquam
1191 564 1417 630 putabat
1463 562 1562 616 sibi
1586 561 1787 616 adulari
1817 579 1832 614 :
1864 561 2051 629 itaque

483 653 751 708 laudando
780 653 937 710 facile
970 654 1360 723 decipiebatur.
1395 655 1511 708 Non
1545 655 1687 709 enim
1721 653 2050 722 intelligebat
2096 640 2102 657 ³

486 760 630 810 esse,
662 746 754 814 qui
785 746 1078 802 adulationi
1121 746 1427 802 libertatem
1459 746 1623 800 veluti
1664 744 2046 798 subausterum

485 837 885 891 condimentum
921 837 1304 902 admiscerent,
1337 852 1443 906 quo
1473 845 1736 905 proterva:
1771 834 1914 888 inter
1949 849 2048 902 ρος

482 927 600 982 cula
644 927 950 997 loquacitati
1009 929 1224 984 taedium
1270 939 1326 984 et
1373 929 1674 984 satietatem
1717 927 2044 990 dimoveant,

481 1018 640 1088 idque
666 1029 1088 1089 consequantur,
1117 1030 1177 1075 ut
1205 1030 1544 1075 assentantes
1578 1029 1634 1074 et
1660 1021 2044 1085 concedentes,
2083 1033 2087 1036 ·

481 1110 694 1176 quoties
737 1111 803 1164 de
841 1125 897 1166 re
936 1111 1085 1181 gravi
1127 1125 1307 1166 sermo
1352 1111 1635 1173 incideret,
1668 1126 1772 1164 non
1814 1110 2045 1180 gratiam

481 1212 720 1269 captare,
753 1203 842 1258 sed
873 1202 1154 1272 prudentia
1184 1202 1468 1258 inferiores
1497 1203 1804 1258 videantur.

1006 1380 1089 1435 Ea:
1128 1380 1323 1452 Pyrrhi
1367 1381 1514 1436 Vita.

550 1471 669 1525 Fuit
698 1470 938 1541 Pyrrhus
969 1475 1114 1528 vultu
1144 1475 1293 1544 regio
1321 1476 1564 1543 quidem,
1598 1474 1690 1528 sed
1725 1473 2046 1529 terribiliora

359 1622 373 1631 _
477 1577 638 1630 quam
678 1564 1087 1620 venerabiliore.
1118 1566 1230 1618 Non
1256 1566 1444 1619 habuit
1471 1567 1667 1620 mullos
1706 1567 1914 1630 dentes,
1949 1565 2044 1621 sed

476 1669 638 1724 supra
665 1663 785 1710 erat
811 1670 973 1710 unum
1003 1671 1067 1710 os
1091 1656 1430 1721 continuum,
1460 1657 1514 1709 in
1544 1671 1651 1724 quo
1686 1657 1924 1710 dentium
1955 1657 2039 1710 ln-

2152 483 2310 536 μενος
2341 467 2374 536 ἢ
2411 467 2582 535 γελῶν
2633 468 2842 540 ἔχαιρε.
2899 469 3009 522 Καὶ
3049 468 3210 522 τοῦτο
3251 469 3610 540 διελυμήνατο
3644 473 3719 526 τὰ

2148 557 2318 610 πολλά
2367 557 2474 612 τῶν
2523 562 2865 631 πραγμάτων
2892 575 2908 594 ο
2946 559 3074 623 τοὺς
3123 561 3233 631 γὰρ
3285 560 3346 613 ὲν
3382 559 3464 631 τῷ
3505 563 3720 628 παίζειν

2149 651 2692 725 παρρησιαζομένους
2747 653 2850 706 οὑκ
2877 652 2945 706 ἀν
2993 651 3202 723 οἰηθεὶς
3252 653 3656 719 σπουδάζοντας
3674 655 3725 687 θδ

2147 741 2463 798 κολακεύειν
2477 742 2660 807 αὑτὸν,
2690 741 2945 812 ἡλίσκετο
2975 743 3171 813 ῥᾳδίως
3195 743 3302 797 ὑπὸ
3317 743 3430 798 τῶν
3455 745 3721 809 ἐπαίνων,

2149 834 2360 903 ἀγνοῶν
2413 833 2496 888 ὅτι
2551 832 2651 903 τὴν
2725 833 3039 903 παρρησίαν
3099 833 3245 898 τινες
3289 836 3364 900 ώς
3413 836 3724 907 ὑποστύφον

2145 922 2364 994 ἥδυσμα
2412 925 2480 995 τῇ
2535 922 2796 994 κολακείᾳ
2861 923 3301 992 παραμιγνύντες
3361 927 3607 998 ἀφῄρουν
3661 930 3726 980 τὸ

2146 1011 2443 1084 πλήσμιον,
2467 1016 2531 1085 τῇ
2557 1013 2708 1086 παρά
2738 1013 2837 1088 τὴν
2879 1013 3077 1069 κύλικα
3107 1015 3405 1088 θρασύτητι
3448 1021 3540 1072 καὶ
3565 1019 3725 1089 λαλιᾷ

2143 1102 2614 1175 διαμηχανώμενοι
2657 1105 2756 1175 τὴν
2814 1105 2926 1158 τῶν
2982 1107 3324 1177 πραγμάτων
3389 1109 3580 1178 ὕφεσιν
3626 1114 3722 1167 καὶ

2147 1193 2563 1261 συγκατάθεσιν,
2598 1194 2674 1258 ώς
2701 1193 2777 1266 μὴ
2822 1195 2960 1266 πρὸς
2983 1197 3166 1269 χάριν
3199 1199 3432 1270 ὁμιλεῖν,
3477 1201 3615 1257 ἀλλά
3641 1205 3724 1274 τῷ

2145 1286 2366 1355 φρονεῖν
2393 1285 2716 1358 ἡττωμένων
2739 1287 3045 1356 φαίνεσθαι.

2670 1379 2772 1434 Ἐκ
2797 1380 2904 1434 τοῦ
2934 1381 3190 1449 Πύρῤου.

2214 1466 2403 1518 ὐτι⁹⁸
2433 1465 2673 1538 Πύρρος,
2707 1471 2861 1540 φησὶ,
2891 1473 2958 1541 τῇ
2991 1473 3089 1541 μὲν
3146 1471 3256 1543 ίδέᾳ
3290 1473 3386 1527 τοῦ
3425 1476 3716 1546 προσώπου

2145 1555 2418 1634 φοϐερώτε
2427 1574 2519 1626 ρον
2535 1559 2582 1590 ³⁸
2598 1553 2666 1629 ἦν
2691 1558 2830 1629 ἔχων
2844 1559 2892 1592 ’⁷
2915 1562 2947 1630 ἢ
2962 1561 3282 1632 σεμνότερον
3313 1564 3405 1618 καὶ
3423 1564 3715 1634 βασιλικώ-

2145 1665 2322 1720 τερον,
2337 1649 2384 1681 ⁸ο
2409 1649 2636 1714 πολλοὺς
2653 1651 2708 1705 δὲ
2737 1652 2950 1714 ὀδόντας
2971 1655 3070 1709 οὐκ
3097 1650 3262 1727 εἶχεν,
3295 1657 3409 1710 ἀλλ’
3433 1659 3493 1712 ἒν
3521 1660 3716 1716 ὀστοῦν

475 1720 697 1802 torvalla
731 1749 980 1803 tenuibus
1005 1748 1166 1802 veluti
1198 1748 1364 1802 sulcis
1397 1720 1797 1802 detinebantur.
1832 1748 1872 1801 E
1901 1747 2040 1802 liene

2143 1742 2368 1810 συνεχὲς
2396 1737 2486 1814 ἦν,
2521 1742 2728 1797 ἄνωθεν
2773 1740 2887 1798 οἷον
2937 1720 3182 1812 λεπταῖς-
3197 1720 3439 1820 ἀμυχαῖς
3468 1753 3568 1816 τὰς
3597 1754 3717 1808 δια-

476 1837 843 1893 laborantibus
883 1838 1112 1894 salutem
1149 1837 1341 1894 aﬂ‘erre
1367 1839 1721 1902 credebatur,
1769 1842 1813 1894 si
1841 1839 2039 1910 gallum

473 1927 653 1983 album
689 1939 963 1992 mactans,
1005 1929 1270 1997 supinatis
1310 1929 1417 1983 illis
1460 1929 1654 1984 dextro
1681 1928 1812 1999 pede
1850 1930 2046 1986 leviter

474 2018 680 2073 viscera
703 2027 998 2087 premeret,
1017 2033 1194 2088 neque
1221 2019 1322 2074 fuit
1351 2020 1637 2090 quisquam
1685 2021 1760 2074 ita
1792 2019 1874 2076 vel
1909 2036 2041 2090 pauo

475 2108 572 2181 per
598 2109 680 2165 vel
713 2111 854 2175 vilis,
885 2111 969 2165 cui
997 2120 1218 2178 rogatus
1239 2126 1356 2166 eam
1387 2112 1709 2167 medicinam
1737 2113 1920 2168 facere
1943 2116 2040 2168 de-

475 2204 818 2270 dignaretur;
854 2202 1051 2273 gallum
1093 2203 1207 2272 ipse
1247 2202 1486 2274 Pyrrhus
1540 2203 1838 2273 accipiebat
1879 2214 2042 2273 atque

474 2293 807 2360 immolabat,
839 2295 1013 2363 iisque
1039 2294 1089 2349 ei
1117 2303 1232 2349 erat
1255 2296 1425 2350 honor
1462 2295 1827 2366 gratissimus.
1863 2295 1928 2350 Et
1963 2295 2040 2349 le-

475 2394 599 2437 runt
643 2384 794 2452 pedis
841 2386 958 2453 ejus
1014 2383 1262 2453 pollicem
1313 2385 1421 2439 vim
1468 2385 1704 2439 divinam
1761 2383 2038 2452 habuisse,

471 2485 631 2544 atque
663 2475 822 2529 etiam
866 2485 1110 2530 cremato
1152 2482 1276 2543 post
1320 2483 1550 2530 mortem
1590 2490 1854 2546 corpore,
1897 2475 2039 2531 hunc

474 2565 696 2621 illznsum
729 2565 1098 2634 intactumque
1124 2565 1193 2619 ab
1226 2564 1347 2633 igne
1373 2565 1541 2622 fuisse
1567 2575 1868 2636 repertum.

1023 2829 1104 2883 Ex
1145 2828 1302 2883 Marii
1349 2826 1492 2884 Vita.

544 2920 711 2974 llario
755 2929 810 2974 et
854 2921 1228 2988 temperantiae
1269 2935 1333 2975 ac
1381 2919 1678 2975 tolerantia:
1729 2916 2033 2974 testimoni"

2140 1835 2280 1902 φυάς
2313 1833 2800 1907 ὑπογεγραμμένον
2811 1837 2856 1868 ⁹⁹
2883 1836 2993 1890 τῶν
3034 1838 3279 1896 ὀδόντων.
3309 1843 3432 1907 Τοῖς
3456 1843 3514 1898 δὲ
3537 1844 3719 1916 σπληο

2138 1923 2324 1979 νιῶσιν
2377 1925 2550 1979 ἐδόκει
2631 1926 2848 1996 βοηθεῖν
2903 1929 3239 2001 ἀλεκτρυόνα
3295 1933 3438 1989 θύων
3490 1935 3722 2004 λευκὸν,

2138 2014 2346 2068 ὑπτίων
2399 2031 2460 2069 τε
2506 2019 2919 2088 κατακειμένων
2975 2021 3056 2090 τῷ
3118 2022 3280 2094 δεξιῷ
3328 2027 3452 2080 ποδὶ
3507 2029 3716 2092 πιέζων

2139 2105 2352 2176 ἀτρέμα
2372 2106 2434 2159 τὸ
2457 2106 2782 2178 σπλάγχνον.
2838 2110 3026 2174 Οὐδεὶς
3047 2111 3093 2164 δ’
3136 2108 3206 2185 ἦν
3235 2115 3404 2188 πένης
3431 2116 3556 2172 οὔτε
3593 2120 3715 2174 ἀδο-

2140 2194 2229 2259 ξος
2275 2193 2447 2260 οὕτως
2489 2195 2631 2250 ὥστε
2687 2199 2764 2270 μὴ
2809 2203 2992 2271 τυχεῖν
3033 2203 3133 2270 τῆς
3199 2205 3442 2276 ίατρείας
3479 2209 3714 2280 δεηθείς.

2151 2283 2453 2354 Ἐλὰμϐανε
2473 2284 2529 2338 δὲ
2555 2285 2761 2341 καὶτὸν
2790 2288 3120 2360 ἀλεκτρυόνα
3139 2292 3434 2357 θύσας.καὶ
3459 2297 3522 2350 τὸ
3546 2299 3716 2370 γέρας

2138 2375 2294 2428 τοῦτο
2322 2377 2536 2446 ἥδιστον
2561 2373 2629 2449 ἦν
2652 2378 2821 2449 αύτῷ.
2854 2381 3085 2450 Λέγεται
3117 2383 3174 2436 δὲ
3197 2385 3292 2438 τοὺ
3322 2387 3478 2452 ποδὸς
3503 2389 3717 2443 ἐκείνου

2137 2465 2230 2519 τὸν
2292 2467 2512 2536 μείζονα
2542 2467 2803 2524 δάκτυλον
2858 2470 3002 2540 ἔχειν
3063 2473 3328 2546 δύναμινι
3361 2477 3517 2544 ίδίαν,
3571 2479 3716 2532 ὥστε

2142 2556 2280 2626 μετά
2359 2559 2458 2630 τὴν
2525 2559 2784 2633 τελευτὴν
2835 2561 2928 2616 τοῦ
2985 2563 3173 2620 λοιποῦ
3239 2567 3488 2640 σώματος
3547 2589 3719 2625 κατα⁴

2138 2651 2364 2709 καέντος
2389 2649 2573 2704 ἀπαθῆ
2607 2652 2702 2706 καὶ
2736 2652 2991 2710 ἀθικτον¹
3014 2657 3118 2711 ὑπὸ
3157 2658 3250 2712 τοῦ
3280 2661 3454 2732 πυρὸς
3485 2663 3713 2736 εὑρεθῆ-

2143 2759 2248 2797 ναι.

2639 2867 2647 2894 l
2677 2841 2763 2894 Εκ
2800 2839 2908 2895 τοῦ
2941 2843 3190 2910 Μαρίου.

2211 2931 2370 2984 Ὀτι³
2399 2929 2478 2998 τῷ
2500 2929 2700 3000 Μαρίῳ
2723 2930 2907 3002 (φησὶ)
2951 2934 3042 2986 καὶ
3068 2935 3418 3007 σωφροσύνην
3459 2940 3556 2992 καὶ
3583 2957 3717 3013 καρο

473 3011 860 3079 perhibentur;
887 3019 942 3066 et
972 3009 1130 3080 hujus
1161 3011 1378 3080 quidem
1410 3010 1665 3065 indicium
1694 3018 1890 3066 exstat.
1928 3009 2030 3064 Va-

2142 3019 2322 3090 τερίαν
2355 3019 2743 3109 μαρτυροῦσιν,
2765 3017 2833 3092 ἦς
2867 3021 3062 3092 δεῖγμα
3096 3023 3221 3095 [650
3254 3026 3346 3097 H.|
3376 3028 3552 3082 καὶτὸ
3581 3009 3714 3100 περὶ

473 3103 676 3158 ricibus
712 3103 855 3158 enim
884 3104 1088 3172 magnis
1120 3117 1241 3157 cum
1277 3113 1563 3171 utrumque
1587 3101 1704 3171 ejus
1736 3116 1858 3156 crus
1887 3101 2037 3156 labo-

470 3204 639 3260 raret,
664 3193 1064 3256 delormitatem
1093 3207 1234 3263 :egre
1276 3194 1494 3258 ferens,
1539 3192 1804 3247 medicum
1847 3205 2036 3246 accer-

469 3285 626 3348 sivit,
665 3285 826 3355 eique
865 3299 970 3340 non
1012 3285 1205 3354 ligatus
1234 3300 1364 3340 crus
1397 3285 1625 3339 alterum
1661 3284 1922 3354 praebuit,
1973 3298 2038 3339 ac

473 3374 603 3427 nihil
629 3375 745 3444 ipse
769 3383 962 3438 motus,
1001 3374 1146 3429 nullo
1168 3376 1314 3432 edito
1341 3376 1566 3446 gemitu,
1590 3376 1859 3430 constanti
1887 3376 2036 3430 vultu

475 3468 668 3520 tacitus
693 3467 1038 3521 incredibiles
1067 3477 1296 3522 sectum
1329 3467 1540 3522 dolores
1571 3468 1823 3535 pertulit;
1854 3471 1920 3522 ad
1958 3469 2039 3522 al-

471 3566 643 3610 terum
679 3566 993 3614 transeunte
1025 3558 1255 3624 medico,
1291 3573 1394 3613 non
1423 3558 1700 3622 sustinuit,
1738 3561 2035 3615 remedium

469 3649 572 3703 hoc
613 3663 717 3702 non
757 3649 974 3718 dignum
1015 3665 1135 3705 esse
1184 3651 1467 3717 iuouiens,
1501 3651 1652 3721 cujus
1693 3665 1856 3706 causa
1903 3651 2037 3706 tanti

469 3741 744 3797 cruciatus
784 3743 1169 3799 tolerareutur.

535 3939 735 3994 Marius
765 3954 832 3994 ex
860 3938 1041 3993 Africa
1090 3952 1214 3993 cum
1273 3940 1513 3994 exercitu
1570 3949 1913 3996 transvectus
1970 3949 2026 3996 et

467 4029 802 4086 consulatum
835 4031 1066 4098 accepit,
1118 4039 1174 4085 et
1220 4030 1552 4098 triumphum
1613 4031 1786 4096 duxit,
1826 4029 2025 4099 Jugur-

470 4123 617 4176 tham
649 4123 920 4192 captivum
977 4121 1295 4177 incredibile
1353 4123 1612 4178 Romanis
1655 4125 2029 4192 spectaculum

465 4213 751 4278 exhibens,
784 4227 893 4282 quo
929 4212 1051 4267 vivo
1083 4212 1362 4267 victoriam
1403 4213 1471 4267 de
1501 4214 1746 4268 hostibus
1777 4228 1938 4270 nemo
1967 4229 2034 4269 ne

464 4309 738 4371 sperasset
767 4299 989 4369 quidem
1029 4317 1043 4353 :
1113 4299 1250 4354 adeo
1280 4299 1345 4353 ad
1372 4314 1588 4356 omnem
1647 4299 1920 4355 fortunam
1972 4315 2032 4356 se

2137 3111 2234 3180 τὴν
2260 3109 2422 3183 [1205
2469 3108 2562 3182 IL]
2607 3111 2959 3182 χειρουργίαν
3012 3114 3181 3169 ἐστίν.
3242 3115 3388 3182 Ἰξῶν
3433 3119 3542 3192 γὰρ
3583 3123 3720 3176 ἀνά-

2139 3203 2315 3266 πλεως
2348 3203 2512 3273 ἄμφω
2538 3202 2606 3256 τὰ
2637 3203 2807 3274 σκέλη
2843 3206 3084 3274 γεγονὼς
3137 3208 3232 3262 καὶ
3267 3208 3366 3280 τὴν
3425 3211 3708 3282 ἀμορφίαν

2136 3289 2498 3361 δυσχεραίνων
2526 3289 2668 3359 ἔγνω
2715 3295 3019 3364 παρασχεῖν
3049 3295 3259 3352 ἑαυτόν.
3293 3299 3404 3351 Καὶ
3434 3303 3714 3372 παρέσχεν

2137 3378 2321 3444 ἄδετος
2347 3380 2569 3450 θάτερον
2603 3381 2791 3445 σκέλος
2825 3383 2946 3436 οὐδὲ
2970 3384 3236 3454 κινηθεὶς,
3269 3388 3388 3441 οὐδὲ
3419 3392 3710 3459 στενάξας,

2137 3471 2272 3525 ἀλλά
2292 3471 2592 3525 καθεστῶτι
2613 3471 2690 3542 τῷ
2708 3473 2985 3544 προσώπῳ
3021 3478 3115 3529 καὶ
3144 3479 3280 3546 μετά
3307 3481 3514 3551 σιωπῆς
3544 3483 3716 3553 ὑπερ.

2141 3562 2298 3625 ϐολάς
2313 3566 2333 3592 ⁵
2354 3579 2507 3624 τινας
2555 3561 2862 3631 ἀλγηδόνων
2902 3565 2995 3617 ἐπὶ
3051 3569 3171 3630 ταῖς
3193 3573 3386 3637 τομαῖς
3408 3571 3717 3643 ἀνασχόμε-

2139 3671 2246 3717 νος.
2281 3652 2386 3706 Τοῦ
2428 3653 2485 3706 δὲ
2535 3653 2720 3724 ίατροῦ
2780 3657 3064 3724 μετιόντος
3117 3661 3208 3713 ἐπὶ
3258 3661 3481 3733 θάτερον
3526 3666 3713 3721 οὐκέτι

2139 3745 2403 3815 παρέσχε,
2431 3747 2606 3818 φήσας
2637 3747 2769 3818 όρᾷν
2795 3746 2857 3800 τὸ
2886 3748 3254 3822 ἐπανόρθωμα
3290 3754 3386 3826 τῆς
3421 3756 3713 3828 ἀλγηδόνος

2137 3837 2237 3890 οὑκ
2265 3837 2432 3904 ἄξιον.

2210 3927 2330 3981 Ὀτι
2351 3929 2370 3960 ⁵
2402 3927 2612 3998 Μάριος
2644 3927 2708 3981 ὲκ
2735 3927 2942 3998 Λιϐύης
2975 3929 3114 4000 μετὰ
3141 3931 3234 3985 τοῦ
3258 3933 3277 3966 ⁸
3303 3937 3712 4008 στρατεύματος

2136 4018 2518 4089 ἀνακομισθεὶς
2549 4022 2646 4090 τήν
2667 4037 2725 4072 τε
2751 4020 3013 4075 ὑπατείαν
3035 4023 3261 4078 ἀνέλαϐε
3283 4029 3488 4084 καὶτὸν
3510 4030 3712 4102 θρίαμ-

2135 4109 2228 4162 ϐον
2279 4109 2581 4178 είσήλασεν,
2629 4111 2857 4166 ἄπιστον
2905 4115 3312 4186 ἐπιδειξάμενος
3363 4119 3542 4191 θέαμα
3573 4123 3710 4176 Ῥωο

2137 4199 2338 4269 μαίοις,
2383 4200 2721 4271 Ἰουγούρθαν
2776 4208 3143 4278 αἰχμάλωτον,
3176 4201 3239 4262 οὗ
3274 4210 3473 4274 ζῶντος
3508 4213 3616 4266 οὐδ’
3639 4213 3708 4267 ἂν

2134 4287 2213 4355 εἷς
2234 4292 2428 4362 ἤλπισε
2460 4294 2735 4365 πολεμίων
2761 4300 3077 4370 κρατήσεινο
3111 4300 3284 4365 οὑτως
3314 4303 3333 4332 ⁷
3370 4297 3439 4372 ἦν
3463 4305 3708 4368 ποικίλος

466 4389 872 4448 accommodare
883 4388 1130 4453 callidus,
1149 4389 1359 4444 astutia:
1374 4405 1577 4459 magna:
1591 4392 1875 4446 admistam
1891 4390 2021 4446 fero-

2142 4382 2270 4452 ὶνὴρ
2291 4382 2478 4453 τύχαις
2497 4385 2772 4457 ὁμιλῆσαι,
2795 4390 2887 4442 καὶ
2912 4389 3216 4461 πανουργία
3236 4389 3402 4463 πολλῇ
3431 4395 3709 4464 μεμιγμέ-

465 4483 605 4538 ciam
648 4478 900 4536 habebat.
944 4478 1001 4534 lu
1037 4480 1310 4550 triumpho
1339 4492 1599 4550 praeterea
1636 4481 1781 4536 illata
1807 4491 2032 4537 narrant

465 4571 584 4625 auri
617 4578 698 4625 tcr
728 4569 872 4624 mille
901 4584 966 4624 ac
999 4578 1204 4638 septem
1231 4571 1427 4638 pondo,
1461 4570 1672 4638 argenti
1699 4585 1806 4624 non
1833 4571 2030 4639 signati

379 4673 385 4677 '
467 4658 754 4730 quinquies
803 4659 971 4714 millia
1030 4659 1156 4724 7'75,
1210 4659 1408 4730 signati
1473 4659 1580 4714 287
1634 4658 1803 4714 millia
1864 4659 2030 4714 dena-

466 4768 626 4808 ιἰιισῐι.

538 4846 726 4903 Solent
749 4848 950 4904 milites
977 4847 1299 4911 laboriosos,
1334 4846 1538 4915 quiquo
1603 4845 1751 4901 taciti
1787 4853 2035 4916 prompte

465 4938 664 5010 3981)
716 4939 980 5006 imperata
1006 4936 1232 5000 faciunt,
1270 4937 1438 4990 mulos
1469 4934 1744 4990 Marianos
1767 4934 2036 5004 appellare

467 5035 606 5096 (erat
638 5029 782 5083 enim
814 5026 1012 5082 Marius
1063 5024 1540 5094 indefatigabilis),
1590 5028 1733 5093 quod
1794 5041 1890 5080 sua
1929 5026 2029 5095 ipsi

468 5119 726 5180 facerent,
758 5129 813 5172 et
862 5134 982 5172 eum
1019 5119 1118 5173 hac
1167 5118 1218 5170 in
1265 5133 1320 5170 re
1374 5117 1738 5170 imitarentur.
1803 5118 2029 5183 Quidam

466 5213 591 5282 quia
625 5209 824 5266 Marius
875 5211 1001 5265 olim
1058 5209 1157 5264 sub
1216 5208 1470 5278 Scipione
1527 5209 1766 5262 militans
1812 5211 2030 5264 curiose

2136 4490 2226 4526 νον
2252 4475 2389 4544 ἔχων
2417 4476 2476 4530 τὸ
2504 4476 2803 4548 θυμοειδές.
2838 4479 2926 4532 Ἐν
2951 4480 3006 4533 δὲ
3028 4480 3106 4551 τῷ
3141 4482 3395 4554 θριάμὸῳ
3439 4485 3709 4554 κομισθῆο

2137 4558 2466 4637 ναι”).έγουσι
2485 4569 2704 4641 χρυσίου
2721 4570 2741 4602 ⁸
2767 4571 2863 4641 μὲν
2885 4572 3026 4625 ἑπτὰ
3049 4573 3140 4626 καὶ
3168 4575 3468 4644 τρισχιλί²ς
3494 4575 3704 4648 λίτραῇ

2139 4661 2383 4733 ἀργύρου
2412 4662 2468 4716 δὲ
2495 4660 2710 4735 ἀσήμου
2743 4661 2919 4733 γεψοεκ
2961 4664 3292 4737 νομίσματος
3319 4667 3376 4720 δὲ
3416 4667 3707 4739 δραχμὰς⁹

2141 4752 2186 4815 ζ,
2211 4753 2301 4804 ἐπὶ
2335 4753 2590 4824 μυριάσιν
2620 4759 2668 4825 η’
2696 4754 2789 4808 καὶ
2816 4760 2883 4809 κ’.

2215 4845 2396 4899 Ὀτι¹⁰
2423 4849 2546 4910 τοὺς
2602 4845 2921 4915 φιλοπόνους
2954 4848 3047 4902 καὶ
3102 4851 3278 4920 σιωπῇ
3311 4851 3426 4920 μετ’
3456 4853 3710 4918 εὐκολίας

2137 4935 2208 4988 τὰ
2240 4938 2688 5005 προστασσόμενα
2743 4936 3370 5021 πράττονταςῖέᾷτρυτος
3423 4943 3532 5011 γὰρ
3573 4939 3640 5015 ἦν
3679 4945 3708 4996 ό

2138 5027 2346 5097 Μάριος
2391 5026 2483 5080 καὶ
2534 5027 2852 5098 αὐτουργεῖν
2903 5029 3361 5104 exarauit-xui
3424 5037 3706 5107 μιμεῖσθαι

2137 5116 2406 5170 διδάσκειν
2444 5115 2606 5169 αὑτὸν
2650 5116 2747 5170 καὶ
2780 5117 3160 5198 ἐξομοιοῦσθαι
3189 5107 3319 5187 τοὺς
3349 5124 3705 5193 στρατιώτας)

2138 5208 2424 5277 ἡμιόνους
2448 5208 2787 5275 Μαρίαν-οὺς
2802 5209 3188 5280 ὠνόμαζονροὶ
3210 5212 3289 5276 δὲ,
3312 5213 3395 5267 ὅτι
3414 5215 3451 5246 ¹¹
3474 5217 3706 5288 Μάριος,

1751 5346 1975 5402 VARle
2013 5343 2415 5403 LECTIONES.

560 5463 607 5530 ξ’
632 5461 755 5528 ἐξῆν
786 5461 861 5514 Αε
895 5461 1061 5530 ἐχρῆν
1105 5477 1166 5524 ς.

467 5529 616 5601 λικόν
645 5530 704 5582 Β.
801 5531 847 5568 ⁸³
878 5529 1385 5601 ὑπογεγραμμένων
1414 5547 1472 5593 ς.

471 5597 627 5658 ϐολάς
654 5615 802 5656 τινας

469 5666 765 5737 δεδραχμὰς
798 5686 856 5732 ς.
935 5669 977 5701 ¹⁰
1005 5670 1082 5722 ὅτι
1114 5668 1188 5734 [ο.
1229 5666 1348 5723 aut.
1428 5671 1465 5698 “
1498 5671 1602 5733 ὅτι]
1634 5689 1681 5725 ι’.
1716 5687 1825 5723 xxi.

1271 5461 1318 5542 ξι
1353 5459 1713 5544 σχολάζοντας
1753 5460 1814 5514 Β.
1890 5462 1938 5494 ⁸⁸
1972 5463 2079 5531 ότι]
2106 5477 2152 5516 c.
2194 5478 2276 5517 tu.
2350 5461 2398 5494 '°
2426 5456 2800 5528 φοϐερώτερος
2826 5461 2891 5514 Ac
2966 5460 3010 5492 ’⁷
3037 5461 3102 5544 ‘M
3123 5455 3256 5530 ἦθος
3284 5462 3391 5518 ΑΒ.
3480 5468 3523 5496 ’³
3556 5467 3695 5533 βασι·

1271 5545 1385 5582 ;νων
1414 5547 1472 5583 ς.
1563 5530 1580 5560 ¹
1611 5531 1838 5583 δυναμιν
1869 5531 2010 5583 ἔχειν
2041 5549 2100 5583 c.
2195 5536 2215 5564 '
2244 5530 2461 5583 ἄθικτον
2489 5531 2530 5580 Λ
2557 5545 2568 5580 :
2616 5527 2821 5582 ἄλυπον
2879 5547 2937 5583 ετ.
3039 5533 3058 5565 ⁸
3079 5531 3184 5583 orti
3235 5547 3284 5583 c.
3321 5551 3394 5583 τι-
3482 5543 3504 5575 δ
3537 5539 3695 5583 ὑπερ-

834 5548 847 5568 ν
878 5548 1385 5601 υπογεγραμμενων
1414 5548 1472 5593 ς.
1563 5548 1580 5560 ·
1611 5548 1838 5600 ουναμιν
1869 5548 2010 5602 εχειν
2041 5549 2100 5595 ς.

834 5601 877 5656 Α
901 5617 916 5655 :
940 5600 1085 5670 τινὸς
1116 5598 1420 5670 ὑπερϐολὰς
1444 5599 1537 5651 καί
1582 5617 1641 5662 ς.
1694 5602 1714 5632 ⁵
1757 5599 1863 5670 ὅτι]
1900 5619 1946 5655 c.
1982 5617 2078 5656 xu.

2195 5536 2215 5564 '
2244 5530 2461 5587 ἄθικτον
2489 5531 2530 5580 Λ
2557 5527 2571 5580 έ
2616 5527 2821 5582 ἄλυπον
2879 5547 2937 5594 ς,

3039 5531 3185 5605 ⁸ὃτι]
3235 5547 3394 5605 εηνι.
3482 5543 3504 5575 ⁸
3537 5531 3704 5605 ὑπερσ

2127 5604 2147 5633 ⁸
2175 5602 2266 5654 τοῦ
2287 5617 2395 5654 οιιι.
2439 5597 2498 5651 Β.
2553 5597 2570 5627 ⁷
2601 5594 2752 5660 οὗτος
2783 5601 2845 5653 Δ.

2899 5601 2919 5628 ⁸
2943 5604 3162 5670 χρυσίον
3187 5605 3249 5654 Α.
3296 5604 3314 5634 ⁸
3342 5605 3587 5682 δραχμάς
3619 5601 3659 5659 Ᾱ
3686 5637 3704 5662 ς
