2006 3118
204 136 273 170 1453

748 141 1007 178 BIBLIOTI—IECA.
1021 161 1055 166 -
1073 149 1154 180 COD.
1177 152 1307 184 CCXLV.

1752 156 1823 190 1AM

201 195 295 230 φησὶν,
320 185 373 222 ὑπὸ
396 194 562 231 Σκηπίωνι¹¹
581 198 665 226 πάλαι
693 202 916 236 στρατευόμενος,
942 211 976 229 κα

1040 211 1116 233 arma
1141 210 1168 234 et
1190 214 1283 235 carros
1320 208 1488 244 inspicienli,
1520 210 1634 239 adduxit
1665 210 1823 240 bellicosum

200 242 476 277 πολυπραγμονοῦντι
493 245 557 279 περί
571 253 601 271 τε
616 245 671 271 τῶν
685 245 775 273 ὃπλων
791 248 837 274 καὶ
852 248 907 274 τῶν
922 249 988 275 ὑπο-

175 301 178 304 -
199 286 303 321 ζυγίων
310 287 356 314 τὸν
369 287 536 323 στρατιώτην
548 291 721 325 προσήγαγεν
733 292 814 318 ἵππον
823 301 852 318 τε
859 293 989 321 κάλλιστα

198 333 387 368 τεθραμμένον
412 334 459 361 καὶ
489 334 600 369 ἡμίονον
612 336 703 372 εὐεξίᾳ
722 337 769 364 καὶ
792 338 926 374 πραότητι
941 339 988 366 καὶ

199 378 281 415 ῥώμῃ
294 378 454 414 διαφέροντα
470 380 537 407 πολὺ
552 380 607 408 τῶν
623 382 720 409 ἄλλων.
744 383 885 415 Ἠςθέντος
899 384 927 410 δὲ
942 385 987 412 τοῦ

200 424 352 459 στρατηγοῦ
365 425 422 456 τοῖς
436 424 483 452 τοῦ
503 426 610 462 Μαρίου
627 427 766 463 θρέμμασι
787 429 834 455 καὶ
857 430 987 462 πολλάκις

196 469 290 496 αὐτῶν
317 471 493 506 μνησθέντος,
519 472 606 505 οὕτως
625 472 679 509 ἄρα
695 474 759 506 τοὺς
768 474 943 507 σκώπτοντας
958 477 987 503 ὲν

193 514 302 550 ἐπαίνῳ
326 515 371 542 τὸν
396 516 521 552 ἐνδελεχῆ
554 519 602 545 καὶ
614 518 736 554 τλήμονα
765 519 814 546 καὶ
839 520 985 555 φιλόπονον

196 562 352 595 Μαριανὸν
362 563 488 597 ἡμίονον
502 565 728 601 προσαγορεύειν.

196 647 199 649 η
233 607 440 641 ὈτιΤεύτονας
452 610 559 645 Μαρίου
574 612 865 649 καταπολεμήσαντος,
884 614 985 650 μυριά-

195 651 245 684 δας
257 652 332 686 δέκα,
360 654 556 683 Μασσαλιῶται
572 656 594 672 ¹³
614 658 668 688 τοῖς
681 658 784 690 ὀστέοις
799 658 921 693 λέγονται
938 668 986 686 πε-

195 698 381 734 ριθριγκῶσαι
400 701 422 717 ¹⁵
437 702 500 733 τοὺς
515 701 680 737 ἀμπελῶνας
692 711 699 719 ·
715 705 764 740 τὴν
787 704 815 732 δὲ
840 705 902 740 γῆν,
931 705 985 733 τῶν

194 744 302 779 νεκρῶν
330 746 576 774 καταναλωθέντων
587 748 617 774 ὲν
632 748 701 784 αὑτῇ
726 749 774 775 καὶ
788 749 833 777 διὰ
852 750 984 785 χειμῶνος

194 789 306 825 ὄμϐρων
321 790 516 824 ἐπιπεσόντων,
538 792 623 826 οὕτως
635 794 832 830 ὲκλιπανθῆναι
846 796 895 822 καὶ
907 795 984 830 γενέ-

191 835 259 862 σθαι
270 835 313 862 διὰ
335 835 432 871 βάθους
456 837 584 865 ἀνάπλεω
600 839 622 855 ¹¹
635 839 685 875 τῆς
701 840 847 876 σηπεδόνος
858 841 982 877 ὲνδύσης,

191 878 265 906 ὥστε
289 881 402 916 καρπῶν
419 882 587 918 ὑπερϐάλλον
610 885 650 916 εἰς
671 884 746 923 ὥρας
763 886 865 922 πλῆθος
877 887 983 923 ἐξενεγ-

193 926 262 958 κεῖν,
280 927 326 954 καὶ
341 929 516 964 μαρτυρῆσαι
529 930 567 965 τῷ
586 931 734 967 ’Δρχιλόχῳ
747 932 856 968 λέγοντι
874 934 981 960 πιαίνε·

194 972 257 998 α’)αι
284 973 352 1007 πρὸς
367 973 415 1000 τοῦ
444 975 595 1014 τοιούτουΝ
613 977 662 1009 τὰς
683 978 812 1013 ἀρούρας.
837 978 981 1011 Ἑπιεικῶς

189 1016 222 1044 Bt
235 1019 294 1049 ταῖς
310 1019 443 1053 μεγάλαις
457 1021 556 1056 μάχαις
572 1022 708 1055 ἐξαισίους
723 1024 817 1056 ὑετοὺς
831 1025 980 1061 ἐπικαταρ-

191 1063 343 1099 ρήγνυσθαι
366 1065 567 1100 λέγουσιν,⁴ε.ί’τε
578 1068 718 1103 δαιμονίου
736 1071 809 1101 τινὸς
821 1071 877 1102 τοῖς
895 1070 981 1098 καθα-

191 1110 249 1144 ροῖς
277 1110 325 1137 καὶ
349 1111 495 1139 διιπετέσιν
515 1113 671 1147 ἀγνῑζοντος
685 1114 763 1142 ὕδασι
784 1116 831 1142 καὶ
843 1116 980 1143 κατακλύ-

192 1153 296 1188 ζοντος,
309 1155 365 1198 εἴτε
384 1156 431 1183 τοῦ
460 1158 541 1192 φόνου
565 1159 679 1194 καὶτῆς
700 1161 844 1196 σηπεδόνος
865 1161 979 1195 ἐξανιει-

191 1200 242 1234 οης
263 1200 349 1235 ὑγρὰν
369 1202 416 1229 καὶ
442 1203 553 1238 βαρεῖαν
580 1205 773 1240 ἀναθυμίασιν,
800 1207 817 1243 ἢ
840 1207 886 1233 τὸν
910 1207 980 1241 ἀέρα

191 1245 355 1286 συνίστησιν,
374 1247 522 1283 εὔτρεπτον
536 1248 600 1276 ὄντα
617 1251 663 1277 καὶ
678 1251 777 1286 ῥᾳδίως
799 1251 979 1286 μεταϐάλλειν

187 1290 237 1316 ἐπὶ
251 1290 375 1318 πλεῖστον
396 1293 451 1319 ἀπὸ
475 1296 663 1331 σμικροτάτης
685 1297 782 1331 ἀρχῆς.
797 1297 858 1323 Ὅτι
869 1297 890 1312 ⁸⁷
904 1296 978 1328 ἀξιον

186 1335 399 1370 θαυμάσαιτοὺς
415 1339 586 1374 Κουρνούτου
605 1341 784 1376 θεράποντας.
800 1341 911 1368 Πολλῶν
924 1341 977 1377 γὰρ

188 1381 218 1407 ἒν
231 1383 411 1419 στασιαζούσῃ
425 1386 458 1420 τῇ
471 1385 546 1412 πόλει
578 1386 690 1422 θανάτῳ
712 1388 759 1414 καὶ
772 1387 827 1414 τῶν
849 1387 977 1414 ἀναιτίων

186 1427 467 1463 καταψηφισαμένων,
484 1430 530 1457 καὶ
542 1431 645 1466 μυρίων
655 1432 767 1466 σφαγῶν
783 1432 830 1458 καὶ
843 1431 975 1459 ποικίλων

186 1472 392 1507 προελθόντων,
426 1471 500 1503 οὗτοι
525 1476 571 1503 τὸν
595 1477 727 1513 δεσπότην
754 1477 975 1513 ἀποκρύψαντες,

187 1519 283 1553 νεκρὸν
304 1519 331 1545 δέ
346 1528 406 1546 τινα
429 1521 485 1547 τῶν
511 1522 615 1549 πολλῶν
641 1524 842 1558 ἀναρτήσαντες
871 1524 904 1551 ὲκ
929 1523 975 1550 τοῦ

184 1564 320 1599 τραχήλου
348 1566 396 1592 καὶ
429 1566 588 1601 περιθέντες
603 1568 678 1604 αὐτῷ
704 1568 821 1605 χρυσοῦν
834 1567 974 1596 δακτύλιον

182 1608 356 1637 ἐπεδείκνυον
381 1611 442 1647 [651
460 1612 507 1648 IL]
524 1615 581 1645 τοῖς
612 1615 720 1649 Μαρίου
742 1615 913 1650 δορυφόροις,
927 1615 974 1641 καὶ

1039 257 1139 286 equum
1152 253 1253 287 optime
1271 256 1430 288 enutritum,
1460 261 1485 283 et
1504 256 1604 284 mulum
1627 258 1733 285 caeteris
1747 258 1825 286 habi-

1040 296 1135 324 liorem
1150 303 1177 324 et
1197 299 1339 326 cicuritate
1353 305 1380 326 et
1395 300 1492 328 robore
1505 306 1686 335 praestantem
1716 303 1822 337 multo;

1039 348 1155 375 cumque
1174 342 1324 377 imperator
1335 343 1411 371 Marii
1438 345 1570 379 iumentis
1585 345 1780 379 obiectaretur,
1795 352 1823 374 et.

1040 393 1112 420 s:rpe
1127 391 1222 414 eorum
1243 390 1444 422 record-aretur,
1460 390 1523 418 inde
1537 396 1627 418 ortum
1650 396 1680 418 ut
1701 391 1748 427 qui
1775 399 1823 427 per

1037 431 1167 459 cavillum
1189 433 1226 460 ob
1243 434 1366 461 laborum
1389 435 1578 463 assiduitatem
1602 440 1630 464 et
1650 436 1821 465 tolerantiam

1037 477 1204 510 laudaretur,
1223 478 1361 508 Marianas
1371 481 1457 509 mulus
1471 481 1665 518 appellaretur.

1071 609 1193 638 Devictis
1219 615 1327 638 centum
1356 612 1475 641 millibus
1502 606 1658 642 Teutonum
1684 622 1701 641 a
1724 614 1820 649 Mario,

1040 655 1227 685 Massilienses
1270 657 1361 684 ferunt
1406 659 1513 687 ossibus
1556 660 1652 688 vineas
1686 660 1819 695 sepiisse:

1036 701 1158 729 tellurem
1174 709 1237 730 vero
1255 704 1423 738 consumptis
1434 705 1461 732 in
1480 713 1511 733 ea
1525 706 1712 739 cadaveribus,
1729 714 1762 735 ac
1771 714 1821 743 per

1035 746 1152 775 hiemem
1165 747 1298 776 imbribus
1321 749 1449 784 delapsis,
1466 750 1503 778 ita
1516 751 1642 786 pinguem
1675 752 1819 785 redditam,

1034 793 1177 827 putredine
1194 793 1220 821 in
1245 794 1409 829 profundum
1442 800 1602 831 penetrante
1629 797 1774 832 repletam,
1791 803 1820 824 ut

1036 837 1157 872 legitimo
1170 842 1291 874 tempore
1316 840 1423 868 abunde
1452 841 1589 870 fructuum
1615 843 1770 877 protulerit,
1792 849 1817 870 et

997 876 1020 907 Β
1035 883 1106 918 quod
1122 884 1305 913 Archilochus
1325 886 1403 918 dixit,
1431 886 1482 914 hoc
1501 888 1580 915 modo
1605 876 1685 922 agros
1706 889 1819 923 pingue-

1033 937 1121 961 scere,
1137 930 1163 956 id
1181 929 1335 957 tumluisse
1346 930 1550 959 conﬁrmatum.
1561 931 1654 966 Neque
1669 933 1717 960 abs
1729 940 1758 960 re
1765 938 1816 965 est,

1030 977 1103 1009 quod
1117 978 1177 1009 post
1192 982 1286 1010 magna
1301 975 1397 1009 proelia
1409 975 1559 1004 immodicae
1568 977 1666 1012 pluvia:
1676 977 1816 1005 decidant:

1031 1019 1088 1046 sive
1104 1019 1171 1047 deus
1197 1020 1294 1054 aliquis
1319 1024 1419 1048 terram
1441 1021 1516 1056 puris
1530 1027 1557 1049 et
1573 1021 1728 1050 caelestibus
1740 1021 1818 1056 aquis

1031 1064 1129 1092 lustrat
1142 1070 1223 1100 atque
1234 1065 1342 1100 proluit,
1357 1066 1414 1094 sive
1427 1067 1607 1095 cadaveribus
1615 1071 1642 1094 et
1656 1066 1817 1103 pinguedine

1028 1110 1171 1139 humidam
1201 1119 1365 1147 gravemque
1384 1113 1577 1140 emittentibus
1602 1112 1816 1144 exhalationem,

1031 1153 1067 1180 ita
1096 1161 1143 1180 aer
1157 1156 1222 1188 coit,
1255 1155 1376 1189 alioquin
1402 1155 1482 1183 facile
1510 1156 1592 1183 etiam
1613 1155 1758 1183 levissimis
1782 1156 1817 1183 ιι)

1029 1199 1120 1227 causis
1133 1201 1276 1227 mutationi
1306 1201 1450 1228 obnoxius.
1471 1200 1549 1235 Digni
1580 1201 1671 1235 itaque
1696 1200 1815 1227 adrnira-

1030 1245 1102 1271 tione
1113 1244 1226 1272 Coruuti
1238 1245 1310 1272 servi
1328 1253 1335 1271 :
1355 1244 1446 1272 multis
1455 1245 1532 1272 enim
1547 1244 1617 1272 bello
1629 1244 1702 1272 civili
1728 1250 1814 1272 morte

1029 1291 1087 1317 sine
1099 1297 1181 1317 causa
1207 1290 1406 1322 condemnatis,
1431 1290 1568 1324 variisque
1585 1290 1704 1317 caedibus
1715 1297 1814 1325 perpe-

1030 1336 1118 1370 tralis,
1130 1343 1190 1363 cum
1203 1336 1296 1363 herum
1305 1344 1382 1364 suum
1392 1337 1583 1369 occultassent,
1593 1337 1666 1364 aliud
1680 1336 1813 1371 quoddam

1028 1382 1145 1410 cadaver
1161 1382 1195 1410 de
1208 1388 1379 1410 mortuorum
1396 1389 1494 1410 acervo
1507 1388 1647 1417 arreptum
1672 1382 1743 1410 collo
1756 1388 1812 1410 tra-

1027 1427 1133 1460 hentes,
1164 1435 1274 1455 aureum
1303 1428 1431 1455 annulum
1457 1429 1541 1463 digito
1563 1428 1812 1462 accommodantes,

1027 1474 1154 1502 Marianis
1167 1475 1204 1501 ita
1218 1475 1378 1502 satellitibus
1392 1475 1579 1506 ostenderunt,
1604 1480 1630 1502 et
1650 1479 1746 1502 ornato
1766 1474 1811 1502 {u-

1028 1529 1103 1553 ncre,
1120 1522 1198 1556 quasi
1226 1521 1311 1548 herile
1340 1526 1414 1548 esset
1440 1521 1643 1556 sepeliveruut:
1669 1528 1760 1555 neque
1785 1520 1810 1548 id

1027 1567 1169 1601 quisquam
1187 1568 1283 1598 sensit,
1299 1572 1385 1601 eoque
1400 1566 1627 1594 modoCornutus
1646 1566 1714 1594 clam
1728 1573 1811 1601 opera

1028 1620 1165 1640 servorum
1184 1612 1334 1640 inGalliam
1350 1613 1447 1639 evasit.

185 1656 372 1690 κοσμήσαντες
391 1658 428 1688 ὼς
442 1659 545 1685 ἐκεῖνον
568 1660 649 1687 αὐτὸν
673 1660 799 1689 ἔθαπτον.
818 1661 967 1696 ’Υπενόησε
985 1660 1013 1687 δὲ
1026 1658 1122 1691 οὐδεὶς,
1149 1657 1207 1684 ἀλλ’
1230 1657 1300 1684 οὕτω
1331 1657 1420 1684 λαθὼν
1452 1658 1466 1683 ὁ
1489 1656 1658 1692 Κουρνοῦτος
1680 1656 1732 1684 ὑπὸ
1757 1656 1811 1683 τῶν

185 1701 297 1728 οἰκετῶν
310 1704 350 1734 είς
363 1703 495 1740 Γαλατίαν
506 1705 676 1741 διεκομίσθη.

436 1762 488 1789 Ἐκ
505 1763 557 1790 τοῦ
576 1764 711 1798 Ἀράτου.

218 1816 281 1844 Ὀτι
291 1811 313 1834 ’δ
323 1817 337 1844 ὸ
348 1819 475 1853 Ἄρατος,
489 1821 566 1854 φησὶ,
578 1820 710 1856 λαμπρῶς
722 1822 742 1849 ε·
758 1821 973 1857 κατὰἋρισ-είπ-

185 1871 236 1889 που
248 1863 294 1890 τοῦ
311 1865 443 1899 τυράννου
464 1865 512 1893 καὶ
527 1866 597 1893 κατά
609 1867 663 1893 τῶν
677 1867 725 1893 σὺν
739 1867 814 1902 αὐτῷ
845 1868 973 1903 ἀριστεύ-

183 1915 243 1940 σας,
267 1909 394 1941 πεσόντος
407 1911 454 1937 καὶ
470 1911 551 1937 αὑτοῦ
566 1911 613 1938 τοῦ
625 1912 756 1946 τυράννου
791 1913 842 1938 ὑπὸ
865 1913 973 1947 Κρητός

182 1960 252 1983 two,
264 1952 419 1988 Τραγίσκου
429 1954 451 1970 ³⁸
461 1955 588 1989 τοῦνομα,
599 1954 702 1982 καὶτοῦ
714 1955 831 1990 πλήθους
842 1955 970 1991 [1208Β.]

181 1998 236 2024 τῶν
252 1998 337 2027 ἄλλων
354 1999 438 2027 ὄντων
449 2005 501 2036 ,αφ’
519 2002 571 2027 τῶν
585 2002 792 2037 ἀναιρεθέντων,
806 2002 852 2028 καὶ
870 2002 972 2035 μηδένα

182 2045 237 2071 τῶν
263 2046 344 2072 αὐτοῦ
369 2047 543 2082 στρατιωτῶν
560 2048 717 2081 ἀποόαλὼν,
734 2048 808 2083 ὅμως
824 2048 873 2074 οὐκ
892 2048 971 2074 ἔλαϐε

181 2090 212 2116 τὸ
224 2091 324 2126 Ἀργος
358 2092 418 2119 οὐδὲ
441 2092 612 2128 ἠλευθέρωσε
628 2094 690 2125 τοὺς
705 2095 734 2120 ὲν
749 2094 824 2128 αὐτῷ
837 2093 889 2119 τῶν
906 2093 969 2128 περὶ

184 2136 264 2169 Ἀγιν
286 2138 332 2164 καὶ
358 2138 403 2164 τὸν
430 2138 560 2174 νεώτερον
591 2139 785 2175 ’Δριστόμαχον
804 2139 872 2174 μετὰ
888 2139 968 2166 δυνά-

183 2190 255 2217 μεως
269 2182 409 2218 βασιλικῆς
439 2185 677 2219 παρεισπεσόντων
706 2186 753 2211 καὶ
779 2186 968 2220 κατασχόντων

1302 1759 1344 1786 Ex
1363 1759 1441 1786 Arati
1464 1758 1534 1786 Vita.

1058 1819 1140 1845 Arato
1157 1825 1218 1844 cum
1232 1817 1371 1852 Aristippo
1381 1821 1408 1844 et
1428 1817 1559 1845 militibus
1573 1818 1627 1844 acri
1644 1825 1732 1852 pugna
1742 1826 1807 1847 cou-

1024 1864 1172 1899 grediente,
1183 1867 1332 1897 ettyranno
1342 1870 1357 1889 a
1370 1861 1452 1889 Crete
1464 1863 1580 1896 quodam
1588 1863 1698 1890 nomine
1712 1862 1809 1897 Tragi-

1024 1917 1070 1936 sco
1087 1913 1191 1940 necato,
1205 1912 1231 1935 et
1238 1907 1320 1942 399
1327 1907 1456 1934 aamissis
1464 1907 1582 1941 ipsorum
1591 1907 1731 1942 plusquam
1740 1908 1808 1935 1509

1023 1954 1104 1985 viris,
1119 1958 1147 1980 et
1158 1952 1264 1979 nemine
1276 1960 1384 1979 SlIOI'lIm
1400 1952 1511 1985 amisso,
1525 1953 1612 1987 Argos
1621 1958 1711 1980 tatuen
1721 1960 1808 1989 neque

1024 1999 1094 2034 cepit
1112 2006 1198 2033 neque
1212 1997 1347 2025 liberavit.
1364 1997 1429 2033 Agis
1456 1999 1528 2025 enim
1555 2004 1584 2025 et
1600 1999 1807 2027 Aristomachus

1024 2046 1113 2072 minor
1141 2052 1202 2071 cum
1219 2045 1339 2072 exercitu
1356 2045 1429 2079 regio
1443 2045 1598 2080 irruperant
1608 2052 1651 2077 eo,
1671 2050 1698 2072 et
1715 2053 1806 2073 rerum

1022 2094 1183 2125 potestatem
1197 2095 1408 2124 Occupaverant.
1426 2091 1550 2126 Magnam
1571 2091 1681 2126 quidem
1702 2096 1806 2125 partem

1022 2134 1188 2165 cavillorum,
1207 2133 1438 2167 dicteriorumque
1462 2139 1490 2161 et
1509 2134 1665 2161 scurrilium
1687 2135 1806 2161 insccta—

1023 2180 1134 2209 tionem,
1151 2179 1250 2212 quibus
1271 2186 1334 2205 eum
1361 2179 1518 2206 adulatores
1546 2184 1726 2213 tyrannorum
1748 2183 1806 2205 tra—

181 2227 215 2254 τὰ
231 2226 392 2263 πράγματα.
405 2229 442 2256 Τὸ
455 2230 504 2265 μὲν
516 2227 562 2257 οὖν
575 2231 642 2258 πολὺ
660 2231 709 2266 τῆς
725 2231 851 2265 διαϐολῆς
864 2232 910 2257 καὶ
927 2231 970 2258 λό-

1027 2224 1165 2256 ducebant,
1188 2222 1338 2256 reintavit;
1363 2223 1408 2257 qui
1438 2223 1464 2250 in
1486 2223 1600 2257 gratiam
1634 2223 1804 2250 dominorum

180 2281 245 2307 γους
260 2275 306 2301 καὶ
335 2275 490 2310 σκώμματα
505 2277 552 2302 καὶ
567 2276 734 2311 βωμολοχίας
758 2277 902 2311 παρείλετο
916 2277 970 2303 τῶν

180 2318 382 2346 κολακευόντων
405 2321 467 2353 τοὺς
487 2322 646 2356 τυράννους,
661 2322 712 2349 καὶ
724 2322 886 2354 διεξιόντων,
899 2321 970 2348 ὲκεί-

180 2372 235 2395 νοις
259 2364 457 2399 χαριζομένων,
474 2366 512 2398 ὡς
537 2367 584 2394 τοῦ
607 2368 758 2403 στρατηγοῦ
777 2368 830 2394 τῶν
853 2367 969 2403 Ἀχαιῶν

179 2410 372 2446 ἐκταράττοιτο
387 2413 437 2446 μὲν
451 2414 467 2447 ἡ
482 2415 568 2440 κοιλία
582 2415 655 2449 παρὰ
671 2415 720 2447 τὰς
732 2416 753 2431 ¹¹
771 2415 870 2450 μάχας,
885 2415 968 2450 κάρος

178 2455 208 2483 δὲ
225 2458 270 2483 καὶ
302 2458 404 2491 ἴλιγγος
426 2461 599 2493 ’προσπίπτοι
614 2462 635 2476 ²¹
650 2461 708 2496 ἅμα
734 2461 772 2496 τῷ
794 2461 968 2496 παραστῆναι

178 2502 225 2528 τὸν
251 2498 611 2539 σαλπιγκτὴννίῖίζδὲκίιάξας
626 2507 653 2533 δὲ
668 2508 717 2542 τὴν
740 2507 854 2542 δύναμιν
874 2507 919 2533 καὶ
937 2507 967 2533 τὸ

180 2547 303 2583 σύνθημα
336 2543 544 2586 παρεγγυήσας,
573 2553 619 2578 καὶ
638 2552 789 2587 πυθόμενος
818 2552 872 2578 τῶν
900 2554 965 2579 ὑπο-

180 2596 337 2628 στρατηγῶν
358 2598 393 2631 μή
414 2604 456 2629 τις
473 2597 556 2623 αὐτοῦ
568 2598 647 2631 χρεία
659 2597 801 2632 παρόντος,
818 2597 964 2633 βεὸλῆσθτιι

175 2638 232 2673 γὰρ
257 2640 319 2672 τοὺς
345 2642 531 2678 ἀστραγάλους
547 2663 554 2676 ,
583 2642 739 2677 ἀπέρχοιτο,
769 2643 963 2678 καραδοκήσων

1022 2269 1152 2296 dictitare
1168 2268 1300 2300 solebant,
1316 2268 1377 2295 duci
1397 2268 1557 2295 Achaeorum
1579 2273 1700 2302 tempore
1718 2268 1806 2302 praelii

1021 2314 1110 2341 alvum
1139 2314 1309 2345 conturbari,
1326 2313 1485 2348 vertiginem
1496 2318 1524 2340 et
1545 2321 1654 2347 gravem
1679 2321 1805 2349 soporem

1020 2360 1121 2387 oboriri
1149 2359 1325 2394 simulatque
1354 2359 1424 2386 tubrc
1452 2360 1571 2387 sonitum
1606 2360 1802 2388 cxaudivisset.

1021 2406 1113 2440 itaque
1127 2410 1155 2432 ut
1178 2405 1294 2440 primum
1322 2406 1408 2432 aciem
1425 2406 1610 2438 instruxisset,
1625 2409 1653 2433 et
1673 2410 1804 2433 tesseram

1020 2453 1151 2484 dedisset,
1168 2451 1321 2486 percontari
1348 2452 1457 2479 solitum
1478 2452 1662 2484 centuriones,
1688 2456 1715 2479 et
1738 2451 1804 2485 quid

1019 2505 1067 2525 sua
1079 2496 1221 2532 praesentia
1233 2503 1300 2531 opus
1317 2496 1397 2528 foret,
1409 2496 1481 2530 jacta
1493 2496 1547 2530 jam
1567 2497 1644 2530 alea;
1663 2500 1744 2530 atque
1765 2496 1803 2522 ita

1020 2542 1214 2578 digredientem
1245 2549 1325 2576 quam
1361 2542 1531 2576 longissime.
1556 2546 1681 2569 eventum
1708 2548 1803 2575 pugna:

1017 2593 1185 2623 exspectare.
1202 2587 1265 2614 llaec
1280 2587 1387 2622 quidem
1400 2588 1437 2615 ita
1453 2589 1570 2615 obtinuit
1581 2588 1682 2622 opinio,
1699 2591 1728 2615 ut
1743 2587 1803 2622 phi-

1017 2635 1122 2670 losophi
1138 2635 1218 2661 etiam
1233 2634 1259 2661 in
1274 2634 1373 2661 scholis
1390 2633 1541 2669 disputent.
1557 2640 1694 2662 tremorne
1711 2634 1802 2661 cordis

813 2697 931 2725 VARle
958 2691 1158 2724 LECTIONES.

199 2742 235 2782 _“
257 2744 382 2771 σκιπίωνι
409 2746 442 2771 Α,

177 2785 262 2810 χωσαι
278 2787 305 2810 ς.

488 2747 509 2763 ’³
524 2745 719 2773 Μασσαλιῶται
747 2744 783 2776 Β,
806 2742 978 2771 Μασαλαῖται
1003 2742 1037 2779 Α,
1063 2738 1228 2779 Μασαλιῒτμι
1251 2747 1280 2770 ς.

356 2781 376 2795 ¹¹⁵
391 2781 531 2807 ἀνάπλεων
551 2781 582 2808 Β.
622 2781 643 2797 ⁸⁸
662 2780 709 2807 τοῦ
725 2774 844 2807 τοιούτου
865 2779 884 2805 Β
896 2783 919 2805 et
938 2785 1009 2805 corr.
1026 2776 1065 2802 A:
1084 2774 1114 2801 τὸ
1136 2774 1242 2800 τοιοῦτο
1257 2782 1287 2805 ς.

1320 2738 1341 2754 ¹⁶
1356 2736 1617 2773 περιθριγκῶσαιηΑ
1639 2746 1646 2764 :
1674 2744 1803 2772 περιερο·

1326 2772 1412 2808 nam]
1436 2772 1460 2801 ὸ.
1487 2779 1537 2808 xii.
1575 2772 1596 2788 ¹⁸
1609 2773 1660 2807 ὅτι]
1684 2781 1708 2800 c.
1725 2780 1802 2799 xxxx.

178 2807 199 2828 ἰν
211 2807 344 2851 χαμτξρῶς
366 2815 414 2841 καὶ
441 2816 510 2842 κατά
542 2807 580 2847 ς(
611 2817 633 2832 ιο
648 2815 801 2851 Τραγισχον
819 2822 849 2846 ς,
887 2815 908 2829 ιι
926 2813 975 2845 τὰς
987 2812 1048 2840 add.
1065 2809 1096 2836 A.
1135 2809 1158 2825 ²²
1172 2810 1336 2842 προσπίπτοι
1349 2808 1385 2835 B:
1402 2807 1569 2843 προσπίπτει
1591 2817 1620 2840 ς.
1665 2809 1688 2825 ³³
1707 2808 1803 2835 σαλπι-

177 2850 242 2882 κτὴν
255 2856 284 2880 ς.
