4012 6236
455 283 592 352 1455
1600 284 1859 347 ΡΗΟΤΙῙ
1900 286 2014 348 PA’]

2121 287 2406 352 fARCILE
2443 288 2556 352 ΕΡ.
3573 286 3704 351 libb

451 415 506 460 et
534 402 765 461 mutatio
788 401 1006 469 coloris,
1035 411 1092 459 et
1120 401 1226 456 alvi
1254 398 1456 455 solutio
1485 410 1754 468 praesente
1779 400 2014 470 periculo

2127 402 2413 474 πόρρωθεν
2433 401 2495 456 τὸ
2528 400 2966 472 συμϐησόμενον.
3007 399 3194 455 Ταῦτα
3226 400 3337 472 γάρ
3367 398 3540 464 οὕτως
3566 400 3708 472 ῐσχυο

451 501 764 555 timidorum
799 496 891 564 sit,
915 511 984 550 an
1016 493 1280 563 cujusque
1311 491 1649 560 iutemperiei
1695 491 1748 545 in
1799 506 2014 561 corpore

2130 513 2241 560 σεν,
2270 494 2417 549 ὥστε
2455 493 2553 548 καὶ
2603 494 2733 557 τοὺς
2773 492 3096 563 φιλοσόφους
3118 493 3177 545 ἐν
3199 497 3322 556 ταῖς
3365 493 3579 564 σχολαῖς
3609 495 3710 567 ζη-

450 600 504 646 et
526 586 878 658 frigiditatis;
913 583 1138 641 Aratum
1185 584 1332 637 cnim
1374 580 1573 636 bonum
1602 595 1820 650 semper
1837 581 2014 637 ducerr

2125 589 2238 641 τεῖν
2254 586 2304 618 ⁸⁸
2329 587 2418 652 εί,
2448 585 2509 638 τὸ
2538 583 2838 639 πάλλεσθαι
2877 583 2975 656 τὴν
3003 583 3229 655 καρδίαν
3275 585 3370 638 καὶ
3408 584 3467 639 τὸ
3513 587 3711 658 χρῶμα

451 679 720 743 habitum,
745 675 833 731 cui
865 685 1048 730 tamen
1088 687 1154 729 ea
1189 685 1404 741 semper
1453 671 1506 724 in
1563 669 1833 724 obeundis
1882 671 2014 739 peri-

2121 678 2431 750 τρέπεσθαι
2493 679 2538 711 ’⁸
2563 678 2658 733 καὶ
2674 678 2774 748 τὴν
2798 677 3004 732 κοιλίαν
3021 677 3436 750 ἐξυγραίνεσθαι
3463 681 3614 749 παρά
3644 681 3713 734 τὰ

450 772 590 827 culis
636 767 957 825 acciderint.
997 765 1135 834 Quia
1181 765 1406 834 antiqua
1467 762 1550 818 lex
1589 771 1731 826 erat,
1789 774 1856 816 ne
1901 761 2028 830 quis

450 864 594 919 intra
635 876 824 918 muros
879 859 1222 930 sepeliretur,
1288 869 1520 926 eamque
1593 853 1768 925 legem
1829 866 2025 922 magna

447 953 810 1011 comitabatur
840 950 1176 1022 superstitio,
1210 947 1449 1017 Delphos
1489 946 1758 1001 miserunt
1777 958 1841 999 ea
1872 943 1940 998 de
1967 956 2026 996 re

450 1045 786 1102 sciscitatum
825 1041 1104 1114 Pythiam,
1147 1053 1266 1108 quae
1294 1036 1563 1107 permisit.
1600 1035 1668 1091 Et
1699 1044 1812 1090 tum
1837 1033 2024 1090 caeteri

446 1136 652 1202 Achaei,
677 1144 790 1191 tum
812 1149 943 1190 vero
977 1131 1214 1203 Sicyonii
1245 1129 1413 1200 gavisi
1438 1135 1585 1192 sunt,
1617 1135 1934 1195 mutatoque
1965 1125 2023 1180 in

447 1229 798 1285 festivitatem
825 1226 996 1288 luctu,
1026 1223 1272 1280 coronati
1305 1220 1744 1290 albisqueinduti
1778 1218 2022 1274 vestibus

447 1336 644 1392 corpus
681 1320 802 1391 ej‘us
823 1319 1002 1374 statim
1054 1317 1107 1372 in
1145 1315 1335 1369 urbem
1381 1314 1759 1382 deportarunt,
1811 1323 2024 1381 pmanes

445 1413 662 1470 choreis
694 1412 1043 1468 accinentes:
1099 1422 1167 1463 ac
1211 1405 1330 1461 loco
1381 1405 1594 1459 delecto
1643 1402 1734 1473 qui
1783 1401 2024 1458 omnium

444 1507 760 1577 conspectui
806 1512 1038 1576 pateret,
1101 1511 1358 1571 tanquam
1429 1499 1768 1555 conditorem
1829 1507 2022 1551 serva-

446 1605 730 1666 toremque
777 1597 926 1650 urbis
988 1591 1370 1662 sepeliverunt.
1424 1589 1570 1644 Loco
1609 1589 1902 1643 etiamnum
1940 1592 2026 1640 est

448 1703 640 1744 nomen
664 1688 945 1743 Arateum.
982 1685 1230 1742 Mortuus
1275 1695 1359 1740 est
1396 1682 1584 1751 specie
1623 1676 2016 1734 familiaritatis

2126 769 2428 838 φαινόμενα
2447 769 2598 823 δεινά
2621 769 2823 833 δειλίας
2841 770 2989 822 ἐστὶν
3013 769 3046 840 ἢ
3065 769 3404 841 δυσκρασίας
3421 771 3562 834 τινος
3579 773 3711 840 περὶ

2125 858 2187 912 τὸ
2219 859 2379 929 σῶμα
2426 859 2524 913 καὶ
2543 858 2904 931 ψυχρότητοςο
2930 859 3023 914 τὸν
3050 859 3160 932 γὰρ
3215 861 3451 931 Ἄρατον
3489 859 3580 914 ἀεὶ
3611 861 3712 932 μὲν

2125 949 2329 1019 ἀγαθὸν
2369 949 2624 1022 ἡγεῖσθαι
2653 950 2979 1023 στρατηγὸν,
3009 952 3097 1006 ἀεὶ
3124 951 3183 1004 δὲ
3209 951 3385 1006 ταῦτα
3429 950 3710 1022 πάσχοντα

2125 1041 2278 1114 παρὰ
2347 1043 2473 1107 τοὺς
2520 1041 2760 1112 ἀγῶνας.
2813 1043 2936 1097 Ὅτι
2967 1043 3012 1075 ⁸⁸
3067 1042 3232 1113 νόμου
3297 1040 3511 1114 (φησιν)
3557 1041 3710 1104 ὄντος

2124 1135 2353 1205 ἀρχαίου
2405 1135 2613 1208 μηδένα
2666 1133 2966 1189 θάπτεσθαι
3019 1133 3214 1205 τειχῶν
3249 1133 3424 1198 ἐντὸς,
3480 1133 3709 1205 ἰσχυρᾶς

2125 1243 2186 1280 τε
2214 1227 2260 1258 ’⁷
2293 1226 2371 1297 τῷ
2410 1227 2560 1298 νόμῳ
2585 1226 3007 1298 δεισιδαιμονίας
3029 1225 3358 1297 προσούσης,
3389 1225 3644 1296 ἔπεμψαν
3662 1223 3710 1256 ’⁸

2124 1317 2206 1378 εἰς
2261 1315 2501 1384 Δελφοὺς
2562 1317 2702 1387 ὑπὲρ
2749 1315 2954 1371 τούτων
3003 1316 3328 1387 ἐρησόμενοι
3353 1313 3448 1386 τὴν
3478 1314 3706 1369 Πυθίανο

2125 1407 2160 1477 ή
2190 1405 2248 1459 δὲ
2277 1405 2570 1478 ἐπέτρεπε.
2607 1407 2718 1460 Καὶ
2748 1407 2800 1460 οῖ
2816 1423 2874 1460 τε
2909 1406 3115 1477 Ἀχαιοὶ
3166 1405 3406 1468 ἅπαντες
3435 1404 3709 1475 ἡσθησαν,

2126 1497 2226 1551 καὶ
2285 1497 2660 1569 διαφερόντως
2695 1500 2744 1552 οἱ
2775 1496 3083 1564 Σικυώνιοι,
3136 1496 3591 1569 μεταϐαλόντες³⁷
3629 1497 3711 1558 εἰς

2125 1584 2322 1655 ἑορτὴν
2379 1585 2442 1638 τὸ
2504 1584 2740 1654 πένθος,
2809 1586 2972 1650 εὐθὺς
3022 1588 3088 1641 ἐκ
3141 1587 3236 1640 τοῦ
3303 1586 3490 1654 Αἰγίου
3547 1573 3714 1638 ea»

2126 1673 2320 1746 νεκρὸν
2361 1673 2592 1745 Ἀράτου
2626 1676 3067 1748 ἐστεφανωμένοι
3103 1677 3198 1731 καὶ
3231 1675 3712 1748 λευχειμονοῦντες

444 1794 653 1834 veneno
675 1788 731 1833 et
764 1778 922 1846 dolis,
961 1779 1107 1833 caede
1137 1793 1167 1832 a
1190 1776 1463 1831 Taurioue
1515 1779 1851 1844 perpetrata,
1885 1769 2010 1823 Phi-

2122 1767 2228 1820 ύπὺ
2263 1766 2510 1821 παιάνων
2541 1767 2637 1820 καὶ
2664 1768 2840 1839 χορῶν
2872 1771 2951 1832 είς
2979 1771 3076 1842 τὴν
3115 1769 3270 1823 πόλιν
3299 1769 3499 1838 ἀνῆγον
3517 1770 3583 1834 ⁸⁸,
3615 1767 3712 1822 καὶ

443 1871 587 1941 lippo
618 1870 1010 1940 Peloponnesio
1038 1878 1264 1941 tyranno
1283 1867 1549 1931 edicente,
1592 1873 1651 1918 ut
1692 1863 1911 1932 impune
1939 1859 2017 1915 illi

442 1981 561 2034 quae
591 1963 808 2021 fecisset
837 1965 1114 2019 cederent.

2122 1859 2287 1912 τόπον
2336 1856 2647 1930 ἐξελόμενοι
2701 1859 2993 1932 περίοπτον
3025 1901 3039 1926 ,
3086 1861 3275 1932 ὥσπερ
3329 1861 3574 1932 οίκιστὴν
3614 1861 3712 1914 καὶ

2127 1949 2350 2020 σωτῆρα
2386 1949 2485 2019 τῆς
2521 1950 2729 2015 πόλεως
2787 1953 3108 2023 ἐκήδευσαν·
3134 1953 3228 2007 καὶ
3270 1952 3512 2006 καλεῖται
3546 1951 3710 2021 μέχρι

441 2057 536 2112 νῦν
596 2057 896 2131 Ἀράτειον.
928 2056 992 2110 Ἦ
1017 2055 1074 2110 δὲ
1098 2053 1322 2124 τελευτὴ
1349 2051 1497 2124 αὐτῷ
1529 2052 1586 2104 ἐν
1643 2045 2047 2120 φιλοφροσύνης
2085 2044 2327 2115 σχήματι
2381 2043 2660 2114 φαρμάκῳ
2714 2044 2812 2098 καὶ
2883 2046 3022 2117 δόλῳ
3081 2047 3274 2117 γέγονε
3305 2086 3322 2111 ,
3398 2045 3709 2119 Ταυρίωνος

445 2151 544 2224 μὲν
603 2151 698 2204 τοῦ
775 2145 1083 2221 στρατηγοῦ
1144 2145 1639 2217 ὑπηρετησαμένου
1704 2140 1784 2213 τῷ
1845 2141 2014 2210 φόνῳ,
2090 2136 2358 2190 Φιλίππου
2413 2135 2472 2190 δὲ
2529 2135 2626 2191 τοῦ
2701 2137 3134 2210 Πελοποννησίου
3201 2139 3466 2210 τυράννου
3499 2177 3516 2204 ,
3632 2136 3710 2195 ὡς

439 2245 622 2300 ἄδειαν
648 2241 759 2313 ἐχοι
783 2241 1043 2315 πράττειν
1065 2237 1101 2292 ἃ
1127 2238 1368 2310 βούλοιτο
1393 2238 1504 2294 τῶν
1534 2235 1846 2305 ἐκθέσμων,
1888 2229 2317 2303 προστάξαντος.

1010 2333 1096 2387 Ea:
1123 2332 1454 2386 Artaxerxis.

509 2429 681 2486 Mater
725 2427 1048 2483 Artaxerxis
1083 2426 1184 2480 fuit
1221 2424 1527 2495 Parysatis,
1561 2420 1734 2476 solers
1761 2431 1894 2474 sane
1924 2415 2008 2470 fe-

441 2523 608 2587 mina,
640 2532 694 2577 et
726 2520 940 2575 taxillos
968 2519 1150 2589 jacere
1177 2533 1282 2571 non
1319 2515 1556 2570 indocta.
1595 2512 1767 2568 Metus
1789 2521 2017 2582 tyranno

439 2613 688 2670 stimulus
715 2612 780 2667 ad
805 2610 1004 2667 eadem
1035 2607 1336 2663 acerrimus
1354 2644 1369 2660 .

646 2791 842 2865 399!)
896 2791 980 2845 Ea:
1011 2790 1178 2861 Agide
1211 2787 1321 2860 (76)
1353 2785 1466 2860 [Ex
1485 2782 1808 2858 Cleomene].

509 2884 812 2955 Antigonus
835 2881 1162 2936 Macedonia:
1185 2895 1278 2936 rex
1302 2888 1528 2936 vocatus
1563 2879 1628 2932 ad
1657 2877 1920 2935 auxilium
1947 2876 2017 2931 ab

2545 2325 2638 2377 Ἐκ
2664 2322 2770 2376 τοῦ
2807 2322 3195 2392 Ἀρτοξέρξου
3211 2322 3285 2376 .³¹.

2199 2413 2320 2468 Ὀτι
2351 2415 2453 2485 ³⁸ή
2499 2413 2594 2467 τοῦ
2636 2415 2988 2485 Ἀρτοξέρξου
3032 2415 3214 2484 μήτηρ
3270 2409 3583 2483 Παρύσατις
3614 2411 3680 2465 Ou

2129 2504 2361 2575 μόσοφος
2392 2501 2460 2576 ἦν
2485 2505 2644 2576 γυνὴ,
2667 2505 2760 2557 καὶ
2785 2504 2934 2576 δεινὴ
2966 2504 3146 2577 (φησὶ)
3191 2504 3464 2559 κυϐεύειν.
3497 2505 3621 2558 Ὅτι
3662 2504 3706 2536 ³⁸

2125 2599 2160 2668 ή
2192 2596 2362 2651 δειλία
2414 2598 2571 2670 (φησὶ
2597 2597 2664 2669 ³⁸)
2698 2597 3064 2668 φονικώτατόν
3095 2600 3243 2652 ἐστιν
3287 2599 3344 2651 ἐν
3369 2598 3488 2662 ταῖς
3509 2614 3705 2670 τυραν-

2125 2688 2284 2742 νίσιν.

2655 2781 2756 2837 Ἐκ
2783 2782 2890 2836 τοῦ
2929 2780 3177 2850 Ἀγιδος.

2193 2875 2316 2927 Ὀτι
2339 2873 2386 2906 ⁸⁸
2423 2871 2724 2942 ’Δντίγονος
2763 2875 2969 2944 (φησὶν)
2993 2875 3018 2926 ό
3047 2873 3384 2939 Μακεδονίας
3418 2875 3698 2946 βασιλεὺς,

363 2982 376 2994 ’
437 2973 650 3030 Aclucis
711 2981 899 3028 contra
947 2971 1331 3035 Cleomenem,
1402 2984 1578 3038 pugna
1634 2969 1909 3038 superavit
1963 2976 2014 3022 et

2121 2964 2599 3036 ἐπικαλεσαμένων
2646 2964 2774 3037 [652
2813 2964 2904 3038 H.j
2956 2965 3122 3020 αὐτὸν
3163 2967 3254 3020 ἐπὶ
3279 2965 3531 3038 βοήθειαν
3560 2972 3702 3023 κατὰ

438 3064 644 3131 fugavit
667 3061 1034 3127 Cleomenem,
1065 3067 1121 3114 et
1148 3075 1274 3114 cum
1301 3066 1448 3114 esset
1487 3055 1876 3112 Lacedaemone
1915 3073 2014 3127 po-

2114 3057 2456 3128 Κλεομένους
2496 3056 2754 3128 Ἀχαιῶν,
2799 3057 2946 3128 μάχῃ
2997 3055 3238 3126 ἐνίκησε,
3275 3059 3368 3111 καί
3417 3057 3475 3122 ἐξ
3509 3059 3702 3127 ἐφόδου

441 3159 589 3218 titus,
672 3151 983 3208 humaniter
1056 3151 1204 3205 cives
1277 3149 1549 3214 tractavit,
1595 3148 2014 3219 dignitatemque

2122 3149 2384 3218 φυγόντος
2405 3149 2748 3221 Κλεομένους
2772 3149 2872 3219 τὴν
2906 3147 3061 3202 πόλιν
3087 3149 3443 3218 παραλαΰὼν,
3469 3152 3561 3203 καὶ⁵
3591 3154 3702 3214 τοῖς

439 3244 647 3317 Spartae
684 3244 833 3298 nullo
853 3242 1012 3298 modo
1040 3241 1399 3308 conculcavit,
1432 3253 1524 3298 aut
1549 3242 1784 3298 ludibrio
1804 3243 2016 3308 habuit,

435 3337 530 3394 sed
561 3337 708 3405 leges
737 3349 963 3403 remque
986 3333 1253 3404 publicam
1291 3331 1576 3404 Spartanis
1602 3335 1855 3400 reddidit,
1882 3341 1937 3391 et
1963 3336 2015 3390 in

437 3427 799 3483 Macedoniam
853 3426 1011 3480 tertio
1045 3426 1133 3480 dic
1189 3425 1462 3492 discessit,
1497 3427 1642 3496 quod
1692 3441 1812 3482 eam
1870 3426 2016 3483 hello

437 3525 628 3575 ardere
655 3527 818 3588 atque
848 3533 879 3573 a
953 3517 1205 3574 barbaris
1236 3519 1434 3573 vastari
1477 3519 1854 3575 inaudivisset.
1893 3517 2013 3574 1am

435 3622 490 3666 et
516 3611 732 3666 morbus
764 3610 934 3680 ipsum
958 3619 1344 3680 occupaverat,
1371 3611 1422 3665 in
1451 3612 1710 3682 phthisim
1728 3613 2015 3667 vehemen-

437 3715 540 3757 tem
569 3716 822 3772 vergens,
854 3699 1234 3770 deﬂuxutnque
1289 3717 1356 3756 ex
1395 3702 1575 3772 capite
1617 3703 2012 3760 continentem.

437 3794 550 3848 Non
581 3805 761 3850 tamen
789 3793 838 3848 ei
870 3793 1180 3859 succubuit,
1208 3794 1303 3849 sed
1355 3795 1432 3849 ita
1462 3795 1519 3848 in
1570 3797 1873 3852 certamine
1915 3812 2013 3867 pro

435 3901 600 3955 regno
639 3900 738 3940 suo
769 3885 1106 3954 perduravit,
1156 3894 1217 3940 ut
1272 3887 1509 3940 maxima
1545 3897 1707 3955 parta
1757 3888 2011 3954 victoria,

432 3977 746 4047 ingentique
793 3976 1145 4031 barbarorum
1190 3976 1337 4030 caede
1385 3987 1627 4046 peracta,
1657 3978 1847 4049 majori
1889 3994 2013 4035 cum

434 4069 602 4138 gloria
628 4078 859 4123 mortem
903 4069 1102 4124 obiret.
1149 4067 1476 4126 Philarchtts
1536 4072 1728 4128 scribit
1787 4088 1909 4128 eum
1957 4074 2011 4130 in

431 4158 548 4226 ipso
575 4158 764 4228 proelio
793 4157 1176 4214 vociferatione
1205 4173 1401 4230 corpus
1435 4161 1646 4232 rupisse
1671 4178 1686 4229 ;
1715 4164 1857 4233 quod
1887 4179 2014 4220 vero

436 4264 543 4303 non
573 4259 656 4304 est
689 4248 976 4305 dissimile.
1029 4247 1087 4303 lu
1141 4248 1682 4308 confabulationibus
1732 4254 2012 4311 hominum

430 4339 726 4408 ferebatur,
749 4355 870 4396 eum
889 4350 1007 4412 post
1023 4340 1274 4412 prtelium
1302 4341 1628 4400 clamantem
1659 4359 1770 4415 prae
1795 4348 2011 4416 gaudio,

429 4429 478 4486 Ο
531 4433 808 4503 pulchrum
861 4434 1021 4499 diem,
1083 4434 1309 4489 multum
1358 4436 1640 4507 sanguinis
1685 4441 2004 4508 exspuisse,

430 4535 699 4595 acutaquc
730 4525 866 4582 febri
921 4527 1246 4583 decessisse.

502 4614 638 4669 Cum
669 4615 988 4671 Cleomenes
1011 4618 1078 4671 ab
1106 4617 1379 4687 Antigono
1425 4627 1712 4689 superatus
1741 4619 1797 4674 in
1832 4619 2004 4691 Egy-

427 4717 575 4778 ptum
604 4708 948 4780 profugisset,
980 4709 1134 4765 initio
1154 4724 1184 4764 a
1206 4725 1332 4781 rege
1348 4727 1544 4784 magno
1561 4713 1768 4768 honore
1780 4711 2005 4770 allectus

426 4806 529 4852 est.
565 4796 772 4852 Deinde
801 4797 942 4853 haud
972 4797 1132 4868 longo
1163 4810 1284 4870 post
1328 4808 1574 4872 tempore
1610 4802 1732 4857 sine
1774 4802 2000 4871 injuria,

429 4893 652 4955 propter
681 4885 923 4956 iniquam
977 4890 1386 4957 suspectionem
1453 4897 1510 4944 et
1562 4888 2001 4946 malevolentiam

429 4986 829 5045 accusatorum,
853 4977 1141 5034 deficiente
1167 4994 1294 5050 erga
1324 4994 1448 5035 eum
1471 4979 1690 5048 affectu,
1717 4981 1998 5050 conjectus

425 5076 510 5121 est
535 5082 568 5121 a
603 5082 729 5138 rege
764 5068 820 5123 in
867 5079 1167 5133 carcerem,
1200 5069 1268 5122 ad
1313 5078 1545 5124 mortem
1584 5069 1866 5138 qumsitus.
1903 5067 2000 5126 Ille

427 5172 558 5216 vero
583 5173 707 5216 cum
729 5160 851 5218 aliis
905 5159 1178 5216 sexdecim
1215 5158 1379 5216 sociis
1422 5175 1547 5217 cum
1595 5161 1794 5232 gladiis
1841 5162 2002 5217 domo

2118 3240 2568 3312 Λακεδαιμονίοις
2629 3238 3026 3312 φιλανθρώπως
3074 3242 3444 3311 χρησάμενος,
3498 3243 3592 3297 καὶ
3637 3244 3703 3296 τὺ

2115 3333 2332 3404 ἀξίωμα
2365 3333 2465 3404 τῆς
2516 3333 2773 3405 Σπάρτης
2809 3333 2870 3386 ού
2901 3333 3322 3404 προπηλακίσας
3343 3336 3451 3389 οὐδ’
3485 3338 3701 3407 ἐνυϐρί-

2117 3442 2237 3493 σας,
2275 3424 2413 3480 am
2444 3425 2542 3478 καὶ
2570 3425 2766 3495 νόμους
2799 3425 2892 3479 καὶ
2923 3424 3197 3479 πολιτείαν
3219 3427 3471 3491 ἀποδοὺς,
3497 3427 3701 3498 ἀνεχώ-

2119 3535 2283 3588 ρησεν
2314 3519 2394 3581 είς
2421 3515 2759 3571 Μακεδονίαν
2813 3515 2998 3588 ήμέρᾳ
3041 3517 3222 3588 τρίτῃ,
3267 3517 3520 3588 πολέμων
3549 3521 3701 3590 αὐτῷ

2115 3609 2359 3680 φυέντων
2411 3611 2589 3663 ἐκεῖσε
2643 3609 2740 3663 καὶ
2792 3613 3051 3680 παρεῖναι
3080 3609 3441 3681 βιαζομένων.
3471 3614 3613 3686 Ίιδη
3641 3615 3700 3668 δὲ

2115 3701 2210 3754 καὶ
2251 3699 2312 3754 τὸ
2361 3699 2576 3769 νόσημα
2618 3700 2864 3769 κατεῖχεν
2899 3699 3082 3766 αὑτὸν,
3117 3701 3197 3764 είς
3229 3701 3412 3771 φθίσιν
3458 3703 3698 3774 ἐκϐεϐη-

2115 3791 2211 3854 κὸς
2240 3791 2282 3822 ⁸⁷
2322 3791 2549 3862 ἰσχυρὰν
2601 3791 2695 3844 καλ⁹
2751 3791 3060 3862 κατάρρουν
3108 3795 3402 3848 συντεῖνον.
3463 3796 3538 3848 Οὐ
3587 3797 3699 3868 μήν

2114 3884 2371 3949 ἀπεῖπεν,
2406 3881 2519 3935 ἀλλ’
2541 3882 2844 3954 ἀντήρκεσε
2878 3883 3013 3954 πρδς
3039 3883 3165 3949 τοὺς
3193 3887 3426 3952 οἰκείους
3453 3887 3694 3957 ἀγῶνας,

2113 3975 2239 4029 ὅσον
2268 3975 2362 4030 ἐπὶ
2382 3973 2506 4046 νίκῃ
2540 3974 2774 4046 μεγίστῃ
2826 3975 2921 4029 καὶ
2972 3975 3117 4048 φόνῳ
3163 3977 3397 4050 πλείστῳ
3422 3978 3532 4033 τῶν
3563 3980 3696 4050 βαρο

2117 4063 2300 4138 βάρων
2323 4064 2709 4136 εὐκλεέστερος
2766 4066 3081 4131 ἀποθανεῖν,
3142 4067 3217 4133 ὡς
3252 4070 3351 4141 μὲν
3396 4073 3543 4136 εἰκός
3578 4076 3695 4126 ἐστι

2114 4157 2209 4209 καί
2227 4156 2477 4224 λέγουσιν
2532 4157 2582 4208 oi
2639 4155 2768 4228 περὶ
2797 4157 3100 4230 Φύλαρχον,
3144 4161 3282 4232 αὐτῇ
3327 4163 3393 4232 τῇ
3419 4165 3547 4233 περὶ
3600 4163 3695 4218 τόν

2115 4251 2303 4320 ἀγῶνα
2330 4252 2544 4322 κραυγῇ
2567 4251 2629 4303 τὸ
2661 4248 2821 4320 σῶμα
2863 4251 3350 4324 προσαναρρήξας·
3401 4255 3459 4306 ἐν
3491 4255 3545 4307 δὲ
3575 4258 3694 4319 ταῖς

2119 4343 2336 4414 σχολαῖς
2364 4339 2432 4414 ἦν
2457 4342 2674 4396 ἀκούειν
2728 4342 2812 4396 ὅτι
2871 4341 3010 4412 βοῶν
3067 4343 3207 4414 μετά
3264 4344 3360 4415 τὴν
3403 4343 3558 4415 νίκην
3588 4346 3694 4399 ὑπὸ

2116 4434 2293 4504 χαρᾶς
2313 4449 2327 4463 ’
2357 4435 2428 4489 Ὦ
2455 4432 2649 4500 καλῆς
2671 4432 2919 4502 ἡμέρας,
2950 4433 3149 4504 πλῆθος
3171 4434 3402 4504 αἳματος
3427 4435 3691 4508 ἀνήγαγε,

2035 4503 2081 4558 D
2112 4524 2208 4578 καὶ
2241 4523 2481 4594 πυρέξας
2507 4521 2552 4555 ³⁸
2580 4524 2844 4585 συντόνως
2875 4521 3244 4594 ἐτελεύτησεν.

2185 4613 2467 4688 [12091ἶ.]
2498 4613 2623 4668 Ὅτι
2663 4613 2707 4646 ³⁹
2760 4613 3097 4684 Κλεομένους
3143 4613 3408 4686 Αἰγύπτῳ
3449 4631 3681 4688 προσπε-

2113 4706 2375 4775 φευγότος
2406 4704 2544 4775 μετὰ
2577 4704 2674 4777 τὴν
2725 4705 2817 4758 ὑπ’
2865 4705 3173 4774 Ἀντιγόνου
3220 4701 3416 4779 ἧτταν,
3473 4709 3542 4761 τά
3595 4709 3692 4779 μὲν

2115 4796 2310 4866 πρῶτα
2332 4799 2360 4850 ὁ
2393 4795 2648 4868 βασιλεὺς
2687 4796 2965 4867 Αἰγύπτου
3021 4799 3080 4851 ἐν
3111 4801 3243 4872 τιμῇ
3287 4800 3382 4852 καὶ
3409 4799 3690 4867 δεξιώσεσι

2113 4892 2368 4961 περιεῖπε
2413 4888 2506 4943 τὸν
2555 4887 2746 4960 ἄνδρα,
2805 4891 2922 4960 μετ’
2983 4889 3045 4944 ού
3100 4891 3236 4943 πολὺ
3285 4890 3343 4944 δὲ
3383 4891 3547 4963 μηδὲν
3579 4891 3689 4945 ἀδιο

2113 4980 2317 5034 κοῦντα
2346 5019 2362 5046 ,
2385 4979 2446 5043 ἐξ
2476 4977 2722 5048 ὑποψιῶν
2751 4979 2963 5047 ἀλόγων
2990 4975 3489 5054 κα).”συκοφαντιιῦν
3514 4981 3558 5012 ⁸⁸
3589 4997 3687 5033 κα-

2109 5070 2361 5143 κούργων
2392 5067 2894 5140 ὐπορρυῖσκόμενος
2914 5063 3011 5140 τῆς
3033 5055 3348 5143 ’περίλαύτὸν
3376 5069 3688 5135 διαθέσεως,

2112 5163 2170 5216 ἐν
2201 5162 2414 5232 φρουρᾷ
2467 5160 2714 5229 κατεῖχεν
2766 5159 3009 5232 ἀδέσμῳ,
3063 5143 3305 5231 μελετῶν
3357 5162 3478 5214 κατ’
3524 5161 3688 5214 αύτοῦ

1735 5250 1970 5310 VARI/ﬁ
2008 5251 2419 5309 LECTIONES.

500 5346 546 5381 ot
575 5346 758 5417 ξητβῖν
805 5343 851 5417 ᾼ
889 5357 906 5397 :
953 5342 1251 5417 ζητοῦντας
1275 5363 1347 5417 ς.
1389 5414 1401 5417 _
1439 5345 1494 5417 _"
1529 5344 1827 5417 τρέπεσθαι
1855 5346 1900 5397 Α
1924 5362 1955 5417 Δξ

427 5421 462 5468 Α
593 5417 639 5448 ⁸⁸
661 5415 906 5486 επεμψεν
933 5433 994 5482 ς.

1991 5344 2278 5414 φαίνεσθαι
2327 5345 2690 5417 ἠλλοιωμένον
2728 5362 2796 5417 νς.

1095 5415 1142 5447 ”
1174 5414 1576 5484 μεταϐαλόντεέ
1609 5414 1676 5469 B:
1729 5415 2157 5483 μετασάλλοντες
2202 5434 2262 5484 ςο

2915 5343 2960 5374 ’⁸
2990 5339 3094 5406 ὅτι]
3117 5355 3162 5395 c.
3192 5357 3310 5397 LIII.
3416 5345 3460 5375 "
3492 5360 3548 5396 τε
3581 5359 3687 5398 om.

2367 5417 2412 5446 ³⁰
2441 5411 2542 5470 τόν
2563 5417 2600 5468 Α
2628 5433 2644 5471 :
2679 5416 2739 5468 τό
2765 5432 2826 5479 ς.
2928 5412 2970 5444 ³³
3021 5411 3223 5480 ἀνῆγον
3270 5415 3314 5467 Α
3341 5432 3356 5468 2
3392 5415 3592 5484 ἀνῆρον
3625 5430 3688 5477 ς.

423 5488 469 5517 ι’
515 5484 864 5558 Ἀρταξέρξου
892 5503 955 5550 ς.
1028 5485 1074 5558 ’ξ
1101 5484 1205 5551 ὅτι]
1234 5501 1286 5558 c.
1318 5501 1454 5558 xv".
1515 5486 1698 5558 “ﬁt”
1728 5501 1776 5539 c.
1805 5501 1943 5558 xxv.
1978 5485 2048 5558 η³⁸
2080 5488 2210 5554 φησί
2241 5501 2351 5539 om.
2388 5489 2454 5540 A.
2533 5493 2577 5528 ³⁵
2607 5488 2713 5554 ὅτι]
2743 5487 3020 5558 Cleomen.
3047 5499 3099 5538 c.
3122 5499 3249 5538 xxx.
3325 5484 3369 5518 ³⁷
3391 5484 3687 5554 ἐκὸεὸηκός

426 5558 467 5610 Α
492 5576 503 5609 :
533 5554 870 5626 ἐμϐεϐληκός
893 5574 954 5620 ς.
1031 5556 1075 5594 ³⁸
1107 5556 1368 5629 πυρέξας]
1394 5557 1505 5628 πῦρ
1537 5554 1738 5626 ἐξάψας
1765 5559 1829 5610 A.
1907 5556 1951 5588 ³³
1972 5556 2076 5624 ὅτι]
2103 5571 2154 5610 c.
2190 5571 2359 5610 xxx".

2465 5558 2512 5589 ⁸ο
2543 5555 2890 5628 συκοφαντῶν
2919 5571 2980 5618 ς.

1924 5651 2150 5707 NOTAE.

1924 5651 2063 5707 NOT
2137 5693 2150 5705 .

498 5741 609 5814 (76)
636 5742 711 5798 Ex
745 5744 908 5814 Agide
938 5743 1215 5804 Plutarchi
1261 5746 1392 5803 nihil
1431 5746 1706 5817 excerpsit
1742 5743 1991 5801 Photius.
2030 5651 2179 5815 (fuit
2217 5743 2552 5817 Rothomug.)
