4012 6236
434 267 574 332 1159
1585 262 1841 340 ΡΗΟΤΙΙ
1869 253 2376 331 ΡΑΤΒΙΑΒΟΗΓΕ
2404 252 2511 311 CP.
3539 234 3678 302 1460

434 388 492 440 in
525 384 762 440 stadium
790 379 1128 437 deciderunt.
1160 377 1330 450 Cujus
1359 377 1438 440 rei
1468 377 1690 449 quidem
1726 391 1890 432 causa
1921 381 2004 430 est

2109 369 2269 439 ἀέρος
2319 364 2508 435 ῥῆξιςο
2547 360 2675 414 ὅταν
2713 356 2823 450 γὰρ
2931 351 3083 450 φωνὴ
3340 350 3680 450 καὶιμεγάλέη

436 477 582 532 aeris
609 475 905 546 perruptio.
934 471 1074 528 Nam
1102 484 1202 526 vox
1231 447 1357 526 cum
1393 484 1588 540 magna
1629 449 1800 538 atque
1833 467 2004 522 multa

2111 449 2366 531 φέρηται,
2394 450 2772 522 διασπώμενος
2795 446 2886 501 ὑπ’
2921 445 3091 514 αὐτῆς
3118 442 3217 497 οὐκ
3251 439 3543 510 ἀντερείδει
3567 442 3680 505 τοῖς

435 568 682 633 eﬂertur,
735 581 801 620 ea
831 563 1076 634 divulsus
1126 576 1244 634 aer,
1297 561 1545 617 volantes
1597 575 1702 616 non
1743 559 2002 622 sustinet,

436 660 678 728 facitque
699 666 760 713 ut
777 670 905 712 aves
931 655 1005 722 ita
1024 663 1189 730 atque
1208 654 1252 712 si
1280 655 1332 711 lu
1359 667 1529 730 vacuo
1557 653 1668 708 sint
1703 652 1844 716 loco,
1865 648 2008 703 dela-

436 753 658 819 bantur,
714 749 818 806 nisi
856 748 1038 819 potius
1088 747 1201 804 ictu
1255 758 1366 800 tum
1412 746 1650 816 quodam
1696 743 1842 808 aeris
1875 755 2004 795 aves

439 843 600 899 veluti
616 844 814 914 sagitta
838 839 1137 907 transﬁxae,
1157 839 1511 894 deturbentur
1537 846 1700 908 atque
1731 834 2001 892 decidant.

434 933 624 991 Potest
651 943 708 990 et
739 933 805 990 ad
840 932 987 988 aeris
1031 929 1297 992 vorticem
1352 943 1446 985 seu
1476 925 1768 997 procellam
1815 931 2002 977 trans-

433 1026 567 1082 ferri
599 1045 612 1081 :
667 1040 794 1083 cum
839 1025 1012 1082 maris
1056 1023 1146 1078 ille
1177 1022 1372 1096 instar,
1405 1019 1602 1092 40οό
1651 1016 1720 1073 ob
1746 1013 2003 1070 clamoris

435 1117 864 1190 magnitudinem
897 1115 1227 1187 invol‘vatur,
1266 1123 1591 1180 rursumque
1633 1122 1756 1163 cum
1798 1106 2000 1174 impetu

433 1223 553 1264 sese
581 1207 834 1278 explicet.
877 1206 1145 1276 Caeterum
1196 1202 1505 1272 Quinctius,
1556 1199 1658 1254 nisi
1719 1195 2004 1253 celerrime

433 1297 672 1364 dimissis
709 1297 849 1354 ludis
905 1296 1162 1366 impetum
1202 1303 1257 1349 et
1316 1306 1642 1348 concursum
1686 1287 1870 1359 populi
1909 1285 2006 1340 de-

2111 549 2450 621 πετομένοις,
2499 544 2616 600 ἀλλ’
2661 541 2932 610 ὀλίσθημα
2956 539 3102 590 ποιεῖ
3129 535 3380 605 καθάπερ
3409 532 3679 605 κενεμϐα·

2108 641 2315 706 τοῦσιν,
2349 637 2499 709 εἰμὴ
2523 635 2588 708 νὴ
2638 633 2736 688 Δία
2780 632 2964 705 πληγῇ
2999 646 3104 682 τινι
3150 628 3198 661 δ’
3242 626 3442 697 μᾶλλον
3471 626 3545 688 ὡς
3575 625 3683 678 ὑπὸ

2111 735 2296 807 βέλους
2319 729 2710 799 διελαυνόμενα.
2735 724 2920 778 πίπτει
2949 722 3043 776 καὶ
3063 717 3416 790 ἀποθνήσκει.
3448 717 3682 771 Δύναται

2101 805 2158 881 δὲ
2195 824 2291 880 καὶ
2323 821 2663 893 περιδίνησις
2720 811 2862 872 εῖναι
2917 814 3010 867 τοῦ
3049 812 3209 882 ἀέρος
3239 805 3349 864 οἷον
3379 809 3600 880 ἑλιγμὸν
3623 809 3682 861 ἐν

2101 918 2328 988 πελάγει
2348 917 2443 972 καὶ⁸
2469 915 2630 971 πάλιν
2664 911 2847 983 ῥύμην
2893 909 2986 962 διὰ
3033 905 3262 978 μέγεθος
3296 904 3573 968 λαῦόντος.
3618 904 3679 957 Ὀ

2099 1011 2145 1065 δ’
2194 1011 2287 1066 οὖν
2343 1009 2502 1071 Τίτος
2547 1007 2596 1059 εί
2630 1004 2705 1076 μὴ
2749 1001 2981 1073 τάχιστα
3024 998 3126 1068 τῆς
3173 997 3301 1061 θέας
3335 995 3680 1066 διαλυθείσης

2100 1102 2453 1171 ὑπειδόμενος
2479 1098 2582 1169 τὴν
2617 1095 2790 1167 φοράν
2815 1093 2863 1126 ⁵⁸
2892 1090 2986 1145 τοῦ
3032 1089 3274 1162 πλήθους
3311 1088 3407 1150 καὶ
3433 1088 3522 1142 τὸν
3554 1088 3680 1159 δρό-

2114 1211 2213 1264 μον
2243 1192 2540 1256 ἐξέκλινεν,
2563 1188 2664 1241 οὐκ
2692 1184 2759 1240 ἂν
2787 1183 2964 1238 ἐδόκει
2991 1179 3379 1252 περιγενέσθαι
3405 1179 3681 1234 τοσούτων

2110 1282 2260 1352 αύτῷ
2291 1277 2714 1354 περιχεομένων.

432 1361 708 1468 clinasset,
775 1389 919 1444 baud
981 1361 1237 1459 profecto
1283 1386 1493 1443 salvum
1568 1382 1807 1455 potuisse
1879 1379 2112 1434 evadere
2182 1375 2559 1439 crediderunt,
2637 1380 2748 1426 tam
2816 1366 3002 1424 multis
3056 1361 3216 1422 simul
3262 1361 3500 1434 undique
3535 1362 3583 1416 ei
3622 1374 3684 1416 se

431 1479 1010 1542 circumfundentibus.

501 1573 822 1641 Plutarchus
857 1574 1000 1628 sicut
1027 1575 1080 1628 in
1109 1575 1211 1629 bac
1248 1572 1509 1638 Quinctii,
1549 1579 1603 1625 et
1635 1569 1689 1624 in
1719 1567 1841 1624 aliis
1878 1565 2006 1621 vitis

431 1666 744 1734 compositis
771 1667 868 1730 ait,
896 1665 1128 1723 Neronis
1173 1661 1444 1737 [Traiani]
1479 1672 1600 1719 erat
1647 1657 2004 1730 temporibus.

1078 1754 1207 1811 CCX
1221 1754 1352 1808 LVI.

431 1846 516 1911 Ea:
539 1847 791 1904 Aristidis
832 1846 1086 1900 Oratione
1130 1846 1550 1916 Panathenaico,
1588 1861 1706 1916 qua:
1740 1855 1817 1899 est
1849 1844 2004 1916 Allie-

968 1933 1152 1970 narum
1191 1915 1450 1969 laudatio.
1602 1913 1610 1916 ’
1948 1913 1952 1916 ’

499 2007 627 2077 Legi
640 2008 896 2064 Aristidis
907 2007 1354 2063 Panathenaicam
1373 2007 1701 2073 Orationem,
1719 2005 2002 2061 verborum

428 2113 492 2155 ac
525 2101 804 2166 nominum
834 2099 1272 2170 explanationem
1351 2098 1901 2169 comprehendentem
1951 2104 2006 2151 et

431 2191 798 2270 periodorum,
818 2189 980 2265 etiam
998 2203 1193 2246 sensus
1207 2198 1495 2260 potestate,
1515 2199 1567 2243 et
1583 2196 1781 2243 ornatu
1807 2201 2008 2259 praepa-

431 2291 570 2340 rato.
623 2279 794 2337 Terra
832 2281 1050 2349 quidem
1102 2280 1168 2333 ad
1219 2293 1382 2334 omne
1436 2279 1577 2334 fetus
1596 2294 1769 2351 genus
1796 2279 2006 2333 fuitin-

432 2378 662 2426 strncta.
693 2367 818 2424 Haec
833 2377 1014 2424 autem
1037 2366 1298 2444 beneficia
1315 2380 1439 2421 cum
1467 2381 1494 2419 a
1515 2366 1616 2421 diis
1647 2365 2002 2435 accepissent,

431 2464 506 2519 ita
523 2468 804 2531 coeperunt
819 2475 1006 2516 eorum
1022 2468 1274 2515 auctores
1291 2457 1517 2525 imitari,
1536 2465 1596 2512 ut
1617 2457 1738 2512 aliis
1761 2456 1863 2528 ipsi
1889 2455 2007 2510 loco

430 2554 656 2606 deorum
684 2549 908 2616 fuerint,
955 2557 1012 2604 et
1052 2548 1155 2602 hac
1183 2550 1417 2614 primum
1466 2547 1679 2603 ratione
1713 2547 1905 2615 dignos
1947 2561 2006 2602 se

430 2643 590 2699 donis
624 2643 742 2697 istis
800 2655 924 2697 esse
973 2640 1469 2712 comprobaverint,
1527 2638 1672 2710 quod
1731 2638 1799 2694 iis
1857 2647 2008 2693 recte

433 2734 634 2807 fuerint
657 2733 766 2790 nsi.
787 2733 900 2790 Nec
924 2733 1068 2788 enim
1091 2731 1177 2787 vel
1201 2731 1302 2788 sub
1325 2741 1525 2788 terram
1555 2730 2007 2788 existimaverunt

431 2825 777 2897 defodienda,
815 2825 902 2882 vel
946 2825 1082 2881 alios
1127 2824 1232 2880 sibi
1290 2816 1526 2895 aequales
1576 2837 1843 2880 evasuros
1885 2837 2008 2878 esse

434 2921 772 2975 timuerunt:
807 2916 904 2974 sed
935 2918 1010 2972 ita
1055 2915 1275 2971 demum
1319 2930 1398 2982 se,
1453 2923 1715 2983 quantum
1776 2912 2008 2983 reliquis

433 3019 776 3080 praastarent,
835 3023 996 3078 posse
1049 3009 1340 3063 ostendere
1385 3014 1665 3077 putarunt,
1723 3005 1767 3062 si
1823 3013 2008 3062 essent

2184 1560 2307 1614 Ὀτι
2330 1556 2696 1628 Πλούταρχος,
2711 1555 2787 1621 ὡς
2805 1555 2967 1619 αύτδς
2988 1556 3091 1610 κάν
3119 1551 3196 1623 τῷ
3215 1553 3441 1624 παρόντι
3467 1550 3682 1624 παραλ-

2110 1650 2256 1721 λήλῳ
2287 1651 2381 1711 καὶ
2408 1651 2465 1702 ὲν
2488 1648 2669 1710 ἄλλοις
2705 1647 2892 1718 φησὶν,
2935 1647 3027 1700 ἐπὶ
3053 1643 3100 1679 ⁸⁸
3132 1644 3382 1714 Νέρωνος
3412 1639 3502 1716 ἦν.

2810 1737 3009 1804 ΣΜςυ,

2446 1828 2802 1899 Αριστειδου
2837 1829 2870 1882 d
2903 1827 3386 1896 Παιναθηνατκός.

2188 1983 2528 2052 Ἀνεγνὼσθη
2544 1980 2880 2054 Ἀριστείδου
2906 1980 2935 2034 ὁ
2959 1977 3430 2047 Παναθηναῒκὸς,
3452 1969 3684 2051 ἑκλογην

2107 2077 2324 2146 ὑπέχων
2386 2074 2646 2146 ῥημάτων
2700 2090 2759 2127 τε
2788 2073 2886 2126 καὶ
2932 2074 3211 2143 ὀνομάτων
3260 2073 3354 2126 καὶ
3394 2073 3679 2144 περιόδων,

2106 2168 2245 2222 ἀλλά
2302 2167 2396 2220 καὶ
2451 2165 2738 2236 νοημάτων
2784 2165 2862 2228 εἰς
2901 2164 3180 2236 δεινότητα
3209 2165 3302 2218 καὶ
3336 2164 3534 2226 κάλλος
3596 2165 3681 2218 δι-

2107 2258 2548 2329 εσκευασμένων.
2585 2255 2834 2327 Ἐρρωτο
2865 2255 2912 2288 ⁵⁸
2969 2255 3068 2326 μὲν
3119 2257 3151 2326 η
3189 2258 3260 2328 γῆ
3297 2255 3433 2326 πρὸς
3463 2255 3684 2317 ἁπάσας

2105 2350 2289 2421 γονάς.
2319 2348 2588 2412 Λαϐόντες
2627 2348 2671 2381 ⁸⁷
2704 2347 2761 2401 δὲ
2792 2345 2940 2400 οὕτω
2963 2346 3062 2410 τὰς
3101 2347 3252 2418 παρά
3283 2346 3390 2399 τῶν
3418 2345 3557 2400 θεῶν
3577 2347 3682 2399 δω-

2111 2441 2261 2513 ρεὰς,
2291 2440 2465 2503 οὕτως
2493 2438 2551 2493 εὖ
2585 2440 2709 2503 τοὺς
2737 2439 2927 2502 δόντας
2960 2437 3321 2510 ἐμιμήσαντο,
3352 2436 3490 2491 ὥστε
3530 2437 3682 2490 αὐτοὶ

2106 2537 2217 2597 τοῖς
2238 2533 2418 2596 ἄλλοις
2443 2531 2752 2602 ἀνθρώποις
2807 2530 2928 2584 ἀντὶ
2971 2530 3082 2584 τῶν
3139 2530 3276 2583 θεῶν
3315 2531 3678 2600 κατέστησαν.

2107 2627 2218 2681 Καὶ
2247 2628 2440 2696 πεῖραν
2490 2624 2692 2696 ταύτην
2740 2621 2968 2695 πρώτην
3012 2622 3202 2676 ἔδοσαν
3229 2621 3322 2676 τοῦ
3365 2623 3486 2677 κατ’
3522 2621 3681 2688 ἀξίαν

2107 2719 2310 2789 τυχεῖν,
2336 2717 2397 2771 τὸ
2440 2717 2486 2749 ⁵⁸
2523 2714 2832 2788 χρήσασθαι
2869 2717 2982 2780 τοῖς
3027 2715 3363 2787 ὑπάρχουσιν
3408 2713 3483 2779 ὡς
3514 2730 3683 2785 προσο

2105 2811 2260 2883 ἧκεν.
2294 2811 2369 2865 Οὐ
2399 2809 2510 2883 γάρ
2561 2810 2691 2883 [654
2713 2808 2808 2883 Η.]
2861 2808 3102 2880 ἠξίωσαν
3153 2809 3285 2864 αὐτὸ
3311 2808 3376 2879 δὴ
3413 2805 3570 2861 τοῦτο
3608 2807 3681 2876 γῇ

2107 2903 2414 2975 κρύψαντες
2463 2903 2747 2976 ἐξαρκεῖνο
2799 2901 2938 2957 ἀλλά
2995 2901 3250 2956 τοσοῦτον
3296 2900 3534 2971 ἀπέσχον
3586 2898 3681 2951 τοῦ

2110 2995 2417 3066 φοϐηθῆναι
2453 2995 2529 3066 μὴ
2557 2996 2668 3066 ἄρα
2710 2995 2838 3060 τοὺς
2889 2994 3083 3058 ἄλλους
3108 2994 3166 3060 ἐξ
3193 2993 3306 3046 ἴσου
3350 2992 3502 3060 σφίσι
3525 2989 3683 3058 ποιή-

432 3118 559 3175 erga
580 3116 769 3158 omnes
804 3102 1055 3157 benefici.
1102 3100 1211 3156 Sed
1254 3113 1342 3154 me
1371 3099 1552 3154 Oratio
1581 3097 1780 3154 ﬂuctus
1829 3100 2004 3154 instar

2111 3062 2487 3154 σωσίνξῶστε
2515 3062 2638 3140 ὀὐκ
2690 3083 2833 3140 εἶναι
2880 3087 3100 3141 κάλλιον
3147 3085 3402 3156 ᾠήθησαν
3440 3083 3550 3153 ὅσῳ
3571 3080 3692 3136 τῶν.

437 3206 806 3250 transversum
838 3193 1038 3262 rapuit,
1072 3193 1258 3263 itaque
1305 3191 1371 3244 ad
1411 3191 1483 3258 id,
1538 3191 1682 3246 unde
1728 3190 2007 3261 digressus

433 3285 665 3352 fueram,
697 3286 882 3342 redeo.
907 3285 1098 3341 Divina
1137 3284 1304 3355 igitur
1330 3297 1525 3354 pompa
1544 3291 1913 3339 commeatum
1947 3282 2001 3336 in

431 3393 622 3435 omnes
673 3378 944 3450 regiones,
1005 3388 1263 3447 tanquam
1321 3376 1606 3446 pecuniam
1682 3373 2004 3431 theatralem

432 3471 733 3526 dimittunt.
768 3469 1064 3525 Maximum
1101 3480 1283 3525 autem
1333 3469 1656 3525 beneficium
1693 3477 1778 3525 est
1841 3468 1996 3534 illud,

431 3563 577 3633 quod
605 3577 799 3620 omnes
833 3563 1074 3632 undique
1108 3561 1340 3617 afﬂictos
1388 3571 1776 3631 susceperunt,
1819 3575 1885 3616 ac
1919 3560 2004 3616 [ου

432 3663 648 3710 verunt.
679 3654 834 3710 Nulla
897 3669 1135 3724 namque
1154 3653 1380 3709 Graeciae
1411 3667 1546 3722 gens
1572 3661 1677 3721 est,
1712 3662 1773 3708 ut
1803 3652 1878 3707 ita
1925 3652 2008 3708 di-

433 3763 576 3817 cam,
611 3762 731 3818 qua!
760 3748 863 3804 hac
903 3748 1124 3804 civitate
1165 3763 1272 3803 non
1307 3748 1383 3802 sit
1433 3761 1552 3802 usa.
1586 3746 1830 3812 Quorum
1884 3757 2010 3800 om-

435 3840 584 3896 nium
621 3841 936 3895 meminisse
970 3839 1148 3909 primo
1193 3839 1336 3894 factu
1380 3839 1452 3894 sit
1481 3837 1718 3904 difﬁcile,
1752 3845 1808 3894 et
1847 3852 2010 3908 pares

435 3929 708 3985 memoriae
732 3942 1010 3984 sermones
1025 3927 1456 3993 accommodare,
1474 3940 1592 3996 quae
1606 3925 1775 3996 prima
1791 3936 1919 3981 sunt
1955 3935 2012 3983 et

436 4019 814 4090 antiquissima
849 4031 1139 4089 exponam.
1169 4017 1306 4074 Cum
1326 4017 1792 4072 Herculesevivis
1821 4031 2014 4073 exces-

435 4111 621 4176 sisset,
639 4111 769 4167 urbs
791 4109 841 4167 ei
873 4108 1108 4180 primum
1145 4107 1346 4179 templa
1375 4117 1430 4164 et
1471 4122 1598 4165 aras
1631 4108 2005 4165 consecravit.

507 4485 787 4613 [Subiecta
831 4483 1059 4568 phrasis.
1103 4496 1202 4553 per
1236 4481 1507 4554 eclipsim,
1565 4483 1770 4555 aliquid
1829 4482 2009 4540 blandi

507 4584 508 4589 π
581 4569 794 4613 ns.aua
821 4569 962 4613 strue
984 4550 1202 4613 utttur.l

438 4550 666 4621 habens,
689 4569 794 4626 qua
821 4550 962 4624 caepe
984 4550 1202 4624 utittir.]

507 4667 575 4720 Et
597 4679 741 4722 nunc
763 4665 1000 4720 civitatis
1025 4674 1171 4720 stant
1195 4665 1460 4722 beneficio
1484 4665 1759 4724 Messenii.
1797 4666 2011 4723 Etenim

436 4758 548 4812 sola
571 4771 694 4812 cum
726 4757 968 4812 omnium
1003 4755 1219 4814 fortuna
1249 4768 1508 4830 perpetuo
1531 4760 1812 4816 contendit
1854 4760 2010 4827 urbs,

436 4851 789 4921 omniumque
811 4849 994 4906 clades
1025 4850 1078 4905 in
1109 4850 1303 4907 melius
1330 4861 1522 4907 conata
1551 4859 1634 4907 est
1669 4860 2010 4920 convertere,

437 4952 704 5013 vetusque
734 4941 937 4996 dictum
967 4941 1294 4998 immutavit.
1329 4941 1583 4998 Ostendit
1613 4945 1756 4998 enim
1784 4957 1844 4998 se
1871 4944 2011 4998 ami-

2108 3177 2284 3248 ἀλλων
2311 3178 2637 3248 προέχουσιν
2692 3177 3056 3244 ἐνδείξασθαι,
3085 3177 3116 3248 ἢ
3161 3177 3209 3229 εί
3239 3176 3445 3238 πάντας
3473 3172 3530 3227 εὖ
3566 3190 3690 3226 ποι-ι.

2106 3271 2293 3337 οῦντες
2322 3270 2664 3343 ὁφθήσονται.
2692 3269 2834 3324 Ἀλλ’
2861 3273 2908 3304 δν
2929 3274 2956 3326 ό
2975 3271 3132 3338 λόγος
3156 3269 3264 3340 γὰρ
3292 3267 3481 3336 ὥσπερ
3505 3264 3691 3336 ῥεῦμα

2109 3364 2290 3436 φέρων
2350 3363 2629 3434 ὐπήνεγκε
2678 3362 2806 3434 βίᾳο
2868 3362 3174 3432 ἀναχωρεῖν
3221 3358 3314 3413 οὖν
3344 3355 3686 3436 ὅθενὲξέϐην

2109 3435 2320 3527 καιρός.
2349 3455 2633 3526 Πέμπουσι
2652 3453 2717 3525 δὴ
2734 3453 2854 3524 θείᾳ
2883 3455 3071 3524 πομπῇ
3091 3452 3195 3521 γῆν
3216 3452 3308 3504 ἐπὶ
3322 3435 3503 3518 πᾶσαν
3517 3449 3688 3518 ἀφορ·

2113 3554 2219 3620 μὰς
2238 3545 2332 3602 τοῦ
2373 3546 2510 3618 βίου,
2536 3545 2786 3617 καθάπερ
2804 3543 3071 3615 θεωρικοῦ
3096 3560 3240 3608 τινος
3266 3541 3498 3596 διάδοσιν
3515 3541 3585 3596 ⁸⁸.
3612 3538 3684 3592 Εὖ

2109 3641 2218 3711 γὰρ
2243 3638 2527 3702 ποιοῦντες
2559 3637 2792 3708 ἔφθανον
2810 3639 2910 3708 τὴν
2938 3637 3235 3708 ἐπιθυμίαν
3271 3634 3379 3688 τῶν
3411 3631 3470 3686 εὖ
3493 3632 3688 3686 παθεῖν

2111 3731 2410 3804 δεομένων.
2445 3731 2521 3785 Ού
2548 3731 2657 3802 γὰρ
2685 3731 2729 3763 ⁶¹
2769 3729 2885 3784 ἔστι
2928 3729 3087 3799 γένος
3123 3727 3275 3782 οὐδὲν
3296 3725 3397 3796 τῆς
3439 3725 3687 3788 Ἑλλάδος

2110 3825 2186 3889 ὡς
2216 3824 2345 3888 έπος
2377 3824 2573 3890 εἰπεῖν,
2605 3822 2635 3876 ὃ
2660 3823 2824 3896 τῆσδε
2841 3823 2941 3893 τῆς
2968 3821 3178 3884 πόλεως
3201 3817 3494 3888 ἀπείρατόν
3513 3817 3685 3871 ἐστιν.

2109 3915 2212 3976 Ὧν
2250 3919 2504 3975 ἀπάντων
2531 3919 2630 3990 μὲν
2652 3918 2938 3989 ἀμήχανον
2953 3915 3049 3969 καὶ
3069 3911 3440 3984 μνημονεῦσαι
3470 3909 3688 3981 πρῶτον

2111 4012 2206 4068 καὶ
2236 4012 2338 4083 τῆς
2366 4013 2585 4083 μνήμης
2611 4011 2737 4076 τοὺς
2770 4009 2961 4079 λόγους
2995 4005 3344 4087 συμμέτρους
3370 3999 3686 4057 ἀποδοῦναι.

2115 4105 2185 4157 Ἀ
2207 4103 2266 4160 δέ
2286 4106 2402 4157 ἐστι
2423 4103 2533 4156 τῶν
2558 4100 2805 4156 παλαιῶν
2835 4097 3164 4168 ἐντιμότατα
3210 4095 3302 4149 καὶ
3326 4093 3514 4161 ὥσπερ
3541 4089 3688 4161 ἀρχὴ

2109 4195 2223 4258 τοῖς
2249 4192 2466 4258 πολλοῖς
2492 4191 2833 4262 διηγεῖσθαι·
2890 4187 3228 4256 Ἡρακλέους
3271 4184 3334 4252 ἐξ
3379 4181 3686 4255 ἀνθρώπων

2111 4284 2440 4350 ἀπελθόντος
2459 4285 2494 4355 ἡ
2530 4285 2630 4355 μὲν
2653 4283 2807 4347 πόλις
2823 4283 2918 4337 καὶ
2931 4280 3068 4344 νεὼς
3085 4280 3178 4336 καὶ
3203 4277 3422 4351 βωμοὺς
3446 4273 3687 4347 ἱδρύεται

2043 4401 2086 4456 n
2115 4377 2330 4450 πρώτηο

2183 4488 2364 4561 [Κατά
2393 4487 2627 4561 ἔλλειψιν
2652 4489 2686 4561 ἡ
2710 4487 3048 4561 προκειμένη
3070 4487 3126 4561 ,⁵³
3148 4484 3374 4561 φράσις,
3402 4481 3606 4556 έχουσά
3632 4499 3684 4536 τι

2183 4488 2364 4561 [Κατά
2393 4488 2627 4614 ἔλλειιξιν
2652 4489 2686 4561 ὴ
2710 4488 3048 4560 προκειμένη
3080 4488 3126 4522 ⁵³
3148 4488 3332 4557 φράσιι

2109 4559 2397 4629 ἐπαγωγόν
2421 4575 2434 4589 °
2472 4577 2542 4613 πο
2576 4559 2742 4630 λαχοῦ
2771 4559 2830 4613 δὲ
2851 4558 2988 4629 αὐτῇ
3021 4554 3332 4628 κέχρηται.]

2179 4673 2288 4727 Καὶ
2309 4672 2404 4728 νῦν
2427 4674 2474 4706 ⁸³
2495 4673 2602 4726 εἰσὶ
2624 4673 2925 4744 Μεσσήνιοι
2951 4671 2999 4705 “
3015 4669 3106 4724 διά
3135 4669 3235 4741 τὴν
3261 4667 3437 4722 πόλιν.
3461 4665 3618 4735 Μόνη
3637 4663 3684 4700 ⁸³

2110 4763 2218 4834 γὰρ
2245 4763 2338 4834 (ὡς
2373 4763 2566 4826 εἰπεῖν)
2596 4763 2876 4834 διαγέγονε
2919 4763 3057 4836 πρὸς
3082 4761 3181 4834 τὴν
3218 4760 3477 4816 ἀπάντων
3513 4757 3682 4828 τύχην

2106 4853 2512 4926 διαμιλλωμένη
2551 4857 2618 4922 ⁸⁸,
2646 4855 2741 4910 καὶ
2795 4855 3116 4928 πειρωμένη
3153 4852 3506 4924 περιτρέπειν
3547 4849 3681 4903 πᾶσι

2109 4949 2208 5013 τὰς
2253 4950 2538 5021 συμφορὰς
2593 4950 2637 4982 ⁸⁷
2697 4950 2789 5004 ἐπὶ
2819 4948 3042 5019 θάτερα.
3084 4946 3196 5032 Kal
3220 4945 3320 5017 τὴν
3383 4944 3684 5017 παροιμίαν

436 5051 535 5091 cos
571 5035 819 5092 infelices
887 5049 1227 5106 nequaquam
1276 5035 1484 5105 fugere,
1535 5051 1656 5090 cum
1709 5038 2006 5107 permultos

2109 5017 2451 5112 ἐνήλλαξεν·⁷
2481 5040 2541 5093 οὐ
2593 5039 2703 5111 γὰρ
2748 5017 2992 5092 ὲκποδῶν
3020 5017 3475 5122 εῖνέαξιθξιατέδειξε
3528 5033 3682 5102 φίλου

436 5128 623 5194 etiam,
657 5143 688 5181 a
723 5127 918 5198 quibus
964 5136 1124 5181 antea
1196 5127 1513 5196 dissidebat,
1579 5139 1702 5200 post
1757 5139 2006 5200 acceptas

2109 5131 2293 5194 κακῶς
2315 5132 2673 5202 πράσσοντος,
2713 5131 2848 5186 ἀλλά
2897 5130 3139 5203 πολλοὺς
3169 5121 3275 5190 ’καὶ
3311 5127 3420 5182 τῶν
3447 5125 3682 5197 πρόσθεν

434 5214 618 5276 clades
650 5207 1057 5276 in'amicitiam
1119 5220 1408 5292 receperit.
1471 5221 1582 5278 Nec
1632 5237 1770 5296 quos
1820 5223 2006 5280 felices

2109 5223 2381 5297 διαφόρων
2428 5224 2522 5278 ἐπὶ
2575 5225 2687 5288 τοῖς
2746 5223 3062 5294 ἀτυχήμασι
3126 5213 3314 5290 φίλους
3366 5218 3678 5288 πεποίηται.

1747 5385 1982 5442 νΑῐὶΙλΕ
2018 5386 2426 5444 LECTIONES.

504 5492 553 5566 ’ξ
566 5495 682 5566 τινὶ
704 5494 826 5566 add.
847 5495 922 5566 Α.
968 5495 1281 5566 Δδξφθοράν
1304 5514 1364 5561 ς.
1391 5565 1405 5566 7
1438 5497 1483 5530 ⁸⁸
1504 5497 1595 5552 ἐπί
1627 5498 1692 5564 Δ,
1725 5499 1789 5550 ἐκ
1810 5503 1904 5552 τοῦ
1933 5497 1976 5554 C
1999 5517 2012 5553 :
2050 5501 2141 5553 ἐπὶ
2169 5499 2262 5554 τοῦ
2285 5517 2342 5564 ς.

437 5574 491 5638 ξι..
529 5561 686 5638 l8_0._
725 5564 792 5638 J"
813 5563 1001 5638 τδλτῷ
1036 5561 1118 5638 Α
1152 5561 1242 5638 _'_”
1271 5565 1408 5638 ἀλλ’]
1431 5582 1482 5636 p.
1511 5569 1633 5622 181.

438 5627 483 5659 ⁸³
507 5630 599 5679 καὶ
629 5630 745 5712 νύν]
776 5648 826 5699 p.
864 5627 984 5712 {9|}
1083 5627 1445 5712 “Msss‘ﬁvfoi
1476 5638 1551 5691 B:
1593 5637 1854 5712 Μεσήνιοι
1889 5657 1948 5704 ς.

439 5701 722 5768 συμφορὰς
750 5705 1095 5776 περιτρέπειν
1124 5711 1182 5760 ς’.

1727 5497 1976 5600 33cc
1999 5499 2262 5600 εΊὲπὶκτοῦ
2285 5517 2342 5564 ς.
2444 5499 2490 5532 ⁸⁸
2512 5499 2740 5571 ἔρῤωτο]
2857 5498 3083 5558 Canter.
3124 5496 3248 5555 179.

1830 5585 1881 5600 ιη
1946 5586 2028 5600 -.υ
2136 5583 2296 5600 AL.-."
2335 5571 2362 5600 Α
2495 5571 2537 5600 Μ
2561 5569 2620 5600 λα’.
2652 5572 2757 5600 υέλ
2819 5587 2850 5600 n
2907 5571 3010 5600 10⁸³1
3135 5570 3178 5600 θ’
3209 5585 3248 5600 ιιι

1795 5567 2391 5646 διάδοσινλδίδωσιν-Α.
2461 5566 2620 5646 ’ἷξόύ
2652 5566 3060 5646 γάρμὴ-187..
3135 5566 3575 5646 ⁶¹κπροΞκειμένη

2057 5639 2101 5672 ⁸³
2157 5638 2313 5712 μόνη]
2356 5655 2408 5710 p.
2457 5637 2577 5694 192.
2666 5636 2739 5674 ⁷⁸⁸
2769 5636 3127 5712 ’ἁμιλλωμένη
3180 5637 3238 5694 Β.
3315 5636 3358 5667 ⁸⁷
3395 5637 3529 5689 πᾶσι
3580 5636 3675 5696 τὰς

3325 5497 3369 5529 ⁸⁷
3402 5491 3678 5565 λαϐόντες]
