4012 6236
206 228 211 234 ’
312 235 450 302 1465

1387 244 2159 311 BlBLlOTHECA.-COD.
2199 251 2487 314 CCXLVI.

3418 258 3556 327 1466

307 350 527 421 καιροῦ.
551 351 625 405 Οὐ
654 352 762 425 γὰρ
790 354 870 416 είς
897 352 1061 421 φόϐον
1099 352 1201 426 τὴν
1238 352 1365 409 θέαν
1391 355 1626 427 ἔτρεψαν
1657 360 1723 426 ¹⁸,
1767 360 1879 412 οὐδ’

1990 361 2085 416 isto
2111 364 2426 431 spectaculo
2468 363 2521 416 in
2549 372 2772 429 metum,
2818 365 2915 420 sed
2945 365 3280 423 alacritatem
3310 369 3389 429 illi
3426 387 3557 427 cou-

305 444 691 515 ἐξεπλάγησαν
732 445 843 499 τῶν
887 446 1181 517 ὁρωμένων
1221 447 1323 518 τὴν
1374 447 1605 518 ἀήθειαν
1638 449 1705 515 ⁸⁸,
1761 450 1878 504 ἀλλ’

306 535 557 606 ἥσθησαν
588 536 820 605 ὁρῶντες
867 536 1008 589 ὅσων
1056 538 1337 608 κρείττους
1391 539 1747 607 γενήσονται,
1786 543 1880 595 καὶ

309 627 631 697 νομίσαντες
679 626 869 699 ὥσπερ
930 629 1185 700 ἀφορμὴν
1242 629 1521 701 εἰληφέναι
1573 633 1725 703 παρά
1779 634 1882 705 τῆς

309 718 483 790 τύχης
509 719 909 790 ὑπερϐαλέσθαι
947 722 987 752 ¹⁷
1020 721 1228 785 πάντας
1250 722 1571 793 ἀνθρώπους
1606 726 1880 795 ἀνδραγα-

311 811 428 882 θίᾳ,
462 813 554 865 καὶ
590 811 734 865 τοῦτ’
772 807 914 866 εἶναι
965 812 1126 866 πλέον
1160 816 1261 882 τῆς
1297 815 1567 885 τοσαύτης
1600 817 1879 887 στρατιᾶς,

310 903 458 974 ἔχειν
489 902 677 974 ὥσπερ
707 904 984 974 χρήμασιν
1011 904 1258 974 ἀφθόνως
1284 906 1610 977 χρήσασθαι,
1647 906 1744 960 καὶ
1771 906 1884 961 δια-

310 997 596 1064 νοηθέντες
620 996 702 1051 ὅτι
737 995 831 1050 νῦν
874 996 1062 1067 ὥσπερ
1103 999 1443 1054 ἐστιάσονται
1482 999 1750 1069 λαμπρῶς
1780 1000 1885 1053 ὑπὸ

312 1088 425 1140 τῶν
457 1089 743 1159 βαρβάρων
788 1090 1012 1159 καὶτῆς
1040 1091 1240 1162 ἀρετῆς
1283 1091 1447 1156 ἀξίως
1496 1094 1596 1162 τῆς
1651 1093 1881 1150 ἑαυτῶν.

313 1180 429 1232 Καὶ
457 1180 565 1252 γὰρ
603 1181 758 1235 ἵπποι
788 1187 881 1235 καὶ
921 1181 1049 1251 βέλη
1088 1183 1181 1236 καὶ
1222 1182 1351 1249 νῆες
1401 1183 1497 1237 καὶ
1558 1183 1750 1253 ψέλλια
1791 1184 1886 1236 καὶ

314 1277 576 1344 στρεπτοὶ
593 1276 635 1307 ⁸⁸
670 1276 764 1329 καὶ
792 1275 952 1339 κύνες
980 1276 1073 1328 καὶ
1104 1276 1284 1330 πάντα
1320 1277 1579 1347 χρήματα
1612 1276 1759 1347 δῶρα
1784 1276 1886 1346 τῆς

311 1365 482 1436 τύχης
526 1366 642 1419 ἐστὶ
691 1368 1026 1437 προκείμενα
1080 1370 1194 1431 τοῖς
1244 1369 1534 1438 κρείττοσι.
1572 1369 1757 1423 Ταῦτα
1794 1370 1887 1423 καὶ

314 1459 615 1529 στρατηγοὶ
665 1458 801 1529 πρὸς
838 1460 1066 1524 ἑαυτοὺς
1092 1460 1357 1525 εἰπόντες,
1404 1460 1658 1529 καὶπρὸς
1688 1460 1888 1525 αὐτοὺς

312 1550 542 1606 ἔκαστοι
590 1551 984 1621 διαλεχθέντες,
1042 1554 1108 1605 ἐκ
1151 1553 1289 1606 θεῶν
1318 1552 1613 1623 ἀρξάμενοι
1648 1553 1744 1605 καὶ
1790 1551 1887 1605 τοῦ

316 1641 477 1713 φίλου
506 1643 744 1707 παιῶνος
765 1645 809 1677 ¹⁹
839 1644 1078 1715 ἐχώρουν
1106 1645 1309 1715 δρόμῳ,
1340 1644 1589 1715 καθάπερ
1611 1645 1700 1698 διὰ
1731 1644 1887 1713 ψιλοῦ

316 1735 414 1789 τοῦ
450 1736 635 1788 πεδίου
677 1735 916 1799 θέοντες,
952 1736 1042 1789 καὶ
1074 1739 1186 1800 τοῖς
1222 1736 1517 1807 βαρϐάροις
1558 1736 1659 1789 οὐκ
1683 1736 1890 1791 ἔδωκαν

322 1827 451 1880 ἰδεῖν
479 1827 508 1879 ὅ
545 1843 598 1879 τι
629 1825 746 1879 ἔστι
778 1826 846 1880 τὰ
872 1826 1190 1895 γιγνόμενα,
1221 1826 1335 1879 ἀλλ’
1368 1827 1482 1895 ἅμα
1504 1826 1685 1892 τάξεις
1719 1825 1892 1896 ἐρρώ-

319 1932 513 1983 γεσαν,
546 1917 640 1968 καὶ
668 1916 858 1986 ἄνδρες
895 1917 1212 1976 ἐκτείνοντο,
1248 1918 1340 1969 καὶ
1372 1918 1526 1970 ἵπποι
1557 1918 1894 1987 συνελαμϐά-

320 2023 497 2073 νοντο,
524 2007 615 2059 καὶ
634 2006 761 2074 νῆες
774 2006 1032 2071 εἴλκοντο,
1054 2008 1211 2079 [1217
1228 2006 1317 2080 R.]
1333 2009 1425 2061 καὶ
1440 2010 1541 2079 χρή
1551 2026 1691 2077 ματα
1707 2009 1889 2079 ἤγετο,

320 2095 418 2148 καὶ
455 2096 644 2165 χορεία
683 2096 860 2157 Πανὸς
886 2091 955 2166 ἧν
1006 2096 1074 2149 τὰ
1126 2096 1445 2166 ποιούμενα.
1475 2097 1613 2166 Ἤδη
1644 2097 1689 2129 ¹⁰
1721 2097 1777 2150 δέ
1810 2114 1894 2160 τις

320 2188 648 2255 τελευτήσας
688 2187 935 2257 εἱστήκει
979 2188 1382 2257 περιτοξευθεὶς
1418 2189 1523 2241 ὑπὸ
1554 2191 1663 2241 τῶν
1691 2189 1894 2259 βαρϐἀο

325 2295 455 2347 ρων,
501 2278 681 2346 φοϐῶν
725 2280 852 2342 τοὺς
902 2279 1120 2342 λοιποὺς
1176 2279 1365 2350 ὥσπερ
1413 2281 1678 2344 ἀθάνατος
1722 2280 1796 2333 ὧν
1825 2283 1890 2338 ³η.

335 2371 495 2424 Ἀλλά
525 2374 570 2403 "
594 2371 715 2425 τότε
755 2371 832 2434 ὡς
860 2372 1078 2440 ἀληθῶς
1119 2372 1274 2442 ὄχλος
1308 2373 1461 2437 ὄντες
1499 2375 1543 2405 ³³
1576 2373 1892 2444 ᾐσθάνοντο,

322 2465 418 2518 καὶ
449 2465 702 2534 μέγιστον
732 2465 1040 2534 ἐναντίωμα
1090 2466 1324 2531 ἑαυτοῖς,
1363 2466 1457 2520 καὶ
1508 2470 1619 2530 τοῖς
1654 2466 1894 2520 πλείοσιν

325 2557 451 2629 [657
486 2558 576 2628 IL]
627 2559 825 2627 ἥττους
870 2558 1118 2625 ἐγένοντο
1147 2559 1179 2628 ἢ
1226 2560 1371 2621 ὅσοις
1402 2559 1466 2612 ἄν
1499 2576 1583 2621 τις
1616 2559 1674 2625 ἐξ
1721 2559 1895 2629 ἀρχῆς

324 2652 626 2722 ἐθάρῤησεν
659 2651 994 2720 ἀντιστῆναι.
1028 2651 1176 2703 Ὤστ’
1207 2651 1255 2681 ³⁸⁵
1284 2652 1509 2715 εἰκότως
1543 2653 1715 2704 εἰπεῖν
1756 2647 1895 2705 εἶναι

324 2740 422 2811 τὴν
443 2742 537 2810 μὲν
559 2739 710 2793 πόλιν
737 2740 831 2794 τδν
855 2740 1163 2813 ἐλευθέριον
1186 2740 1285 2794 Δία
1305 2743 1470 2812 τιμᾷν
1496 2742 1590 2794 ἐπὶ
1618 2744 1731 2805 τοῖς
1758 2760 1899 2813 πρα-

325 2831 501 2901 χθεϊσι
522 2834 563 2869 ³³
590 2833 908 2902 προσήκειν,
931 2834 1040 2895 τοῖς
1066 2832 1111 2885 δ’
1140 2832 1319 2895 ἄλλοις
1342 2832 1566 2904 Ἕλλησι
1589 2833 1688 2904 τὴν
1718 2834 1892 2902 πόλιν,

324 2928 420 2982 καὶ
458 2927 701 2998 νομίζειν
752 2927 844 2982 τὸν
896 2926 1195 2997 Ἀθηναίων
1246 2928 1417 2997 δῆμον
1462 2926 1651 2999 ὥσπερ
1680 2928 1895 2981 ἐλευθέ-

1983 453 2124 507 versi
2158 464 2301 519 sunt,
2332 468 2433 509 nec
2462 454 2802 511 insolentiam
2844 472 3055 524 eorum,
3086 473 3205 527 qua:
3230 462 3550 525 cernebant,

1983 544 2397 611 osbtupuerunt,
2413 545 2506 599 sed
2527 559 2650 599 cum
2675 546 2913 600 viderem
2931 555 3061 615 quot
3078 555 3263 601 essent
3280 548 3553 616 vincendi,

1982 635 2146 689 ltetati
2182 646 2327 699 sunt,
2363 637 2617 705 quoniam
2653 652 2712 692 se
2742 637 2901 691 istam
2930 639 3277 694 occasionem
3317 654 3346 692 a
3379 639 3554 694 fortu-

1984 743 2051 781 na
2082 730 2321 783 omnium
2352 730 2566 785 fortiter
2590 736 3015 800 superandorum
3052 743 3238 789 nactos
3268 735 3554 804 putabant,

1984 828 2039 874 et
2066 820 2165 875 hoc
2188 820 2305 875 fore
2338 823 2471 878 tanti
2501 824 2773 879 exercitus
2801 826 3164 892 commodum,
3205 827 3346 896 quod
3382 827 3553 881 abun-

1984 912 2198 967 dantem
2246 915 2326 968 sui
2375 930 2527 970 usum
2576 927 2717 970 esset
2761 917 3101 985 praebiturus,
3140 932 3205 973 ac
3251 933 3309 973 se
3335 917 3555 988 jamjam

1987 1003 2271 1071 magnifico
2310 1019 2476 1073 seque
2523 1006 2684 1074 digno
2723 1008 2876 1073 quasi
2919 1009 3166 1064 convivio
3210 1010 3558 1079 excipiendos

1988 1093 2271 1163 putabant.
2306 1095 2437 1148 Nam
2470 1106 2523 1151 ct
2569 1101 2713 1165 equi,
2742 1110 2795 1153 et
2821 1099 2946 1163 tela,
2977 1110 3031 1155 et
3063 1116 3247 1167 naves,
3287 1111 3394 1155 tum
3422 1101 3557 1170 pha-

1988 1186 2132 1251 lerae,
2183 1197 2235 1240 et
2290 1195 2525 1255 torques,
2564 1205 2744 1255 canes,
2795 1205 3093 1260 omnesque
3134 1206 3287 1262 opes,
3334 1191 3559 1246 fortunae

1988 1277 2152 1345 dona,
2182 1288 2555 1348 proponuntur
2583 1281 2919 1346 fortioribus,
2944 1293 2998 1337 et
3039 1284 3153 1337 haec
3177 1284 3354 1337 omnia
3390 1282 3559 1350 largi-

1991 1379 2079 1423 tur
2127 1372 2375 1425 victoria.
2408 1371 2540 1437 Qua:
2576 1386 2700 1427 cum
2739 1374 2876 1443 apud
2926 1386 2984 1428 se
3014 1372 3202 1438 duces,
3234 1383 3289 1428 et
3331 1373 3472 1428 inter
3501 1387 3561 1426 se

1990 1463 2188 1517 milites
2236 1465 2648 1533 expendissent,
2709 1473 2820 1517 tum
2867 1480 2896 1519 a
2948 1465 3070 1532 diis,
3120 1474 3175 1519 et
3217 1465 3393 1520 amico
3450 1465 3560 1520 orsi

1987 1554 2254 1623 Apolline,
2290 1554 2561 1608 curriculo
2607 1565 2860 1622 tanquam
2887 1566 3103 1624 patente
3124 1571 3314 1626 campo
3343 1569 3564 1625 proces-

1989 1655 2197 1711 serunt,
2225 1644 2421 1717 @0217
2470 1660 2570 1700 nec
2604 1647 2845 1701 barbaris
2872 1648 3084 1702 videndi
3134 1648 3260 1718 quid
3293 1656 3562 1718 ageretur,

1992 1739 2224 1807 spatium
2265 1738 2549 1791 dederunt.
2584 1737 2782 1793 Verum
2816 1739 3017 1808 pariter
3053 1748 3107 1794 et
3154 1740 3300 1795 acies
3345 1753 3565 1807 rumpe-

1991 1831 2204 1895 bautur,
2245 1838 2301 1884 et
2353 1829 2601 1884 homines
2654 1830 3066 1893 occidebantur,
3117 1838 3172 1884 et
3217 1829 3567 1898 capiebantur

1991 1922 2136 1991 equi,
2191 1937 2375 1989 naves,
2422 1937 2571 1990 opes,
2608 1922 2780 1976 instar
2814 1921 3023 1976 Panicae
3063 1921 3302 1990 ejusdem
3333 1921 3565 1975 choreae.

1993 2013 2129 2079 Quid
2169 2018 2310 2082 quod
2349 2014 2511 2067 etiam
2545 2022 2791 2067 mortuus
2834 2013 3074 2083 quidam,
3129 2028 3249 2067 cum
3301 2012 3568 2067 barbaro-

1993 2118 2111 2158 rum
2144 2103 2265 2157 telis
2300 2102 2583 2158 confossus
2623 2112 2804 2167 esset,
2859 2103 3010 2157 stetit
3061 2112 3297 2168 erectus,
3341 2117 3404 2158 ac
3449 2111 3569 2155 tau-

1993 2210 2153 2264 quam
2218 2195 2540 2249 immortalis
2584 2203 2750 2258 esset,
2800 2194 3036 2264 reliquos
3091 2194 3401 2264 perterruit.
3459 2196 3564 2248 Sed

1995 2296 2105 2340 tum
2164 2300 2352 2339 revera
2403 2286 2614 2341 turbam
2665 2300 2725 2340 se
2768 2301 2926 2349 esse,
2979 2286 3318 2353 maximeque
3359 2283 3567 2354 seipsos

1996 2376 2255 2445 impedire
2281 2385 2666 2446 cognoverunt,
2694 2391 2815 2430 cum
2864 2384 3049 2430 essent
3082 2376 3287 2443 majore
3320 2388 3566 2436 numero,

1993 2485 2151 2539 quam
2175 2470 2260 2523 cui
2284 2469 2481 2539 aliquis
2499 2470 2651 2523 initio
2671 2469 3017 2523 sustinuisset
3048 2468 3318 2523 resistere.
3355 2464 3425 2522 Ut
3447 2466 3566 2534 jure

1994 2563 2277 2618 dicendum
2311 2564 2382 2617 sit
2413 2577 2534 2616 eum
2566 2561 2748 2616 Jovem
2792 2561 3131 2615 liberatorem
3164 2560 3234 2614 ob
3272 2574 3361 2614 res
3391 2568 3570 2630 gestas

1994 2656 2124 2710 urbs
2143 2654 2304 2716 colat,
2344 2652 2562 2709 Graecos
2599 2655 2783 2707 urbem
2822 2668 2884 2707 ac
2913 2652 3167 2723 populum
3187 2651 3569 2705 Atheniensem

1995 2746 2300 2803 liberatoris
2323 2746 2438 2800 loco
2478 2745 2679 2799 habere
2704 2743 2918 2798 debere.
2938 2743 3201 2809 Quocirca
3217 2742 3263 2797 si
3290 2739 3562 2808 inaequali-

1998 2850 2078 2893 tas
2105 2836 2418 2891 inferiorum
2441 2844 2542 2901 est,
2561 2832 2808 2888 omnibus
2838 2833 2890 2887 lll
2925 2833 3201 2888 victoriam
3237 2830 3571 2885 ademerunt.

1995 2931 2165 2986 Filius
2220 2929 2365 2983 Darii
2416 2927 2648 2991 Xerxes,
2694 2928 2783 2995 qui
2817 2928 3058 2981 omnium
3082 2941 3267 2996 regunt
3286 2923 3572 2994 cogitatio-

326 3038 443 3092 ριον
466 3022 509 3054 ⁸⁸
536 3024 646 3084 τοῖς
667 3020 924 3089 Ἕλλησιν
949 3020 993 3050 ’⁷
1020 3016 1180 3072 εἶναι.
1213 3020 1374 3072 Ὥστε
1403 3020 1448 3054 ⁸⁸
1471 3020 1519 3072 εί
1552 3020 1611 3073 τὸ
1645 3019 1719 3090 μὴ
1752 3021 1888 3090 ἐχειν

2002 3034 2096 3076 nes
2123 3018 2415 3087 superavit,
2452 3028 2508 3071 et
2529 3015 2668 3071 nihil
2703 3016 3003 3070 mirandum
3032 3028 3139 3068 non
3179 3014 3425 3077 tentavit,
3449 3026 3572 3067 cum

325 3110 388 3175 ἐξ
423 3111 538 3164 ἴσου
565 3109 817 3178 γενέσθαι
853 3110 961 3163 τῶν
1000 3110 1236 3179 ἡττόνων
1287 3111 1457 3173 ἐστὶν,
1507 3110 1755 3174 ἅπαντας
1803 3112 1888 3165 ἀν-

2003 3120 2057 3167 et
2094 3112 2263 3180 patris
2302 3116 2526 3163 conatus
2570 3107 2749 3177 inopia
2794 3105 2961 3161 fuisse
2996 3104 3279 3175 impeditos
3310 3103 3573 3163 crederet,

326 3203 579 3273 θρώπους
606 3204 972 3272 νενικήκασιν.
1004 3202 1063 3256 '0
1091 3202 1147 3256 δέ
1180 3204 1225 3234 9‘
1250 3202 1457 3265 πάντας
1483 3202 1736 3272 βασιλέας
1764 3218 1888 3275 παρ-

2010 3205 2393 3272 civitatemque
2417 3211 2472 3257 et
2504 3201 2722 3256 Graecos
2742 3214 3006 3267 nusquam
3036 3196 3429 3264 comparituros
3452 3208 3579 3247 con-

327 3293 570 3363 ενεγκὼν
599 3296 718 3357 ταῖς
746 3294 1034 3357 ἐπινοίαις,
1054 3295 1147 3347 καὶ
1175 3292 1341 3363 μηδὲν
1370 3292 1685 3346 καταλιπὼν
1705 3293 1888 3346 ἄτοποι

2011 3303 2299 3357 temneret,
2329 3292 2519 3362 duplex
2555 3291 2788 3346 instituit
2817 3299 3113 3351 certamen,
3144 3302 3251 3369 quo
3282 3284 3478 3355 partim
3504 3282 3577 3337 illi

328 3386 573 3456 νομίσαι,
598 3386 806 3455 Ξέρξης
836 3388 864 3439 ό
908 3385 1156 3457 Δαρείου,
1190 3385 1493 3453 καταγνοὺς
1531 3384 1629 3455 μὲν
1673 3383 1765 3437 τοῦ
1796 3401 1888 3439 παι

1996 3386 2363 3449 antecelleret,
2412 3383 2607 3450 partim
2666 3383 2805 3435 hanc
2870 3381 3084 3449 egregie
3130 3377 3362 3445 puniret.
3410 3374 3582 3440 Quin-

327 3477 457 3548 τρὸς
495 3477 570 3540 ὡς
608 3477 804 3540 ἐνδεῶς
855 3478 1337 3547 ἐπιχειρήσαντος,
1381 3475 1650 3545 ὑπεριδὼν
1703 3475 1758 3528 δὲ
1806 3477 1888 3545 τῆς

1997 3480 2162 3535 etiam
2202 3492 2322 3531 cum
2367 3474 2572 3529 eiiectis
2600 3473 2932 3536 caelestibus,
2974 3470 3228 3539 mnnique
3279 3478 3391 3521 tum
3442 3466 3581 3528 visu,

330 3570 539 3633 πόλεως
568 3570 662 3623 καὶ
692 3570 800 3622 τῶν
825 3568 1094 3639 Ἑλλήνων
1120 3568 1193 3628 ὡς
1219 3567 1457 3636 οὐδαμοῦ
1484 3568 1888 3637 φανησομένων1

2009 3578 2118 3620 tum
2151 3578 2366 3619 rumore
2398 3562 2609 3617 insolito
2639 3561 2659 3632 ι
2688 3576 2814 3624 nou,
2861 3575 2981 3614 cum
3024 3569 3175 3626 patre
3231 3552 3532 3624 duntaxat]
3567 3592 3583 3617 ,

330 3659 520 3727 ἀγῶνα
550 3658 769 3712 διπλοῦν
794 3657 1144 3726 ἀγωνίζεται,
1164 3656 1256 3708 τὸν
1289 3657 1388 3725 μὲν
1410 3656 1811 3726 ὑπερϐαλέσθαι
1832 3656 1888 3720 ³⁰,

2010 3655 2221 3709 videtur
2240 3660 2501 3716 certasse,
2528 3651 2679 3719 quasi
2714 3650 2805 3720 qui
2834 3664 2987 3703 suam
3013 3662 3132 3702 esse
3161 3656 3362 3702 terram
3385 3644 3588 3699 voluis-

332 3751 435 3820 τὴν
477 3750 533 3804 δὲ
574 3748 992 3821 τιμωρήσασθαι
1027 3748 1165 3817 μετά
1198 3747 1395 3801 πολλοῦ
1431 3748 1527 3801 τοῦ
1572 3748 1888 3818 κρείττονος

2012 3754 2093 3800 set
2116 3742 2423 3798 ostendere.

334 3849 495 3902 Δοκεῖ
534 3848 592 3901 δέ
627 3864 715 3917 μοι
746 3849 842 3900 καὶ
888 3845 1025 3915 πρὸς
1069 3845 1169 3906 τὰς
1208 3844 1527 3915 διοσημείας
1570 3844 1689 3897 τότε
1747 3844 1951 3913 Ξέρξης
1985 3838 2405 3912 ἀμιλλήσασθαι,
2439 3835 2533 3891 καὶ
2587 3834 2724 3908 πρὸς
2761 3833 2977 3891 ἅπασαν
3029 3833 3153 3903 ὄψιν
3190 3850 3249 3887 τε
3293 3831 3390 3887 καὶ
3419 3830 3588 3902 ἀκοὴν

334 3942 639 4013 ἀνθρώποις
670 3942 1007 4006 ἀνέλπιστον,
1046 3939 1233 3993 ὥσπερ
1274 3936 1609 4002 ἐνδείξασθαι
1644 3936 1962 4006 βουλόμενος
1987 3935 2069 3987 ὅτι
2090 3931 2255 3987 αὐτοῦ
2277 3930 2511 4002 βεϐαίως
2540 3929 2689 3983 ἐστὶν
2723 3930 2755 3981 ἡ
2787 3930 2883 3998 γῆ.

410 4086 555 4158 [Ὅτι
611 4082 926 4158 Ἰσοκράτης
983 4079 1342 4158 ἀνθηρότερον
1375 4074 1888 4158 “εἵπ“εν,.οῦτω.τὴπ

2081 4074 2515 4158 [Floridius'hoc
2548 4072 2692 4158 dixit.
2710 4070 3006 4158 lsqcrajtes,
3026 4068 3261 4158 siet-ein
3275 4066 3589 4158 Elii-titillari;

339 4136 926 4229 nptdétvvdm—aﬁsilae;
952 4170 968 4205 t
995 4136 1266 4229 Ιςαθᾷπερ
1294 4150 1430 4229 πρὸς
1453 4149 1543 4199 τὸν
1558 4136 1655 4229 Δία
1681 4148 1748 4199 τὰ
1771 4136 1888 4225 δντίέ

2010 4136 2173 4199 veluti
2216 4161 2335 4198 cum
2370 4144 2502 4229 Jove
2540 4152 2728 4229 creata
2757 4140 3032 4229 1dividens,
3066 4138 3181 4193 Jovi
3237 4140 3454 4204 caelum,
3492 4136 3591 4191 sibi

340 4209 786 4304 agatvétgaittev'oéz
825 4209 920 4304 καὶ
956 4226 1043 4304 ,τῷ
1084 4221 1187 4304 μὲν
1212 4209 1767 4304 η’Δι“ι’παραχωρήσας
1810 4215 1888 4269 τοῐ

2010 4231 2141 4273 vero
2169 4225 2366 4269 terram
2399 4209 2777 4281 distribuens.]

339 4288 796 4367 οὐρανοῦ,’ἐαυτῷ
834 4296 889 4348 δὲ
916 4288 1026 4366 τὴν
1046 4288 1232 4364 ﬁmi]
1936 4320 1982 4367 ῃ
2851 4362 2864 4367 _
3083 4359 3096 4367 _
3309 4358 3323 4367 .
3495 4355 3507 4367 .

413 4355 484 4441 Ἦ
511 4355 695 4450 ποίους
722 4355 838 4419 ³¹ί³²
868 4355 1068 4455 φόϐους
1096 4355 1348 4454 ἐγγείους
1377 4383 1410 4453 ἢ
1445 4377 1764 4441 θαλαττίους
1787 4374 1888 4447 οὐχ

2085 4366 2232 4434 Quos
2264 4374 2500 4422 terrores
2550 4376 2695 4419 terra
2730 4362 2975 4431 marique
3015 4359 3127 4413 suis
3152 4373 3258 4413 non
3309 4355 3537 4410 incussit
3571 4355 3596 4409 ἲ

342 4479 645 4533 συνέστειλε
673 4482 783 4543 τοῖς
815 4478 943 4549 παρ’
973 4476 1171 4541 αὐτοῦς
1202 4469 1263 4529 οὗ
1289 4475 1387 4537 τὰς
1421 4472 1651 4535 ἀπειλὰς
1694 4470 1888 4541 πρῶτοε

2017 4462 2172 4533 cujus
2202 4460 2375 4513 minas
2401 4458 2631 4525 primum
2673 4468 2830 4508 nemo
2864 4461 3078 4522 poterat
3106 4448 3329 4504 attentis
3373 4447 3594 4502 auribus

340 4572 443 4626 οὐκ
460 4568 526 4644 ἦν
560 4570 759 4624 ἐστῶσι
805 4543 916 4634 τοῖς
948 4569 1080 4623 ὠσὶν
1112 4567 1365 4621 ἀκοῦσαι.
1405 4564 1547 4620 Ἀλλ’
1586 4564 1799 4630 ἀπῆγον
1827 4563 1888 4622 εἰς

2022 4557 2227 4617 audire,
2262 4566 2387 4608 cum
2419 4550 2485 4603 ad
2518 4548 2736 4602 ultimas
2765 4557 2921 4600 terrae
2950 4545 3084 4598 fines
3119 4543 3591 4612 progrederemur,

343 4660 547 4730 ἔσχατα
580 4659 704 4728 γῆς,
724 4660 818 4713 καὶ
844 4657 1141 4729 προῦλεγεν
1163 4656 1198 4711 ἃ
1228 4654 1453 4727 μηδενὸς
1470 4650 1539 4725 ἦν
1564 4653 1741 4724 εὑρεῖν
1774 4650 1888 4721 πλὴε

2020 4663 2081 4703 ea
2126 4646 2496 4717 praedicentes,
2530 4655 2650 4710 quae
2683 4654 2747 4693 ex
2794 4645 2965 4706 ipsius
2999 4645 3205 4690 tantum
3252 4647 3464 4704 ingenio
3504 4646 3598 4701 po-

344 4724 555 4804 ἐκείνου
585 4724 650 4803 ίδξ
671 4750 793 4803 Ἐτι
819 4724 1261 4803 δέ“Ἀτλαντικοῦ
1288 4724 1555 4816 πελάγους
1587 4743 1886 4815 κληρουχία

2026 4746 2203 4793 terant
2264 4735 2501 4804 prodire.
2554 4729 2814 4785 Atlantici
2860 4729 3091 4798 denique
3143 4726 3309 4781 maris
3356 4724 3597 4781 colonias

346 4841 575 4911 ἀτίμους
596 4840 831 4910 ἠπείλει,
865 4839 958 4892 καὶ
997 4841 1102 4910 γῆς
1139 4838 1355 4908 ποίησιν
1386 4836 1491 4900 ἐξω
1526 4836 1627 4906 τῆς
1660 4834 1885 4904 οἰκουμέ

2020 4827 2158 4883 viles
2188 4826 2546 4889 redditurum,
2593 4832 2647 4876 et
2692 4829 2846 4874 extra
2884 4836 3004 4875 eam
3037 4833 3157 4887 qua:
3186 4818 3459 4871 habitatur
3491 4824 3597 4868 ter-

349 4905 487 5004 νης,
541 4905 1598 5004 ἢν-ἀναγκάσειν-ηκρωτηριασμένους
1645 4922 1881 4996 προσχοῦ

2023 4935 2161 4982 ram,
2193 4916 2536 4972 conditarum
2566 4929 2583 4966 :
2627 4911 2844 4980 jamque
2873 4910 3021 4980 ipsos
3049 4916 3361 4963 coacturum
3391 4905 3599 4960 mutila-

352 4997 432 5089 εἰς
465 5024 525 5077 τὸ
559 4997 815 5093 πέλαγος,
1038 5020 1081 5052 ³⁵
1117 4997 1214 5073 μὲν
1245 5017 1590 5082 ἀντλοῦντας,
1621 5014 1829 5086 πέτρας
1861 5012 1888 5067 δ

2025 5020 2108 5067 tos
2157 5011 2213 5066 in
2267 5022 2414 5062 mare
2444 5018 2795 5077 exaggerare,
2846 5018 2985 5073 aqua
3018 5002 3303 5068 exhausta,
3336 4997 3599 5068 lapidibus

1613 5186 1851 5245 VARIAS
1896 5182 2192 5243 LECTION
2202 5183 2307 5240 ES.

427 5401 471 5433 ιο
496 5396 718 5468 ἔτρεψεν
745 5398 806 5450 Α.
885 5398 925 5429 η
948 5396 1172 5468 ἀήθειαν
1203 5395 1247 5468 Α
1271 5409 1286 5448 =
1310 5392 1564 5468 ἀλήρεροεγ
1595 5409 1656 5455 ς·
1673 5461 1701 5468 _
1808 5384 2208 5468 δτιερτίαξέσθειι
2240 5384 2311 5468 ιξε
2336 5377 2768 5468 emissis“?
2793 5393 2881 5468 ἢ,
2914 5374 3332 5468 £339.“???-
3355 5372 3595 5468 “"333:

354 5443 1164 5563 ἐγρξ,’¹,ξῗ’ἶῖέηέἦιη.,’ὶ,δὶξέ
1189 5443 1295 5563 ςιξς.
1305 5443 1378 5563 [:2
1387 5443 1649 5563 Risui:
1659 5460 1794 5563 .923?-
1817 5443 1962 5563 F‘i‘i
1974 5454 2308 5563 :1:!:£-..:“:..’.f
2338 5443 2758 5563 “EF-milia
2779 5443 3604 5563 53.13“?'P;?£Z;.1".f‘ii§?

356 5512 597 5606 δὲίᾶιῖξέ
630 5512 1040 5606 «dabam?
1060 5512 1164 5606 "7'"
1189 5512 1520 5606 ὲῖευρέὲίρν]
1549 5512 1669 5583 iis»
1700 5544 1779 5606 vr:
1810 5531 1875 5589 Α,
1909 5527 2158 5606 ἐλευσῖνα
2181 5539 2329 5606 corr:
2390 5512 2758 5606 _".;'EF”1°:V1
2779 5512 3599 5606 9395.9.-.513.é‘:3§l!’.:3‘§~

360 5581 561 5677 3633]
585 5581 1040 5677 vel;
1058 5604 1154 5677 μεν
1179 5581 1583 5677 ῦπερϐσίλέτσῧαήι
1608 5581 1716 5677 oni:
1742 5598 1807 5663 A,
1906 5605 2212 5677 correctore
2247 5592 2414 5677 habet.
2438 5590 2498 5643 Β.
2527 5581 3048 5677 ὑπερϐαλέσθαιιξξ
3066 5581 3502 5677 ῦ-περϐἀλλεσθαι
3535 5595 3597 5645 ς.

366 5653 561 5733 ⁸³3³νῖ
588 5653 810 5747 ’ποίοῖςξ
861 5690 910 5745 p.
950 5653 1498 5743 ιιιιίεδποίους
1532 5686 1641 5725 om.
1668 5668 1730 5720 Α.
1794 5653 1806 5663 ’
1845 5666 1889 5698 ³³
1920 5664 2126 5719 ἐκείνου
2160 5664 2202 5715 Λ
2250 5679 2263 5714 :
2302 5661 2508 5715 ἐκείνου
2546 5653 2707 5728 μόνου
2736 5674 2774 5720 ς
2905 5656 2949 5688 ³⁵
2972 5653 3115 5723 ὓδωρ
