4012 6236
477 237 615 308 1467

1651 255 1913 316 PHOTll
1953 257 2455 318 PATRIARCH/E
2486 260 2594 320 ΟΡ.

3579 262 3711 325 1468
3787 213 3807 231 “

469 360 703 426 effossis,
730 369 935 422 tantum
964 365 1225 424 habentes
1253 365 1644 434 membrorum,
1684 380 1944 438 quantum
1975 369 2042 422 ad

2145 368 2467 438 όρὺττοντας
2481 372 2548 439 ³⁸,
2562 372 2797 426 τοσαῦτα
2817 373 3040 444 ἔχοντας
3067 372 3164 428 τοῦ
3193 372 3462 442 σώματος,
3480 373 3581 427 ὅσα
3601 375 3711 435 τοῖς

471 467 608 522 opus
635 452 922 512 sufficeret.
945 455 1058 512 Nec
1090 472 1220 514 vero
1245 472 1368 515 cum
1393 459 1495 515 ista
1527 470 1636 515 tam
1659 460 1900 524 insolita,
1930 475 2050 515 om-

473 546 638 617 nique
662 557 803 603 metu
847 549 1051 617 majora
1087 551 1323 606 minatus
1345 561 1512 618 esset,
1561 552 1828 614 substitit,
1859 567 2046 607 verum

474 633 631 698 factis
659 637 817 690 verba
851 636 1008 710 longe
1046 642 1342 709 superavit,
1374 651 1733 710 praeterquam
1758 643 1901 713 quod
1927 643 2046 696 urbi

471 727 604 782 nihil
633 731 806 800 potuit
831 747 1048 789 nocere.
1074 735 1243 791 Athos
1265 734 1461 806 403a
1503 737 1568 789 ad
1605 737 1680 791 rei
1729 737 2045 790 memoriam

472 817 693 876 relictus
734 830 836 878 est.
871 823 1071 879 Cameli
1107 841 1237 882 vero
1271 836 1376 881 tam
1426 827 1574 882 aurei
1613 843 1774 896 quam
1805 826 2044 894 argentei

473 911 836 980 collucebaut,
869 916 1242 986 longissimum
1285 927 1616 988 occupantes
1650 921 1908 988 spatium.
1949 917 2043 972 Sin

473 1004 722 1059 umbram
760 1007 1118 1073 desiderabat,
1149 1019 1346 1077 praesto
1374 1020 1492 1066 erat
1523 1011 1686 1066 arbor
1717 1026 1898 1069 aurea,
1925 1026 2044 1080 qua:

474 1097 720 1156 umbram
753 1097 976 1158 faceret.
996 1099 1180 1172 Itaque
1207 1112 1262 1157 et
1291 1114 1448 1158 nocte
1470 1117 1602 1157 auro
1625 1112 1788 1173 atque
1819 1113 2044 1173 argento

473 1188 636 1255 diem,
677 1189 929 1257 interdiu,
965 1207 1087 1248 cum
1119 1209 1247 1248 suos
1285 1194 1515 1264 jaculari
1542 1195 1778 1262 iuberet,
1832 1207 2041 1250 noctem

472 1276 776 1334 inducebat.
831 1281 936 1336 Sed
975 1291 1029 1338 et
1073 1282 1293 1339 Graecos
1337 1286 1402 1338 ad
1441 1301 1728 1342 commune
1765 1294 2041 1340 certamen

471 1373 822 1440 convocabat,
872 1375 1014 1442 quod
1077 1377 1440 1443 erubesceret,
1500 1385 1557 1432 ut
1609 1379 1875 1442 arbitror,
1924 1381 2040 1434 sola

471 1475 532 1515 se
562 1461 812 1526 barbaris
849 1464 1034 1522 Grmca
1065 1481 1360 1536 opponere,
1405 1477 1466 1522 ut
1504 1471 1644 1536 apud
1670 1469 2039 1524 Marathonem

471 1554 694 1612 fecerat.
737 1555 848 1612 Nec
895 1558 1038 1614 enim
1087 1559 1140 1613 in
1183 1560 1304 1615 aliis
1343 1560 1458 1629 ipsa
1499 1576 1647 1630 spem
1699 1561 1889 1616 salutis
1928 1577 2042 1616 suae

471 1648 726 1716 ponebat,
761 1665 945 1704 verum
981 1651 1092 1715 alii,
1135 1653 1228 1719 qui
1261 1652 1432 1708 salute
1471 1652 1630 1708 simul
1681 1662 1736 1708 et
1789 1653 2041 1710 libertate

470 1737 796 1808 indigerent,
829 1741 880 1796 iu
911 1742 1028 1811 ipsa
1070 1759 1219 1812 spem
1277 1758 1428 1798 suam
1489 1743 1833 1799 collocarant.
1911 1745 2042 1810 Qua:

467 1842 646 1885 autem
681 1847 918 1901 unquam
957 1835 1036 1890 vel
1090 1835 1344 1889 alacritas
1399 1837 1728 1904 praeclarior,
1777 1836 1860 1889 vel
1919 1837 2042 1890 ani-

468 1924 542 1976 mi
606 1923 868 1980 fortitudo
926 1925 1230 1982 evidentior
1290 1927 1342 1981 in
1381 1927 1502 1982 ullis
1537 1928 1844 1984 hominibus
1873 1929 2042 1984 exsti-

472 2015 585 2070 tit?
617 2015 751 2078 Cum
796 2017 846 2070 bi
878 2026 1020 2080 terra
1050 2019 1332 2082 cesserint,
1370 2035 1437 2072 ne
1468 2023 1548 2073 vel
1596 2029 1738 2074 terra
1781 2021 1864 2075 vel
1906 2021 2040 2075 mari

469 2107 757 2174 servirent,
810 2109 950 2176 quod
994 2123 1174 2163 rerum
1219 2124 1440 2168 suarum
1488 2120 1541 2164 et
1576 2111 2039 2168 conservationem

471 2199 527 2251 in
559 2199 834 2258 servitutis
860 2202 1224 2269 occasionem,
1248 2209 1301 2260 et
1321 2204 1665 2258 amissionem
1696 2206 1750 2260 in
1782 2222 2040 2263 novarum

466 2307 630 2362 npum
684 2295 1022 2360 subsidium,
1068 2299 1376 2353 vertendam
1427 2302 1823 2365 existimarent,
1869 2303 1941 2356 ita
1981 2312 2042 2357 ut

469 2384 696 2439 aliorum
714 2385 982 2453 fortunas,
1001 2404 1219 2443 suarum
1238 2390 1445 2458 jactura
1467 2403 1767 2446 tuerentur.
1788 2394 2038 2456 Proinde.

467 2485 648 2532 utrum
705 2477 926 2544 malitis,
983 2480 1188 2550 eligite.
1241 2481 1364 2538 Haec
1414 2499 1545 2552 ergo
1585 2500 1702 2538 cum
1756 2485 2039 2550 dixissent,

470 2584 596 2624 num
629 2569 750 2628 aliis
782 2573 980 2636 verbis,
1007 2589 1169 2643 quam
1191 2589 1310 2644 qua:
1333 2589 1458 2628 cum
1490 2575 1747 2642 aequitate
1776 2590 2045 2644 congrue-

467 2666 613 2722 rent,
661 2675 762 2716 nec
801 2671 983 2718 essent
1023 2664 1074 2717 in
1115 2663 1206 2719 tali
1253 2665 1576 2720 necessitate
1623 2667 2040 2733 contemnenda,

467 2751 552 2805 usi
603 2751 832 2808 fuissent
869 2755 894 2808 ἲ
937 2755 996 2811 Si
1041 2766 1218 2813 tamen
1249 2759 1412 2813 etiam
1458 2760 1762 2814 communia
1812 2759 2045 2815 fuissent

466 2842 672 2909 omnia,
727 2847 940 2902 nemine
981 2847 1209 2905 alterum
1260 2859 1573 2918 superante,
1616 2866 1914 2921 omnesque
1972 2866 2039 2907 ex

465 2949 624 3002 aequo
677 2938 1117 3012 contribuissent,
1175 2941 1402 2996 ducibus
1439 2941 1654 3013 insuper
1686 2942 1928 3013 paribus,
1983 2954 2044 2998 ut

469 3037 726 3097 tanquam
763 3031 817 3085 in
864 3031 1150 3088 collatione
1195 3034 1488 3099 communi,
1520 3050 1617 3105 pro
1644 3050 1826 3091 rerum
1865 3039 2042 3106 quali-
2073 3063 2115 3122 ο

471 3129 582 3176 tate
629 3124 793 3177 duces
845 3123 1046 3179 fuerint
1087 3127 1492 3191 constituendi,
1551 3143 1732 3185 nonne
1781 3129 1854 3185 illi
1905 3131 2047 3187 inter

469 3228 660 3267 omnes
703 3222 758 3268 ut
793 3215 969 3269 sidera
1019 3216 1324 3285 elucebant,
1350 3220 1703 3291 omniumque
1749 3236 2049 3292 conseque-

470 3305 668 3361 bantur
712 3306 1011 3380 suffragla?
1043 3309 1203 3380 idque
1264 3326 1368 3366 non
1421 3312 1582 3370 modo
1622 3315 1865 3369 scicntia:
1901 3316 2044 3386 jure,

471 3398 622 3467 quod.
651 3399 724 3455 illi
761 3401 940 3457 minus
977 3402 1383 3469 existimabant,
1415 3421 1722 3476 quanquam
1771 3419 1952 3464 tamen
1990 3411 2048 3465 ia-

472 3489 672 3546 talibus
716 3493 945 3563 negotiis
985 3509 1255 3550 summum
1307 3511 1427 3552 esse
1466 3498 1625 3554 solet.
1668 3499 1775 3554 Alii
1830 3501 2044 3570 quidem

473 3583 691 3640 nomine
723 3586 1045 3654 gaudebant,
1089 3587 1178 3642 alii
1211 3588 1384 3645 officio
1411 3589 1608 3645 ducum
1658 3591 2043 3662 fungebantur,

471 3691 644 3744 eoque
671 3676 930 3746 majorem
962 3677 1315 3734 obtinuerunt
1358 3681 1701 3750 dignitatem,
1737 3685 1880 3753 quod
1919 3685 2048 3755 ipsis

474 3769 887 3836 imperatorilms
928 3770 1283 3840 imperabant.
1328 3771 1471 3827 Nihil
1501 3775 1723 3839 etenim,
1775 3778 1916 3846 quod
1954 3779 2042 3832 nni

471 3860 686 3915 cuidam
723 3861 1135 3916 Atheniensium
1187 3862 1607 3930 improbaretur,
1663 3881 1842 3919 rarum
1877 3869 2045 3921 habe-

472 3951 655 4008 batur.
688 3952 1024 4022 Quapmpter
1052 3962 1106 4006 ut
1142 3951 1674 4009 Lacedaemoniorum
1705 3957 1814 4010 dux
1853 3957 2045 4027 singu-

475 4041 649 4095 larum
691 4043 907 4096 navium
948 4042 1250 4111 imperabat
1291 4045 1539 4110 ducilms,
1575 4047 1646 4099 ita
1696 4048 2044 4105 Atheniensis

473 4133 668 4188 ducum
701 4133 846 4188 duci.
902 4134 970 4189 Et
1017 4136 1292 4190 enimvero
1325 4136 1728 4196 demonstrandi
1779 4141 2040 4208 studium,

472 4235 761 4290 sermoque
787 4222 923 4277 alius
955 4221 1024 4276 ab
1047 4223 1150 4279 alio
1171 4229 1376 4288 tractus
1409 4225 1620 4292 longius
1651 4242 1747 4282 nos
1783 4230 2040 4298 abduxit;

471 4323 802 4384 quapropter
823 4314 1075 4382 quoniam
1103 4315 1170 4371 de
1198 4315 1394 4384 quibus
1419 4317 1665 4372 volebam
1683 4319 1901 4374 interim
1933 4321 2042 4377 dis-

472 4405 639 4471 serui,
665 4404 860 4476 £036
892 4407 958 4461 ad
989 4422 1100 4462 rem
1132 4409 1302 4476 ipsam
1337 4413 1517 4464 redeo.

541 4496 690 4564 Quos
725 4512 855 4569 ergo
885 4499 1221 4566 pulchriores
1261 4501 1344 4556 his
1390 4502 1630 4567 virtutis,
1665 4505 1748 4559 vel
1781 4505 2040 4573 cultores,

470 4588 555 4642 vel
602 4589 1057 4645 demonstratores
1100 4593 1401 4661 reperias?
1447 4595 1536 4662 qui
1591 4611 1688 4649 nec
1732 4611 1884 4663 auro,
1941 4613 2041 4653 nec

473 4689 716 4750 argento,
771 4695 871 4735 nec
912 4680 1080 4753 ferro,
1112 4697 1212 4737 nec
1252 4699 1310 4738 re
1341 4685 1573 4754 denique
1612 4689 1717 4740 ulla
1761 4688 1903 4743 vinci
1943 4705 2040 4757 po-

473 4781 711 4835 tuerunt,
744 4771 823 4826 sic
849 4782 910 4827 ut
939 4774 1052 4828 haec
1075 4775 1256 4828 omnia
1303 4790 1408 4830 non
1449 4776 1704 4845 majorem
1734 4779 1845 4846 regi
1885 4795 2040 4834 usum

470 4861 744 4928 aﬂerrent,
780 4879 941 4932 quam
969 4865 1012 4920 si
1038 4865 1201 4920 etiam
1224 4875 1333 4920 tum
1367 4868 1465 4921 sub
1499 4877 1641 4922 terra
1675 4869 2039 4937 delituisscnt,

469 4971 592 5012 cum
634 4956 709 5011 illi
751 4967 1118 5027 paupertatem
1169 4958 1392 5024 divitiis,
1448 4961 1722 5014 securitati
1776 4962 2036 5032 perii-uia,

472 5049 798 5106 humanitati
857 5050 999 5121 regis
1061 5061 1222 5106 tanta
1301 5052 1563 5122 justitiam
1637 5065 2032 5136 prmpnnerettl.

2148 462 2329 532 ἔργοις
2354 464 2598 534 ἀρκέσει.
2618 466 2729 519 Καὶ
2753 466 2853 520 οὑκ
2885 467 3098 536 ἠπείλει
3125 466 3223 537 μὲν
3249 465 3422 529 οὕτως
3449 465 3591 535 ἀήθη
3615 467 3714 519 καὶ

2148 552 2414 623 ὑπερόρια
2446 552 2542 605 καὶ
2573 553 2740 623 φόϐου
2767 553 3012 625 μείζω³⁸,
3033 553 3349 623 ἐτελεύτησε
3372 554 3417 607 δ’
3436 553 3706 606 ἐνταῦθα·

2145 640 2260 694 ἀλλ’
2289 643 2577 713 ἀπέκρυψε
2604 646 2718 708 τοῖς
2760 644 2942 716 ἔργοις
2964 645 3062 709 τὰς
3095 644 3344 710 ἀπειλὰς,
3371 645 3499 700 ἀνευ
3531 643 3626 698 τοῦ
3659 660 3713 698 τι

2144 731 2434 804 δυνηθῆναι
2467 735 2612 804 λέγω
2638 736 2701 805 δὴ
2729 737 3032 808 χρήσασθαι
3053 739 3118 808 τῇ
3150 738 3320 792 πόλει.
3352 738 3461 792 Καὶ
3485 737 3514 789 6
3537 737 3716 801 ’Λθως

2144 824 2267 877 ἀντὶ
2306 827 2508 896 στήλης
2533 827 2610 897 τῷ
2639 827 2784 898 ἔργῳ
2815 828 3108 882 λέλειπται.
3135 828 3383 898 Κάμηλοι
3411 827 3468 881 δὲ
3509 828 3714 898 χρυσοῦ

2146 917 2240 969 καὶ
2263 917 2504 988 ἀργύρου
2537 918 2906 986 κατέλαμπον,
2924 919 3047 973 ὅσον
3076 919 3336 989 μήκιστον
3360 917 3576 982 ἀνύσαι,
3594 935 3718 971 τοσ-

2147 1008 2301 1060 οῦτον
2332 1007 2649 1078 ὑπέχουσαι.
2681 1010 2743 1062 El
2785 1009 2830 1062 6’
2861 1009 3218 1081 ἐπιθυμήσειε
3264 1011 3420 1072 σκιᾶς
3442 1049 3457 1075 ,
3502 1010 3723 1080 δένδρον

2145 1094 2214 1170 ἦν
2241 1100 2390 1169 αὑτῷ
2418 1101 2650 1170 χρυσοῦν
2681 1104 2712 1171 ἡ
2745 1101 3060 1155 σκιά.Ὠστε
3107 1101 3320 1172 νύκτωρ
3372 1102 3470 1171 μὲν
3515 1102 3720 1172 ἠστρα-

2146 1207 2278 1244 πτεν
2326 1191 2554 1262 ἀργύρῳ
2597 1193 2692 1245 καὶ
2739 1192 3008 1264 χρυσῷ³⁹,
3043 1190 3162 1264 μεθ’
3185 1193 3397 1264 ἡμέραν
3444 1193 3502 1246 δέ
3545 1193 3718 1245 νύκτα

2142 1282 2365 1350 ἐπῆγεν,
2389 1282 2587 1354 ὁσαχοῦ
2610 1283 2861 1348 τοξεῦσαι
2883 1284 3212 1340 κελεύσειεν.
3231 1285 3391 1337 Ἀλλά
3402 1283 3570 1347 Ι’⁸τούς
3598 1301 3660 1337 τε
3675 1285 3719 1315 ⁸⁸

2143 1372 2413 1444 ’Έλληνας
2463 1373 2744 1427 συνεκάλει
2796 1375 2932 1446 πρὸς
2975 1374 3068 1427 τὸν
3107 1375 3294 1442 ἀγῶνα
3307 1375 3352 1406 ⁸⁸
3386 1375 3476 1427 τὸν
3516 1374 3720 1438 κοινὸν,

2141 1465 2502 1536 αἰσχυνομένη
2538 1466 2716 1519 δοκεῖν
2765 1483 2854 1535 μοι
2905 1467 3038 1537 μόνη
3070 1465 3304 1537 φανῆναι
3343 1467 3424 1537 τῷ
3455 1467 3720 1538 βαρϐάρῳ

2141 1556 2394 1626 καθάπερ
2439 1558 2702 1629 πρότερον
2740 1559 3059 1630 Μαραθῶνι.
3094 1559 3170 1614 Οὑ
3209 1558 3318 1629 γὰρ
3366 1559 3505 1629 αὑτὴ
3550 1575 3616 1626 γε
3661 1559 3722 1611 ἐν

2143 1647 2324 1711 ἄλλοις
2355 1642 2468 1718 εἶχε
2501 1648 2600 1712 τάς
2625 1648 2848 1712 ἐλπίδας
2878 1651 2976 1719 τῆς
3012 1650 3304 1720 σωτηρίας,
3337 1649 3474 1702 ἀλλὰ
3517 1649 3720 1712 πάντες

2145 1735 2290 1810 εἶχον
2317 1741 2376 1792 ἐν
2399 1740 2536 1811 αὐτῇ
2567 1741 2666 1804 τὰς
2701 1741 2841 1812 ὑπὲρ
2863 1740 3064 1795 αὑτῶν.
3097 1741 3352 1796 Καίτοιδδ
3381 1741 3466 1804 τίς
3511 1739 3722 1808 προθυ-

2149 1833 2248 1902 μία
2271 1832 2645 1902 λαμπροτέρα,
2674 1833 2759 1898 τίς
2779 1833 3012 1904 εὐψυχία
3039 1835 3396 1906 φανερωτέρα
3425 1833 3589 1889 τίνων
3622 1831 3724 1886 Ελ-

2145 1924 2323 1993 λήνων
2373 1923 2408 1994 ἢ
2462 1922 2718 1987 καθάπαξ
2771 1925 2945 1978 εἰπεῖν
2992 1922 3295 1993 ἀνθρώπων
3348 1921 3725 1986 ἐξετάζοντιδδ

2147 2017 2444 2086 φανήσεται
2469 2035 2483 2083 ;
2526 2018 2589 2070 Οἳ
2606 2017 2650 2050 ⁸⁵
2680 2017 2780 2086 τῆς
2840 2017 2943 2086 γῆς
2969 2015 3264 2086 ἐξέστησαν
3293 2015 3432 2082 ὑπὲρ
3459 2014 3556 2068 τοῦ
3583 2016 3724 2084 μήτε
3787 2083 3796 2094 ,

2147 2107 2206 2159 ἐν
2234 2107 2303 2176 γῇ
2341 2107 2477 2176 μήτε
2506 2106 2562 2156 ἐν
2592 2104 2834 2176 θαλάσσῃ
2865 2104 3180 2172 δουλεῦσαι,
3211 2104 3272 2158 τὸ
3305 2105 3407 2174 μὲν
3438 2106 3628 2176 τηρεῖν
3651 2103 3725 2156 τὰ

2147 2197 2459 2266 ὑπάρχοντα
2487 2195 2729 2259 δουλείας
2759 2197 2933 2266 ἀρχὴν
2966 2197 3286 2266 νομίσαντες
3325 2193 3464 2249 εἶναι
3483 2239 3496 2259 ,
3526 2195 3624 2266 τὴν
3663 2195 3724 2248 δὲ

2145 2287 2256 2342 τῶν
2281 2288 2448 2341 ὄντων
2478 2287 2730 2358 στέρησιν
2761 2284 3012 2356 ἀφορμὴν
3041 2285 3152 2338 τῶν
3176 2285 3479 2355 μελλόντων
3498 2284 3725 2353 ἀγαθῶν

2147 2381 2522 2450 ποιησάμενοι,
2547 2379 2787 2440 καὶτοὺς
2820 2377 3042 2448 ἔχοντας
3067 2379 3132 2432 τὰ
3164 2378 3370 2432 ἑαυτῶν
3394 2378 3596 2441 ἔσωζον
3617 2379 3693 2444 ἀφ
3709 2378 3726 2398 ’

2146 2469 2222 2526 ὧν
2254 2472 2406 2526 αὑτοὶ
2435 2472 2688 2542 πρόοιντο
2705 2472 2750 2502 ’⁵⁸
2779 2472 2877 2540 τὴν
2908 2469 3134 2524 ἐαυτῶν.
3173 2470 3347 2542 [Πρὸς
3361 2471 3405 2501 ⁸⁷
3436 2469 3611 2522 ταῦτα
3635 2471 3724 2522 αί-

2151 2564 2330 2636 ρεῖσθε
2389 2564 2628 2633 ὁπότερα
2647 2562 2727 2636 δη]
2770 2560 2922 2635 ἆρ⁹ἢ
2979 2564 3056 2634 τῷ
3107 2563 3303 2634 δικαίῳ
3353 2562 3545 2630 λόγους
3599 2563 3726 2631 οὑχὶ

2149 2655 2310 2728 [12Ξο
2350 2655 2441 2728 IL]
2473 2655 2887 2725 συμϐαίνοντας,
2917 2657 2952 2728 ἦ
2984 2658 3105 2718 ταῖς
3145 2655 3385 2728 [65811.]
3417 2655 3724 2726 παρούσαις

2147 2751 2410 2819 ἀνάγκαις
2447 2751 2591 2812 οἵους
2639 2752 2872 2820 ἐγχωρεῖ
2905 2750 3173 2820 παριδεῖν,
3205 2747 3354 2804 εἷπον
3384 2750 3469 2814 ἂν,
3503 2750 3551 2802 εί
3593 2747 3723 2801 τού-

2145 2859 2260 2903 τοις
2289 2842 2560 2912 ἐχρῶντο;
2590 2840 2730 2894 Ἀλλ’
2755 2842 2804 2893 εί
2833 2843 2984 2895 κοινά
3014 2841 3116 2912 μὲν
3140 2841 3317 2896 πάντα
3342 2837 3429 2913 ἦν,
3456 2841 3643 2911 μηδεὶς
3663 2839 3728 2893 δὲ

2148 2937 2401 3008 ὑπερεῖχε
2433 2935 2677 3007 μηδενὸς,
2710 2936 2908 3000 πάντες
2957 2935 3011 2989 δ’·
3033 2934 3090 3002 ἐξ
3135 2937 3250 2990 ῐσου
3305 2934 3638 2999 συνετέλουν,
3671 2936 3725 2986 ot

2146 3028 2200 3083 δὲ
2217 3029 2262 3063 ⁵³
2296 3029 2559 3099 ναύαρχοι
2587 3027 2984 3099 παραπλησίως
3015 3023 3161 3098 εἶχον
3187 3026 3286 3089 τὰς
3316 3026 3506 3094 φύσεις
3551 3025 3722 3096 ἀλλή-

2146 3123 2258 3185 λοις
2279 3123 2345 3187 ⁸⁸,
2377 3124 2567 3192 ἔρανος
2595 3122 2641 3175 δ’
2663 3117 2750 3191 ἦν,
2781 3119 2886 3174 ἔδει
2915 3119 2959 3172 δ’
2980 3122 3046 3173 ἐκ
3071 3119 3182 3174 τῶν
3207 3118 3558 3188 ὑπαρχόντων
3591 3133 3724 3170 σκε-

2143 3215 2416 3286 ψαμένους
2436 3216 2478 3250 ⁵⁸
2508 3215 2635 3278 τοὺς
2659 3214 3030 3284 ἡγησομένους
3067 3211 3442 3281 καταστῆσαι,
3476 3212 3595 3274 πῶς
3623 3210 3727 3264 οὑκ

2145 3309 2342 3360 ἐκεῖνοι
2391 3306 2478 3359 διὰ
2527 3307 2746 3359 πάντων
2779 3305 3084 3375 ἐξέλαμπον
3127 3304 3317 3375 ὥσπερ
3343 3304 3610 3372 ἀστέρες;
3643 3304 3723 3357 Οὐ

2149 3399 2256 3470 μὴν
2284 3397 2474 3470 ὥσπερ
2492 3399 2538 3433 ⁵¹
2569 3400 2681 3461 τοῖς
2707 3397 3050 3468 ψηφίσμασιν
3082 3399 3179 3451 καὶ
3205 3396 3284 3468 τῷ
3319 3398 3458 3468 κέρᾳ
3487 3397 3584 3466 τῆς
3615 3413 3724 3449 πα-

2149 3490 2444 3563 ρατάξεως,
2477 3490 2620 3544 οὑτω
2667 3491 2772 3544 κάν
2821 3491 2941 3554 ταῖς
2991 3489 3223 3560 πράξεσι
3278 3489 3377 3559 τὴν
3424 3487 3729 3558 ἡγεμονίαν

2146 3581 2350 3652 ἐτέροις
2381 3583 2648 3653 παρεῖσαν
2663 3579 2711 3612 ⁵³
2739 3579 2941 3646 πόθεν;
2967 3578 3111 3634 Ἀλλ’
3139 3581 3188 3634 oi
3241 3579 3342 3650 μὲν
3389 3579 3562 3650 ὄνομα
3590 3581 3726 3649 ἠγε-

2149 3673 2326 3742 μόνων
2344 3715 2360 3739 ,
2387 3675 2435 3726 οἱ
2464 3673 2522 3725 δὲ
2550 3672 2690 3744 ἔργα
2716 3672 3058 3743 παρείχοντο.
3093 3673 3206 3726 Καὶ
3237 3671 3476 3742 τοσούτῳ
3505 3671 3728 3724 κάλλιον

2146 3763 2330 3827 αὐτοῖς
2361 3763 2422 3816 τὸ
2453 3762 2637 3833 σχῆμα
2668 3762 2962 3817 καθίστατο
2983 3802 2998 3828 ,
3033 3763 3143 3833 ὅσῳ
3170 3763 3280 3817 τῶν
3312 3764 3595 3833 ἡγεμόνων
3623 3763 3725 3817 αὑ-

2144 3857 2254 3914 τῶν
2299 3853 2444 3928 εῐχον
2470 3857 2570 3928 τὴν
2598 3856 3045 3927 ἡγεμονίαν.”οτι
3073 3855 3181 3927 γὰρ
3208 3856 3509 3928 Ἀθηναίων
3539 3858 3616 3928 μὴ
3643 3857 3727 3910 δό-

2146 3949 2288 4017 ξειεν
2335 3949 2436 4016 ἐνὶ,
2468 3950 2624 4004 πάντ’
2655 3945 2724 4020 ἦν
2775 3947 2919 4020 Ιτῶν
2950 3948 3126 4004 ἀλλων
3159 3949 3462 4022 Ἑλλήνων]
3515 3951 3722 4020 ἄκυρα,

2145 4041 2274 4097 ὥσθ’
2296 4043 2324 4096 6
2347 4041 2446 4114 μὲν
2473 4042 2914 4112 Λακεδαιμονίων
2935 4042 3204 4112 ναύαρχος
3233 4040 3340 4094 τῶν
3363 4041 3456 4108 ἀφ’
3477 4042 3725 4095 ἑκάστων

2145 4132 2420 4203 ἀρχόντων
2447 4128 2638 4203 ἦρχεν,
2675 4134 2703 4185 6
2729 4132 2785 4186 δὲ
2824 4133 2930 4186 τῶν
2960 4131 3260 4201 Ἀθηναίων
3303 4130 3568 4203 ἄρχοντος
3618 4132 3723 4202 ἀρ-

2144 4220 2366 4290 χόντων.
2384 4219 2544 4274 Ἀλλὰ
2559 4221 2606 4252 “
2643 4220 2752 4292 γάρ
2784 4223 2816 4292 ἠ
2853 4222 2980 4290 περὶ
3020 4222 3119 4284 τὰς
3167 4221 3468 4288 ἀποδείξεις
3517 4222 3723 4292 σπουδὴ

2147 4315 2240 4367 καὶ
2271 4313 2414 4384 λόγῳ
2441 4313 2598 4381 λόγος
2625 4313 2951 4384 παραδιδοὺς
2981 4314 3128 4382 ἡμᾶς
3170 4315 3484 4385 παρήνεγκε
3526 4331 3724 4384 περαι-

2074 4397 2122 4452 D
2146 4403 2290 4475 τέρω
2303 4404 2371 4455 ³⁸.
2405 4398 2536 4473 Εῐμι
2567 4403 2625 4456 δέ
2652 4403 2740 4456 ἐπ’
2763 4403 2933 4465 αὑτὰς
2955 4403 3117 4456 πάλιν
3135 4404 3235 4467 τὰς
3262 4402 3508 4474 πράξεις,
3533 4404 3722 4474 ἐπειδὴ

2146 4495 2278 4566 περὶ
2310 4489 2386 4551 ὧν
2413 4497 2711 4568 ἐϐουλόμην
2743 4498 2800 4549 ἐν
2823 4497 2900 4567 τῷ
2925 4496 3074 4566 μέσῳ
3102 4496 3368 4550 διέλαϐον.
3383 4497 3540 4560 Τίνες
3557 4498 3607 4529 ⁸⁸
3627 4493 3721 4550 οῦν

2146 4588 2346 4660 ἀρετῆς
2387 4590 2682 4656 ἀγωνισταὶ
2731 4588 3016 4656 καλλίους;
3049 4587 3118 4641 Ἣ
3155 4589 3302 4653 τίνες
3340 4588 3450 4642 τῶν
3499 4589 3718 4644 πώποτε

2147 4680 2530 4753 διαρκέστερον
2545 4683 2590 4718 δ’
2618 4682 2718 4750 τὴν
2763 4680 3022 4746 ἐπίδειξιν
3055 4681 3223 4752 αὑτῆς
3267 4683 3619 4750 ἐποιήσαντος
3655 4682 3721 4735 ΟΖ

2146 4775 2238 4828 καὶ
2263 4773 2449 4845 χρυσῷ
2482 4775 2573 4827 καὶ
2612 4773 2837 4845 ἀργύρῳ
2866 4773 2962 4826 καὶ
2991 4773 3190 4844 σιδήρῳ
3212 4773 3363 4826 xui.“
3399 4775 3514 4836 τοῖς
3557 4776 3720 4827 πᾶσιν

2144 4867 2401 4938 ἀήττητοι
2449 4864 2768 4934 διεγένοντο,
2801 4864 2897 4919 καὶ
2950 4865 3129 4919 πάντα
3173 4864 3458 4935 ἀπέφηναν
3517 4867 3720 4936 ομοίως

2140 4955 2388 5026 ἀχρηστα
2442 4955 2521 5025 τῷ
2571 4953 2795 5025 βασιλεῖ,
2823 4953 3011 5024 ὥσπερ
3063 4953 3129 5007 ἂν
3173 4954 3222 5006 εί
3269 4951 3567 5021 ἐκρύπτετο
3614 4951 3718 5006 ὑπὸ

2142 5053 2244 5120 γῆς
2264 5050 2308 5082 ⁵⁵
2335 5049 2436 5115 ἐτι,
2470 5051 2659 5102 πενίαν
2690 5048 2789 5118 μὲν
2820 5047 2942 5101 ἀντὶ
2971 5045 3204 5100 πλούτου
3229 5047 3574 5115 τιμήσαντες,
3599 5065 3716 5100 κιν-

1726 5168 1963 5226 VARIAS
2001 5164 2426 5225 LECTIONES.

541 5260 586 5293 ³⁸
607 5257 931 5330 ὀρύττοντας
966 5273 1074 5314 om.
1107 5258 1174 5314 A.
1261 5259 1306 5292 ⁸⁷
1335 5259 1554 5330 μείζονα
1577 5260 1641 5315 Α.

469 5401 516 5471 ξι
556 5398 1052 5471 ἐξεταξόντωνΒἈΔ
1111 5398 1162 5471 θ’
1195 5398 1268 5471 οἳ]
1297 5396 1501 5471 οἷονίΛ.

1745 5260 1790 5292 ³⁸
1825 5262 1917 5314 καὶ
1946 5259 1994 5332 ὀΙ
2024 5277 2074 5340 p_.
2105 5259 2289 5340 223.___
2317 5255 2620 5340 ’χχρυσίῳ
2643 5257 2708 5311 A.

469 5332 517 5365 δ’
541 5327 848 5396 τδνήάγῶνα
886 5345 998 5383 om.
1024 5331 1131 5383 AB.
1167 5331 1260 5384 sed
1311 5327 1450 5384 corr.
1487 5329 1528 5382 Β
1560 5329 1744 5398 ἀγῶνα
1774 5340 1896 5398 post
1924 5327 2102 5383 κοινὸν
2153 5329 2316 5381 addit.
2370 5327 2515 5379 δοκεί
2545 5329 2609 5381 A.
2711 5327 2757 5356 “
2781 5327 2956 5402 καίτρι
2987 5338 3096 5375 Olli.
3127 5327 3188 5371 Α.
3222 5327 3477 5404 locusest
3509 5335 3560 5385 p.
3587 5327 3711 5375 251.

469 5401 516 5432 ⁵⁵
559 5398 919 5464 ἐξεταξόντων
955 5399 1013 5452 Β.
1116 5398 1162 5432 ⁸⁸
1195 5398 1268 5466 οἳ]
1297 5396 1407 5452 οἷον
1435 5400 1501 5452 Α.
1606 5401 1652 5430 ⁸⁸
1679 5400 1950 5466 πρόοιντο]
1984 5402 2091 5452 imo
2119 5400 2389 5466 προεῖντο.
2485 5397 2527 5426 ⁸⁷
2551 5394 2710 5466 πρός]
2747 5391 3109 5466 ιλ-Ξόὃεμπρὸς
3179 5389 3225 5419 ⁸⁸
3256 5391 3489 5466 ὁπότερα
3505 5392 3711 5466 οιηέ-Λ.

469 5415 516 5432 "
559 5415 919 5464 εζεταςοντων
956 5415 1013 5452 η.
1116 5415 1162 5432 ν’
1195 5415 1268 5471 οι]
1297 5415 1407 5452 οιον
1435 5415 1501 5452 Λ.
1606 5415 1652 5430 ’-
1679 5415 1950 5468 προοιντο]
1984 5415 2091 5452 uno
2119 5415 2389 5466 προειντο.
2485 5415 2523 5426 τ’
2551 5415 2710 5466 προς]
2747 5415 2829 5473 μέ

469 5469 516 5503 ⁸⁸
547 5469 604 5522 δὲ
634 5470 825 5524 om.A.
901 5469 947 5500 ⁵ο
973 5467 1220 5536 ἀλλήλοις
1259 5486 1368 5522 om.
1395 5470 1458 5524 A.
1533 5469 1576 5501 ⁸⁸
1611 5469 1974 5537 σκεψομένους
2001 5486 2080 5537 ς,
2137 5471 2183 5500 ⁸⁸
2212 5468 2274 5519 οὑ
2295 5467 2399 5537 μὴν
2426 5465 2676 5537 ὦσπερΑΑ
2703 5481 2829 5519 τταυ

472 5539 520 5570 ⁸⁸
549 5537 800 5608 παρῆσαν
826 5538 892 5597 Α.
942 5531 1211 5608 παρῆκαν
1246 5538 1306 5593 Β.
1358 5541 1386 5591 ὅ
1429 5557 1482 5592 τι
1523 5540 1581 5602 Β,
1609 5537 1750 5591 οὑτω
1865 5553 1879 5588 :
1918 5531 2171 5608 ὄτιςοῦτω
2201 5554 2258 5600 ς’.
2289 5531 2422 5608 ὥσθῖ
2447 5538 2476 5587 6
2502 5531 2854 5608 -ξᾶρχοντρς
2878 5531 3154 5608 ἀρχόντων
3187 5545 3299 5583 om.

2813 5253 2859 5286 ⁸ο
2883 5250 3041 5322 ἀλλά]
3064 5265 3117 5320 p.
3141 5247 3273 5322 225.
3349 5247 3393 5279 ⁸¹
3420 5265 3476 5300 τε
3506 5251 3712 5322 οηιὶᾷᾼ.

2711 5325 2757 5356 ⁸³
2781 5324 2956 5376 καίτοι
2987 5317 3096 5375 oin.
3127 5319 3188 5371 A.
3222 5319 3373 5373 locus
3396 5329 3477 5372 est
3509 5335 3560 5385 p.
3587 5317 3711 5375 251.

2137 5458 2183 5500 ’ί
2212 5468 2274 5519 οὑ
2295 5467 2399 5552 μὴν
2426 5458 2614 5534 ὥσπερ
2635 5458 2716 5519 ιλὲ
2738 5458 2906 5516 ταῦτα
2919 5461 2974 5514 δέ
2991 5460 3204 5512 ἐποίουν
3228 5460 3386 5523 καίς.
3409 5458 3490 5514 est
3517 5474 3566 5526 p.

2137 5556 2171 5590 uo
2201 5554 2258 5600 ς.
2289 5537 2419 5588 wall’
2447 5538 2476 5587 6
2502 5567 2573 5576 —-
2601 5535 2854 5601 ἄρχοντος
2878 5531 3154 5601 ἀρχόντων
3187 5545 3299 5583 om.
3326 5533 3416 5601 Aa
3481 5530 3534 5601 κδ*
3553 5529 3712 5601 and]

3622 5549 3646 5578 Ι.

475 5621 530 5673 ῃ.
559 5599 698 5678 ἓὸθξ
759 5607 806 5638 ⁸⁵
840 5599 1150 5678 περαιτέρω
1179 5609 1256 5663 A:
1282 5599 1614 5678 πορρωτέρω
1632 5625 1691 5671 ς’.
1766 5607 1814 5638 ⁵⁸
1845 5607 2010 5676 τίνες]
2042 5623 2094 5675 p.
2130 5599 2255 5661 9.5L
2331 5606 2376 5638 ⁵⁷
2405 5599 2806 5676 διαρκέστερον]
2828 5599 3249 5673 διαρκεστέρανε
3278 5599 3389 5654 τῶν
3406 5599 3708 5670 Ἀθηναίων

475 5675 857 5746 όιαρκέστερον
888 5675 948 5742 ςζ.
1047 5677 1092 5710 ⁸⁸
1121 5678 1213 5733 καὶ
1245 5675 1371 5735 ante
1396 5675 1506 5742 τοῖς
1530 5675 1653 5734 add.
1681 5679 1745 5732 Α.

1843 5679 1887 5711 ss
1921 5678 2022 5746 γῆν
2056 5678 2120 5731 Α.
