4012 6236
313 220 452 287 1409

1362 230 1885 297 BIBLIOTHECA.
1929 259 1997 272 ··-
2035 237 2199 307 COD.
2239 235 2527 301 CCXLVI.

3441 246 3578 315 14Ἶο

307 338 499 401 δύνους
536 338 591 390 δὲ
627 339 741 392 ἀντ’
772 339 1070 410 ἀσφαλείας
1116 342 1394 413 ἑλόμενοι,
1440 345 1787 418 δικαιοσύνην
1832 348 1887 403 δὲ

1993 350 2097 405 Sed
2146 364 2213 405 ne
2257 353 2384 421 quid
2415 352 2632 408 aliunde
2658 353 2949 427 adducam,
2996 353 3123 415 huic
3147 357 3574 431 uullnhmream,

308 430 433 483 ἀντὶ
482 430 583 501 τῆς
612 430 872 501 βασιλέως
916 434 1185 506 τοσαύτης
1227 436 1657 507 φιλανθρωπίας.
1676 438 1817 495 Ἀλλ’
1840 441 1884 474 ⁶⁰

310 521 401 575 ἵνα
433 522 509 593 μὴ
539 522 700 577 πλέον
719 523 763 554 ⁶¹
794 523 903 577 τῶν
932 526 1246 595 ἀναγκαίων
1278 530 1710 598 παραιτούμενος
1739 533 1886 603 αὐτῷ

308 614 485 683 τούτῳ
539 614 797 685 μηκύνω,
841 617 977 688 πρὸς
1024 618 1149 682 τοὺς
1200 619 1324 689 ἑξῆς
1342 621 1386 651 ⁸³
1424 621 1533 674 τῶν
1574 621 1746 690 λόγων
1792 624 1886 679 καὶ

311 708 559 777 συνεχεῖς
591 708 685 762 καὶ
714 708 777 780 δὴ
807 709 1096 781 τρέψομαι.
1115 709 1277 763 Ἀλλά
1299 710 1343 742 ⁸⁸
1375 711 1481 784 γάρ
1518 714 1749 767 ἐνταῦθα
1784 714 1886 784 μὲν

1990 441 2057 492 ad
2133 450 2384 496 caiteratn
2441 460 2505 497 ac
2554 444 2865 499 continuam
2925 446 3190 505 orationis
3234 457 3442 519 partem
3491 464 3578 505 me

1991 546 2324 591 convertam.
2384 534 2489 591 Sed
2541 536 2595 590 in
2642 538 2785 595 hunc
2828 550 3135 603 sermonem
3178 555 3316 612 pene
3375 542 3577 597 invitus

1992 626 2187 693 cecidi,
2229 629 2561 685 narrationis
2597 630 2739 686 serie
2773 632 2944 700 magis
2976 647 3139 702 quam
3170 633 3451 689 voluntate
3477 634 3577 689 du-

1990 727 2132 782 ctus,
2169 736 2289 775 eum
2323 737 2665 793 nequaquam
2714 723 2817 779 hnc
2850 724 3151 783 tenderem.

278 886 283 887 γ
310 802 502 871 ὥσπερ
531 801 679 855 ἄκων
711 803 985 869 ἐνέπεσον,
1016 805 1111 858 καὶ
1138 804 1259 860 καθ’
1286 804 1407 860 ὁδὸν
1435 806 1528 860 τοῦ
1558 806 1716 878 λόγου
1745 807 1945 880 μᾶλλον
1962 806 2079 843 θδοδδ
2106 813 2138 884 ἢ
2177 815 2556 888 προειδόμενος
2579 833 2591 845 ·
2630 817 2691 871 οὐ
2747 817 2792 849 ⁸⁸
2838 817 2947 903 γάρ
3016 819 3096 887 είς
3167 818 3325 875 τοῦτο
3340 818 3384 851 ⁸⁷
3432 818 3577 891 ὀρῶν

308 896 508 965 ἧπειγό
514 911 641 966 μην.

380 988 482 1110 ξιξ)
527 986 649 1042 καθ’
667 987 784 1040 ὁδὸν
830 987 863 1073 ᾖ
910 990 1030 1041 κατ’
1062 989 1217 1056 ἀξίαν
1266 991 1435 1076 λέγει,
1465 992 1716 1074 digne-.9"
1744 992 1890 1046 ἐστὶν

412 1076 498 1110 Et:
526 1061 558 1110 ἡ
593 1057 730 1110 ὁδὸς.
756 1056 790 1110 ἦ
821 1074 1008 1110 ωσπεο
1038 1061 1322 1110 συμϐαίνει
1352 1078 1410 1110 εν
1451 1064 1554 1110 (ἱδω
1596 1062 1846 1110 γενέσθαι
1870 1078 1885 1092 ⁶

306 1056 498 1132 εὐθεῖα
526 1061 559 1127 ὴ
593 1057 730 1132 ὁδδς,
756 1056 790 1128 ἦ
821 1056 1008 1132 ὥσπερ
1038 1061 1322 1132 συμϐαίνει
1340 1056 1431 1114 ’ἐν’
1451 1061 1554 1132 ί,δῷ
1596 1056 1846 1130 γενέσθαι
1870 1078 1885 1092 ·

307 1129 572 1205 πολλάκις
600 1128 827 1205 γάρμτιςΔ
842 1130 1215 1205 ἀπερχόμενος
1234 1132 1405 1205 -τὴνδε
1444 1128 1541 1205 τὴν
1566 1128 1702 1201 ὁδὸν,
1722 1133 1889 1204 άλλην

306 1200 563 1259 ἕλκοντος
599 1199 762 1251 αὑτὸν
801 1198 1002 1267 βαδίζει
1042 1201 1246 1273 φίλου.]

392 1290 560 1361 Ὀμοῦ
580 1292 623 1322 ⁶⁹
652 1290 711 1343 δὲ
756 1292 892 1362 πρὸς
934 1294 1114 1348 πᾶσαν
1159 1294 1257 1365 τὴν
1298 1295 1408 1349 τῶν
1454 1297 1682 1368 Περσῶν
1716 1296 1888 1368 ἀρχὴν

307 1383 802 1449 διακινδυνεύοντες
834 1387 891 1438 ἐν
930 1390 997 1457 τῇ
1026 1390 1095 1457 γῇ
1118 1388 1163 1421 ⁷ο
1208 1389 1324 1443 ἀντ’
1351 1390 1585 1461 ἀριθμοῦ
1622 1392 1890 1461 σωμάτων

309 1478 484 1531 ἐθνῶν
529 1478 795 1549 ἀριθμοὺς
837 1478 1238 1551 διαφθείροντες
1269 1500 1329 1537 τε
1367 1485 1461 1538 καὶ
1502 1484 1891 1554 λαμϐάνοντες.

314 1568 456 1639 Ἤδη
485 1569 542 1623 δὲ
570 1570 662 1622 καὶ
692 1568 785 1623 δύο
806 1570 1042 1638 τρόπαια
1084 1573 1166 1635 είς
1212 1573 1341 1642 μίαν
1371 1571 1584 1642 ἡμέραν
1610 1567 1764 1643 ἦλθε,
1797 1573 1891 1626 καὶ

309 1661 593 1733 ναυμαχία
622 1661 931 1734 πεζομαχίᾳ
962 1664 1271 1735 παρισώθη.
1296 1664 1464 1719 Μόνοι
1486 1666 1527 1696 ⁷³
1554 1666 1663 1734 γάρ
1684 1664 1893 1735 ἀνθρὼ-

280 1770 431 1808 .πων
460 1754 568 1807 τῶν
604 1755 683 1817 είς
717 1754 893 1808 κοινὸν
925 1754 1395 1826 πολιτευσαμένων
1427 1756 1524 1825 τὴν
1558 1756 1655 1826 μὲν
1684 1756 1891 1822 οἰκείαν

309 1845 503 1916 ὥσπερ
552 1846 837 1917 ἀλλοτρίαν
884 1846 1163 1917 ἐνόμισαν,
1194 1848 1291 1917 τὴν
1334 1848 1381 1902 δ’
1412 1848 1756 1917 ἀλλοτρίαν⁷²
1796 1849 1893 1919 οὐχ

311 1939 494 1993 αὐτῶν
543 1937 827 2009 ἀλλοτρίαν
875 1938 1008 1992 άλλά
1058 1939 1169 1995 τῶν
1217 1940 1313 1993 σὺν
1356 1939 1525 2011 κακίᾳ
1554 1940 1891 2011 νεμομένων.

310 2031 573 2085 Φυλάκων
627 2031 672 2084 δ’
702 2030 936 2085 ἐϐίωσαν
984 2030 1119 2101 βίον,
1155 2032 1278 2085 οὐδὲ
1323 2031 1530 2086 τούτων
1567 2033 1889 2103 ἱδρυμένων,

311 2122 436 2185 οὐδέ
460 2138 525 2191 γε
558 2122 675 2185 ἐνὸς
701 2123 867 2175 τόπου
920 2122 1066 2184 τινὸς
1112 2123 1442 2193 περιπόλων.
1461 2122 1622 2176 Ἀλλά
1665 2123 1759 2177 τοῦ
1807 2124 1894 2178 διὰ

311 2217 496 2286 πάσης
545 2216 646 2287 γῆς
664 2216 710 2247 ⁷³
742 2214 1059 2286 Ἑλληνικοῦ
1116 2215 1439 2283 περιπόλους
1492 2216 1735 2280 ἐκείνους
1789 2218 1893 2288 χρὴ

312 2310 674 2374 καλεῖν.Ἕως
702 2309 842 2377 έγνω
870 2309 1119 2383 βασιλεὺς
1147 2310 1418 2379 ἀνταίρων
1447 2311 1512 2381 τῇ
1538 2310 1691 2365 πόλει
1720 2327 1895 2380 παρα-

312 2404 541 2472 πλήσιον
572 2400 762 2464 ποιῶν,
786 2400 978 2471 ὥσπερ
1006 2399 1073 2454 ἂν
1105 2401 1155 2453 εί
1188 2400 1325 2471 πρὸς
1349 2400 1523 2469 φλόγα
1552 2401 1750 2473 πολλὴν
1774 2401 1891 2453 ἐπι-

312 2490 483 2544 οὖσαν
504 2489 636 2561 ὕλην
661 2490 970 2562 ἐπηρμένος
992 2489 1307 2560 ἠγωνίζετο.
1332 2489 1459 2561 [659
1474 2489 1566 2564 H.]
1599 2492 1763 2545 Οὐδὲν
1784 2492 1891 2562 γάρ

282 2640 283 2643 η
312 2578 382 2655 ἦν
408 2583 437 2636 ὃ
460 2600 514 2635 τι
542 2582 645 2636 οὐκ
675 2582 934 2653 ἔπασχεν,
958 2582 1072 2637 ἀλλ’
1091 2583 1414 2653 ἀνηλίσκετο
1436 2583 1597 2647 αὐτὸς
1617 2582 1679 2648 ἐξ
1695 2583 1888 2647 αὐτοῦ,

313 2677 411 2730 καὶ
447 2674 545 2747 τὴν
593 2675 781 2748 χώραν
835 2676 1191 2753 ἐπιτείχισμα
1237 2676 1337 2746 τῆς
1372 2675 1567 2732 ἑαυτοῦ
1618 2676 1891 2746 σωτηρίας

311 2770 454 2840 ἔχων
481 2769 698 2842 ⁴ᾔσθετο.
1052 2756 1055 2761 ’

388 2860 551 2984 μὴν.
566 2862 701 2915 ίδίαν
749 2861 934 2953 χώραν
976 2862 1100 2917 καθ’
1138 2861 1366 2951 ἑαυτοῦ)
1399 2864 1457 2931 ἐξ
1488 2865 1657 2935 αὐτῆς
1685 2865 1795 2936 γάρ
1839 2866 1889 2919 οί

424 2950 621 2984 ηναιοι.
644 2931 765 2984 ἦτοι
794 2950 895 2984 της
935 2934 1124 2984 Asiae.
1160 2951 1237 2984 ωε
1268 2935 1324 2984 ἐξ
1359 2936 1698 2984 ὁοιιηττιοίου
1721 2939 1889 2984 timea-

324 2931 621 3013 ’A-Br;vai'o_t,
642 2931 895 3013 ’ᾖτοιίτῆς
919 2931 1144 3013 Ἀσίαςι
1160 2933 1237 2999 ὠς
1268 2935 1326 3002 ἐξ
1359 2931 1892 3008 ὁρμητηρίουάφορ-

316 3002 529 3072 μῶντες
561 3002 606 3033 ⁷⁸
640 3002 908 3071 ἔβλαπτον
934 3003 1147 3073 αὐτόν.]

388 3087 515 3162 Είχε
540 3092 591 3126 ⁷⁸
622 3091 721 3163 μέν
750 3109 815 3161 γε
854 3092 904 3126 ⁷⁸
952 3093 1060 3165 πρὸ
1088 3091 1181 3146 τοῦ
1217 3093 1308 3147 τὸν
1350 3093 1510 3165 μέχρι
1539 3095 1770 3165 Πηνειοῦ
1800 3095 1889 3148 τό-

310 3201 438 3238 πον.
462 3184 658 3238 Καίτοι
674 3184 735 3239 τδ
749 3183 1062 3254 θαυμαστὸν
1082 3184 1321 3254 ἀφεῖλον,
1337 3185 1411 3248 ὠς
1430 3186 1529 3257 ήδη
1545 3204 1596 3239 τι
1620 3185 1776 3257 [122i
1795 3186 1888 3259 IL]

313 3274 632 3346 θαυμαστὸν
649 3274 846 3344 λέγων.
862 3272 988 3346 Εἶχε
1009 3275 1191 3329 πάντα
1213 3275 1305 3329 τὸν
1328 3276 1487 3346 μέχρι
1507 3275 1603 3346 τῆς
1619 3276 1890 3346 Ἀττικῆς,

309 3368 417 3431 ἕως
436 3367 653 3437 ἐνέτυχε
676 3368 786 3430 τοῖς
819 3367 884 3420 ὲκ
903 3366 1001 3436 τῆς
1016 3366 1270 3436 Ἀττικῆς
1298 3367 1357 3420 ὲν
1384 3368 1450 3436 τῇ
1478 3365 1745 3437 θαλάττῃο
1773 3382 1894 3419 τοσ-

311 3459 469 3513 οῦτον
492 3458 833 3531 παρελήλυθε
850 3457 940 3513 τδν
955 3457 1195 3528 ὀμφαλὸν
1219 3458 1323 3531 τῆς
1346 3457 1449 3529 γῆς
1464 3475 1523 3509 τε
1548 3456 1640 3510 καὶ
1664 3456 1763 3527 τῆς
1778 3456 1893 3509 Ἐλο

310 3551 471 3616 λάδος
500 3552 628 3614 τοὺς
653 3549 913 3620 Δελφούς.
952 3548 1048 3603 Ἐκ
1076 3549 1134 3602 δὲ
1170 3547 1278 3601 τῶν
1310 3549 1407 3618 τῆς
1428 3547 1636 3612 πόλεως
1665 3546 1891 3616 ἀγώνων

313 3646 412 3697 καὶ
450 3643 766 3698 ἀποστόλων
794 3645 876 3707 είς
916 3642 1075 3697 τοῦτο
1103 3642 1150 3674 ⁷⁷
1179 3640 1471 3712 κατῆλθεν,
1502 3640 1642 3694 ὥστε
1681 3639 1892 3711 ὡμολό-

312 3752 451 3804 γησε
468 3735 613 3788 δυοῖν
629 3735 675 3766 "
696 3735 794 3805 μὲν
820 3735 966 3804 ὅροιν
982 3733 1113 3787 εἴσω
1137 3732 1334 3803 μηκέτι
1365 3731 1735 3796 πλευσεῖσθαι,
1754 3730 1892 3801 πρὸς

315 3827 664 3898 μεσημβρίαν
695 3824 796 3897 μὲν
816 3823 1137 3887 Χελιδονέας
1160 3824 1231 3889 ⁷⁸,
1264 3822 1401 3894 πρὸς
1424 3821 1480 3875 δὲ
1507 3821 1708 3891 ἄρκτον
1740 3822 1890 3874 Κυα-

311 3920 441 3982 νέας
475 3919 725 3990 θέμενος,
768 3919 1044 3989 θαλάσσης
1102 3917 1148 3971 δ⁹
1207 3917 1429 3987 ἀφέξειν
1474 3917 1586 3970 [σον
1639 3916 1888 3987 πανταχῆ

317 4012 564 4076 σταδίους
591 4011 981 4075 πεντακοσίους
1000 4026 1015 4041 ⁸
1046 4010 1175 4065 ὥστ’
1199 4008 1335 4064 εἶναι
1361 4010 1453 4063 τὸν
1482 4008 1683 4063 κύκλον
1702 4007 1891 4063 τοῦτον

311 4103 428 4155 ἀντ’
462 4102 624 4156 ἄλλου
654 4102 797 4167 τινὸς
819 4101 1085 4172 στεφάνου
1114 4102 1226 4165 τοῖς
1258 4101 1515 4173 Ἕλλησιν
1554 4100 1693 4171 ὑπὲρ
1716 4116 1890 4170 κεφα-

312 4195 433 4265 λῆς,
466 4194 561 4248 καὶ
597 4194 699 4268 τὴν
727 4194 971 4268 φρουρὰν
1000 4194 1060 4261 ἐξ
1082 4193 1251 4265 αὐτῆς
1276 4195 1376 4265 τῆς
1396 4193 1580 4266 χώρας
1604 4190 1698 4246 τοῦ
1732 4191 1890 4263 βασι-

310 4289 470 4343 λέως.

382 4326 576 4439 καίτοι
599 4384 648 4417 ⁸⁸
681 4382 735 4438 τί
782 4382 1000 4437 κάλλιον
1024 4378 1167 4435 εἴποι
1194 4396 1278 4444 τις
1310 4380 1537 4451 εἰρήνης
1573 4378 1613 4450 ἦ
1644 4377 1885 4449 πολέμου

2070 990 2436 1065 [Narrationis
2464 994 2627 1066 serie,
2650 994 2734 1049 vel
2755 1011 2851 1065 pro
2868 988 3130 1066 dignitate
3146 995 3299 1062 dicit,
3324 998 3575 1066 quemad'

1994 1065 2211 1115 modmu
2235 1074 2376 1116 recta
2403 1064 2733 1127 estvia,'vel,
2756 1064 2821 1118 ut
2846 1064 3074 1132 contigit
3112 1066 3268 1120 invia
3307 1064 3446 1131 esse,
3473 1083 3573 1122 stn-

1996 1148 2290 1274 penmnfro
2323 1134 2465 1187 enim
2507 1150 2536 1187 a
2579 1136 2663 1190 via
2708 1136 2988 1193 aberrans.
3031 1136 3141 1192 alio
3168 1136 3315 1193 vadit
3344 1138 3575 1192 ducente

1996 1217 2183 1257 allIlCO.

1992 1217 2183 1257 allllCO.

2062 1294 2260 1351 Contra
2311 1307 2480 1352 totum
2531 1298 2815 1367 imperium
2858 1297 3147 1355 Persarum
3183 1299 3477 1369 discrimen
3516 1299 3570 1362 in

1992 1393 2133 1440 terra
2182 1387 2446 1450 subirent,
2496 1402 2562 1447 ac
2616 1403 2713 1457 pro
2756 1387 2984 1459 singulis
3035 1388 3345 1455 hominibus,
3382 1398 3572 1461 gentes

1989 1476 2225 1546 integras
2252 1488 2363 1533 tum
2404 1479 2746 1547 occiderent,
2797 1490 2913 1544 tum
2943 1491 3217 1551 caperent.
3265 1480 3407 1549 Quid
3426 1480 3571 1550 quod

1987 1569 2175 1622 eodem
2200 1569 2287 1625 die
2325 1571 2430 1625 duo
2464 1582 2618 1637 parta
2644 1580 2773 1629 sunt
2803 1581 3028 1643 tropaea,
3055 1588 3177 1629 eum
3213 1574 3407 1629 navale
3439 1587 3573 1643 pra:-

1991 1659 2119 1715 liunt
2147 1664 2389 1717 terrestri
2436 1662 2624 1719 fuisset
2654 1667 3015 1735 adarquatum.
3066 1666 3175 1721 Soli
3224 1668 3366 1733 enim
3400 1682 3467 1731 ex
3504 1664 3572 1720 iis

1925 1797 1965 1852 Β
1993 1753 2083 1821 qui
2125 1768 2464 1809 communem
2511 1756 2861 1812 instituerunt
2902 1759 3290 1831 rempublicam
3322 1767 3377 1813 et
3417 1772 3568 1825 suam

2002 1846 2275 1917 regionem
2303 1861 2402 1915 pro
2424 1847 2596 1902 aliena
2628 1849 2955 1915 habuerunt,
2978 1859 3032 1904 et
3052 1849 3227 1903 aliena
3257 1864 3377 1917 qua:
3404 1857 3570 1914 esset,

2000 1955 2103 1992 non
2137 1938 2236 1994 sibi
2267 1940 2521 2005 alienam,
2556 1940 2650 1995 sed
2700 1940 2766 1994 iis
2793 1941 2884 2008 qui
2923 1955 3041 2009 eam
3082 1956 3205 1997 cum
3255 1939 3458 1995 scelere
3486 1940 3573 1992 in-

1997 2033 2256 2097 colerent,
2300 2036 2581 2087 custodum
2613 2034 2844 2102 denique
2887 2048 3040 2088 more
3071 2033 3347 2100 vixerunt,
3377 2048 3483 2091 non
3513 2043 3574 2086 ut

1996 2127 2085 2195 qni
2121 2127 2170 2177 in
2212 2125 2475 2193 praesidiis
2524 2125 2769 2179 collocati
2811 2133 2960 2190 sunt,
2991 2133 3083 2179 aut
3128 2140 3293 2179 ttnum
3336 2123 3568 2195 aliquem

1998 2217 2173 2271 locum
2208 2216 2429 2281 obeunt,
2462 2217 2553 2270 sed
2580 2226 2637 2271 ut
2659 2216 2971 2271 Graecorum
2996 2216 3235 2269 omnium
3269 2232 3366 2286 per
3400 2224 3569 2271 totam

2000 2318 2195 2362 terram
2245 2310 2523 2364 circitores
2558 2309 2839 2363 nominare
2886 2308 3186 2377 oportebat.
3228 2309 3409 2363 Donec
3449 2316 3570 2362 tan—

1998 2403 2115 2455 dem
2148 2403 2397 2471 cognovit
2432 2418 2544 2466 rex,
2582 2403 2805 2470 perinde
2844 2418 2901 2457 se
2928 2412 3114 2459 contra
3146 2401 3333 2465 urbem
3369 2401 3566 2456 bellum

1995 2494 2224 2562 cepisse,
2256 2508 2322 2550 ac
2342 2495 2385 2547 si
2418 2494 2522 2563 igni
2555 2494 2664 2549 late
2696 2495 2964 2563 grassanti
2997 2494 3174 2548 olenm
3201 2493 3566 2562 opposuisset.

1994 2586 2135 2640 Nihil
2179 2587 2323 2639 enim
2356 2586 2536 2639 damni
2567 2596 2704 2649 erat,
2737 2585 2878 2656 quod
2931 2600 3034 2639 non
3070 2594 3366 2655 pateretur,
3402 2584 3483 2640 sic
3512 2595 3572 2637 ut

1996 2678 2112 2746 ipse
2146 2688 2558 2731 consumeretur
2579 2692 2609 2730 a
2638 2692 2779 2739 sese,
2812 2692 2875 2739 ac
2905 2676 3139 2745 regionis
3166 2675 3398 2747 spatium
3421 2674 3571 2733 salu-

1994 2768 2063 2823 tis
2085 2768 2382 2822 subsidium
2408 2767 2607 2823 habere
2632 2783 2692 2823 se
2731 2769 3075 2837 intelligeret.

2089 2859 2365 2926 Propriam
2401 2861 2677 2926 regionem
2702 2871 2887 2913 contra
2925 2861 3183 2928 seipsum.
3206 2859 3279 2914 Ex
3307 2861 3406 2916 hac
3425 2860 3569 2914 enim

1990 2930 2373 3070 Atheuieftses,
2416 2931 2623 2986 scilicet
2656 2932 2785 2986 Asia
2809 2930 2954 2985 velut
2983 2947 3050 2985 ex
3094 2946 3221 2986 arce
3266 2930 3413 2985 illum
3459 2931 3574 3000 eje-

1990 3008 2197 3054 cerunt.

1990 3008 2197 3054 cerunt.

1918 3126 1965 3187 ε
2062 3092 2199 3149 Nam
2236 3096 2497 3150 hactenus
2526 3094 2740 3164 quidem
2766 3109 2936 3163 usque
2971 3094 3040 3150 ad
3074 3092 3311 3149 Peneum
3334 3092 3574 3161 impera-

1994 3188 2106 3255 bat,
2130 3196 2223 3242 aut
2244 3188 2421 3257 potius
2442 3188 2714 3258 (magnam
2737 3188 2880 3241 enim
2905 3200 3110 3256 partem
3135 3187 3379 3251 detraho,
3402 3201 3571 3253 quan-

1994 3297 2155 3349 quam
2219 3282 2444 3334 multum
2479 3281 2658 3334 dicere
2713 3278 2917 3348 videor)
2969 3294 3138 3348 usque
3185 3279 3252 3332 ad
3310 3280 3571 3339 Atticam,

1990 3370 2191 3444 ἀοηα
2234 3371 2403 3425 donec
2423 3370 2846 3425 Atheniensibus
2872 3369 2924 3423 in
2957 3370 3089 3423 mari
3115 3372 3372 3426 occurrit.
3398 3369 3573 3426 Tanto

1988 3461 2098 3529 jam
2146 3461 2324 3530 spatio
2367 3459 2637 3528 Delphos,
2684 3470 2843 3512 terrae
2878 3459 3044 3512 totius
3071 3456 3406 3527 Graeciaeque
3451 3473 3573 3510 um-

1993 3552 2213 3607 bilicum
2257 3549 2369 3622 (78)
2426 3548 2735 3602 transierat.
2786 3548 2863 3601 Ac
2904 3562 2997 3615 per
3042 3546 3193 3600 urbis
3248 3543 3571 3607 certamina,

1992 3654 2047 3699 et
2096 3642 2335 3695 marinas
2382 3639 2757 3709 expeditiones
2794 3653 2963 3706 usque
2998 3653 3063 3692 eo
3095 3637 3346 3691 redactus
3377 3644 3479 3700 est,
3509 3645 3571 3689 ut

1994 3736 2339 3807 polliceretur
2382 3748 2440 3788 se
2480 3748 2578 3787 nec
2618 3732 2880 3787 terminos
2911 3733 3068 3795 duos,
3118 3730 3479 3786 Chelidoneas
3504 3728 3571 3781 ad

1995 3827 2295 3892 meridiem,
2322 3824 2565 3896 Cyaneas
2596 3824 2663 3878 ad
2712 3825 3128 3893 septentriones,
3177 3822 3388 3889 navigio
3417 3820 3573 3874 dein-

1990 3936 2119 3991 ceps
2152 3930 2554 3990 superaturum,
2593 3928 2649 3976 et
2678 3935 2707 3974 a
2744 3917 2880 3973 mari
2912 3918 2977 3972 ad
3008 3917 3301 3988 quingenta
3334 3913 3572 3981 undique

1992 4012 2162 4066 Stadia
2199 4028 2567 4081 recessurum,
2600 4015 2735 4070 adeo
2778 4021 2839 4066 ut
2872 4011 3021 4065 orbis
3079 4009 3171 4062 ille
3214 4021 3313 4077 pro
3370 4019 3572 4060 corona

1991 4103 2187 4172 caPilis
2213 4105 2419 4161 Graecis
2440 4114 2613 4172 esset,
2640 4115 2697 4162 et
2732 4106 2787 4161 in
2820 4104 2937 4175 ipso
2966 4102 3078 4173 jam
3104 4101 3251 4172 regio
3273 4112 3403 4168 agro
3430 4113 3571 4167 prae-

1988 4192 2127 4248 sidia
2163 4195 2495 4251 collocarent
2510 4210 2629 4252 sua.

2062 4395 2233 4466 Quem
2261 4406 2440 4451 autem
2471 4397 2836 4467 pulchriorem
2871 4396 2954 4449 vel
2989 4396 3136 4465 pacis
3170 4395 3253 4448 vel
3282 4394 3427 4458 belli,
3455 4402 3564 4446 tam

311 4476 625 4548 κεφάλαιον,
657 4478 691 4548 ἢ
720 4476 859 4548 πρὸς
903 4475 1170 4546 Ἕλληνας
1211 4472 1244 4543 ἢ
1285 4472 1421 4543 πρὸς
1468 4471 1798 4543 βαρϐάρους,
1840 4465 1883 4540 ᾧ

1993 4499 2175 4545 contra
2207 4489 2422 4545 Graecos
2448 4505 2608 4559 quam
2657 4498 2846 4544 contra
2880 4488 3165 4551 Barbaros,
3205 4487 3407 4541 exitum
3443 4489 3568 4554 quis

311 4569 629 4624 κατέκλεισε
683 4570 807 4623 τότε
845 4569 945 4631 τάς
972 4567 1202 4638 πράξεις
1251 4567 1285 4637 ἠ
1339 4564 1528 4631 πόλις;
1586 4561 1882 4618 καὶταῦτα

1993 4581 2237 4649 reperiat,
2274 4598 2433 4651 quam
2470 4597 2575 4649 quo
2603 4598 2692 4637 res
2730 4582 2825 4634 has
2849 4580 2978 4635 urbs
3014 4576 3323 4633 conclusit?
3369 4578 3567 4645 Quan-

313 4664 499 4733 μέντοι
525 4662 764 4717 τοσαῦτα
787 4661 883 4716 καὶ
909 4659 1134 4715 τοιαῦτα
1154 4658 1336 4728 διῆλθε
1367 4658 1466 4711 σὺν
1489 4655 1705 4721 πολλοῖς
1730 4655 1881 4726 ὅμως

1993 4688 2144 4741 quam
2182 4688 2283 4727 nec
2330 4674 2444 4727 haec
2478 4674 2613 4741 ipsa,
2647 4689 2766 4741 qnze
2817 4683 2897 4727 tot
2934 4681 3195 4738 tantaque
3251 4680 3399 4733 sunt,
3452 4669 3571 4723 sine

309 4754 676 4826 ὲναντιώμασι
704 4754 812 4808 τῶν
847 4754 1135 4825 Ἑλλήνων,
1154 4752 1247 4805 καὶ
1272 4751 1490 4805 πάντων
1524 4747 1712 4819 ὥσπερ
1745 4746 1876 4801 ἀνθ-

1993 4762 2173 4816 multis
2206 4761 2520 4817 Graacorum
2555 4762 2853 4818 obstaculis
2884 4762 3110 4832 peregit,
3142 4761 3394 4815 omnilms
3449 4773 3569 4812 eam

310 4846 594 4904 ελκόντων.
634 4848 710 4902 Τὸ
736 4847 781 4879 ⁸⁸
809 4846 920 4917 γάρ
951 4846 1011 4899 ὲν
1042 4843 1263 4915 πολέμῳ
1296 4842 1391 4897 καὶ
1422 4840 1728 4914 φιλονεικία
1769 4842 1877 4895 τῶν

1993 4853 2132 4920 1nasi
2168 4853 2564 4925 diripientibns.
2612 4854 2825 4910 Etenim
2872 4854 3015 4924 quod
3069 4868 3178 4908 non
3230 4850 3405 4910 ϐιωθί
3445 4865 3575 4907 con-

1586 4985 1824 5043 VARLE
1864 4989 2159 5046 LECTION
2170 4992 2274 5046 ES.

386 5105 435 5177 ἦέ
457 5098 596 5173 ἀλλ’]
629 5116 681 5172 p.
937 5100 980 5131 ⁶¹
1013 5099 1173 5177 πλέον
1196 5100 1482 5177 ’πλείω
1510 5118 1587 5177 ς’.⁸
1668 5102 1713 5133 ⁶²
1739 5102 1867 5177 έξῆς
1891 5105 1935 5157 Α
1959 5123 1972 5158 :
1999 5105 2193 5177 ἐφεξῆς
2219 5122 2279 5169 ς.
2392 5106 2439 5177 f‘
2464 5104 2621 5177 ἀλλὰ]
2660 5104 2846 5177 p.258
2878 5113 3018 5160 extr.
3125 5105 3171 5136 “
3224 5104 3384 5177 λόγου
3412 5103 3570 5177 τοῦτο

313 5175 546 5247 μᾶλλον-
572 5170 641 5237 ἐξ
664 5172 1018 5247 μᾷλλογὲριηρ
1156 5241 1180 5247 _
1216 5170 1334 5211 ⁵⁸·⁶⁶
1357 5172 1446 5247 ὀὐ
1474 5199 1548 5247 -_-_
1568 5172 1900 5247 ἰν-«ξεειγρίνειλν⁸
1922 5170 2050 5247 oni.
2080 5170 2161 5247 _B.'
2194 5246 2200 5247 γ
2226 5177 2295 5247 7"
2326 5175 2485 5229 τοῦτο
2525 5177 2569 5229 Α
2592 5170 2621 5228 ε’
2643 5170 2819 5229 ταῦτα
2849 5193 2910 5239 ς.
2952 5246 2963 5247 7
3016 5178 3063 5208 ⁸⁸
3093 5170 3475 5247 ὥσπεριξδπερ
3502 5175 3568 5232 Α.

312 5240 548 5317 δννόμοῦ]
574 5260 625 5317 p.
657 5244 782 5317 263.
822 5242 904 5317 _"°
928 5240 1076 5311 ὲνῖτῇ
1115 5241 1320 5317 ’γῇ-οφ.
1462 5240 1562 5317 “:1
1583 5240 1849 5317 pé‘lgtlp.
1876 5244 2014 5317 265.Δ
2079 5245 2448 5317 ’ίγάλλοτρίων
2466 5264 2531 5317 ς.
2611 5247 2656 5277 ’⁷³
2689 5248 2870 5315 πάσης
2912 5246 3143 5317 τῆςίγῆς
3396 5240 3572 5317 ἀφορ-

368 5305 597 5377 ῶύτεςᾚ
630 5331 643 5365 :
670 5313 980 5381 ἀφορῶντες
1012 5305 1076 5376 ςῖ
1127 5305 1196 5341 ἠ
1227 5305 1435 5381 εἷχελρ.
1690 5312 1735 5381 ἶθ
1757 5305 1819 5378 γε
1845 5329 1954 5368 om.
1986 5314 2053 5369 A.
2133 5316 2174 5345 ⁷⁷
2199 5318 2277 5377 είς
2303 5305 2499 5380 τοῦτοΪ
2513 5317 2767 5372 τοσοῦτον
2797 5305 2865 5373 Ᾰξ
2942 5305 3163 5369 ’ἶδυέῖν
3325 5315 3369 5347 ⁷³
3393 5305 3558 5367 xeat-

405 5334 527 5377 ντες
558 5334 597 5365 ἢ
630 5334 775 5381 ταφο
860 5334 980 5373 ντες
1012 5334 1075 5376 ς.
1157 5334 1195 5341 ’⁷
1227 5334 1364 5377 5'.st
1386 5334 1435 5376 p.
1465 5334 1587 5365 zuu.
1694 5334 1735 5341 ’ν
1757 5334 1819 5378 γε
1845 5334 1954 5368 nm.
1986 5334 2053 5369 Α.
2138 5334 2170 5345 "
2199 5334 2277 5377 εις
2303 5334 2382 5369 τοι

316 5334 504 5449 mea;
529 5384 570 5435 Β
593 5397 607 5435 :
638 5334 951 5447 Χελιειύίας
978 5399 1041 5447 ς.
1116 5381 1162 5415 ⁸⁰
1188 5377 1387 5443 καίτοι]
1409 5394 1462 5449 p.
1490 5379 1617 5436 267.
1688 5376 1730 5413 ⁸⁸
1764 5381 1843 5453 τὸ]
1868 5382 1945 5453 τῷ
1972 5386 2039 5438 Α.
2068 5394 2152 5439 est
2181 5401 2233 5455 p.
2258 5387 2382 5441 268.

1830 5492 2059 5553 NOTAE.

352 5595 499 5720 ι,(78)
539 5592 693 5650 Pind.
751 5592 909 5667 Pyth.
942 5592 1028 5649 oJ.
1076 5595 1130 5661 8,
1183 5603 1236 5649 ct
1288 5592 1370 5656 ll,
1427 5591 1879 5667 Enrip.‘M,etfea;
1920 5589 2094 5651 Plato.
2138 5598 2232 5657 lib.
2271 5600 2321 5662 -ί,
2374 5600 2450 5655 De
2484 5603 2657 5671 repnb.
2721 5602 2889 5657 Clem.
2969 5600 3122 5654 Alex.
3179 5598 3449 5667 l‘rulrcpt.
3514 5604 3568 5650 ct

375 5684 431 5720 ιι.
1026 5691 1042 5708 ο
1276 5706 1283 5719 .
1342 5690 1349 5693 ι

316 5682 431 5721 aut.
1026 5691 1042 5708 ’
1276 5706 1283 5719 ο
1342 5690 1349 5693 ’

948 5734 994 5753 αν·
