4012 6236
492 303 629 372 1471

1603 305 1870 368 ΡΗΟΤΙΙ
1909 305 2417 367 PATRIARCH/E
2441 305 2553 368 CP.

3607 299 3628 364 1
3643 299 3747 363 472

489 397 786 451 tentiouem
814 402 871 451 et
895 394 1099 451 bellum
1134 401 1323 450 contra
1356 393 1530 466 ipsam
1567 396 1959 466 suscepissent,
1995 397 2064 450 ui~

2195 394 2464 467 Ἑλλήνων
2494 393 2633 466 πρὸς
2677 392 2847 465 αὐτὴν
2877 390 3295 464 καθεστηκότων
3322 390 3422 462 τῆς
3457 391 3597 462 ὑπὲρ
3649 392 3764 444 τῶν

491 488 567 543 hil
603 497 782 543 tamen
821 489 887 543 de
919 486 1238 543 Graecorum
1279 500 1411 542 cura
1443 486 1652 542 remisit
1691 503 1706 542 :
1750 502 1937 543 verum
1978 503 2079 559 pro

485 579 762 637 communi
813 581 988 636 salute
1029 579 1230 635 bellum
1287 595 1412 636 cum
1451 593 1578 650 rege
1630 589 1774 634 terra
1837 566 2082 651 marique

487 673 677 745 gessit,
709 677 1046 744 quantae'est
1076 673 1243 729 animi
1268 672 1677 742 magnitudinis,
1709 682 1906 742 praeter
1927 674 2070 743 quod

493 767 546 820 in
579 775 658 822 tot
683 775 868 836 partes
894 781 953 821 se
986 765 1192 833 divisit,
1225 775 1388 836 atque
1423 766 1606 820 omnia
1654 779 1762 818 non
1796 780 1954 819 secus
1998 774 2081 817 at-

486 871 594 926 que
625 855 837 927 singula
871 857 1104 922 curavit,
1163 865 1218 912 et
1246 870 1367 912 cum
1399 857 1566 911 animi
1607 855 1938 919 fortitudine,
1967 865 2079 908 ttun

486 955 779 1018 apparatus
831 948 1203 1018 magnitudine
1266 947 1639 1002 admirandam
1697 961 1756 1001 se
1824 946 2076 1014 prmbuit.

485 1037 622 1092 Nam
651 1047 706 1093 et
739 1048 928 1094 contra
955 1038 1230 1099 Barbaros
1255 1039 1330 1094 ita
1361 1053 1420 1095 se
1448 1039 1635 1108 gessit,
1665 1038 1822 1106 quasi
1854 1038 1921 1091 ab
1951 1053 2068 1091 om-

486 1131 646 1187 nibus
673 1133 905 1202 uegotiis
931 1141 1168 1199 vacaret,
1206 1147 1305 1188 nec
1334 1132 1552 1186 interim
1599 1131 1844 1198 Graecis,
1899 1133 1942 1185 si
1985 1133 2075 1200 qui

483 1231 641 1278 erant
705 1222 909 1290 infesti,
975 1223 1317 1279 occasionem
1369 1222 1611 1293 gerendi,
1675 1237 1796 1290 qum
1853 1223 2072 1288 vellent,

483 1315 721 1386 praebuit
752 1333 767 1371 :
800 1330 988 1371 verum
1013 1325 1066 1370 et
1093 1316 1181 1370 bis
1216 1315 1289 1369 ita
1325 1329 1384 1370 se
1416 1315 1632 1368 obviam
1660 1314 1826 1379 dedit,
1862 1325 1919 1367 ut
1947 1315 2072 1385 qui-

486 1421 584 1462 nas
619 1405 704 1462 vel
734 1406 896 1461 etiam
921 1406 1104 1476 plures
1127 1406 1290 1460 simul
1323 1420 1410 1461 res
1434 1406 1502 1461 ab
1525 1420 1586 1461 ea
1612 1415 1812 1476 gestas,
1844 1405 1990 1460 velut
2011 1421 2072 1461 ea

483 1511 605 1566 quae
625 1508 980 1554 numerantur
1011 1497 1364 1566 coniunctim,
1415 1511 1846 1552 commemorare
1893 1498 2070 1552 liceat.

487 1589 746 1645 Vicerunt
768 1591 911 1645 enim
928 1589 1351 1658 Peloponnesios
1378 1588 1554 1644 navali
1579 1588 1762 1658 prmlio
1791 1588 1858 1642 ad
1876 1589 2072 1659 Cecry-

483 1681 744 1752 phaliam,
785 1692 838 1738 et
873 1682 1154 1751 Eginetas
1183 1683 1249 1736 ad
1284 1681 1562 1752 IEginam,
1591 1691 1646 1736 et
1680 1697 1890 1734 rursum
1919 1681 2072 1736 Pelo-

483 1776 793 1845 ponnesios.
844 1775 1046 1831 Deinde
1089 1775 1498 1844 Megarieusium
1554 1775 1751 1827 moenia
1797 1773 1862 1826 ad
1917 1788 2068 1828 mare

487 1884 660 1938 usque
688 1869 1100 1938 protenderuut,
1156 1867 1460 1921 libertatem
1505 1881 1693 1920 eorum
1743 1867 1902 1920 simul
1941 1881 2065 1921 cum

483 1959 704 2031 regione
725 1959 1096 2015 defendentes.
1132 1959 1268 2012 Tum
1307 1957 1617 2013 Corinthios
1634 1967 1760 2012 ante
1786 1956 2065 2028 Megaren-

481 2066 570 2106 ses
594 2053 826 2117 primum
867 2060 1216 2121 superarunt,
1245 2059 1300 2106 et
1339 2052 1534 2105 iterum
1571 2051 1760 2104 urbem
1812 2050 2064 2104 vicerunt

483 2151 602 2212 post
627 2144 742 2198 dies
765 2143 1071 2210 duodecim,
1103 2159 1223 2197 cum
1251 2144 1444 2210 injuste
1476 2156 1738 2213 tropaeum
1769 2144 2066 2213 surripuis-

481 2243 621 2288 seut.
650 2233 780 2300 Qua:
810 2235 1024 2289 tametsi
1060 2235 1235 2303 magni
1267 2234 1525 2288 momenti
1565 2249 1668 2288 non
1694 2244 1840 2301 sunt,
1873 2236 2066 2290 dicen-

481 2335 569 2378 tur
600 2340 628 2379 a
656 2340 740 2378 me
772 2334 974 2380 tamen.
1005 2325 1128 2379 licet
1163 2324 1435 2388 festinem,
1465 2326 1910 2395 quandoquidem
1965 2343 2065 2395 ap-

477 2415 674 2486 pendix
697 2431 811 2472 rem
837 2425 1001 2470 lotam
1039 2415 1298 2470 absolvet.
1323 2416 1454 2470 Cum
1479 2417 1621 2471 cnim
1646 2417 1896 2473 abessent
1921 2419 2070 2474 urbis

479 2511 668 2582 copim,
718 2510 915 2580 partim
973 2510 1040 2563 ad
1101 2507 1479 2580 Egyptiorum
1531 2510 1852 2575 subsidium,
1901 2526 2068 2566 naves

479 2601 686 2667 plures,
740 2616 900 2671 quam
935 2611 1060 2655 tunc
1089 2611 1249 2655 erant
1278 2603 1329 2654 iu
1363 2609 1472 2654 tota
1507 2600 1740 2665 Graecia,
1773 2603 1968 2671 partim
2008 2604 2059 2661 in

479 2691 691 2764 ngiuae
714 2691 1020 2755 obsidione,
1049 2693 1290 2760 aggressi
1338 2701 1464 2745 sunt
1495 2693 1676 2747 hostes
1703 2692 1898 2765 40Αὸ
1959 2697 2061 2751 Me.

477 2798 607 2852 gara
623 2783 901 2847 invadere,
920 2782 1059 2850 quod
1080 2781 1461 2836 existimabant
1476 2783 1880 2840 Atheniensium
1900 2792 2065 2845 otium

478 2874 578 2928 sibi
613 2875 665 2928 in
694 2873 1035 2928 occasionem
1082 2871 1158 2925 rei
1196 2871 1445 2940 gerenda:
1474 2873 1690 2938 cedere,
1730 2885 1822 2929 aut
1872 2877 2064 2932 saltem

476 2969 522 3022 si
557 2969 684 3022 urbs
717 2982 931 3020 rursum
959 2964 1219 3031 vinceret,
1263 2963 1473 3034 Aiginre
1527 2967 1862 3022 obsidionem
1917 2971 2063 3024 soluo

477 3069 592 3114 tum
624 3061 690 3114 iri
724 3077 740 3114 :
785 3059 1050 3127 siquidem
1079 3057 1153 3111 illi
1181 3056 1397 3110 aliunde
1425 3072 1581 3125 opem
1612 3058 1756 3113 ferre
1784 3078 1888 3115 nou
1928 3081 2057 3133 pos-
2089 3097 2132 3156 ο

474 3164 615 3207 seut.
643 3151 720 3205 Illi
755 3159 934 3204 autem
979 3151 1113 3204 adeo
1139 3149 1240 3204 hoc
1271 3159 1632 3204 commentum
1689 3153 1944 3219 riserunt,
2005 3166 2061 3209 ut

473 3245 564 3313 qui
601 3243 668 3299 ad
710 3243 963 3313 ZEgiuam
995 3254 1172 3308 erant,
1235 3262 1339 3300 non
1407 3243 1576 3312 magis
1635 3259 1795 3314 quam
1857 3250 1946 3317 qui
2008 3247 2059 3302 in

478 3338 710 3408 .Egypto
736 3353 848 3392 rem
884 3352 1098 3392 omnem
1148 3337 1490 3404 ignorabant,
1563 3339 1685 3394 loco
1752 3353 1812 3392 se
1878 3354 2061 3393 move-

476 3439 618 3486 rent.

543 3520 794 3588 Quinimo
821 3519 931 3574 sola
976 3519 1186 3590 privato
1217 3519 1457 3589 periculo
1509 3521 1783 3576 communi
1837 3520 2057 3576 utilitati

471 3614 695 3678 studuit,
727 3623 783 3667 et
801 3612 1187 3668 beneﬁciorum
1217 3614 1368 3682 copia
1392 3613 1750 3683 principatum
1779 3614 1878 3668 sibi
1911 3629 2060 3668 cont-

474 3707 700 3776 paravit,
778 3720 928 3760 more
969 3707 1240 3761 communi
1285 3716 1510 3761 mutato.
1564 3706 1680 3761 Non
1730 3707 1871 3761 enim
1916 3708 2059 3776 quod

471 3798 665 3866 oppida
717 3793 1050 3862 subjugarat,
1102 3797 1194 3849 sed
1229 3797 1372 3864 quod
1402 3795 1569 3850 libera
1628 3795 1853 3861 fecerat,
1893 3797 2059 3866 impe-

471 3885 610 3939 rium
639 3892 722 3939 est
745 3884 936 3950 adepta
977 3902 990 3938 :
1026 3884 1100 3937 ita
1135 3894 1193 3938 ut
1246 3885 1435 3939 eodem
1467 3894 1706 3952 tempore
1756 3895 1810 3940 et
1855 3885 2058 3941 Grmcis

473 3970 715 4036 libertas,
755 3980 810 4026 et
867 3971 984 4025 urbi
1043 3970 1205 4026 fuerit
1235 3973 1523 4040 imperium
1580 3975 1858 4028 tributum.
1920 3975 2058 4030 Huic

472 4061 615 4114 enim
639 4060 738 4115 soli
771 4061 910 4115 ultro
936 4069 1234 4129 paruerunt
1262 4063 1475 4133 reliqui,
1509 4072 1564 4118 et
1611 4064 1754 4120 hunc
1800 4065 2053 4134 populum

473 4152 744 4206 communi
803 4152 1062 4223 sutl'ragio
1125 4152 1406 4221 jusserunt
1464 4156 1754 4227 imperare,
1818 4160 1952 4214 adeo
1996 4169 2054 4212 ut

470 4259 593 4301 eum
631 4247 800 4301 armis
826 4244 1091 4302 Barbaros
1143 4249 1427 4319 coegisset,
1462 4250 1639 4305 socios
1691 4260 1867 4307 tamen
1919 4251 2054 4306 nihil

471 4347 723 4406 precatus
758 4336 946 4404 fuerit,
1009 4339 1105 4393 sed
1142 4339 1381 4410 ipsorum
1433 4342 1686 4411 precibus
1741 4343 2053 4412 compulsus

2194 489 2463 559 Ἑλλήνων
2523 487 2784 559 προνοίας
2833 485 3000 556 μηδὲν
3052 483 3254 556 μᾶλλον
3301 481 3557 552 ἀφεῖσθαι
3579 522 3597 548 ,
3641 482 3761 537 ἀλλ’

2185 579 2328 652 ὑπὲρ
2355 580 2466 633 τῶν
2490 579 2645 648 κοινῇ
2693 576 3086 648 συμφερόντων
3117 574 3331 647 βασιλεῖ
3374 575 3635 646 πολεμεῖν
3669 575 3762 630 διά

2181 674 2282 741 γῆς
2309 671 2529 742 ἀπάσης
2556 671 2650 724 καὶ
2674 669 2965 741 θαλάττης,
2997 669 3138 740 πόσῃ
3165 667 3274 721 τινὶ
3303 667 3459 739 χρὴ⁸¹
3489 670 3554 740 τῇ
3589 684 3764 740 μεγα.

2181 763 2413 833 λοψυχίᾳ
2442 760 2759 832 προσθεῖναι
2785 778 2800 827 ;
2833 759 3002 830 χωρὶς
3027 757 3120 812 τοῦ
3150 759 3290 829 πρὸς
3317 757 3365 790 ⁸³
3387 758 3630 813 τοσαῦτα
3657 776 3761 831 με-

2183 853 2458 924 ρισθῆναι,
2511 852 2607 906 καὶ
2661 852 2882 906 πάντων
2917 851 2994 915 ὡς
3044 850 3223 922 μόνων
3285 849 3534 905 ἑκάστων
3573 851 3763 923 ἐφικέ-

2183 945 2308 999 σθαι
2335 945 2403 1010 ⁸⁸,
2435 945 2536 1016 τῆς
2573 944 2671 1014 μὲν
2703 942 2929 1014 γνώμης
2955 942 3055 1014 τὴν
3083 943 3355 1014 ἀνδρείαν,
3377 943 3476 1012 τῆς
3497 943 3555 998 δὲ
3579 961 3762 1016 παραο

2183 1037 2388 1107 σκευῆς
2425 1037 2522 1108 τὴν
2564 1035 2872 1106 ὑπερϐολὴν
2926 1036 3191 1106 παρέχειν
3241 1035 3540 1106 θαυμάσαι.
3575 1035 3660 1091 Τά
3695 1053 3760 1090 τε

2179 1129 2290 1200 γὰρ
2322 1128 2459 1200 πρὸς
2491 1128 2618 1190 τοὺς
2667 1126 2979 1198 βαρϐάρους
3011 1127 3088 1190 ὡς
3129 1127 3310 1180 πᾶσαν
3338 1127 3548 1195 ἄγουσα
3568 1127 3617 1161 ⁸³
3645 1126 3760 1182 ἀπὸ

2179 1220 2398 1276 πάντων
2433 1219 2649 1291 σχολὴν,
2685 1218 2828 1272 οὕτω
2853 1218 3184 1288 διῳκήσατο,
3213 1219 3445 1283 καὶτοῖς
3477 1218 3759 1291 ἐνοχλοῦσι

2175 1313 2285 1367 τῶν
2327 1311 2598 1382 Ἑλλήνων
2644 1310 2796 1363 οὐδὲν
2829 1309 3031 1380 μᾶλλον
3073 1309 3289 1381 ὑπῆρχε
3335 1311 3648 1382 χρήσασθαι
3678 1310 3760 1382 τῷ

2178 1402 2374 1475 καιρῷ,
2401 1401 2537 1456 ἀλλὰ
2558 1401 2651 1454 καὶ
2681 1401 2896 1462 τούτοις
2921 1397 3095 1463 οὕτως
3118 1400 3452 1471 ἀπήντησεν,
3482 1401 3624 1454 ὥστε
3656 1402 3759 1456 σὺν

2176 1498 2338 1551 πέντε
2371 1496 2466 1550 καὶ
2497 1495 2594 1548 σὺν
2623 1495 2793 1548 πλείω
2821 1494 2973 1548 ταῦτ’
3004 1494 3149 1565 ἔχειν
3186 1496 3442 1566 ἀριθμεῖν
3460 1496 3528 1561 ⁸⁷,
3561 1496 3756 1570 ὥσπερ

2174 1589 2310 1646 ἄλλα
2337 1587 2474 1642 ἄττα
2504 1585 2807 1656 συλλήβδην
2847 1585 3247 1656 ἀριθμούμενα.
3292 1586 3518 1640 Ἐνίκων
3555 1587 3656 1658 μέν
3687 1605 3757 1656 γε

2173 1678 2452 1750 ναυμαχίᾳ
2492 1678 2956 1748 Πελοποννησίους
2997 1677 3092 1730 ἐπὶ
3134 1677 3514 1750 Κεκρυφαλίᾳ.
3555 1679 3757 1733 ἐνίκων

2171 1772 2217 1826 δ’
2243 1773 2542 1842 Αἰγινήτας
2575 1771 2712 1841 πρὸς
2744 1771 2971 1841 Αἰγίνῃ,
3016 1769 3108 1823 καὶ
3155 1770 3623 1842 Πελοποννησίους
3655 1766 3757 1826 αὖ·

2173 1865 2278 1928 θις.
2310 1863 2628 1933 Μεγαρεῦσι
2651 1861 2694 1914 δ’
2725 1861 2962 1932 ἔστησαν
2985 1862 3140 1932 τείχη
3162 1863 3210 1894 ⁸⁸
3237 1862 3400 1934 μέχρι
3447 1863 3756 1936 θαλάσσης,

2171 1957 2267 2012 καὶ
2295 1956 2395 2026 τὴν
2424 1955 2741 2025 ἐλευθερίαν
2764 1953 2882 2024 ἅμα
2917 1954 3013 2008 καὶ
3049 1957 3154 2024 τὴν
3178 1955 3224 1986 ⁸⁸
3264 1957 3448 2025 χώραν
3491 1956 3756 2025 διεφύλα-

2172 2049 2288 2114 ξαν.
2323 2047 2553 2102 Ἐνίκων
2580 2047 2636 2100 δὲ
2657 2047 2979 2117 Κορινθίους
3010 2046 3117 2117 πρὸ
3145 2047 3468 2118 Μεγαρέων⁸
3496 2049 3591 2103 καὶ
3619 2052 3754 2120 πρὶν

2170 2139 2383 2193 δώδεκα
2408 2139 2625 2209 ἐξήκειν
2659 2138 2874 2208 ἡμέρας
2898 2137 3094 2190 ἐνίκων
3136 2133 3293 2201 αὖθις
3315 2139 3531 2209 ἑτέραν,
3569 2141 3631 2194 οὐ
3659 2159 3754 2195 κα-

2171 2232 2279 2296 λῶς
2308 2233 2369 2286 τὸ
2396 2232 2659 2303 τρόπαιον
2691 2230 3114 2300 ὑφαρπάζοντας
3137 2233 3206 2285 ’⁸.
3251 2233 3360 2285 Καὶ
3395 2231 3552 2287 ούπω
3576 2235 3751 2290 ταῦτα

2174 2325 2383 2395 μεγάλα
2402 2341 2416 2356 ·
2452 2323 2568 2378 ἀλλ’
2590 2325 2868 2395 εἰρήσεται
2897 2324 3027 2394 γὰρ,
3056 2324 3161 2378 κᾶν
3198 2325 3509 2396 ἐπείγωμαι
3528 2343 3543 2358 ο
3576 2329 3610 2398 ή
3644 2328 3751 2401 γὰρ

2170 2417 2456 2488 προσθήκη
2485 2417 2646 2480 δείξει
2674 2417 2735 2468 τὺ
2777 2417 2907 2471 πᾶν.
2956 2416 3201 2486 Ἀπῆσαν
3239 2419 3336 2489 μὲν
3368 2419 3476 2490 γὰρ
3509 2422 3568 2474 αί
3597 2422 3752 2479 δυνά.

2173 2528 2296 2581 μεις
2342 2513 2408 2582 τῇ
2445 2510 2618 2576 πόλει,
2655 2512 2688 2576 ἡ
2750 2512 2850 2582 μὲν
2885 2512 3028 2565 κατά
3082 2513 3184 2583 τὴν
3229 2514 3339 2567 τῶν
3363 2516 3406 2548 ³⁸
3437 2518 3752 2583 Αἰγυπτίων

2170 2605 2382 2676 χρείαν,
2419 2605 2548 2677 νῆες
2572 2607 2618 2638 ⁹¹
2645 2605 2916 2676 πλείουςῆ
2952 2605 3058 2660 τότ’
3088 2601 3229 2677 ἦσαν
3257 2608 3314 2659 ἐν
3344 2609 3458 2671 τοῖς
3489 2610 3752 2681 ’Ἓλλησιν

2168 2699 2224 2751 αἱ
2276 2683 2560 2767 σύμπασαι
2619 2697 2804 2767 σχεδὸν
2841 2697 2912 2763 ⁸³,
2951 2700 2985 2770 ή
3025 2698 3071 2751 δ’
3104 2699 3299 2772 Αἰγίνῃ
3349 2705 3748 2777 προσεκάθητο.

2169 2789 2346 2860 Ὅπερ
2390 2789 2645 2854 καὶτοὺς
2694 2790 2972 2854 ἐναντίους
3009 2791 3212 2861 μᾶλλον
3256 2794 3464 2866 ἐπῆρεν
3507 2798 3751 2869 ὁρμῆσαι

2169 2883 2307 2952 πρὸς
2335 2882 2405 2935 τὰ
2424 2883 2662 2954 Μέγαρα
2685 2901 2700 2916 ’
2727 2882 2897 2955 ᾤοντο
2925 2885 3034 2956 γὰρ
3063 2881 3202 2940 εἶναι
3229 2888 3424 2961 σχολὴν
3449 2889 3751 2961 Ἀθηναίων

2169 2977 2249 3039 εἰς
2283 2975 2343 3027 τὸ
2378 2975 2538 3046 ἔργον
2566 2977 2798 3040 ἑαυτοῖς.
2833 2977 2894 3030 Εἰ
2919 2977 2965 3030 δ’
3001 2979 3112 3049 ἄρα
3159 2979 3258 3032 καὶ
3301 2980 3369 3034 τὰ
3393 2981 3624 3053 δεύτερα
3672 3003 3750 3039 νι-

2169 3067 2309 3138 κῴη,
2361 3067 2475 3122 ἀλλ’
2521 3069 2716 3139 ἑτέραν
2756 3069 3075 3140 πολιορκίαν
3129 3070 3258 3142 [660
3296 3071 3386 3146 1·Ι.]
3435 3073 3621 3129 λύσειν
3652 3081 3751 3150 τῆς

2165 3159 2392 3227 Αἰγίνης
2412 3175 2425 3190 ⁸
2451 3159 2510 3212 οὐ
2540 3159 2649 3230 γὰρ
2687 3159 2909 3214 ἄλλοθέν
2929 3179 2992 3231 γε
3021 3161 3206 3216 λοιπὸν
3230 3164 3382 3235 ἥξειν
3426 3167 3646 3233 αύτούς.
3689 3175 3750 3225 UE

2164 3250 2219 3304 δὲ
2248 3249 2502 3303 τοσοῦτον
2529 3250 2903 3320 κατεγέλασαν
2933 3252 3026 3306 τοῦ
3052 3255 3408 3325 σοφίσματος,
3436 3257 3578 3313 ὥστε
3600 3261 3750 3315 οὐδὲν

2166 3342 2368 3412 μᾶλλον
2401 3343 2449 3395 οἱ
2477 3343 2616 3413 πρὸς
2647 3344 2840 3415 Αἰγίνῃ
2880 3345 3002 3398 τότε
3045 3346 3383 3419 ἐκινήθησαν
3420 3351 3530 3405 τῶν
3563 3354 3622 3406 ἐν
3652 3355 3750 3407 Αί-

2163 3434 2360 3502 γύπτῳ
2389 3436 2484 3488 καὶ
2521 3435 2689 3505 μηδὲν
2719 3436 3105 3506 πεπυσμένων.

2245 3525 2405 3580 Ἀλλὰ
2425 3527 2471 3558 9‘
2503 3525 2612 3597 μὴν
2650 3526 2785 3596 μόνη
2815 3527 2913 3596 μὲν
2948 3527 3175 3581 ἁπασῶν
3204 3530 3408 3583 πόλεων
3434 3531 3585 3598 ἰδίοις
3626 3553 3746 3588 κιν-

2159 3616 2335 3681 δύνοις
2362 3618 2547 3685 κοινὴν
2568 3617 2771 3672 ἅπαντι
2802 3619 2882 3690 τῷ
2920 3619 3074 3689 γένει
3099 3622 3199 3692 τὴν
3249 3622 3516 3691 ὠφέλειαν
3557 3627 3748 3700 ἐπορί-

2165 3728 2314 3776 σατο,
2353 3710 2487 3781 μόνη
2514 3710 2571 3762 δὲ
2605 3713 2668 3764 ἐκ
2697 3710 2808 3764 τῶν
2835 3713 3033 3766 κοινῶν
3053 3713 3384 3785 εὐεργεσιῶν
3410 3718 3510 3785 τὴν
3539 3720 3747 3792 ἡγεμο-

2159 3805 2280 3856 νίαν
2313 3804 2584 3873 ἐκτήσατο
2607 3805 2676 3866 ⁸⁸,
2717 3805 2814 3856 καὶ
2846 3804 3114 3876 μετέθηκε
3145 3809 3236 3861 τὸν
3270 3808 3469 3880 θεσμόν
3491 3827 3505 3842 ·
3540 3813 3603 3865 οὐ
3634 3813 3744 3886 γὰρ

2161 3895 2221 3960 ἐξ
2265 3890 2341 3949 ὧν
2388 3894 2835 3949 κατεδουλώσατο
2869 3897 2968 3960 τὰς
3018 3899 3201 3962 πόλεις
3223 3899 3346 3972 ἔσχε
3397 3902 3499 3974 τὴν
3543 3905 3742 3976 ἀρχὴν,

2159 3985 2276 4039 ἀλλ’
2307 3985 2367 4053 ἐξ
2396 3979 2471 4040 ὧν
2494 3985 2749 4057 ἐποίησεν
2774 3986 3089 4059 ἐλευθέρας.
3119 3989 3282 4043 Ὥστε
3308 4008 3371 4043 συ
3381 3991 3587 4062 μϐῆναι
3615 3996 3746 4059 τοὺς

2159 4078 2358 4142 αὐτοὺς
2386 4078 2613 4149 χρόνους
2636 4081 2750 4142 τοῖς
2785 4078 2886 4149 μὲν
2910 4079 3142 4152 Ἕλλησι
3180 4080 3240 4136 τὸ
3275 4085 3376 4153 τῆς
3401 4083 3739 4156 ἐλευθερίας,

2158 4171 2224 4241 τῇ
2259 4169 2315 4221 δὲ
2347 4169 2500 4222 πόλει
2555 4167 2616 4222 τὸ
2659 4171 2757 4241 τῆς
2791 4170 2967 4242 ἀρχῆς
3014 4171 3206 4242 κέρδος
3256 4174 3522 4240 ἐνεγκεῖν.
3573 4176 3742 4230 Μόνοι

2159 4258 2267 4328 γὰρ
2300 4259 2534 4324 ἑκόντων
2563 4254 2760 4330 ἦρξαν,
2793 4261 2889 4313 καὶ
2939 4261 3100 4330 μόνος
3137 4254 3291 4326 οὗτος
3329 4263 3516 4335 δήμων
3553 4265 3743 4340 ὥσπερ

2157 4342 2240 4410 εἷς
2283 4347 2469 4419 ἄρχων
2513 4348 2730 4418 αἱρετὸς
2776 4348 2835 4417 ἐξ
2872 4349 3132 4405 ἁπάντων
3178 4352 3420 4423 ἐνίκησε,
3461 4356 3591 4420 τοὺς
3639 4358 3744 4428 μὲν

470 4429 840 4499 principatum
876 4432 1173 4501 acceperit,
1201 4447 1309 4502 quo
1339 4435 1405 4489 ad
1431 4435 1675 4501 justitiaz,
1711 4452 1814 4491 nou
1843 4437 2052 4506 injuriae

2168 4436 2471 4510 βαρϐάρους
2521 4441 2634 4504 τοῖς
2675 4439 2862 4506 ὅπλοις
2896 4440 3248 4514 βιασάμενος,
3285 4443 3448 4517 [1224-
3471 4447 3566 4520 R.]
3613 4450 3743 4515 τοὺς

471 4525 652 4572 notam
687 4529 949 4576 uteretur.
992 4521 1067 4577 Ut
1115 4533 1299 4578 autem
1354 4523 1659 4594 singulatim
1712 4541 1824 4581 rem
1882 4535 2050 4582 totam

468 4611 759 4680 explicem,
789 4614 901 4667 sola
931 4614 1047 4670 hac
1081 4615 1294 4680 civitas,
1327 4615 1583 4672 Barbaris
1612 4618 1818 4684 invitis,
1848 4619 2052 4676 Graecis

469 4717 646 4761 autem
682 4709 1016 4777 petentibus,
1059 4711 1348 4781 imperium
1386 4721 1471 4768 est
1504 4713 1720 4782 adepta.
1770 4713 1903 4781 Quis
1946 4731 2049 4771 un-

467 4811 632 4866 quam
667 4797 824 4868 digne
848 4799 930 4855 vel
962 4801 1249 4871 expendat,
1271 4800 1355 4856 vel
1378 4803 1722 4858 admiretur?
1773 4803 1843 4860 Ut
1867 4815 2046 4862 autem

469 4886 698 4958 insignis
725 4888 815 4942 illa
874 4889 1058 4946 clades
1092 4902 1314 4962 accepta
1346 4891 1445 4947 l‘uit
1474 4892 1608 4964 (cur
1631 4895 1774 4948 enim
1823 4896 1926 4951 hoc
1965 4905 2049 4951 ta-

467 4993 641 5047 ceam,
681 4995 804 5034 cttm
830 4990 883 5036 et
909 4982 1083 5052 ipsum
1115 4985 1182 5039 ad
1229 4985 1377 5040 urbis
1417 4985 1838 5056 magnitudinem
1869 4999 2052 5045 osten-

469 5069 698 5126 dendam
727 5074 1067 5146 pertineat?)
1099 5093 1219 5146 quae
1252 5078 1325 5132 ita
1358 5082 1427 5133 sit
1456 5081 1521 5134 ad
1551 5080 1787 5151 reliquas
1813 5098 1904 5138 res
1930 5099 2052 5153 pro-

467 5176 676 5232 gressa,
721 5166 880 5236 quasi
937 5174 1102 5222 totam
1155 5167 1388 5224 cenisset
1437 5169 1699 5240 Siciliam,
1731 5184 1832 5228 nec
1866 5173 2053 5243 copias

2156 4531 2203 4586 δ’
2241 4533 2548 4604 ὁμοφύλους
2579 4533 2640 4586 οὐ
2674 4535 2889 4601 πείσας,
2915 4535 3032 4590 ἀλλ’
3077 4537 3169 4591 ὑπ’
3188 4537 3368 4592 αὐτῶν
3391 4539 3584 4612 ἄρχειν
3621 4560 3743 4598 1m-

2159 4625 2330 4690 σθεὶς,
2362 4625 2633 4696 σύμϐολον
2655 4627 2702 4659 ³⁸
2726 4627 3077 4700 δικαιοσύνης
3103 4629 3244 4700 ἔχων
3274 4631 3373 4703 τὴν
3401 4633 3599 4705 ἀρχὴν,
3623 4635 3742 4689 ἀλλ’

2156 4719 2260 4772 οὐκ
2287 4718 2526 4782 ἀδικίας.
2558 4720 2622 4773 Εἰ
2651 4720 2708 4773 δὲ
2739 4721 2820 4775 δεῖ
2850 4721 3096 4776 διελόντα
3126 4725 3325 4790 εἰπεῖν,
3360 4725 3498 4797 μόνη
3529 4728 3741 4782 πόλεων

2155 4811 2265 4866 τῶν
2291 4810 2391 4882 μὲν
2413 4811 2705 4883 βαρϐάρων
2731 4813 2994 4879 ἀκόντων,
3022 4814 3131 4868 τῶν
3151 4814 3196 4869 δ’
3234 4815 3504 4886 Ἐλλήνων
3523 4817 3740 4890 δεηθέν·

2155 4920 2266 4956 των
2296 4904 2338 4934 ⁷⁷
2370 4904 2496 4974 ἔσχε
2539 4904 2638 4974 τὴν
2670 4905 2864 4977 ἀρχήν.
2894 4906 3034 4977 Ποία
3059 4907 3104 4939 ³⁸
3135 4907 3288 4960 ταῦτ’
3316 4908 3491 4961 ἔνεστι
3516 4910 3562 4941 ⁹¹⁹
3592 4910 3735 4983 ψυχῇ

2159 4993 2495 5063 παραϐαλεῖν
2557 4994 2910 5067 ἀνθρωπίνῃ,
2969 4998 3064 5050 καὶ
3133 4998 3275 5062 τίνος
3325 4999 3428 5052 οὐκ
3484 5001 3739 5072 εὐτυχίας

2163 5083 2366 5152 μᾶλλον
2407 5082 2719 5153 θαυμάσαι;
2775 5085 3069 5153 γενομένου
3108 5085 3167 5139 δὲ
3204 5085 3298 5139 τοῦ
3349 5086 3586 5157 μεγάλου
3638 5087 3739 5142 πάρ

2161 5174 2322 5239 θους·
2356 5175 2418 5228 οὐ
2439 5176 2551 5247 γὰρ
2594 5175 2687 5229 οὖν
2745 5180 3116 5250 σιωπήσομαι,
3173 5179 3313 5232 ἀλλά
3345 5180 3437 5234 καὶ
3471 5179 3631 5234 τοῦτο
3657 5179 3737 5234 ἔτι

1783 5351 2020 5410 VARle
2045 5354 2462 5413 LECTIONES.

542 5487 587 5519 ea
620 5489 726 5556 χρῆ
759 5502 871 5562 ρπη,
1047 5498 1172 5562 ante
1201 5490 1518 5562 προσθεῖναι
1559 5495 1709 5562 punit
1741 5509 1818 5549 rc.
1851 5494 1910 5549 Β.

476 5556 571 5632 σὺν
590 5573 709 5632 _mu.
892 5559 938 5588 ’τ
959 5556 1302 5632 ⁸ἀπαριθμεῖν
1331 5579 1393 5626 ς.
1496 5564 1540 5594 ⁸⁸
1562 5556 1747 5632 ’τεῖχος
1777 5567 1843 5618 Α.

476 5625 521 5702 :1
557 5627 710 5702 νῆες.
779 5628 826 5658 ’⁸
855 5629 1043 5702 σχεδον
1084 5620 1195 5683 om:
1245 5632 1310 5685 Α.
1339 5620 1357 5626 ⁷
1426 5633 1470 5665 ⁹⁸
1497 5620 1750 5702 ἀλλὰΓΡῖ
1785 5635 1914 5688 ἳπ-

479 5694 521 5726 "
555 5693 1167 5768 δεηθέντωνῖἒκόντων,
1225 5703 1380 5773 idque
1412 5719 1514 5771 rc.,
1553 5693 1659 5758 AB.

2011 5497 2058 5527 ⁸³
2087 5496 2221 5566 πρὸς
2248 5511 2357 5551 om.
2448 5497 2494 5527 ⁸⁸
2514 5499 2807 5565 ἀφικέσθαι
2831 5497 2897 5553 Α.

1951 5567 1995 5597 ’⁸⁸
2019 5568 2118 5632 τὴν
2149 5582 2260 5621 om.
2287 5567 2355 5624 Α.
2429 5623 2436 5628 ,

2015 5638 2060 5668 ⁹⁸
2100 5635 2324 5707 μόνηςδὲ
2358 5667 2428 5678 --
2455 5635 2728 5707 ἐκτήσατο
2760 5655 2870 5693 om.
2910 5643 2974 5693 A.

1770 5706 1814 5735 9“
1853 5705 2004 5776 ποίᾳ]
2054 5705 2111 5778 p.
2157 5705 2283 5760 ‘279.
2359 5710 2404 5742 ’9
2435 5707 2549 5761 ἔστι
2580 5705 2644 5764 Α.
2676 5709 3041 5781 παραϐάλλειν
3066 5711 3110 5764 Α
3137 5728 3150 5765 :
3185 5705 3498 5779 περιλαϐεῖν
3526 5727 3586 5776 ς.

3523 5499 3735 5555 “(iam

3158 5569 3331 5690 ’ξτῃν
3356 5569 3466 5622 τῶν
3520 5585 3632 5626 om.
3666 5571 3732 5624 Λ.

3103 5639 3123 5670 ⁸
3152 5656 3263 5690 συυ.
3302 5639 3421 5690 ολον
3448 5639 3504 5690 δὲ
3531 5641 3639 5690 δικ.
3671 5642 3729 5690 Β.

3079 5639 3123 5670 ’⁸
3152 5639 3421 5708 σύμϐολον
3448 5639 3504 5693 δὲ
3531 5641 3639 5696 δικ.
3671 5642 3729 5694 υ.

2995 5497 3041 5530 ⁸⁸
3074 5498 3312 5567 ἄγουσαν
3353 5497 3419 5553 Α.

2457 5569 2500 5599 ὀ
2531 5569 2945 5639 ὐφαρπάζοντες
2993 5570 3055 5623 Α.
