4012 6236
1350 280 1879 346 BIBLIOTHECA.
1918 306 1988 317 —
2026 284 2188 345 COD.
2221 286 2509 351 CCXLVI.
2540 330 2551 337 ς

300 276 443 341 1473
957 325 959 329 ι
1350 280 1879 346 BIBLIOTHECA.
1918 306 1988 317 —
2026 284 2188 345 COD.
2221 286 2509 351 CCXLVI.
2540 330 2551 337 ς
3443 301 3578 371 ιιτι

302 387 517 460 μείζω¹
556 403 649 459 μοι
684 386 833 442 δοκεῖ
865 387 888 420 ¹
938 385 1211 445 δεικνύναι
1243 388 1346 461 τὴν
1378 390 1555 443 πόλιν.
1585 391 1742 444 Οὕτω
1776 392 1862 463 γὰγ

1990 395 2264 461 amisisse,
2289 400 2379 453 sed
2409 416 2581 455 novas
2611 417 2961 473 comparasse
2993 404 3288 463 videretur.
3349 408 3428 465 Ac
3457 429 3569 466 uio-

295 482 414 543 τοῖς
439 480 759 544 ὑπολοίποις
811 480 1160 552 προσηνέχθη
1202 482 1547 553 πράγμασιν,
1581 483 1771 555 ὥσπερ
1820 485 1862 538 ἆ¹

1992 501 2110 540 rum
2165 489 2380 557 quidem
2437 490 2776 559 facilitatem,
2846 499 3282 565 temperantiam,
3340 502 3577 570 vitaeque

296 573 351 626 εἰ
381 571 561 625 πᾶσαν
589 571 804 642 εἰλήφει
830 569 929 641 τὴν
973 571 1248 627 Σικελίαν.
1278 575 1354 627 Οὐ
1397 574 1508 647 γὰρ
1540 574 1862 647 ἐστερημένῃ

1991 578 2255 635 rationem
2285 583 2351 635 ad
2390 580 2570 651 fugam
2627 586 2976 654 turpitudinis
3026 601 3354 660 susceptam,
3415 569 3577 647 nemo

295 662 586 734 δυνάμεως
608 660 793 732 ἐῴκει,
827 660 944 714 ἀλλ’
977 662 1103 730 ἄρτι
1134 665 1619 735 προσκεκτημένῃ.
1649 666 1761 718 Καὶ
1786 666 1887 735 τὴν

300 756 403 823 μὲν
429 754 539 808 τῶν
574 754 796 825 τρόπων
842 753 1093 809 εὐκολίαν
1122 755 1219 808 καὶ
1259 758 1616 826 σωφροσύνην
1658 756 1759 809 καὶ
1791 755 1888 809 τά·

300 847 383 912 ξιν
399 846 419 877 ³
440 846 675 916 διαίτης,
698 845 765 916 ήν
793 846 936 918 ὑπὲρ
957 844 1053 899 τοῦ
1088 845 1256 916 μηδὲν
1284 846 1509 917 αἰσχρὸν
1534 848 1886 918 συγχωρῆσαι

302 937 643 1009 προείλοντο,
687 937 797 991 οὐδ’
828 937 895 991 ἂν
942 932 1023 1000 εἷς
1056 937 1225 1003 ἀξίως
1258 939 1421 993 εἴποι.
1456 940 1841 1010 Περιστάντων
1862 939 1885 971 ’⁵

300 1032 344 1083 δ’
398 1030 598 1094 αὐτοὺς
645 1030 757 1083 τῶν
814 1028 1086 1103 Ἐλλήνων
1144 1030 1424 1096 ἁπάντων,
1479 1032 1574 1085 καὶ
1614 1030 1724 1085 τῶν
1783 1032 1884 1102 μὲν

299 1122 663 1194 ὑπαρχόντων
703 1121 980 1192 πολεμίων
1021 1122 1145 1176 τότε
1175 1123 1393 1194 πρῶτον
1425 1123 1701 1179 λαϐόντων
1732 1124 1885 1178 ἐλπί-

294 1214 395 1277 δας
432 1215 529 1268 καὶ
576 1213 1023 1284 παροξυνθέντων
1053 1215 1158 1268 ὐπὸ
1187 1216 1285 1286 τῆς
1319 1215 1509 1286 τύχης,
1540 1216 1882 1270 ἐπελθόντων

292 1309 349 1363 δὲ
376 1309 487 1364 τῶν
544 1311 609 1362 ἐκ
642 1309 913 1377 Σικελίας,
948 1311 1297 1382 μεταστάσης
1322 1311 1380 1365 δὲ
1422 1312 1523 1382 τῆς
1563 1311 1881 1383 συμμαχίας

290 1403 476 1471 ὀλίγου
507 1402 620 1456 δεῖν
653 1402 895 1473 ἀπάσης,
913 1403 1008 1458 καὶ
1027 1404 1206 1474 νήσων
1241 1404 1338 1458 καὶ
1359 1405 1593 1476 ἠπείρου
1626 1406 1719 1458 καὶ
1744 1406 1881 1460 πάν-

289 1512 403 1548 των
430 1495 505 1557 ὡς
554 1496 731 1547 εἰπεῖν
780 1494 1057 1564 πολεμίων
1100 1495 1507 1557 καταστάντων,
1542 1496 1637 1551 καὶ
1669 1515 1877 1551 ’παντα-

287 1587 449 1658 χόοεν
478 1587 888 1657 κεκυκλωμένοι
916 1588 959 1653 ⁸,
987 1589 1067 1641 ἔτι
1095 1589 1139 1641 δ’
1168 1589 1565 1661 ἀγνωμοσύνης
1607 1590 1877 1660 ἀπροσδο-

286 1682 460 1749 κήτου
482 1696 544 1731 συ
554 1679 768 1750 μὸάσης
790 1678 930 1732 ὥστε
954 1681 1049 1732 καί
1076 1679 1299 1750 βασιλέα
1322 1680 1590 1751 κληθῆναι
1611 1682 1753 1733 κατὰ
1770 1681 1871 1751 τῆς

1988 671 2144 725 facile
2174 687 2271 740 pro
2299 673 2562 742 dignitate
2588 676 2803 733 dixerit.
2849 676 3045 733 Verum
3075 695 3198 735 cum
3242 681 3415 738 Graeci
3450 699 3569 738 om-

1988 778 2085 817 nes
2116 764 2235 820 illos
2261 766 2752 833 circumsisterent,
2778 779 2834 825 et
2862 771 3079 841 antiqui
3109 773 3290 829 hostes
3322 785 3433 830 tum
3462 778 3572 845 pri-

1985 868 2133 909 mum
2165 872 2228 911 ex
2273 855 2493 914 fortuna
2534 875 2683 930 spem
2710 862 3006 930 cepissent,
3054 866 3179 920 novi
3209 876 3388 922 autem
3428 884 3459 922 e
3486 868 3573 923 Si-

1984 946 2106 1001 cilia
2128 949 2470 1016 accederent,
2501 952 2755 1007 omnibus
2780 968 2907 1009 vero
2952 956 3141 1023 sociis,
3184 957 3424 1012 omnium
3462 968 3571 1014 tam

1986 1039 2281 1095 insularum
2323 1058 2484 1112 quam
2541 1046 2819 1113 regionum
2870 1046 3097 1100 aliarum
3134 1047 3448 1114 rebellione,
3514 1051 3569 1106 in

1982 1131 2170 1187 hostes
2218 1135 2463 1200 mutatis,
2488 1134 2615 1189 illud
2641 1147 2903 1204 prieterea
2929 1137 3190 1208 ﬂagitium
3218 1150 3413 1210 prater
3440 1143 3563 1212 opi-

1984 1223 2199 1278 nionem
2231 1227 2581 1281 commissum
2607 1238 2771 1293 esset,
2822 1240 2879 1283 ut
2923 1244 3103 1300 regem
3134 1243 3327 1288 contra
3375 1237 3565 1290 urbem

1981 1312 2307 1368 advocarent
2330 1316 2386 1379 ii,
2416 1332 2551 1387 quos
2580 1318 2645 1371 ab
2679 1334 2742 1372 eo
2774 1322 2906 1375 urbs
2944 1335 3255 1379 servaverat
3285 1343 3299 1381 :
3332 1326 3421 1381 ille
3443 1341 3571 1382 vero

1981 1401 2157 1457 libens
2208 1410 2534 1471 advenisset,
2569 1407 2772 1480 405a
2842 1421 3045 1466 actum
3106 1414 3391 1482 militibus,
3450 1425 3563 1470 tum

1979 1494 2227 1561 navibus,
2269 1507 2375 1550 tum
2398 1499 2561 1551 etiam
2603 1502 2829 1567 pecunia
2876 1520 3033 1573 opem
3069 1505 3171 1561 illis
3205 1507 3392 1573 ferret,
3441 1524 3562 1563 ont-

1980 1586 2136 1641 nibus
2171 1596 2328 1641 terra:
2368 1592 2641 1660 marisque
2674 1593 2808 1648 loeis
2834 1596 2885 1648 in
2916 1596 3041 1651 belli
3088 1598 3387 1654 subsidium
3424 1617 3562 1670 pra:-

1978 1677 2125 1732 stitis
2160 1695 2174 1731 :
2214 1696 2318 1732 non
2350 1692 2470 1734 erat
2501 1685 2808 1752 quisquam,
2836 1688 2929 1755 qui
2977 1704 3081 1743 non
3112 1691 3357 1745 crederet
3383 1694 3558 1761 prima

286 1743 500 1836 πόλεως
534 1743 638 1825 ὐπὸ
666 1743 776 1824 τέῦν
804 1772 899 1825 ἀπ’
930 1743 1142 1824 ἐκείνου
1180 1743 1463 1825 σωθέντων
1484 1743 1609 1836 ταῖς
1635 1773 1742 1826 ἀπὸ
1770 1743 1862 1842 τής

1978 1766 2155 1824 fronte
2186 1772 2374 1825 urbem
2425 1772 2642 1842 iamiam
2664 1775 2930 1846 direptum
2966 1780 3051 1846 iri,
3098 1796 3258 1849 quam
3292 1743 3463 1837 Graeci
3489 1786 3565 1838 si-

284 1864 496 1926 πόλεως
522 1863 778 1935 πράξεσι,
812 1864 1249 1934 προσγενομένου
1291 1864 1349 1917 δὲ
1376 1864 1629 1918 κάκείνου
1672 1866 1693 1897 ⁶
1727 1864 1873 1935 μάλα

282 1958 538 2027 ἀσμένως
554 1957 597 2020 ⁷,
623 1958 713 2010 καὶ
733 1958 1207 2028 συμπολεμοῦντος
1230 1958 1325 2011 καὶ
1348 1956 1563 2027 σώμασι
1592 1959 1686 2012 καὶ
1714 1959 1873 2012 ναυσὶ

282 2051 378 2103 καὶ
404 2048 609 2120 χρυσῷ,
635 2051 728 2104 καὶ
762 2051 886 2104 τίνα
909 2050 1058 2122 γῆςῆ
1080 2050 1382 2121 θαλάττης⁸
1403 2048 1643 2123 [τόπον]⁹
1658 2053 1720 2104 οὐ
1739 2070 1874 2123 παρ·

280 2143 499 2211 έχοντος
518 2143 773 2213 ἀφορμὴν
790 2142 920 2213 ¹⁹τῴ
938 2143 1162 2214 πολέμῳ
1178 2162 1193 2211 ;
1216 2139 1285 2215 ἦν
1307 2143 1407 2214 μὲν
1431 2139 1523 2197 οὖν
1538 2144 1711 2206 οὐδεὶς
1722 2144 1872 2208 ὅστις

281 2236 386 2286 οὐκ
416 2234 484 2287 ἂν
514 2234 765 2305 ήλπισεν,
795 2233 995 2298 ἔξωθεν
1016 2236 1215 2288 οὑτωσὶ
1240 2235 1481 2302 σκοπῶν,
1513 2236 1870 2307 ἀναρπασθή-

281 2326 476 2378 σεσοαι
504 2325 598 2379 νῦν
614 2325 715 2396 ήδη
738 2326 837 2397 τὴν
868 2326 1045 2393 πόλιν,
1067 2326 1211 2379 οὕτω
1231 2326 1274 2357 ¹¹
1292 2326 1458 2396 κοινῷ
1486 2327 1706 2397 πολέμῳ
1735 2326 1869 2398 βαρ-

280 2415 469 2486 ϐάρων
498 2434 557 2470 τε
599 2418 695 2470 καὶ
731 2417 996 2487 Ἐλλήνων
1028 2417 1396 2488 συνεχομένην
1428 2418 1502 2450 ¹²’
1536 2418 1586 2471 οἱ
1625 2418 1684 2471 δὲ
1722 2417 1867 2471 οὓτω

284 2509 628 2579 μετέστησαν
684 2508 752 2562 τὰ
813 2510 1139 2580 πράγματα,
1193 2508 1389 2581 ὥσπερ
1427 2508 1685 2563 ἁπάντων
1736 2508 1865 2563 τού-

277 2615 390 2651 των
420 2599 558 2669 ὐπὲρ
587 2600 791 2667 αὐτῶν,
823 2600 937 2653 ἀλλ’
975 2600 1036 2653 οὐ
1059 2600 1181 2654 κατ’
1208 2599 1388 2654 αὐτῶν
1412 2600 1455 2632 ³³
1480 2599 1803 2669 γινομένων,
1828 2599 1862 2671 ἦ

280 2690 736 2761 στρατηγούντων
771 2691 921 2760 σφίσι
960 2691 1068 2745 τῶν
1113 2692 1410 2763 πολεμίων.
1441 2692 1697 2745 Διέλαϐον
1733 2691 1778 2723 ¹¹⁵
1798 2692 1857 2746 δὲ

278 2782 559 2852 τροπαίοις
599 2784 692 2836 τὸν
751 2782 1144 2854 Ἑλλήσποντον
1197 2783 1391 2846 ἄλλους
1444 2783 1641 2838 ἄλλοσε
1694 2800 1864 2837 κατα-

276 2875 594 2944 διώκοντες,
620 2874 814 2947 ὦσπερ
852 2876 1083 2946 μελέτας
1114 2876 1317 2947 μᾶλλον
1358 2877 1417 2928 ἐν
1459 2876 1645 2944 σφίσιν
1678 2875 1862 2939 αὐτοῖς

276 2967 309 3036 ἢ
348 2969 658 3038 ναυμαχίας
710 2970 848 3041 πρὸς
896 2970 1023 3032 τοὺς
1082 2969 1510 3039 ἐντυγχάνοντας
1557 2969 1643 3022 ἀεὶ
1684 2965 1862 3020 ποιού-

1977 1862 2087 1915 mul
2118 1871 2174 1917 et
2216 1863 2433 1918 barbari
2473 1865 2612 1922 bello
2640 1880 2917 1923 vexarent.
2966 1871 3037 1924 At
3069 1873 3120 1926 hi
3157 1887 3278 1927 eam
3314 1874 3562 1929 fecerunt

1975 1968 2153 2008 rerum
2178 1957 2554 2022 mutationem,
2598 1960 2753 2029 quasi
2782 1973 3073 2031 apparatus
3126 1965 3216 2020 ille
3261 1981 3366 2020 non
3413 1969 3565 2020 dam-

1974 2060 2100 2098 num
2153 2047 2282 2114 ipsis
2331 2050 2509 2118 potius
2534 2065 2697 2120 quam
2730 2054 2993 2109 auxilium
3025 2056 3318 2122 attulisset,
3351 2059 3565 2128 ipsique

1972 2136 2106 2189 adeo
2156 2138 2340 2193 hostes
2386 2140 2512 2195 belli
2566 2142 2728 2197 duces
2757 2158 2818 2198 se
2882 2147 3257 2214 praebuissent.
3320 2148 3563 2220 Tropzcis

1971 2222 2374 2295 Hellespontum
2401 2230 2793 2301 distinxerunt,
2826 2235 2949 2291 aliis
2974 2238 3081 2292 alio
3112 2238 3331 2309 fugatis,
3360 2258 3423 2295 ac
3455 2258 3551 2297 ve-

1970 2316 2245 2374 litationes
2268 2324 2447 2389 potius
2488 2338 2649 2391 quam
2683 2328 2868 2394 praelia
2909 2343 3031 2383 cum
3080 2331 3256 2387 obviis
3305 2336 3560 2387 couuuit-

1972 2418 2168 2479 tentes,
2216 2416 2667 2481 quemadmodum
2709 2429 2820 2473 tum
2862 2435 2890 2473 a
2926 2423 3104 2487 nobis,
3158 2434 3271 2478 tum
3320 2426 3388 2481 ab
3436 2427 3558 2483 aliis

1968 2512 2125 2555 antea
2152 2503 2351 2557 dictum
2402 2505 2520 2560 fuit.
2557 2508 2797 2577 Denique
2844 2513 2907 2565 ad
2941 2512 3200 2583 Cyzicum
3233 2516 3395 2570 simul
3428 2532 3551 2571 cum

1965 2592 2409 2664 Lacedzemoniis,
2466 2597 2689 2665 ercis,
2757 2602 3005 2658 barbaris
3037 2644 3051 2669 ,
3107 2615 3162 2660 et
3209 2607 3560 2663 Pharnabazo

1965 2690 2262 2758 congressi,
2300 2705 2464 2744 naves
2491 2707 2701 2759 omnes,
2733 2705 2927 2764 praeter
2966 2711 3059 2751 eas
3103 2714 3237 2765 quas
3272 2702 3560 2767 depresse-

1966 2790 2108 2846 rant,
2132 2789 2412 2850 ceperunt.
2448 2785 2631 2852 Itaque
2660 2800 2779 2854 qua:
2808 2796 2951 2840 tanta
2978 2789 3257 2843 laborarat
3298 2791 3559 2847 seditione

1963 2871 2177 2936 civitas,
2213 2873 2315 2927 hoc
2377 2882 2623 2943 tempore
2664 2891 2731 2930 ne
2772 2880 3099 2935 mentionem
3138 2882 3352 2951 quidem
3408 2885 3558 2952 pacis

1964 2960 2092 3016 fecit
2123 2964 2310 3030 ullam,
2343 2981 2467 3019 cum
2502 2967 2575 3019 illi
2601 2969 2797 3036 quibus
2826 2978 2904 3022 tot
2950 2972 3104 3025 initio
3146 2974 3558 3042 suppeditarunt

278 3076 455 3129 μενοι.
484 3062 716 3135 Εἴρηται
750 3079 832 3126 τε,
863 3062 955 3115 καὶ
988 3060 1332 3132 ἐνεθυμήθην
1364 3060 1439 3125 ὼς
1482 3060 1653 3131 ἑτέρῳ
1680 3058 1858 3130 προεί-

1971 3061 2272 3125 commoda,
2304 3060 2456 3115 clade
2500 3071 2744 3132 accepta,
2780 3078 2902 3117 mox
2938 3066 3003 3117 ad
3064 3082 3248 3134 pacem
3298 3065 3562 3138 confuge-

276 3170 461 3223 ρηται.
490 3154 655 3219 Τέλος
698 3154 743 3208 δ’
785 3155 881 3207 ἐπὶ
916 3153 1142 3222 Κυζίκῳ
1202 3155 1575 3223 συμπεσόντες
1619 3149 1857 3225 [66111.]

1966 3160 2108 3204 rent.

272 3245 412 3314 ὁμοῦ
438 3245 889 3315 Λακεδαιμονίοις
932 3247 1026 3298 καὶ
1059 3248 1173 3308 τοῖς
1213 3246 1322 3299 ἀπὸ
1351 3248 1450 3314 τῆς
1486 3245 1736 3307 Ἑλλάδος
1772 3243 1869 3297 καὶ¹
1905 3245 2016 3307 τοῖς
2043 3244 2151 3295 ἀπὸ
2167 3244 2267 3313 τῆς
2295 3244 2485 3307 Ἀσίας
2517 3244 2815 3314 βαρϐάροις
2837 3247 2932 3299 καὶ
2987 3245 3323 3317 Φαρναϐάζῳ
3349 3246 3555 3317 λαμεά⁴

273 3353 427 3389 νουσι
458 3338 557 3400 τάς
592 3337 722 3400 ναῦς
752 3337 903 3407 παρά
931 3336 1184 3389 τοσοῦτον
1205 3336 1265 3388 οὐ
1294 3337 1495 3401 πάσας,
1521 3336 1652 3407 παρ’
1707 3338 1836 3399 ὅσας
1871 3334 2203 3405 διέφθειραν.
2238 3335 2402 3385 Ὥστε
2430 3336 2528 3406 Νίή
2566 3336 2664 3405 μὲν
2692 3336 2945 3388 τοσοῦτον
2986 3338 3389 3407 ὐπερόληθεῖσα
3447 3339 3552 3392 ὐπὸ

270 3435 375 3503 τῆς
434 3433 749 3495 συστάσεως
797 3432 952 3494 πόλις
1005 3432 1113 3484 οὐδ’
1161 3431 1332 3501 ὄνομα
1371 3433 1593 3502 εἰρήνης
1651 3432 1737 3483 ἐπ’
1773 3431 1999 3484 ἐκείνων
2029 3430 2136 3481 τῶν
2174 3430 2384 3499 χρόνων
2439 3430 2738 3499 ἐνενόησεν,
2798 3433 2845 3483 οἰ
2875 3430 2918 3483 δ’
2964 3431 3074 3485 ἀπὸ
3118 3431 3388 3486 τοσούτων
3445 3435 3541 3486 καὶ

269 3527 609 3601 τηλικούτων
663 3526 1151 3597 πλεονεκτημάτων
1206 3526 1521 3597 ὁρμώμενοι
1587 3526 1890 3595 πληγέντες
1936 3524 2273 3591 κατέφευγον
2298 3522 2461 3586 εὐθὺς
2493 3524 2587 3576 ἐπὶ
2616 3527 2716 3595 τὴν
2745 3527 2986 3595 εἰρήνην,

348 3624 468 3676 Ἔτι
500 3624 546 3655 ¹⁶
570 3623 627 3677 δὲ
656 3624 795 3695 αὐτὴ
826 3624 924 3694 μὲν
974 3623 1111 3693 πρὸς
1160 3620 1407 3684 ἅπαντας
1435 3620 1572 3691 ὁμοῦ
1598 3622 1854 3690 πολεμεῖν

267 3713 614 3783 ἠνάγκασται
632 3713 674 3744 ³⁷
697 3714 823 3776 τοὺς
854 3712 1107 3775 ἐπιόντας
1130 3712 1163 3779 ἢ
1192 3710 1496 3774 κινοῦντας,
1513 3711 1622 3764 τῶν
1642 3710 1686 3762 δ’
1706 3712 1856 3762 ἐναν-

266 3805 400 3858 τίων
427 3806 477 3858 οἰ
508 3805 754 3859 πλεῖστοι
799 3805 933 3877 πρὸς
974 3806 1143 3876 μέρος
1190 3804 1361 3874 αὐτῆς
1416 3804 1753 3873 ἀντήρκασιν
1783 3802 1849 3866 ⁸³,

268 3899 474 3965 ἀθρόας
524 3897 581 3950 δὲ
624 3897 725 3968 τῆς
787 3898 1067 3967 δυνάμεως
1098 3897 1131 3968 ἢ
1164 3898 1249 3959 τις
1281 3896 1314 3966 ἢ
1344 3896 1520 3958 οὐδεὶς
1560 3896 1846 3966 ἐπειράθη.

269 3990 434 4042 Ὥστε
466 3989 637 4058 ἡτῶν
697 3987 998 4058 Ἀθηναίων
1042 3985 1197 4049 πόλις
1226 3988 1479 4056 νενίκηκε
1521 3985 1619 4055 μὲν
1679 3985 1849 4038 πολλὰ

265 4080 333 4149 δὴ
362 4078 645 4142 πολλάκις,
674 4077 815 4148 αὐτὴ
876 4076 920 4129 δ’
940 4076 1029 4130 ίσα
1061 4077 1155 4128 καὶ
1208 4075 1477 4144 ἀήττητός
1509 4076 1644 4128 ἐστι.
1690 4073 1763 4126 To
1789 4073 1848 4127 δὲ

268 4172 488 4223 πάντων
542 4170 822 4237 μέγιστον,
865 4168 945 4221 ὃτι
980 4166 1151 4235 αὐτῆς
1191 4166 1288 4236 μὲν
1319 4167 1494 4229 οὐδεὶς
1545 4166 1849 4235 ἐκράτησεν

267 4263 465 4333 (οὐδεὶς
491 4263 602 4333 γὰρ
628 4261 802 4330 αὐτῆς
826 4260 926 4331 τὴν
989 4259 1215 4329 γνώμην
1260 4260 1667 4328 παρεστήσατο,
1710 4256 1846 4311 ἀλλά

266 4355 528 4424 στρατιᾶς
555 4354 749 4424 γέγονε
794 4352 975 4405 πάντα
1004 4350 1074 4403 τά
1119 4348 1347 4403 τοιαῦτα
1394 4351 1437 4381 ¹⁹
1476 4349 1842 4420 ἀτυχήματα),

2033 3619 2276 3687 Cumque
2309 3619 2425 3686 ipsa
2470 3618 2631 3671 simul
2665 3630 2854 3673 contra
2885 3619 3124 3673 omnitnn
3162 3620 3392 3689 impetus
3445 3637 3545 3690 op-

1955 3729 2157 3785 ponere
2189 3729 2248 3768 se
2280 3724 2468 3767 coacta
2499 3713 2590 3779 sit,
2627 3717 2810 3771 hostes
2870 3716 3117 3784 plerique
3177 3724 3384 3784 partem
3425 3716 3543 3786 ejus

1953 3804 2187 3871 aliquam
2214 3800 2559 3867 infestarunt,
2582 3802 2865 3858 universas
2891 3803 3077 3870 copias
3109 3818 3383 3872 nunquam
3411 3812 3539 3856 sunt

1952 3894 2218 3965 aggressi.
2252 3894 2593 3961 QuaprOpter
2618 3904 2675 3947 et
2702 3896 2978 3949 civitatem
3010 3895 3169 3958 hanc,
3227 3904 3282 3949 et
3339 3894 3539 3949 multos

1950 4000 2093 4054 saepe
2120 3985 2335 4049 vicisse,
2366 3993 2419 4037 et
2450 3996 2708 4052 perpetuo
2740 3986 2999 4041 invictam
3050 4002 3370 4055 permanere
3418 4002 3536 4041 me-

1951 4079 2058 4132 rito
2091 4077 2409 4131 dixerimus.
2448 4075 2587 4143 Quia
2625 4078 2768 4146 quod
2801 4080 2915 4148 ipsa
2959 4094 3115 4134 nemo
3145 4094 3381 4147 unquam
3437 4094 3537 4148 po-

1953 4170 2082 4224 titus
2107 4179 2210 4233 est,
2256 4185 2353 4222 nec
2378 4171 2495 4236 ejus
2557 4170 2838 4223 consilium
2900 4172 3146 4237 mutavit,
3198 4172 3539 4240 quandoqui-

1952 4256 2073 4310 dem
2105 4255 2328 4325 reliqua:
2358 4257 2541 4310 clades
2572 4257 2637 4309 ad
2688 4258 2986 4312 exercitum
3040 4257 3374 4321 referuntur,
3410 4273 3533 4311 cum

1953 4349 2065 4417 ipsa
2102 4360 2210 4401 tam
2252 4349 2478 4401 consilia
2513 4348 2749 4401 hostium
2811 4364 2973 4415 quant
3017 4347 3157 4402 faeta
3209 4349 3531 4416 subjugarit,

265 4417 406 4513 αὐτὴ
429 4443 487 4497 δὲ
514 4417 614 4507 τάς
635 4417 869 4512 *γνώμας
895 4440 1003 4493 τῶν
1027 4439 1286 4494 ἐναντίων
1316 4439 1361 4471 ¹⁰
1389 4438 1504 4510 ἀμα
1525 4417 1845 4508 τοῖς-ἔργοις

1971 4440 2147 4490 iartim
2180 4435 2359 4490 Xerxe
2391 4451 2457 4490 ex
2493 4444 2620 4489 voto
2647 4439 2866 4507 egregie
2900 4437 3106 4505 fugato,
3140 4438 3333 4506 partim
3373 4437 3537 4493 Lace-

263 4533 612 4600 δεδούλωται,
636 4532 843 4605 Ξέρξην
875 4532 978 4603 μὲν
1006 4532 1231 4601 φεύγειν
1280 4531 1389 4584 ἀπὸ
1444 4530 1553 4584 τῶν
1588 4530 1846 4601 πραγμά-

265 4642 378 4679 των
407 4627 683 4697 ποιήσασα
729 4626 789 4678 ἐν
840 4624 1008 4696 εὐχῆς
1056 4625 1237 4695 μέρει,
1274 4623 1738 4693 Λακεδαιμονίους
1789 4622 1847 4675 δὲ

266 4718 603 4775 ἁνακλίνασα
627 4720 726 4789 οὐχ
745 4712 908 4791 ἦττον
932 4718 1059 4782 τούς
1095 4715 1391 4780 ἀκούοντας
1409 4716 1445 4788 ἢ
1471 4717 1599 4779 τοὺς
1644 4714 1703 4769 ὲν
1726 4714 1847 4778 ταῖς

268 4814 473 4886 μάχαις
502 4812 775 4884 παρόντας
800 4812 896 4865 καὶ
918 4810 1257 4874 πταίσαντας
1287 4809 1488 4865 αὐτῶν.

298 4907 317 4981 [
342 4908 434 4971 Εἰς
461 4907 514 4960 τί
538 4904 854 4970 ἀνέκλινεν;
880 4903 916 4974 ἢ
936 4905 1015 4967 εἰς
1042 4903 1104 4957 τὸ
1141 4902 1475 4974 ἐπιθυμῆσαι
1508 4903 1732 4974 εἰρήνης
1751 4900 1807 4974 ;]

339 5001 575 5071 Εἰρήνην
596 5000 640 5030 ’ί
669 4996 779 5069 γάρ
810 4994 1228 5065 Λακεδαιμόνιοι
1273 4996 1594 5067 ἀπηξίωσαν
1616 4998 1845 5068 ποιήσαι

266 5092 392 5145 σθαι
425 5091 561 5162 πρὸς
595 5088 893 5161 Θηϐαίους,
944 5088 1087 5161 μόνῃ
1118 5090 1186 5159 τῇ
1238 5088 1345 5143 τῶν
1391 5088 1692 5160 Ἀθηναίων
1744 5087 1844 5142 πό-

262 5180 346 5234 λει
403 5181 711 5254 νομίζοντες
779 5178 951 5234 είκειν
1023 5177 1278 5249 εὐπρεπῆ
1333 5179 1624 5250 συμφορὰν
1680 5174 1843 5235 εἶναι.

1943 4528 2246 4594 dzemoniis,
2284 4538 2340 4582 et
2366 4527 2701 4594 absentibus,
2730 4538 2786 4582 et
2817 4528 3197 4598 praesentibus,
3226 4538 3389 4600 atque
3447 4530 3534 4586 vi-

1944 4619 2046 4674 ctis
2069 4619 2360 4688 repressis.

2025 4900 2139 4974 [Ad
2189 4901 2317 4971 quid
2349 4900 2648 4968 inclinavit,
2704 4902 2807 4958 nisi
2833 4904 2900 4958 ad
2926 4904 3270 4975 cupiditatem
3305 4907 3525 4981 pacis?]

2022 4992 2234 5048 Etenim
2268 4990 2657 5047 Lacedmmonii
2714 5010 2835 5048 cum
2869 5011 2969 5050 nec
3000 5011 3189 5066 pacem
3239 5013 3360 5053 cum
3387 4998 3529 5055 The-

1951 5085 2106 5141 banis
2132 5084 2313 5139 facere
2340 5084 2716 5153 dignarentur,
2755 5087 2887 5140 solis
2916 5088 3142 5144 Athenis
3204 5089 3428 5145 honeste
3472 5106 3532 5147 se

1951 5192 2201 5233 cessuros
2236 5176 2361 5243 rati,
2387 5183 2443 5229 et
2473 5189 2597 5230 cum
2628 5178 2751 5239 aliis
2771 5191 2837 5231 ex
2857 5176 3228 5250 Peloponneso
3258 5182 3527 5252 eunjuucti

1587 5296 1822 5355 VARIAE
1861 5296 2267 5353 LECTIONES.

340 5444 355 5474 '
386 5440 587 5512 μείζων
618 5440 680 5505 Α,
708 5440 892 5511 μεῖζον
920 5441 980 5498 Β.
1052 5442 1073 5474 ¹
1105 5442 1254 5495 δοκεῖ
1277 5455 1388 5512 om.
1414 5437 1482 5492 A.
1558 5439 1581 5470 ⁸
1605 5437 1759 5512 τάξιν
1781 5437 1883 5512 καὶ
1911 5438 2269 5512 σωφροσύνην
2300 5458 2361 5505 ς.

2439 5439 2461 5472 ⁸
2490 5439 2871 5493 καταστάντων
2900 5438 3020 5491 add.
3054 5438 3119 5493 A.
3196 5438 3219 5469 ⁸
3250 5438 3527 5493 κεκυκλω-

311 5508 443 5590 ένων
473 5530 533 5576 ς.
593 5508 1035 5590 ξῄκάκείνουριιι.
1061 5512 1128 5568 Α.
1166 5512 1186 5544 ⁷
1205 5510 1446 5590 ’ἀσμένου
1474 5526 1533 5590 ς.
1660 5508 1934 5590 θαλάσσης
1960 5508 2047 5590 3;;
2103 5512 2133 5590 ’_
2152 5508 2315 5590 τόπον
2343 5527 2453 5590 om.
2484 5513 2553 5590 Αἶ
2631 5509 3075 5590 ⁸⁰ιάφορμὴν19ὐ
3100 5509 3430 5590 παρέχοντος
3461 5526 3523 5573 ς.

294 5582 311 5614 ⁸
347 5581 520 5653 οὕτω,
590 5584 635 5653 ξ’
656 5582 1253 5653 συνεχομένηνηοιηεΑ.

268 5651 608 5725 ιιδιέλαδον]
650 5666 701 5725 ρ,
731 5650 882 5725 est);~
941 5652 982 5683 η
1008 5650 1175 5725 ages]
1207 5668 1258 5722 p.
1296 5650 1421 5725 εει3

1335 5580 1376 5609 ¹³
1406 5580 1541 5646 ὑπὲρ
1576 5579 1753 5630 αὐτῶν
1776 5578 1899 5633 ἀλλ*
1921 5581 1980 5631 οὐ
2014 5582 2133 5634 κατ’
2163 5582 2340 5634 αὐτῶν
2369 5583 2413 5633 Α
2443 5599 2456 5635 :
2501 5581 2563 5633 οὐ
2603 5580 2699 5632 καὶ
2740 5578 2921 5631 αὐτῶν
2959 5578 3075 5632 ἀλλ’
3099 5580 3239 5648 ὑπὲρ
3261 5578 3440 5633 αὐτῶν
3462 5596 3526 5643 ς.

1335 5650 1421 5703 8|.
1499 5648 1544 5679 ³⁸
1573 5650 1651 5702 ἔτι
1699 5663 1752 5705 n.
1775 5649 1905 5705 985.
2000 5653 2041 5682 ³⁷
2079 5651 2335 5705 πολεμεῖν
2365 5649 2500 5705 ὁμοῦ
2535 5650 2846 5705 ἠνάγκαστο
2867 5666 2929 5705 ς’.
3040 5651 3082 5680 ¹⁸
3112 5651 3453 5705 ἀντήρκεσαν
3484 5650 3526 5701 Β

1499 5656 1544 5679 ιδ
1573 5656 1651 5702 ἔτι
1699 5663 1752 5715 ρ.
1775 5656 1905 5705 285.

2000 5653 2041 5682 ¹⁷
2079 5651 2335 5736 πολεμεῖν
2365 5649 2500 5736 ὁμοῦ
2535 5650 2933 5736 ’ήνπάγκασσισκς-ἶ
3040 5651 3453 5736 ηανξιήρκεσαν
3484 5650 3527 5701 Β

264 5737 320 5778 et
346 5738 492 5778 corr.
517 5716 608 5778 Α(
651 5716 703 5754 ἰ’
730 5721 952 5777 τοιαῦτα
981 5721 1105 5776 add.
1135 5716 1222 5778 AT
1274 5724 1319 5755 ³ο
1350 5719 1459 5775 τῶν
1490 5718 1751 5776 ἐναντίων
1777 5734 1886 5777 οιη.
1925 5720 1989 5787 Λ,
2014 5736 2043 5775 a
2075 5716 2381 5778 correctore
2400 5716 2574 5777 habet
2596 5716 2663 5774 B.
2748 5720 2791 5754 ²¹
2820 5720 3044 5791 εἰρήνην
3080 5735 3133 5790 p.
3162 5716 3290 5775 286.
