4012 6236
375 317 380 320 .
462 256 603 325 1475
625 297 628 300 -

1612 253 1875 315 ΡΙῙΟΤΙῘ
1913 251 2419 314 PATRIMICHIE
2457 253 2565 313 (ΣΡ.

3572 249 3722 313 1476

461 377 580 446 eius
606 375 832 430 salutem
865 387 974 427 non
1005 378 1114 426 tam
1147 369 1341 426 allerre
1387 381 1549 440 quam
1600 371 1872 440 postulare
1904 383 2031 441 pos-

2148 366 2560 438 Ἀναμιχθέντες
2575 364 2631 420 δὲ
2651 365 2762 428 τοῖς
2773 362 2955 429 ἄλλοις
2979 355 3258 434 πολεμίοις
3273 365 3321 396 ¹¹
3335 357 3502 436 [1225
3526 359 3625 434 ιι]
3647 364 3718 416 οὐ

442 459 612 533 'sent,
664 461 862 537 4056
889 469 1050 519 erant
1095 475 1225 516 vero
1264 459 1426 530 paulo
1472 458 1654 527 plures
1681 473 1840 527 quam
1867 459 2040 528 quin-

463 557 738 630 quaginta,
764 555 922 624 primi
948 554 1108 623 hujus
1133 551 1341 609 consilii
1363 554 1638 618 auctores,
1665 550 1868 620 pariter
1911 564 2041 605 con-

465 660 545 705 tra
598 646 1060 710 Lacedaemonios,
1117 644 1256 699 mari
1308 652 1560 713 terraque
1611 643 1953 711 imperantes,
1986 649 2041 696 et

463 753 558 794 eos
587 738 680 808 qui
707 738 760 792 in
794 738 929 792 urbe
959 744 1140 802 erant,
1163 734 1468 805 periculose
1489 734 1808 805 obiecerunt
1835 750 1852 788 :
1885 733 2029 803 quod

461 832 838 885 existimarent
873 827 977 884 sibi
1009 828 1093 882 vel
1133 828 1318 882 liberis
1349 827 1656 891 vivendum,
1699 825 1783 881 vel
1830 825 2041 896 ignavis

461 921 817 990 appetendum
841 933 990 983 esse.
1029 931 1100 972 ne
1140 916 1310 972 solem
1371 919 1648 972 conscium
1681 917 2038 971 intuerentur.

463 1009 535 1066 Ut
562 1009 705 1064 enim
733 1008 884 1079 juxta
915 1021 1260 1062 communem
1291 1007 1566 1060 hominum
1587 1016 1840 1060 naturam
1865 1021 2041 1076 agro-

464 1102 617 1167 tavit,
649 1102 722 1156 ita
756 1101 910 1170 juxta
946 1114 1100 1155 suam
1133 1098 1236 1154 fuit
1271 1108 1487 1162 sanata,
1519 1097 1842 1168 laudemque
1857 1114 1943 1153 «ex
1975 1112 2042 1152 eo

462 1189 746 1262 majorem,
777 1205 938 1261 quam
968 1189 1175 1244 cladem
1222 1188 1482 1258 percepit.
1513 1187 1666 1254 Quod
1700 1201 1822 1243 cum
1879 1186 2043 1242 fecis-

459 1293 601 1352 sent,
646 1285 763 1340 tum
796 1284 994 1340 deinde
1043 1282 1289 1339 hostibus
1348 1280 1685 1348 fortitudine,
1743 1289 1797 1336 et
1855 1280 2044 1335 amicis

459 1375 719 1444 aquitate
780 1374 1074 1443 superatis,
1110 1372 1313 1441 partim
1348 1371 1554 1427 bellicis
1582 1371 1805 1434 viribus,
1846 1369 2042 1440 partim

464 1475 678 1521 maturo
705 1471 827 1536 post
860 1479 948 1519 res
972 1472 1164 1535 gestas,
1184 1463 1435 1528 consilio,
1478 1462 1710 1532 patriam
1741 1475 2038 1532 recupera-

462 1563 608 1612 runt.
659 1555 1000 1626 Quapropter
1055 1555 1101 1609 si
1133 1556 1256 1626 quis
1285 1553 1468 1608 omnia
1520 1567 1624 1608 non
1655 1554 1868 1608 studeat
1895 1567 2044 1608 com-

461 1643 645 1713 plecti,
687 1646 734 1700 is
757 1654 1032 1714 acceptam
1067 1645 1119 1700 in
1170 1645 1309 1699 bello
1339 1643 1551 1698 cladem
1582 1651 1762 1713 potest
1796 1643 2042 1698 dissimu-

2143 457 2342 530 μᾶλλον
2364 457 2560 522 σώζειν
2581 456 2799 528 ἐτέρους
2823 453 2994 525 εἰχον,
3013 454 3042 525 η
3069 453 3180 509 τῶν
3195 454 3371 509 ἄλλων
3389 455 3599 510 ἐδέοντο
3613 452 3727 506 σώ-

2139 549 2252 614 ζειν
2281 549 2442 617 σφᾶς.
2473 548 2541 601 Oi
2573 563 2634 616 γε
2665 543 2712 578 ⁸³
2735 547 2930 615 ὀλίγων
2955 546 3053 617 μὲν
3085 545 3306 610 πλείους
3342 543 3498 608 ’ὅντες
3525 543 3561 615 ll
3592 561 3728 597 πεν-

2138 639 2378 711 τήκοντα
2405 641 2454 694 οἱ
2483 639 2690 712 πρῶτοι
2727 639 2776 670 ⁸⁸
2799 637 2973 692 ταῦτα
3003 636 3392 708 βουλεύσαντες
3413 635 3550 706 ὁμοῦ
3572 634 3724 707 πρός

2139 747 2199 786 τε
2233 731 2333 804 τὴν
2384 731 2820 802 Λακεδαιμονίαν
2883 729 3059 802 ἀρχὴν
3092 729 3196 800 γῆς
3236 729 3331 783 καὶ
3369 728 3643 799 θαλάττης
3671 727 3723 759 ³⁸

2139 822 2326 887 οὖσαν,
2346 825 2439 877 καὶ
2473 822 2609 894 πρὸς
2652 822 2862 886 τοὺς-’ἐν
2897 821 3036 891 αὐτῇ
3064 823 3132 892 τῇ
3182 820 3334 873 πόλει
3380 818 3725 874 κινδυνεύειν

2143 913 2479 985 ὑπέστησαν,
2519 912 2753 984 οἰόμενοι
2812 913 2922 966 δεῖν
2953 911 2985 983 ἢ
3012 912 3112 984 ζῇν
3131 913 3190 965 ἐν
3217 911 3519 982 ἐλευθερίᾳ,
3565 910 3601 981 ἦ
3638 909 3721 979 μὴ

2143 1006 2418 1077 προσορᾷν
2448 1005 2541 1058 τὸν
2563 1005 2714 1075 ἥλιον
2768 1005 2968 1068 κακίας
3002 1003 3258 1074 μάρτυρα
3311 1003 3528 1066 ἑαυτοῖς
3553 1002 3601 1034 ’⁸
3628 1018 3723 1070 γε·

2141 1101 2389 1168 νόμενον.
2407 1097 2662 1169 Ὲνόσησε
2685 1096 2783 1168 μὲν
2802 1096 2913 1168 γὰρ
2939 1099 3006 1168 τῇ
3038 1095 3147 1150 τῶν
3164 1095 3382 1149 πάντων
3406 1093 3722 1166 ἀνθρώπων

2143 1190 2324 1260 φύσει,
2363 1189 2485 1260 ίάθη
2514 1189 2572 1243 δὲ
2599 1192 2666 1261 τῇ
2695 1189 2914 1259 ἑαυτῆς,
2946 1185 3089 1242 ὥστε
3141 1187 3238 1242 καὶ
3289 1187 3446 1241 τοῦτο
3471 1187 3516 1218 ’⁸
3546 1186 3718 1258 ζῆλον

2145 1284 2283 1354 αὐτῇ
2340 1283 2542 1354 μᾶλλον
2599 1282 2855 1353 ἐνήνοχεν
2885 1282 2920 1352 ἢ
2954 1281 3263 1352 συμφοράν.
3323 1279 3722 1350 Κρατήσαντες

2141 1374 2197 1428 δέ
2221 1374 2456 1445 εὐψυχίᾳ
2479 1375 2524 1406 ’³
2551 1373 2677 1436 τοὺς
2698 1372 2948 1443 ἐχθροὺς,
2983 1371 3256 1443 ἐπιεικείᾳ
3299 1371 3426 1434 τοὺς
3478 1369 3720 1432 οῖκείους

2141 1464 2421 1537 ἐνίκησαν.
2453 1463 2807 1534 Χρησάμενοι
2839 1463 2896 1516 δέ
2921 1459 3274 1532 ἀμφοτέροις,
3314 1459 3411 1513 καὶ
3440 1462 3507 1530 τῇ
3561 1459 3721 1530 παρά

2141 1557 2268 1620 τοὺς
2316 1555 2537 1624 ἀγῶνας
2577 1555 2801 1627 ἀνδρείᾳ
2831 1554 2926 1608 καὶ
2973 1553 3052 1622 τῷ
3085 1552 3229 1624 μετά
3272 1552 3374 1616 τὰς
3430 1550 3721 1624 πράξειςά

2141 1647 2223 1700 δεῖ
2277 1647 2691 1718 βουλεύσασθαι.
2737 1646 2912 1710 οὕτως
2963 1646 3328 1717 ἀνεκτήσαντο
3381 1644 3480 1716 τὴν
3535 1644 3718 1698 πόλιν.

463 1737 599 1800 lare,
663 1735 1100 1805 quandoquidem
1163 1746 1455 1803 sequentes
1516 1748 1605 1787 res
1661 1733 1883 1800 eodem,
1935 1747 2041 1804 quo

2148 1737 2297 1791 ἀπ’
2323 1739 2381 1792 εῐ
2407 1756 2491 1802 τις
2513 1739 2752 1809 βούλοιτο
2780 1737 2857 1810 μὴ
2890 1737 3066 1792 πάντα
3085 1737 3411 1808 διηγεῖσθαι,
3443 1738 3646 1791 ἐνεῖναι
3672 1736 3720 1768 ⁸⁸

461 1826 693 1897 priores,
722 1826 949 1882 consilio
969 1833 1096 1882 sunt
1123 1834 1181 1882 et
1205 1837 1398 1882 eventu
1425 1835 1683 1894 peracute.

539 2089 1093 2168 [Quaexsuperantia
1141 2103 1294 2148 uane
1306 2092 1642 2150 eveheudsm
1687 2106 1808 2150 esse
1848 2090 2037 2149 urbem

461 2185 931 2258 existimandum]

533 2278 652 2334 Jam
678 2277 805 2332 illud
835 2276 1007 2331 nihilo
1034 2276 1212 2332 secius
1240 2277 1404 2347 quam
1435 2281 1742 2350 superiora,
1778 2286 1890 2332 tum
1915 2293 2042 2333 nar-

464 2385 590 2424 rare
615 2377 728 2424 tum
751 2367 1014 2423 admirari
1039 2370 1322 2437 debemus,
1339 2370 1483 2439 quod
1505 2385 1625 2423 cum
1647 2367 2040 2426 Lacedaemonii

465 2476 532 2515 ea
564 2474 687 2530 qua:
716 2459 934 2529 triginta
965 2459 1098 2514 viris
1120 2468 1308 2514 contra
1344 2459 1597 2529 populum
1637 2466 2036 2526 mutuaverant,

465 2560 749 2620 postquam
785 2551 926 2604 inter
948 2564 1042 2604 eos
1063 2551 1339 2614 convenit,
1371 2550 1600 2620 populus
1633 2566 1697 2604 ex
1730 2561 1882 2620 parte
1911 2567 2038 2620 per-

463 2641 653 2705 solvit,
700 2655 809 2710 quo
873 2641 1103 2694 ﬁrmitas
1163 2640 1458 2696 fcederibus
1509 2639 1685 2709 major
1731 2643 2035 2699 accederet.

468 2730 702 2800 Populus
741 2731 884 2784 enim
915 2730 987 2784 ibi
1022 2729 1306 2796 collectus,
1332 2731 1457 2786 aliis
1502 2731 1554 2786 in
1612 2731 1857 2787 adversis
1899 2734 2038 2788 bene

467 2820 721 2891 sperandi
757 2820 1064 2890 exemplum
1097 2821 1392 2890 praebebat,
1426 2822 1694 2893 simulque
1737 2823 1789 2877 in
1818 2838 2034 2890 manus,

469 2927 532 2966 ac
581 2926 746 2980 prope
790 2911 845 2964 in
900 2925 1205 2966 sermonem
1247 2922 1596 2977 convenerat,
1637 2914 1787 2982 quasi
1832 2929 1931 2982 pro
1977 2927 2037 2969 se

469 3001 704 3056 invicem
762 3000 1092 3064 dimicaturi,
1147 3011 1204 3053 ut
1258 2998 1363 3053 dici
1425 3015 1530 3054 non
1591 3003 1797 3069 possit,
1856 3010 2033 3055 utrum

2143 1829 2460 1901 κλέψαιτὴν
2498 1830 2787 1900 συμϐᾶσαν
2823 1830 2868 1860 ³¹
2898 1829 2993 1883 ἐπὶ
3049 1830 3145 1884 τοῦ
3193 1829 3506 1901 συμφοράνο
3541 1827 3720 1890 οὕτως

2145 1921 2383 1991 πολέμου
2405 1919 2730 1983 ἀκολούθους
2763 1921 2807 1952 ³³
2835 1921 2968 1984 ταῖς
2993 1921 3106 1975 ἀνω
3125 1920 3357 1992 πράξεσι
3387 1920 3483 1983 τὰς
3517 1918 3722 1990 ἐφεξῆς

2141 2012 2238 2066 καὶ
2267 2011 2584 2083 προείλοντο
2603 2010 2700 2064 καὶ
2759 2009 3157 2082 κατώρθωσαν.

2197 2101 2369 2177 [Πόσῃ
2397 2104 2504 2156 τινὶ
2517 2105 2585 2176 τῇ
2614 2103 2905 2176 περιουσίᾳ
2923 2103 3031 2174 χρὴ
3058 2101 3301 2172 νομίζειν
3317 2099 3520 2172 ταύτην
3547 2100 3719 2172 ύπερη

2139 2195 2316 2267 αίρειν
2343 2196 2388 2229 ³³
2410 2195 2452 2268 ς]

2217 2290 2284 2343 Ὃ
2303 2287 2362 2343 δέ
2387 2287 2600 2352 οὐδενὸς
2616 2283 2780 2360 ἦττον
2807 2288 2917 2341 τῶν
2968 2285 3061 2340 ὑπ’
3090 2284 3314 2341 ἐκείνων
3362 2279 3721 2355 πραχθέντων

2139 2380 2290 2445 ἄξιον
2334 2381 2512 2434 εἰπεῖν
2544 2397 2602 2433 τε
2647 2381 2743 2434 καὶ
2777 2380 3039 2451 τιμῆσαν
3074 2375 3509 2444 Λακεδαιμονίων
3535 2373 3644 2443 γὰρ
3683 2371 3720 2426 ἀ

2137 2472 2252 2534 τοῖς
2269 2470 2566 2542 τριάκοντα
2587 2469 2864 2523 ἐδάνεισαν
2895 2468 2988 2522 ἐπὶ
3003 2467 3094 2522 τὸν
3117 2467 3288 2537 δῆμον
3316 2463 3714 2524 ἀπαιτούντων,

2139 2563 2327 2634 ἐπειδὴ
2402 2562 2726 2632 συνέϐησαν,
2807 2560 3087 2614 συνέτισεν
3113 2559 3161 2591 ³⁸
3191 2560 3220 2612 ὁ
3297 2557 3488 2627 δῆμος,
3541 2555 3608 2608 ἶν’
3668 2555 3715 2585 ³³

2138 2655 2286 2725 ἔργῳ
2322 2652 2422 2715 τὰς
2497 2652 2773 2723 συνθήκας
2829 2649 3219 2722 βεΰαιώσηται.
3283 2647 3640 2719 Παράδειγμα
3670 2646 3716 2677 ⁸⁸

2137 2746 2196 2799 δὲ
2213 2742 2518 2816 ἀνθρώποις
2540 2744 2649 2797 τῶν
2681 2745 2738 2797 ἐν
2764 2746 2877 2820 τοῖς
2914 2743 3104 2806 δεινοῖς
3133 2740 3363 2794 ἐλπίδων
3388 2739 3635 2807 ἐγένοντο
3648 2740 3714 2794 ³⁷.

2148 2838 2208 2892 ὐ
2240 2837 2368 2910 [662
2395 2835 2487 2910 Η.]
2519 2837 2690 2908 δῆμος
2723 2835 2824 2907 ήδη
2849 2835 3256 2905 συνειλεγμένοι
3292 2834 3339 2866 ³⁸
3373 2833 3492 2903 ἃμα
3534 2849 3596 2885 τε
3633 2832 3716 2896 είς

2137 2933 2324 3000 χεῖρας
2346 2929 2602 3001 παρῆσαν
2619 2929 2715 2983 καὶ
2737 2928 2922 3000 σχεδὸν
2938 2930 3014 2990 είς
3033 2928 3243 2997 λόγους,
3261 2927 3450 2999 ὥσπερ
3466 2927 3606 2995 ὑπὲρ
3623 2925 3721 2979 ἀ)-

2137 3021 2338 3092 λήλων,
2359 3022 2456 3091 οὐχ
2473 3022 2614 3092 ὑπὲρ
2636 3021 2845 3075 ἑαυτῶν
2867 3020 3270 3091 πολεμήσαντες
3287 3018 3720 3090 ἑκάτεραιοιῖητε

470 3094 790 3147 detestanda
849 3093 1022 3161 magis
1089 3100 1234 3145 esset
1309 3092 1744 3146 adversariorum
1820 3091 2032 3158 seditio,

2148 3079 2226 3185 psi;
2281 3079 2734 3175 sivat'oreié'oeat,
2760 3079 3014 3183 πότερον.
3039 3079 3149 3167 τῶν
3173 3079 3428 3167 ἐναντίων
3457 3079 3529 3182 ἦν
3583 3129 3719 3163 κατ-

468 3201 629 3255 quam
685 3200 814 3240 vero
865 3185 1070 3239 civitati
1126 3185 1228 3238 hoc
1276 3187 1438 3238 modo
1487 3184 1730 3238 liberatae
1779 3185 2035 3252 optanda.

473 3275 680 3328 Etcum
732 3275 880 3343 pacis
915 3272 1245 3328 mentionem
1279 3272 1405 3338 feci,
1436 3289 1624 3343 parum
1673 3275 1926 3331 quiddam
1975 3275 2042 3329 de

470 3380 532 3419 ea
559 3376 823 3435 repetam.

548 3564 884 3635 QuaprOpter
909 3574 963 3620 et
1001 3566 1112 3620 sola
1139 3565 1403 3620 Barbaros
1432 3574 1490 3619 et
1519 3566 1690 3634 prima
1725 3564 1892 3631 vicit,
1920 3579 2044 3621 cum

468 3658 700 3726 aliisque
721 3659 1028 3727 conjuncta,
1051 3658 1161 3726 ipsa
1181 3674 1285 3711 non
1304 3657 1482 3711 minus
1495 3657 1671 3711 socios
1687 3665 1848 3726 atque
1863 3656 2046 3712 hostes

472 3748 774 3816 superavit.
814 3748 1277 3814 Quemadmodum
1319 3748 1412 3816 qui
1454 3746 1640 3802 venari
1689 3746 1960 3810 nesciunt,
1998 3747 2042 3801 si

471 3839 601 3907 quid
648 3839 987 3905 insperantes
1023 3838 1287 3907 ceperint,
1321 3853 1424 3890 non
1459 3837 1760 3902 dimittunt,
1796 3852 1896 3892 nec
1945 3836 2047 3890 nisi

473 3931 791 3984 charissime
848 3931 1106 3992 vendunt,
1163 3928 1533 3984 imbecillitate
1597 3943 1693 3983 sua
1762 3929 1841 3983 rei
1919 3944 2047 3998 pre-

474 4023 607 4075 tium
668 4021 972 4075 metientes.
1021 4021 1146 4075 ΙΙωο
1189 4031 1370 4074 autem
1413 4034 1535 4074 cum
1583 4035 1642 4074 se
1691 4030 1802 4075 toto
1849 4034 2046 4091 genere

473 4122 731 4181 praestare
762 4123 1135 4182 cognosceret,
1162 4125 1438 4179 nunquam
1471 4112 1742 4166 sordidius
1771 4127 1829 4166 se
1853 4114 2042 4181 gessit,

470 4203 730 4272 quoniam
760 4203 826 4257 de
857 4201 1169 4258 absentibus
1197 4216 1300 4256 non
1329 4201 1500 4256 levius
1524 4217 1686 4271 quam
1718 4203 1785 4257 de
1811 4219 2047 4272 praesen-

473 4295 617 4349 tibus
645 4295 926 4364 sperabat,
960 4293 1158 4364 406a
1199 4293 1427 4362 ideoque
1455 4294 1619 4348 citius
1647 4297 1831 4350 omnia
1874 4296 2044 4351 hosﬁ-

473 4385 596 4450 bus,
625 4401 786 4455 quam
821 4384 896 4438 illi
927 4400 1024 4440 sua
1056 4391 1306 4453 peterent
1327 4383 1601 4439 reddidit.

535 4559 994 4627 {lomparat-iones
1059 4559 1189 4612 istas
1231 4573 1375 4629 aegre
1432 4557 1584 4624 fero,
1632 4575 1940 4629 quanquam
1993 4571 2050 4616 et

470 4648 591 4714 ipse
647 4647 969 4716 quibusdam
1019 4646 1254 4700 absurde
1315 4646 1496 4700 facere
1556 4648 1800 4713 videbor,
1851 4650 1941 4717 qui
1992 4650 2044 4702 in

469 4755 597 4793 eum
654 4753 997 4800 sermonem,
1053 4753 1215 4806 quem
1273 4738 1685 4807 vituperabam,
1735 4740 2040 4806 incidet-im,

354 4854 358 4859 -
469 4845 705 4895 cumque
743 4845 804 4881 ea
846 4829 915 4883 de
960 4843 1146 4890 causa,
1178 4837 1400 4896 propter
1451 4844 1614 4897 quam
1653 4829 1832 4885 fuerat
1876 4833 2041 4886 omit-

474 4920 690 4983 tendus,
726 4919 1026 4973 habuerim.
1053 4919 1307 4985 Quinimo
1345 4920 1469 4973 hinc
1509 4919 1592 4974 vel
1635 4921 1871 4976 maxime
1919 4937 2045 4991 per-

475 5013 721 5082 spicitur,
756 5027 855 5066 nec
877 5025 1130 5081 magnam
1159 5009 1281 5066 illos
1320 5011 1388 5066 ab
1427 5011 1561 5067 urbe
1603 5014 1838 5082 gratiam
1887 5015 2042 5080 inire,

2075 4412 2123 4468 D

2145 3207 2384 3277 αρᾶσθαι
2421 3207 2520 3274 τὴν
2577 3206 2786 3270 στάσιν,
2821 3205 2852 3274 ἢ
2891 3204 2998 3257 τῶν
3051 3203 3220 3257 εύνων
3277 3201 3631 3269 συνεύξασθαι
3653 3204 3717 3273 τῇ

2143 3289 2299 3349 πόλει
2324 3295 2511 3348 τοῦτόν
2556 3312 2619 3362 γε
2652 3295 2904 3348 λυθεῖσαν
2934 3295 2979 3326 ³³
3009 3293 3099 3347 τὸν
3148 3294 3368 3365 τρόπον.
3413 3294 3566 3345 Ἐπεὶ
3602 3293 3720 3344 “se

2141 3387 2482 3456 τῆςεῖρήνης
2536 3387 2836 3458 ἐμνήσθην,
2895 3385 3059 3442 πάλιν
3121 3386 3353 3440 ἐνταῦθα
3403 3383 3722 3440 ἐπανελθεῖν

2145 3477 2408 3548 βούλομαι
2457 3478 2630 3550 βραχύ
2659 3496 2732 3534 τι.

2217 3569 2380 3620 Ὥστε
2409 3567 2453 3601 δι
2490 3571 2585 3621 καὶ
2610 3568 2798 3640 πρώτη
2825 3569 2951 3632 τοὺς
3001 3567 3309 3640 βαρύᾶρους
3344 3569 3441 3623 καὶ
3459 3569 3596 3641 μόνη
3614 3569 3722 3624 ἐνί.

2150 3678 2286 3731 κησε
2313 3661 2356 3693 ⁵³
2384 3677 2396 3690 ·
2433 3662 2525 3714 καὶ
2555 3662 2652 3714 σὺν
2709 3661 2889 3724 ἄλλοις
2912 3661 3180 3732 γενομένη
3222 3663 3321 3715 οὐκ
3351 3660 3572 3714 ἔλαττον
3595 3662 3722 3724 τοὺς

2150 3752 2596 3822 συμπαρόνταςῆ
2629 3752 2756 3815 τοὺς
2806 3753 3132 3815 ἀντιπάλους
3166 3752 3569 3822 ὲνίκα.”Ωσπερ
3601 3752 3648 3783 ⁸³
3672 3754 3719 3805 ul

2149 3842 2322 3914 θηρᾷν
2347 3844 2598 3896 ἀδύνατοι
2630 3844 2690 3895 τὸ
2733 3842 2936 3913 ληφθὲν
2969 3833 3389 3915 ἀπροσδοκήτως
3440 3846 3500 3897 οὐ
3531 3845 3719 3914 μεθιᾶ-

2150 3950 2253 3998 σιν,
2285 3935 2394 3986 οὐδ’
2429 3933 2494 3988 ἂν
2524 3935 2818 3987 ἀποδόσθαι
2862 3952 2944 3997 τις
2975 3935 3203 4004 ἀξιώσῃ,
3239 3936 3339 4005 τῆς
3369 3937 3525 4002 ἀξίας
3559 3940 3717 4008 τιμή-

2151 4027 2322 4078 σαιντ’
2352 4023 2438 4091 ἂν,
2473 4025 2608 4078 ἀλλὰ
2645 4024 2742 4094 τὴν
2777 4025 2957 4078 αὐτῶν
2984 4025 3286 4094 ἀδυναμίαν
3339 4028 3718 4095 προστιθέντες

2149 4110 2556 4174 πλεονάζουσιν.
2599 4111 2662 4162 'H
2695 4111 2776 4176 δὲ,
2820 4111 2995 4182 οἶμαι,
3027 4113 3297 4167 συνειδυῖα
3345 4116 3510 4185 ἐαυτῇ
3539 4117 3718 4186 κρείτ-

2150 4217 2258 4253 των
2290 4200 2429 4254 οὖσα
2459 4203 2572 4264 τοῖς
2608 4201 2770 4266 ὅλοις,
2808 4203 2929 4256 οὐδὲ
2976 4206 3194 4257 πώποτε
3236 4206 3713 4277 ἐμικρολογήσατο,

2149 4289 2209 4353 ἐξ
2265 4290 2380 4342 ἴσου
2438 4294 2549 4354 τοῖς
2611 4291 2845 4362 παροῦσι
2902 4292 2970 4346 τὰ
3018 4295 3224 4347 ἀπόντα
3279 4294 3593 4357 ἐλπίζουσα.
3631 4298 3716 4350 Διὸ

2151 4381 2328 4434 πάντα
2357 4383 2487 4454 ῥᾷον
2527 4384 2639 4445 τοῖς
2691 4382 2970 4452 πολεμίοις
3023 4384 3359 4456 ἀπέδωκενῆ
3397 4388 3596 4442 ἐκεῖνοι
3649 4390 3717 4441 τὰ

2154 4470 2390 4539 σφέτερα
2421 4470 2598 4523 αύτῶν
2632 4471 2940 4541 ἀπῄτησαν.

2223 4561 2383 4626 Ἴσως
2412 4562 2457 4592 δ”
2489 4562 2589 4632 μὲν
2638 4559 2732 4616 οὖν
2765 4561 2919 4628 κάγώ
2942 4579 3084 4616 τισιν
3114 4562 3311 4617 ἀτοπον
3340 4567 3512 4618 ποιεῖν
3553 4567 3713 4631 δοκῶ,

2154 4652 2501 4721 μεμφόμενος
2578 4653 2676 4722 μὲν
2739 4655 2886 4723 (τοὺς
2969 4655 3353 4724 συγκρίνοντας
3420 4656 3714 4727 Ἀθηναῖοις

2150 4741 2656 4811 Λακεδαιμονίους),
2693 4743 2852 4806 αὐτὸς
2879 4743 2924 4796 δ’
2955 4745 3034 4807 είς
3083 4746 3210 4808 τοὺς
3257 4747 3477 4816 ὁμοίους
3533 4749 3713 4817 λόγους

2153 4833 2536 4903 προεληλυθὼς
2582 4835 2651 4901 *⁵,
2712 4838 2806 4914 καὶ
2863 4837 3093 4891 διἀύτά
3142 4855 3205 4906 γε
3260 4840 3432 4894 ταῦτα
3485 4843 3717 4912 εἰρηκὼς

2151 4923 2370 4990 αὐτοὺς,
2401 4924 2467 4977 δι’
2488 4925 2522 4979 ὅ.
2561 4943 2702 4996 φημι
2767 4928 2876 4980 δεῖν
2909 4929 2984 4998 μὴ
3043 4928 3241 4997 λέγειν.
3273 4932 3346 4983 υύ
3385 4931 3490 5002 μὴν
3519 4935 3634 4984 ἀλλ’
3659 4933 3715 4998 ἐξ

2152 5015 2330 5070 αὐτῶν
2359 5033 2423 5086 γε
2453 5017 2657 5072 τούτων
2723 5020 2820 5072 καὶ
2884 5021 3118 5091 μάλιστα
3160 5025 3225 5078 ἄν
3269 5042 3354 5087 τις
3393 5027 3600 5079 κατίδοι
3643 5028 3713 5091 ὡς

1742 5195 1978 5251 unus
2014 5184 2413 5255 LECTIONES.

545 5334 593 5411 ’ξ
624 5329 929 5411 πολεμίοιςι
960 5329 1560 5411 Πελοποννησίοιςορτικ
1582 5331 1650 5411 B.
1721 5336 1768 5411 _“
1795 5336 1843 5388 οἶ
1867 5339 2074 5411 γ-ε.-τ”
2093 5338 2306 5411 πρῶτοι
2325 5354 2434 5411 om.
2459 5340 2523 5403 A,
2555 5339 2735 5411 addito
2768 5338 2823 5391 δὲ
2849 5350 2966 5408 post
2987 5339 3186 5393 ταῦτα.
3209 5348 3293 5411 est
3322 5353 3497 5396 autem
3523 5360 3574 5411 p.
3592 5342 3712 5400 287.

478 5405 521 5436 ’³
561 5399 836 5468 θαλάσσὴς
861 5399 950 5471 ςζ-
1014 5402 1062 5433 ³⁵
1096 5399 1327 5471 ἑαυτοῖς]
1382 5403 1467 5454 ἐπ’
1499 5404 1679 5466 αὺτοῖς
1706 5408 1770 5458 Α.

479 5473 608 5526 ένιοι
629 5488 770 5525 corr.
794 5474 859 5526 Α.
935 5469 977 5501 ³⁸
1024 5469 1324 5540 συμὸᾶσαν
1346 5471 1388 5522 Β
1418 5490 1431 5525 :
1469 5473 1763 5540 σύμπασαν
1799 5493 1857 5539 ς.

479 5550 659 5592 autem
689 5558 742 5610 p.
761 5541 885 5596 289.
963 5540 1008 5572 ³⁸
1035 5540 1374 5604 συνεξέτισεν
1407 5559 1468 5605 ς.

477 5609 734 5676 λεγμένος
766 5627 830 5674 ς.

1870 5408 1912 5438 ²⁷
1945 5407 2166 5478 ἐνόσησε
2201 5427 2253 5476 ι).
2283 5409 2412 5462 Ξ88.

1952 5478 1996 5508 ³³
2028 5479 2340 5540 ἁπολούθως
2367 5496 2424 5542 ς.

1545 5544 1590 5574 ³⁸
1624 5545 1696 5606 ἵν.
1719 5544 1947 5617 θοιςηΒ,
1989 5551 2037 5600 εἰ
2064 5551 2129 5601 Α.
2187 5550 2247 5617 7³⁸
2282 5547 2656 5617 παράδειγμαι
2690 5544 2738 5617 ιῖ.
2765 5548 2892 5603 281.

926 5609 1261 5692 ξ’ῌλυθεῖσαν.
1282 5610 1371 5692 Βη
1394 5613 1630 5692 Αυοησαν
1661 5617 1704 5666 Λ
1745 5615 2110 5692 ξήλυθείσῃκς.
2160 5616 2226 5692 _‘°
2255 5619 2350 5692 ἐπε
2437 5635 2505 5692 p._
2529 5609 2661 5672 "293'.
2690 5609 2720 5692 ’Δ
2738 5618 2787 5692 δ’.
2809 5618 2971 5692 ὥστε]
2998 5635 3049 5688 p.
3077 5609 3202 5674 ΞΜ.

2589 5408 2781 5484 τοῦτον
2807 5414 2892 5484 Α.-
2961 5411 3004 5441 ²⁹
3037 5409 3271 5484 εὐψυχίᾳ.
3301 5428 3361 5474 ς.
3386 5482 3394 5484 Α
3436 5415 3478 5444 ³⁸
3497 5408 3711 5484 ἐνεῖναι]

2514 5480 2558 5510 ⁸⁸
2589 5481 2727 5551 πύσῃ
2775 5479 3188 5551 ςέ-ύπεραίρειν
3212 5479 3321 5533 om.
3370 5482 3433 5548 A,
3469 5479 3715 5551 leguntur

2990 5551 3031 5582 ³⁷
3064 5550 3304 5617 ἐγίνοντο
3326 5554 3389 5604 Α.
3465 5550 3711 5605 "iamsi-

3305 5621 3350 5653 “
3376 5622 3593 5691 ἐνίκησε
3631 5624 3672 5676 Δ
3695 5641 3708 5678 :

485 5675 730 5747 νενίκηκε
761 5696 822 5742 ς.
898 5677 944 5712 ⁸³
973 5678 1185 5751 ὥσπερ]
1210 5680 1306 5749 οὐχ
1330 5675 1526 5750 ὥσπερ
1557 5683 1614 5749 Β,
1644 5701 1698 5755 p.
1735 5685 1862 5739 296.
1941 5675 2171 5757 δι”εᾱωςι
2207 5704 2257 5757 p.
2288 5675 2414 5742 297'.
2437 5675 2449 5688 ’
2495 5689 2538 5722 ⁵⁸
2569 5675 3024 5759 προεληλυθὼξᾹ
3057 5708 3069 5745 :
3100 5691 3485 5762 παρεληλυθώς
3509 5675 3572 5761 ξ’.
