  <div class='ocr_page' id='page_1' title='image "/cluster/home/n/w/nwhite01/storage/ocr_20150623/103 pt.3/mdp.39015061933738/756.png"; bbox 0 0 4012 6236; ppageno 0'>
   <div class='ocr_carea' id='block_1_1' title="bbox 292 266 425 336">
    <p class='ocr_par' dir='ltr' id='par_1_1' title="bbox 292 266 425 336">
     <span class='ocr_line' id='line_1_1' title="bbox 292 266 425 336; baseline 0.023 -5"><span class='ocrx_word' id='word_1_1' title='bbox 292 266 425 336; x_wconf 72' lang='grc' dir='ltr'><strong>14ῗῖ</strong></span> 
     </span>
    </p>
   </div>
   <div class='ocr_carea' id='block_1_2' title="bbox 1380 279 2518 345">
    <p class='ocr_par' dir='ltr' id='par_1_2' title="bbox 1380 279 2518 345">
     <span class='ocr_line' id='line_1_2' title="bbox 1380 279 2518 345; baseline 0.006 -8"><span class='ocrx_word' id='word_1_2' title='bbox 1380 279 1901 341; x_wconf 75' lang='lat' dir='ltr'><strong>BIllLlOTHECA.</strong></span> <span class='ocrx_word' id='word_1_3' title='bbox 1940 304 2009 315; x_wconf 83' lang='grc'><strong>--</strong></span> <span class='ocrx_word' id='word_1_4' title='bbox 2037 282 2199 344; x_wconf 88' lang='lat' dir='ltr'><strong>COD.</strong></span> <span class='ocrx_word' id='word_1_5' title='bbox 2231 283 2518 345; x_wconf 81' lang='lat' dir='ltr'><strong>CCXLVI.</strong></span> 
     </span>
    </p>
   </div>
   <div class='ocr_carea' id='block_1_3' title="bbox 3406 292 3538 355">
    <p class='ocr_par' dir='ltr' id='par_1_3' title="bbox 3406 292 3538 355">
     <span class='ocr_line' id='line_1_3' title="bbox 3406 292 3538 355; baseline 0 -1"><span class='ocrx_word' id='word_1_6' title='bbox 3406 292 3538 355; x_wconf 68' lang='lat'><strong>1478</strong></span> 
     </span>
    </p>
   </div>
   <div class='ocr_carea' id='block_1_4' title="bbox 283 388 1868 478">
    <p class='ocr_par' dir='ltr' id='par_1_4' title="bbox 283 388 1868 464">
     <span class='ocr_line' id='line_1_4' title="bbox 283 388 1868 464; baseline 0.002 -22"><span class='ocrx_word' id='word_1_7' title='bbox 283 389 417 443; x_wconf 75' lang='grc' dir='ltr'>οὔτε</span> <span class='ocrx_word' id='word_1_8' title='bbox 438 392 472 459; x_wconf 77' lang='grc' dir='ltr'>ἡ</span> <span class='ocrx_word' id='word_1_9' title='bbox 495 388 655 460; x_wconf 84' lang='grc' dir='ltr'>χάρις</span> <span class='ocrx_word' id='word_1_10' title='bbox 678 388 993 463; x_wconf 66' lang='grc' dir='ltr'>θαυμαστή,</span> <span class='ocrx_word' id='word_1_11' title='bbox 1022 392 1093 464; x_wconf 73' lang='grc' dir='ltr'>ἢν</span> <span class='ocrx_word' id='word_1_12' title='bbox 1126 393 1327 447; x_wconf 85' lang='grc' dir='ltr'>οῖονται</span> <span class='ocrx_word' id='word_1_13' title='bbox 1348 396 1419 463; x_wconf 79' lang='grc' dir='ltr'><strong>τῇ</strong></span> <span class='ocrx_word' id='word_1_14' title='bbox 1448 392 1601 447; x_wconf 90' lang='grc' dir='ltr'>πόλει</span> <span class='ocrx_word' id='word_1_15' title='bbox 1655 392 1868 448; x_wconf 87' lang='grc' dir='ltr'>κατατί-</span> 
     </span>
    </p>
   </div>
   <div class='ocr_carea' id='block_1_5' title="bbox 1970 388 3538 478">
    <p class='ocr_par' dir='ltr' id='par_1_5' title="bbox 1977 397 3538 478">
     <span class='ocr_line' id='line_1_5' title="bbox 1977 397 3538 478; baseline 0.007 -28"><span class='ocrx_word' id='word_1_16' title='bbox 1977 410 2077 451; x_wconf 89' lang='lat' dir='ltr'><strong>nec</strong></span> <span class='ocrx_word' id='word_1_17' title='bbox 2137 397 2252 452; x_wconf 68' lang='lat' dir='ltr'><strong>haec</strong></span> <span class='ocrx_word' id='word_1_18' title='bbox 2309 412 2430 453; x_wconf 87' lang='lat' dir='ltr'><strong>esse</strong></span> <span class='ocrx_word' id='word_1_19' title='bbox 2482 399 2553 453; x_wconf 87' lang='lat' dir='ltr'><strong>de</strong></span> <span class='ocrx_word' id='word_1_20' title='bbox 2612 410 2879 456; x_wconf 82' lang='lat' dir='ltr'><strong>.noustria</strong></span> <span class='ocrx_word' id='word_1_21' title='bbox 2940 404 3242 461; x_wconf 86' lang='lat' dir='ltr'><strong>tractanda.</strong></span> <span class='ocrx_word' id='word_1_22' title='bbox 3276 402 3383 461; x_wconf 79' lang='lat' dir='ltr'><strong>Sed</strong></span> <span class='ocrx_word' id='word_1_23' title='bbox 3447 420 3538 478; x_wconf 81' lang='lat' dir='ltr'><strong>per</strong></span> 
     </span>
    </p>
   </div>
   <div class='ocr_carea' id='block_1_6' title="bbox 285 478 1859 553">
    <p class='ocr_par' dir='ltr' id='par_1_6' title="bbox 285 478 1859 553">
     <span class='ocr_line' id='line_1_6' title="bbox 285 478 1859 553; baseline 0.003 -20"><span class='ocrx_word' id='word_1_24' title='bbox 285 480 502 544; x_wconf 82' lang='grc' dir='ltr'>θεσθαι,</span> <span class='ocrx_word' id='word_1_25' title='bbox 538 478 661 532; x_wconf 76' lang='grc' dir='ltr'>οὔτε</span> <span class='ocrx_word' id='word_1_26' title='bbox 695 481 1009 552; x_wconf 79' lang='grc' dir='ltr'><strong>ἐξεπίτηδες</strong></span> <span class='ocrx_word' id='word_1_27' title='bbox 1033 482 1101 536; x_wconf 82' lang='grc' dir='ltr'><strong>τά</strong></span> <span class='ocrx_word' id='word_1_28' title='bbox 1148 500 1212 551; x_wconf 89' lang='grc' dir='ltr'><strong>γε</strong></span> <span class='ocrx_word' id='word_1_29' title='bbox 1233 482 1464 537; x_wconf 77' lang='grc' dir='ltr'>τοιαῦτα</span> <span class='ocrx_word' id='word_1_30' title='bbox 1506 483 1859 553; x_wconf 77' lang='grc' dir='ltr'><strong>ἀγωνιστέον,</strong></span> 
     </span>
    </p>
   </div>
   <div class='ocr_carea' id='block_1_7' title="bbox 282 570 1859 647">
    <p class='ocr_par' dir='ltr' id='par_1_7' title="bbox 282 570 1859 647">
     <span class='ocr_line' id='line_1_7' title="bbox 282 570 1859 647; baseline 0.003 -21"><span class='ocrx_word' id='word_1_31' title='bbox 282 572 450 626; x_wconf 69' lang='grc' dir='ltr'><strong>ἀλλὰ</strong></span> <span class='ocrx_word' id='word_1_32' title='bbox 478 572 629 625; x_wconf 79' lang='grc' dir='ltr'>κατὰ</span> <span class='ocrx_word' id='word_1_33' title='bbox 653 572 721 627; x_wconf 77' lang='grc' dir='ltr'>τὸ</span> <span class='ocrx_word' id='word_1_34' title='bbox 766 572 1068 644; x_wconf 74' lang='grc' dir='ltr'>πάρεργον</span> <span class='ocrx_word' id='word_1_35' title='bbox 1123 570 1253 629; x_wconf 79' lang='grc' dir='ltr'>οἷον</span> <span class='ocrx_word' id='word_1_36' title='bbox 1301 575 1504 645; x_wconf 79' lang='grc' dir='ltr'>ὥσπερ</span> <span class='ocrx_word' id='word_1_37' title='bbox 1554 577 1674 631; x_wconf 77' lang='grc' dir='ltr'><strong>νῦν</strong></span> <span class='ocrx_word' id='word_1_38' title='bbox 1726 575 1859 647; x_wconf 74' lang='grc' dir='ltr'><strong>ἐγώ.</strong></span> 
     </span>
    </p>
   </div>
   <div class='ocr_carea' id='block_1_8' title="bbox 286 662 1861 739">
    <p class='ocr_par' dir='ltr' id='par_1_8' title="bbox 286 662 1861 739">
     <span class='ocr_line' id='line_1_8' title="bbox 286 662 1861 739; baseline 0.003 -24"><span class='ocrx_word' id='word_1_39' title='bbox 286 662 452 715; x_wconf 77' lang='grc' dir='ltr'>Ὥστε</span> <span class='ocrx_word' id='word_1_40' title='bbox 483 663 538 715; x_wconf 76' lang='grc' dir='ltr'><strong>εί</strong></span> <span class='ocrx_word' id='word_1_41' title='bbox 558 679 647 727; x_wconf 85' lang='grc' dir='ltr'><strong>τις</strong></span> <span class='ocrx_word' id='word_1_42' title='bbox 701 663 842 728; x_wconf 78' lang='grc' dir='ltr'>ἀξιοῖ</span> <span class='ocrx_word' id='word_1_43' title='bbox 888 666 984 717; x_wconf 74' lang='grc' dir='ltr'>καὶ</span> <span class='ocrx_word' id='word_1_44' title='bbox 1039 666 1171 735; x_wconf 81' lang='grc' dir='ltr'>ἡμῖν</span> <span class='ocrx_word' id='word_1_45' title='bbox 1198 667 1414 739; x_wconf 74' lang='grc' dir='ltr'>ἄρρητα</span> <span class='ocrx_word' id='word_1_46' title='bbox 1469 665 1641 720; x_wconf 83' lang='grc' dir='ltr'>ταῦτα</span> <span class='ocrx_word' id='word_1_47' title='bbox 1698 662 1861 733; x_wconf 77' lang='grc' dir='ltr'>εῖναι,</span> 
     </span>
    </p>
   </div>
   <div class='ocr_carea' id='block_1_9' title="bbox 286 754 1144 826">
    <p class='ocr_par' dir='ltr' id='par_1_9' title="bbox 286 754 1144 826">
     <span class='ocr_line' id='line_1_9' title="bbox 286 754 1144 826; baseline 0.003 -19"><span class='ocrx_word' id='word_1_48' title='bbox 286 754 476 825; x_wconf 85' lang='grc' dir='ltr'>σχεδὸν</span> <span class='ocrx_word' id='word_1_49' title='bbox 497 754 688 808; x_wconf 81' lang='grc' dir='ltr'>τούτου</span> <span class='ocrx_word' id='word_1_50' title='bbox 722 755 882 825; x_wconf 82' lang='grc' dir='ltr'>χάριν</span> <span class='ocrx_word' id='word_1_51' title='bbox 909 756 1144 826; x_wconf 83' lang='grc' dir='ltr'>εῖρηται.</span> 
     </span>
    </p>
   </div>
   <div class='ocr_carea' id='block_1_10' title="bbox 357 845 1864 920">
    <p class='ocr_par' dir='ltr' id='par_1_10' title="bbox 357 845 1864 920">
     <span class='ocr_line' id='line_1_10' title="bbox 357 845 1864 920; baseline 0.003 -22"><span class='ocrx_word' id='word_1_52' title='bbox 357 846 471 899; x_wconf 77' lang='grc' dir='ltr'><strong>Καὶ</strong></span> <span class='ocrx_word' id='word_1_53' title='bbox 494 846 911 915; x_wconf 84' lang='grc' dir='ltr'>Λακεδαιμόνιοι</span> <span class='ocrx_word' id='word_1_54' title='bbox 958 846 1063 899; x_wconf 64' lang='grc' dir='ltr'><strong>οίδ⁸</strong></span> <span class='ocrx_word' id='word_1_55' title='bbox 1086 847 1195 901; x_wconf 84' lang='grc' dir='ltr'>τῶν</span> <span class='ocrx_word' id='word_1_56' title='bbox 1248 845 1513 918; x_wconf 81' lang='grc' dir='ltr'>Ἑλλήνων</span> <span class='ocrx_word' id='word_1_57' title='bbox 1540 849 1864 920; x_wconf 82' lang='grc' dir='ltr'>προέχοντες</span> 
     </span>
    </p>
   </div>
   <div class='ocr_carea' id='block_1_11' title="bbox 285 936 1861 1009">
    <p class='ocr_par' dir='ltr' id='par_1_11' title="bbox 285 936 1861 1009">
     <span class='ocr_line' id='line_1_11' title="bbox 285 936 1861 1009; baseline 0 -18"><span class='ocrx_word' id='word_1_58' title='bbox 285 937 387 991; x_wconf 59' lang='grc' dir='ltr'><strong>καὶ⁵</strong></span> <span class='ocrx_word' id='word_1_59' title='bbox 432 936 941 1007; x_wconf 82' lang='grc' dir='ltr'><strong>προκινδυνεύοντες</strong></span> <span class='ocrx_word' id='word_1_60' title='bbox 979 939 1039 991; x_wconf 83' lang='grc' dir='ltr'><strong>ἐν</strong></span> <span class='ocrx_word' id='word_1_61' title='bbox 1090 940 1211 999; x_wconf 89' lang='grc' dir='ltr'>ταῖς</span> <span class='ocrx_word' id='word_1_62' title='bbox 1236 938 1445 1007; x_wconf 81' lang='grc' dir='ltr'><strong>χρείαις</strong></span> <span class='ocrx_word' id='word_1_63' title='bbox 1475 938 1520 970; x_wconf 72' lang='grc'><strong>⁸⁷</strong></span> <span class='ocrx_word' id='word_1_64' title='bbox 1562 939 1751 1000; x_wconf 85' lang='grc' dir='ltr'>παῖδες</span> <span class='ocrx_word' id='word_1_65' title='bbox 1795 941 1861 1009; x_wconf 77' lang='grc' dir='ltr'>τῇ</span> 
     </span>
    </p>
   </div>
   <div class='ocr_carea' id='block_1_12' title="bbox 286 1027 1864 1099">
    <p class='ocr_par' dir='ltr' id='par_1_12' title="bbox 286 1027 1864 1099">
     <span class='ocr_line' id='line_1_12' title="bbox 286 1027 1864 1099; baseline 0.001 -18"><span class='ocrx_word' id='word_1_66' title='bbox 286 1028 445 1082; x_wconf 88' lang='grc' dir='ltr'>πόλει</span> <span class='ocrx_word' id='word_1_67' title='bbox 480 1027 844 1097; x_wconf 87' lang='grc' dir='ltr'>παραϐάλλειν</span> <span class='ocrx_word' id='word_1_68' title='bbox 870 1027 1030 1082; x_wconf 90' lang='grc' dir='ltr'>είσίν.</span> <span class='ocrx_word' id='word_1_69' title='bbox 1060 1028 1225 1081; x_wconf 82' lang='grc' dir='ltr'>’Ὥστε</span> <span class='ocrx_word' id='word_1_70' title='bbox 1251 1029 1296 1060; x_wconf 69' lang='grc'>⁸⁸</span> <span class='ocrx_word' id='word_1_71' title='bbox 1319 1028 1624 1099; x_wconf 82' lang='grc' dir='ltr'>ἐϐουλόμην</span> <span class='ocrx_word' id='word_1_72' title='bbox 1654 1029 1722 1083; x_wconf 84' lang='grc' dir='ltr'>ἂν</span> <span class='ocrx_word' id='word_1_73' title='bbox 1768 1030 1864 1083; x_wconf 79' lang='grc' dir='ltr'>καὶ</span> 
     </span>
    </p>
   </div>
   <div class='ocr_carea' id='block_1_13' title="bbox 283 1116 1864 1190">
    <p class='ocr_par' dir='ltr' id='par_1_13' title="bbox 283 1116 1864 1190">
     <span class='ocr_line' id='line_1_13' title="bbox 283 1116 1864 1190; baseline 0.002 -19"><span class='ocrx_word' id='word_1_74' title='bbox 283 1119 359 1171; x_wconf 76' lang='grc' dir='ltr'><strong>τὰ</strong></span> <span class='ocrx_word' id='word_1_75' title='bbox 383 1119 621 1187; x_wconf 72' lang='grc' dir='ltr'>τρόπαια</span> <span class='ocrx_word' id='word_1_76' title='bbox 648 1117 684 1171; x_wconf 77' lang='grc' dir='ltr'><strong>ἃ.</strong></span> <span class='ocrx_word' id='word_1_77' title='bbox 713 1116 760 1150; x_wconf 63' lang='grc' dir='ltr'>δ’</span> <span class='ocrx_word' id='word_1_78' title='bbox 797 1116 979 1187; x_wconf 83' lang='grc' dir='ltr'><strong>μέλλω</strong></span> <span class='ocrx_word' id='word_1_79' title='bbox 1027 1117 1206 1186; x_wconf 82' lang='grc' dir='ltr'>λέγειν</span> <span class='ocrx_word' id='word_1_80' title='bbox 1265 1118 1360 1171; x_wconf 84' lang='grc' dir='ltr'><strong>ἀπ’</strong></span> <span class='ocrx_word' id='word_1_81' title='bbox 1382 1119 1558 1173; x_wconf 78' lang='grc' dir='ltr'>ἄλλων</span> <span class='ocrx_word' id='word_1_82' title='bbox 1595 1119 1864 1190; x_wconf 82' lang='grc' dir='ltr'>ὑπάρχειν</span> 
     </span>
    </p>
   </div>
   <div class='ocr_carea' id='block_1_14' title="bbox 285 1206 1863 1280">
    <p class='ocr_par' dir='ltr' id='par_1_14' title="bbox 285 1206 1863 1280">
     <span class='ocr_line' id='line_1_14' title="bbox 285 1206 1863 1280; baseline -0.001 -16"><span class='ocrx_word' id='word_1_83' title='bbox 285 1210 623 1279; x_wconf 82' lang='grc' dir='ltr'>ἀνακείμενα</span> <span class='ocrx_word' id='word_1_84' title='bbox 644 1212 710 1279; x_wconf 81' lang='grc' dir='ltr'>τῇ</span> <span class='ocrx_word' id='word_1_85' title='bbox 742 1208 918 1275; x_wconf 87' lang='grc' dir='ltr'>πόλει,</span> <span class='ocrx_word' id='word_1_86' title='bbox 958 1210 1052 1263; x_wconf 73' lang='grc' dir='ltr'>καὶ</span> <span class='ocrx_word' id='word_1_87' title='bbox 1083 1209 1158 1280; x_wconf 82' lang='grc' dir='ltr'>μὴ</span> <span class='ocrx_word' id='word_1_88' title='bbox 1191 1209 1485 1279; x_wconf 58' lang='grc' dir='ltr'>ἀναγκαῖον</span> <span class='ocrx_word' id='word_1_89' title='bbox 1519 1206 1661 1265; x_wconf 74' lang='grc' dir='ltr'>εἶναι</span> <span class='ocrx_word' id='word_1_90' title='bbox 1689 1227 1863 1279; x_wconf 79' lang='grc' dir='ltr'>προσ-</span> 
     </span>
    </p>
   </div>
   <div class='ocr_carea' id='block_1_15' title="bbox 1964 493 3536 568">
    <p class='ocr_par' dir='ltr' id='par_1_15' title="bbox 1964 493 3536 568">
     <span class='ocr_line' id='line_1_15' title="bbox 1964 493 3536 568; baseline 0.009 -30"><span class='ocrx_word' id='word_1_91' title='bbox 1964 494 2302 541; x_wconf 74' lang='lat' dir='ltr'><strong>transennam</strong></span> <span class='ocrx_word' id='word_1_92' title='bbox 2331 493 2767 559; x_wconf 69' lang='lat' dir='ltr'><strong>quemadmodum</strong></span> <span class='ocrx_word' id='word_1_93' title='bbox 2798 506 2936 548; x_wconf 78' lang='lat' dir='ltr'><strong>nunc</strong></span> <span class='ocrx_word' id='word_1_94' title='bbox 2969 502 3062 565; x_wconf 74' lang='lat' dir='ltr'><strong>ego</strong></span> <span class='ocrx_word' id='word_1_95' title='bbox 3089 496 3252 565; x_wconf 78' lang='lat' dir='ltr'><strong>facio.</strong></span> <span class='ocrx_word' id='word_1_96' title='bbox 3289 497 3536 568; x_wconf 85' lang='lat' dir='ltr'><strong>Quapro-</strong></span> 
     </span>
    </p>
   </div>
   <div class='ocr_carea' id='block_1_16' title="bbox 1963 578 3533 656">
    <p class='ocr_par' dir='ltr' id='par_1_16' title="bbox 1963 578 3533 656">
     <span class='ocr_line' id='line_1_16' title="bbox 1963 578 3533 656; baseline 0.011 -27"><span class='ocrx_word' id='word_1_97' title='bbox 1963 584 2083 643; x_wconf 88' lang='lat' dir='ltr'><strong>pter</strong></span> <span class='ocrx_word' id='word_1_98' title='bbox 2105 578 2151 632; x_wconf 89' lang='lat' dir='ltr'><strong>si</strong></span> <span class='ocrx_word' id='word_1_99' title='bbox 2178 580 2303 649; x_wconf 87' lang='lat' dir='ltr'><strong>quis</strong></span> <span class='ocrx_word' id='word_1_100' title='bbox 2330 595 2358 632; x_wconf 92' lang='lat' dir='ltr'><strong>a</strong></span> <span class='ocrx_word' id='word_1_101' title='bbox 2397 580 2551 636; x_wconf 84' lang='lat' dir='ltr'><strong>nobis</strong></span> <span class='ocrx_word' id='word_1_102' title='bbox 2580 582 2743 636; x_wconf 88' lang='lat' dir='ltr'><strong>etiam</strong></span> <span class='ocrx_word' id='word_1_103' title='bbox 2776 584 2894 639; x_wconf 64' lang='lat' dir='ltr'><strong>hac</strong></span> <span class='ocrx_word' id='word_1_104' title='bbox 2925 585 3054 640; x_wconf 84' lang='lat' dir='ltr'><strong>velit</strong></span> <span class='ocrx_word' id='word_1_105' title='bbox 3086 588 3368 656; x_wconf 64' lang='lat' dir='ltr'><strong>praeteriri,</strong></span> <span class='ocrx_word' id='word_1_106' title='bbox 3397 588 3533 647; x_wconf 79' lang='lat' dir='ltr'><strong>liac-</strong></span> 
     </span>
    </p>
   </div>
   <div class='ocr_carea' id='block_1_17' title="bbox 1963 672 3462 730">
    <p class='ocr_par' dir='ltr' id='par_1_17' title="bbox 1963 672 3462 730">
     <span class='ocr_line' id='line_1_17' title="bbox 1963 672 3462 730; baseline 0.011 -7"><span class='ocrx_word' id='word_1_107' title='bbox 1963 677 2117 724; x_wconf 81' lang='lat' dir='ltr'><strong>tenus</strong></span> <span class='ocrx_word' id='word_1_108' title='bbox 2149 681 2294 726; x_wconf 88' lang='lat' dir='ltr'><strong>certe</strong></span> <span class='ocrx_word' id='word_1_109' title='bbox 2323 672 2465 727; x_wconf 81' lang='lat' dir='ltr'><strong>dicta</strong></span> <span class='ocrx_word' id='word_1_110' title='bbox 2522 680 2672 730; x_wconf 88' lang='lat' dir='ltr'><strong>sunt.</strong></span> <span class='ocrx_word' id='word_1_111' title='bbox 3456 685 3462 691; x_wconf 79' lang='grc'><strong>’</strong></span> 
     </span>
    </p>
   </div>
   <div class='ocr_carea' id='block_1_18' title="bbox 2035 844 3535 926">
    <p class='ocr_par' dir='ltr' id='par_1_18' title="bbox 2035 844 3535 926">
     <span class='ocr_line' id='line_1_18' title="bbox 2035 844 3535 926; baseline 0.007 -27"><span class='ocrx_word' id='word_1_112' title='bbox 2035 844 2101 899; x_wconf 87' lang='grc' dir='ltr'>Ει</span> <span class='ocrx_word' id='word_1_113' title='bbox 2119 845 2511 905; x_wconf 68' lang='lat' dir='ltr'><strong>Lacedaemonii</strong></span> <span class='ocrx_word' id='word_1_114' title='bbox 2549 851 2639 919; x_wconf 89' lang='lat' dir='ltr'><strong>qui</strong></span> <span class='ocrx_word' id='word_1_115' title='bbox 2674 860 2772 918; x_wconf 81' lang='lat' dir='ltr'><strong>pro</strong></span> <span class='ocrx_word' id='word_1_116' title='bbox 2793 851 3018 919; x_wconf 74' lang='lat' dir='ltr'><strong>Graecis,</strong></span> <span class='ocrx_word' id='word_1_117' title='bbox 3044 863 3103 908; x_wconf 87' lang='lat' dir='ltr'><strong>ut</strong></span> <span class='ocrx_word' id='word_1_118' title='bbox 3124 855 3399 926; x_wconf 79' lang='lat' dir='ltr'><strong>principes</strong></span> <span class='ocrx_word' id='word_1_119' title='bbox 3437 870 3535 926; x_wconf 82' lang='lat' dir='ltr'><strong>op-</strong></span> 
     </span>
    </p>
   </div>
   <div class='ocr_carea' id='block_1_19' title="bbox 1963 941 3538 1019">
    <p class='ocr_par' dir='ltr' id='par_1_19' title="bbox 1963 941 3538 1019">
     <span class='ocr_line' id='line_1_19' title="bbox 1963 941 3538 1019; baseline 0.006 -27"><span class='ocrx_word' id='word_1_120' title='bbox 1963 953 2165 1008; x_wconf 85' lang='lat' dir='ltr'><strong>ponere</strong></span> <span class='ocrx_word' id='word_1_121' title='bbox 2191 941 2527 1008; x_wconf 81' lang='lat' dir='ltr'><strong>sesolebant,</strong></span> <span class='ocrx_word' id='word_1_122' title='bbox 2552 958 2841 1012; x_wconf 64' lang='lat' dir='ltr'><strong>piterorum</strong></span> <span class='ocrx_word' id='word_1_123' title='bbox 2868 946 3043 1001; x_wconf 84' lang='lat' dir='ltr'><strong>vicem</strong></span> <span class='ocrx_word' id='word_1_124' title='bbox 3095 945 3244 1001; x_wconf 93' lang='lat' dir='ltr'><strong>urbis</strong></span> <span class='ocrx_word' id='word_1_125' title='bbox 3260 958 3538 1019; x_wconf 80' lang='lat' dir='ltr'><strong>compara-</strong></span> 
     </span>
    </p>
   </div>
   <div class='ocr_carea' id='block_1_20' title="bbox 1966 1030 3537 1103">
    <p class='ocr_par' dir='ltr' id='par_1_20' title="bbox 1966 1030 3537 1103">
     <span class='ocr_line' id='line_1_20' title="bbox 1966 1030 3537 1103; baseline 0.006 -20"><span class='ocrx_word' id='word_1_126' title='bbox 1966 1030 2373 1087; x_wconf 82' lang='lat' dir='ltr'><strong>tionesubeunt.</strong></span> <span class='ocrx_word' id='word_1_127' title='bbox 2390 1033 2527 1100; x_wconf 82' lang='lat' dir='ltr'><strong>Quid</strong></span> <span class='ocrx_word' id='word_1_128' title='bbox 2563 1035 2705 1103; x_wconf 86' lang='lat' dir='ltr'><strong>quod</strong></span> <span class='ocrx_word' id='word_1_129' title='bbox 2728 1044 2835 1088; x_wconf 91' lang='lat' dir='ltr'><strong>tam</strong></span> <span class='ocrx_word' id='word_1_130' title='bbox 2876 1038 3077 1091; x_wconf 83' lang='lat' dir='ltr'><strong>invitus</strong></span> <span class='ocrx_word' id='word_1_131' title='bbox 3098 1037 3150 1091; x_wconf 88' lang='lat' dir='ltr'><strong>in</strong></span> <span class='ocrx_word' id='word_1_132' title='bbox 3168 1037 3310 1092; x_wconf 88' lang='lat' dir='ltr'><strong>hunc</strong></span> <span class='ocrx_word' id='word_1_133' title='bbox 3327 1052 3537 1093; x_wconf 86' lang='lat' dir='ltr'><strong>sermo-</strong></span> 
     </span>
    </p>
   </div>
   <div class='ocr_carea' id='block_1_21' title="bbox 1965 1121 3538 1195">
    <p class='ocr_par' dir='ltr' id='par_1_21' title="bbox 1965 1121 3538 1195">
     <span class='ocr_line' id='line_1_21' title="bbox 1965 1121 3538 1195; baseline 0.006 -21"><span class='ocrx_word' id='word_1_134' title='bbox 1965 1136 2087 1174; x_wconf 97' lang='lat' dir='ltr'><strong>nem</strong></span> <span class='ocrx_word' id='word_1_135' title='bbox 2119 1121 2302 1185; x_wconf 89' lang='lat' dir='ltr'><strong>incidi,</strong></span> <span class='ocrx_word' id='word_1_136' title='bbox 2333 1132 2391 1176; x_wconf 88' lang='lat' dir='ltr'><strong>ut</strong></span> <span class='ocrx_word' id='word_1_137' title='bbox 2410 1122 2573 1177; x_wconf 88' lang='lat' dir='ltr'><strong>etiam</strong></span> <span class='ocrx_word' id='word_1_138' title='bbox 2598 1134 2797 1194; x_wconf 65' lang='lat' dir='ltr'><strong>tropaea</strong></span> <span class='ocrx_word' id='word_1_139' title='bbox 2828 1140 2947 1195; x_wconf 73' lang='lat' dir='ltr'><strong>quae</strong></span> <span class='ocrx_word' id='word_1_140' title='bbox 2971 1128 3286 1194; x_wconf 83' lang='lat' dir='ltr'><strong>recensebo,</strong></span> <span class='ocrx_word' id='word_1_141' title='bbox 3320 1129 3387 1184; x_wconf 82' lang='lat' dir='ltr'><strong>ab</strong></span> <span class='ocrx_word' id='word_1_142' title='bbox 3416 1129 3538 1184; x_wconf 90' lang='lat' dir='ltr'><strong>aliis</strong></span> 
     </span>
    </p>
   </div>
   <div class='ocr_carea' id='block_1_22' title="bbox 1963 1211 3540 1286">
    <p class='ocr_par' dir='ltr' id='par_1_22' title="bbox 1963 1211 3540 1286">
     <span class='ocr_line' id='line_1_22' title="bbox 1963 1211 3540 1286; baseline 0.006 -21"><span class='ocrx_word' id='word_1_143' title='bbox 1963 1225 2084 1266; x_wconf 88' lang='lat' dir='ltr'><strong>esse</strong></span> <span class='ocrx_word' id='word_1_144' title='bbox 2108 1211 2227 1266; x_wconf 82' lang='lat' dir='ltr'><strong>urbi</strong></span> <span class='ocrx_word' id='word_1_145' title='bbox 2246 1222 2398 1280; x_wconf 83' lang='lat' dir='ltr'><strong>parta</strong></span> <span class='ocrx_word' id='word_1_146' title='bbox 2429 1214 2663 1283; x_wconf 85' lang='lat' dir='ltr'><strong>cupiam,</strong></span> <span class='ocrx_word' id='word_1_147' title='bbox 2698 1230 2766 1269; x_wconf 86' lang='lat' dir='ltr'><strong>ne</strong></span> <span class='ocrx_word' id='word_1_148' title='bbox 2792 1216 3063 1286; x_wconf 79' lang='lat' dir='ltr'><strong>plerisque</strong></span> <span class='ocrx_word' id='word_1_149' title='bbox 3092 1216 3414 1273; x_wconf 78' lang='lat' dir='ltr'><strong>Laconicum</strong></span> <span class='ocrx_word' id='word_1_150' title='bbox 3439 1234 3540 1274; x_wconf 86' lang='lat' dir='ltr'><strong>no-</strong></span> 
     </span>
    </p>
   </div>
   <div class='ocr_carea' id='block_1_23' title="bbox 284 1300 1868 1380">
    <p class='ocr_par' dir='ltr' id='par_1_23' title="bbox 284 1300 1861 1372">
     <span class='ocr_line' id='line_1_23' title="bbox 284 1300 1861 1372; baseline 0 -17"><span class='ocrx_word' id='word_1_151' title='bbox 284 1300 494 1355; x_wconf 80' lang='grc' dir='ltr'>τιθένὰι</span> <span class='ocrx_word' id='word_1_152' title='bbox 556 1302 668 1363; x_wconf 89' lang='grc' dir='ltr'>τοῖς</span> <span class='ocrx_word' id='word_1_153' title='bbox 743 1300 958 1365; x_wconf 80' lang='grc' dir='ltr'><strong>πολλοῖς</strong></span> <span class='ocrx_word' id='word_1_154' title='bbox 1037 1302 1121 1355; x_wconf 84' lang='grc' dir='ltr'>ὅτι</span> <span class='ocrx_word' id='word_1_155' title='bbox 1208 1301 1321 1356; x_wconf 75' lang='grc' dir='ltr'><strong>ἀπὸ</strong></span> <span class='ocrx_word' id='word_1_156' title='bbox 1398 1300 1861 1372; x_wconf 85' lang='grc' dir='ltr'>Λακεδαιμονίων.</span> 
     </span>
    </p>
   </div>
   <div class='ocr_carea' id='block_1_24' title="bbox 1970 1300 3537 1380">
    <p class='ocr_par' dir='ltr' id='par_1_24' title="bbox 1970 1307 3537 1380">
     <span class='ocr_line' id='line_1_24' title="bbox 1970 1307 3537 1380; baseline 0.006 -23"><span class='ocrx_word' id='word_1_157' title='bbox 1970 1318 2087 1357; x_wconf 90' lang='lat' dir='ltr'><strong>men</strong></span> <span class='ocrx_word' id='word_1_158' title='bbox 2123 1313 2266 1359; x_wconf 86' lang='lat' dir='ltr'><strong>esset</strong></span> <span class='ocrx_word' id='word_1_159' title='bbox 2298 1307 2665 1361; x_wconf 85' lang='lat' dir='ltr'><strong>inserendum.</strong></span> <span class='ocrx_word' id='word_1_160' title='bbox 2702 1308 2965 1374; x_wconf 76' lang='lat' dir='ltr'><strong>Quoniam</strong></span> <span class='ocrx_word' id='word_1_161' title='bbox 3002 1322 3131 1364; x_wconf 85' lang='lat' dir='ltr'><strong>vero</strong></span> <span class='ocrx_word' id='word_1_162' title='bbox 3160 1320 3248 1364; x_wconf 87' lang='lat' dir='ltr'><strong>res</strong></span> <span class='ocrx_word' id='word_1_163' title='bbox 3278 1311 3409 1380; x_wconf 55' lang='lat' dir='ltr'><strong>ipsa}</strong></span> <span class='ocrx_word' id='word_1_164' title='bbox 3437 1326 3537 1366; x_wconf 89' lang='lat' dir='ltr'><strong>nos</strong></span> 
     </span>
    </p>
   </div>
   <div class='ocr_carea' id='block_1_25' title="bbox 288 1392 1868 1469">
    <p class='ocr_par' dir='ltr' id='par_1_25' title="bbox 288 1392 1865 1466">
     <span class='ocr_line' id='line_1_25' title="bbox 288 1392 1865 1466; baseline 0.001 -18"><span class='ocrx_word' id='word_1_165' title='bbox 288 1394 453 1466; x_wconf 65' lang='grc'><strong>[1928</strong></span> <span class='ocrx_word' id='word_1_166' title='bbox 484 1393 578 1465; x_wconf 85' lang='lat' dir='ltr'><strong>R.]</strong></span> <span class='ocrx_word' id='word_1_167' title='bbox 610 1393 724 1448; x_wconf 78' lang='grc' dir='ltr'><strong>Νῦν</strong></span> <span class='ocrx_word' id='word_1_168' title='bbox 765 1394 825 1447; x_wconf 77' lang='grc' dir='ltr'>δὲ</span> <span class='ocrx_word' id='word_1_169' title='bbox 886 1392 1028 1448; x_wconf 76' lang='grc' dir='ltr'>αὐτὰ</span> <span class='ocrx_word' id='word_1_170' title='bbox 1064 1394 1113 1425; x_wconf 79' lang='grc'><strong>⁸⁸</strong></span> <span class='ocrx_word' id='word_1_171' title='bbox 1159 1393 1229 1448; x_wconf 79' lang='grc' dir='ltr'>τὰ</span> <span class='ocrx_word' id='word_1_172' title='bbox 1294 1395 1601 1466; x_wconf 84' lang='grc' dir='ltr'>πράγματα</span> <span class='ocrx_word' id='word_1_173' title='bbox 1658 1394 1865 1465; x_wconf 83' lang='grc' dir='ltr'>ταύτην</span> 
     </span>
    </p>
   </div>
   <div class='ocr_carea' id='block_1_26' title="bbox 1970 1392 3537 1469">
    <p class='ocr_par' dir='ltr' id='par_1_26' title="bbox 1970 1396 3537 1469">
     <span class='ocr_line' id='line_1_26' title="bbox 1970 1396 3537 1469; baseline 0.004 -19"><span class='ocrx_word' id='word_1_174' title='bbox 1970 1397 2069 1450; x_wconf 89' lang='lat' dir='ltr'><strong>huc</strong></span> <span class='ocrx_word' id='word_1_175' title='bbox 2082 1396 2323 1465; x_wconf 83' lang='lat' dir='ltr'><strong>adigunt,</strong></span> <span class='ocrx_word' id='word_1_176' title='bbox 2341 1396 2454 1451; x_wconf 69' lang='lat' dir='ltr'><strong>haec</strong></span> <span class='ocrx_word' id='word_1_177' title='bbox 2467 1412 2572 1451; x_wconf 91' lang='lat' dir='ltr'><strong>non</strong></span> <span class='ocrx_word' id='word_1_178' title='bbox 2588 1407 2696 1453; x_wconf 88' lang='lat' dir='ltr'><strong>tam</strong></span> <span class='ocrx_word' id='word_1_179' title='bbox 2709 1399 3254 1469; x_wconf 78' lang='lat' dir='ltr'><strong>contentionisgratia</strong></span> <span class='ocrx_word' id='word_1_180' title='bbox 3272 1402 3537 1465; x_wconf 87' lang='lat' dir='ltr'><strong>dicemus,</strong></span> 
     </span>
    </p>
   </div>
   <div class='ocr_carea' id='block_1_27' title="bbox 284 1484 1868 1557">
    <p class='ocr_par' dir='ltr' id='par_1_27' title="bbox 284 1484 1861 1557">
     <span class='ocr_line' id='line_1_27' title="bbox 284 1484 1861 1557; baseline -0.001 -17"><span class='ocrx_word' id='word_1_181' title='bbox 284 1485 433 1553; x_wconf 76' lang='grc' dir='ltr'>ἄγει,</span> <span class='ocrx_word' id='word_1_182' title='bbox 462 1486 604 1538; x_wconf 84' lang='grc' dir='ltr'>ὥστε</span> <span class='ocrx_word' id='word_1_183' title='bbox 662 1485 723 1538; x_wconf 79' lang='grc' dir='ltr'>οὐ</span> <span class='ocrx_word' id='word_1_184' title='bbox 775 1484 871 1537; x_wconf 80' lang='grc' dir='ltr'><strong>τοῦ</strong></span> <span class='ocrx_word' id='word_1_185' title='bbox 921 1484 1291 1557; x_wconf 80' lang='grc' dir='ltr'><strong>παρεξετάσαι</strong></span> <span class='ocrx_word' id='word_1_186' title='bbox 1350 1486 1509 1555; x_wconf 85' lang='grc' dir='ltr'>χάριν</span> <span class='ocrx_word' id='word_1_187' title='bbox 1558 1486 1861 1557; x_wconf 77' lang='grc' dir='ltr'>εἰρήσεται,</span> 
     </span>
    </p>
   </div>
   <div class='ocr_carea' id='block_1_28' title="bbox 1970 1484 3538 1557">
    <p class='ocr_par' dir='ltr' id='par_1_28' title="bbox 1970 1488 3538 1557">
     <span class='ocr_line' id='line_1_28' title="bbox 1970 1488 3538 1557; baseline 0.004 -22"><span class='ocrx_word' id='word_1_188' title='bbox 1970 1498 2126 1552; x_wconf 85' lang='lat' dir='ltr'><strong>quam</strong></span> <span class='ocrx_word' id='word_1_189' title='bbox 2165 1498 2230 1537; x_wconf 92' lang='lat' dir='ltr'><strong>ne</strong></span> <span class='ocrx_word' id='word_1_190' title='bbox 2284 1498 2372 1539; x_wconf 87' lang='lat' dir='ltr'><strong>res</strong></span> <span class='ocrx_word' id='word_1_191' title='bbox 2405 1498 2593 1539; x_wconf 89' lang='lat' dir='ltr'><strong>omnes</strong></span> <span class='ocrx_word' id='word_1_192' title='bbox 2623 1494 2988 1552; x_wconf 78' lang='lat' dir='ltr'><strong>transeamus,</strong></span> <span class='ocrx_word' id='word_1_193' title='bbox 3035 1496 3096 1541; x_wconf 89' lang='lat' dir='ltr'><strong>ut</strong></span> <span class='ocrx_word' id='word_1_194' title='bbox 3130 1488 3182 1541; x_wconf 77' lang='lat' dir='ltr'><strong>in</strong></span> <span class='ocrx_word' id='word_1_195' title='bbox 3218 1489 3538 1557; x_wconf 78' lang='lat' dir='ltr'><strong>quibusdam</strong></span> 
     </span>
    </p>
   </div>
   <div class='ocr_carea' id='block_1_29' title="bbox 286 1570 1868 1650">
    <p class='ocr_par' dir='ltr' id='par_1_29' title="bbox 286 1574 1863 1649">
     <span class='ocr_line' id='line_1_29' title="bbox 286 1574 1863 1649; baseline -0.001 -18"><span class='ocrx_word' id='word_1_196' title='bbox 286 1576 425 1631; x_wconf 80' lang='grc' dir='ltr'>ἀλλὰ</span> <span class='ocrx_word' id='word_1_197' title='bbox 451 1574 544 1628; x_wconf 81' lang='grc' dir='ltr'>τοῦ</span> <span class='ocrx_word' id='word_1_198' title='bbox 568 1576 645 1646; x_wconf 84' lang='grc' dir='ltr'>μὴ</span> <span class='ocrx_word' id='word_1_199' title='bbox 682 1576 998 1629; x_wconf 86' lang='grc' dir='ltr'>παντάπασι</span> <span class='ocrx_word' id='word_1_200' title='bbox 1025 1575 1127 1639; x_wconf 81' lang='grc' dir='ltr'>τὰς</span> <span class='ocrx_word' id='word_1_201' title='bbox 1149 1576 1376 1646; x_wconf 84' lang='grc' dir='ltr'>πράξεις</span> <span class='ocrx_word' id='word_1_202' title='bbox 1406 1577 1699 1649; x_wconf 81' lang='grc' dir='ltr'>παρελθεῖν</span> <span class='ocrx_word' id='word_1_203' title='bbox 1722 1594 1738 1609; x_wconf 78' lang='grc'><strong><em>⁸</em></strong></span> <span class='ocrx_word' id='word_1_204' title='bbox 1769 1579 1863 1632; x_wconf 81' lang='grc' dir='ltr'>καὶ</span> 
     </span>
    </p>
   </div>
   <div class='ocr_carea' id='block_1_30' title="bbox 1970 1570 3537 1650">
    <p class='ocr_par' dir='ltr' id='par_1_30' title="bbox 1970 1570 3537 1650">
     <span class='ocr_line' id='line_1_30' title="bbox 1970 1570 3537 1650; baseline 0.004 -23"><span class='ocrx_word' id='word_1_205' title='bbox 1970 1574 2212 1641; x_wconf 78' lang='lat' dir='ltr'><strong>fecimus,</strong></span> <span class='ocrx_word' id='word_1_206' title='bbox 2263 1591 2363 1630; x_wconf 91' lang='lat' dir='ltr'><strong>nec</strong></span> <span class='ocrx_word' id='word_1_207' title='bbox 2406 1586 2490 1631; x_wconf 90' lang='lat' dir='ltr'><strong>est</strong></span> <span class='ocrx_word' id='word_1_208' title='bbox 2535 1576 2726 1632; x_wconf 90' lang='lat' dir='ltr'><strong>leviter</strong></span> <span class='ocrx_word' id='word_1_209' title='bbox 2771 1581 3245 1650; x_wconf 74' lang='lat' dir='ltr'><strong>progrediendum.</strong></span> <span class='ocrx_word' id='word_1_210' title='bbox 3279 1570 3387 1635; x_wconf 81' lang='lat' dir='ltr'><strong>Nec</strong></span> <span class='ocrx_word' id='word_1_211' title='bbox 3426 1592 3537 1635; x_wconf 84' lang='lat' dir='ltr'><strong>tam</strong></span> 
     </span>
    </p>
   </div>
   <div class='ocr_carea' id='block_1_31' title="bbox 288 1665 1868 1743">
    <p class='ocr_par' dir='ltr' id='par_1_31' title="bbox 288 1666 1863 1738">
     <span class='ocr_line' id='line_1_31' title="bbox 288 1666 1863 1738; baseline 0.001 -18"><span class='ocrx_word' id='word_1_212' title='bbox 288 1669 399 1738; x_wconf 77' lang='grc' dir='ltr'><strong>γάρ</strong></span> <span class='ocrx_word' id='word_1_213' title='bbox 423 1670 560 1720; x_wconf 84' lang='grc' dir='ltr'>εἰσιν</span> <span class='ocrx_word' id='word_1_214' title='bbox 590 1666 657 1728; x_wconf 76' lang='grc' dir='ltr'>ἃς</span> <span class='ocrx_word' id='word_1_215' title='bbox 676 1666 1057 1737; x_wconf 76' lang='grc' dir='ltr'>παρεξέλιπον.</span> <span class='ocrx_word' id='word_1_216' title='bbox 1085 1670 1177 1720; x_wconf 88' lang='grc' dir='ltr'>Δεῖ</span> <span class='ocrx_word' id='word_1_217' title='bbox 1228 1669 1307 1733; x_wconf 84' lang='grc' dir='ltr'>δὲ,</span> <span class='ocrx_word' id='word_1_218' title='bbox 1356 1667 1430 1730; x_wconf 85' lang='grc' dir='ltr'><strong>ὡς</strong></span> <span class='ocrx_word' id='word_1_219' title='bbox 1460 1669 1659 1734; x_wconf 77' lang='grc' dir='ltr'>ἔοικεν,</span> <span class='ocrx_word' id='word_1_220' title='bbox 1685 1668 1747 1721; x_wconf 82' lang='grc' dir='ltr'>οὐ</span> <span class='ocrx_word' id='word_1_221' title='bbox 1769 1668 1863 1721; x_wconf 78' lang='grc' dir='ltr'>τοῦ</span> 
     </span>
    </p>
   </div>
   <div class='ocr_carea' id='block_1_32' title="bbox 1970 1665 3539 1743">
    <p class='ocr_par' dir='ltr' id='par_1_32' title="bbox 1970 1665 3539 1743">
     <span class='ocr_line' id='line_1_32' title="bbox 1970 1665 3539 1743; baseline 0.005 -25"><span class='ocrx_word' id='word_1_222' title='bbox 1970 1681 2136 1719; x_wconf 88' lang='lat' dir='ltr'><strong>unum</strong></span> <span class='ocrx_word' id='word_1_223' title='bbox 2162 1665 2449 1722; x_wconf 86' lang='lat' dir='ltr'><strong>ediderunt</strong></span> <span class='ocrx_word' id='word_1_224' title='bbox 2476 1669 2725 1725; x_wconf 81' lang='lat' dir='ltr'><strong>beneﬁcii</strong></span> <span class='ocrx_word' id='word_1_225' title='bbox 2756 1686 2946 1741; x_wconf 85' lang='lat' dir='ltr'><strong>genus,</strong></span> <span class='ocrx_word' id='word_1_226' title='bbox 2970 1688 3132 1743; x_wconf 90' lang='lat' dir='ltr'><strong>quam</strong></span> <span class='ocrx_word' id='word_1_227' title='bbox 3164 1673 3369 1727; x_wconf 81' lang='lat' dir='ltr'><strong>nullum</strong></span> <span class='ocrx_word' id='word_1_228' title='bbox 3395 1674 3539 1728; x_wconf 88' lang='lat' dir='ltr'><strong>omi-</strong></span> 
     </span>
    </p>
   </div>
   <div class='ocr_carea' id='block_1_33' title="bbox 285 1736 1868 1833">
    <p class='ocr_par' dir='ltr' id='par_1_33' title="bbox 285 1736 1863 1829">
     <span class='ocr_line' id='line_1_33' title="bbox 285 1736 1863 1829; baseline 0 -17"><span class='ocrx_word' id='word_1_229' title='bbox 285 1736 541 1828; x_wconf 78' lang='grc' dir='ltr'>τυχόντος</span> <span class='ocrx_word' id='word_1_230' title='bbox 578 1736 803 1828; x_wconf 89' lang='grc' dir='ltr'>δρόμου.</span> <span class='ocrx_word' id='word_1_231' title='bbox 858 1759 967 1812; x_wconf 74' lang='grc' dir='ltr'><strong>Καὶ</strong></span> <span class='ocrx_word' id='word_1_232' title='bbox 1018 1760 1120 1829; x_wconf 80' lang='grc' dir='ltr'>οὐχ</span> <span class='ocrx_word' id='word_1_233' title='bbox 1156 1760 1199 1791; x_wconf 85' lang='grc'>⁸¹</span> <span class='ocrx_word' id='word_1_234' title='bbox 1243 1758 1302 1811; x_wconf 81' lang='grc' dir='ltr'>ἓν</span> <span class='ocrx_word' id='word_1_235' title='bbox 1351 1754 1490 1823; x_wconf 72' lang='grc' dir='ltr'>εἶδος</span> <span class='ocrx_word' id='word_1_236' title='bbox 1541 1758 1863 1828; x_wconf 78' lang='grc' dir='ltr'>εὐεργεσίας</span> 
     </span>
    </p>
   </div>
   <div class='ocr_carea' id='block_1_34' title="bbox 1970 1736 3541 1833">
    <p class='ocr_par' dir='ltr' id='par_1_34' title="bbox 1970 1757 3541 1833">
     <span class='ocr_line' id='line_1_34' title="bbox 1970 1757 3541 1833; baseline 0.004 -22"><span class='ocrx_word' id='word_1_237' title='bbox 1970 1767 2184 1812; x_wconf 90' lang='lat' dir='ltr'><strong>serunt.</strong></span> <span class='ocrx_word' id='word_1_238' title='bbox 2206 1757 2382 1813; x_wconf 65' lang='lat' dir='ltr'><strong>Multae</strong></span> <span class='ocrx_word' id='word_1_239' title='bbox 2404 1769 2583 1813; x_wconf 86' lang='lat' dir='ltr'><strong>autem</strong></span> <span class='ocrx_word' id='word_1_240' title='bbox 2609 1763 2923 1817; x_wconf 83' lang='lat' dir='ltr'><strong>eorumdem</strong></span> <span class='ocrx_word' id='word_1_241' title='bbox 2948 1770 3249 1833; x_wconf 79' lang='lat' dir='ltr'><strong>temporum</strong></span> <span class='ocrx_word' id='word_1_242' title='bbox 3283 1777 3369 1820; x_wconf 88' lang='lat' dir='ltr'><strong>res</strong></span> <span class='ocrx_word' id='word_1_243' title='bbox 3395 1765 3541 1819; x_wconf 87' lang='lat' dir='ltr'><strong>velut</strong></span> 
     </span>
    </p>
   </div>
   <div class='ocr_carea' id='block_1_35' title="bbox 288 1846 1870 1922">
    <p class='ocr_par' dir='ltr' id='par_1_35' title="bbox 288 1846 1870 1922">
     <span class='ocr_line' id='line_1_35' title="bbox 288 1846 1870 1922; baseline -0.001 -18"><span class='ocrx_word' id='word_1_244' title='bbox 288 1853 314 1904; x_wconf 82' lang='grc' dir='ltr'><strong>ἐ</strong></span> <span class='ocrx_word' id='word_1_245' title='bbox 327 1851 650 1916; x_wconf 81' lang='grc' dir='ltr'>πεδείξαντο,</span> <span class='ocrx_word' id='word_1_246' title='bbox 663 1850 778 1906; x_wconf 83' lang='grc' dir='ltr'>ἀλλ’</span> <span class='ocrx_word' id='word_1_247' title='bbox 792 1850 943 1904; x_wconf 78' lang='grc' dir='ltr'>οὐδὲν</span> <span class='ocrx_word' id='word_1_248' title='bbox 962 1846 1098 1914; x_wconf 83' lang='grc' dir='ltr'>εἶδος</span> <span class='ocrx_word' id='word_1_249' title='bbox 1117 1851 1430 1922; x_wconf 79' lang='grc' dir='ltr'>εὐεργεσίας</span> <span class='ocrx_word' id='word_1_250' title='bbox 1444 1849 1727 1905; x_wconf 81' lang='grc' dir='ltr'>ἀπέλιπον.</span> <span class='ocrx_word' id='word_1_251' title='bbox 1762 1851 1870 1903; x_wconf 84' lang='grc' dir='ltr'><strong>Πε-</strong></span> 
     </span>
    </p>
   </div>
   <div class='ocr_carea' id='block_1_36' title="bbox 291 1942 1867 2013">
    <p class='ocr_par' dir='ltr' id='par_1_36' title="bbox 291 1942 1867 2013">
     <span class='ocr_line' id='line_1_36' title="bbox 291 1942 1867 2013; baseline 0 -19"><span class='ocrx_word' id='word_1_252' title='bbox 291 1944 561 2012; x_wconf 88' lang='grc' dir='ltr'>ριίσταται</span> <span class='ocrx_word' id='word_1_253' title='bbox 585 1942 631 1973; x_wconf 83' lang='grc'><strong>⁸³</strong></span> <span class='ocrx_word' id='word_1_254' title='bbox 647 1942 703 1994; x_wconf 88' lang='grc' dir='ltr'><strong>δέ</strong></span> <span class='ocrx_word' id='word_1_255' title='bbox 726 1959 793 2012; x_wconf 82' lang='grc' dir='ltr'><strong>με</strong></span> <span class='ocrx_word' id='word_1_256' title='bbox 818 1943 864 1973; x_wconf 86' lang='grc'><strong><em>⁵³</em></strong></span> <span class='ocrx_word' id='word_1_257' title='bbox 883 1943 1200 1996; x_wconf 77' lang='grc' dir='ltr'>παντοδαπὰ</span> <span class='ocrx_word' id='word_1_258' title='bbox 1215 1942 1405 2013; x_wconf 82' lang='grc' dir='ltr'>ὥσπερ</span> <span class='ocrx_word' id='word_1_259' title='bbox 1456 1944 1517 1995; x_wconf 86' lang='grc' dir='ltr'><strong>ἐν</strong></span> <span class='ocrx_word' id='word_1_260' title='bbox 1575 1945 1867 2013; x_wconf 73' lang='grc' dir='ltr'>συγγραφῇ</span> 
     </span>
    </p>
   </div>
   <div class='ocr_carea' id='block_1_37' title="bbox 291 2032 1909 2105">
    <p class='ocr_par' dir='ltr' id='par_1_37' title="bbox 291 2032 1909 2105">
     <span class='ocr_line' id='line_1_37' title="bbox 291 2032 1909 2105; baseline -0.001 -19"><span class='ocrx_word' id='word_1_261' title='bbox 291 2032 407 2087; x_wconf 82' lang='grc' dir='ltr'>τῶν</span> <span class='ocrx_word' id='word_1_262' title='bbox 456 2032 636 2086; x_wconf 82' lang='grc' dir='ltr'>αὐτῶν</span> <span class='ocrx_word' id='word_1_263' title='bbox 671 2034 904 2105; x_wconf 83' lang='grc' dir='ltr'>χρόνων,</span> <span class='ocrx_word' id='word_1_264' title='bbox 941 2033 978 2088; x_wconf 80' lang='grc' dir='ltr'>ἃ</span> <span class='ocrx_word' id='word_1_265' title='bbox 1005 2034 1080 2104; x_wconf 82' lang='grc' dir='ltr'>μὴ</span> <span class='ocrx_word' id='word_1_266' title='bbox 1102 2035 1184 2087; x_wconf 86' lang='grc' dir='ltr'>ὃτι</span> <span class='ocrx_word' id='word_1_267' title='bbox 1196 2033 1376 2088; x_wconf 86' lang='grc' dir='ltr'>πάντα</span> <span class='ocrx_word' id='word_1_268' title='bbox 1400 2032 1686 2097; x_wconf 84' lang='grc' dir='ltr'>διεξελθεῖν</span> <span class='ocrx_word' id='word_1_269' title='bbox 1707 2032 1870 2085; x_wconf 78' lang='grc' dir='ltr'>εὖπο-</span> <span class='ocrx_word' id='word_1_270' title='bbox 1902 2066 1909 2079; x_wconf 74' lang='grc' dir='ltr'>ς</span> 
     </span>
    </p>
   </div>
   <div class='ocr_carea' id='block_1_38' title="bbox 290 2119 1869 2197">
    <p class='ocr_par' dir='ltr' id='par_1_38' title="bbox 290 2119 1869 2197">
     <span class='ocr_line' id='line_1_38' title="bbox 290 2119 1869 2197; baseline -0.001 -18"><span class='ocrx_word' id='word_1_271' title='bbox 290 2141 408 2197; x_wconf 89' lang='grc' dir='ltr'>ρον,</span> <span class='ocrx_word' id='word_1_272' title='bbox 435 2124 547 2179; x_wconf 80' lang='grc' dir='ltr'>ἀλλ’</span> <span class='ocrx_word' id='word_1_273' title='bbox 564 2125 773 2189; x_wconf 81' lang='grc' dir='ltr'>οὐδενὸς</span> <span class='ocrx_word' id='word_1_274' title='bbox 793 2125 1100 2197; x_wconf 88' lang='grc' dir='ltr'>στρατηγοῦ</span> <span class='ocrx_word' id='word_1_275' title='bbox 1120 2125 1296 2180; x_wconf 89' lang='grc' dir='ltr'>πάντα</span> <span class='ocrx_word' id='word_1_276' title='bbox 1307 2126 1454 2195; x_wconf 82' lang='grc' dir='ltr'>έξῆς.</span> <span class='ocrx_word' id='word_1_277' title='bbox 1478 2119 1580 2178; x_wconf 81' lang='grc' dir='ltr'>Ὧν</span> <span class='ocrx_word' id='word_1_278' title='bbox 1606 2125 1659 2178; x_wconf 87' lang='grc' dir='ltr'><strong>τί</strong></span> <span class='ocrx_word' id='word_1_279' title='bbox 1675 2126 1869 2195; x_wconf 79' lang='grc' dir='ltr'>παρεὶς</span> 
     </span>
    </p>
   </div>
   <div class='ocr_carea' id='block_1_39' title="bbox 288 2216 1871 2288">
    <p class='ocr_par' dir='ltr' id='par_1_39' title="bbox 288 2216 1871 2288">
     <span class='ocr_line' id='line_1_39' title="bbox 288 2216 1871 2288; baseline 0.001 -19"><span class='ocrx_word' id='word_1_280' title='bbox 288 2216 433 2280; x_wconf 90' lang='grc' dir='ltr'>τίνος</span> <span class='ocrx_word' id='word_1_281' title='bbox 466 2216 727 2287; x_wconf 62' lang='grc' dir='ltr'>μνησθεὶς</span> <span class='ocrx_word' id='word_1_282' title='bbox 771 2218 835 2271; x_wconf 87' lang='grc' dir='ltr'><strong>Ὃ</strong></span> <span class='ocrx_word' id='word_1_283' title='bbox 863 2217 921 2271; x_wconf 84' lang='grc' dir='ltr'>δὲ</span> <span class='ocrx_word' id='word_1_284' title='bbox 949 2216 995 2249; x_wconf 74' lang='grc'><strong>⁸⁸</strong></span> <span class='ocrx_word' id='word_1_285' title='bbox 1045 2217 1125 2269; x_wconf 85' lang='grc' dir='ltr'><strong>δεῖ</strong></span> <span class='ocrx_word' id='word_1_286' title='bbox 1160 2218 1448 2286; x_wconf 82' lang='grc' dir='ltr'>⁸⁸μάλιστα</span> <span class='ocrx_word' id='word_1_287' title='bbox 1502 2217 1601 2288; x_wconf 83' lang='grc' dir='ltr'>τῆς</span> <span class='ocrx_word' id='word_1_288' title='bbox 1646 2216 1871 2270; x_wconf 77' lang='grc' dir='ltr'>ἐκείνων</span> 
     </span>
    </p>
   </div>
   <div class='ocr_carea' id='block_1_40' title="bbox 288 2308 1870 2380">
    <p class='ocr_par' dir='ltr' id='par_1_40' title="bbox 288 2308 1870 2380">
     <span class='ocr_line' id='line_1_40' title="bbox 288 2308 1870 2380; baseline 0 -18"><span class='ocrx_word' id='word_1_289' title='bbox 288 2309 505 2378; x_wconf 81' lang='grc' dir='ltr'>φύσεως</span> <span class='ocrx_word' id='word_1_290' title='bbox 525 2309 829 2379; x_wconf 76' lang='grc' dir='ltr'>ἀγασθῆναι</span> <span class='ocrx_word' id='word_1_291' title='bbox 881 2310 975 2363; x_wconf 84' lang='grc' dir='ltr'><strong>καί</strong></span> <span class='ocrx_word' id='word_1_292' title='bbox 1008 2312 1257 2380; x_wconf 84' lang='grc' dir='ltr'>κρεῖττον</span> <span class='ocrx_word' id='word_1_293' title='bbox 1299 2310 1334 2380; x_wconf 74' lang='grc' dir='ltr'>ἢ</span> <span class='ocrx_word' id='word_1_294' title='bbox 1391 2308 1534 2363; x_wconf 80' lang='grc' dir='ltr'>κατὰ</span> <span class='ocrx_word' id='word_1_295' title='bbox 1584 2309 1870 2379; x_wconf 86' lang='grc' dir='ltr'>ἄνθρωπον</span> 
     </span>
    </p>
   </div>
   <div class='ocr_carea' id='block_1_41' title="bbox 289 2386 1871 2471">
    <p class='ocr_par' dir='ltr' id='par_1_41' title="bbox 289 2386 1871 2471">
     <span class='ocr_line' id='line_1_41' title="bbox 289 2386 1871 2471; baseline -0.002 -16"><span class='ocrx_word' id='word_1_296' title='bbox 289 2386 619 2471; x_wconf 79' lang='grc' dir='ltr'>ἡγήσασθαι·</span> <span class='ocrx_word' id='word_1_297' title='bbox 663 2400 786 2465; x_wconf 79' lang='grc' dir='ltr'>ἐξὸν</span> <span class='ocrx_word' id='word_1_298' title='bbox 839 2400 947 2471; x_wconf 84' lang='grc' dir='ltr'>γὰρ</span> <span class='ocrx_word' id='word_1_299' title='bbox 997 2402 1209 2464; x_wconf 78' lang='grc' dir='ltr'>ἑαυτοῖς</span> <span class='ocrx_word' id='word_1_300' title='bbox 1253 2400 1674 2465; x_wconf 78' lang='grc' dir='ltr'>ἀκολουθοῦντας</span> <span class='ocrx_word' id='word_1_301' title='bbox 1726 2400 1871 2471; x_wconf 76' lang='grc' dir='ltr'>ἔχειν</span> 
     </span>
    </p>
   </div>
   <div class='ocr_carea' id='block_1_42' title="bbox 289 2491 1869 2563">
    <p class='ocr_par' dir='ltr' id='par_1_42' title="bbox 289 2491 1869 2563">
     <span class='ocr_line' id='line_1_42' title="bbox 289 2491 1869 2563; baseline 0.001 -19"><span class='ocrx_word' id='word_1_302' title='bbox 289 2491 747 2562; x_wconf 87' lang='grc' dir='ltr'>Λακεδαιμονίους</span> <span class='ocrx_word' id='word_1_303' title='bbox 793 2493 883 2547; x_wconf 80' lang='grc' dir='ltr'>καὶ</span> <span class='ocrx_word' id='word_1_304' title='bbox 953 2492 1096 2546; x_wconf 76' lang='grc' dir='ltr'>κατὰ</span> <span class='ocrx_word' id='word_1_305' title='bbox 1141 2492 1246 2563; x_wconf 82' lang='grc' dir='ltr'>γῆν</span> <span class='ocrx_word' id='word_1_306' title='bbox 1314 2493 1409 2545; x_wconf 77' lang='grc' dir='ltr'>καὶ</span> <span class='ocrx_word' id='word_1_307' title='bbox 1472 2492 1617 2546; x_wconf 82' lang='grc' dir='ltr'>κατὰ</span> <span class='ocrx_word' id='word_1_308' title='bbox 1670 2491 1869 2546; x_wconf 85' lang='grc' dir='ltr'>θάλατ-</span> 
     </span>
    </p>
   </div>
   <div class='ocr_carea' id='block_1_43' title="bbox 289 2583 1864 2656">
    <p class='ocr_par' dir='ltr' id='par_1_43' title="bbox 289 2583 1864 2656">
     <span class='ocr_line' id='line_1_43' title="bbox 289 2583 1864 2656; baseline 0.001 -19"><span class='ocrx_word' id='word_1_309' title='bbox 289 2584 747 2655; x_wconf 82' lang='grc' dir='ltr'>ταν,ἢπεριιδεῖν</span> <span class='ocrx_word' id='word_1_310' title='bbox 800 2586 895 2638; x_wconf 74' lang='grc' dir='ltr'>ἐπὶ</span> <span class='ocrx_word' id='word_1_311' title='bbox 946 2585 1189 2655; x_wconf 81' lang='grc' dir='ltr'>κεφαλὴν</span> <span class='ocrx_word' id='word_1_312' title='bbox 1224 2584 1497 2648; x_wconf 86' lang='grc' dir='ltr'>ὠσθέντας</span> <span class='ocrx_word' id='word_1_313' title='bbox 1519 2585 1589 2649; x_wconf 80' lang='grc'><strong>⁵⁸,</strong></span> <span class='ocrx_word' id='word_1_314' title='bbox 1641 2583 1864 2656; x_wconf 83' lang='grc' dir='ltr'>συμμά-</span> 
     </span>
    </p>
   </div>
   <div class='ocr_carea' id='block_1_44' title="bbox 291 2676 1871 2747">
    <p class='ocr_par' dir='ltr' id='par_1_44' title="bbox 291 2676 1871 2747">
     <span class='ocr_line' id='line_1_44' title="bbox 291 2676 1871 2747; baseline 0.001 -17"><span class='ocrx_word' id='word_1_315' title='bbox 291 2693 404 2747; x_wconf 86' lang='grc' dir='ltr'><strong>χων</strong></span> <span class='ocrx_word' id='word_1_316' title='bbox 424 2676 713 2747; x_wconf 78' lang='grc' dir='ltr'>περιοίκων</span> <span class='ocrx_word' id='word_1_317' title='bbox 730 2676 957 2731; x_wconf 79' lang='grc' dir='ltr'>οἰκετῶν</span> <span class='ocrx_word' id='word_1_318' title='bbox 972 2677 1755 2747; x_wconf 82' lang='grc' dir='ltr'>άπάντων⁸⁷ἐπανεστηκότων,</span> <span class='ocrx_word' id='word_1_319' title='bbox 1776 2676 1871 2731; x_wconf 71' lang='grc' dir='ltr'><strong>ἐπὶ</strong></span> 
     </span>
    </p>
   </div>
   <div class='ocr_carea' id='block_1_45' title="bbox 290 2768 1871 2841">
    <p class='ocr_par' dir='ltr' id='par_1_45' title="bbox 290 2768 1871 2841">
     <span class='ocr_line' id='line_1_45' title="bbox 290 2768 1871 2841; baseline 0.003 -24"><span class='ocrx_word' id='word_1_320' title='bbox 290 2770 403 2831; x_wconf 82' lang='grc' dir='ltr'>τοῖς</span> <span class='ocrx_word' id='word_1_321' title='bbox 419 2768 549 2831; x_wconf 87' lang='grc' dir='ltr'>ῐσοις</span> <span class='ocrx_word' id='word_1_322' title='bbox 563 2768 828 2832; x_wconf 81' lang='grc' dir='ltr'>ἐδέξαντο.</span> <span class='ocrx_word' id='word_1_323' title='bbox 850 2768 959 2822; x_wconf 81' lang='grc' dir='ltr'><strong>Καὶ</strong></span> <span class='ocrx_word' id='word_1_324' title='bbox 974 2768 1347 2839; x_wconf 68' lang='grc' dir='ltr'>πορευομένης</span> <span class='ocrx_word' id='word_1_325' title='bbox 1359 2768 1507 2822; x_wconf 83' lang='grc' dir='ltr'>ὥσπε</span> <span class='ocrx_word' id='word_1_326' title='bbox 1518 2786 1547 2839; x_wconf 90' lang='grc' dir='ltr'><strong>ρ</strong></span> <span class='ocrx_word' id='word_1_327' title='bbox 1564 2769 1760 2838; x_wconf 83' lang='grc' dir='ltr'>φλογὸς</span> <span class='ocrx_word' id='word_1_328' title='bbox 1771 2770 1871 2841; x_wconf 82' lang='grc' dir='ltr'>τῆς</span> 
     </span>
    </p>
   </div>
   <div class='ocr_carea' id='block_1_46' title="bbox 290 2858 1870 2930">
    <p class='ocr_par' dir='ltr' id='par_1_46' title="bbox 290 2858 1870 2930">
     <span class='ocr_line' id='line_1_46' title="bbox 290 2858 1870 2930; baseline 0 -19"><span class='ocrx_word' id='word_1_329' title='bbox 290 2859 541 2926; x_wconf 82' lang='grc' dir='ltr'>Θηϐαίων</span> <span class='ocrx_word' id='word_1_330' title='bbox 562 2859 839 2929; x_wconf 89' lang='grc' dir='ltr'>δυνάμεως</span> <span class='ocrx_word' id='word_1_331' title='bbox 864 2860 959 2913; x_wconf 77' lang='grc' dir='ltr'>ἐπὶ</span> <span class='ocrx_word' id='word_1_332' title='bbox 1014 2861 1114 2930; x_wconf 83' lang='grc' dir='ltr'>τὴν</span> <span class='ocrx_word' id='word_1_333' title='bbox 1161 2858 1320 2913; x_wconf 82' lang='grc' dir='ltr'>πόλιν</span> <span class='ocrx_word' id='word_1_334' title='bbox 1373 2860 1482 2911; x_wconf 85' lang='grc' dir='ltr'>τῶν</span> <span class='ocrx_word' id='word_1_335' title='bbox 1525 2859 1870 2929; x_wconf 86' lang='grc' dir='ltr'>Λακεδαιμο-</span> 
     </span>
    </p>
   </div>
   <div class='ocr_carea' id='block_1_47' title="bbox 293 2951 1867 3022">
    <p class='ocr_par' dir='ltr' id='par_1_47' title="bbox 293 2951 1867 3022">
     <span class='ocr_line' id='line_1_47' title="bbox 293 2951 1867 3022; baseline -0.001 -18"><span class='ocrx_word' id='word_1_336' title='bbox 293 2951 424 3004; x_wconf 90' lang='grc' dir='ltr'>νίων</span> <span class='ocrx_word' id='word_1_337' title='bbox 454 2952 548 3003; x_wconf 81' lang='grc' dir='ltr'>καὶ</span> <span class='ocrx_word' id='word_1_338' title='bbox 592 2951 659 3005; x_wconf 76' lang='grc' dir='ltr'>τὰ</span> <span class='ocrx_word' id='word_1_339' title='bbox 713 2951 878 3005; x_wconf 84' lang='grc' dir='ltr'>λοιπὰ</span> <span class='ocrx_word' id='word_1_340' title='bbox 942 2952 1041 3019; x_wconf 83' lang='grc' dir='ltr'>τῆς</span> <span class='ocrx_word' id='word_1_341' title='bbox 1086 2952 1520 3022; x_wconf 80' lang='grc' dir='ltr'>Πελοποννήσου,</span> <span class='ocrx_word' id='word_1_342' title='bbox 1570 2951 1720 3021; x_wconf 84' lang='grc' dir='ltr'>μόνοι</span> <span class='ocrx_word' id='word_1_343' title='bbox 1772 2951 1867 3004; x_wconf 75' lang='grc' dir='ltr'>καὶ</span> 
     </span>
    </p>
   </div>
   <div class='ocr_carea' id='block_1_48' title="bbox 1972 1847 3539 1924">
    <p class='ocr_par' dir='ltr' id='par_1_48' title="bbox 1972 1847 3539 1924">
     <span class='ocr_line' id='line_1_48' title="bbox 1972 1847 3539 1924; baseline 0.004 -22"><span class='ocrx_word' id='word_1_344' title='bbox 1972 1848 2026 1902; x_wconf 89' lang='lat' dir='ltr'><strong>iu</strong></span> <span class='ocrx_word' id='word_1_345' title='bbox 2060 1847 2288 1901; x_wconf 84' lang='lat' dir='ltr'><strong>historia</strong></span> <span class='ocrx_word' id='word_1_346' title='bbox 2319 1849 2453 1903; x_wconf 88' lang='lat' dir='ltr'><strong>mihi</strong></span> <span class='ocrx_word' id='word_1_347' title='bbox 2494 1863 2818 1917; x_wconf 84' lang='lat' dir='ltr'><strong>occurrunt,</strong></span> <span class='ocrx_word' id='word_1_348' title='bbox 2843 1868 2984 1923; x_wconf 81' lang='lat' dir='ltr'><strong>quas</strong></span> <span class='ocrx_word' id='word_1_349' title='bbox 3009 1856 3145 1909; x_wconf 84' lang='lat' dir='ltr'><strong>adeo</strong></span> <span class='ocrx_word' id='word_1_350' title='bbox 3180 1864 3285 1908; x_wconf 86' lang='lat' dir='ltr'><strong>non</strong></span> <span class='ocrx_word' id='word_1_351' title='bbox 3321 1870 3539 1924; x_wconf 86' lang='lat' dir='ltr'><strong>possum</strong></span> 
     </span>
    </p>
   </div>
   <div class='ocr_carea' id='block_1_49' title="bbox 1973 1939 3538 2013">
    <p class='ocr_par' dir='ltr' id='par_1_49' title="bbox 1973 1939 3538 2013">
     <span class='ocr_line' id='line_1_49' title="bbox 1973 1939 3538 2013; baseline 0.004 -21"><span class='ocrx_word' id='word_1_352' title='bbox 1973 1939 2132 1993; x_wconf 78' lang='lat' dir='ltr'><strong>facile</strong></span> <span class='ocrx_word' id='word_1_353' title='bbox 2174 1948 2401 1995; x_wconf 86' lang='lat' dir='ltr'><strong>cunctas</strong></span> <span class='ocrx_word' id='word_1_354' title='bbox 2444 1941 2739 2010; x_wconf 79' lang='lat' dir='ltr'><strong>explicare,</strong></span> <span class='ocrx_word' id='word_1_355' title='bbox 2771 1953 2831 1997; x_wconf 93' lang='lat' dir='ltr'><strong>ut</strong></span> <span class='ocrx_word' id='word_1_356' title='bbox 2882 1957 2950 1997; x_wconf 91' lang='lat' dir='ltr'><strong>ne</strong></span> <span class='ocrx_word' id='word_1_357' title='bbox 3003 1946 3126 1999; x_wconf 85' lang='lat' dir='ltr'><strong>duci</strong></span> <span class='ocrx_word' id='word_1_358' title='bbox 3176 1945 3395 2013; x_wconf 84' lang='lat' dir='ltr'><strong>quidem</strong></span> <span class='ocrx_word' id='word_1_359' title='bbox 3447 1946 3538 1999; x_wconf 89' lang='lat' dir='ltr'><strong>ulli</strong></span> 
     </span>
    </p>
   </div>
   <div class='ocr_carea' id='block_1_50' title="bbox 1971 2029 3540 2105">
    <p class='ocr_par' dir='ltr' id='par_1_50' title="bbox 1971 2029 3540 2105">
     <span class='ocr_line' id='line_1_50' title="bbox 1971 2029 3540 2105; baseline 0.004 -23"><span class='ocrx_word' id='word_1_360' title='bbox 1971 2043 2167 2099; x_wconf 90' lang='lat' dir='ltr'><strong>queam</strong></span> <span class='ocrx_word' id='word_1_361' title='bbox 2201 2029 2467 2086; x_wconf 84' lang='lat' dir='ltr'><strong>sullicere.</strong></span> <span class='ocrx_word' id='word_1_362' title='bbox 2504 2031 2703 2086; x_wconf 85' lang='lat' dir='ltr'><strong>Earum</strong></span> <span class='ocrx_word' id='word_1_363' title='bbox 2729 2048 2858 2088; x_wconf 87' lang='lat' dir='ltr'><strong>vero</strong></span> <span class='ocrx_word' id='word_1_364' title='bbox 2891 2050 3051 2103; x_wconf 82' lang='lat' dir='ltr'><strong>quas,</strong></span> <span class='ocrx_word' id='word_1_365' title='bbox 3074 2036 3270 2105; x_wconf 81' lang='lat' dir='ltr'><strong>quibus</strong></span> <span class='ocrx_word' id='word_1_366' title='bbox 3299 2035 3540 2102; x_wconf 71' lang='lat' dir='ltr'><strong>omisSis,</strong></span> 
     </span>
    </p>
   </div>
   <div class='ocr_carea' id='block_1_51' title="bbox 1972 2121 3543 2182">
    <p class='ocr_par' dir='ltr' id='par_1_51' title="bbox 1972 2121 3543 2182">
     <span class='ocr_line' id='line_1_51' title="bbox 1972 2121 3543 2182; baseline 0.004 -7"><span class='ocrx_word' id='word_1_367' title='bbox 1972 2122 2305 2178; x_wconf 77' lang='lat' dir='ltr'><strong>recensebo?</strong></span> <span class='ocrx_word' id='word_1_368' title='bbox 2341 2121 2461 2177; x_wconf 81' lang='lat' dir='ltr'><strong>Jam</strong></span> <span class='ocrx_word' id='word_1_369' title='bbox 2498 2123 2631 2179; x_wconf 88' lang='lat' dir='ltr'><strong>illud</strong></span> <span class='ocrx_word' id='word_1_370' title='bbox 2669 2126 2964 2179; x_wconf 78' lang='lat' dir='ltr'><strong>maximam</strong></span> <span class='ocrx_word' id='word_1_371' title='bbox 3011 2136 3253 2182; x_wconf 80' lang='lat' dir='ltr'><strong>meretur</strong></span> <span class='ocrx_word' id='word_1_372' title='bbox 3301 2126 3543 2181; x_wconf 84' lang='lat' dir='ltr'><strong>admira-</strong></span> 
     </span>
    </p>
   </div>
   <div class='ocr_carea' id='block_1_52' title="bbox 1975 2214 3539 2285">
    <p class='ocr_par' dir='ltr' id='par_1_52' title="bbox 1975 2214 3539 2285">
     <span class='ocr_line' id='line_1_52' title="bbox 1975 2214 3539 2285; baseline 0.01 -19"><span class='ocrx_word' id='word_1_373' title='bbox 1975 2214 2198 2279; x_wconf 85' lang='lat' dir='ltr'><strong>tionem,</strong></span> <span class='ocrx_word' id='word_1_374' title='bbox 2237 2230 2564 2284; x_wconf 81' lang='lat' dir='ltr'><strong>omnemque</strong></span> <span class='ocrx_word' id='word_1_375' title='bbox 2614 2228 2837 2285; x_wconf 88' lang='lat' dir='ltr'><strong>superat</strong></span> <span class='ocrx_word' id='word_1_376' title='bbox 2884 2220 3173 2274; x_wconf 80' lang='lat' dir='ltr'><strong>humanam</strong></span> <span class='ocrx_word' id='word_1_377' title='bbox 3224 2231 3472 2279; x_wconf 83' lang='lat' dir='ltr'><strong>naturam</strong></span> <span class='ocrx_word' id='word_1_378' title='bbox 3524 2246 3539 2282; x_wconf 91' lang='lat'>:</span> 
     </span>
    </p>
   </div>
   <div class='ocr_carea' id='block_1_53' title="bbox 1972 2308 3543 2384">
    <p class='ocr_par' dir='ltr' id='par_1_53' title="bbox 1972 2308 3543 2384">
     <span class='ocr_line' id='line_1_53' title="bbox 1972 2308 3543 2384; baseline 0.008 -27"><span class='ocrx_word' id='word_1_379' title='bbox 1972 2318 2097 2358; x_wconf 89' lang='lat' dir='ltr'><strong>cum</strong></span> <span class='ocrx_word' id='word_1_380' title='bbox 2164 2315 2384 2374; x_wconf 84' lang='lat' dir='ltr'><strong>possent</strong></span> <span class='ocrx_word' id='word_1_381' title='bbox 2458 2308 2879 2363; x_wconf 65' lang='lat' dir='ltr'><strong>Lacedaemoniis</strong></span> <span class='ocrx_word' id='word_1_382' title='bbox 2930 2319 3071 2363; x_wconf 88' lang='lat' dir='ltr'><strong>terra</strong></span> <span class='ocrx_word' id='word_1_383' title='bbox 3139 2312 3384 2381; x_wconf 88' lang='lat' dir='ltr'><strong>marique</strong></span> <span class='ocrx_word' id='word_1_384' title='bbox 3445 2330 3543 2384; x_wconf 90' lang='lat' dir='ltr'><strong>pro</strong></span> 
     </span>
    </p>
   </div>
   <div class='ocr_carea' id='block_1_54' title="bbox 1973 2393 3543 2473">
    <p class='ocr_par' dir='ltr' id='par_1_54' title="bbox 1973 2393 3543 2473">
     <span class='ocr_line' id='line_1_54' title="bbox 1973 2393 3543 2473; baseline 0.009 -26"><span class='ocrx_word' id='word_1_385' title='bbox 1973 2393 2194 2449; x_wconf 79' lang='lat' dir='ltr'><strong>famulis</strong></span> <span class='ocrx_word' id='word_1_386' title='bbox 2225 2396 2324 2461; x_wconf 90' lang='lat' dir='ltr'><strong>uti,</strong></span> <span class='ocrx_word' id='word_1_387' title='bbox 2366 2396 2451 2451; x_wconf 83' lang='lat' dir='ltr'><strong>vel</strong></span> <span class='ocrx_word' id='word_1_388' title='bbox 2486 2398 2782 2453; x_wconf 82' lang='lat' dir='ltr'><strong>calamitati</strong></span> <span class='ocrx_word' id='word_1_389' title='bbox 2813 2414 2924 2454; x_wconf 75' lang='lat' dir='ltr'><strong>suae</strong></span> <span class='ocrx_word' id='word_1_390' title='bbox 2958 2400 3284 2471; x_wconf 87' lang='lat' dir='ltr'><strong>relinquere,</strong></span> <span class='ocrx_word' id='word_1_391' title='bbox 3322 2419 3457 2473; x_wconf 86' lang='lat' dir='ltr'><strong>quos</strong></span> <span class='ocrx_word' id='word_1_392' title='bbox 3488 2414 3543 2461; x_wconf 87' lang='lat' dir='ltr'><strong>et</strong></span> 
     </span>
    </p>
   </div>
   <div class='ocr_carea' id='block_1_55' title="bbox 1971 2487 3539 2564">
    <p class='ocr_par' dir='ltr' id='par_1_55' title="bbox 1971 2487 3539 2564">
     <span class='ocr_line' id='line_1_55' title="bbox 1971 2487 3539 2564; baseline 0.006 -22"><span class='ocrx_word' id='word_1_393' title='bbox 1971 2487 2132 2551; x_wconf 88' lang='lat' dir='ltr'><strong>socii,</strong></span> <span class='ocrx_word' id='word_1_394' title='bbox 2176 2496 2233 2542; x_wconf 90' lang='lat' dir='ltr'><strong>et</strong></span> <span class='ocrx_word' id='word_1_395' title='bbox 2284 2487 2520 2555; x_wconf 80' lang='lat' dir='ltr'><strong>ﬁnitimi,</strong></span> <span class='ocrx_word' id='word_1_396' title='bbox 2571 2498 2628 2544; x_wconf 92' lang='lat' dir='ltr'><strong>et</strong></span> <span class='ocrx_word' id='word_1_397' title='bbox 2678 2490 2821 2545; x_wconf 84' lang='lat' dir='ltr'><strong>servi</strong></span> <span class='ocrx_word' id='word_1_398' title='bbox 2863 2504 3055 2546; x_wconf 88' lang='lat' dir='ltr'><strong>omnes</strong></span> <span class='ocrx_word' id='word_1_399' title='bbox 3090 2496 3476 2564; x_wconf 87' lang='lat' dir='ltr'><strong>oppugnabant</strong></span> <span class='ocrx_word' id='word_1_400' title='bbox 3523 2512 3539 2551; x_wconf 91' lang='lat'><strong>:</strong></span> 
     </span>
    </p>
   </div>
   <div class='ocr_carea' id='block_1_56' title="bbox 1972 2578 3542 2651">
    <p class='ocr_par' dir='ltr' id='par_1_56' title="bbox 1972 2578 3542 2651">
     <span class='ocr_line' id='line_1_56' title="bbox 1972 2578 3542 2651; baseline 0.007 -20"><span class='ocrx_word' id='word_1_401' title='bbox 1972 2578 2327 2633; x_wconf 82' lang='lat' dir='ltr'><strong>nihilominus</strong></span> <span class='ocrx_word' id='word_1_402' title='bbox 2372 2594 2530 2649; x_wconf 69' lang='lat' dir='ltr'><strong>aequo</strong></span> <span class='ocrx_word' id='word_1_403' title='bbox 2579 2578 2701 2651; x_wconf 79' lang='lat' dir='ltr'><strong>iure</strong></span> <span class='ocrx_word' id='word_1_404' title='bbox 2747 2596 2842 2637; x_wconf 90' lang='lat' dir='ltr'><strong>eos</strong></span> <span class='ocrx_word' id='word_1_405' title='bbox 2894 2585 3258 2651; x_wconf 87' lang='lat' dir='ltr'><strong>admiserunt,</strong></span> <span class='ocrx_word' id='word_1_406' title='bbox 3314 2595 3369 2640; x_wconf 89' lang='lat' dir='ltr'><strong>et</strong></span> <span class='ocrx_word' id='word_1_407' title='bbox 3416 2603 3542 2643; x_wconf 87' lang='lat' dir='ltr'><strong>cum</strong></span> 
     </span>
    </p>
   </div>
   <div class='ocr_carea' id='block_1_57' title="bbox 1973 2668 3545 2733">
    <p class='ocr_par' dir='ltr' id='par_1_57' title="bbox 1973 2668 3545 2733">
     <span class='ocr_line' id='line_1_57' title="bbox 1973 2668 3545 2733; baseline 0.006 -9"><span class='ocrx_word' id='word_1_408' title='bbox 1973 2668 2216 2725; x_wconf 86' lang='lat' dir='ltr'><strong>Thebani</strong></span> <span class='ocrx_word' id='word_1_409' title='bbox 2279 2671 2450 2726; x_wconf 87' lang='lat' dir='ltr'><strong>instar</strong></span> <span class='ocrx_word' id='word_1_410' title='bbox 2497 2671 2727 2727; x_wconf 64' lang='lat' dir='ltr'><strong>llaunnaa</strong></span> <span class='ocrx_word' id='word_1_411' title='bbox 2776 2675 2841 2728; x_wconf 84' lang='lat' dir='ltr'><strong>ad</strong></span> <span class='ocrx_word' id='word_1_412' title='bbox 2895 2675 3082 2729; x_wconf 91' lang='lat' dir='ltr'><strong>urbem</strong></span> <span class='ocrx_word' id='word_1_413' title='bbox 3128 2675 3449 2733; x_wconf 83' lang='lat' dir='ltr'><strong>Laconicam</strong></span> <span class='ocrx_word' id='word_1_414' title='bbox 3489 2689 3545 2733; x_wconf 89' lang='lat' dir='ltr'><strong>et</strong></span> 
     </span>
    </p>
   </div>
   <div class='ocr_carea' id='block_1_58' title="bbox 1973 2761 3541 2834">
    <p class='ocr_par' dir='ltr' id='par_1_58' title="bbox 1973 2761 3541 2834">
     <span class='ocr_line' id='line_1_58' title="bbox 1973 2761 3541 2834; baseline 0.006 -17"><span class='ocrx_word' id='word_1_415' title='bbox 1973 2764 2215 2833; x_wconf 86' lang='lat' dir='ltr'><strong>reliquas</strong></span> <span class='ocrx_word' id='word_1_416' title='bbox 2235 2761 2590 2832; x_wconf 72' lang='lat' dir='ltr'><strong>Pelolionnesi</strong></span> <span class='ocrx_word' id='word_1_417' title='bbox 2624 2774 2809 2834; x_wconf 85' lang='lat' dir='ltr'><strong>partes</strong></span> <span class='ocrx_word' id='word_1_418' title='bbox 2833 2766 3127 2833; x_wconf 90' lang='lat' dir='ltr'><strong>ferrentur,</strong></span> <span class='ocrx_word' id='word_1_419' title='bbox 3160 2769 3257 2824; x_wconf 87' lang='lat' dir='ltr'><strong>soli</strong></span> <span class='ocrx_word' id='word_1_420' title='bbox 3287 2783 3353 2824; x_wconf 85' lang='lat' dir='ltr'><strong>ex</strong></span> <span class='ocrx_word' id='word_1_421' title='bbox 3386 2770 3541 2825; x_wconf 71' lang='lat' dir='ltr'><strong>Cra:-</strong></span> 
     </span>
    </p>
   </div>
   <div class='ocr_carea' id='block_1_59' title="bbox 1972 2855 3546 2923">
    <p class='ocr_par' dir='ltr' id='par_1_59' title="bbox 1972 2855 3546 2923">
     <span class='ocr_line' id='line_1_59' title="bbox 1972 2855 3546 2923; baseline 0.004 -14"><span class='ocrx_word' id='word_1_422' title='bbox 1972 2855 2051 2910; x_wconf 83' lang='lat' dir='ltr'><strong>cis</strong></span> <span class='ocrx_word' id='word_1_423' title='bbox 2089 2864 2145 2910; x_wconf 91' lang='lat' dir='ltr'><strong>et</strong></span> <span class='ocrx_word' id='word_1_424' title='bbox 2196 2855 2443 2911; x_wconf 85' lang='lat' dir='ltr'><strong>barbaris</strong></span> <span class='ocrx_word' id='word_1_425' title='bbox 2488 2857 2821 2911; x_wconf 87' lang='lat' dir='ltr'><strong>restiterunt.</strong></span> <span class='ocrx_word' id='word_1_426' title='bbox 2873 2856 3018 2923; x_wconf 84' lang='lat' dir='ltr'><strong>Quas</strong></span> <span class='ocrx_word' id='word_1_427' title='bbox 3065 2862 3135 2912; x_wconf 92' lang='lat' dir='ltr'><strong>ob</strong></span> <span class='ocrx_word' id='word_1_428' title='bbox 3182 2874 3269 2914; x_wconf 91' lang='lat' dir='ltr'><strong>res</strong></span> <span class='ocrx_word' id='word_1_429' title='bbox 3311 2875 3376 2916; x_wconf 90' lang='lat' dir='ltr'><strong>eo</strong></span> <span class='ocrx_word' id='word_1_430' title='bbox 3424 2860 3546 2916; x_wconf 91' lang='lat' dir='ltr'><strong>loco</strong></span> 
     </span>
    </p>
   </div>
   <div class='ocr_carea' id='block_1_60' title="bbox 1973 2946 3546 3012">
    <p class='ocr_par' dir='ltr' id='par_1_60' title="bbox 1973 2946 3546 3012">
     <span class='ocr_line' id='line_1_60' title="bbox 1973 2946 3546 3012; baseline 0.004 -10"><span class='ocrx_word' id='word_1_431' title='bbox 1973 2956 2102 3002; x_wconf 89' lang='lat' dir='ltr'><strong>sunt</strong></span> <span class='ocrx_word' id='word_1_432' title='bbox 2133 2948 2202 3001; x_wconf 86' lang='lat' dir='ltr'><strong>ab</strong></span> <span class='ocrx_word' id='word_1_433' title='bbox 2224 2950 2479 3001; x_wconf 89' lang='lat' dir='ltr'><strong>omnibus</strong></span> <span class='ocrx_word' id='word_1_434' title='bbox 2516 2947 2711 3012; x_wconf 86' lang='lat' dir='ltr'><strong>habiti,</strong></span> <span class='ocrx_word' id='word_1_435' title='bbox 2754 2956 2814 3000; x_wconf 93' lang='lat' dir='ltr'><strong>ut</strong></span> <span class='ocrx_word' id='word_1_436' title='bbox 2882 2946 3011 3002; x_wconf 89' lang='lat' dir='ltr'><strong>urbs</strong></span> <span class='ocrx_word' id='word_1_437' title='bbox 3052 2948 3217 3003; x_wconf 80' lang='lat' dir='ltr'><strong>totius</strong></span> <span class='ocrx_word' id='word_1_438' title='bbox 3264 2952 3546 3009; x_wconf 83' lang='lat' dir='ltr'><strong>societatis</strong></span> 
     </span>
    </p>
   </div>
   <div class='ocr_carea' id='block_1_61' title="bbox 305 3038 1868 3138">
    <p class='ocr_par' dir='ltr' id='par_1_61' title="bbox 305 3042 1867 3114">
     <span class='ocr_line' id='line_1_61' title="bbox 305 3042 1867 3114; baseline -0.001 -17"><span class='ocrx_word' id='word_1_439' title='bbox 305 3043 572 3113; x_wconf 85' lang='grc' dir='ltr'>Ἑλλήνων</span> <span class='ocrx_word' id='word_1_440' title='bbox 625 3044 719 3096; x_wconf 75' lang='grc' dir='ltr'>καὶ</span> <span class='ocrx_word' id='word_1_441' title='bbox 745 3042 1039 3114; x_wconf 84' lang='grc' dir='ltr'>βαρϐάρων</span> <span class='ocrx_word' id='word_1_442' title='bbox 1071 3044 1405 3113; x_wconf 83' lang='grc' dir='ltr'>προστάντες</span> <span class='ocrx_word' id='word_1_443' title='bbox 1433 3042 1737 3096; x_wconf 80' lang='grc' dir='ltr'>ἐκώλυσαν.</span> <span class='ocrx_word' id='word_1_444' title='bbox 1780 3042 1867 3109; x_wconf 83' lang='grc' dir='ltr'><strong>Ἐξ</strong></span> 
     </span>
    </p>
   </div>
   <div class='ocr_carea' id='block_1_62' title="bbox 1970 3038 3536 3138">
    <p class='ocr_par' dir='ltr' id='par_1_62' title="bbox 1970 3038 3536 3109">
     <span class='ocr_line' id='line_1_62' title="bbox 1970 3038 3536 3109; baseline 0.004 -16"><span class='ocrx_word' id='word_1_445' title='bbox 1970 3041 2120 3093; x_wconf 86' lang='lat' dir='ltr'><strong>curia</strong></span> <span class='ocrx_word' id='word_1_446' title='bbox 2149 3040 2589 3094; x_wconf 90' lang='lat' dir='ltr'><strong>constitueretur.</strong></span> <span class='ocrx_word' id='word_1_447' title='bbox 2625 3038 2890 3094; x_wconf 74' lang='lat' dir='ltr'><strong>Praeterea</strong></span> <span class='ocrx_word' id='word_1_448' title='bbox 2917 3054 3095 3093; x_wconf 88' lang='lat' dir='ltr'><strong>utrum</strong></span> <span class='ocrx_word' id='word_1_449' title='bbox 3132 3042 3432 3109; x_wconf 88' lang='lat' dir='ltr'><strong>civitatem,</strong></span> <span class='ocrx_word' id='word_1_450' title='bbox 3462 3059 3536 3099; x_wconf 90' lang='lat' dir='ltr'><strong>an</strong></span> 
     </span>
    </p>
   </div>
   <div class='ocr_carea' id='block_1_63' title="bbox 292 3128 1871 3206">
    <p class='ocr_par' dir='ltr' id='par_1_63' title="bbox 292 3128 1871 3206">
     <span class='ocr_line' id='line_1_63' title="bbox 292 3128 1871 3206; baseline -0.002 -18"><span class='ocrx_word' id='word_1_451' title='bbox 292 3128 367 3188; x_wconf 81' lang='grc' dir='ltr'><strong>ὧν</strong></span> <span class='ocrx_word' id='word_1_452' title='bbox 396 3134 568 3198; x_wconf 80' lang='grc' dir='ltr'>οὕτως</span> <span class='ocrx_word' id='word_1_453' title='bbox 594 3135 697 3188; x_wconf 85' lang='grc' dir='ltr'><strong>ὑπὸ</strong></span> <span class='ocrx_word' id='word_1_454' title='bbox 725 3135 940 3188; x_wconf 82' lang='grc' dir='ltr'>πάντων</span> <span class='ocrx_word' id='word_1_455' title='bbox 968 3137 1014 3169; x_wconf 80' lang='grc'><strong>⁵⁸</strong></span> <span class='ocrx_word' id='word_1_456' title='bbox 1039 3136 1292 3206; x_wconf 82' lang='grc' dir='ltr'>ἑωρῶντο</span> <span class='ocrx_word' id='word_1_457' title='bbox 1326 3136 1392 3199; x_wconf 75' lang='grc'><strong>³³,</strong></span> <span class='ocrx_word' id='word_1_458' title='bbox 1417 3134 1558 3188; x_wconf 80' lang='grc' dir='ltr'>ὥστε</span> <span class='ocrx_word' id='word_1_459' title='bbox 1595 3136 1871 3204; x_wconf 84' lang='grc' dir='ltr'>καταστῆ-</span> 
     </span>
    </p>
   </div>
   <div class='ocr_carea' id='block_1_64' title="bbox 294 3226 1865 3297">
    <p class='ocr_par' dir='ltr' id='par_1_64' title="bbox 294 3226 1865 3297">
     <span class='ocr_line' id='line_1_64' title="bbox 294 3226 1865 3297; baseline -0.001 -16"><span class='ocrx_word' id='word_1_460' title='bbox 294 3246 384 3281; x_wconf 90' lang='grc' dir='ltr'><strong>ναι</strong></span> <span class='ocrx_word' id='word_1_461' title='bbox 424 3231 521 3297; x_wconf 79' lang='grc' dir='ltr'>τὴν</span> <span class='ocrx_word' id='word_1_462' title='bbox 577 3227 732 3280; x_wconf 80' lang='grc' dir='ltr'>πόλιν</span> <span class='ocrx_word' id='word_1_463' title='bbox 780 3227 1058 3297; x_wconf 87' lang='grc' dir='ltr'>συνέδριον</span> <span class='ocrx_word' id='word_1_464' title='bbox 1100 3228 1201 3295; x_wconf 88' lang='grc' dir='ltr'>τῆς</span> <span class='ocrx_word' id='word_1_465' title='bbox 1260 3226 1575 3296; x_wconf 84' lang='grc' dir='ltr'>συμμαχίας</span> <span class='ocrx_word' id='word_1_466' title='bbox 1629 3226 1865 3296; x_wconf 82' lang='grc' dir='ltr'>ἁπάσης.</span> 
     </span>
    </p>
   </div>
   <div class='ocr_carea' id='block_1_65' title="bbox 298 3315 1866 3389">
    <p class='ocr_par' dir='ltr' id='par_1_65' title="bbox 298 3315 1866 3389">
     <span class='ocr_line' id='line_1_65' title="bbox 298 3315 1866 3389; baseline -0.004 -17"><span class='ocrx_word' id='word_1_467' title='bbox 298 3318 420 3372; x_wconf 82' lang='grc' dir='ltr'><strong>Ἔτι</strong></span> <span class='ocrx_word' id='word_1_468' title='bbox 442 3320 486 3351; x_wconf 78' lang='grc'><strong>⁶⁰</strong></span> <span class='ocrx_word' id='word_1_469' title='bbox 515 3317 695 3371; x_wconf 87' lang='grc' dir='ltr'>τοίνυν</span> <span class='ocrx_word' id='word_1_470' title='bbox 734 3318 960 3389; x_wconf 89' lang='grc' dir='ltr'>πότερον</span> <span class='ocrx_word' id='word_1_471' title='bbox 987 3317 1086 3386; x_wconf 81' lang='grc' dir='ltr'>τῆς</span> <span class='ocrx_word' id='word_1_472' title='bbox 1133 3317 1341 3378; x_wconf 82' lang='grc' dir='ltr'>πόλεως</span> <span class='ocrx_word' id='word_1_473' title='bbox 1371 3316 1404 3384; x_wconf 82' lang='grc' dir='ltr'><strong>ἢ</strong></span> <span class='ocrx_word' id='word_1_474' title='bbox 1432 3317 1561 3387; x_wconf 67' lang='grc' dir='ltr'><strong>ωδε</strong></span> <span class='ocrx_word' id='word_1_475' title='bbox 1589 3315 1679 3387; x_wconf 84' lang='grc' dir='ltr'><strong>Η.]</strong></span> <span class='ocrx_word' id='word_1_476' title='bbox 1704 3316 1866 3367; x_wconf 65' lang='lat' dir='ltr'><strong>raw“</strong></span> 
     </span>
    </p>
   </div>
   <div class='ocr_carea' id='block_1_66' title="bbox 296 3404 1866 3479">
    <p class='ocr_par' dir='ltr' id='par_1_66' title="bbox 296 3404 1866 3479">
     <span class='ocr_line' id='line_1_66' title="bbox 296 3404 1866 3479; baseline -0.004 -18"><span class='ocrx_word' id='word_1_477' title='bbox 296 3409 618 3479; x_wconf 87' lang='grc' dir='ltr'>συμϐάντων</span> <span class='ocrx_word' id='word_1_478' title='bbox 650 3407 1049 3478; x_wconf 84' lang='grc' dir='ltr'>κατηγοροῦσιν</span> <span class='ocrx_word' id='word_1_479' title='bbox 1078 3422 1093 3470; x_wconf 88' lang='lat'><strong>;</strong></span> <span class='ocrx_word' id='word_1_480' title='bbox 1117 3407 1165 3457; x_wconf 85' lang='grc' dir='ltr'><strong>εί</strong></span> <span class='ocrx_word' id='word_1_481' title='bbox 1195 3406 1293 3475; x_wconf 80' lang='grc' dir='ltr'>μὲν</span> <span class='ocrx_word' id='word_1_482' title='bbox 1316 3406 1423 3473; x_wconf 82' lang='grc' dir='ltr'>γὰρ</span> <span class='ocrx_word' id='word_1_483' title='bbox 1449 3404 1549 3471; x_wconf 86' lang='grc' dir='ltr'>τῆς</span> <span class='ocrx_word' id='word_1_484' title='bbox 1569 3404 1773 3466; x_wconf 85' lang='grc' dir='ltr'>πόλεως</span> <span class='ocrx_word' id='word_1_485' title='bbox 1799 3406 1866 3467; x_wconf 72' lang='grc' dir='ltr'>θ’,</span> 
     </span>
    </p>
   </div>
   <div class='ocr_carea' id='block_1_67' title="bbox 292 3492 1869 3567">
    <p class='ocr_par' dir='ltr' id='par_1_67' title="bbox 292 3492 1869 3567">
     <span class='ocr_line' id='line_1_67' title="bbox 292 3492 1869 3567; baseline -0.004 -14"><span class='ocrx_word' id='word_1_486' title='bbox 292 3500 470 3563; x_wconf 71' lang='grc' dir='ltr'>οὖδέν,</span> <span class='ocrx_word' id='word_1_487' title='bbox 509 3500 584 3562; x_wconf 87' lang='grc' dir='ltr'>ὡς</span> <span class='ocrx_word' id='word_1_488' title='bbox 614 3499 780 3564; x_wconf 77' lang='grc' dir='ltr'>ἔοικε,</span> <span class='ocrx_word' id='word_1_489' title='bbox 804 3500 915 3551; x_wconf 84' lang='grc' dir='ltr'>τῶν</span> <span class='ocrx_word' id='word_1_490' title='bbox 958 3497 1231 3567; x_wconf 86' lang='grc' dir='ltr'>μεγίστων</span> <span class='ocrx_word' id='word_1_491' title='bbox 1262 3497 1603 3558; x_wconf 81' lang='grc' dir='ltr'>ἐπίστανται,</span> <span class='ocrx_word' id='word_1_492' title='bbox 1641 3492 1755 3547; x_wconf 84' lang='grc' dir='ltr'>ἀλλ’</span> <span class='ocrx_word' id='word_1_493' title='bbox 1778 3496 1869 3547; x_wconf 80' lang='grc' dir='ltr'><strong>ἐκο</strong></span> 
     </span>
    </p>
   </div>
   <div class='ocr_carea' id='block_1_68' title="bbox 296 3582 1869 3660">
    <p class='ocr_par' dir='ltr' id='par_1_68' title="bbox 296 3582 1869 3660">
     <span class='ocr_line' id='line_1_68' title="bbox 296 3582 1869 3660; baseline -0.005 -16"><span class='ocrx_word' id='word_1_494' title='bbox 296 3593 569 3660; x_wconf 78' lang='grc' dir='ltr'>πέφευγεν</span> <span class='ocrx_word' id='word_1_495' title='bbox 616 3591 813 3653; x_wconf 79' lang='grc' dir='ltr'>αὐτοὺς</span> <span class='ocrx_word' id='word_1_496' title='bbox 866 3590 960 3658; x_wconf 84' lang='grc' dir='ltr'><strong>ἀφ’</strong></span> <span class='ocrx_word' id='word_1_497' title='bbox 993 3582 1122 3656; x_wconf 80' lang='grc' dir='ltr'><strong>ὧνή</strong></span> <span class='ocrx_word' id='word_1_498' title='bbox 1166 3584 1318 3648; x_wconf 86' lang='grc' dir='ltr'>πόλις</span> <span class='ocrx_word' id='word_1_499' title='bbox 1350 3584 1695 3655; x_wconf 82' lang='grc' dir='ltr'>γνωρίζεται.</span> <span class='ocrx_word' id='word_1_500' title='bbox 1723 3586 1785 3637; x_wconf 83' lang='lat' dir='ltr'><strong>El</strong></span> <span class='ocrx_word' id='word_1_501' title='bbox 1811 3584 1869 3637; x_wconf 86' lang='grc' dir='ltr'><strong>δέ</strong></span> 
     </span>
    </p>
   </div>
   <div class='ocr_carea' id='block_1_69' title="bbox 292 3674 1868 3753">
    <p class='ocr_par' dir='ltr' id='par_1_69' title="bbox 292 3674 1868 3753">
     <span class='ocr_line' id='line_1_69' title="bbox 292 3674 1868 3753; baseline -0.008 -16"><span class='ocrx_word' id='word_1_502' title='bbox 292 3685 365 3737; x_wconf 85' lang='grc' dir='ltr'><strong>τὰ</strong></span> <span class='ocrx_word' id='word_1_503' title='bbox 384 3683 665 3753; x_wconf 86' lang='grc' dir='ltr'>συμϐάντα</span> <span class='ocrx_word' id='word_1_504' title='bbox 698 3684 1027 3752; x_wconf 83' lang='grc' dir='ltr'>μέμφονται,</span> <span class='ocrx_word' id='word_1_505' title='bbox 1057 3680 1154 3747; x_wconf 83' lang='grc' dir='ltr'>οὐχ</span> <span class='ocrx_word' id='word_1_506' title='bbox 1184 3678 1347 3748; x_wconf 82' lang='grc' dir='ltr'>ὃμοια</span> <span class='ocrx_word' id='word_1_507' title='bbox 1394 3678 1510 3738; x_wconf 85' lang='grc' dir='ltr'>τοῖς</span> <span class='ocrx_word' id='word_1_508' title='bbox 1558 3674 1762 3738; x_wconf 86' lang='grc' dir='ltr'>ἄλλοις,</span> <span class='ocrx_word' id='word_1_509' title='bbox 1793 3674 1868 3737; x_wconf 82' lang='grc' dir='ltr'>ὡς</span> 
     </span>
    </p>
   </div>
   <div class='ocr_carea' id='block_1_70' title="bbox 295 3763 1870 3841">
    <p class='ocr_par' dir='ltr' id='par_1_70' title="bbox 295 3763 1870 3841">
     <span class='ocr_line' id='line_1_70' title="bbox 295 3763 1870 3841; baseline -0.008 -14"><span class='ocrx_word' id='word_1_510' title='bbox 295 3774 491 3838; x_wconf 69' lang='grc' dir='ltr'>ἔοικεν,</span> <span class='ocrx_word' id='word_1_511' title='bbox 513 3770 591 3834; x_wconf 76' lang='grc' dir='ltr'>οἷς</span> <span class='ocrx_word' id='word_1_512' title='bbox 617 3772 899 3841; x_wconf 88' lang='grc' dir='ltr'>προείλετο</span> <span class='ocrx_word' id='word_1_513' title='bbox 920 3770 1007 3839; x_wconf 82' lang='grc' dir='ltr'><strong>⁶³ὴ</strong></span> <span class='ocrx_word' id='word_1_514' title='bbox 1032 3769 1185 3831; x_wconf 84' lang='grc' dir='ltr'>πόλις</span> <span class='ocrx_word' id='word_1_515' title='bbox 1203 3766 1534 3836; x_wconf 76' lang='grc' dir='ltr'>νομίζοντες,</span> <span class='ocrx_word' id='word_1_516' title='bbox 1555 3763 1697 3816; x_wconf 70' lang='grc' dir='ltr'>οὕτω</span> <span class='ocrx_word' id='word_1_517' title='bbox 1725 3764 1790 3833; x_wconf 83' lang='grc' dir='ltr'><strong>μέ</strong></span> <span class='ocrx_word' id='word_1_518' title='bbox 1800 3780 1870 3831; x_wconf 84' lang='grc' dir='ltr'>μ-</span> 
     </span>
    </p>
   </div>
   <div class='ocr_carea' id='block_1_71' title="bbox 295 3855 1871 3934">
    <p class='ocr_par' dir='ltr' id='par_1_71' title="bbox 295 3855 1871 3934">
     <span class='ocr_line' id='line_1_71' title="bbox 295 3855 1871 3934; baseline -0.008 -16"><span class='ocrx_word' id='word_1_519' title='bbox 295 3881 486 3934; x_wconf 74' lang='grc' dir='ltr'>φονται</span> <span class='ocrx_word' id='word_1_520' title='bbox 504 3864 671 3916; x_wconf 80' lang='grc' dir='ltr'>’ὥστε</span> <span class='ocrx_word' id='word_1_521' title='bbox 698 3862 758 3926; x_wconf 76' lang='grc' dir='ltr'>ἐξ</span> <span class='ocrx_word' id='word_1_522' title='bbox 779 3855 852 3915; x_wconf 82' lang='grc' dir='ltr'>ὧν</span> <span class='ocrx_word' id='word_1_523' title='bbox 868 3860 926 3913; x_wconf 82' lang='grc' dir='ltr'>τὸ</span> <span class='ocrx_word' id='word_1_524' title='bbox 952 3860 1181 3931; x_wconf 78' lang='grc' dir='ltr'>πρᾶγμα</span> <span class='ocrx_word' id='word_1_525' title='bbox 1222 3856 1504 3919; x_wconf 79' lang='grc' dir='ltr'>κακίζουσι</span> <span class='ocrx_word' id='word_1_526' title='bbox 1565 3855 1663 3925; x_wconf 84' lang='grc' dir='ltr'><strong>τὴν</strong></span> <span class='ocrx_word' id='word_1_527' title='bbox 1718 3855 1871 3908; x_wconf 83' lang='grc' dir='ltr'>πόλιν</span> 
     </span>
    </p>
   </div>
   <div class='ocr_carea' id='block_1_72' title="bbox 294 3948 1870 4027">
    <p class='ocr_par' dir='ltr' id='par_1_72' title="bbox 294 3948 1870 4027">
     <span class='ocr_line' id='line_1_72' title="bbox 294 3948 1870 4027; baseline -0.007 -17"><span class='ocrx_word' id='word_1_528' title='bbox 294 3957 753 4027; x_wconf 76' lang='grc' dir='ltr'>ἐγκωμιάζουσιν.</span> <span class='ocrx_word' id='word_1_529' title='bbox 818 3954 952 4006; x_wconf 87' lang='grc' dir='ltr'>Τότε</span> <span class='ocrx_word' id='word_1_530' title='bbox 1009 3952 1119 4022; x_wconf 84' lang='grc' dir='ltr'>γὰρ</span> <span class='ocrx_word' id='word_1_531' title='bbox 1176 3951 1345 4004; x_wconf 81' lang='grc' dir='ltr'>κακία</span> <span class='ocrx_word' id='word_1_532' title='bbox 1416 3949 1514 4002; x_wconf 69' lang='grc' dir='ltr'>καὶ</span> <span class='ocrx_word' id='word_1_533' title='bbox 1556 3949 1602 3981; x_wconf 72' lang='grc'>⁸⁸</span> <span class='ocrx_word' id='word_1_534' title='bbox 1662 3948 1870 4011; x_wconf 88' lang='grc' dir='ltr'>πόλεως</span> 
     </span>
    </p>
   </div>
   <div class='ocr_carea' id='block_1_73' title="bbox 293 4040 1871 4111">
    <p class='ocr_par' dir='ltr' id='par_1_73' title="bbox 293 4040 1871 4111">
     <span class='ocr_line' id='line_1_73' title="bbox 293 4040 1871 4111; baseline -0.006 -8"><span class='ocrx_word' id='word_1_535' title='bbox 293 4051 389 4103; x_wconf 76' lang='grc' dir='ltr'>καὶ</span> <span class='ocrx_word' id='word_1_536' title='bbox 417 4046 623 4101; x_wconf 72' lang='grc' dir='ltr'>ἰδιώτου</span> <span class='ocrx_word' id='word_1_537' title='bbox 674 4045 965 4105; x_wconf 81' lang='grc' dir='ltr'>δείκνυται,</span> <span class='ocrx_word' id='word_1_538' title='bbox 1018 4042 1200 4111; x_wconf 85' lang='grc' dir='ltr'>ὅτανῆ</span> <span class='ocrx_word' id='word_1_539' title='bbox 1234 4041 1369 4111; x_wconf 85' lang='grc' dir='ltr'>μόνα</span> <span class='ocrx_word' id='word_1_540' title='bbox 1399 4041 1442 4072; x_wconf 87' lang='grc'><strong>⁶¹</strong></span> <span class='ocrx_word' id='word_1_541' title='bbox 1488 4057 1565 4111; x_wconf 88' lang='grc' dir='ltr'>τῳ</span> <span class='ocrx_word' id='word_1_542' title='bbox 1595 4043 1770 4110; x_wconf 78' lang='grc' dir='ltr'>προσῇ</span> <span class='ocrx_word' id='word_1_543' title='bbox 1803 4040 1871 4093; x_wconf 85' lang='grc' dir='ltr'>τὰ</span> 
     </span>
    </p>
   </div>
   <div class='ocr_carea' id='block_1_74' title="bbox 298 4131 1873 4209">
    <p class='ocr_par' dir='ltr' id='par_1_74' title="bbox 298 4131 1873 4209">
     <span class='ocr_line' id='line_1_74' title="bbox 298 4131 1873 4209; baseline -0.007 -16"><span class='ocrx_word' id='word_1_544' title='bbox 298 4140 521 4194; x_wconf 78' lang='grc' dir='ltr'>ὑπαίτια</span> <span class='ocrx_word' id='word_1_545' title='bbox 540 4139 606 4207; x_wconf 73' lang='grc'><strong>⁸⁸,</strong></span> <span class='ocrx_word' id='word_1_546' title='bbox 636 4138 668 4209; x_wconf 79' lang='grc' dir='ltr'>ἢ</span> <span class='ocrx_word' id='word_1_547' title='bbox 693 4136 862 4190; x_wconf 84' lang='grc' dir='ltr'>πλείω</span> <span class='ocrx_word' id='word_1_548' title='bbox 889 4136 957 4188; x_wconf 84' lang='grc' dir='ltr'>τὰ</span> <span class='ocrx_word' id='word_1_549' title='bbox 976 4134 1155 4203; x_wconf 80' lang='grc' dir='ltr'>φαῦλα</span> <span class='ocrx_word' id='word_1_550' title='bbox 1170 4134 1279 4186; x_wconf 82' lang='grc' dir='ltr'><strong>τῶν</strong></span> <span class='ocrx_word' id='word_1_551' title='bbox 1299 4132 1556 4185; x_wconf 79' lang='grc' dir='ltr'>ἐπιεικῶν</span> <span class='ocrx_word' id='word_1_552' title='bbox 1572 4131 1767 4201; x_wconf 83' lang='grc' dir='ltr'>ἐλέγχῃ</span> <span class='ocrx_word' id='word_1_553' title='bbox 1788 4148 1873 4193; x_wconf 85' lang='grc' dir='ltr'><strong>τις</strong></span> 
     </span>
    </p>
   </div>
   <div class='ocr_carea' id='block_1_75' title="bbox 297 4223 1870 4302">
    <p class='ocr_par' dir='ltr' id='par_1_75' title="bbox 297 4223 1870 4302">
     <span class='ocr_line' id='line_1_75' title="bbox 297 4223 1870 4302; baseline -0.006 -17"><span class='ocrx_word' id='word_1_554' title='bbox 297 4232 332 4301; x_wconf 74' lang='grc' dir='ltr'>ἢ</span> <span class='ocrx_word' id='word_1_555' title='bbox 396 4231 567 4302; x_wconf 83' lang='grc' dir='ltr'>μείζω</span> <span class='ocrx_word' id='word_1_556' title='bbox 592 4246 607 4261; x_wconf 90' lang='grc'><strong>·</strong></span> <span class='ocrx_word' id='word_1_557' title='bbox 650 4227 998 4298; x_wconf 79' lang='grc' dir='ltr'>προσκείσθω</span> <span class='ocrx_word' id='word_1_558' title='bbox 1044 4226 1089 4257; x_wconf 83' lang='grc'><strong>⁸⁷</strong></span> <span class='ocrx_word' id='word_1_559' title='bbox 1123 4225 1253 4295; x_wconf 87' lang='grc' dir='ltr'>γάρ.</span> <span class='ocrx_word' id='word_1_560' title='bbox 1290 4226 1456 4276; x_wconf 86' lang='grc' dir='ltr'>Ὅταν</span> <span class='ocrx_word' id='word_1_561' title='bbox 1478 4224 1521 4276; x_wconf 89' lang='grc' dir='ltr'>δ’</span> <span class='ocrx_word' id='word_1_562' title='bbox 1543 4224 1586 4256; x_wconf 77' lang='grc'>⁸⁸</span> <span class='ocrx_word' id='word_1_563' title='bbox 1603 4223 1870 4287; x_wconf 76' lang='grc' dir='ltr'>ἐξετάζων</span> 
     </span>
    </p>
   </div>
   <div class='ocr_carea' id='block_1_76' title="bbox 298 4308 1870 4391">
    <p class='ocr_par' dir='ltr' id='par_1_76' title="bbox 298 4308 1870 4391">
     <span class='ocr_line' id='line_1_76' title="bbox 298 4308 1870 4391; baseline -0.008 -13"><span class='ocrx_word' id='word_1_564' title='bbox 298 4325 388 4378; x_wconf 85' lang='grc' dir='ltr'>διὰ</span> <span class='ocrx_word' id='word_1_565' title='bbox 408 4325 622 4378; x_wconf 89' lang='grc' dir='ltr'>πάντων</span> <span class='ocrx_word' id='word_1_566' title='bbox 641 4322 756 4384; x_wconf 83' lang='grc' dir='ltr'>ἐνὸς</span> <span class='ocrx_word' id='word_1_567' title='bbox 776 4321 809 4391; x_wconf 86' lang='grc' dir='ltr'>ἢ</span> <span class='ocrx_word' id='word_1_568' title='bbox 828 4322 970 4373; x_wconf 85' lang='grc' dir='ltr'>δυεῖν</span> <span class='ocrx_word' id='word_1_569' title='bbox 989 4319 1261 4389; x_wconf 80' lang='grc' dir='ltr'>λαμϐάνῃ,</span> <span class='ocrx_word' id='word_1_570' title='bbox 1274 4317 1502 4385; x_wconf 79' lang='grc' dir='ltr'>λέληθας</span> <span class='ocrx_word' id='word_1_571' title='bbox 1529 4314 1763 4368; x_wconf 77' lang='grc' dir='ltr'>ἐπαινῶν</span> <span class='ocrx_word' id='word_1_572' title='bbox 1790 4308 1870 4377; x_wconf 75' lang='grc' dir='ltr'>οἷς</span> 
     </span>
    </p>
   </div>
   <div class='ocr_carea' id='block_1_77' title="bbox 1973 3130 3541 3200">
    <p class='ocr_par' dir='ltr' id='par_1_77' title="bbox 1973 3130 3541 3200">
     <span class='ocr_line' id='line_1_77' title="bbox 1973 3130 3541 3200; baseline 0.001 -18"><span class='ocrx_word' id='word_1_573' title='bbox 1973 3130 2179 3183; x_wconf 67' lang='lat' dir='ltr'><strong>hedera</strong></span> <span class='ocrx_word' id='word_1_574' title='bbox 2212 3130 2648 3197; x_wconf 83' lang='lat' dir='ltr'><strong>reprehendunt?</strong></span> <span class='ocrx_word' id='word_1_575' title='bbox 2672 3130 2728 3184; x_wconf 91' lang='lat' dir='ltr'><strong>Si</strong></span> <span class='ocrx_word' id='word_1_576' title='bbox 2762 3133 2905 3185; x_wconf 87' lang='lat' dir='ltr'><strong>enim</strong></span> <span class='ocrx_word' id='word_1_577' title='bbox 2942 3132 3218 3187; x_wconf 83' lang='lat' dir='ltr'><strong>civitatem</strong></span> <span class='ocrx_word' id='word_1_578' title='bbox 3258 3145 3541 3200; x_wconf 83' lang='lat' dir='ltr'><strong>accusant,</strong></span> 
     </span>
    </p>
   </div>
   <div class='ocr_carea' id='block_1_78' title="bbox 1970 3219 3544 3290">
    <p class='ocr_par' dir='ltr' id='par_1_78' title="bbox 1970 3219 3544 3290">
     <span class='ocr_line' id='line_1_78' title="bbox 1970 3219 3544 3290; baseline 0.003 -17"><span class='ocrx_word' id='word_1_579' title='bbox 1970 3219 2105 3273; x_wconf 90' lang='lat' dir='ltr'><strong>nihil</strong></span> <span class='ocrx_word' id='word_1_580' title='bbox 2158 3219 2224 3274; x_wconf 88' lang='lat' dir='ltr'><strong>de</strong></span> <span class='ocrx_word' id='word_1_581' title='bbox 2276 3222 2435 3274; x_wconf 86' lang='lat' dir='ltr'><strong>rebus</strong></span> <span class='ocrx_word' id='word_1_582' title='bbox 2500 3220 2771 3286; x_wconf 81' lang='lat' dir='ltr'><strong>maximis,</strong></span> <span class='ocrx_word' id='word_1_583' title='bbox 2826 3220 3019 3290; x_wconf 60' lang='lat' dir='ltr'><strong>406i:</strong></span> <span class='ocrx_word' id='word_1_584' title='bbox 3080 3238 3110 3273; x_wconf 85' lang='lat' dir='ltr'><strong>a</strong></span> <span class='ocrx_word' id='word_1_585' title='bbox 3163 3224 3360 3290; x_wconf 89' lang='lat' dir='ltr'><strong>quibus</strong></span> <span class='ocrx_word' id='word_1_586' title='bbox 3412 3226 3544 3277; x_wconf 91' lang='lat' dir='ltr'><strong>urbs</strong></span> 
     </span>
    </p>
   </div>
   <div class='ocr_carea' id='block_1_79' title="bbox 1970 3310 3545 3383">
    <p class='ocr_par' dir='ltr' id='par_1_79' title="bbox 1970 3310 3545 3383">
     <span class='ocr_line' id='line_1_79' title="bbox 1970 3310 3545 3383; baseline 0.003 -19"><span class='ocrx_word' id='word_1_587' title='bbox 1970 3311 2295 3374; x_wconf 87' lang='lat' dir='ltr'><strong>celebratur,</strong></span> <span class='ocrx_word' id='word_1_588' title='bbox 2322 3314 2573 3365; x_wconf 87' lang='lat' dir='ltr'><strong>videntur</strong></span> <span class='ocrx_word' id='word_1_589' title='bbox 2603 3326 2963 3377; x_wconf 82' lang='lat' dir='ltr'><strong>cognoscere;</strong></span> <span class='ocrx_word' id='word_1_590' title='bbox 2990 3314 3071 3366; x_wconf 88' lang='lat' dir='ltr'><strong>sin</strong></span> <span class='ocrx_word' id='word_1_591' title='bbox 3100 3310 3325 3378; x_wconf 70' lang='lat' dir='ltr'><strong>fmdera,</strong></span> <span class='ocrx_word' id='word_1_592' title='bbox 3357 3314 3545 3383; x_wconf 83' lang='lat' dir='ltr'><strong>utique</strong></span> 
     </span>
    </p>
   </div>
   <div class='ocr_carea' id='block_1_80' title="bbox 1971 3401 3540 3472">
    <p class='ocr_par' dir='ltr' id='par_1_80' title="bbox 1971 3401 3540 3472">
     <span class='ocr_line' id='line_1_80' title="bbox 1971 3401 3540 3472; baseline 0.005 -19"><span class='ocrx_word' id='word_1_593' title='bbox 1971 3401 2093 3454; x_wconf 92' lang='lat' dir='ltr'><strong>aliis</strong></span> <span class='ocrx_word' id='word_1_594' title='bbox 2118 3415 2178 3454; x_wconf 90' lang='lat' dir='ltr'><strong>ea</strong></span> <span class='ocrx_word' id='word_1_595' title='bbox 2211 3402 2499 3455; x_wconf 84' lang='lat' dir='ltr'><strong>dissimilia</strong></span> <span class='ocrx_word' id='word_1_596' title='bbox 2526 3402 2769 3468; x_wconf 76' lang='lat' dir='ltr'><strong>iudicant</strong></span> <span class='ocrx_word' id='word_1_597' title='bbox 2802 3422 2815 3457; x_wconf 92' lang='lat'>:</span> <span class='ocrx_word' id='word_1_598' title='bbox 2859 3404 3040 3471; x_wconf 81' lang='lat' dir='ltr'><strong>itaque</strong></span> <span class='ocrx_word' id='word_1_599' title='bbox 3074 3404 3153 3469; x_wconf 90' lang='lat' dir='ltr'><strong>lit,</strong></span> <span class='ocrx_word' id='word_1_600' title='bbox 3198 3415 3255 3457; x_wconf 90' lang='lat' dir='ltr'><strong>ut</strong></span> <span class='ocrx_word' id='word_1_601' title='bbox 3300 3406 3441 3472; x_wconf 88' lang='lat' dir='ltr'><strong>quod</strong></span> <span class='ocrx_word' id='word_1_602' title='bbox 3484 3407 3540 3461; x_wconf 87' lang='lat' dir='ltr'><strong>in</strong></span> 
     </span>
    </p>
   </div>
   <div class='ocr_carea' id='block_1_81' title="bbox 1969 3493 3538 3563">
    <p class='ocr_par' dir='ltr' id='par_1_81' title="bbox 1969 3493 3538 3563">
     <span class='ocr_line' id='line_1_81' title="bbox 1969 3493 3538 3563; baseline 0.006 -19"><span class='ocrx_word' id='word_1_603' title='bbox 1969 3494 2297 3563; x_wconf 90' lang='lat' dir='ltr'><strong>vituperium</strong></span> <span class='ocrx_word' id='word_1_604' title='bbox 2330 3493 2405 3547; x_wconf 85' lang='lat' dir='ltr'><strong>rei</strong></span> <span class='ocrx_word' id='word_1_605' title='bbox 2433 3493 2710 3562; x_wconf 86' lang='lat' dir='ltr'><strong>proferunt</strong></span> <span class='ocrx_word' id='word_1_606' title='bbox 2733 3530 2748 3556; x_wconf 93' lang='lat'><strong>,</strong></span> <span class='ocrx_word' id='word_1_607' title='bbox 2784 3509 2848 3549; x_wconf 88' lang='lat' dir='ltr'><strong>eo</strong></span> <span class='ocrx_word' id='word_1_608' title='bbox 2887 3496 3103 3548; x_wconf 83' lang='lat' dir='ltr'><strong>laudent</strong></span> <span class='ocrx_word' id='word_1_609' title='bbox 3155 3498 3361 3551; x_wconf 87' lang='lat' dir='ltr'><strong>urbem.</strong></span> <span class='ocrx_word' id='word_1_610' title='bbox 3404 3497 3538 3553; x_wconf 83' lang='lat' dir='ltr'><strong>Nam</strong></span> 
     </span>
    </p>
   </div>
   <div class='ocr_carea' id='block_1_82' title="bbox 1968 3585 3541 3653">
    <p class='ocr_par' dir='ltr' id='par_1_82' title="bbox 1968 3585 3541 3653">
     <span class='ocr_line' id='line_1_82' title="bbox 1968 3585 3541 3653; baseline 0.002 -13"><span class='ocrx_word' id='word_1_611' title='bbox 1968 3593 2025 3640; x_wconf 84' lang='lat' dir='ltr'><strong>et</strong></span> <span class='ocrx_word' id='word_1_612' title='bbox 2070 3585 2307 3639; x_wconf 80' lang='lat' dir='ltr'><strong>civitatis</strong></span> <span class='ocrx_word' id='word_1_613' title='bbox 2336 3596 2392 3640; x_wconf 90' lang='lat' dir='ltr'><strong>et</strong></span> <span class='ocrx_word' id='word_1_614' title='bbox 2436 3586 2674 3640; x_wconf 89' lang='lat' dir='ltr'><strong>hominis</strong></span> <span class='ocrx_word' id='word_1_615' title='bbox 2719 3587 2958 3653; x_wconf 82' lang='lat' dir='ltr'><strong>cujusvis</strong></span> <span class='ocrx_word' id='word_1_616' title='bbox 2980 3588 3168 3640; x_wconf 82' lang='lat' dir='ltr'><strong>vitium</strong></span> <span class='ocrx_word' id='word_1_617' title='bbox 3213 3588 3281 3640; x_wconf 85' lang='lat' dir='ltr'><strong>ita</strong></span> <span class='ocrx_word' id='word_1_618' title='bbox 3323 3590 3541 3643; x_wconf 86' lang='lat' dir='ltr'><strong>demum</strong></span> 
     </span>
    </p>
   </div>
   <div class='ocr_carea' id='block_1_83' title="bbox 1970 3677 3537 3750">
    <p class='ocr_par' dir='ltr' id='par_1_83' title="bbox 1970 3677 3537 3750">
     <span class='ocr_line' id='line_1_83' title="bbox 1970 3677 3537 3750; baseline 0.001 -17"><span class='ocrx_word' id='word_1_619' title='bbox 1970 3677 2339 3746; x_wconf 91' lang='lat' dir='ltr'><strong>c0guoscitur,</strong></span> <span class='ocrx_word' id='word_1_620' title='bbox 2370 3678 2416 3733; x_wconf 91' lang='lat' dir='ltr'><strong>si</strong></span> <span class='ocrx_word' id='word_1_621' title='bbox 2455 3678 2594 3733; x_wconf 88' lang='lat' dir='ltr'><strong>mala</strong></span> <span class='ocrx_word' id='word_1_622' title='bbox 2620 3679 2673 3732; x_wconf 92' lang='lat' dir='ltr'><strong>iu</strong></span> <span class='ocrx_word' id='word_1_623' title='bbox 2699 3693 2763 3733; x_wconf 90' lang='lat' dir='ltr'><strong>eo</strong></span> <span class='ocrx_word' id='word_1_624' title='bbox 2787 3680 2869 3733; x_wconf 90' lang='lat' dir='ltr'><strong>vel</strong></span> <span class='ocrx_word' id='word_1_625' title='bbox 2904 3679 3041 3744; x_wconf 84' lang='lat' dir='ltr'><strong>sola,</strong></span> <span class='ocrx_word' id='word_1_626' title='bbox 3073 3680 3153 3733; x_wconf 89' lang='lat' dir='ltr'><strong>vel</strong></span> <span class='ocrx_word' id='word_1_627' title='bbox 3182 3680 3335 3734; x_wconf 79' lang='lat' dir='ltr'><strong>bonis</strong></span> <span class='ocrx_word' id='word_1_628' title='bbox 3363 3682 3537 3750; x_wconf 88' lang='lat' dir='ltr'><strong>plura,</strong></span> 
     </span>
    </p>
   </div>
   <div class='ocr_carea' id='block_1_84' title="bbox 1972 3770 3537 3840">
    <p class='ocr_par' dir='ltr' id='par_1_84' title="bbox 1972 3770 3537 3840">
     <span class='ocr_line' id='line_1_84' title="bbox 1972 3770 3537 3840; baseline 0.002 -17"><span class='ocrx_word' id='word_1_629' title='bbox 1972 3779 2067 3824; x_wconf 87' lang='lat' dir='ltr'><strong>aut</strong></span> <span class='ocrx_word' id='word_1_630' title='bbox 2110 3770 2313 3838; x_wconf 84' lang='lat' dir='ltr'><strong>majora</strong></span> <span class='ocrx_word' id='word_1_631' title='bbox 2361 3770 2515 3838; x_wconf 90' lang='lat' dir='ltr'><strong>(utet</strong></span> <span class='ocrx_word' id='word_1_632' title='bbox 2548 3771 2647 3823; x_wconf 90' lang='lat' dir='ltr'><strong>hoc</strong></span> <span class='ocrx_word' id='word_1_633' title='bbox 2680 3770 3022 3839; x_wconf 85' lang='lat' dir='ltr'><strong>adjiciamus)</strong></span> <span class='ocrx_word' id='word_1_634' title='bbox 3066 3780 3379 3826; x_wconf 75' lang='lat' dir='ltr'><strong>cernuntur.</strong></span> <span class='ocrx_word' id='word_1_635' title='bbox 3436 3773 3537 3840; x_wconf 92' lang='lat' dir='ltr'><strong>Qui</strong></span> 
     </span>
    </p>
   </div>
   <div class='ocr_carea' id='block_1_85' title="bbox 1969 3862 3537 3930">
    <p class='ocr_par' dir='ltr' id='par_1_85' title="bbox 1969 3862 3537 3930">
     <span class='ocr_line' id='line_1_85' title="bbox 1969 3862 3537 3930; baseline 0.002 -17"><span class='ocrx_word' id='word_1_636' title='bbox 1969 3872 2149 3918; x_wconf 85' lang='lat' dir='ltr'><strong>autem</strong></span> <span class='ocrx_word' id='word_1_637' title='bbox 2176 3862 2427 3915; x_wconf 85' lang='lat' dir='ltr'><strong>omnibus</strong></span> <span class='ocrx_word' id='word_1_638' title='bbox 2456 3862 2800 3924; x_wconf 79' lang='lat' dir='ltr'><strong>examinatis,</strong></span> <span class='ocrx_word' id='word_1_639' title='bbox 2826 3877 2989 3914; x_wconf 91' lang='lat' dir='ltr'><strong>unum</strong></span> <span class='ocrx_word' id='word_1_640' title='bbox 3014 3862 3239 3930; x_wconf 83' lang='lat' dir='ltr'><strong>aliquid,</strong></span> <span class='ocrx_word' id='word_1_641' title='bbox 3276 3872 3371 3915; x_wconf 88' lang='lat' dir='ltr'><strong>aut</strong></span> <span class='ocrx_word' id='word_1_642' title='bbox 3408 3864 3537 3916; x_wconf 78' lang='lat' dir='ltr'><strong>item</strong></span> 
     </span>
    </p>
   </div>
   <div class='ocr_carea' id='block_1_86' title="bbox 1970 3951 3649 4019">
    <p class='ocr_par' dir='ltr' id='par_1_86' title="bbox 1970 3951 3649 4019">
     <span class='ocr_line' id='line_1_86' title="bbox 1970 3951 3649 4019; baseline 0.001 -16"><span class='ocrx_word' id='word_1_643' title='bbox 1970 3952 2199 4005; x_wconf 89' lang='lat' dir='ltr'><strong>alterum</strong></span> <span class='ocrx_word' id='word_1_644' title='bbox 2234 3952 2657 4019; x_wconf 85' lang='lat' dir='ltr'><strong>reprehendunt,</strong></span> <span class='ocrx_word' id='word_1_645' title='bbox 2696 3951 2729 4003; x_wconf 89' lang='lat' dir='ltr'><strong>ii</strong></span> <span class='ocrx_word' id='word_1_646' title='bbox 2769 3951 2989 4019; x_wconf 83' lang='lat' dir='ltr'><strong>reliquis</strong></span> <span class='ocrx_word' id='word_1_647' title='bbox 3022 3953 3336 4006; x_wconf 84' lang='lat' dir='ltr'><strong>omittendis</strong></span> <span class='ocrx_word' id='word_1_648' title='bbox 3380 3955 3541 4006; x_wconf 85' lang='lat' dir='ltr'><strong>tacite</strong></span> <span class='ocrx_word' id='word_1_649' title='bbox 3640 3984 3649 3987; x_wconf 97' lang='lat'><strong><em>-</em></strong></span> 
     </span>
    </p>
   </div>
   <div class='ocr_carea' id='block_1_87' title="bbox 1971 4042 3545 4110">
    <p class='ocr_par' dir='ltr' id='par_1_87' title="bbox 1971 4042 3545 4110">
     <span class='ocr_line' id='line_1_87' title="bbox 1971 4042 3545 4110; baseline 0.004 -16"><span class='ocrx_word' id='word_1_650' title='bbox 1971 4042 2198 4096; x_wconf 88' lang='lat' dir='ltr'><strong>laudant</strong></span> <span class='ocrx_word' id='word_1_651' title='bbox 2241 4043 2541 4110; x_wconf 71' lang='lat' dir='ltr'><strong>praesertim</strong></span> <span class='ocrx_word' id='word_1_652' title='bbox 2588 4043 2633 4096; x_wconf 88' lang='lat' dir='ltr'><strong>si</strong></span> <span class='ocrx_word' id='word_1_653' title='bbox 2685 4057 2788 4095; x_wconf 87' lang='lat' dir='ltr'><strong>nou</strong></span> <span class='ocrx_word' id='word_1_654' title='bbox 2839 4046 2907 4096; x_wconf 90' lang='lat' dir='ltr'><strong>de</strong></span> <span class='ocrx_word' id='word_1_655' title='bbox 2965 4044 3203 4107; x_wconf 89' lang='lat' dir='ltr'><strong>homine,</strong></span> <span class='ocrx_word' id='word_1_656' title='bbox 3240 4058 3425 4097; x_wconf 90' lang='lat' dir='ltr'><strong>verum</strong></span> <span class='ocrx_word' id='word_1_657' title='bbox 3474 4046 3545 4100; x_wconf 89' lang='lat' dir='ltr'><strong>de</strong></span> 
     </span>
    </p>
   </div>
   <div class='ocr_carea' id='block_1_88' title="bbox 1971 4133 3540 4204">
    <p class='ocr_par' dir='ltr' id='par_1_88' title="bbox 1971 4133 3540 4204">
     <span class='ocr_line' id='line_1_88' title="bbox 1971 4133 3540 4204; baseline 0.001 -17"><span class='ocrx_word' id='word_1_658' title='bbox 1971 4134 2216 4196; x_wconf 71' lang='lat' dir='ltr'><strong>civitate,</strong></span> <span class='ocrx_word' id='word_1_659' title='bbox 2252 4148 2426 4203; x_wconf 86' lang='lat' dir='ltr'><strong>eaque</strong></span> <span class='ocrx_word' id='word_1_660' title='bbox 2468 4136 2632 4187; x_wconf 88' lang='lat' dir='ltr'><strong>totius</strong></span> <span class='ocrx_word' id='word_1_661' title='bbox 2673 4133 2896 4189; x_wconf 64' lang='lat' dir='ltr'><strong>Grmcim</strong></span> <span class='ocrx_word' id='word_1_662' title='bbox 2931 4137 3327 4203; x_wconf 84' lang='lat' dir='ltr'><strong>antiquissima,</strong></span> <span class='ocrx_word' id='word_1_663' title='bbox 3365 4136 3540 4204; x_wconf 79' lang='lat' dir='ltr'><strong>pluri-</strong></span> 
     </span>
    </p>
   </div>
   <div class='ocr_carea' id='block_1_89' title="bbox 1974 4226 3537 4297">
    <p class='ocr_par' dir='ltr' id='par_1_89' title="bbox 1974 4226 3537 4297">
     <span class='ocr_line' id='line_1_89' title="bbox 1974 4226 3537 4297; baseline 0.004 -20"><span class='ocrx_word' id='word_1_664' title='bbox 1974 4226 2185 4294; x_wconf 81' lang='lat' dir='ltr'><strong>misque</strong></span> <span class='ocrx_word' id='word_1_665' title='bbox 2220 4226 2376 4279; x_wconf 90' lang='lat' dir='ltr'><strong>rebus</strong></span> <span class='ocrx_word' id='word_1_666' title='bbox 2408 4227 2668 4293; x_wconf 71' lang='lat' dir='ltr'><strong>praeclare</strong></span> <span class='ocrx_word' id='word_1_667' title='bbox 2701 4228 2867 4294; x_wconf 85' lang='lat' dir='ltr'><strong>gestis</strong></span> <span class='ocrx_word' id='word_1_668' title='bbox 2891 4228 3241 4282; x_wconf 84' lang='lat' dir='ltr'><strong>celeberrima</strong></span> <span class='ocrx_word' id='word_1_669' title='bbox 3275 4230 3537 4297; x_wconf 84' lang='lat' dir='ltr'><strong>judicium</strong></span> 
     </span>
    </p>
   </div>
   <div class='ocr_carea' id='block_1_90' title="bbox 1973 4316 3538 4387">
    <p class='ocr_par' dir='ltr' id='par_1_90' title="bbox 1973 4316 3538 4387">
     <span class='ocr_line' id='line_1_90' title="bbox 1973 4316 3538 4387; baseline 0.003 -18"><span class='ocrx_word' id='word_1_670' title='bbox 1973 4316 2085 4372; x_wconf 86' lang='lat' dir='ltr'><strong>ﬁat.</strong></span> <span class='ocrx_word' id='word_1_671' title='bbox 2126 4318 2295 4371; x_wconf 85' lang='lat' dir='ltr'><strong>Omne</strong></span> <span class='ocrx_word' id='word_1_672' title='bbox 2320 4319 2463 4371; x_wconf 89' lang='lat' dir='ltr'><strong>enim</strong></span> <span class='ocrx_word' id='word_1_673' title='bbox 2510 4318 2795 4386; x_wconf 88' lang='lat' dir='ltr'><strong>imperium</strong></span> <span class='ocrx_word' id='word_1_674' title='bbox 2831 4332 2860 4371; x_wconf 88' lang='lat' dir='ltr'><strong>a</strong></span> <span class='ocrx_word' id='word_1_675' title='bbox 2916 4320 3309 4387; x_wconf 84' lang='lat' dir='ltr'><strong>potentioribus</strong></span> <span class='ocrx_word' id='word_1_676' title='bbox 3348 4331 3538 4374; x_wconf 88' lang='lat' dir='ltr'><strong>contra</strong></span> 
     </span>
    </p>
   </div>
   <div class='ocr_carea' id='block_1_91' title="bbox 298 4406 1868 4487">
    <p class='ocr_par' dir='ltr' id='par_1_91' title="bbox 298 4406 1865 4487">
     <span class='ocr_line' id='line_1_91' title="bbox 298 4406 1865 4487; baseline -0.007 -17"><span class='ocrx_word' id='word_1_677' title='bbox 298 4416 479 4487; x_wconf 80' lang='grc' dir='ltr'>ἀφίης,</span> <span class='ocrx_word' id='word_1_678' title='bbox 509 4416 680 4478; x_wconf 84' lang='grc' dir='ltr'>άλλως</span> <span class='ocrx_word' id='word_1_679' title='bbox 698 4430 756 4467; x_wconf 88' lang='grc' dir='ltr'><strong>τε</strong></span> <span class='ocrx_word' id='word_1_680' title='bbox 777 4414 821 4463; x_wconf 49' lang='grc' dir='ltr'><strong>⁸⁸η</strong></span> <span class='ocrx_word' id='word_1_681' title='bbox 842 4414 889 4465; x_wconf 86' lang='grc' dir='ltr'><strong>εί</strong></span> <span class='ocrx_word' id='word_1_682' title='bbox 906 4412 1028 4482; x_wconf 79' lang='grc' dir='ltr'>μηδ’</span> <span class='ocrx_word' id='word_1_683' title='bbox 1046 4410 1257 4463; x_wconf 78' lang='grc' dir='ltr'>ἰδιώτου</span> <span class='ocrx_word' id='word_1_684' title='bbox 1287 4411 1413 4478; x_wconf 83' lang='grc' dir='ltr'>ποιῇ</span> <span class='ocrx_word' id='word_1_685' title='bbox 1430 4408 1528 4476; x_wconf 82' lang='grc' dir='ltr'>τὴν</span> <span class='ocrx_word' id='word_1_686' title='bbox 1544 4406 1742 4476; x_wconf 84' lang='grc' dir='ltr'>κρίσιν,</span> <span class='ocrx_word' id='word_1_687' title='bbox 1773 4407 1865 4459; x_wconf 81' lang='grc' dir='ltr'>άλ-</span> 
     </span>
    </p>
   </div>
   <div class='ocr_carea' id='block_1_92' title="bbox 1970 4406 3542 4487">
    <p class='ocr_par' dir='ltr' id='par_1_92' title="bbox 1972 4410 3542 4481">
     <span class='ocr_line' id='line_1_92' title="bbox 1972 4410 3542 4481; baseline 0.002 -19"><span class='ocrx_word' id='word_1_688' title='bbox 1972 4411 2244 4480; x_wconf 68' lang='grc' dir='ltr'>ωίιυὶιοιίε</span> <span class='ocrx_word' id='word_1_689' title='bbox 2290 4411 2458 4481; x_wconf 84' lang='lat' dir='ltr'><strong>legem</strong></span> <span class='ocrx_word' id='word_1_690' title='bbox 2507 4421 2813 4464; x_wconf 85' lang='lat' dir='ltr'><strong>exercetur.</strong></span> <span class='ocrx_word' id='word_1_691' title='bbox 2867 4410 3151 4475; x_wconf 85' lang='lat' dir='ltr'><strong>Quomodo</strong></span> <span class='ocrx_word' id='word_1_692' title='bbox 3193 4411 3393 4477; x_wconf 85' lang='lat' dir='ltr'><strong>alioqui</strong></span> <span class='ocrx_word' id='word_1_693' title='bbox 3448 4422 3542 4466; x_wconf 89' lang='lat' dir='ltr'><strong>aut</strong></span> 
     </span>
    </p>
   </div>
   <div class='ocr_carea' id='block_1_93' title="bbox 297 4499 1870 4577">
    <p class='ocr_par' dir='ltr' id='par_1_93' title="bbox 297 4499 1870 4577">
     <span class='ocr_line' id='line_1_93' title="bbox 297 4499 1870 4577; baseline -0.007 -13"><span class='ocrx_word' id='word_1_694' title='bbox 297 4511 366 4564; x_wconf 84' lang='grc' dir='ltr'>λὰ</span> <span class='ocrx_word' id='word_1_695' title='bbox 381 4512 607 4573; x_wconf 87' lang='grc' dir='ltr'>πόλεως,</span> <span class='ocrx_word' id='word_1_696' title='bbox 624 4510 717 4562; x_wconf 80' lang='grc' dir='ltr'>καὶ</span> <span class='ocrx_word' id='word_1_697' title='bbox 744 4508 945 4577; x_wconf 85' lang='grc' dir='ltr'>ταύτης</span> <span class='ocrx_word' id='word_1_698' title='bbox 972 4506 1020 4537; x_wconf 75' lang='grc' dir='ltr'>’θ</span> <span class='ocrx_word' id='word_1_699' title='bbox 1037 4499 1414 4574; x_wconf 79' lang='grc' dir='ltr'>πρεσϐυτάτης</span> <span class='ocrx_word' id='word_1_700' title='bbox 1430 4502 1539 4555; x_wconf 86' lang='grc' dir='ltr'>τῶν</span> <span class='ocrx_word' id='word_1_701' title='bbox 1555 4501 1870 4571; x_wconf 78' lang='grc' dir='ltr'>Ἐλληνίδων</span> 
     </span>
    </p>
   </div>
   <div class='ocr_carea' id='block_1_94' title="bbox 298 4592 1868 4675">
    <p class='ocr_par' dir='ltr' id='par_1_94' title="bbox 298 4592 1868 4675">
     <span class='ocr_line' id='line_1_94' title="bbox 298 4592 1868 4675; baseline -0.011 -17"><span class='ocrx_word' id='word_1_702' title='bbox 298 4597 438 4675; x_wconf 79' lang='grc' dir='ltr'>καὶῇ</span> <span class='ocrx_word' id='word_1_703' title='bbox 458 4602 682 4653; x_wconf 88' lang='grc' dir='ltr'>πλεῖστα</span> <span class='ocrx_word' id='word_1_704' title='bbox 699 4598 932 4668; x_wconf 86' lang='grc' dir='ltr'>ὑπάρχει</span> <span class='ocrx_word' id='word_1_705' title='bbox 948 4596 1016 4649; x_wconf 85' lang='grc' dir='ltr'>τὰ</span> <span class='ocrx_word' id='word_1_706' title='bbox 1036 4596 1222 4649; x_wconf 88' lang='grc' dir='ltr'>δέοντα</span> <span class='ocrx_word' id='word_1_707' title='bbox 1249 4592 1550 4662; x_wconf 85' lang='grc' dir='ltr'>συμϐάντα.</span> <span class='ocrx_word' id='word_1_708' title='bbox 1579 4592 1801 4644; x_wconf 72' lang='grc' dir='ltr'>’Ἅπασα</span> <span class='ocrx_word' id='word_1_709' title='bbox 1823 4592 1868 4621; x_wconf 73' lang='grc'><strong>⁷⁸</strong></span> 
     </span>
    </p>
   </div>
   <div class='ocr_carea' id='block_1_95' title="bbox 299 4680 1867 4767">
    <p class='ocr_par' dir='ltr' id='par_1_95' title="bbox 299 4680 1867 4767">
     <span class='ocr_line' id='line_1_95' title="bbox 299 4680 1867 4767; baseline -0.011 -17"><span class='ocrx_word' id='word_1_710' title='bbox 299 4696 405 4767; x_wconf 83' lang='grc' dir='ltr'>γὰρ</span> <span class='ocrx_word' id='word_1_711' title='bbox 434 4692 702 4765; x_wconf 84' lang='grc' dir='ltr'>δήπουθεν</span> <span class='ocrx_word' id='word_1_712' title='bbox 730 4692 872 4762; x_wconf 83' lang='grc' dir='ltr'>ἀρχὴ</span> <span class='ocrx_word' id='word_1_713' title='bbox 898 4690 1005 4742; x_wconf 84' lang='grc' dir='ltr'>τῶν</span> <span class='ocrx_word' id='word_1_714' title='bbox 1042 4686 1366 4757; x_wconf 85' lang='grc' dir='ltr'>κρειττόνων</span> <span class='ocrx_word' id='word_1_715' title='bbox 1415 4684 1532 4737; x_wconf 76' lang='grc' dir='ltr'>ἐστὶ</span> <span class='ocrx_word' id='word_1_716' title='bbox 1579 4684 1673 4735; x_wconf 73' lang='grc' dir='ltr'>καὶ</span> <span class='ocrx_word' id='word_1_717' title='bbox 1738 4680 1867 4751; x_wconf 91' lang='grc' dir='ltr'>παρ’</span> 
     </span>
    </p>
   </div>
   <div class='ocr_carea' id='block_1_96' title="bbox 298 4770 1869 4854">
    <p class='ocr_par' dir='ltr' id='par_1_96' title="bbox 298 4770 1869 4854">
     <span class='ocr_line' id='line_1_96' title="bbox 298 4770 1869 4854; baseline -0.014 -10"><span class='ocrx_word' id='word_1_718' title='bbox 298 4787 461 4845; x_wconf 79' lang='grc' dir='ltr'>αὑτὸν</span> <span class='ocrx_word' id='word_1_719' title='bbox 489 4786 580 4839; x_wconf 83' lang='grc' dir='ltr'>τὸν</span> <span class='ocrx_word' id='word_1_720' title='bbox 606 4785 704 4854; x_wconf 82' lang='grc' dir='ltr'>τῆς</span> <span class='ocrx_word' id='word_1_721' title='bbox 734 4783 975 4852; x_wconf 77' lang='grc' dir='ltr'>ἰσότητος</span> <span class='ocrx_word' id='word_1_722' title='bbox 1006 4780 1188 4848; x_wconf 89' lang='grc' dir='ltr'>νόμον.</span> <span class='ocrx_word' id='word_1_723' title='bbox 1219 4778 1281 4829; x_wconf 86' lang='grc' dir='ltr'>Εἰ</span> <span class='ocrx_word' id='word_1_724' title='bbox 1312 4775 1368 4828; x_wconf 83' lang='grc' dir='ltr'>δὲ</span> <span class='ocrx_word' id='word_1_725' title='bbox 1400 4775 1496 4845; x_wconf 85' lang='grc' dir='ltr'>μὴ,</span> <span class='ocrx_word' id='word_1_726' title='bbox 1551 4773 1669 4837; x_wconf 85' lang='grc' dir='ltr'><strong>πῶς</strong></span> <span class='ocrx_word' id='word_1_727' title='bbox 1701 4770 1869 4841; x_wconf 81' lang='grc' dir='ltr'>ῖσονῆ</span> 
     </span>
    </p>
   </div>
   <div class='ocr_carea' id='block_1_97' title="bbox 299 4863 1864 4944">
    <p class='ocr_par' dir='ltr' id='par_1_97' title="bbox 299 4863 1864 4944">
     <span class='ocr_line' id='line_1_97' title="bbox 299 4863 1864 4944; baseline -0.013 -11"><span class='ocrx_word' id='word_1_728' title='bbox 299 4878 403 4933; x_wconf 78' lang='grc' dir='ltr'><strong>ποῦ</strong></span> <span class='ocrx_word' id='word_1_729' title='bbox 431 4877 635 4930; x_wconf 85' lang='grc' dir='ltr'>δίκαιον</span> <span class='ocrx_word' id='word_1_730' title='bbox 664 4874 913 4944; x_wconf 83' lang='grc' dir='ltr'>ἢφόρους</span> <span class='ocrx_word' id='word_1_731' title='bbox 956 4870 1198 4936; x_wconf 85' lang='grc' dir='ltr'>ἐκλέγειν</span> <span class='ocrx_word' id='word_1_732' title='bbox 1219 4868 1264 4899; x_wconf 75' lang='grc'><strong>⁷⁸</strong></span> <span class='ocrx_word' id='word_1_733' title='bbox 1297 4866 1404 4920; x_wconf 85' lang='grc' dir='ltr'><strong>ἀπὸ</strong></span> <span class='ocrx_word' id='word_1_734' title='bbox 1431 4866 1530 4935; x_wconf 76' lang='grc' dir='ltr'>τῆς</span> <span class='ocrx_word' id='word_1_735' title='bbox 1557 4863 1864 4933; x_wconf 85' lang='grc' dir='ltr'>ἀλλοτρίας,</span> 
     </span>
    </p>
   </div>
   <div class='ocr_carea' id='block_1_98' title="bbox 298 4954 1868 5044">
    <p class='ocr_par' dir='ltr' id='par_1_98' title="bbox 298 4954 1868 5044">
     <span class='ocr_line' id='line_1_98' title="bbox 298 4954 1868 5044; baseline -0.013 -18"><span class='ocrx_word' id='word_1_736' title='bbox 298 4974 333 5044; x_wconf 80' lang='grc' dir='ltr'>ἦ</span> <span class='ocrx_word' id='word_1_737' title='bbox 359 4973 555 5042; x_wconf 91' lang='grc' dir='ltr'>νόμους</span> <span class='ocrx_word' id='word_1_738' title='bbox 581 4969 784 5023; x_wconf 84' lang='grc' dir='ltr'>τιθέναι</span> <span class='ocrx_word' id='word_1_739' title='bbox 804 4966 915 5026; x_wconf 82' lang='grc' dir='ltr'>τοῖς</span> <span class='ocrx_word' id='word_1_740' title='bbox 947 4962 1098 5015; x_wconf 79' lang='grc' dir='ltr'>οὐδὲν</span> <span class='ocrx_word' id='word_1_741' title='bbox 1136 4958 1487 5031; x_wconf 84' lang='grc' dir='ltr'>δεομένοις,ἢ</span> <span class='ocrx_word' id='word_1_742' title='bbox 1538 4956 1743 5026; x_wconf 87' lang='grc' dir='ltr'>κρίνειν</span> <span class='ocrx_word' id='word_1_743' title='bbox 1799 4954 1868 5006; x_wconf 83' lang='grc' dir='ltr'>τὰ</span> 
     </span>
    </p>
   </div>
   <div class='ocr_carea' id='block_1_99' title="bbox 299 5045 1869 5132">
    <p class='ocr_par' dir='ltr' id='par_1_99' title="bbox 299 5045 1869 5132">
     <span class='ocr_line' id='line_1_99' title="bbox 299 5045 1869 5132; baseline -0.012 -16"><span class='ocrx_word' id='word_1_744' title='bbox 299 5065 542 5129; x_wconf 80' lang='grc' dir='ltr'>ἐκείνων,</span> <span class='ocrx_word' id='word_1_745' title='bbox 570 5061 603 5132; x_wconf 79' lang='grc' dir='ltr'>ἢ</span> <span class='ocrx_word' id='word_1_746' title='bbox 638 5052 1063 5130; x_wconf 67' lang='grc' dir='ltr'>προστάττεινη,</span> <span class='ocrx_word' id='word_1_747' title='bbox 1104 5052 1136 5121; x_wconf 88' lang='grc' dir='ltr'>ἢ</span> <span class='ocrx_word' id='word_1_748' title='bbox 1164 5051 1440 5120; x_wconf 82' lang='grc' dir='ltr'>πολεμεῖν,</span> <span class='ocrx_word' id='word_1_749' title='bbox 1476 5049 1508 5118; x_wconf 87' lang='grc' dir='ltr'>ἢ</span> <span class='ocrx_word' id='word_1_750' title='bbox 1541 5047 1771 5101; x_wconf 77' lang='grc' dir='ltr'>κτᾶσθαν</span> <span class='ocrx_word' id='word_1_751' title='bbox 1801 5045 1869 5098; x_wconf 67' lang='grc' dir='ltr'>τὰ</span> 
     </span>
    </p>
   </div>
   <div class='ocr_carea' id='block_1_100' title="bbox 304 5139 1869 5227">
    <p class='ocr_par' dir='ltr' id='par_1_100' title="bbox 304 5139 1869 5227">
     <span class='ocr_line' id='line_1_100' title="bbox 304 5139 1869 5227; baseline -0.01 -21"><span class='ocrx_word' id='word_1_752' title='bbox 304 5155 380 5227; x_wconf 78' lang='grc' dir='ltr'>μὴ</span> <span class='ocrx_word' id='word_1_753' title='bbox 408 5155 779 5225; x_wconf 78' lang='grc' dir='ltr'>προσήκοντα;</span> <span class='ocrx_word' id='word_1_754' title='bbox 812 5149 945 5211; x_wconf 83' lang='grc' dir='ltr'>ὅλως</span> <span class='ocrx_word' id='word_1_755' title='bbox 969 5145 1076 5215; x_wconf 85' lang='grc' dir='ltr'>γὰρ</span> <span class='ocrx_word' id='word_1_756' title='bbox 1106 5143 1257 5196; x_wconf 80' lang='grc' dir='ltr'>οὐδὲν</span> <span class='ocrx_word' id='word_1_757' title='bbox 1280 5139 1482 5195; x_wconf 82' lang='grc' dir='ltr'>τούτων</span> <span class='ocrx_word' id='word_1_758' title='bbox 1500 5140 1606 5193; x_wconf 70' lang='grc' dir='ltr'><strong>ἀπὸ</strong></span> <span class='ocrx_word' id='word_1_759' title='bbox 1636 5139 1728 5192; x_wconf 81' lang='grc' dir='ltr'>τοῦ</span> <span class='ocrx_word' id='word_1_760' title='bbox 1754 5140 1869 5191; x_wconf 85' lang='grc' dir='ltr'>ίσου</span> 
     </span>
    </p>
   </div>
   <div class='ocr_carea' id='block_1_101' title="bbox 1969 4502 3538 4570">
    <p class='ocr_par' dir='ltr' id='par_1_101' title="bbox 1969 4502 3538 4570">
     <span class='ocr_line' id='line_1_101' title="bbox 1969 4502 3538 4570; baseline 0.001 -15"><span class='ocrx_word' id='word_1_761' title='bbox 1969 4516 2180 4570; x_wconf 55' lang='lat' dir='ltr'><strong>aquom</strong></span> <span class='ocrx_word' id='word_1_762' title='bbox 2231 4503 2321 4563; x_wconf 81' lang='lat' dir='ltr'><strong>sit,</strong></span> <span class='ocrx_word' id='word_1_763' title='bbox 2350 4512 2437 4555; x_wconf 90' lang='lat' dir='ltr'><strong>aut</strong></span> <span class='ocrx_word' id='word_1_764' title='bbox 2464 4504 2692 4569; x_wconf 89' lang='lat' dir='ltr'><strong>justum,</strong></span> <span class='ocrx_word' id='word_1_765' title='bbox 2734 4512 2789 4554; x_wconf 91' lang='lat' dir='ltr'><strong>ut</strong></span> <span class='ocrx_word' id='word_1_766' title='bbox 2810 4504 2931 4570; x_wconf 88' lang='lat' dir='ltr'><strong>quis</strong></span> <span class='ocrx_word' id='word_1_767' title='bbox 2961 4502 3151 4556; x_wconf 62' lang='lat' dir='ltr'><strong>aliena?</strong></span> <span class='ocrx_word' id='word_1_768' title='bbox 3177 4512 3333 4557; x_wconf 65' lang='lat' dir='ltr'><strong>terra:</strong></span> <span class='ocrx_word' id='word_1_769' title='bbox 3364 4503 3538 4556; x_wconf 90' lang='lat' dir='ltr'><strong>tribu-</strong></span> 
     </span>
    </p>
   </div>
   <div class='ocr_carea' id='block_1_102' title="bbox 1973 4594 3537 4663">
    <p class='ocr_par' dir='ltr' id='par_1_102' title="bbox 1973 4594 3537 4663">
     <span class='ocr_line' id='line_1_102' title="bbox 1973 4594 3537 4663; baseline 0.001 -17"><span class='ocrx_word' id='word_1_770' title='bbox 1973 4604 2083 4647; x_wconf 85' lang='lat' dir='ltr'><strong>tum</strong></span> <span class='ocrx_word' id='word_1_771' title='bbox 2119 4595 2378 4663; x_wconf 83' lang='lat' dir='ltr'><strong>imponat,</strong></span> <span class='ocrx_word' id='word_1_772' title='bbox 2414 4604 2506 4646; x_wconf 89' lang='lat' dir='ltr'><strong>aut</strong></span> <span class='ocrx_word' id='word_1_773' title='bbox 2540 4594 2686 4663; x_wconf 81' lang='lat' dir='ltr'><strong>leges</strong></span> <span class='ocrx_word' id='word_1_774' title='bbox 2720 4605 2915 4662; x_wconf 72' lang='lat' dir='ltr'><strong>prmler</strong></span> <span class='ocrx_word' id='word_1_775' title='bbox 2956 4595 3335 4647; x_wconf 83' lang='lat' dir='ltr'><strong>necessitatem</strong></span> <span class='ocrx_word' id='word_1_776' title='bbox 3376 4594 3537 4660; x_wconf 79' lang='lat' dir='ltr'><strong>ferat,</strong></span> 
     </span>
    </p>
   </div>
   <div class='ocr_carea' id='block_1_103' title="bbox 1970 4682 3540 4752">
    <p class='ocr_par' dir='ltr' id='par_1_103' title="bbox 1970 4682 3540 4752">
     <span class='ocr_line' id='line_1_103' title="bbox 1970 4682 3540 4752; baseline 0.001 -17"><span class='ocrx_word' id='word_1_777' title='bbox 1970 4694 2064 4735; x_wconf 89' lang='lat' dir='ltr'><strong>aut</strong></span> <span class='ocrx_word' id='word_1_778' title='bbox 2090 4683 2210 4751; x_wconf 88' lang='lat' dir='ltr'><strong>jura</strong></span> <span class='ocrx_word' id='word_1_779' title='bbox 2254 4683 2360 4736; x_wconf 88' lang='lat' dir='ltr'><strong>illis</strong></span> <span class='ocrx_word' id='word_1_780' title='bbox 2390 4684 2471 4735; x_wconf 86' lang='lat' dir='ltr'><strong>vel</strong></span> <span class='ocrx_word' id='word_1_781' title='bbox 2496 4682 2645 4749; x_wconf 88' lang='lat' dir='ltr'><strong>jussa</strong></span> <span class='ocrx_word' id='word_1_782' title='bbox 2687 4684 2796 4745; x_wconf 87' lang='lat' dir='ltr'><strong>det,</strong></span> <span class='ocrx_word' id='word_1_783' title='bbox 2831 4693 2922 4736; x_wconf 88' lang='lat' dir='ltr'><strong>aut</strong></span> <span class='ocrx_word' id='word_1_784' title='bbox 2955 4682 3255 4751; x_wconf 77' lang='lat' dir='ltr'><strong>belligeret,</strong></span> <span class='ocrx_word' id='word_1_785' title='bbox 3296 4692 3390 4735; x_wconf 87' lang='lat' dir='ltr'><strong>aut</strong></span> <span class='ocrx_word' id='word_1_786' title='bbox 3422 4699 3540 4752; x_wconf 78' lang='lat' dir='ltr'><strong>quae</strong></span> 
     </span>
    </p>
   </div>
   <div class='ocr_carea' id='block_1_104' title="bbox 1970 4770 3540 4840">
    <p class='ocr_par' dir='ltr' id='par_1_104' title="bbox 1970 4770 3540 4840">
     <span class='ocr_line' id='line_1_104' title="bbox 1970 4770 3540 4840; baseline -0.001 -14"><span class='ocrx_word' id='word_1_787' title='bbox 1970 4787 2066 4827; x_wconf 81' lang='lat' dir='ltr'><strong>sua</strong></span> <span class='ocrx_word' id='word_1_788' title='bbox 2102 4787 2208 4824; x_wconf 89' lang='lat' dir='ltr'><strong>non</strong></span> <span class='ocrx_word' id='word_1_789' title='bbox 2246 4781 2373 4824; x_wconf 90' lang='lat' dir='ltr'><strong>sunt</strong></span> <span class='ocrx_word' id='word_1_790' title='bbox 2407 4770 2669 4837; x_wconf 85' lang='lat' dir='ltr'><strong>occupet?</strong></span> <span class='ocrx_word' id='word_1_791' title='bbox 2700 4772 3140 4840; x_wconf 87' lang='lat' dir='ltr'><strong>quandoquidem</strong></span> <span class='ocrx_word' id='word_1_792' title='bbox 3193 4771 3294 4823; x_wconf 83' lang='lat' dir='ltr'><strong>ista</strong></span> <span class='ocrx_word' id='word_1_793' title='bbox 3343 4783 3540 4840; x_wconf 65' lang='lat' dir='ltr'><strong>praeter</strong></span> 
     </span>
    </p>
   </div>
   <div class='ocr_carea' id='block_1_105' title="bbox 1972 4862 3541 4933">
    <p class='ocr_par' dir='ltr' id='par_1_105' title="bbox 1972 4862 3541 4933">
     <span class='ocr_line' id='line_1_105' title="bbox 1972 4862 3541 4933; baseline -0.003 -16"><span class='ocrx_word' id='word_1_794' title='bbox 1972 4864 2283 4933; x_wconf 77' lang='lat' dir='ltr'><strong>aequitatem</strong></span> <span class='ocrx_word' id='word_1_795' title='bbox 2310 4863 2462 4915; x_wconf 84' lang='lat' dir='ltr'><strong>fiunt.</strong></span> <span class='ocrx_word' id='word_1_796' title='bbox 2495 4863 2674 4928; x_wconf 85' lang='lat' dir='ltr'><strong>Quare</strong></span> <span class='ocrx_word' id='word_1_797' title='bbox 2708 4865 2752 4916; x_wconf 85' lang='lat' dir='ltr'><strong>si</strong></span> <span class='ocrx_word' id='word_1_798' title='bbox 2787 4864 2909 4931; x_wconf 86' lang='lat' dir='ltr'><strong>quis</strong></span> <span class='ocrx_word' id='word_1_799' title='bbox 2943 4862 3344 4929; x_wconf 78' lang='lat' dir='ltr'><strong>exactiusjuris</strong></span> <span class='ocrx_word' id='word_1_800' title='bbox 3380 4872 3541 4914; x_wconf 86' lang='lat' dir='ltr'><strong>natu-</strong></span> 
     </span>
    </p>
   </div>
   <div class='ocr_carea' id='block_1_106' title="bbox 1976 4954 3543 5025">
    <p class='ocr_par' dir='ltr' id='par_1_106' title="bbox 1976 4954 3543 5025">
     <span class='ocr_line' id='line_1_106' title="bbox 1976 4954 3543 5025; baseline -0.003 -15"><span class='ocrx_word' id='word_1_801' title='bbox 1976 4971 2092 5010; x_wconf 81' lang='lat' dir='ltr'><strong>ram</strong></span> <span class='ocrx_word' id='word_1_802' title='bbox 2147 4956 2275 5009; x_wconf 86' lang='lat' dir='ltr'><strong>velit</strong></span> <span class='ocrx_word' id='word_1_803' title='bbox 2307 4956 2644 5025; x_wconf 87' lang='lat' dir='ltr'><strong>perquirere,</strong></span> <span class='ocrx_word' id='word_1_804' title='bbox 2705 4970 2804 5007; x_wconf 89' lang='lat' dir='ltr'><strong>nec</strong></span> <span class='ocrx_word' id='word_1_805' title='bbox 2863 4956 3042 5023; x_wconf 85' lang='lat' dir='ltr'><strong>potius</strong></span> <span class='ocrx_word' id='word_1_806' title='bbox 3096 4954 3301 5023; x_wconf 87' lang='lat' dir='ltr'><strong>aliquid</strong></span> <span class='ocrx_word' id='word_1_807' title='bbox 3360 4964 3543 5007; x_wconf 86' lang='lat' dir='ltr'><strong>rerum</strong></span> 
     </span>
    </p>
   </div>
   <div class='ocr_carea' id='block_1_107' title="bbox 1977 5044 3542 5115">
    <p class='ocr_par' dir='ltr' id='par_1_107' title="bbox 1977 5044 3542 5115">
     <span class='ocr_line' id='line_1_107' title="bbox 1977 5044 3542 5115; baseline -0.004 -14"><span class='ocrx_word' id='word_1_808' title='bbox 1977 5058 2182 5102; x_wconf 67' lang='lat' dir='ltr'><strong>naturae</strong></span> <span class='ocrx_word' id='word_1_809' title='bbox 2222 5049 2554 5110; x_wconf 85' lang='lat' dir='ltr'><strong>concedere,</strong></span> <span class='ocrx_word' id='word_1_810' title='bbox 2589 5060 2749 5114; x_wconf 88' lang='lat' dir='ltr'><strong>quam</strong></span> <span class='ocrx_word' id='word_1_811' title='bbox 2796 5047 3090 5115; x_wconf 86' lang='lat' dir='ltr'><strong>sophistam</strong></span> <span class='ocrx_word' id='word_1_812' title='bbox 3132 5058 3314 5114; x_wconf 84' lang='lat' dir='ltr'><strong>agere,</strong></span> <span class='ocrx_word' id='word_1_813' title='bbox 3352 5046 3397 5098; x_wconf 88' lang='lat' dir='ltr'><strong>is</strong></span> <span class='ocrx_word' id='word_1_814' title='bbox 3430 5044 3542 5113; x_wconf 85' lang='lat' dir='ltr'><strong>jam</strong></span> 
     </span>
    </p>
   </div>
   <div class='ocr_carea' id='block_1_108' title="bbox 1977 5136 3542 5206">
    <p class='ocr_par' dir='ltr' id='par_1_108' title="bbox 1977 5136 3542 5206">
     <span class='ocr_line' id='line_1_108' title="bbox 1977 5136 3542 5206; baseline -0.001 -17"><span class='ocrx_word' id='word_1_815' title='bbox 1977 5138 2223 5205; x_wconf 89' lang='lat' dir='ltr'><strong>protinus</strong></span> <span class='ocrx_word' id='word_1_816' title='bbox 2266 5137 2448 5191; x_wconf 90' lang='lat' dir='ltr'><strong>omnia</strong></span> <span class='ocrx_word' id='word_1_817' title='bbox 2483 5137 2710 5206; x_wconf 87' lang='lat' dir='ltr'><strong>imperia</strong></span> <span class='ocrx_word' id='word_1_818' title='bbox 2752 5146 2807 5191; x_wconf 91' lang='lat' dir='ltr'><strong>et</strong></span> <span class='ocrx_word' id='word_1_819' title='bbox 2841 5136 3191 5206; x_wconf 79' lang='lat' dir='ltr'><strong>magistratus</strong></span> <span class='ocrx_word' id='word_1_820' title='bbox 3234 5137 3542 5205; x_wconf 86' lang='lat' dir='ltr'><strong>abrogabit,</strong></span> 
     </span>
    </p>
   </div>
   <div class='ocr_carea' id='block_1_109' title="bbox 1526 5226 2269 5287">
    <p class='ocr_par' dir='ltr' id='par_1_109' title="bbox 1526 5226 2269 5287">
     <span class='ocr_line' id='line_1_109' title="bbox 1526 5226 2269 5287; baseline -0.003 0"><span class='ocrx_word' id='word_1_821' title='bbox 1526 5226 1527 5229; x_wconf 29' lang='grc'><em>“</em></span> <span class='ocrx_word' id='word_1_822' title='bbox 1594 5231 1828 5287; x_wconf 60' lang='grc' dir='ltr'>γΑιιιίΕ</span> <span class='ocrx_word' id='word_1_823' title='bbox 1872 5230 2269 5287; x_wconf 83' lang='lat' dir='ltr'><strong>LECTIONES.</strong></span> 
     </span>
    </p>
   </div>
   <div class='ocr_carea' id='block_1_110' title="bbox 371 5324 1669 5406">
    <p class='ocr_par' dir='ltr' id='par_1_110' title="bbox 371 5324 1669 5406">
     <span class='ocr_line' id='line_1_110' title="bbox 371 5324 1669 5406; baseline -0.013 -14"><span class='ocrx_word' id='word_1_824' title='bbox 371 5340 417 5373; x_wconf 70' lang='grc'><strong>⁸⁸</strong></span> <span class='ocrx_word' id='word_1_825' title='bbox 450 5342 497 5392; x_wconf 92' lang='grc' dir='ltr'><strong>οί</strong></span> <span class='ocrx_word' id='word_1_826' title='bbox 536 5349 589 5390; x_wconf 78' lang='lat' dir='ltr'><strong>et</strong></span> <span class='ocrx_word' id='word_1_827' title='bbox 620 5338 729 5389; x_wconf 78' lang='grc' dir='ltr'>καὶ.</span> <span class='ocrx_word' id='word_1_828' title='bbox 836 5337 882 5367; x_wconf 70' lang='grc' dir='ltr'><strong>’τ</strong></span> <span class='ocrx_word' id='word_1_829' title='bbox 910 5328 1359 5406; x_wconf 40' lang='grc' dir='ltr'>χρείαις-οτηζᾼε</span> <span class='ocrx_word' id='word_1_830' title='bbox 1435 5324 1669 5406; x_wconf 43' lang='grc' dir='ltr'>δῖὧστε]</span> 
     </span>
    </p>
   </div>
   <div class='ocr_carea' id='block_1_111' title="bbox 305 5411 647 5480">
    <p class='ocr_par' dir='ltr' id='par_1_111' title="bbox 305 5411 647 5480">
     <span class='ocr_line' id='line_1_111' title="bbox 305 5411 647 5480; baseline -0.006 -15"><span class='ocrx_word' id='word_1_831' title='bbox 305 5431 357 5480; x_wconf 67' lang='grc' dir='ltr'><strong>ιε.</strong></span> <span class='ocrx_word' id='word_1_832' title='bbox 376 5411 481 5465; x_wconf 79' lang='lat'><strong>500</strong></span> <span class='ocrx_word' id='word_1_833' title='bbox 509 5421 647 5480; x_wconf 63' lang='lat' dir='ltr'><strong>extr.</strong></span> 
     </span>
    </p>
   </div>
   <div class='ocr_carea' id='block_1_112' title="bbox 305 5476 1153 5533">
    <p class='ocr_par' dir='ltr' id='par_1_112' title="bbox 305 5476 1153 5533">
     <span class='ocr_line' id='line_1_112' title="bbox 305 5476 1153 5533; baseline -0.009 0"><span class='ocrx_word' id='word_1_834' title='bbox 305 5476 400 5533; x_wconf 73' lang='grc' dir='ltr'><strong>τας</strong></span> <span class='ocrx_word' id='word_1_835' title='bbox 437 5482 500 5533; x_wconf 80' lang='grc' dir='ltr'><strong>Α.</strong></span> <span class='ocrx_word' id='word_1_836' title='bbox 577 5478 620 5507; x_wconf 78' lang='grc'><strong>⁸⁷</strong></span> <span class='ocrx_word' id='word_1_837' title='bbox 654 5478 905 5529; x_wconf 73' lang='grc' dir='ltr'>ἁπάντων</span> <span class='ocrx_word' id='word_1_838' title='bbox 939 5494 1047 5529; x_wconf 79' lang='lat' dir='ltr'><strong>uili.</strong></span> <span class='ocrx_word' id='word_1_839' title='bbox 1088 5476 1153 5525; x_wconf 84' lang='grc' dir='ltr'><strong>Λ.</strong></span> 
     </span>
    </p>
   </div>
   <div class='ocr_carea' id='block_1_113' title="bbox 304 5521 1719 5620">
    <p class='ocr_par' dir='ltr' id='par_1_113' title="bbox 304 5521 1719 5620">
     <span class='ocr_line' id='line_1_113' title="bbox 304 5521 1719 5620; baseline -0.013 -17"><span class='ocrx_word' id='word_1_840' title='bbox 304 5521 500 5620; x_wconf 39' lang='lat'><strong>$211.).</strong></span> <span class='ocrx_word' id='word_1_841' title='bbox 520 5564 573 5615; x_wconf 88' lang='lat' dir='ltr'><strong>p.</strong></span> <span class='ocrx_word' id='word_1_842' title='bbox 605 5548 727 5602; x_wconf 71' lang='grc'><strong>304.</strong></span> <span class='ocrx_word' id='word_1_843' title='bbox 761 5617 769 5620; x_wconf 71' lang='lat'><strong><em>_</em></strong></span> <span class='ocrx_word' id='word_1_844' title='bbox 826 5549 865 5577; x_wconf 72' lang='grc' dir='ltr'>θ’</span> <span class='ocrx_word' id='word_1_845' title='bbox 967 5546 1095 5620; x_wconf 63' lang='grc' dir='ltr'><strong>τῶνἶ</strong></span> <span class='ocrx_word' id='word_1_846' title='bbox 1205 5542 1254 5620; x_wconf 54' lang='grc' dir='ltr'><strong>σξ</strong></span> <span class='ocrx_word' id='word_1_847' title='bbox 1280 5538 1486 5620; x_wconf 67' lang='grc' dir='ltr'>πόλεως</span> <span class='ocrx_word' id='word_1_848' title='bbox 1524 5521 1632 5587; x_wconf 73' lang='grc' dir='ltr'>ὖιιι.</span> <span class='ocrx_word' id='word_1_849' title='bbox 1655 5534 1719 5587; x_wconf 82' lang='grc' dir='ltr'><strong>Α.</strong></span> 
     </span>
    </p>
   </div>
   <div class='ocr_carea' id='block_1_114' title="bbox 304 5608 1661 5690">
    <p class='ocr_par' dir='ltr' id='par_1_114' title="bbox 304 5608 1661 5690">
     <span class='ocr_line' id='line_1_114' title="bbox 304 5608 1661 5690; baseline -0.013 -17"><span class='ocrx_word' id='word_1_850' title='bbox 304 5623 346 5652; x_wconf 54' lang='grc'><strong>⁸³⁸</strong></span> <span class='ocrx_word' id='word_1_851' title='bbox 377 5624 410 5690; x_wconf 84' lang='grc' dir='ltr'>ἢ</span> <span class='ocrx_word' id='word_1_852' title='bbox 444 5608 577 5688; x_wconf 62' lang='grc' dir='ltr'>μόνα</span> <span class='ocrx_word' id='word_1_853' title='bbox 608 5633 716 5669; x_wconf 82' lang='lat' dir='ltr'><strong>oui.</strong></span> <span class='ocrx_word' id='word_1_854' title='bbox 746 5617 810 5669; x_wconf 87' lang='lat' dir='ltr'><strong>A.</strong></span> <span class='ocrx_word' id='word_1_855' title='bbox 861 5608 931 5690; x_wconf 40' lang='grc' dir='ltr'><strong>’δέ</strong></span> <span class='ocrx_word' id='word_1_856' title='bbox 965 5614 1190 5690; x_wconf 59' lang='grc' dir='ltr'>ὑπαίτια</span> <span class='ocrx_word' id='word_1_857' title='bbox 1227 5609 1311 5690; x_wconf 34' lang='lat' dir='ltr'><strong>Au:</strong></span> <span class='ocrx_word' id='word_1_858' title='bbox 1337 5608 1573 5690; x_wconf 59' lang='grc' dir='ltr'>ρπόεντια</span> <span class='ocrx_word' id='word_1_859' title='bbox 1603 5621 1661 5690; x_wconf 64' lang='grc' dir='ltr'>ς.</span> 
     </span>
    </p>
   </div>
   <div class='ocr_carea' id='block_1_115' title="bbox 303 5684 1119 5753">
    <p class='ocr_par' dir='ltr' id='par_1_115' title="bbox 303 5684 1119 5753">
     <span class='ocr_line' id='line_1_115' title="bbox 303 5684 1119 5753; baseline -0.016 -7"><span class='ocrx_word' id='word_1_860' title='bbox 303 5684 414 5746; x_wconf 70' lang='grc' dir='ltr'>ουιζ</span> <span class='ocrx_word' id='word_1_861' title='bbox 445 5684 514 5743; x_wconf 70' lang='grc' dir='ltr'><strong>Ἀ.</strong></span> <span class='ocrx_word' id='word_1_862' title='bbox 589 5690 631 5721; x_wconf 69' lang='grc' dir='ltr'><strong><em>τι</em></strong></span> <span class='ocrx_word' id='word_1_863' title='bbox 664 5684 879 5753; x_wconf 69' lang='grc' dir='ltr'>ἅπασαῖ</span> <span class='ocrx_word' id='word_1_864' title='bbox 916 5700 965 5753; x_wconf 88' lang='lat' dir='ltr'><strong>p.</strong></span> <span class='ocrx_word' id='word_1_865' title='bbox 996 5685 1119 5737; x_wconf 75' lang='grc' dir='ltr'><strong>ὅυϋ.</strong></span> 
     </span>
    </p>
   </div>
   <div class='ocr_carea' id='block_1_116' title="bbox 1813 5534 2647 5603">
    <p class='ocr_par' dir='ltr' id='par_1_116' title="bbox 1813 5534 2647 5603">
     <span class='ocr_line' id='line_1_116' title="bbox 1813 5534 2647 5603; baseline 0.002 -19"><span class='ocrx_word' id='word_1_866' title='bbox 1813 5534 1856 5564; x_wconf 73' lang='grc'>⁸³</span> <span class='ocrx_word' id='word_1_867' title='bbox 1887 5534 2189 5603; x_wconf 76' lang='grc' dir='ltr'>προείλετο]</span> <span class='ocrx_word' id='word_1_868' title='bbox 2217 5534 2549 5603; x_wconf 85' lang='grc' dir='ltr'>προείληπτο</span> <span class='ocrx_word' id='word_1_869' title='bbox 2580 5536 2647 5586; x_wconf 84' lang='grc' dir='ltr'><strong>Λ.</strong></span> 
     </span>
    </p>
   </div>
   <div class='ocr_carea' id='block_1_117' title="bbox 1740 5600 3545 5671">
    <p class='ocr_par' dir='ltr' id='par_1_117' title="bbox 1740 5600 3545 5671">
     <span class='ocr_line' id='line_1_117' title="bbox 1740 5600 3545 5671; baseline -0.002 -16"><span class='ocrx_word' id='word_1_870' title='bbox 1740 5603 1783 5635; x_wconf 76' lang='grc'><strong>⁸⁷</strong></span> <span class='ocrx_word' id='word_1_871' title='bbox 1814 5600 2120 5671; x_wconf 69' lang='grc' dir='ltr'>προκείσθω</span> <span class='ocrx_word' id='word_1_872' title='bbox 2143 5600 2205 5655; x_wconf 59' lang='grc' dir='ltr'><strong>Α)</strong></span> <span class='ocrx_word' id='word_1_873' title='bbox 2264 5600 2326 5635; x_wconf 71' lang='grc'><strong>’⁸⁸</strong></span> <span class='ocrx_word' id='word_1_874' title='bbox 2351 5603 2395 5655; x_wconf 87' lang='grc' dir='ltr'>δ’</span> <span class='ocrx_word' id='word_1_875' title='bbox 2422 5600 2529 5655; x_wconf 80' lang='lat' dir='ltr'><strong>om.</strong></span> <span class='ocrx_word' id='word_1_876' title='bbox 2556 5608 2620 5656; x_wconf 84' lang='lat' dir='ltr'><strong>A.</strong></span> <span class='ocrx_word' id='word_1_877' title='bbox 2698 5605 2741 5636; x_wconf 71' lang='grc'><strong>⁶⁹</strong></span> <span class='ocrx_word' id='word_1_878' title='bbox 2760 5620 2817 5654; x_wconf 86' lang='grc' dir='ltr'><strong>τε</strong></span> <span class='ocrx_word' id='word_1_879' title='bbox 2848 5604 2973 5656; x_wconf 89' lang='lat' dir='ltr'><strong>add.</strong></span> <span class='ocrx_word' id='word_1_880' title='bbox 3001 5603 3064 5656; x_wconf 77' lang='grc' dir='ltr'><strong>Α.</strong></span> <span class='ocrx_word' id='word_1_881' title='bbox 3142 5603 3186 5633; x_wconf 77' lang='grc'>⁷⁰</span> <span class='ocrx_word' id='word_1_882' title='bbox 3215 5604 3310 5654; x_wconf 79' lang='grc' dir='ltr'>καὶ</span> <span class='ocrx_word' id='word_1_883' title='bbox 3341 5600 3545 5668; x_wconf 81' lang='grc' dir='ltr'>ταύτης</span> 
     </span>
    </p>
   </div>
   <div class='ocr_carea' id='block_1_118' title="bbox 1267 5674 2074 5742">
    <p class='ocr_par' dir='ltr' id='par_1_118' title="bbox 1267 5674 2074 5742">
     <span class='ocr_line' id='line_1_118' title="bbox 1267 5674 2074 5742; baseline -0.004 -14"><span class='ocrx_word' id='word_1_884' title='bbox 1267 5679 1311 5709; x_wconf 76' lang='grc'><strong>⁷³</strong></span> <span class='ocrx_word' id='word_1_885' title='bbox 1333 5676 1575 5742; x_wconf 80' lang='grc' dir='ltr'>ἐκλέγειν</span> <span class='ocrx_word' id='word_1_886' title='bbox 1593 5675 1636 5725; x_wconf 71' lang='grc' dir='ltr'><strong>Α</strong></span> <span class='ocrx_word' id='word_1_887' title='bbox 1674 5688 1686 5724; x_wconf 91' lang='lat'>:</span> <span class='ocrx_word' id='word_1_888' title='bbox 1741 5674 1982 5739; x_wconf 81' lang='grc' dir='ltr'>ἐκλογεῐν</span> <span class='ocrx_word' id='word_1_889' title='bbox 2013 5690 2074 5736; x_wconf 70' lang='grc' dir='ltr'>ς’,</span> 
     </span>
    </p>
   </div>
   <div class='ocr_carea' id='block_1_119' title="bbox 1713 5317 3545 5393">
    <p class='ocr_par' dir='ltr' id='par_1_119' title="bbox 1713 5317 3545 5393">
     <span class='ocr_line' id='line_1_119' title="bbox 1713 5317 3545 5393; baseline -0.003 -16"><span class='ocrx_word' id='word_1_890' title='bbox 1713 5342 1761 5393; x_wconf 91' lang='lat' dir='ltr'><strong>p.</strong></span> <span class='ocrx_word' id='word_1_891' title='bbox 1803 5324 1929 5377; x_wconf 73' lang='grc'><strong>299.</strong></span> <span class='ocrx_word' id='word_1_892' title='bbox 2005 5323 2049 5354; x_wconf 76' lang='grc'><strong>⁸³</strong></span> <span class='ocrx_word' id='word_1_893' title='bbox 2097 5324 2132 5377; x_wconf 81' lang='grc' dir='ltr'><strong>ἆ</strong></span> <span class='ocrx_word' id='word_1_894' title='bbox 2161 5323 2200 5376; x_wconf 83' lang='grc' dir='ltr'><strong>Α</strong></span> <span class='ocrx_word' id='word_1_895' title='bbox 2235 5339 2249 5377; x_wconf 89' lang='lat'><strong>:</strong></span> <span class='ocrx_word' id='word_1_896' title='bbox 2285 5323 2320 5378; x_wconf 79' lang='grc' dir='ltr'><strong>ἃ.</strong></span> <span class='ocrx_word' id='word_1_897' title='bbox 2347 5324 2451 5393; x_wconf 79' lang='grc' dir='ltr'>μὴν</span> <span class='ocrx_word' id='word_1_898' title='bbox 2478 5340 2536 5387; x_wconf 74' lang='grc' dir='ltr'><strong>ς’.</strong></span> <span class='ocrx_word' id='word_1_899' title='bbox 2614 5322 2659 5355; x_wconf 80' lang='grc' dir='ltr'><strong>⁸ο</strong></span> <span class='ocrx_word' id='word_1_900' title='bbox 2692 5320 2853 5393; x_wconf 73' lang='grc' dir='ltr'>αὐτὰ]</span> <span class='ocrx_word' id='word_1_901' title='bbox 2887 5322 3056 5374; x_wconf 83' lang='grc' dir='ltr'>ταῦτα</span> <span class='ocrx_word' id='word_1_902' title='bbox 3079 5324 3142 5374; x_wconf 80' lang='grc' dir='ltr'><strong>Α.</strong></span> <span class='ocrx_word' id='word_1_903' title='bbox 3216 5322 3259 5354; x_wconf 81' lang='grc'><strong>⁵¹</strong></span> <span class='ocrx_word' id='word_1_904' title='bbox 3291 5319 3385 5393; x_wconf 74' lang='grc' dir='ltr'>καὶ</span> <span class='ocrx_word' id='word_1_905' title='bbox 3421 5317 3545 5393; x_wconf 57' lang='grc' dir='ltr'>οὐχ]</span> 
     </span>
    </p>
   </div>
   <div class='ocr_carea' id='block_1_120' title="bbox 724 5389 3543 5474">
    <p class='ocr_par' dir='ltr' id='par_1_120' title="bbox 724 5389 3543 5474">
     <span class='ocr_line' id='line_1_120' title="bbox 724 5389 3543 5474; baseline -0.007 -14"><span class='ocrx_word' id='word_1_906' title='bbox 724 5408 767 5437; x_wconf 82' lang='grc'><strong>⁵¹</strong></span> <span class='ocrx_word' id='word_1_907' title='bbox 802 5389 1146 5474; x_wconf 53' lang='grc' dir='ltr'>περίσταται]</span> <span class='ocrx_word' id='word_1_908' title='bbox 1175 5399 1380 5474; x_wconf 48' lang='lat' dir='ltr'><strong>psus,</strong></span> <span class='ocrx_word' id='word_1_909' title='bbox 1454 5398 1499 5430; x_wconf 82' lang='grc'><strong>⁵⁸</strong></span> <span class='ocrx_word' id='word_1_910' title='bbox 1528 5389 1935 5474; x_wconf 29' lang='grc' dir='ltr'>Ἰμεᾙμεῃτόιῆέξ.</span> <span class='ocrx_word' id='word_1_911' title='bbox 2012 5394 2059 5474; x_wconf 54' lang='grc' dir='ltr'><strong>ξε</strong></span> <span class='ocrx_word' id='word_1_912' title='bbox 2088 5395 2115 5446; x_wconf 88' lang='grc' dir='ltr'><strong>ὂ</strong></span> <span class='ocrx_word' id='word_1_913' title='bbox 2248 5389 2456 5472; x_wconf 47' lang='grc' dir='ltr'><strong>ρ.,503.</strong></span> <span class='ocrx_word' id='word_1_914' title='bbox 2507 5392 2699 5474; x_wconf 36' lang='grc' dir='ltr'><strong>⁸⁸⁸ιδεῖ]</strong></span> <span class='ocrx_word' id='word_1_915' title='bbox 2724 5393 2786 5474; x_wconf 64' lang='grc' dir='ltr'><strong>δέ</strong></span> <span class='ocrx_word' id='word_1_916' title='bbox 2801 5389 2866 5451; x_wconf 63' lang='grc' dir='ltr'><strong>Κ.</strong></span> <span class='ocrx_word' id='word_1_917' title='bbox 2912 5393 2986 5472; x_wconf 43' lang='grc'><strong>,⁵⁸</strong></span> <span class='ocrx_word' id='word_1_918' title='bbox 3013 5391 3311 5474; x_wconf 53' lang='grc' dir='ltr'>ςεσθέντας]</span> <span class='ocrx_word' id='word_1_919' title='bbox 3333 5389 3543 5474; x_wconf 63' lang='grc' dir='ltr'>ᾠφθένέ</span> 
     </span>
    </p>
   </div>
   <div class='ocr_carea' id='block_1_121' title="bbox 1228 5461 3543 5535">
    <p class='ocr_par' dir='ltr' id='par_1_121' title="bbox 1228 5461 3543 5535">
     <span class='ocr_line' id='line_1_121' title="bbox 1228 5461 3543 5535; baseline -0.003 -16"><span class='ocrx_word' id='word_1_920' title='bbox 1228 5469 1271 5500; x_wconf 80' lang='grc'><strong>⁸⁸</strong></span> <span class='ocrx_word' id='word_1_921' title='bbox 1306 5461 1550 5535; x_wconf 76' lang='grc' dir='ltr'>πάντων]</span> <span class='ocrx_word' id='word_1_922' title='bbox 1580 5461 1685 5517; x_wconf 72' lang='grc' dir='ltr'>πᾶν</span> <span class='ocrx_word' id='word_1_923' title='bbox 1726 5466 1784 5517; x_wconf 80' lang='grc' dir='ltr'><strong>Β.</strong></span> <span class='ocrx_word' id='word_1_924' title='bbox 1822 5466 1865 5535; x_wconf 52' lang='grc'><strong>⁵9</strong></span> <span class='ocrx_word' id='word_1_925' title='bbox 1891 5461 2437 5535; x_wconf 17' lang='grc' dir='ltr'>έιυρῶντοιίὲωρώντο</span> <span class='ocrx_word' id='word_1_926' title='bbox 2475 5464 2523 5516; x_wconf 83' lang='grc' dir='ltr'>οἱ</span> <span class='ocrx_word' id='word_1_927' title='bbox 2569 5461 2837 5535; x_wconf 80' lang='grc' dir='ltr'>Ἀθηναῖοι</span> <span class='ocrx_word' id='word_1_928' title='bbox 2867 5462 2975 5535; x_wconf 84' lang='grc' dir='ltr'>τῶν</span> <span class='ocrx_word' id='word_1_929' title='bbox 3015 5461 3543 5535; x_wconf 60' lang='grc' dir='ltr'>Πελοποννησίωνᾼ.</span> 
     </span>
    </p>
   </div>
   <div class='ocr_carea' id='block_1_122' title="bbox 2748 5530 3541 5593">
    <p class='ocr_par' dir='ltr' id='par_1_122' title="bbox 2748 5530 3541 5593">
     <span class='ocr_line' id='line_1_122' title="bbox 2748 5530 3541 5593; baseline -0.001 -9"><span class='ocrx_word' id='word_1_930' title='bbox 2748 5533 2791 5563; x_wconf 64' lang='grc'><strong>⁸⁸</strong></span> <span class='ocrx_word' id='word_1_931' title='bbox 2822 5534 2915 5584; x_wconf 74' lang='grc' dir='ltr'>καὶ</span> <span class='ocrx_word' id='word_1_932' title='bbox 2943 5541 3068 5587; x_wconf 89' lang='lat' dir='ltr'><strong>ante</strong></span> <span class='ocrx_word' id='word_1_933' title='bbox 3096 5532 3298 5593; x_wconf 81' lang='grc' dir='ltr'>πόλεως</span> <span class='ocrx_word' id='word_1_934' title='bbox 3320 5533 3443 5583; x_wconf 83' lang='lat' dir='ltr'><strong>utld.</strong></span> <span class='ocrx_word' id='word_1_935' title='bbox 3473 5530 3541 5583; x_wconf 85' lang='lat' dir='ltr'><strong>A.</strong></span> 
     </span>
    </p>
   </div>
   <div class='ocr_carea' id='block_1_123' title="bbox 2177 5672 3029 5746">
    <p class='ocr_par' dir='ltr' id='par_1_123' title="bbox 2177 5672 3029 5746">
     <span class='ocr_line' id='line_1_123' title="bbox 2177 5672 3029 5746; baseline 0.001 -20"><span class='ocrx_word' id='word_1_936' title='bbox 2177 5672 2222 5706; x_wconf 82' lang='lat'><em>&quot;</em></span> <span class='ocrx_word' id='word_1_937' title='bbox 2250 5675 2625 5743; x_wconf 74' lang='grc' dir='ltr'>προστάττειν]</span> <span class='ocrx_word' id='word_1_938' title='bbox 2667 5676 2927 5746; x_wconf 79' lang='grc' dir='ltr'>πράττειν</span> <span class='ocrx_word' id='word_1_939' title='bbox 2964 5674 3029 5727; x_wconf 80' lang='grc' dir='ltr'><strong>Α.</strong></span> 
     </span>
    </p>
   </div>
  </div>
