4012 6236
435 241 572 308 1479

1585 243 1847 306 ΡΗΟΤΙΙ
1883 241 2386 306 PATRIARCHIE
2426 233 2537 303 ΟΡ.

3543 234 3680 300 1480

433 370 556 408 cum
604 366 668 408 ea
713 351 1110 422 potentioribus
1153 359 1466 418 serventur,
1515 361 1678 422 atque
1721 353 1886 408 etiam
1937 354 2004 409 ad

2124 352 2501 420 τίνεται.Ὠστ“
2521 350 2574 404 εἴ
2589 367 2673 413 τις
2697 331 3132 420 ἀκριϐολογεῖται
3154 347 3285 419 περὶ
3305 347 3413 402 τῶν
3433 347 3680 411 δικαίων,

438 448 570 502 deos
605 447 748 516 ipsos
787 459 899 514 pra:
947 444 1115 498 nimia
1164 445 1432 515 sapientia
1467 447 1744 514 procedet,
1781 459 2005 515 eosque,

437 537 582 607 quod
622 550 725 590 non
762 550 919 605 a2quo
951 535 1075 605 jure
1129 550 1251 591 cum
1313 536 1623 590 hominibus
1674 545 1860 605 agant,
1914 537 2009 592 sed

440 626 728 697 imperium
762 626 867 680 sibi
906 635 1188 696 arrogent,
1236 625 1684 683 calumniabitur.
1720 627 1828 684 Sed
1873 629 2009 696 hcc,

439 729 500 773 ut
541 720 798 782 arbitror,
861 719 931 776 ab
979 719 1047 775 iis
1118 720 1484 790 disputantur,
1536 721 1629 790 qui
1689 721 1742 776 in
1795 721 2012 792 angulis

439 808 677 874 educati,
717 807 885 864 solem
939 824 1215 879 nunquam
1273 808 1543 874 viderunt,
1590 826 1620 864 a
1673 825 1780 880 quo
1833 812 2013 866 solent

442 899 563 955 alite
595 899 765 955 stella:
789 900 993 955 lumine
1021 901 1244 969 privari.
1277 899 1374 956 Sin
1412 901 1529 957 haec
1555 904 1864 958 necessario
1887 918 2009 958 cum

441 991 589 1045 omni
625 991 850 1060 imperio
872 994 1170 1060 cohaerent,
1203 1002 1398 1062 estque
1433 993 1537 1050 hoc
1570 994 1782 1063 imperii
1818 993 1927 1062 jus,
1954 1003 2015 1048 ut

445 1083 696 1154 princeps
741 1083 936 1152 potiori
967 1083 1040 1138 sit
1059 1082 1182 1152 jure
1218 1099 1379 1154 quam
1417 1085 1642 1140 caeteri:
1689 1085 1761 1140 ita
1799 1087 2014 1139 demum

445 1175 672 1240 cedam,
707 1175 754 1230 si
803 1190 908 1244 qua
949 1176 1032 1231 vel
1079 1175 1304 1245 Graeca,
1359 1178 1443 1232 vel
1495 1176 1726 1232 barbara
1772 1186 2014 1246 potestas

448 1265 628 1320 minus
677 1265 888 1335 imperii
930 1266 1076 1334 jure,
1134 1283 1297 1336 quam
1351 1268 1582 1338 populus
1642 1268 2014 1335 Atheniensis,

447 1370 545 1410 usa
598 1355 1019 1412 demonstretur.
1071 1359 1536 1425 Quemadmodum
1586 1360 1729 1414 enim
1774 1361 1830 1414 in
1876 1375 2016 1429 prte-

449 1447 612 1502 claris
642 1447 883 1504 consiliis
904 1449 1092 1518 optimi
1141 1449 1371 1518 alicujus
1411 1452 1510 1505 viri
1547 1466 1748 1505 morem
1801 1461 2018 1506 secutus

448 1547 555 1605 est,
581 1539 654 1592 ita
689 1538 744 1592 in
774 1538 842 1594 iis
882 1554 1001 1609 qua:
1033 1539 1437 1595 calumniantur
1472 1542 1741 1607 nonnulli,
1780 1557 1884 1595 non
1925 1555 2016 1596 se-

450 1629 686 1683 cundum
717 1643 1060 1685 communem
1091 1630 1370 1686 hominum
1405 1642 1677 1698 naturam,
1709 1633 1803 1687 sed
1851 1632 2018 1700 impe-

2109 443 2204 496 καὶ
2233 443 2494 513 σοφιστὴς
2542 436 2682 495 εἶναι
2729 439 2929 512 μᾶλλον
2957 439 3266 511 βούλεταιῆ
3300 441 3368 511 τῇ
3407 439 3515 493 τῶν
3541 457 3685 512 πρα-

2108 531 2336 602 γμάτων
2365 530 2526 601 φύσει
2552 531 2878 602 συγχωρεῖν,
2906 530 3008 582 οὐκ
3033 528 3102 582 ἂν
3136 527 3327 596 φθάνοι
3364 525 3684 598 διαγράφων

2109 626 2291 686 πάσας
2337 623 2510 693 ἀρχάς
2558 623 2654 678 καί⁹
2705 622 2961 692 δυνάμεις
3012 617 3220 683 ἁπλῶς,
3251 618 3328 681 ὡς
3373 617 3592 673 ἅπαντά
3615 635 3683 688 γε

2107 714 2282 769 ταῦτά
2313 712 2459 767 ἐστιν
2488 714 2548 766 ἐν
2569 712 2646 784 τῷ
2671 711 2859 783 θεσμῷ
2885 709 2980 764 τοῦ
3003 711 3309 782 κρείττονος
3326 707 3394 763 ’⁸.
3417 707 3550 763 Εἶτα
3579 709 3690 763 ὑπὸ

2112 804 2304 873 σοφίας
2355 805 2532 860 ἄνεισι
2572 805 2732 875 μέχρι
2771 803 2880 857 τῶν
2919 802 3056 856 θεῶν
3097 801 3354 872 ἐλέγχων,
3384 801 3480 857 καὶ
3509 801 3685 871 λέγων

2109 898 2187 961 ὡς
2219 899 2341 952 οὑδέ
2369 893 2515 953 οὑτοι
2535 901 2648 962 τοῖς
2673 897 2978 969 ἀνθρώποις
3004 897 3064 965 ἐξ
3091 897 3205 950 ἴσου
3241 894 3685 968 προσομιλοῦσιν,

2111 989 2230 1044 ἀλλ’
2283 990 2518 1062 ᾕρηνται
2572 990 2856 1061 κρείττους
2893 983 3054 1045 εἶναι.
3104 988 3266 1054 Ἀλλ’,
3321 983 3497 1057 οἶμαι,
3530 985 3687 1040 ταῦτ’

2113 1082 2230 1135 ἐστὶ
2257 1075 2486 1150 γωνίας
2517 1080 2687 1148 ἀξίων
2735 1078 3061 1151 ἀνθρώπων,
3118 1079 3214 1133 καὶ
3251 1078 3343 1132 τὸν
3388 1078 3538 1149 ἦλιον
3585 1078 3689 1146 οὐχ

2114 1174 2460 1245 ἑωρακότων,
2493 1173 2553 1238 ὃς
2591 1173 2904 1242 ἀφαιρεῖται
2948 1169 3077 1232 τοὺς
3123 1167 3315 1232 ἀλλους
3365 1169 3602 1240 ἀστέρας
3625 1169 3689 1221 τὸ

2117 1265 2424 1336 φαίνεσθαι.
2450 1264 2516 1318 Εί
2536 1264 2594 1318 δέ
2621 1263 2916 1334 ἀναγκαῖον
2943 1261 3007 1315 τὸ
3035 1258 3186 1330 πάσῃ
3211 1259 3499 1329 δυναστείᾳ
3520 1263 3564 1292 ⁷⁵
3589 1259 3690 1312 καὶ

2117 1359 2265 1428 πάσῃ
2313 1356 2603 1428 περιουσίᾳ
2651 1355 2722 1408 τά
2764 1352 2989 1407 τοιαῦτα
3039 1353 3342 1420 προσεῖναι,
3383 1350 3477 1402 καὶ
3531 1343 3690 1411 οὗτός

2117 1450 2267 1502 ἐστιν
2323 1447 2499 1517 ἀρχῆς
2535 1445 2756 1517 θεσμὸς,
2809 1444 2885 1515 μὴ
2915 1441 3024 1497 ἀπὸ
3061 1439 3155 1495 τοῦ
3197 1440 3314 1494 ῐσου
3375 1441 3511 1510 πρὸς
3559 1440 3692 1501 τοὺς

2117 1531 2393 1608 ὑπηκόους
2433 1536 2734 1608 κρίνεσθαι,
2773 1537 2896 1589 τότε
2931 1533 3096 1588 νικῶν
3142 1533 3320 1587 ἀπίτω
3349 1533 3395 1564 ⁷⁸
3423 1549 3528 1597 τις,
3559 1531 3694 1584 ὅταν

2117 1633 2266 1704 δείξῃ
2298 1631 2405 1684 τῶν
2445 1631 2619 1686 ἄλλων
2647 1631 2756 1683 εἴτε
2797 1626 3120 1700 Ἑλληνικῶν
3149 1626 3429 1697 δυνάμεων
3457 1627 3566 1678 είτε
3594 1623 3694 1677 καὶ

451 1719 518 1774 rii
568 1720 894 1776 necessitate
944 1721 1137 1776 ductus
1185 1724 1446 1789 peccavit.
1486 1695 1729 1791 Cumque
1775 1695 2015 1793 potentia

2124 1695 2470 1792 βαρέαρικῶν
2517 1719 2805 1791 βασιλειῶν
2838 1695 3123 1788 ἡντιναοῦν
3171 1695 3415 1770 ἐλάττονι
3454 1715 3532 1785 τῷ
3589 1715 3695 1782 τῆς

451 1827 548 1868 sua
579 1812 866 1881 imperium
901 1823 1045 1868 esset
1065 1816 1134 1868 ab
1164 1814 1320 1868 initio
1346 1816 1590 1883 adeptus,
1630 1832 1729 1884 per
1763 1817 2019 1870 Immani-

457 1911 620 1957 tatem
650 1902 791 1957 ultro
817 1903 1040 1968 dimisit,
1075 1917 1139 1958 ac
1170 1905 1282 1974 ipse
1306 1904 1504 1976 407a
1558 1921 1693 1975 pene
1743 1907 1845 1960 sibi
1905 1909 2016 1962 cri-

2121 1813 2434 1877 πλεονεξίας
2467 1813 2775 1882 γιγνομένῳ
2803 1810 3174 1882 χρησαμένην,
3206 1809 3240 1880 ἢ
3269 1809 3361 1862 τδν
3391 1807 3500 1861 τῶν
3541 1808 3697 1877 Ἀθη-

2119 1905 2286 1959 ναίων
2337 1905 2510 1974 δῆμον
2551 1905 2700 1958 ἔστιν
2737 1904 2939 1972 εὑρεῖν.
2971 1901 3278 1970 Φανὴσεται
3299 1899 3428 1970 γὰρ,
3460 1898 3497 1952 ἃ
3527 1898 3626 1968 μὲν
3648 1899 3697 1928 ⁷⁷

456 1991 662 2046 minum
701 2003 787 2048 est
815 2002 1004 2046 auctor
1036 1991 1231 2049 lactus.
1277 1994 1410 2048 Nam
1452 2011 1574 2048 cum
1622 1996 1854 2050 maxima
1893 2009 2020 2065 erga

2124 1995 2484 2066 διαφερόντως
2532 1993 2910 2056 ἐϐουλεύσατο,
2947 1992 3066 2054 ἐνὸς
3111 1990 3300 2060 ἀνδρὸς
3338 1988 3458 2060 nec;
3488 2005 3696 2060 κεχρη-

456 2097 652 2138 omnes
686 2082 1053 2138 familiaritate
1083 2095 1246 2154 atque
1273 2087 1642 2140 moderatione
1691 2102 1820 2140 usus
1856 2096 2018 2152 esset,

454 2185 657 2241 eosque
704 2172 879 2240 magis
935 2172 987 2225 in
1042 2172 1352 2242 reipublic-az
1397 2175 1710 2230 societatem
1765 2177 2024 2244 quodam-

459 2264 618 2319 modo
650 2272 920 2329 vocasset,
956 2279 1119 2333 quam
1152 2265 1489 2334 principatus
1514 2267 1639 2336 jure
1661 2267 2015 2334 cohibuisset,

458 2356 598 2411 idem
634 2353 772 2419 fere,
799 2355 945 2424 quod
988 2355 1130 2410 solet
1171 2356 1420 2424 benignis
1469 2356 1704 2412 dominis
1749 2355 2022 2423 accidere,

459 2461 650 2517 passus
709 2453 814 2514 est,
860 2456 921 2499 ut
975 2460 1081 2500 non
1139 2456 1360 2515 propter
1408 2457 1659 2500 crateram
1712 2448 2022 2516 aequitatem

463 2539 740 2608 gratiosus
783 2545 950 2601 esset,
999 2537 1092 2591 sed
1134 2550 1259 2591 cum
1309 2537 1436 2606 quid
1487 2539 1806 2607 postularet,
1839 2549 2028 2608 aperte

460 2632 568 2684 vim
617 2628 801 2683 facere
846 2628 1141 2682 videretur.
1187 2627 1328 2692 Quin
1369 2628 1639 2695 siquidem
1685 2630 1736 2682 in
1778 2645 1893 2694 eos,
1935 2629 2026 2698 qui

463 2732 562 2788 pro
618 2718 830 2773 civibus
864 2731 983 2772 sese
1020 2717 1300 2786 gerebant,
1348 2716 1461 2771 haec
1504 2718 1854 2786 perpetravit,
1897 2719 2028 2773 nihil

459 2819 590 2864 vcto
636 2807 926 2878 quominus
969 2807 1296 2862 incusetur:
1351 2805 1434 2859 sin
1486 2822 1616 2862 vero
1658 2809 1782 2876 quia
1831 2809 2028 2876 partim

465 2898 798 2963 defecerant,
839 2910 1071 2968 eumque
1125 2905 1324 2966 praeter
1386 2894 1701 2967 dignitatem
1753 2909 2032 2954 contume-

467 2994 599 3048 liose
625 2999 968 3062 acceperant,
985 2991 1176 3059 partim
1195 2998 1411 3058 apertos
1432 3004 1492 3045 se
1509 2989 1690 3057 hostes
1705 2991 2033 3060 proﬁteban-

471 3097 577 3151 tur,
610 3085 829 3140 dubium
864 3099 971 3138 non
1009 3083 1352 3155 relinquitur,
1397 3082 1530 3153 quin
1575 3083 1610 3136 ii
1653 3083 1745 3151 qui
1792 3083 2030 3137 necessi-

470 3190 636 3234 tatem
731 3178 1088 3247 attulerunt,
1181 3179 1385 3233 crimen
1492 3191 1652 3231 omne
1711 3176 2030 3231 sustineant.

469 3271 605 3325 Nam
670 3278 724 3325 et
773 3269 844 3324 illi
901 3283 967 3325 eo
1033 3269 1184 3339 quasi
1258 3269 1481 3338 pignore
1549 3267 1796 3321 videntur
1863 3281 2036 3336 eaque

472 3363 664 3418 ﬁducia
723 3363 848 3417 elati
907 3375 1184 3433 peccasse,
1237 3375 1341 3414 non
1404 3359 1544 3428 quod
1595 3358 1724 3414 urbe
1777 3371 2036 3430 perpetuo

472 3470 532 3510 se
603 3455 762 3524 poliri
815 3469 974 3521 posse
1044 3455 1347 3516 crederent,
1386 3453 1482 3506 sed
1533 3451 1672 3521 quod
1716 3467 1813 3507 nec
1867 3453 2036 3508 victos

472 3547 690 3616 gravius
735 3545 1047 3614 'quidquant
1127 3558 1248 3597 esse
1337 3557 1591 3613 passuros
1659 3541 2034 3607 confiderent,

474 3653 598 3690 cum
665 3637 1027 3690 Athenienses
1104 3649 1293 3687 natura
1387 3643 1570 3688 essent
1649 3633 1716 3688 ad
1795 3633 2038 3689 homines

475 3726 874 3781 conservandos
953 3723 1224 3794 propensi.
1296 3723 1450 3788 Quod
1514 3724 1659 3777 enim
1721 3724 1788 3778 de
1837 3722 2038 3793 Mityle-

477 3817 734 3872 nensihus
830 3818 1107 3870 decretum
1209 3823 1564 3878 revocarunt,
1665 3827 1786 3882 quae
1866 3823 2041 3882 potest

477 3908 673 3961 civitas
706 3907 898 3976 primis
929 3907 1173 3960 consiliis
1206 3904 1462 3958 vincere?
1493 3905 1562 3958 Ut
1594 3903 1737 3957 enim
1770 3917 1890 3972 qua:
1930 3905 2040 3972 pri-

478 4000 566 4052 die
597 4007 920 4060 statuerant,
957 3996 1144 4065 judicii
1186 4003 1343 4048 erant
1419 4003 1475 4048 et
1519 3995 1730 4064 injuria:
1758 4005 1990 4064 acceptae
2021 4010 2040 4049 :

480 4089 552 4142 ita
581 4103 700 4157 qua:
724 4087 982 4156 postridie
1010 4093 1310 4151 mutarunt,
1342 4085 1512 4140 solius
1541 4094 1695 4140 erant
1722 4087 1892 4150 urbis,
1917 4100 2041 4140 cum

477 4180 695 4249 quidem
749 4179 986 4233 triremis
1031 4193 1135 4231 una
1184 4187 1270 4232 est
1323 4176 1548 4230 alteram
1601 4188 1874 4233 assecuta.
1921 4177 2041 4233 Jam

476 4287 602 4328 cum
636 4270 871 4326 hominis
902 4268 1141 4338 cujusvis
1172 4267 1543 4324 defensionem
1575 4283 1698 4323 cum
1737 4270 1877 4324 laeto
1910 4285 2042 4325 con-

2126 2088 2286 2157 μένος
2312 2087 2408 2139 τοῦ
2463 2085 2765 2156 βελτίστου,
2801 2083 2838 2138 ἃ.
2866 2083 2924 2137 δὲ
2971 2081 3262 2151 ἐγκαλοῦσι
3296 2099 3462 2144 τινες,
3515 2081 3576 2133 οὑ
3623 2083 3697 2151 τῇ

2125 2180 2276 2249 κοινῇ
2301 2177 2460 2246 φύσει
2493 2177 2599 2230 τῶν
2628 2176 2931 2248 ἀνθρώπων
2960 2172 3302 2246 ἐξαμαρτὼν,
3338 2173 3473 2227 ἀλλά
3501 2177 3566 2244 τῇ
3597 2174 3702 2242 τῆς

2122 2272 2297 2344 ἀρχῆς
2324 2271 2696 2341 ἀκολουθήσας
2733 2271 2969 2343 ἀνάγκῃ,
3023 2269 3182 2342 [1229
3210 2267 3302 2340 3.]
3351 2271 3443 2322 καί⁸
3469 2269 3702 2338 δυνάμει

2128 2365 2228 2434 μὲν
2265 2364 2449 2434 ἄρχων
2475 2363 2746 2426 καταστὰς
2793 2363 2855 2414 τὸ
2893 2363 2953 2426 ἐξ
2980 2363 3174 2432 ἀρχῆς,
3221 2359 3602 2433 φιλανθρωπίᾳ
3637 2361 3701 2414 δὲ

2123 2455 2186 2508 τὸ
2229 2458 2330 2525 τῆς
2365 2456 2540 2525 ἀρχῆς
2588 2453 2822 2518 δεδοικδς
2865 2453 2910 2485 ⁷⁸
2949 2453 3090 2507 ἑκὼν
3124 2454 3330 2525 μεθεὶς,
3363 2452 3459 2506 καὶ
3511 2453 3704 2522 σχεδὸν

2123 2546 2233 2600 τῶν
2279 2547 2640 2617 ἐγκλημάτων
2675 2547 2848 2609 αἴτιος
2897 2545 3047 2616 αὑτῷ
3069 2546 3115 2578 ⁷⁸
3144 2545 3402 2615 γεγονώς.
3454 2545 3704 2616 Πλείστῳ

2125 2637 2234 2709 γάρ
2258 2637 2338 2708 τῷ
2373 2637 2535 2708 κοινῷ
2557 2636 2652 2690 καὶ
2683 2637 2888 2708 μετρίῳ
2919 2636 3054 2706 πρὸς
3085 2635 3298 2689 ἅπαντα
3329 2637 3702 2707 χρησάμενος,

2129 2727 2224 2778 καὶ
2270 2728 2470 2796 τρόπον
2523 2725 2643 2778 τινὰ
2693 2726 2791 2795 τῆς
2847 2725 3125 2788 πολιτείας
3175 2725 3375 2796 μᾶλλον
3407 2726 3705 2789 κοινωνοὺς

2128 2817 2497 2887 ποιησάμενος
2546 2817 2578 2887 ἢ
2631 2817 2952 2878 δυναστείας
2999 2817 3148 2888 νόμῳ
3179 2818 3448 2887 κατέχων,
3493 2817 3697 2872 ταυτὸν

2128 2910 2242 2970 τοῖς
2281 2911 2537 2977 χρηστοῖς
2567 2907 2734 2960 ἔπαθε
2777 2907 2886 2960 τῶν
2913 2907 3219 2960 δεσποτῶνο
3247 2908 3309 2961 οὑ
3345 2909 3452 2977 γὰρ
3485 2908 3574 2961 διὰ
3601 2908 3704 2978 τὴν

2132 2998 2298 3066 ἀλλην
2322 2999 2620 3050 ἐπιείκειαν
2652 2997 2872 3068 χάριτος
2913 2999 3043 3068 παρ’
3075 2998 3231 3051 ἐνίων
3271 2998 3479 3068 ἔτυχεν,
3502 2999 3618 3052 ἀλλ’
3650 2999 3710 3052 εῐ

2085 3087 2100 3104 ⁹
2135 3106 2187 3141 τι
2219 3088 2684 3158 προσηνάγκασιν,
2731 3088 3010 3156 ἐπιφανῶς
3065 3088 3210 3156 ἔδοξε
3239 3089 3541 3158 βιάζεσθαι.
3591 3091 3706 3143 Kal

2137 3179 2243 3248 μὴν
2267 3179 2316 3211 ⁸⁰
2343 3179 2391 3231 εί
2428 3179 2526 3249 μὲν
2547 3179 2766 3249 ἔχοντας
2797 3179 2857 3231 τὸ
2887 3179 2992 3231 τῶν
3023 3179 3278 3250 ὑπηκόων
3309 3182 3492 3251 σχῆμα
3524 3179 3705 3234 ταῦτα

2135 3271 2496 3341 εἰργασμένος
2534 3271 2804 3339 φαίνεται,
2837 3270 3015 3340 δῶμεν
3042 3273 3154 3334 τοῖς
3184 3271 3422 3324 ἐθέλουσι
3459 3273 3707 3342 βλασφη-

2139 3363 2292 3430 μεῖν’
2327 3361 2376 3412 εί
2417 3361 2471 3412 δὲ
2501 3360 2631 3424 τοὺς
2664 3359 2763 3429 μὲν
2788 3360 3130 3424 ἀποστάντας
3165 3359 3290 3431 [664
3315 3358 3407 3432 IL]
3445 3364 3538 3415 καὶ
3573 3363 3708 3432 παρ’

2136 3449 2292 3514 ἀξίαν
2323 3449 2651 3521 ὑϐρίσαντας
2681 3450 2762 3513 είς
2795 3449 2979 3516 αὑτὸν,
3013 3451 3140 3514 τοὺς
3168 3451 3223 3504 δὲ
3251 3453 3313 3504 ἐκ
3343 3452 3435 3505 τοῦ
3467 3452 3706 3522 φανεροῦ

2136 3540 2426 3610 πολεμίους
2487 3541 2666 3607 ὄντας,
2707 3542 2958 3613 ποτέροις
3000 3542 3149 3609 ἄξιον
3198 3543 3481 3611 ἐγκαλεῖν;
3534 3539 3709 3614 Οἶμαί

2137 3647 2200 3698 γε
2239 3631 2279 3662 ⁸¹
2323 3635 2432 3693 τοῖς
2470 3631 2570 3702 τὴν
2605 3633 2851 3704 ἀνάγκην
2890 3634 3282 3705 παρασχοῦσιν,
3321 3633 3473 3688 Ἐπεὶ
3514 3636 3709 3689 κάκεῖ-

2137 3722 2217 3774 νοί
2239 3722 2286 3752 ⁸⁸
2317 3739 2406 3792 μοι
2431 3721 2678 3776 δοκοῦσιν
2701 3723 2888 3796 ὥσπερ
2917 3726 3169 3798 ἐνέγυρον
3201 3725 3332 3779 αὑτὸ
3367 3725 3523 3780 τοῦτο
3550 3727 3708 3797 ἔχον-

2137 3828 2227 3874 τες
2257 3813 2586 3883 ἐπαρθῆναι,
2618 3815 2714 3868 καὶ
2759 3814 2932 3886 τούτῳ
2959 3817 3008 3849 ⁸³
3051 3816 3284 3886 μάλιστα
3315 3818 3711 3885 πιστεύσαντες

2142 3903 2426 3973 ἁμαρτεῖν,
2460 3905 2523 3958 οὑ
2563 3905 2640 3974 τῷ
2659 3906 2705 3938 ⁸⁵
2735 3906 2822 3960 διὰ
2854 3906 3040 3970 τέλους
3082 3909 3376 3980 κρατήσειν
3401 3909 3446 3940 ⁸⁸
3474 3910 3573 3981 τῆς
3610 3912 3713 3964 πό-

2143 3993 2302 4059 λεως,
2335 3994 2469 4048 ἀλλά
2494 3994 2572 4065 τῷ
2597 3995 2720 4066 μηδ’
2753 3996 2818 4050 ἂν
2847 3997 3092 4066 ληφθῶσι
3131 3999 3296 4068 μηδὲν
3316 3999 3487 4053 δεινὸν
3517 4002 3711 4054 πείσε-

2144 4085 2288 4151 σθαι,
2308 4087 2382 4150 ὼς
2407 4087 2724 4156 ’Λθηναίους
2753 4103 2816 4156 γε
2845 4089 3158 4156 πεφυκότας
3184 4089 3398 4152 σώζειν.
3422 4091 3590 4161 Δῆλον
3610 4093 3672 4146 δέ
3691 4109 3710 4128 ο

2140 4177 2178 4232 ἀ
2206 4178 2314 4247 γὰρ
2360 4178 2488 4247 περὶ
2517 4178 2899 4248 Μιτυληναίων
2940 4179 3308 4248 μετέγνωσαν,
3342 4182 3426 4244 τίς
3473 4183 3588 4252 ἔχει
3624 4200 3712 4236 νι-

2144 4270 2308 4339 κῆσαι
2363 4269 2514 4332 πόλις
2557 4267 2638 4334 οἷς
2677 4270 2738 4336 ἐξ
2785 4273 2958 4342 ἀρχῆς
3009 4272 3364 4327 ἐϐουλεύσατο
3395 4274 3475 4342 ⁸⁶;
3514 4277 3712 4330 ἐκεῖνος

472 4361 720 4433 junctam
773 4373 964 4415 omnes
1020 4358 1319 4428 recipiant,
1380 4359 1551 4414 miror
1600 4373 1694 4416 eos
1744 4359 1894 4416 urbis
1953 4376 2024 4414 re:

2144 4361 2252 4431 γὰρ
2280 4361 2317 4416 ἃ
2348 4361 2448 4431 μὲν
2471 4365 2537 4433 τῇ
2565 4362 2861 4434 προτεραίᾳ
2897 4363 3211 4432 διέγνωσαν,
3251 4365 3347 4436 τῆς
3382 4367 3616 4437 κρίσεως
3641 4363 3712 4440 ἦν

477 4463 660 4521 gestas
711 4462 787 4509 tot
833 4469 899 4509 ac
937 4462 1136 4518 tantas,
1192 4452 1387 4523 quibus
1439 4451 1530 4506 illa
1578 4467 1638 4508 se
1693 4461 1904 4523 purgat.
1940 4467 2024 4507 non

2144 4453 2236 4506 καὶ
2256 4445 2330 4505 ὧν
2354 4452 2609 4523 ἠδίκηντο
2632 4469 2646 4483 ·
2675 4453 2714 4508 ἀ.
2737 4454 2792 4506 δὲ
2817 4456 2884 4525 τῇ
2929 4453 3190 4526 ὑστεραίᾳ
3219 4457 3586 4526 μετέγνωσαν,
3609 4463 3715 4531 τῆς

439 4533 442 4541 ’
480 4547 849 4600 considerare.
925 4545 1007 4600 An
1055 4559 1186 4601 vero
1223 4545 1393 4600 solem
1451 4545 1667 4614 quidem
1724 4559 1790 4598 ac
1838 4544 2017 4598 lunam

2143 4542 2350 4606 πόλεως
2390 4539 2458 4614 ἦν
2496 4543 2686 4613 μόνης.
2716 4545 2827 4598 Καὶ
2854 4546 2888 4615 ή
2931 4546 3164 4616 τριήρης
3199 4546 3295 4617 τὴν
3326 4549 3526 4620 τριήρη
3580 4567 3716 4604 κατ-

481 4651 586 4692 non
615 4636 686 4691 ob
719 4637 937 4701 damna,
986 4649 1106 4704 qua:
1137 4634 1292 4690 nobis
1315 4634 1470 4700 dant,
1511 4633 1912 4697 accusabimus,
1941 4647 2024 4688 sec

2141 4631 2373 4702 ειλήφει.
2401 4633 2675 4704 Θαυμάζω
2699 4635 2755 4688 δὲ
2789 4636 2838 4689 εί
2865 4635 2973 4689 τῶν
3007 4636 3106 4706 μὲν
3126 4637 3171 4669 δ’
3201 4637 3422 4692 ἰδιωτῶν
3448 4643 3546 4711 τὴν
3567 4641 3714 4713 ἔργῳ

480 4736 702 4796 propter
737 4729 1020 4782 commoda
1046 4727 1112 4783 ah
1141 4726 1273 4796 ipsis
1307 4725 1546 4796 profecta
1577 4725 1900 4780 mirabimur
1926 4742 1942 4780 :
1973 4725 2024 4781 dt

2139 4723 2339 4787 πάντες
2363 4724 2657 4794 ἀπολογίαν
2679 4724 2904 4794 τιμῶσι,
2925 4725 3022 4796 τῆς
3042 4725 3245 4791 πόλεως
3256 4726 3312 4781 δὲ
3328 4728 3374 4760 ⁸⁸
3397 4730 3493 4800 οὑχ
3514 4731 3712 4801 ὁρῶσιν

481 4817 617 4873 urbe
641 4833 748 4872 non
771 4832 839 4872 ex
873 4817 1125 4872 universa
1155 4817 1274 4886 ejus
1301 4824 1517 4882 natura,
1549 4825 1606 4872 et
1633 4831 1755 4871 cum
1788 4815 2024 4872 omnibut

2140 4815 2190 4869 οί
2213 4815 2404 4886 σεμνοὶ
2432 4817 2500 4870 τὰ
2514 4815 2652 4886 ἔργα
2670 4815 2716 4848 ⁸⁸
2739 4817 2806 4869 δι’
2828 4816 2957 4869 οἴων
2985 4817 3080 4870 καὶ
3101 4818 3240 4872 ὅσων
3255 4819 3710 4891 ἀπολελόγηται⁹⁶

479 4907 873 4963 consuetudine
908 4922 972 4962 ac
997 4907 1390 4974 familiaritate,
1412 4907 1507 4963 sed
1546 4921 1613 4962 ex
1650 4905 2024 4964 oﬂensionibut

2144 4906 2273 4978 περὶ
2297 4905 2521 4962 τούτων.
2550 4907 2660 4961 Kal
2687 4905 2838 4977 ἡλίου
2871 4907 2916 4938 ⁹¹
2945 4907 3047 4978 μὲν
3092 4910 3187 4962 καὶ
3217 4910 3442 4981 σελήνης
3487 4912 3588 4984 οὐχ
3612 4914 3710 4968 ὃσα

476 5000 684 5070 aliquot
733 4999 1137 5071 judicabimus?
1180 4998 1297 5054 Non
1343 5009 1520 5072 puto:
1559 5000 1661 5056 nisi
1705 5000 1827 5069 quis
1876 5001 2024 5055 etian'

2145 4997 2440 5068 βλάπτουσι
2486 4999 2918 5071 κατηγοροῦμεν,
2950 5000 3064 5055 ἀλλ’
3090 5003 3231 5056 ὅσων
3273 5003 3496 5070 ἀγαθῶν
3546 5007 3708 5060 αἴτιοι

478 5089 705 5146 fulmina
747 5093 994 5158 deorum,
1029 5106 1095 5145 ac
1118 5091 1379 5159 tonitrua,
1406 5099 1693 5162 motusque
1726 5097 1885 5145 terra
1913 5089 2024 5146 velit

2143 5090 2387 5158 γίνονται
2414 5091 2460 5124 ³⁸
2491 5090 2841 5164 θαυμάζομεν
2861 5108 2877 5124 ο
2923 5093 3022 5165 τὴν
3075 5095 3226 5149 πόλιν
3253 5097 3300 5149 δ’
3323 5095 3385 5162 ἐξ
3431 5091 3508 5152 ὧν
3547 5100 3708 5164 ἐνίοις

1737 5244 1969 5302 VARUS
2006 5242 2408 5304 LECTIONES.

658 5360 968 5448 κρείττονος
987 5361 1052 5448 ξ,
1091 5359 1448 5448 κηρύττοντος
1567 5431 1593 5445 _
1635 5365 1681 5448 ’ξ
1709 5364 1863 5448 πάσῃ
1884 5366 2167 5448 δυναστείᾳ
2200 5369 2303 5448 Α).
2337 5368 2576 5448 ἁπάσῃ..
2650 5367 2700 5448 ξ’
2721 5367 2936 5448 ἀπίστω
2982 5367 3047 5423 Α.
3087 5441 3099 5448 _
3140 5369 3188 5403 ⁷⁷
3213 5369 3339 5448 μὲν]
3378 5371 3488 5448 μὲν-
3505 5373 3613 5448 γάρ
3638 5374 3706 5434 Δ.
3769 5349 3772 5353 λ

473 5433 537 5518 ’⁸.
557 5432 791 5518 δεδοικός
822 5432 908 5486 A:
940 5432 1186 5516 δεδωκώς
1214 5449 1276 5514 ς.
1372 5433 1419 5465 ⁷⁹
1454 5432 1601 5503 αὑτῷ
1651 5435 1698 5516 ρ
1729 5452 1744 5488 :
1779 5432 1874 5488 καὶ
1912 5435 2060 5506 αύτῷ
2092 5432 2153 5500 ςξ
2257 5438 2305 5520 ⁸3
2348 5432 2615 5562 μὴνᾹἾτήν
2639 5438 2704 5494 Α.
2767 5438 2810 5470 ⁸¹
2837 5455 3040 5523 γε,οιιι.
3071 5441 3137 5494 Α.
3213 5432 3226 5440 ’
3247 5441 3294 5472 ⁸¹
3319 5432 3628 5496 ’κακεῖνοίᾉ
3659 5481 3675 5497 .

474 5502 698 5555 κακεινό
724 5519 782 5562 ς.
860 5501 907 5533 ⁸³
925 5500 1120 5562 τουτῳῖ
1151 5517 1242 5554 του
1273 5503 1340 5557 Α.
1439 5502 1487 5534 ⁸⁵
1503 5502 1565 5556 ού
1607 5503 1708 5562 τω]
1742 5503 1884 5557 οὑτω
1913 5507 1977 5559 Δ.
2054 5505 2099 5538 ⁸⁵
2127 5523 2397 5562 κρατῆσαι
2491 5544 2507 5562 .
2606 5508 2653 5542 ⁸⁶
2710 5507 3093 5562 ἐδουλευσαντο
3121 5511 3186 5562 Α.
3285 5510 3332 5543 ⁸⁷
3356 5510 3454 5562 μὲν
3491 5527 3600 5562 om.
3639 5511 3675 5562 Ii

474 5502 698 5580 κάκεῖνό
724 5519 805 5580 ς,-
860 5501 907 5533 ⁸³
925 5500 1242 5580 τούτω-τοῦ
1273 5503 1340 5557 Α.
1439 5502 1487 5580 ξδ
1503 5500 1584 5556 ού
1607 5503 1708 5576 τῷ]
1724 5503 1884 5580 Δοὺτω
1913 5507 1977 5559 Δ.
2032 5500 2423 5580 ἠ’-κρατῆσαί
2441 5500 2583 5580 Ᾱνί
2606 5508 2653 5580 _“
2706 5500 3093 5580 ἐϐουλεύσαντο
3121 5511 3186 5562 Α.
3285 5510 3332 5543 ⁸⁷
3354 5510 3454 5580 μὲν
3491 5527 3600 5567 om.
3639 5511 3703 5565 Β.

473 5571 1262 5710 ἒοδὲθιέιὼἂταιὲιὲἀᾼέργα
1287 5587 1398 5630 om.
1425 5572 1492 5629 Δ.
1531 5571 1745 5632 anteet
1782 5590 1968 5647 σεμνοι
2007 5571 2179 5646 ροιιὶι’
2201 5571 2345 5634 corr.
2386 5577 2447 5634 B.
2522 5579 2569 5612 ⁹⁰
2597 5577 2938 5648 ἀπολογεῖται
2969 5580 3013 5634 Λ
3111 5581 3154 5613 ⁸⁸
3189 5571 3444 5651 ήλιον’-·
3475 5581 3706 5654 σελήνην
