4012 6236
285 269 416 337 1481

1389 274 1913 336 BIBLIOTHECA.
1954 300 2023 312 --
2057 276 2221 338 COD.
2263 274 2555 337 CCXLVI.

3414 270 3553 336 1482

280 362 709 433 προσέκρουσεν,
736 361 849 416 ἀλλ’
881 361 981 416 οὑκ
1013 360 1073 428 ἐξ
1100 357 1176 416 ῶν
1208 362 1414 416 ἅπασιν
1445 363 1726 433 ὡμίλησεν
1755 362 1863 417 οὐδ’

1985 363 2317 428 τιιιυιιιιιίιιτί,
2374 360 2636 432 neglectis
2667 356 3045 414 communibus
3085 364 3250 426 atque
3282 357 3550 412 universis

278 454 346 505 ἐκ
379 451 480 519 τῆς
526 452 655 524 ὅλης
703 452 922 522 φύσεως
953 454 1247 525 κρινοῦμεν
1280 455 1362 520 ⁹³;
1405 454 1520 508 Οὐκ
1541 454 1725 524 οἴομαί
1781 470 1874 521 γε·

281 542 473 615 ῶσπερ
519 543 586 598 ἂν
635 544 689 598 εἰ
730 562 815 609 τις
845 545 1082 601 καὶτῶν
1128 545 1266 600 θεῶν
1287 545 1333 578 ⁸⁸
1367 546 1701 617 κατηγοροίη
1748 547 1875 610 τοὺς

280 636 565 707 σκηπτοὺς
601 639 820 702 καὶτὰς
856 637 1109 709 βροντάς,
1137 638 1242 693 κᾶν
1271 639 1326 692 εί
1366 655 1416 691 τι
1456 638 1644 710 σεισθῇ
1670 639 1738 706 ⁸⁸,
1775 638 1876 701 τὰς

277 729 412 788 ὅλας
442 729 541 783 καὶ
569 730 756 793 κοινάς
786 731 969 784 αὑτῶν
1014 732 1338 804 εὐεργεσίας
1368 732 1653 804 ἀμελήσας
1675 733 1722 766 ⁸⁸
1745 750 1873 786 σκο-

280 822 431 875 πεῖν.
464 822 644 893 Ἔχων
664 824 709 857 ⁸⁷
740 824 796 877 δὲ
827 823 999 879 πολλὰ
1035 824 1130 878 καὶ
1153 823 1264 879 τῶν
1298 823 1526 896 ὕστερον
1554 827 1751 893 εἰπεῖν,
1781 826 1874 881 καὶ

1979 456 2278 513 beneﬁciis.
2315 455 2579 522 Quamvis
2608 463 2789 508 autem
2822 450 2992 505 multa
3025 463 3241 519 quoque
3280 450 3556 519 posterio-

1979 566 2101 607 runt
2132 559 2434 619 temporum
2455 546 2623 611 bella,
2652 546 2909 600 inusitata
2941 551 2998 598 et
3025 541 3264 596 inaudita
3296 549 3558 596 constan-

1981 642 2073 704 tia,
2111 640 2410 697 narrationi
2442 654 2575 694 mea:
2602 639 2809 707 reliqua
2847 636 2980 701 sint,
3018 645 3231 705 tempus
3261 644 3441 689 tamen
3472 650 3558 688 me

1979 731 2183 785 deiicit.
2213 730 2559 800 QuaprOpter
2581 743 2746 781 unum
2773 728 2818 783 si
2844 725 3134 793 addidero,
3159 732 3333 778 totum
3360 723 3426 776 de
3456 722 3559 777 hac

1980 838 2038 878 re
2076 836 2382 878 sermonem
2423 819 2770 876 concludam.

285 917 466 987 μάχας
491 917 725 980 ἀτόπους
755 918 850 971 καὶ
874 919 1205 990 τολμήματα
1227 919 1521 990 θαυμαστά
1581 922 1678 974 καὶ
1747 919 2042 987 καρτερίας
2086 917 2402 987 ὑπερφυεῖς,
2457 913 2639 969 οὐκέθ’
2707 913 2820 985 ὁρῶ
2863 912 2956 967 τὸν
3006 911 3199 985 καιρὸν
3262 907 3556 983 ἀρκοῦντα.

282 1004 552 1058 Τοσοῦτον
580 998 626 1055 δ’
665 1005 744 1060 ἔτι
775 1006 821 1038 ⁸⁸
847 1007 1104 1077 προσθεὶς
1141 1011 1255 1072 τοῖς
1284 1008 1417 1081 περὶ
1446 1008 1650 1063 τούτων
1688 1009 1869 1078 λόγοις
1908 1008 2344 1078 ἀπαλλάττομαι.

358 1093 628 1166 "nemp"
664 1097 772 1169 γὰρ
796 1100 1079 1169 προειδυῖα
1112 1099 1171 1166 ea
1221 1102 1396 1172 ἀρχῆς
1445 1102 1478 1173 ἡ
1526 1100 1688 1171 φύσις
1743 1101 1873 1171 περὶ¹

282 1190 384 1259 τῆς
410 1189 643 1253 πόλεως,
682 1191 806 1245 ὅσον
828 1196 941 1255 τοῖς
970 1192 1153 1265 ἔργοις
1210 1194 1460 1266 προέξειί
1494 1194 1602 1249 τῶν
1662 1194 1862 1260 ἄλλων,

284 1283 735 1337 κατεσκευάσατο
776 1285 915 1357 αὑτῇ
951 1286 1086 1355 πρὸς
1144 1287 1302 1353 ἀξίαν
1365 1286 1493 1351 τοὺς
1531 1287 1745 1357 λόγους,
1786 1288 1873 1340 ἴνα

285 1371 426 1443 αὐτή
460 1389 520 1425 τε
547 1377 809 1445 κοσμοῖτο
838 1377 945 1431 ὑπὸ
979 1378 1088 1433 τῶν
1120 1379 1316 1448 ἑαυτῆς
1349 1378 1593 1445 ἀγαθῶν,
1628 1380 1729 1433 κᾶν
1761 1396 1872 1432 τισι

285 1462 396 1517 τῶν
431 1463 609 1518 ἄλλων
639 1464 757 1537 δὲῃ,
798 1467 892 1519 καὶ
920 1466 1066 1520 τοῦτ’
1097 1467 1194 1540 ἔχῃ
1230 1468 1373 1540 μετὰ
1407 1468 1518 1521 τῶν
1569 1468 1745 1523 ἄλλων
1772 1486 1873 1539 χα-

290 1556 564 1627 ρίζεσθαι.
597 1558 870 1629 Πρότερον
893 1560 993 1633 μὲν
1016 1555 1110 1615 οὖν
1147 1563 1275 1625 τοὺς
1308 1560 1755 1631 καταφεύγοντας
1790 1561 1878 1632 ἐφ’

287 1649 436 1720 ὑμᾶς
469 1648 580 1703 τῶν
651 1651 923 1722 Ἑλλήνων
977 1636 1305 1719 διεσώζετεο
1362 1654 1481 1706 νυνὶ
1529 1653 1576 1707 δ’
1639 1654 1879 1725 ἀτεχνῶς

288 1739 500 1804 πάντας
532 1738 856 1810 ἀνθρώπους
887 1740 984 1795 καὶ
1009 1743 1189 1827 πάντα
1212 1740 1343 1813 γένη
1381 1744 1446 1813 τῇ
1478 1742 1747 1815 καλλίστῃ
1770 1743 1878 1796 τῶν

286 1831 622 1900 εὐεργεσιῶν
647 1831 893 1903 ἀνέχετε,
930 1833 1201 1903 ἡγεμόνες
1257 1832 1513 1895 παιδείας
1544 1834 1640 1887 καὶ
1686 1835 1879 1903 σοφίας

287 1924 508 1993 ἀπάσης
537 1923 839 1993 γινόμενοι.
888 1924 1051 1978 Ἀλλά
1074 1926 1095 1956 ⁸
1132 1925 1241 1997 μὴν
1280 1926 1442 1979 πέντε
1474 1925 1574 1996 μὲν
1599 1924 1714 1979 ἐστι
1738 1926 1872 1998 μνή-
1915 1971 1957 2029 Β

289 2018 406 2089 μη³
440 2018 732 2087 βασιλειῶν
763 2031 781 2049 ⁸
820 2018 896 2090 μὴ
940 2018 1153 2089 γένοιτο
1207 2019 1267 2074 δδ
1307 2020 1599 2079 πλειόνων.
1657 2022 1877 2078 Τούτων

284 2109 331 2162 δ’
366 2110 459 2162 ἐπὶ
492 2110 591 2179 μὲν
613 2109 714 2180 τῆς
760 2108 1062 2180 Ἀσσυρίων
1090 2111 1194 2182 τῆς
1226 2111 1618 2189 πρεσϐυτάτης
1649 2119 1704 2172 αἱ
1724 2116 1881 2188 πρῶ-

285 2220 378 2257 ται
408 2203 511 2273 τῆς
534 2201 743 2266 πόλεώς
776 2204 882 2256 είσι
913 2203 1164 2275 πράξεις,
1197 2204 1295 2261 καὶ
1338 2205 1439 2262 ὅσα
1477 2208 1588 2263 τῶν
1616 2208 1776 2264 θείων
1802 2210 1881 2274 είς

286 2294 478 2349 τοῦτον
507 2295 770 2366 ἐμπίπτει
803 2295 896 2349 τὸν
919 2296 1145 2369 χρόνονο
1201 2301 1295 2355 ἐπὶ
1353 2301 1412 2355 δὲ
1470 2303 1571 2373 τῆς
1621 2302 1882 2374 δευτέρας

287 2388 455 2460 ᾔρετο
483 2389 515 2458 ἢ
542 2386 735 2454 πόλις*
770 2389 870 2461 τὴν
906 2390 962 2444 δὲ
996 2391 1189 2463 τρίτην
1227 2388 1318 2449 διὰ
1344 2393 1535 2458 τέλους
1588 2395 1839 2466 ἐνίκησεν
1863 2409 1878 2426 ·

288 2482 349 2536 ὲν
367 2480 425 2538 δὲ
446 2485 512 2553 τῇ
542 2483 780 2556 τετάρτῃ
805 2482 942 2555 μόνη
973 2484 1071 2554 μὲν
1091 2484 1378 2558 ἀντέσχεν,
1408 2488 1609 2558 ἄριστα
1625 2487 1672 2541 δ’
1702 2488 1881 2560 ἀπήλ-

289 2573 420 2639 λαξε
472 2574 581 2628 τῶν
621 2574 832 2630 ἀλλων·
887 2576 982 2629 ἐπὶ
1033 2575 1091 2629 δὲ
1153 2579 1253 2647 τῆς
1288 2579 1470 2634 πάντα
1503 2580 1736 2652 ἀρίστης
1786 2581 1883 2635 καὶ

292 2664 581 2737 μεγίστης,
643 2666 746 2735 τῆς
799 2667 918 2720 νυνὶ
981 2666 1415 2739 καθεστηκυίας,
1483 2672 1554 2726 τὰ
1615 2672 1883 2745 πρεσϐεῖα

291 2755 493 2843 παντὸς
522 2754 755 2826 ἔχειτοῦ
792 2756 1137 2829 Ἑλληνικοῦ,
1172 2751 1267 2814 καὶ
1322 2764 1653 2835 πέπραγενδ
1701 2766 1880 2833 οὕτως

288 2844 434 2900 ὥστε
471 2846 546 2918 μὴ
588 2846 788 2919 ῥαδίως
819 2847 884 2901 ἄν
912 2866 1035 2903 τινα
1066 2852 1206 2925 αὑτῇ
1263 2852 1332 2908 τά
1361 2855 1563 2927 ἀρχαῖα
1617 2858 1740 2912 ἀντὶ
1771 2859 1881 2913 τῶν

293 2937 577 3009 παρόντων
605 2938 994 3004 συνεύξασθαι.
1012 2940 1177 3016 Γνοίη
1213 2944 1257 2997 δ’
1274 2945 1340 2999 ἄν
1366 2964 1451 3010 τις
1482 2949 1608 3002 ὅσον
1635 2952 1702 3021 τῇ
1730 2950 1881 3004 πόλει

294 3030 573 3101 περίεστιν
621 3032 686 3085 ἐκ
733 3032 827 3086 τοῦ
870 3039 1076 3100 παντὸς
1111 3038 1328 3102 αἰῶνος,
1370 3038 1534 3113 [I252
1567 3041 1661 3114 ἢ]
1697 3044 1747 3097 εί
1813 3044 1882 3098 τά

293 3121 612 3195 ὑπάρχοντα
642 3126 804 3196 αὐτῇ,
840 3126 1022 3184 πάντα
1042 3130 1139 3200 μὲν
1176 3132 1277 3186 οὑκ
1305 3134 1435 3199 ῖσως
1460 3135 1709 3204 δυνατὸν,
1740 3137 1882 3207 μᾶλ-

292 3215 385 3268 λον
406 3216 462 3270 δὲ
482 3218 665 3285 σαφῶς
690 3218 979 3286 ἀδύνατον,
1004 3223 1120 3277 ἀλλ’
1137 3225 1235 3278 ὅσα
1252 3243 1316 3294 γε
1347 3228 1604 3298 ἐγχωρεῖ,
1628 3231 1880 3301 μερίσας,

2049 1097 2250 1154 Natura
2282 1098 2438 1169 quasi
2480 1098 2662 1154 sciens
2731 1095 2847 1151 fore
2891 1105 2949 1150 ut
2996 1096 3155 1150 rebus
3202 1094 3367 1164 gestis
3423 1093 3561 1147 alios

1979 1189 2111 1245 urbs
2145 1188 2303 1259 longe
2348 1187 2613 1255 vinceret,
2668 1187 2947 1246 orationes
3001 1186 3052 1240 ei
3101 1195 3156 1240 et
3205 1185 3414 1240 litteras
3462 1200 3561 1253 pro

1980 1280 2246 1352 dignitate
2280 1280 2494 1345 tribuit,
2525 1293 2634 1349 quo
2665 1288 2719 1333 et
2767 1278 2881 1348 ipsa
2925 1277 3040 1332 suis
3084 1277 3347 1343 gauderet
3396 1289 3563 1332 orna-

1980 1372 2202 1438 mentis,
2250 1381 2305 1426 et
2358 1371 2502 1435 aliis,
2547 1371 2592 1425 si
2640 1385 2778 1440 opus
2824 1379 2990 1434 esset,
3034 1367 3232 1440 5,070
3282 1383 3386 1424 una
3438 1385 3562 1424 cunt

1983 1464 2207 1535 reliquis
2240 1463 2511 1533 impertiri
2544 1470 2751 1531 posset.
2786 1460 2920 1516 Cum
2966 1476 3100 1533 ergo
3145 1463 3299 1533 prius
3344 1460 3564 1516 Grazcos

1982 1558 2050 1613 ad
2119 1573 2218 1614 vos
2271 1554 2650 1628 confugientes
2716 1558 3089 1622 servaveritis,
3156 1570 3299 1611 nunc
3371 1571 3564 1611 omnes

1984 1651 2236 1707 homines
2262 1658 2562 1723 gentesque
2622 1662 2852 1706 cunctas
2886 1650 3253 1721 pulcherrime
3287 1648 3561 1717 excipitis,

1983 1742 2147 1797 xenio
2186 1743 2491 1812 sapientiaa,
2538 1753 2592 1800 et
2648 1742 2910 1799 doctrinae
2957 1744 3125 1796 duces
3173 1739 3425 1794 omnibus
3468 1751 3565 1792 vos

1985 1836 2314 1904 prmbentes,
2363 1846 2705 1905 cunctosque
2736 1845 3050 1906 purgantes.
3081 1831 3200 1887 lam
3236 1846 3361 1888 cum
3402 1832 3558 1901 quin-

1984 1942 2091 1999 que
2124 1938 2500 1985 memorentur
2531 1944 2696 1999 regna
2725 1932 2848 1998 (nec
2876 1941 3006 1981 vero
3039 1926 3192 1994 plura
3220 1921 3564 1990 nascantur),

1986 2022 2039 2076 in
2088 2035 2277 2078 eorum
2332 2019 2776 2091 antiquissimum
2817 2019 3131 2091 Assyrium,
3180 2018 3372 2088 prima:
3416 2014 3567 2070 urbis

1984 2130 2073 2171 res
2102 2125 2289 2185 gestat,
2333 2123 2390 2170 et
2417 2129 2537 2183 qua:
2580 2113 2648 2169 iis
2707 2113 2957 2183 propitiis
2997 2119 3120 2165 acta
3165 2119 3312 2176 sunt,
3360 2100 3568 2163 incide—

1986 2216 2147 2272 runt;
2202 2207 2255 2261 in
2308 2207 2547 2262 secundo
2590 2206 2762 2261 crevit
2804 2205 2985 2273 urbs;
3022 2202 3182 2259 tertio
3229 2202 3347 2272 ipsa
3401 2201 3563 2266 vicit;

1983 2309 2178 2369 quarto
2203 2314 2327 2355 cum
2368 2297 2482 2354 sola
2510 2298 2728 2364 restitit,
2768 2307 2877 2351 tum
2916 2296 3122 2365 optime
3152 2294 3393 2350 omnium
3427 2294 3564 2348 libe-

1986 2392 2127 2447 ravit
2158 2409 2172 2445 :
2205 2393 2255 2446 in
2290 2390 2395 2447 hoc
2422 2401 2603 2446 autem
2638 2390 2882 2445 omnium
2932 2389 3139 2458 optimo
3190 2402 3257 2442 ac
3295 2386 3561 2451 maximo,

1986 2485 2151 2540 totius
2191 2483 2420 2548 Graeciae
2458 2484 2678 2556 primas
2725 2491 2893 2546 tenet,
2927 2482 2999 2536 ita
3048 2491 3106 2535 ut
3148 2494 3253 2536 non
3286 2480 3480 2536 debeat
3513 2481 3563 2534 ei

1984 2581 2270 2649 quisquam
2292 2579 2581 2648 antiquum
2607 2585 2807 2633 statum
2838 2576 2954 2631 loco
2977 2574 3262 2643 praesentis
3280 2585 3563 2643 exoptare.

1982 2671 2200 2740 Quanta
2228 2686 2360 2727 vero
2391 2670 2555 2727 fuerit
2590 2669 2742 2726 urbis
2766 2669 2834 2724 ab
2858 2668 3007 2724 omni
3032 2678 3275 2739 tempore
3296 2676 3566 2735 praestan-

1988 2765 2083 2828 tia,
2119 2763 2279 2819 facile
2313 2762 2609 2818 admodum
2654 2773 3115 2832 cognosceremus
3158 2758 3204 2812 si
3244 2756 3363 2826 ejus
3400 2771 3566 2811 orna-

1985 2866 2166 2913 menta
2199 2871 2306 2910 non
2329 2854 2551 2925 quidem
2588 2854 2771 2910 omnia
2804 2853 2951 2924 (nam
2983 2850 3037 2906 id
3065 2848 3288 2903 omnino
3308 2847 3426 2904 ﬁeri
3455 2861 3561 2900 non

1983 2949 2210 3020 potest),
2254 2948 2351 3004 sed
2395 2948 2604 3017 aliquot
2654 2946 2707 3000 in
2757 2945 2941 3000 varias
2982 2943 3147 3000 urbes
3198 2956 3263 2997 ac
3317 2941 3565 3010 regiones

1983 3042 2398 3105 distribuentes,
2440 3055 2633 3095 earum
2679 3038 2876 3093 deinde
2904 3034 3372 3106 comparationem
3407 3031 3563 3101 quasi

1986 3145 2265 3206 poetarum
2317 3143 2411 3188 aut
2452 3135 2779 3190 cltorearutn
2830 3131 3209 3195 instituamus;
3260 3141 3366 3182 non
3418 3125 3563 3179 enim

1986 3229 2120 3282 tnibi
2154 3227 2311 3282 facile
2331 3227 2567 3290 videtur,
2593 3227 2901 3281 vincentem
2931 3221 3180 3276 invenire
3210 3238 3224 3275 :
3261 3226 3320 3274 ut
3351 3219 3394 3273 si
3425 3218 3564 3282 alite,

294 3306 461 3361 ἄλλο’
488 3308 625 3381 ἄλλῃ
656 3310 814 3366 πόλει
860 3314 955 3369 καὶ
988 3314 1144 3388 χώρᾳ
1186 3319 1467 3389 προσθεὶς,
1518 3316 1640 3375 εἶτα
1696 3322 1878 3391 ἀγῶνα

1991 3319 2135 3374 verbi
2169 3320 2368 3389 gratia,
2388 3319 2453 3373 de
2481 3318 2655 3388 prima
2685 3314 2921 3371 hominis
2950 3313 3224 3369 creatione
3244 3310 3563 3381 glorientur,

291 3399 374 3470 τῷ
398 3399 543 3472 λόγῳ
575 3406 827 3475 ποιήσειε
846 3406 867 3436 ⁸
891 3406 1146 3480 καθάπερ
1173 3412 1415 3482 ποιητῶν
1442 3411 1476 3482 ἢ
1529 3413 1708 3484 χορῶν
1731 3415 1772 3468 ⁷.
1804 3414 1878 3468 Οὑ

292 3492 405 3563 γάρ
439 3510 530 3561 μοι
567 3493 841 3568 601:5!th
866 3500 1106 3555 νικῶσαν
1127 3503 1309 3572 εὑρεῖν
1340 3502 1405 3556 ἂν
1431 3501 1452 3534 ⁸
1484 3505 1706 3575 ῥᾳδίως.
1755 3500 1884 3559 Οἷον

291 3583 710 3657 είφιλοτιμοῖτο
742 3592 775 3661 ή
811 3590 909 3660 μὲν
960 3590 1036 3655 ὡς
1091 3592 1287 3663 πρώτη
1331 3592 1460 3665 [665
1504 3594 1594 3667 11.]
1647 3595 1884 3650 τεκοῦσα

294 3677 359 3731 τὸ
381 3678 494 3733 τῶν
529 3682 834 3753 ἀνθρώπων
877 3684 1057 3753 γένος,
1114 3688 1148 3758 ή
1183 3686 1242 3741 δὲ
1295 3686 1371 3751 ὡς
1429 3685 1623 3760 πρώτη
1662 3688 1886 3755 δείξασα

293 3775 427 3839 τοὺς
463 3778 733 3847 καρποὺς,
768 3780 802 3851 ἡ
831 3778 888 3833 δὲ
917 3780 994 3844 ὡς
1023 3780 1300 3846 πλείστοις
1353 3782 1684 3852 μεταδοῦσα,
1738 3786 1771 3855 ή
1825 3784 1884 3839 δέ

294 3871 425 3935 τις⁹
453 3871 529 3935 ὡς
578 3873 776 3942 νόμους
808 3874 1199 3941 καταδείξασα,
1257 3876 1290 3946 ή
1346 3875 1405 3930 δὲ
1461 3875 1882 3949 πανηγύρεις³⁰,

299 3966 336 4036 ή
374 3963 431 4017 δὲ
464 3965 537 4028 ὡς
564 3965 622 4018 ὲν
661 3966 969 4030 καλλίστοις
1024 3970 1202 4021 κεῖται
1253 3970 1358 4039 γῆς
1390 3969 1507 4040 ἃμα
1536 3969 1633 4024 καὶ
1688 3968 1881 4024 θαλάτ-

298 4073 401 4126 της
429 4056 494 4121 υ,
525 4058 558 4127 ή
589 4056 647 4110 δὲ
683 4059 797 4117 τοῖς
826 4060 924 4129 τῆς
969 4059 1162 4128 σοφίας
1194 4060 1419 4129 ἀγαθοῖς
1474 4060 1788 4129 ἀγάλλοιτο,
1850 4061 1884 4132 ἡ

296 4148 359 4203 δὲ
388 4148 487 4214 τάς
517 4150 575 4203 ὲν
598 4152 709 4215 τοῖς
736 4152 995 4222 πολέμοις
1047 4152 1277 4224 πράξεις
1307 4153 1625 4222 καταλέγοι,
1660 4153 1795 4225 ἄλλη
1826 4153 1884 4206 δὲ

302 4243 459 4306 ὅσους
484 4244 528 4275 ¹¹
582 4238 880 4309 ὑπεδέξατο
924 4245 1034 4298 τῶν
1080 4245 1368 4318 Ἑλλήνων,
1406 4247 1440 4317 ἡ
1486 4246 1544 4300 δὲ
1577 4246 1676 4309 τὰς
1721 4249 1880 4301 ἀποι-

301 4333 428 4398 κίας
458 4333 523 4399 ἃς
554 4336 895 4401 ἀπέστειλεν,
928 4339 960 4406 ή
996 4337 1051 4390 δὲ
1076 4338 1103 4391 ὃ
1135 4355 1187 4390 τι
1210 4339 1305 4391 καλ⁵
1327 4338 1443 4409 δοίη
1484 4355 1569 4400 τις
1597 4337 1734 4405 αὑτῇ
1766 4336 1879 4391 τῶν

300 4425 658 4497 ὑπαρχόντων
687 4431 752 4499 τῇ
788 4429 963 4490 πόλει,
993 4430 1131 4500 φήμ’
1157 4430 1335 4499 ἔγωγε
1382 4430 1599 4500 μάλιστ’
1644 4430 1711 4484 ἂν
1738 4430 1881 4485 οὕτω

1984 3410 2229 3480 quaedam
2274 3412 2338 3465 de
2391 3409 2640 3479 frugibus
2698 3408 2782 3464 vel
2869 3409 3104 3477 primum
3163 3404 3422 3469 inventis,
3482 3402 3567 3456 vel

1985 3503 2280 3574 plurimum
2317 3499 2759 3563 communicatis,
2799 3497 3071 3553 nonnulla:
3118 3495 3183 3551 de
3227 3495 3436 3563 legibus
3473 3503 3587 3569 aut

1988 3596 2140 3653 l‘eriis
2165 3597 2498 3652 solemnibus
2527 3597 2861 3663 constitutis,
2895 3593 3117 3656 aliae,dc
3159 3594 3271 3647 situ
3324 3606 3566 3646 commo-

1987 3691 2212 3745 dissimo
2237 3707 2253 3759 ;
2279 3690 2525 3759 quaedam
2559 3690 2625 3744 de
2674 3690 2966 3760 sapientia,
3003 3687 3087 3742 vel
3124 3687 3305 3742 rebus
3329 3685 3564 3750 bellicis,

1991 3783 2261 3839 nonnulla:
2287 3785 2353 3837 de
2388 3782 2595 3839 Grmcis
2621 3784 2886 3853 exceptis,
2920 3781 3000 3838 vel
3030 3781 3256 3836 coloniis
3286 3780 3564 3846 deductis;

1988 3877 2207 3947 reliqua:
2234 3876 2467 3946 denique
2494 3876 2560 3931 de
2590 3875 2692 3930 alia
2719 3889 2778 3930 re
2812 3875 3029 3946 quavis,
3071 3868 3345 3943 quaeurbi
3389 3872 3568 3928 conti-

1986 3971 2149 4040 gerit.
2205 3969 2298 4026 Sic
2345 3969 2693 4040 apertissime
2740 3979 2945 4037 quanto
2992 3967 3230 4038 reliquas
3281 3964 3568 4020 intervallo

1987 4062 2118 4115 urbs
2150 4074 2391 4132 superet,
2433 4062 2818 4127 ostendemus,
2869 4075 2994 4114 cum
3038 4060 3182 4130 ipsa,
3232 4073 3571 4130 quaecunque

1990 4152 2084 4208 toti
2101 4152 2325 4208 Graecia
2345 4155 2635 4222 separatim
2657 4152 2992 4217 suﬂicerent,
3010 4153 3123 4206 sola
3150 4152 3566 4221 complectatur.

1985 4247 2127 4313 Quin
2156 4256 2213 4300 et
2241 4246 2444 4302 donum
2476 4247 2624 4315 quod
2653 4245 2725 4301 sit
2760 4245 3081 4309 maximum,
3117 4260 3222 4298 non
3258 4243 3417 4299 facile
3451 4244 3566 4299 dis-

1985 4350 2266 4402 ccrnetur,
2297 4352 2485 4392 verum
2509 4337 2554 4392 si
2588 4337 2679 4391 hic
2712 4336 2995 4391 civitatum
3037 4348 3252 4405 quoque
3296 4335 3388 4388 iiat
3431 4350 3566 4390 cou-

1988 4429 2182 4493 tentio,
2211 4436 2270 4482 ut
2304 4427 2411 4480 alia
2448 4425 2671 4481 Cereris
2704 4425 2915 4480 fructus
2958 4424 3172 4492 aderat,
3203 4424 3306 4479 alia
3340 4423 3566 4493 Bmchi,

298 4519 557 4587 γενέσθαι
580 4520 895 4591 καταφανὲς
928 4522 1147 4587 ὁπόσοις
1187 4522 1299 4576 τισὶ
1354 4523 1466 4587 τοῖς
1499 4523 1808 4595 κρείττοσιν
1846 4524 1878 4593 ή

1986 4537 2087 4577 nec
2129 4520 2299 4575 solius
2351 4520 2500 4585 vitis,
2558 4520 2652 4574 sed
2699 4528 2753 4574 et
2802 4517 3057 4581 aliorum,
3084 4533 3203 4588 quae
3252 4526 3564 4576 seruntur:

300 4611 458 4676 πόλις
501 4614 629 4683 ἡμῖν
650 4615 693 4646 ’⁸
721 4616 820 4678 τὰς
846 4615 1013 4678 ἄλλας
1036 4616 1434 4687 παρελήλυθεν.
1469 4619 1537 4670 Ἀ
1565 4617 1676 4688 γάρ
1721 4617 1878 4689 ἔξαρ-

1991 4615 2150 4670 tertia
2188 4628 2317 4668 vero
2357 4612 2612 4668 Minervae
2650 4611 2879 4676 donum,
2925 4611 3086 4678 idque
3121 4609 3338 4682 duplex,
3380 4610 3589 4666 multis

301 4703 392 4754 κεῖ
428 4706 732 4775 νειμαμένῃ
788 4707 856 4776 τῇ
903 4705 1134 4769 Ἑλλάδι,
1181 4706 1356 4760 ταῦτα
1410 4706 1546 4777 μόνη
1579 4706 1878 4776 causam

1989 4704 2175 4772 utique
2235 4703 2546 4757 civitatibus
2616 4702 2883 4772 gloriandi
2946 4701 3271 4765 materiam,
3340 4715 3441 4756 ceu
3497 4701 3566 4756 de

300 4789 435 4859 ἔχει.
470 4792 583 4844 Καὶ
630 4793 805 4863 μήνη
852 4795 961 4849 τῶν
1013 4812 1077 4864 γε
1138 4795 1357 4869 δωρεῶν
1409 4796 1671 4862 ὡσαύτως
1695 4797 1739 4831 ⁸⁸
1780 4798 1878 4871 τὴν

1987 4796 2439 4866 prmstantissimo
2508 4808 2733 4849 munere
2781 4791 3008 4864 singulis
3058 4793 3326 4848 dabimus.
3363 4792 3564 4865 ωδε

301 4881 572 4953 μεγίστην
596 4885 657 4937 οὑ
709 4886 891 4959 ῥᾴδιον
919 4889 1117 4960 εὑρεῖν,
1155 4890 1468 4961 ἀμιλλάσθω
1525 4891 1582 4945 δὲ
1623 4890 1718 4944 καὶ
1752 4892 1878 4962 περὶ

1986 4892 2164 4959 Atque
2217 4889 2332 4942 haec
2384 4887 2601 4957 quidem
2659 4886 2947 4942 hactenus.
3006 4885 3322 4956 Magnitudo
3383 4895 3566 4940 autem

298 4973 507 5028 τούτων
538 4975 672 5046 άλλη
698 4979 835 5049 προς
864 4978 1032 5049 ἄλλην
1064 4982 1240 5046 πόλις,
1270 4983 1303 5051 ή
1331 4981 1571 5053 μὲντοὺς
1594 4984 1878 5054 Δήμητρος

1990 4982 2140 5037 urbis
2170 4991 2226 5035 et
2257 4980 2495 5049 reliquus
2523 4990 2835 5049 apparatus,
2877 4978 3099 5033 omnino
3127 4977 3361 5033 fortuna:
3395 4977 3568 5032 Albe-

301 5067 552 5135 καρποὺς
590 5070 913 5141 κομίζουσα,
944 5071 979 5141 ἡ
1013 5070 1068 5125 δὲ
1100 5073 1226 5135 τοὺς
1248 5074 1293 5105 ¹⁶
1325 5072 1419 5127 τοῦ
1454 5073 1728 5137 Διονύσου,
1787 5074 1878 5127 καὶ

1990 5074 2262 5137 niensunt,
2306 5082 2359 5125 et
2417 5072 2651 5125 nominis
2698 5070 3043 5141 amplitudini
3094 5071 3407 5140 respondet,
3449 5070 3568 5125 sive

299 5156 525 5224 τούτους
547 5162 607 5214 οὐ
634 5162 796 5232 μόνον
842 5162 969 5226 τοὺς
1006 5162 1114 5215 ἀπὸ
1135 5163 1235 5235 τῆς
1289 5164 1558 5235 ἀμπέλου,
1592 5166 1727 5221 ἀλλά
1786 5168 1878 5220 καὶ

1991 5166 2164 5237 ipsum
2194 5164 2435 5219 civitatis
2466 5162 2753 5227 ambitum,
2798 5163 2897 5232 qui
2932 5162 3204 5218 maximus
3238 5171 3319 5218 est
3348 5170 3403 5217 et
3440 5160 3565 5233 pul-

1590 5321 1827 5378 VARIAE
1858 5317 2261 5377 LECTlONES.
2320 5310 2325 5315 ’
3300 5370 3307 5375 .

396 5440 442 5473 ’³
477 5455 735 5514 κινουμεν
893 5439 956 5514 _"
990 5439 1137 5514 ᾂνεζ
1161 5425 1363 5507 rica-:31
1381 5440 1668 5514 τῶν-θεῶν]
1703 5436 2170 5514 καὶτῷνθεῶννεῖ
2198 5455 2280 5514 τις
2318 5437 2404 5492 ἄν.
2479 5434 2667 5514 "uva
2690 5435 2824 5514 sict
2844 5436 3032 5514 σεισθῇ
3068 5449 3176 5514 om.
3212 5435 3277 5488 A.
3323 5435 3402 5514 ,ξ’
3427 5437 3570 5514 ἀμςτ

303 5510 504 5588 λὴσας]
770 5512 857 5588 ‘A,
884 5510 1076 5588 ﬁlii};
1105 5510 1193 5588 Β.Δ
1226 5504 1320 5588 ’,νζ
1353 5511 1515 5588 ἔχων]
1536 5529 1586 5582 p.
1617 5504 1741 5588 1111ἶ
1832 5512 1876 5588 _”
1905 5511 2045 5563 δ’ἔτι
2149 5524 2163 5561 :
2194 5509 2250 5588 δέ
2273 5525 2469 5588 τις...
2527 5508 2593 5588 ’ξι
2612 5504 2825 5588 ῶσπερ]
2846 5522 2897 5588 p_.
2925 5504 3050 5588 5l7_.
3146 5505 3418 5588 '_ﬂ90€$.£t
3456 5504 3569 5588 τοῖς

306 5576 592 5655 ἔργοᾉιξςκς
616 5576 859 5655 gem]
887 5576 939 5649 p'.
973 5579 1099 5655 529.
1176 5583 1197 5617 ³
1220 5584 1327 5637 εἰσὶ
1354 5576 1562 5655 μνῆμαι
1591 5601 1652 5648 ς.
1727 5582 1751 5616 ι
1772 5581 2168 5655 νπέπῳχΑενΑΑ...
2227 5581 2249 5612 ³
2279 5578 2406 5631 ἄλλο
2434 5577 2471 5630 Β
2497 5596 2510 5631 :
2543 5576 2701 5655 ἄλλος
2728 5576 2824 5643 gf
2864 5578 2886 5608 '
2919 5578 3230 5655 ποιήσεινξ⁹
3256 5578 3471 5655 ποιήσοι

308 5646 585 5723 καθάπερ]
613 5646 858 5721 ἔνθαπερ
873 5646 938 5706 Ᾱ.
1033 5652 1053 5685 ⁷
1078 5655 1270 5724 χωρῶν
1305 5646 1369 5709 ΑΖ
1446 5646 1489 5687 ’δ
1514 5654 1579 5708 ἂν
1603 5646 1723 5724 ὀιη.
1751 5654 1817 5707 Δ.
1898 5646 2013 5724 ’Ψξ
2061 5652 2087 5721 ἡ
2191 5665 2276 5724 τις
2299 5678 2372 5724 -—_-_-
2402 5648 2735 5724 πανηγύρεις
2777 5662 2885 5724 om.
3115 5648 3156 5724 ¹ξ
3191 5646 3467 5724 θαλάσσης
3499 5649 3568 5703 A.

305 5724 356 5797 ,_“
390 5724 447 5780 δὲ
477 5718 602 5778 tuite
620 5724 778 5787 ὅσους
811 5718 921 5777 om.
953 5724 1019 5778 Α.
1078 5718 1141 5755 Ἦ
1162 5718 1331 5797 ἡμῖν]
1356 5726 1507 5797 ὑμῶν
1538 5724 1600 5782 Β.
1678 5723 1722 5757 ίδ
1755 5726 1848 5778 καὶ
1879 5720 2011 5796 μὴν]
2043 5718 2240 5792 p.322.
2320 5721 2363 5752 ”
2386 5718 2647 5783 ὡσαύτως
2676 5734 2784 5776 om.
2820 5718 2884 5775 A.
3008 5718 3052 5751 “
3076 5718 3202 5782 τοὺς
3234 5719 3280 5773 Α
3311 5735 3325 5773 :
3375 5718 3474 5790 τῆς
3500 5736 3567 5783 ς.

264 5845 287 5894 ι
711 5819 979 5882 Ρηιιοι..
1011 5816 1126 5877 Gn.
1170 5816 1332 5879 Clll.
2180 5858 2181 5861 η
3084 5809 3162 5873 (,7
