4012 6236
412 214 543 277 1:587

1568 205 1829 265 PHOTII
1867 205 2374 266 mmmam
2413 163 2545 269 Cv.

3527 211 3659 274 MSS

412 334 679 405 dignitate
705 330 811 386 diei
842 328 1070 385 audivit.
1128 325 1313 394 Itaque
1367 338 1488 378 cum
1541 327 1771 379 mirarer
1799 323 1977 379 audire

2092 323 2363 396 Πρότερον
2395 325 2494 394 μὲν
2528 321 2621 379 οὖν
2667 325 2889 399 ἠγάμην
2935 327 3147 382 ἀκούων
3178 327 3222 359 ⁷³
3242 328 3299 379 τὸ
3332 327 3431 395 τῆς
3473 332 3663 398 σοφίας

410 442 498 481 me
546 422 823 495 sapientiae
873 415 1423 480 curiam,etGr:ecite
1452 414 1619 471 larem
1672 425 1833 485 atque
1888 430 1985 471 co-

411 520 612 581 lumen,
643 525 701 571 et
742 513 959 579 similia,
987 525 1108 582 quae
1147 509 1214 564 de
1258 510 1389 564 urbe
1436 507 1791 576 canebantur,
1845 522 1989 563 nunc

406 609 541 665 mihi
583 623 647 662 ea
693 608 902 661 minora
961 605 1218 659 videntur
1264 603 1469 656 omnia.
1523 600 1661 668 Quin
1699 602 1742 656 si
1787 602 1988 657 civitas

409 701 514 754 ulla
582 702 807 754 deorum
867 696 1116 751 ministra
1178 706 1234 751 et
1284 705 1535 762 cognata,
1593 692 1678 748 vel
1736 692 1988 746 humanae

408 802 616 846 naturte
666 790 1015 846 simulacrum
1058 789 1240 843 vocari
1290 787 1469 850 debet,
1518 787 1635 840 haec
1665 785 1715 840 id
1753 784 1987 840 nominis

405 883 530 951 jure
578 882 862 937 obtinebit.
909 883 1055 947 Quas
1095 880 1165 934 oh
1218 893 1327 943 res,
1376 893 1410 933 o
1440 876 1637 941 Graaci,
1700 891 1801 932 nec
1854 876 1988 930 invi-

409 974 540 1029 dere
608 971 817 1028 debetis
889 973 1032 1036 urbi,
1096 984 1197 1025 nec
1260 966 1568 1023 verecunde
1635 969 1829 1023 cedere
1888 982 1984 1035 po-

412 1067 542 1130 tius,
602 1077 764 1133 quam
812 1076 933 1117 eam
985 1061 1235 1117 certatim
1283 1075 1382 1131 pro
1433 1060 1640 1115 viribus
1692 1058 1981 1140 extollere.

409 1155 542 1210 Nam
582 1156 626 1211 si
661 1154 1018 1210 Athenienses
1048 1153 1248 1209 fuerint
1276 1153 1604 1220 superiores,
1658 1153 1764 1208 erit
1808 1158 1985 1207 vesitra

408 1246 657 1301 victoria.
714 1244 925 1300 Etenim
994 1257 1121 1298 cum
1180 1257 1372 1299 omnes
1441 1243 1630 1312 optimi
1693 1256 1817 1298 esse
1880 1256 1982 1297 ne-

414 1348 641 1406 queunt,
698 1346 810 1392 tum
862 1345 923 1391 ut
954 1351 1020 1391 ex
1052 1336 1208 1391 ducis
1254 1335 1565 1405 prmstanlia
1619 1335 1831 1389 laudem
1887 1349 1985 1389 ca-

405 1431 486 1497 pit
536 1430 749 1494 civitas,
795 1430 868 1484 ita
920 1430 964 1484 si
1006 1427 1261 1499 princeps
1290 1426 1422 1481 urbs
1468 1427 1730 1482 honorem
1775 1425 1974 1480 sortia-

409 1533 497 1576 tur
547 1537 605 1577 se
671 1523 917 1593 dignum,
986 1523 1032 1577 is
1083 1530 1307 1577 ornatus
1363 1521 1430 1574 ad
1482 1533 1673 1575 omnes
1727 1521 1982 1588 pertinet.

407 1612 868 1677 Quemadmodum
908 1613 1073 1683 igitur
1115 1612 1473 1667 Athenienses
1528 1609 1628 1679 ipsi
1681 1623 1790 1664 non
1841 1624 1984 1679 aegre

409 1701 654 1771 tulerint,
695 1706 741 1761 si
769 1706 890 1775 quis
946 1706 1184 1775 ipsorum
1238 1720 1418 1758 arcem
1459 1702 1716 1758 celebret.

406 1908 409 1915 ε
436 1955 442 1956 ί
475 1881 632 1956 [Ρι-ο,
665 1882 1157 1956 pulcherrimamct
1181 1876 1654 1956 honoratissimam
1681 1876 1858 1932 omnis
1890 1880 1987 1931 At-

410 1950 550 2017 ticis,
593 1954 635 2007 si
663 1957 787 2022 quis
814 1953 957 2007 dicat
997 1950 1232 2022 arcem.]

477 2043 554 2099 Ita
607 2059 699 2100 vos
758 2057 973 2113 quoque
1032 2045 1221 2097 urbem
1264 2058 1362 2112 pro
1404 2058 1531 2098 arce
1584 2043 1842 2111 quadam,
1898 2039 1981 2092 vel

2092 419 2418 488 πρυτανεῖον
2442 419 2536 471 καὶ
2556 420 2654 490 τὴν
2681 420 2781 488 τῆς
2822 420 3066 484 Ἑλλάδος
3104 419 3286 473 ἑστίαν
3312 421 3401 473 καὶ
3438 421 3498 473 τὸ
3522 420 3665 490 ἐρει-

2092 526 2225 580 σμα,
2256 513 2351 564 καὶ
2395 511 2494 565 ὅσα
2532 494 2760 567 τοιαῦτα
2802 515 2882 577 εἰς
2907 514 3005 585 τὴν
3042 514 3194 567 πόλιν
3224 513 3380 584 ᾔδετο
3404 530 3417 542 ·
3466 514 3562 566 νῦν
3607 514 3664 568 δέ

2093 617 2184 671 μοι
2214 601 2364 654 δοκεῖ
2405 601 2579 655 ταῦτα
2606 603 2785 656 πάντα
2829 604 2959 656 εἵσω
2992 602 3229 656 πίπτειν.
3277 602 3416 655 Ἀλλ’
3452 603 3506 656 εἴ
3541 621 3667 659 τινα

2089 689 2195 762 χρὴ
2226 690 2381 746 πόλιν
2410 690 2549 744 θεῶν
2595 690 2840 763 ὕπαρχον
2870 693 2915 724 ⁷⁸
2934 691 2969 762 ἢ
3001 691 3234 760 συγγενῆ
3265 694 3602 761 προσειπεῖν,
3629 691 3662 763 ἢ

2087 785 2187 853 τῆς
2209 783 2423 854 φύσεως
2455 784 2555 854 τῆς
2592 783 2934 856 ἀνθρωπείας
2966 784 3149 837 εἰκόνα
3194 783 3289 837 καὶ
3314 784 3462 856 ὅρον,
3488 784 3570 855 ἧδ’
3598 786 3665 839 ἄν

2092 894 2182 947 μοι
2231 877 2378 931 δοκεῖ
2403 876 2449 908 ⁷⁵
2471 875 2693 939 δικαίως
2745 876 3030 947 κληθῆναι.
3082 875 3222 930 Ἀνθ’
3260 869 3359 942 ὧν,
3388 870 3434 929 ὦ
3472 877 3665 946 ἄνδρες

2090 968 2376 1039 Ἕλληνες,
2408 968 2533 1022 οὔτε
2559 968 2751 1037 φθόνον
2781 968 2929 1033 εἰκὸς
2957 968 3100 1038 ἔχειν
3122 970 3188 1038 τῇ
3220 968 3370 1021 πόλει
3396 966 3507 1021 οὔθ’
3529 968 3663 1021 ὑπο·

2089 1060 2399 1133 χωροῦντας
2422 1061 2790 1133 αἰσχύνεσθαι,
2821 1060 2958 1114 ἀλλὰ
2981 1059 3263 1124 συναύξειν
3292 1060 3357 1112 ἐκ
3383 1059 3491 1113 τῶν
3516 1059 3663 1114 ἐνόν-

2087 1170 2195 1208 των
2222 1155 2318 1209 καὶ
2341 1153 2760 1225 φιλοτιμεῖσθαι.
2782 1152 2903 1206 Τῶν
2921 1152 3029 1223 γὰρ
3057 1152 3355 1223 Ἀθηναίων
3384 1150 3659 1205 νικώντων

2088 1247 2220 1317 παρ’
2259 1247 2386 1317 ὑμῖν
2415 1247 2464 1279 ’⁸
2492 1247 2612 1299 ἐστι
2639 1247 2701 1299 τὸ
2727 1246 2903 1316 νικᾷν.
2937 1243 3144 1308 Πάντας
3187 1243 3286 1313 μὲν
3314 1241 3423 1314 γάρ
3449 1243 3663 1297 πάντων

2086 1334 2152 1391 ἂν
2178 1332 2319 1391 εἶναι
2347 1337 2605 1408 ἀρίστους
2635 1335 2896 1390 ἀδύνατον
2921 1354 2935 1368 ·
2969 1332 3157 1406 ὥσπερ
3186 1333 3243 1386 δὲ
3266 1333 3394 1387 ὅταν
3429 1349 3663 1404 στρατη-

2085 1428 2181 1497 γὸς
2213 1428 2440 1500 προέχῃ,
2490 1428 2707 1498 μετέχει
2735 1428 2835 1499 τῆς
2884 1427 3041 1499 δόξης
3075 1427 3109 1499 ή
3157 1427 3335 1490 πόλις,
3386 1422 3528 1479 οὕτω
3564 1428 3663 1493 τῆς

2086 1519 2397 1591 ἡγουμένης
2423 1519 2630 1584 πόλεως
2673 1520 2740 1573 τὰ
2768 1519 2952 1573 εἰκότα
2981 1520 3295 1589 τιμωμένης
3321 1516 3492 1571 ἅπασι
3528 1516 3662 1584 μέτα

2086 1629 2202 1666 εστι
2228 1612 2327 1684 τῆς
2346 1611 2675 1682 φιλοτιμίας.
2699 1607 2867 1682 Οίμαι
2902 1610 2950 1664 δ’
2993 1611 3102 1665 οὐδ’
3131 1610 3313 1672 αὐτοῖς
3361 1606 3663 1677 Ἀθηναίοις

2087 1704 2275 1775 φέρειν
2303 1702 2587 1774 αἰσχύνην,
2607 1702 2673 1756 ἄν
2700 1720 2783 1766 τις
2805 1702 2985 1766 αὐτοῖς
3011 1699 3283 1773 πρεσϐεύῃ
3304 1701 3348 1731 ’⁷
3379 1698 3479 1772 τὴν
3500 1699 3665 1770 ἀκρόο

2088 1797 2262 1852 πολιν.

2156 1889 2336 1962 [Ἀντί
2374 1890 2429 1962 ⁷⁸,
2451 1890 2542 1945 τοῦ
2567 1888 2899 1962 τιμιωτέραν
2931 1891 3025 1962 καὶ
3056 1887 3403 1962 ἐνδοξοτέραν
3433 1886 3533 1959 τῆς
3562 1885 3666 1941 πά-

2087 1958 2186 2033 σης
2228 1961 2479 2031 Ἀττικῆς
2504 1962 2559 2015 εἰ
2580 1958 2663 2024 τις
2690 1958 2836 2028 λέγοι
2861 1961 2905 1993 τ’
2938 1959 3037 2031 τὴν
3052 1958 3392 2032 ἀκρόπολιν]

2154 2054 2275 2126 Χρὴ
2310 2053 2427 2087 ⁸⁰ο⁸¹
2454 2054 2634 2108 τοίνυν
2666 2053 2763 2107 καὶ
2784 2054 2929 2124 ὑμᾶς
2956 2051 3145 2123 ὥσπερ
3164 2052 3459 2124 ἀκρόπολίν
3476 2067 3601 2104 τινα
3628 2049 3663 2121 ἢ

415 2136 627 2206 fastigio
665 2135 885 2191 Graeciae
911 2151 973 2190 ac
1011 2136 1280 2191 sociorum
1319 2134 1603 2199 habentes,
1639 2133 1818 2188 verbis
1861 2146 1977 2185 eam

2089 2148 2329 2219 κορυφὴν
2353 2148 2682 2219 νομίσαντας
2711 2148 2813 2218 τῆς
2854 2147 3103 2210 Ἑλλάδος
3131 2148 3223 2200 καὶ
3240 2146 3349 2199 τῶν
3375 2143 3666 2216 ὁμοφύλων

405 2227 640 2283 etfactis
665 2242 882 2294 ornare,
920 2226 1101 2297 itaque
1139 2227 1350 2280 laudem
1387 2226 1824 2290 communicare,
1883 2238 1977 2279 nec

2089 2240 2181 2310 τὴν
2208 2239 2383 2308 πόλιν,
2417 2241 2511 2294 καὶ
2530 2238 2679 2311 ἔργῳ
2696 2240 2800 2293 καὶ
2828 2238 2971 2311 λόγῳ
2994 2240 3237 2309 κοσμεῖν,
3268 2238 3365 2290 καὶ
3416 2236 3667 2306 μετέχειν

404 2335 467 2374 ea
520 2334 619 2375 vos
682 2319 885 2389 privari
935 2321 1247 2375 existimare
1296 2318 1471 2373 decet.
1546 2316 1672 2373 Haac
1737 2317 1900 2386 igitur
1950 2331 1977 2369 a

2089 2331 2180 2400 τῆς
2208 2330 2391 2401 δόξης,
2410 2330 2527 2384 ἀλλ’
2560 2331 2663 2384 οὐκ
2703 2329 3126 2401 ἀποστερεῖσθαι
3155 2327 3497 2399 νομίζοντας.
3532 2326 3665 2396 Εἶρ-

404 2410 560 2465 nobis
591 2410 766 2465 oratio
808 2410 946 2479 pepli
987 2411 1162 2466 instar
1205 2410 1268 2464 ad
1293 2420 1544 2464 ornatum
1585 2422 1793 2477 pompa:
1840 2405 1980 2460 Pan-

405 2501 705 2557 athenaicaa
759 2501 1005 2557 confecta
1066 2505 1160 2569 sit,
1210 2518 1329 2571 quae
1379 2512 1436 2556 ut
1489 2501 1718 2571 gratiam
1775 2514 1981 2553 merea-

408 2604 515 2659 tur,
573 2592 768 2648 elliciet
825 2594 1012 2651 eadem
1065 2594 1164 2648 dea
1209 2605 1263 2647 et
1295 2593 1381 2648 cui
1440 2592 1617 2648 oratio
1660 2599 1824 2645 estet
1854 2590 1982 2645 urbs

406 2693 749 2740 consecrata.

1002 2809 1305 2866 CCXLV".

406 2933 490 2988 Ex
541 2936 777 3004 ejusdem
825 2937 1074 2989 Aristidis
1132 2934 1217 2988 IV
1278 2933 1616 3004 Orationibus
1672 2950 1766 3000 pro
1804 2934 1978 2987 rheto-

526 3000 641 3058 rica
677 3007 929 3060 adversus
961 3006 1198 3058 Platonis
1234 3000 1843 3072 Gorgiam—Excerpta.

473 3108 669 3183 [δοθό
707 3109 886 3164 Lecta:
919 3121 1044 3164 sunt
1091 3111 1329 3179 ejusdem
1362 3108 1439 3164 De
1473 3109 1728 3163 rhetorica
1764 3108 1977 3162 Oratio-

2004 3018 2052 3080 C

2082 2439 2279 2492 γασται
2307 2423 2400 2476 καὶ
2417 2424 2549 2493 ἡμῖν
2576 2425 2604 2477 ό
2629 2422 2785 2491 λόγος
2803 2421 2926 2477 ἀντὶ
2946 2420 3041 2475 τοῦ
3061 2421 3264 2475 πέπλου
3294 2420 3499 2490 κόσμος
3518 2420 3665 2472 Παν-

2081 2514 2356 2583 αθηναίων
2402 2517 2468 2585 τῇ
2520 2514 2764 2585 θεωρίᾳ·
2799 2513 2983 2570 δοῦναι
3027 2514 3085 2568 δὲ
3126 2512 3287 2585 χάριν
3346 2514 3447 2584 τῆς
3480 2509 3653 2579 αὐτῆς

2084 2608 2231 2676 θεοῦ,
2261 2604 2445 2680 ἧσπερ
2474 2610 2568 2662 καὶ
2591 2611 2619 2664 ὁ
2655 2608 2813 2677 λόγος
2836 2608 2932 2662 καὶ
2969 2609 3003 2680 η
3041 2607 3198 2673 πόλις
3218 2608 3286 2662 ⁸⁸.

2792 2819 2963 2873 ΣΜΖ’.

2086 2927 2196 2985 Τοῦ
2247 2927 2435 2982 αὐτοῦ
2496 2926 2643 2994 πρὸς
2693 2926 2985 3048 Πλάτωὲα
3035 2924 3186 2993 ὑπὲρ
3212 2921 3536 2993 ρητῳικῆς
3563 2924 3665 2977 λό-

2769 3013 2861 3048 γοι
2947 3033 2961 3048 .

2769 3013 2861 3065 γοι
2893 3013 2961 3049 0'.

2163 3107 2605 3180 ’Δνεγνώσθησαν
2620 3107 2714 3161 τοῦ
2746 3107 2911 3162 αὐτοῦ
2941 3106 2987 3139 ⁸³
3016 3105 3169 3175 Πρὸς
3189 3105 3481 3160 Πλάτωνα
3504 3104 3661 3174 ὑπὲρ

408 3219 496 3256 nes
546 3204 794 3257 adversus
847 3188 1156 3265 Platonem,
1187 3203 1558 3257 necessitatem
1598 3200 1770 3254 eidem
1820 3200 1977 3269 hujus

2089 3199 2392 3270 όητορικῆς
2411 3201 2582 3271 λόγοι
2611 3199 2928 3269 τέσσαρες,
2968 3198 3066 3270 τὴν
3090 3199 3261 3268 αὐτὴν
3287 3198 3364 3267 τῷ
3396 3213 3659 3270 προειρη-

403 3295 767 3349 ostendentes.

474 3385 739 3440 Existimo
774 3385 1023 3455 equidem
1056 3398 1202 3450 eum,
1236 3384 1326 3454 qui
1376 3382 1457 3438 vel
1502 3393 1652 3440 recte
1703 3382 1973 3449 dicturus,

402 3477 485 3531 vel
549 3493 761 3546 :rquum
814 3478 885 3531 sit
940 3474 1259 3547 suffragium
1322 3475 1558 3541 laturus,
1610 3476 1795 3530 nonid
1850 3492 1976 3548 spe-

402 3578 551 3623 ctare
599 3570 819 3632 debere,
864 3584 965 3624 nec
1003 3569 1263 3631 invidere,
1298 3568 1344 3622 si
1404 3582 1563 3636 quem
1614 3571 1857 3638 priorum
1907 3582 1974 3622 ac

399 3658 700 3713 celebrium
757 3660 1021 3722 virorum,
1068 3659 1229 3713 aliter
1288 3658 1475 3713 eadem
1536 3659 1602 3712 de
1648 3672 1706 3711 re
1769 3655 1975 3711 dixisse

398 3751 695 3820 contingat,
763 3751 860 3806 sed
928 3751 1083 3818 cujus
1154 3749 1352 3818 ubique
1402 3748 1692 3802 maximam
1762 3755 1975 3814 oportet

399 3841 585 3895 haberi
619 3841 904 3905 rationem,
933 3840 1061 3895 huic
1092 3854 1304 3910 quoque
1347 3840 1415 3893 ab
1487 3850 1604 3891 utra
1660 3848 1812 3905 parte
1842 3853 1974 3893 con-

397 3932 543 3986 sistit
594 3932 815 3999 veritas,
876 3932 1174 4000 inquirere,
1225 3940 1387 3999 atque
1420 3944 1484 3983 eo
1530 3929 1813 3984 victoriam
1878 3931 1972 3985 tle-

402 4021 562 4076 ferre.
619 4020 833 4075 Etenim
892 4020 1035 4076 foret
1091 4020 1406 4084 absurdum,
1438 4020 1481 4073 si
1527 4021 1580 4073 in
1623 4019 1973 4076 concionibus

397 4121 452 4167 et
486 4110 729 4179 judiciis,
784 4126 889 4166 non
917 4110 964 4165 ei
998 4111 1088 4181 qui
1120 4111 1357 4179 primum
1423 4109 1654 4165 dixisset
1712 4109 1844 4165 ﬁdes
1876 4110 1972 4165 ha-

395 4210 634 4273 beretur,
668 4223 854 4264 verum
884 4209 1058 4279 probe
1084 4209 1286 4264 scirent
1317 4221 1508 4263 omnes
1539 4205 1654 4260 fore
1704 4215 1764 4260 ut
1791 4208 1837 4261 si
1870 4209 1969 4261 hac

2082 3294 2227 3364 μένῳ
2252 3292 2614 3363 παρεχόμενοι
2641 3292 2850 3363 χρείαν.

2149 3383 2317 3457 υῐμαι
2345 3387 2391 3418 ⁸⁸
2417 3386 2547 3451 δεῖν,
2582 3386 2731 3448 ὅστις
2768 3382 2950 3454 μέλλει
2978 3383 3046 3436 τὰ
3080 3382 3270 3437 δέοντα
3308 3384 3451 3451 ἐρεῖν
3488 3381 3659 3454 ἢψὴ-

2078 3495 2181 3548 φου
2235 3476 2425 3549 κύριος
2450 3477 2626 3547 ὀρθῶς
2648 3475 2865 3531 ἔσεσθαι
2894 3476 2963 3542 ⁸⁵,
2997 3475 3071 3546 μὴ
3093 3473 3252 3528 τοῦτο
3273 3477 3493 3528 σκοπεῖν
3517 3475 3658 3545 μηδὲ

2079 3567 2411 3638 βασκαίνειν,
2448 3569 2503 3621 εἰ
2529 3585 2635 3621 τινι
2663 3566 2772 3621 τῶν
2810 3566 3072 3638 πρότερον
3110 3567 3207 3620 καὶ
3235 3565 3393 3631 δόξαν
3420 3567 3654 3636 ἑχόντων

2076 3661 2278 3733 ἑτέρως
2303 3660 2555 3734 εἰρῆσθαι
2596 3662 2723 3732 περὶ
2749 3660 2858 3713 τῶν
2904 3658 3087 3713 αὐτῶν
3123 3658 3488 3730 συμσῶηκεν,
3534 3658 3655 3712 ἀλλ’

2074 3747 2136 3807 οὖ
2168 3751 2444 3823 πανταχοῦ
2486 3754 2736 3806 πλεῖστον
2775 3752 2919 3815 εἰκός
2947 3753 3063 3804 ἐστι
3100 3750 3256 3819 λόγον
3286 3747 3446 3815 εῖναι,
3491 3751 3653 3804 τοῦτο

2076 3847 2176 3899 κᾶν
2233 3843 2313 3915 τῷ
2364 3844 2592 3914 παρόντι
2644 3843 2846 3909 ζητεῖν,
2892 3840 3192 3912 όποτέρωθι
3242 3841 3495 3913 τάληθὲς,
3554 3842 3653 3896 καὶ

2072 3937 2229 3990 τοῦτο
2275 3935 2742 4005 συμϐούλεσθαι⁸⁸
2779 3936 2957 4006 νικᾷν.
3010 3936 3243 3988 Ἀτοπον
3294 3935 3401 4006 γὰρ
3447 3935 3507 3987 ὲν
3548 3934 3651 4005 μὲν

2072 4036 2191 4097 ταῖς
2223 4032 2541 4104 ἐκκλησίαις
2569 4031 2644 4103 μὴ
2664 4030 2755 4085 τὸν
2786 4030 3001 4101 πρῶτον
3024 4032 3246 4086 εἰπόντα
3272 4029 3648 4101 πιστεύεσθαι,

2075 4125 2210 4195 μηδὲ
2241 4125 2297 4177 ὲν
2328 4125 2439 4187 τοῖς
2463 4123 2855 4192 δικαστηρίοις,
2887 4122 3023 4177 ἀλλά
3061 4122 3219 4176 τοῦτό
3246 4139 3311 4191 γε
3354 4116 3414 4176 εὖ
3448 4122 3649 4177 εἰδέναι

2073 4219 2298 4279 πάντας,
2330 4216 2412 4269 ὅτι
2442 4215 2491 4267 εἰ
2511 4214 2685 4287 ταύτῃ
2707 4214 2877 4268 ταῦτα
2914 4214 3254 4285 κριθήσεται,
3282 4213 3393 4267 τῶν
3421 4214 3649 4283 φευγόν-

397 4304 609 4360 ratione
660 4301 1096 4371 disceptarentur
1154 4301 1279 4364 ista,
1344 4313 1559 4353 reorum
1622 4297 1800 4353 nullus
1842 4313 1970 4354 eva-

2089 4325 2178 4361 των
2201 4308 2375 4371 οὐδεὶς
2403 4304 2768 4373 ἀποφεύξεται
2795 4321 2808 4335 ·
2851 4306 3051 4368 πάντες
3076 4304 3183 4378 γὰρ
3215 4305 3388 4377 δήπου
3413 4305 3461 4338 ⁸⁷
3484 4305 3648 4358 ὓστε-

395 4392 567 4455 deret,
626 4392 843 4460 quando
893 4390 1109 4460 quidem
1172 4402 1362 4444 omnes
1408 4398 1531 4459 post
1582 4400 1820 4444 actorem
1881 4388 1967 4443 di-

2089 4416 2159 4466 σοι
2188 4397 2282 4451 τοῦ
2311 4395 2599 4463 διώκοντος
2644 4400 2895 4467 λέγουσιν
2912 4411 2929 4428 ο
2963 4396 3088 4469 [668
3116 4395 3208 4469 [1.]
3243 4398 3302 4451 έν
3328 4396 3385 4451 δὲ
3413 4399 3528 4459 τοῖς
3556 4396 3647 4450 λόε-

395 4495 527 4539 cunt
562 4502 577 4538 :
606 4485 659 4539 in
706 4487 837 4554 ipsis
869 4496 1049 4540 autem
1086 4484 1299 4549 litteris,
1333 4492 1388 4538 et
1426 4484 1570 4553 quod
1601 4483 1670 4536 de
1697 4484 1763 4538 iis
1806 4497 1965 4538 exer-

394 4579 572 4635 cetur,
621 4571 828 4640 judicio
860 4587 965 4627 non
997 4571 1036 4625 ii
1095 4571 1187 4641 qui
1223 4570 1545 4625 sententiam
1616 4584 1768 4624 suam
1820 4584 1966 4624 com-

394 4665 712 4733 probarent,
763 4664 857 4718 sed
894 4674 1078 4719 essent
1110 4672 1353 4732 tempore
1401 4661 1630 4728 priores,
1659 4661 1962 4718 vincerent.

398 4755 490 4811 Est
521 4765 700 4810 autem
733 4755 1021 4811 admodum
1052 4756 1299 4824 iniquum
1333 4767 1427 4807 eos
1455 4750 1545 4820 qui
1569 4766 1765 4821 corpus
1812 4767 1964 4807 exer-

394 4857 520 4901 cent
569 4858 623 4902 et
652 4847 856 4913 colunt,
885 4849 1020 4904 adeo
1065 4862 1320 4917 magnam
1377 4853 1430 4901 et
1472 4844 1710 4913 priorem
1767 4844 1967 4898 habere

394 4939 698 4994 honestatis
758 4954 822 4994 ac
867 4938 1096 5008 justitiae
1135 4940 1393 5010 speciem.

466 5024 713 5098 [Scilicet
744 5025 884 5098 bona
915 5026 1280 5090 ordinatione,
1312 5042 1434 5082 cum
1486 5041 1647 5082 omne
1702 5025 1838 5079 bene
1879 5038 1971 5078 or-

395 5094 638 5149 dinatum
674 5096 966 5150 secundum
1023 5098 1289 5150 rationem
1337 5099 1429 5165 sit,
1495 5098 1637 5150 male
1689 5110 1820 5150 vero
1872 5110 1968 5149 or-

395 5166 640 5221 dinatum
700 5175 898 5235 praeter
940 5167 1250 5239 rationum]

2074 4501 2192 4553 γοις
2215 4485 2397 4549 αὐτοῖς
2424 4487 2518 4539 καὶ
2542 4488 2606 4557 τῇ
2633 4486 2762 4557 rcep’t
2776 4484 2980 4539 τούτων
3004 4485 3182 4558 κρίσει
3211 4485 3337 4548 τοὺς
3362 4484 3442 4555 τῷ
3469 4485 3647 4556 χρόνῳ

2074 4574 2446 4645 προλαϐόντας
2496 4578 2740 4647 κρατεῖν,
2784 4575 2919 4629 ἀλλὰ
2965 4575 3039 4646 μὴ
3090 4576 3217 4639 τοὺς
3267 4576 3646 4643 ἀποδείξοντας

2075 4666 2205 4733 περί
2256 4658 2331 4720 ὧν
2372 4665 2750 4735 ἀγωνίζονται.
2802 4665 2997 4719 Καίτοι
3044 4666 3091 4698 ⁸⁸
3132 4665 3250 4729 πῶς
3308 4667 3410 4721 οὐκ
3457 4667 3649 4735 ἀλογία

2074 4756 2242 4826 πολλὴ
2294 4757 2420 4821 τοὺς
2454 4758 2570 4826 μὲν,
2604 4756 2641 4811 ἃ
2667 4757 2766 4828 τῆς
2813 4755 2908 4809 τοῦ
2950 4756 3198 4826 σώματος
3243 4755 3411 4827 τύχης
3440 4757 3648 4827 ἔχεται,

2073 4848 2410 4919 μελετῶντας
2440 4848 2474 4919 ἢ
2505 4847 2778 4918 τιμῶντας
2824 4847 2968 4901 οὕτω
3011 4847 3215 4918 σφόδρα
3244 4849 3336 4900 καὶ
3379 4847 3649 4919 πρότερον

2067 4940 2127 4992 τὸ
2154 4938 2246 4992 τοῦ
2273 4939 2431 5008 λόγου
2458 4939 2617 4992 καλὸν
2651 4940 2747 4993 καὶ
2777 4938 2986 4992 δίκαιον
3017 4938 3392 5008 τετιμηκέναι,

2139 5030 2323 5100 ιἪτοι
2353 5030 2400 5062 ⁸³
2428 5030 2525 5099 τῆς
2555 5030 2825 5095 εὐταξίας,
2860 5029 3049 5100 ἐπειδὴ
3102 5031 3211 5083 πᾶν
3248 5029 3310 5082 τὸ
3351 5029 3648 5100 εὔτακτον

2068 5098 2208 5155 κατὰ
2236 5101 2392 5169 λόγον
2430 5098 2657 5169 γίνεται,
2690 5101 2750 5154 τὸ
2777 5100 2833 5154 δὲ
2858 5098 3119 5154 ἄτακτον
3145 5100 3355 5168 ἀλόγως
3383 5098 3477 5170 ⁹⁰.]

1699 5319 1936 5375 VARIIE
1976 5319 2270 5377 LECTION
2278 5319 2382 5376 ES.

463 5465 509 5497 ⁷³
542 5464 757 5518 ἀκούων
795 5473 917 5532 post
956 5464 1273 5532 πρυτανεῖον
1306 5459 1449 5529 ponit
1478 5459 1543 5512 A.
1596 5456 1897 5532 __7’f_t')1td_px

1901 5472 1980 5507 ειν
2017 5456 2081 5509 Α.

2187 5457 2233 5487 ⁷⁸
2266 5454 2410 5508 δοκοῖ
2435 5470 2583 5540 “corr.
2624 5455 2684 5509 Β.
2721 5524 2732 5540 '
2762 5456 2808 5540 ’ξ
2838 5458 2969 5525 ἡμῖν
3001 5473 3071 5536 ςζ
3153 5454 3217 5540 ’⁷⁷
3243 5453 3533 5540 πρεσϐεύοι
3568 5457 3640 5515 Λ.

397 5534 439 5565 ⁷⁸
463 5524 950 5604 ἀντὶ-ἀκρόπολιν
975 5524 1081 5588 οἰιι.
1206 5534 1249 5563 7"
1271 5524 1513 5604 λέγει-ς.
1583 5524 1948 5604 ξ-⁰’ξ¹Αχ-ρῆ.⁷⁴⁸³
1979 5526 2129 5604 πόλις
2158 5540 2264 5579 om.
2434 5524 2952 5604 ⁸³⁵-Ἀνεγνὼσθησαν
2980 5526 3074 5604 τοῦ
3106 5524 3293 5604 αὑτοῦί
3322 5525 3578 5604 ἀνεγνὼτν
3599 5543 3637 5597 η

393 5607 501 5655 τῶν
525 5599 851 5671 Ἀριστείδου
894 5607 956 5657 Α.
1036 5604 1081 5635 ⁸³
1102 5599 1276 5669 οἶμαι]
1330 5618 1381 5670 p.

391 5671 437 5703 ⁸⁷
465 5672 729 5739 δήπουθεν
759 5676 824 5727 Α.
900 5674 941 5704 ⁸³
974 5672 1168 5738 καίτοι]
1198 5690 1245 5742 p.

1582 5598 1627 5630 ⁸⁸
1657 5594 1846 5667 ὀρθῶς
1882 5594 2098 5647 ἔσεσθαι
2151 5610 2257 5667 out.
2292 5596 2357 5648 A.

1412 5669 1530 5702 39.90
1562 5665 1777 5739 ﬁxos—
1799 5666 2007 5733 ἀλόγως
2031 5681 2139 5720 om.
2173 5665 2237 5717 A.

2471 5595 2517 5628 ⁸⁸
2552 5595 2949 5666 συμῆούλεσθαι
2984 5596 3043 5662 Β,
3072 5595 3536 5667 συμϐουλεύεσθαι
3565 5595 3633 5652 Α.
