4012 6236
364 321 500 387 1489

1350 329 1872 399 BIBLIOTHECA;
1911 354 1984 369 -
2011 331 2173 397 COD.
2204 339 2526 407 CCXLVII.

3491 362 3627 430 1490

431 435 570 498 Τοὺς
597 432 641 488 δ’
684 435 779 489 ἐπὶ
821 437 929 492 τῶν
957 439 1005 471 ⁴³¹
1049 438 1224 510 λόγων
1270 443 1581 515 ἀνέχοντας,
1628 448 1725 502 καὶ⁹
1768 451 1929 521 χωρὶς

2112 454 2214 523 Qui
2248 458 2300 511 in
2358 459 2555 516 litteris
2601 464 2889 534 excellunt,
2924 477 2978 526 et
3007 470 3212 543 absque
3271 490 3458 533 earum
3513 493 3625 537 stu-

357 525 462 595 τῆς
508 527 566 579 ἐν
615 527 826 593 τούτοις
877 531 1162 604 διατριϐῆς
1218 536 1329 590 οὐδ’
1368 538 1434 593 ἂν
1470 539 1570 611 ζῇν
1614 540 1943 612 δεξαμένους

360 613 524 688 [1257
552 616 625 690 Β]
669 618 845 684 οὕτως
883 622 1089 694 ἀργῶς.
1133 624 1349 696 [ἀργῶς
1384 624 1526 695 εἷπε,
1571 630 1660 686 διὰ
1700 633 1828 697 τοὺς
1866 634 1942 704 μὴ

358 709 742 779 ἀντιλέγοντας
759 728 773 741 ·
803 713 1042 782 ἀδίκως,
1076 716 1165 773 διὰ
1179 720 1305 783 τοὺς
1331 722 1701 792 ἐπιτιμῶντας
1722 727 1836 790 τοῖς
1857 727 1945 782 ἀν-

358 801 712 879 τιλέγουσιν,]
745 806 947 876 μᾶλλον
971 807 1030 862 δὲ
1055 809 1254 874 ἀδίκως
1290 812 1457 883 ἔχειν,
1486 813 1627 871 ὥστε
1657 817 1739 871 ἑνὶ
1765 817 1942 889 πιστῷ

358 894 593 965 χρῆσθαι
626 898 758 968 περὶ
802 899 1058 956 ἁπάντων
1090 900 1156 968 ’³,
1186 902 1255 956 ἀν
1296 922 1382 970 τις
1409 906 1590 980 φθάσῃ
1629 910 1938 981 γενόμενος,

359 987 455 1040 καὶ
482 985 551 1040 τά
579 987 820 1059 ὀνόματα
849 991 972 1046 ἀντὶ
1003 993 1102 1065 τῆς
1130 995 1393 1066 ἀληθείας
1422 997 1725 1070 θαυμάζειν
1764 1004 1940 1074 αἱρεῖ-

360 1080 486 1135 σθαι
516 1082 584 1148 ³³,
618 1080 808 1156 ὥσπερ
837 1085 1057 1155 νομίσαι
1084 1086 1233 1155 δέον,
1264 1090 1363 1161 οὐχ
1399 1091 1581 1163 εὑρεῖν
1598 1093 1683 1157 ,τὸ
1705 1093 1937 1162 βέλτιον,

360 1173 457 1227 καλ⁹
502 1177 629 1241 τοὺς
672 1176 771 1247 μὲν
811 1177 1010 1248 νόμους
1052 1181 1273 1249 αὐτοὺς,
1321 1183 1390 1239 ἂν
1420 1186 1697 1261 συμφέρῃ,
1744 1192 1935 1254 κινεῖν,

357 1264 488 1329 τοὺς
518 1265 578 1321 δὲ
607 1267 864 1339 περὶτῶν
888 1271 978 1325 ἀεὶ
1007 1273 1279 1343 μενόντων
1307 1278 1371 1348 τῇ
1416 1279 1576 1347 φύσει
1624 1279 1818 1349 λόγους
1845 1282 1940 1337 ἐπὶ

355 1359 472 1421 τοῖς
502 1358 743 1430 πρώτοις
774 1362 849 1434 μὴ
885 1363 1161 1436 δέχεσθαι,
1189 1365 1304 1422 ἀλλ’
1331 1368 1523 1442 ὥσπερ
1554 1372 1766 1446 ὅρουςῆ
1808 1376 1939 1447 στή-

355 1447 455 1514 λας
479 1451 607 1516 τοὺς
627 1459 1145 1529 προκατεσχηκότας
1175 1461 1519 1532 πρεσϐεύειν,
1548 1466 1645 1521 καὶ
1671 1468 1843 1524 ταῦτα
1872 1472 1935 1526 οὐ

354 1538 504 1597 λύειν
527 1543 719 1616 ὥσπερ
739 1546 799 1601 ὲν
838 1551 952 1614 τοῖς
983 1550 1167 1622 νόμοις
1194 1554 1320 1619 τοὺς
1369 1557 1669 1629 προτέρους
1698 1559 1788 1616 διὰ
1828 1562 1937 1615 τῶν

355 1634 617 1691 ἐναντίων
652 1638 791 1706 δέον,
837 1641 976 1697 ἀλλά
1011 1645 1114 1715 τῆς
1152 1649 1324 1719 αὐτῆς
1355 1650 1541 1722 χώρας
1580 1654 1674 1707 καὶ
1715 1654 1937 1726 ἐτέρους

2048 546 2139 601 dio
2169 563 2238 603 ne
2268 551 2437 606 vitam
2470 555 2686 623 quidem
2721 563 3079 627 expetendam
3130 577 3337 634 putent,
3372 585 3466 627 eos
3516 584 3624 629 tam

2046 638 2268 706 ignavos
2300 640 2460 714 [dixit
2512 646 2726 715 ignavos
2768 662 2988 721 propter
3016 671 3120 711 non
3158 662 3623 734 contradicentes;

2044 731 2273 803 iniquos,
2291 748 2506 807 propter
2521 743 2977 811 reprehendentes
2991 764 3082 805 eos
3097 752 3187 822 qui
3201 731 3622 832 contradicunt],

2045 833 2140 880 aut
2172 828 2352 895 potius
2404 829 2626 901 iniquos
2663 850 2804 904 esse,
2838 848 2896 893 ut
2946 856 3052 897 uno
3091 844 3157 898 ad
3192 848 3372 903 omnia
3402 828 3624 908 utantur

2044 931 2384 990 argumento,
2419 925 2466 979 si
2491 929 2612 996 quis
2654 933 2930 987 exstiterit
2964 937 3131 1004 prior,
3166 952 3229 994 ac
3272 955 3369 1009 pro
3393 944 3622 1000 veritate

2044 1011 2265 1067 nomina
2315 1012 2675 1084 admirentur,
2703 1021 2859 1089 quasi
2898 1039 3001 1078 non
3034 1036 3287 1095 Oportere
3323 1032 3620 1101 quidquam

2044 1105 2272 1172 reperiri
2310 1106 2505 1163 melius
2531 1110 2868 1176 existiment,
2902 1129 2964 1170 ac
2996 1116 3141 1186 leges
3166 1120 3385 1190 quidem
3412 1121 3622 1195 41οα

2043 1193 2209 1263 ipsas,
2238 1196 2284 1250 si
2313 1197 2385 1254 sit
2410 1199 2539 1256 utile
2563 1212 2812 1272 mutare;
2840 1207 2931 1274 qui
2964 1219 3145 1265 autem
3175 1210 3243 1266 de
3269 1212 3354 1277 iis,
3392 1193 3619 1282 quorum

2040 1299 2124 1344 est
2154 1296 2349 1346 natura
2390 1303 2673 1363 perpetua,
2725 1305 2960 1354 tractant
3009 1317 3309 1372 sermones,
3356 1321 3451 1362 eos
3501 1321 3621 1378 post

2040 1383 2248 1452 primos
2270 1400 2377 1440 non
2405 1388 2668 1458 recipere,
2699 1405 2888 1447 verum
2914 1395 3123 1462 priores
3145 1400 3300 1469 quasi
3333 1402 3616 1467 terminos,

2041 1484 2135 1529 aut
2163 1476 2457 1535 columnas
2489 1483 2760 1549 venerari,
2816 1501 2915 1540 nec
2942 1502 3028 1553 ea,
3065 1492 3517 1559 quemadmodum
3563 1495 3615 1548 in

2042 1561 2252 1633 legibus
2280 1565 2490 1634 priores
2522 1582 2619 1638 per
2650 1573 2959 1629 contrarias
3002 1575 3350 1646 abrogantur,
3383 1580 3648 1659 solveret

2038 1671 2228 1713 verum
2260 1659 2450 1715 eodem
2489 1660 2606 1716 loco
2632 1665 2796 1718 etiam
2826 1666 2961 1722 alios
2987 1667 3189 1725 habere
3218 1688 3233 1724 :
3263 1682 3318 1727 et
3342 1672 3619 1742 iuramen-

354 1726 543 1791 ἀξιοῦν
577 1731 783 1797 αὐτοῖς,
813 1733 1038 1799 καὶτοῖς
1066 1737 1167 1808 μὲν
1194 1740 1377 1810 ὅρκοις
1402 1747 1516 1808 τοῖς
1539 1750 1741 1812 κοινοῖς
1767 1767 1929 1821 προσ-

354 1822 744 1850 ρηιυ-υιηι.--...
776 1825 970 1850 ιε-9η---
1015 1830 1123 1850 2____\
1144 1833 1186 1850 ,ς
1323 1835 1338 1850 ι
1526 1839 1549 1850 Α
1586 1841 1607 1850 ..
1728 1843 1751 1850 ..
1873 1845 1893 1850 ..

2041 1750 2111 1805 tis
2144 1752 2365 1818 quidem
2402 1754 2638 1825 publicis
2688 1757 2789 1812 hoc
2830 1760 3104 1816 ascribere
3137 1762 3280 1828 licet,
3317 1726 3542 1821 demere
3561 1726 3617 1821 et

353 1822 744 1892 παραγράφειν
774 1825 975 1892 ἐξεῖναι
1007 1830 1215 1884 ἀνελεῖν
1252 1835 1346 1888 καὶ
1378 1839 1696 1908 προσθεῖναι
1723 1843 1753 1898 ὃ
1787 1863 1841 1898 τι
1867 1845 1935 1900 ἂν

356 1914 753 1985 σκοπουμένοις
774 1917 1001 1991 ὕστερον
1026 1924 1278 1996 συνδοκῇ,
1304 1926 1399 1992 οὓς
1422 1928 1478 1984 δὲ
1503 1932 1612 1986 ἀπὸ
1639 1935 1738 2005 τῆς
1761 1938 1935 2004 αὐτῆς

351 1999 602 2068 ἐξουσίας
625 2006 714 2061 ἀεὶ
737 2009 833 2062 καὶ
856 2010 945 2065 διὰ
968 2014 1171 2079 παντὸς
1198 2016 1476 2083 ἐξετάζειν
1496 2022 1578 2077 δεῖ
1608 1999 1822 2094 λόγους,
1854 1999 1936 2101 τὲῖᾷ

351 2095 678 2165 ταιρελθόντι
707 2100 887 2174 χρόνῳ
918 2105 1066 2175 μόνῳ
1092 2109 1427 2178 προσθεῖναι,
1457 2113 1645 2188 ὥσπερ
1676 2117 1745 2173 ἃν
1774 2120 1830 2173 εί
1848 2095 1933 2187 τις

351 2190 448 2242 καὶ
482 2189 749 2258 ὑγιαίνειν
777 2195 979 2263 φάσκοι
1001 2198 1049 2232 ’⁸
1081 2201 1278 2272 χρῆναι
1307 2204 1504 2273 μόνους
1531 2209 1660 2273 τοὺς
1681 2212 1932 2283 πρώτους

348 2284 696 2354 γενομένους,
742 2290 838 2343 καὶ
870 2291 1008 2361 μηδὲ
1048 2293 1228 2350 έκεῖνο
1252 2297 1385 2370 ὁρᾷν
1411 2300 1480 2367 ³⁸,
1521 2302 1662 2375 δτιή
1704 2308 1931 2381 τοιαύτη

262 2414 279 2435 π
349 2377 531 2449 κρίσις
558 2381 658 2436 καὶ
684 2384 713 2437 ό
742 2382 1001 2457 λογισμὸς
1026 2392 1054 2444 ὁ
1083 2394 1323 2459 τοιοῦτος
1352 2398 1536 2465 αὐτοῖς
1571 2402 1806 2473 πρώτοις
1835 2377 1931 2471 οὓς

346 2469 583 2538 τιμῶσιν
607 2473 670 2527 οὐ
710 2475 998 2535 λυσιτελεῖ.
1038 2482 1098 2536 EE
1130 2484 1241 2554 γὰρ
1274 2488 1353 2559 τῷ
1378 2491 1559 2562 χρόνῳ
1596 2469 1680 2547 δεῖ
1717 2469 1930 2568 συγχωξ

349 2562 468 2657 ρεῖν
493 2563 591 2616 καὶ
616 2565 715 2657 τὴν
739 2566 898 2633 ἀξίαν
940 2571 1050 2626 ἀπὸ
1084 2574 1277 2631 τούτου
1327 2583 1570 2652 μετρεῖν,
1605 2585 1783 2640 οὐκέτ’
1796 2562 1927 2657 ’έχει

346 2650 530 2744 τόπον,
557 2654 590 2724 ἡ
635 2656 731 2711 νῦν
758 2659 805 2692 ⁵⁸
832 2662 983 2731 παρὰ
1042 2665 1262 2723 πάντων
1324 2672 1404 2736 είς
1434 2650 1712 2740 ήὲκείνους
1740 2650 1923 2744 αἰδώς.

2040 1840 2263 1907 addere,
2304 1846 2567 1914 quidquid
2623 1849 2895 1917 posterius
2946 1853 3382 1911 consultantibus
3435 1857 3612 1913 visum

2039 1933 2227 2000 fuerit,
2256 1950 2395 2005 quas
2447 1946 2628 1993 autem
2668 1941 2858 1996 eadem
2893 1956 3110 2014 semper
3138 1954 3195 2000 et
3220 1947 3418 2017 ubique
3449 1949 3612 2003 liber-

1986 2075 1991 2079 .
2037 2034 2148 2083 tate
2200 2028 2430 2083 decebat
2469 2030 2776 2087 examinari
2829 2032 3063 2101 litteras,
3108 2050 3203 2090 eas
3234 2039 3612 2107 superioribus

2035 2121 2300 2176 duntaxat
2347 2121 2685 2189 temporibus
2733 2123 2921 2193 tribui,
2970 2126 3135 2182 veluti
3174 2129 3217 2183 si
3259 2130 3380 2199 quis
3409 2131 3614 2199 primos

2036 2218 2245 2266 tantum
2302 2212 2548 2269 homines
2605 2228 2770 2270 sanos
2816 2230 2938 2272 esse
2985 2216 3134 2272 dicat
3182 2230 3458 2288 oportere,
3512 2237 3612 2277 nec

2034 2302 2175 2358 hanc
2204 2303 2674 2361 ratiocinationem
2711 2308 2845 2378 ipsis
2870 2309 3124 2380 primam,
3153 2327 3291 2381 quos
3321 2314 3608 2378 honorant,

2032 2394 2279 2450 inutilem
2307 2409 2429 2452 esse
2465 2398 2923 2455 animadvertere.
2972 2398 3109 2457 Nam
3142 2403 3186 2458 si
3228 2404 3451 2473 tempori
3491 2419 3611 2459 om-

2031 2486 2120 2542 nia
2182 2496 2312 2542 sunt
2380 2488 2692 2557 tribuenda,
2755 2506 2932 2562 eoque
3004 2495 3278 2551 metienda
3353 2498 3606 2568 dignitas,

2030 2595 2138 2637 non
2178 2581 2415 2649 amplius
2463 2583 2530 2649 is,
2581 2586 2672 2654 qui
2736 2601 2879 2641 nunc
2928 2586 3036 2644 illis
3084 2587 3315 2645 habetur
3387 2592 3452 2647 ab
3490 2609 3608 2648 om-

2029 2674 2190 2728 nibus
2255 2675 2446 2742 honor,
2494 2676 2671 2732 locum
2722 2678 2965 2736 habebit.
3016 2678 3130 2735 Hac
3192 2683 3337 2736 enim
3392 2685 3606 2741 ratione

352 2741 530 2808 Ἴασος
565 2746 675 2818 γὰρ
708 2749 776 2804 ἂν
809 2753 854 2785 ⁸⁷
884 2753 1029 2811 οὕτω
1055 2773 1122 2826 γε
1152 2759 1197 2793 ⁸⁸
1224 2756 1395 2835 νικῶῃ
1426 2766 1553 2838 περὶ
1582 2768 1792 2838 λόγους,
1834 2741 1928 2830 καὶ

2030 2766 2191 2847 Iasus
2216 2780 2271 2825 et
2303 2771 2548 2840 Criasus,
2593 2780 2758 2844 atque
2796 2773 3067 2844 Crotopus
3096 2785 3149 2829 et
3174 2772 3514 2843 Phoroneus,
3544 2793 3608 2832 ac

344 2833 588 2930 iipiaoo;
612 2841 709 2894 καὶ
729 2842 1016 2915 Κρότωτος
1046 2849 1091 2882 ⁸⁸
1120 2852 1216 2906 καὶ
1253 2833 1536 2927 Φορωνεὺς
1570 2860 1609 2926 ⁸,
1641 2833 1820 2917 καὶ-ετ
1837 2882 1922 2930 τις

359 2925 605 2996 Ἀργεῖος
635 2932 700 2985 ἐκ
731 2935 903 3004 μύθου
927 2940 1024 2994 καὶ
1052 2925 1362 3001 Δευκαλίων
1390 2953 1411 2983 ³
1433 2925 1633 3007 αίπιῶν
1658 2925 1927 3030 βεϐοημέῖ-

344 3036 472 3075 νων.
512 3023 639 3079 Ἐὰν
667 3025 810 3083 οὕτω
831 3033 1126 3106 κρίνωμεν,
1157 3039 1235 3102 ὡς
1258 3041 1320 3095 οὐ
1348 3043 1540 3115 Κόδρῳ
1566 3063 1630 3116 γε
1660 3023 1923 3116 μετέσται

2027 2862 2072 2917 si
2095 2864 2217 2931 quis
2260 2873 2345 2919 est
2387 2865 2442 2920 in
2487 2864 2689 2921 fabulis
2716 2866 2893 2936 Argus
2921 2875 2977 2922 et
3005 2867 3285 2935 Deucalio,
3332 2871 3420 2941 qui
3464 2887 3608 2926 nunc

2006 2953 2388 3023 -celebrantur,
2440 2956 2674 3027 palmam
2719 2958 3066 3015 obtinebunt.
3109 2963 3287 3033 Atque
3333 2963 3381 3018 si
3412 2964 3483 3017 ita
3523 2964 3609 3032 ju-

2028 3049 2290 3115 dicemus,
2344 3064 2411 3105 ne
2439 3051 2653 3108 Codrus
2698 3055 2916 3124 quidem
2945 3070 3043 3109 cur
3065 3055 3331 3126 glorietur
3359 3058 3605 3129 habebit,

340 3114 442 3183 τῆς
478 3116 813 3192 φιλοτιμίας,
846 3126 985 3181 ἀλλὰ
1017 3132 1111 3183 καὶ
1139 3125 1296 3198 οὗτος
1321 3138 1452 3200 παῖς
1481 3114 1752 3203 οίςνεῖπον
1783 3163 1920 3218 συμ-

2032 3143 2122 3211 qui
2154 3158 2278 3198 cum
2329 3143 2448 3201 istis
2477 3159 2615 3214 quos
2653 3146 2764 3201 dixi
2813 3158 3181 3218 comparatus,
3226 3165 3363 3218 puer
3393 3151 3463 3206 sit
3506 3168 3608 3208 nec

342 3206 526 3264 ϐαλεῖν
564 3211 586 3245 ³
615 3215 710 3269 καὶ
735 3218 837 3272 οὐκ
867 3218 890 3251 ’⁵
913 3222 1143 3293 ἀρχαῖος
1164 3242 1178 3258 ο
1211 3228 1305 3283 καὶ
1332 3232 1473 3286 κατά
1499 3232 1521 3265 ⁸
1552 3236 1751 3308 μικρὸν
1781 3206 1925 3295 οὕτω

342 3302 651 3402 ςητήσομεν
689 3310 709 3340 ⁸
735 3311 789 3364 εί
820 3329 906 3375 τις
941 3310 1012 3387 ἦν
1040 3319 1171 3391 πρὶν
1216 3322 1448 3395 σελήνην
1478 3302 1635 3384 εἶναι.
1656 3302 1921 3402 ’Ὀμήρου

340 3394 397 3448 δὲ
425 3403 521 3451 καὶ
554 3399 799 3458 Ἡσιόδου
821 3407 1047 3465 καὶτῶν
1076 3412 1156 3476 είς
1178 3415 1329 3483 ἡμᾶς
1348 3394 1756 3489 νενικηκότωνί
1771 3394 1920 3478 Ῑίλά-

342 3581 450 3652 πρὸ
473 3584 678 3641 τούτων
714 3589 827 3643 οὐδ’
855 3592 937 3656 είς
982 3594 1275 3651 πολλοστὸν
1312 3601 1505 3671 χρόνον
1547 3603 1702 3670 ἐλπὶς
1729 3581 1923 3676 ὁμοίαν

340 3675 663 3743 ἐγγενέσθαι
687 3680 865 3747 δόξαν,
890 3701 954 3738 συ
962 3689 1288 3758 μπροῖόντος
1306 3690 1329 3723 ⁸
1357 3690 1471 3745 ε’σου
1494 3693 1591 3748 τοῦ
1611 3694 1719 3767 πρὸ
1744 3675 1925 3753 αὐτῶν

339 3768 570 3835 ἐκείνοις
591 3771 699 3828 ἀεί.
733 3776 794 3829 Et
823 3776 882 3830 δὲ
908 3778 1069 3834 τοῦτο
1095 3780 1317 3854 εὔδηλον
1345 3785 1570 3853 ἅπασιν,
1601 3789 1685 3844 δτι
1719 3792 1811 3846 καὶ
1842 3787 1926 3848 οὗ·

337 3874 421 3913 τοι
451 3860 612 3930 φύσει
641 3866 737 3920 καὶ
764 3866 993 3941 δυνάμει
1022 3873 1395 3944 διενεγκόντες
1438 3881 1567 3944 τοὺς
1591 3883 1700 3953 πρὸ
1742 3886 1923 3941 αὐτῶν

338 3952 686 4027 ἀπέκρυψαν,
704 3959 827 4014 οὐδὲ
852 3964 978 4028 τοὺς
995 3963 1222 4039 ὕστερον
1240 3970 1261 4002 9
1286 3952 1649 4030 παντάπασιν
1675 3974 1923 4045 ἅπαντας

338 4046 627 4119 ἀπείργειν
662 4053 832 4121 είκὸς,
880 4058 990 4112 οὐδ’
1023 4059 1296 4130 ἀπιστεῖν,
1332 4066 1390 4118 εί
1426 4083 1510 4131 τις
1545 4068 1640 4123 καὶ
1675 4070 1772 4125 τοῦ
1805 4074 1924 4127 νυνὶ

337 4140 532 4238 χρόνου
592 4145 946 4219 μετεσχηκὼς
1005 4151 1121 4223 ἔχει
1172 4155 1217 4187 ¹⁰
1264 4158 1643 4229 συμϐαλέσθαι
1694 4165 1924 4238 γνώμην

336 4236 468 4307 περὶ
493 4228 570 4293 ὧν
619 4240 1130 4315 πρόκειται-λόγος,
1183 4248 1318 4305 ἀλλά
1342 4228 1392 4286 ν¹¹
1427 4254 1562 4326 παρ’
1609 4228 1920 4326 αὐτώνξώς

334 4325 534 4397 ἔοικεν,
561 4326 638 4386 ὧν
664 4335 916 4406 τιμῶμεν
956 4339 1226 4412 ὑπάρχειν
1252 4344 1463 4409 εἰδότας
1506 4347 1569 4401 τὸ
1596 4352 1922 4421 προσίεσθαι

334 4424 430 4477 καὶ
458 4427 749 4499 προσέχειν
782 4432 978 4497 ὁπόσον
996 4434 1244 4507 διαφέρει
1280 4437 1343 4489 ¹¹.
1384 4438 1671 4508 ’Δπαντας
1699 4447 1798 4517 μὲν
1828 4449 1922 4503 οὖν
1953 4482 1997 4538 D

333 4516 467 4581 ἴσως
493 4521 622 4585 τοὺς
650 4524 1198 4590 παλαιοὺςναίδεῖσθαι
1225 4531 1323 4601 μὲν
1351 4530 1579 4602 δίκαιον,
1611 4516 1853 4611 φρίττειν
1873 4543 1919 4595 δ’

330 4610 433 4665 οὐκ
456 4612 627 4681 ἀξιον,
655 4619 817 4691 εῐπερ
857 4619 932 4692 μὴ
961 4622 1003 4654 ³³
1028 4624 1155 4689 τοὺς
1198 4625 1290 4679 ἐπὶ
1342 4629 1455 4693 τοῖς
1493 4610 1673 4701 λόγοις
1716 4633 1917 4707 ὀνομα-

333 4708 562 4774 σθέντας
592 4711 792 4780 μᾶλλον
821 4713 854 4786 ἢ
899 4715 1025 4780 τοὺς
1059 4717 1255 4787 λόγους
1299 4722 1499 4789 αὐτοὺς
1523 4724 1605 4778 δεῖ
1627 4727 1805 4782 δοκεῖν
1839 4747 1919 4785 τι-

335 4802 472 4872 μᾷν·
497 4804 579 4857 ὅτι
606 4804 652 4836 ³⁸
678 4805 743 4872 δ’,
772 4808 821 4861 ει
855 4809 990 4879 πρὸς
1010 4809 1167 4865 ἄλλον
1192 4814 1334 4881 τινὰ,
1364 4817 1467 4889 χρὴ
1499 4819 1725 4893 γνώμης
1746 4821 1919 4888 οὕτως

331 4893 479 4965 ἔχειν
515 4897 610 4950 καὶ
651 4899 792 4969 πρὸς
834 4900 1117 4969 Πλάτωνα,
1155 4907 1257 4960 οὐκ
1286 4907 1447 4964 ἄλλου
1475 4911 1668 4983 δέομαι
1710 4915 1917 4987 μάρτυ-

335 5001 447 5056 ρος,
472 4986 589 5041 ἀλλ’
613 4988 777 5052 αὐτὸς
804 4989 1046 5061 ἐξαρκεῖ,
1080 4993 1144 5047 ού
1179 4997 1337 5065 μόνον
1365 4993 1447 5063 οἷς
1467 4986 1801 5074 ἀπανταχοῦί
1818 5003 1916 5077 βοᾷ

330 5085 429 5135 καὶ
465 5083 901 5151 παρακελεύεται
941 5084 1070 5157 [669
1100 5088 1190 5162 Η.]
1227 5092 1393 5162 μηδὲν
1427 5096 1693 5167 πρότερον
1742 5102 1915 5153 ποιεῖ-

334 5171 458 5227 σθαι
504 5173 604 5244 τῆς
657 5172 937 5246 ἀληθείας,
994 5176 1129 5231 ἀλλά
1161 5182 1254 5234 καὶ
1311 5182 1477 5256 ὀλίγῳ
1524 5187 1604 5257 τῷ
1656 5188 1918 5260 παραδεί-

2030 3236 2331 3305 antiquus:
2375 3246 2538 3306 atque
2579 3239 2651 3293 ita
2699 3237 2961 3308 paulatim
3002 3240 3047 3295 si
3080 3243 3202 3312 quis
3245 3252 3373 3298 ante
3424 3243 3607 3298 lunam

2026 3329 2321 3397 exstiterit,
2353 3330 2714 3400 inquiremus.
2747 3329 2865 3386 Jam
2890 3330 3109 3387 Ilomeri
3149 3342 3312 3405 atque
3362 3334 3603 3398 llesiodi,

2026 3432 2188 3490 atque
2215 3435 2402 3477 eorum
2435 3422 2528 3490 qui
2563 3422 2827 3478 hactenus
2858 3424 3253 3492 excelluerunt,
3280 3425 3525 3484 Platonis
3551 3432 3595 3486 si

2026 3513 2224 3582 placet,
2256 3521 2310 3567 et
2339 3512 2741 3578 Demosthenis,
2770 3525 2823 3569 et
2855 3515 3147 3585 qui-paulo
3176 3526 3301 3572 ante
3327 3518 3597 3584 vixerunt,

2025 3619 2095 3659 ne
2128 3605 2195 3657 ad
2231 3603 2603 3674 longissimum
2639 3605 2855 3674 quidem
2892 3616 3107 3676 tempus
3146 3608 3339 3663 similis
3372 3620 3455 3665 est
3484 3626 3605 3682 5pc-

2026 3694 2192 3747 randa
2224 3693 2414 3763 gloria.
2444 3693 2551 3750 Sed
2575 3695 2619 3749 si
2643 3695 2694 3750 id
2725 3697 2977 3751 omnibus
3008 3708 3090 3752 est
3110 3699 3454 3757 manifestum
3484 3705 3603 3769 hos,

2026 3798 2147 3840 cum
2207 3796 2401 3841 natura
2448 3796 2506 3841 et
2579 3787 2845 3843 industria
2911 3790 3315 3860 praestitissent,
3375 3795 3608 3865 majores

2024 3892 2154 3934 suos
2185 3893 2493 3947 superasse,
2529 3894 2704 3950 neque
2726 3882 3059 3950 posteriores
3085 3892 3243 3939 erant
3264 3900 3452 3941 omnes
3485 3902 3607 3942 om-

2028 3968 2188 4024 nibus
2225 3970 2399 4025 modis
2438 3971 2681 4039 arcendi,
2733 3986 2911 4043 neque
2943 3975 3247 4047 rejiciendi,
3278 3978 3322 4032 si
3353 3980 3476 4048 quis
3508 3980 3612 4037 hoc

2025 4062 2192 4117 etiam
2227 4071 2473 4135 tempore
2517 4064 2586 4119 de
2642 4079 2699 4120 re
2738 4068 3011 4137 proposita
3063 4069 3387 4125 sententiam
3447 4083 3612 4142 queat

2025 4152 2201 4220 ferre;
2265 4168 2453 4209 verum
2504 4169 2572 4210 ex
2626 4155 2761 4224 ipsis
2794 4170 2929 4226 quos
2989 4156 3242 4225 colimus,
3298 4160 3442 4215 aliud
3491 4177 3611 4217 esse

2025 4248 2355 4315 praecedere,
2405 4245 2550 4301 aliud
2600 4256 2891 4315 praestare,
2930 4250 3363 4319 cognoscendum
3407 4262 3508 4305 est.
3546 4254 3610 4308 Et

2024 4339 2279 4408 antiquos
2307 4338 2523 4407 quidem
2552 4353 2744 4393 omnes
2774 4341 3024 4394 venerari
3066 4351 3306 4409 oportet,
3340 4358 3443 4397 non
3478 4346 3605 4398 hor-

2027 4445 2170 4496 rere,
2197 4430 2299 4486 nisi
2335 4429 2477 4484 forte
2502 4430 2697 4485 litteris
2732 4430 2993 4500 insignes,
3023 4432 3232 4501 majore
3266 4447 3428 4501 quam
3460 4435 3605 4503 ipsas

2027 4524 2258 4591 litteras,
2287 4522 2494 4577 honore
2523 4536 2845 4577 censeamus
2864 4521 3173 4578 alliciendos
3208 4540 3222 4578 :
3257 4526 3398 4596 quod
3423 4539 3604 4583 autem

2026 4617 2073 4673 si
2108 4632 2239 4686 erga
2288 4616 2598 4685 quempiam
2635 4615 2820 4680 alium,
2855 4630 2982 4686 erga
3027 4614 3307 4671 Platonem
3340 4630 3489 4675 certe
3528 4626 3608 4676 sic

2027 4726 2148 4766 esse
2201 4711 2462 4766 debemus
2520 4708 2719 4776 aifecti,
2775 4725 2880 4765 non
2910 4710 3076 4765 alium
3124 4712 3342 4779 requiro
3390 4722 3604 4780 testem,

2026 4818 2151 4858 cum
2195 4799 2426 4857 suiﬁciat
2475 4802 2611 4869 ipse,
2665 4817 2771 4856 non
2824 4811 3034 4856 tantum
3081 4804 3336 4873 quoniam
3409 4807 3610 4876 ubique

2026 4896 2226 4951 clamat
2278 4902 2335 4948 et
2375 4891 2542 4948 edicit
2582 4892 2715 4948 nihil
2766 4907 2888 4947 esse
2942 4893 3156 4949 veritati
3190 4896 3607 4964 prteferendnm,

2025 4988 2118 5044 sed
2153 4997 2208 5042 et
2234 4986 2485 5055 exemplo
2517 5001 2622 5042 non
2664 5000 2879 5056 magno.
2911 4986 3121 5041 Etenim
3151 4988 3197 5043 si
3229 4988 3317 5042 ille
3344 5005 3466 5043 cum
3500 4988 3610 5045 llo-

2027 5098 2261 5149 merntn,
2328 5081 2418 5151 qui
2471 5087 2628 5134 tanto
2691 5088 2815 5133 ante
2858 5079 3034 5147 ipsum
3099 5090 3340 5150 tempore
3397 5080 3604 5148 floruit,

2028 5179 2212 5235 multis
2248 5178 2314 5232 de
2342 5176 2524 5232 causis
2555 5175 2848 5236 incusaret,
2888 5171 3098 5226 ratione
3134 5188 3239 5227 non
3271 5175 3467 5240 caruit,
3501 5190 3605 5242 qua

1630 5302 1869 5359 VARI/i3
1911 5299 2320 5360 LECTIONES.

400 5407 590 5493 ἰ’τῶν
612 5411 651 5462 Α
676 5412 774 5493 me.
788 5414 905 5493 τῷν
928 5435 1001 5493 λς,
1030 5428 1083 5473 et
1114 5417 1154 5493 Β
1180 5436 1395 5493 quoque
1425 5431 1549 5477 ante
1580 5423 1690 5478 τῶν
1718 5425 1875 5481 habet
1905 5426 2090 5481 nescio
2119 5422 2248 5493 quid
2273 5437 2305 5477 a
2337 5439 2367 5475 τ
2401 5419 2686 5493 incipiens.
2755 5415 3053 5493 "naviter
3205 5415 3258 5493 :3
3281 5412 3518 5493 ἡρῆσθαι
3539 5414 3603 5467 A-

328 5480 377 5558 τι
403 5478 601 5558 φᾲσκει
625 5499 687 5545 ς.
729 5485 805 5558 μου
837 5478 1029 5558 span.

1102 5488 1150 5521 "
1173 5486 1267 5546 νῦν
1289 5486 1397 5549 6m.
1424 5494 1492 5547 Α.
1568 5497 1613 5528 ⁸⁷
1650 5495 1714 5549 ἂν
1737 5512 1845 5552 οιη.
1875 5497 1938 5549 Δ.
2018 5496 2061 5527 ⁸³
2093 5486 2158 5562 γε
2188 5525 2254 5536 --
2283 5493 2413 5564 περὶ
2436 5486 2628 5564 λόγους
2661 5503 2768 5564 οη]ἶ
2895 5557 2905 5564 ι
2933 5488 2983 5564 _”
3017 5487 3110 5542 καὶ
3146 5486 3500 5564 ὁ-Κρότωέπος
3522 5502 3603 5563 ης.
3686 5496 3688 5500 ‘

333 5551 350 5582 ί
383 5551 479 5603 καὶ
505 5551 787 5622 Φορωνεὺς
812 5551 926 5611 om:
960 5562 1023 5613 A.
1096 5562 1117 5593 ³
1151 5565 1245 5617 καὶ
1274 5562 1582 5620 Δευκαλίων
1615 5551 1755 5620 αίπζ
1820 5566 1900 5620 εδ.
1937 5581 2047 5622 om.
2076 5551 2139 5619 A'.
2192 5581 2289 5630 pro
2323 5551 2523 5617 αὶπιῶν
2555 5551 2698 5629 apud
2743 5556 3034 5661 eristidem
3063 5567 3146 5611 est
3162 5556 3304 5659 ῑ’ἀντὶ
3333 5555 3454 5642 ’τῶν
3488 5554 3603 5608 νῦν.

333 5622 353 5654 ³
382 5621 713 5690 συμϐάλλειν
745 5641 808 5688 ς.
918 5628 939 5662 ⁸
969 5630 1070 5684 οὐκ
1099 5633 1176 5687 A:
1209 5634 1320 5688 οὔτ’
1343 5654 1403 5690 ς.
1503 5637 1524 5668 ³
1550 5635 1713 5690 κατὰ]
1742 5566 1813 5690 si
1839 5637 1982 5690 κατὰ
2021 5639 2085 5689 Λ.
2164 5637 2185 5667 ⁸
2217 5635 2543 5690 ζητήσωμεν
2593 5650 2654 5690 ς.
2801 5628 2998 5690 ὀλίγων
3023 5645 3084 5690 ς.
3225 5625 3506 5690 προιόντος
3541 5641 3602 5688 ς-

331 5622 353 5709 ς
382 5621 713 5709 συμϐάλλειν
745 5641 808 5709 ς’.
918 5628 939 5662 ⁸
966 5630 1070 5709 ρύκ
1099 5633 1176 5687 A:
1209 5634 1320 5688 οὔτ’
1343 5654 1403 5709 ς·ἶ
1503 5635 1772 5709 facere];

329 5694 351 5725 ν
380 5690 509 5778 τοῦς
530 5690 680 5778 ἱξστ.]
706 5696 933 5759 τούτους
965 5698 1082 5756 ύστ.
1115 5708 1156 5756 Α
1185 5716 1235 5761 et
1268 5690 1436 5776 priB.
1518 5707 1559 5740 ¹⁰
1583 5690 1777 5778 ἔχοίΒ.
1852 5710 1968 5740 ¹¹οι¹
2011 5707 2145 5761 ἀλλὰ
2180 5690 2249 5747 -Ᾰ
2273 5690 2527 5776 ’διαφέρει
2562 5718 2671 5759 om.
2700 5702 2765 5757 A.

330 5763 736 5837 παραδείγματι
764 5781 876 5822 om.
912 5774 978 5826 A.

1839 5637 1982 5691 κατὰ
2021 5639 2085 5689 Λ.
2164 5628 2543 5705 θ-ιζζητιίισωμεν
2593 5628 2654 5695 ς.
2714 5631 2766 5705 _"
2801 5628 2998 5705 ὀλίγων
3023 5645 3084 5692 ς.

3162 5627 3185 5659 ⁸
3225 5625 3506 5695 προϊόντος
3541 5641 3602 5688 ς.

2869 5700 2914 5732 ⁸³
2938 5698 3012 5771 μί’
3052 5714 3161 5755 om.
3186 5700 3251 5753 A.
3359 5696 3400 5728 ’θ
3424 5696 3506 5749 ὅτι
3537 5722 3609 5735 --
