4012 6236
419 312 549 380 “Si

1586 325 1842 384 PIlOTII
1871 325 2375 386 PATRIARCHE
2415 325 2523 386 (ΞΡ.

3551 317 3693 381 1492

417 448 604 493 contra
647 437 995 507 indignantes
1043 446 1309 501 uteretur,
1364 437 1550 493 licebit
1607 442 1862 495 nimirum
1911 457 1998 496 se-

2115 458 2294 510 γματι.
2364 443 2428 494 Εἰ
2493 439 2602 508 γὰρ
2641 439 2848 501 ἐκεῖνος
2909 436 3134 508 Ὁμήρῳ
3177 435 3256 504 τῷ
3297 435 3551 490 τοσοῦτον
3585 456 3696 508 προ

418 529 654 583 cundum
689 528 975 584 Platonem
1009 529 1207 599 ipsum,
1242 539 1297 584 et
1332 545 1428 586 eos
1457 533 1547 599 qui
1597 533 1746 586 illmn
1777 534 2001 588 laudant

420 632 581 691 atque
618 623 764 675 omni
799 621 1093 676 absolvunt
1123 623 1376 686 crimine,
1413 625 1455 677 si
1483 626 1605 693 quis
1640 625 1846 694 aliquid
1880 641 2000 680 con-

423 722 502 762 Ira
554 710 700 762 illum
753 711 932 765 dicere
995 712 1246 780 cmperit,
1303 714 1638 769 auditionem
1691 716 1997 771 sustinere:

421 803 616 874 41οὺ
652 819 751 858 nec
786 805 935 874 prius
993 805 1047 860 id
1083 807 1296 860 crimini
1327 816 1564 874 vertere,
1599 824 1760 878 quam
1800 811 1888 865 ille
1914 827 2001 864 ra-

421 896 664 949 tionibus
723 895 789 949 ad
843 897 1178 966 propositum
1242 899 1643 967 pertinentibus
1697 901 2000 958 deﬁciatur.

421 985 705 1053 .‘ndignum
751 989 895 1043 enim
940 990 1101 1054 foret,
1139 1005 1260 1044 cum
1295 991 1407 1056 ille,
1439 1008 1598 1062 quam
1654 996 1828 1066 palam
1875 1013 2005 1052 con-

2103 534 2269 587 αὐτοῦ
2320 535 2450 603 περὶ
2485 531 2693 586 πολλῶν
2722 530 2838 564 ¹⁸·¹⁶
2871 529 3140 600 ἐπιτιμῶν
3173 529 3274 582 οὐκ
3319 529 3694 600 ἀπεστέρηται

2103 625 2284 693 λόγου,
2307 625 2421 678 ἀλλ’
2451 624 2565 695 ἔχει
2583 624 2718 695 πρὸς
2737 624 2862 686 τοὺς
2882 620 3322 690 ἀγανακτοῦντας
3338 621 3366 674 ὅ
3391 639 3442 675 τι
3466 621 3596 692 εῐπῃ
3619 622 3694 690 ετ,

2103 720 2223 772 κατ’
2284 718 2470 783 αὑτὸν,
2525 715 2601 779 ὡς
2631 714 2798 780 ἔοικε,
2847 714 3108 768 Πλάτωνα
3151 713 3249 767 καὶ
3291 714 3420 778 τοὺς
3481 715 3692 768 ἐκεῖνον

2105 807 2459 870 ἐπαινοῦντας
2502 807 2600 860 καὶ
2649 806 2832 874 πάσης
2869 805 3047 868 αἰτίας
3095 803 3358 874 ἀφιέντας
3402 804 3542 868 ἐστι,
3587 803 3693 858 κᾶν

2105 899 2263 962 ἄλλος
2290 917 2374 963 τις
2413 899 2608 970 ἐκείνῳ
2635 899 2765 970 δοκῇ
2807 896 2849 929 ¹⁸
2885 914 2938 950 τι
2970 897 3149 966 λέγειν
3201 896 3544 961 ὑπεναντίον,
3577 897 3700 950 1:01--

2112 995 2217 1064 μᾷν
2256 993 2634 1064 ἀκροάσασθαι
2671 993 2713 1026 ¹⁹
2747 992 2913 1062 μήπω
2936 992 2984 1025 ²⁰
3011 991 3166 1045 τοῦτο
3208 990 3461 1061 ἔγκλημα
3513 1007 3701 1042 ποιου-

424 1076 680 1132 stituerat
734 1094 1017 1144 accusare,
1081 1081 1400 1139 defensione
1451 1102 1549 1141 sua
1605 1090 2008 1157 quodammodo

2115 1089 2328 1158 μένους,
2365 1087 2481 1140 ἀλλ’
2516 1086 2611 1140 ἐὰν
2660 1086 2773 1147 τοῖς
2815 1084 2944 1155 περὶ
2985 1082 3094 1136 τῶν
3143 1082 3482 1153 πραγμάτων
3518 1080 3702 1148 λόγοις

424 1183 531 1222 non
563 1170 810 1238 privarit,
839 1187 1031 1225 verum
1061 1173 1271 1230 duobus
1296 1186 1390 1232 aut
1424 1177 1597 1234 tribus
1633 1180 2006 1237 defensionem

2115 1183 2432 1253 ἀπολειφθῇ.
2465 1181 2577 1236 Καὶ
2606 1180 2715 1250 γὰρ
2744 1181 2786 1212 ¹¹
2821 1179 2888 1234 ἂν
2918 1178 3004 1250 εἴη
3035 1177 3231 1242 δεινὸν,
3275 1177 3326 1229 εί
3360 1177 3565 1238 ἐκεῖνος
3598 1175 3701 1244 μὲν

427 1261 599 1317 forma
635 1264 972 1335 dialogorum
999 1267 1249 1324 tribuerit
1279 1288 1293 1324 :
1332 1271 1377 1325 si
1413 1287 1531 1338 nos,
1554 1277 1644 1341 qui
1688 1290 1799 1329 rem
1839 1287 2007 1331 totam

2115 1275 2350 1338 ὑποστὰς
2390 1275 2717 1344 κατηγορεῖν
2757 1273 2822 1326 ἐκ
2853 1268 3164 1342 προφανοῦς
3203 1269 3305 1323 οὐκ
3351 1268 3698 1380 ἀπεστέρησε

427 1356 701 1412 sustinere
722 1372 1008 1426 possumus
1048 1370 1103 1414 et
1132 1362 1400 1429 volumus,
1432 1365 1484 1418 id
1526 1382 1630 1419 non
1664 1368 2008 1433 auderemus,

2115 1369 2311 1438 τρόπον
2339 1370 2404 1436 γέ
2440 1384 2565 1421 τινα
2591 1366 2764 1436 αὐτὴν
2794 1365 2903 1418 τῶν
2937 1365 3078 1434 ὑπὲρ
3120 1363 3322 1433 ἑαυτῆς
3354 1363 3548 1430 λόγων,
3580 1361 3682 1415 ἀλλ

427 1448 580 1514 quasi
631 1463 738 1502 non
789 1460 934 1506 esset
991 1453 1222 1521 amplius
1285 1455 1496 1512 Platoni
1552 1461 2007 1526 respondendum,

2115 1461 2362 1514 ἀπέδωκε
2402 1461 2521 1512 δυσὶ
2550 1459 2644 1512 καὶ
2688 1457 2867 1528 τρισὶν
2898 1457 3175 1510 ἀντειπεῖν
3198 1456 3276 1518 ὡς
3306 1455 3439 1522 γοῦν
3469 1457 3528 1507 ὲν
3559 1455 3698 1525 σχή-

431 1553 550 1606 quae
580 1540 696 1609 ipse
732 1543 835 1597 sibi
880 1544 1130 1600 voluerit.
1169 1547 1480 1603 Absurdum
1525 1553 1718 1606 deinde
1767 1554 1896 1608 mihi
1930 1555 2010 1607 vi-

433 1631 648 1655 JAIJI.--
705 1634 746 1655 ,ξ
801 1633 948 1655 nl-.-
1035 1639 1046 1655 ι
1082 1648 1118 1655 _.
1196 1640 1206 1652 ο
1465 1643 1476 1653 σ
1661 1646 1672 1655 .

2117 1570 2248 1624 ματι
2280 1552 2566 1620 διαλόγων,
2603 1552 2764 1621 ἡμεῖς
2801 1549 2859 1602 δὲ
2891 1550 2940 1602 οἱ
2977 1549 3039 1601 τὸ
3068 1547 3188 1601 ὅλον
3226 1546 3442 1618 βοηθεῖν
3482 1547 3702 1655 ἔχοντες

381 1636 386 1641 ’
431 1631 670 1696 debitur,
703 1634 747 1687 si
801 1633 956 1690 Plato
1004 1639 1358 1705 rhetoricam,
1397 1643 1550 1709 cujus
1579 1657 1630 1698 et
1661 1646 1772 1713 ipse
1803 1655 2010 1712 partem

429 1722 660 1747 13-.----
717 1741 1002 1747 --_.-__s_-,,
1120 1731 1151 1747 μ
1467 1743 1476 1747 -
1587 1737 1619 1747 .,

2115 1647 2210 1699 καὶ
2232 1644 2607 1717 προῃρημένοι
2640 1642 2802 1715 [1240
2836 1640 2926 1714 R.]
2961 1642 3036 1711 μὴ
3081 1639 3462 1747 τολμησωμεν,
3507 1637 3701 1747 ὥσπερ

429 1722 664 1780 fortasse
710 1741 1041 1786 consecutus
1083 1731 1321 1801 aliquam
1363 1743 1502 1800 erat,
1549 1737 1862 1804 vituperare
1902 1754 2009 1791 non

2115 1737 2331 1790 τοσαῦτ’
2369 1735 2672 1803 ἀντιλέγειν
2723 1733 2966 1788 Πλάτωνι
3019 1732 3160 1795 δέον,
3212 1730 3385 1784 ὁπόσα
3425 1730 3495 1783 ἂν
3537 1729 3703 1792 αὐτὸς

429 1823 513 1870 est
542 1816 748 1872 veritus
781 1837 795 1872 :
831 1834 927 1874 nos
966 1836 1062 1889 pro
1092 1823 1392 1890 rhetorica,
1426 1841 1494 1880 ne
1531 1828 1653 1896 quis
1677 1828 1820 1882 illius
1847 1845 2007 1884 causa

2115 1831 2250 1899 πρὸς
2275 1828 2438 1882 αὑτὸν
2488 1826 2799 1897 βουληθείη.
2837 1827 3072 1878 ’Δτοπον
3113 1823 3170 1877 δέ
3212 1839 3304 1892 μοι
3348 1822 3599 1891 φαίνεται
3629 1822 3699 1888 ²¹,

429 1905 764 1976 indignetur,
805 1909 986 1965 dicere
1033 1914 1276 1980 pudebit.
1304 1915 1598 1984 Praaterea,
1624 1917 1891 1989 siquidem
1925 1921 2010 1974 ui-

429 1997 509 2050 ltil
538 2009 806 2067 oporteret
840 2007 1236 2073 contradicere,
1267 2010 1359 2061 sed
1389 2023 1509 2063 eam
1539 2013 1736 2064 deserti
1767 2013 2011 2067 vadimo-

430 2087 506 2140 nii
547 2088 692 2143 velut
731 2090 784 2145 in
838 2094 989 2147 curia
1045 2096 1314 2158 damnari.
1370 2099 1533 2171 idque
1580 2103 1794 2157 dicendi
1845 2105 2014 2175 magi-

432 2187 628 2245 stram,
651 2181 750 2235 alia
772 2185 1021 2252 quaedam
1055 2188 1169 2244 haec
1189 2200 1336 2246 esset
1369 2193 1526 2252 ratio.
1563 2193 1658 2248 Sin
1684 2209 2009 2266 quemquam

431 2278 698 2335 oporteat,
741 2273 895 2328 nobis
945 2275 1046 2330 hoc
1075 2283 1463 2348 propemodum
1510 2285 1817 2350 conveniet,
1852 2296 1910 2340 ut
1944 2301 2010 2341 ex

429 2361 536 2415 bac
559 2377 774 2432 quoque
805 2381 862 2420 re
912 2369 1146 2437 primum
1186 2371 1416 2428 insiituti
1453 2377 1624 2444 nostri
1651 2378 1740 2447 jus
1765 2379 2011 2434 declare-

429 2467 575 2509 mus.
623 2452 734 2510 Nec
775 2458 919 2510 enim
967 2475 1180 2529 mquam
1228 2474 1332 2529 est,
1375 2475 1497 2520 uta
1553 2485 1656 2539 qua
1689 2471 1740 2525 id
1790 2474 2012 2544 accepi-

431 2558 581 2607 mus,
635 2560 742 2613 quo
777 2551 991 2604 caeteris
1035 2554 1366 2621 patrocinari
1427 2573 1730 2626 possemus,
1782 2577 1846 2618 ea
1896 2567 2011 2621 suis

430 2632 760 2690 destituatur
820 2639 1001 2707 bonis,
1052 2659 1154 2699 nec
1207 2649 1388 2714 potius
1445 2650 1528 2702 vel
1587 2653 1733 2717 talis,
1795 2657 2009 2724 qualem

430 2723 587 2779 Plato
631 2728 822 2795 voluit,
855 2732 1124 2800 videatur,
1165 2735 1246 2789 vel
1284 2748 1342 2792 ut.
1391 2739 1558 2795 videri
1592 2745 1760 2811 possit
1810 2723 2012 2802 cilicia-

432 2826 539 2872 tur.
585 2817 719 2874 Nam
755 2822 899 2890 quod
939 2826 1098 2894 vulgo
1141 2827 1344 2884 dicitur
1383 2831 1656 2886 silentium
1687 2838 2013 2896 conﬁrmare

430 2908 683 2983 crimina,
735 2912 786 2966 id
823 2929 988 2968 unum
1029 2931 1094 2971 ac
1125 2919 1354 2985 simplex
1401 2937 1508 2975 non
1541 2935 1624 2978 est
1658 2941 1672 2980 :
1716 2941 1902 2982 verum
1934 2931 2014 2984 si-

429 2999 545 3053 mul
593 3010 650 3057 et
689 3002 814 3073 jure
867 3021 965 3062 suo
1013 3010 1333 3079 privabitur,
1373 3021 1428 3068 et
1475 3013 1790 3084 dignitatem
1842 3028 2008 3075 totam

429 3093 665 3152 amittet.

2115 1924 2163 1976 εξ
2193 1922 2416 1975 Πλάτων
2447 1921 2547 1989 μὲν
2574 1920 2674 1971 ούκ
2699 1917 2901 1989 ᾐδέσθη
2921 1915 3104 1985 ψέγων
3131 1915 3446 1985 ῥητορικὴν,
3475 1907 3544 1986 ἧς
3568 1914 3704 1977 ἴσως

2112 2031 2164 2067 τι
2196 2014 2240 2046 ³³
2271 2014 2364 2066 καὶ
2407 2010 2557 2082 αὐτῷ
2617 2011 2810 2081 μετῆν,
2860 2011 3023 2079 ἡμεῖς
3065 2007 3110 2061 δ’
3143 2006 3511 2077 αἰσχυνόμεθα
3556 2006 3704 2076 ὑπὲρ

2117 2105 2414 2180 ῥητορικῆς
2462 2103 2734 2172 λέγοντες,
2781 2101 2856 2171 μή
2911 2117 2998 2164 τις
3044 2099 3090 2152 δ’
3135 2101 3340 2153 ἐκεῖνον
3379 2097 3699 2168 ἀχθεσθείη.

2113 2200 2296 2270 Χωρὶς
2323 2199 2382 2251 δὲ
2421 2196 2649 2262 τούτων,
2690 2197 2741 2248 εἰ
2788 2193 2885 2264 μὲν
2931 2191 3097 2263 μηδὲν
3129 2192 3408 2244 ἀντειπεῖν
3432 2191 3533 2258 δεῖ,
3580 2189 3704 2242 ἀλλ’

2113 2292 2328 2363 ἐρήμην
2378 2287 2679 2342 ἑαλωκέναι
2740 2285 2992 2355 καθάπερ
3056 2287 3114 2337 ὲν
3170 2280 3544 2352 δικαστηρίῳ,
3605 2280 3704 2334 καὶ

2111 2384 2285 2438 ταῦτα
2317 2382 2362 2415 ⁸⁸
2390 2380 2565 2451 λόγων
2602 2380 2801 2450 τέχνην
2830 2377 3019 2444 οὖσαν,
3065 2375 3192 2430 ἄλλο
3235 2393 3288 2428 τι
3325 2373 3472 2427 τοῦτ’
3501 2373 3570 2427 ἂν
3611 2372 3701 2442 εἰη

2112 2478 2486 2546 τοὺπίταγμα.
2513 2475 2576 2528 El
2621 2473 2666 2526 δ’
2703 2472 2851 2524 ἐστιν
2894 2471 3074 2524 ὅντινα
3111 2467 3211 2531 δεῖ,
3251 2466 3440 2538 σχεδὸν
3472 2467 3606 2537 ἡμῖν
3633 2465 3705 2519 ἂν

2114 2571 2315 2640 πρέποι
2349 2571 2417 2631 ⁸⁸,
2447 2567 2536 2620 ἵνα
2562 2565 2659 2619 καὶ
2701 2563 2761 2616 τὸ
2797 2562 3006 2616 δίκαιον
3045 2560 3207 2623 εὐθὺς
3245 2560 3305 2613 ἐν
3347 2557 3499 2627 αὐτῷ
3527 2554 3704 2626 τούτῳ

2115 2659 2316 2734 πρώτῳ
2341 2657 2628 2728 δείξωμεν,
2657 2649 2718 2706 οῦ
2749 2650 3170 2725 προεστήκαμεν
3197 2668 3210 2682 ·
3239 2650 3316 2710 ὡς
3345 2649 3495 2703 ἔστιν
3521 2649 3582 2703 οὐ
3608 2649 3703 2702 λό-

2113 2769 2211 2820 γον
2243 2751 2436 2815 σῶζον,
2471 2750 2601 2819 παρ’
2631 2742 2700 2818 ἦς
2729 2746 2791 2798 τὸ
2818 2747 2928 2808 τοῖς
2950 2743 3131 2807 ἄλλοις
3155 2743 3537 2813 συναγορεύειν
3562 2743 3706 2802 ἐστὶ,

2113 2842 2284 2912 ταύτῃ
2314 2841 2424 2893 τῶν
2467 2839 2598 2910 παρ’
2631 2837 2806 2906 αὐτῆς
2854 2836 2930 2907 μὴ
2974 2834 3317 2906 μεταδοῦναι,
3371 2833 3510 2888 ἀλλὰ
3556 2833 3708 2886 δυεῖν

2115 2933 2364 3004 θάτερον,
2397 2932 2430 3004 ἦ
2461 2929 2706 2985 τοιοῦτον
2740 2927 2881 2982 εἶναι
2925 2927 3107 2982 δοκεῖν
3136 2927 3306 2996 αὐτὴν
3333 2920 3445 2979 οἷον
3482 2927 3532 2958 ³⁸
3556 2925 3704 2978 Ι]λά-

2114 3041 2220 3078 των
2257 3021 2601 3094 βεϐούληται,
2649 3020 2683 3091 ἢ
2717 3016 2959 3072 τοιοῦτόν
2989 3018 3042 3084 γ’
3067 3017 3112 3048 ²⁷
3158 3011 3298 3069 εἶναι
3342 3016 3522 3070 δοκεῖν
3552 3015 3708 3083 ποιῆο

2117 3133 2229 3168 σαι.
2254 3115 2330 3169 Οὐ
2365 3114 2474 3183 γάρ
2522 3114 2674 3166 ἐστιν
2714 3109 2773 3164 ἓν
2814 3109 2977 3163 τοῦτο
3003 3109 3050 3141 ’⁸
3073 3107 3102 3160 ὃ
3134 3107 3431 3178 πανταχοῦ,
3476 3108 3558 3160 ὅτι
3603 3107 3708 3168 τὰς

430 3191 614 3257 ιῑτίας
639 3196 674 3266 ἡ
703 3200 880 3271 σιωπὴ
909 3200 1147 3272 βεϐαιοῖ·
1198 3207 1316 3261 ἀλλ’
1343 3209 1460 3282 ἅμα
1516 3214 1627 3268 τῶν
1669 3233 1727 3269 τε
1768 3218 1990 3271 δικαίων
2027 3217 2089 3269 ού
2130 3217 2395 3285 τεύξεται,
2433 3217 2526 3270 καὶ
2573 3217 2636 3270 τδ
2661 3215 2858 3286 σεμνὸν
2903 3213 3074 3282 αὐτῆς
3121 3211 3209 3265 ἐπ’
3248 3207 3416 3278 αὐτῆς
3441 3206 3486 3237 ’⁸
3517 3200 3710 3271 ἐξελή-

429 3285 678 3353 λεγκται.
707 3291 859 3359 Δόξει
881 3295 989 3365 γὰρ
1013 3297 1110 3368 οὐχ
1131 3298 1218 3352 οἶα
1243 3317 1302 3352 τε
1329 3301 1468 3357 εἶναι
1495 3305 1690 3372 σώζειν
1719 3310 1788 3363 τὰ
1807 3310 2014 3367 δίκαια.

503 3382 562 3435 In
611 3384 694 3438 his
736 3386 876 3438 nulla
913 3403 1136 3457 prorsus
1165 3394 1309 3449 inest
1349 3395 1768 3467 demonstratio,
1800 3419 1899 3460 nec
1925 3421 2016 3458 ar-
2045 3412 2088 3470 ο

430 3483 744 3544 gumentum
779 3482 1170 3547 necessarium,
1216 3485 1308 3540 sed
1349 3503 1446 3558 pro
1474 3494 1748 3549 concessis
1784 3510 2012 3551 sumun-

433 3574 543 3634 tur,
589 3569 654 3622 de
697 3571 894 3638 quibus
939 3583 1056 3628 erat
1104 3577 1256 3643 prius
1301 3582 1708 3649 disputandum,
1747 3591 1903 3655 quasi
1947 3589 2016 3644 ab

431 3660 769 3715 auditoribus
811 3678 873 3717 ea
925 3667 1027 3719 sibi
1075 3667 1194 3722 dari
1244 3673 1509 3740 petiisset.
1558 3677 1720 3746 Atqui
1756 3681 1800 3735 si
1844 3697 1908 3736 ea
1949 3685 2016 3738 de

430 3751 630 3820 quibus
657 3760 920 3822 quaeritur
942 3759 1228 3816 ridiculmn
1259 3773 1342 3819 est
1365 3781 1462 3834 pro
1490 3772 1764 3826 concessis
1787 3788 2011 3841 ponere,

429 3847 700 3909 quomodo
733 3849 816 3903 vel
857 3865 1068 3919 acquum
1099 3857 1168 3909 sit
1213 3870 1273 3911 ea
1301 3875 1422 3928 quae
1459 3862 1744 3918 ridiculum
1771 3866 1845 3920 sit
1876 3883 2018 3937 quae-

430 3945 575 3996 rere,
607 3932 767 3989 initio
804 3953 1045 4004 ponere:
1101 3944 1186 3998 vel
1220 3963 1325 4002 non
1364 3949 1673 4022 ridiculum,
1711 3966 1892 4012 utrum
1925 3975 2015 4015 ars

433 4023 646 4078 dicendi
680 4036 734 4079 et
764 4034 1032 4098 coquendi
1065 4034 1300 4102 ejusdem
1334 4042 1443 4095 sint
1471 4056 1703 4114 naturae,
1728 4052 2016 4118 quaarere?

432 4111 504 4165 At
544 4114 659 4182 ipse
733 4117 834 4172 hoc
903 4128 1110 4178 tantum
1146 4126 1343 4198 511a
1384 4111 1702 4190 concessum
1762 4144 2013 4209 sumpsit.

428 4202 645 4260 Licebit
683 4219 865 4264 autem
912 4214 964 4269 id
1005 4231 1355 4288 cognoscere,
1387 4224 1431 4278 si
1464 4228 1587 4292 quis
1631 4231 1844 4284 sublato
1890 4235 2018 4288 rhe-

430 4297 621 4352 torica:
647 4302 884 4367 nomine,
924 4305 1316 4377 philosophiam
1366 4314 1416 4367 in
1449 4316 1565 4384 ejus
1608 4318 1782 4373 locutu
1817 4323 2018 4376 substi-

2205 3402 2472 3458 Ἐνταῦθα
2501 3404 2547 3436 ³⁰
2574 3400 2850 3466 ἀπόδειξις
2886 3399 2984 3470 μὲν
3011 3397 3122 3451 οὐδ’
3153 3391 3373 3466 ἡτισοῦν
3398 3389 3608 3444 ἔνεστιν
3632 3389 3708 3444 ⁸¹.

2122 3497 2232 3552 οὐδ’
2291 3495 2512 3566 ἔλεγχος
2557 3495 2776 3567 ἀνάγκη
2831 3486 3214 3562 προεληλυθώς
3238 3502 3253 3518 ο
3307 3484 3594 3538 ὑπόκειται
3644 3479 3706 3534 δὲ

2121 3586 2306 3650 ἁπλῶς
2330 3587 2520 3654 ὥσπερ
2545 3584 2683 3651 ἐξὸν,
2714 3602 2773 3637 ου
2802 3583 2846 3614 ³⁸
2875 3582 3043 3644 πολὺς
3062 3577 3130 3650 ἦν
3158 3579 3203 3611 ³³
3231 3576 3388 3648 ἱδρὼς
3413 3574 3704 3645 πρότερον,

2119 3678 2270 3732 οὐδὲν
2301 3676 2664 3746 διαφερόντως
2694 3676 2739 3708 ³³
2768 3676 2801 3745 ἢ
2844 3676 2892 3726 εί
2919 3673 3079 3744 χάριν
3101 3671 3224 3742 ᾔτει
3245 3670 3372 3731 τοὺς
3403 3665 3706 3726 ἀκούοντας

2119 3768 2294 3825 ταῦτα
2320 3769 2696 3839 συγχωρῆσαι.
2732 3765 2926 3819 Καίτοι
2954 3766 3001 3817 εί
3031 3764 3100 3816 τὰ
3130 3761 3436 3832 ζητούμενα
3464 3758 3540 3820 ὡς
3569 3758 3704 3824 ὁμο-

2118 3860 2424 3930 λογούμενα
2464 3856 2818 3912 ὑποτίθεσθαι
2847 3856 3044 3924 γέλως,
3085 3853 3203 3915 πῶς
3236 3850 3404 3913 εἰκὸς,
3444 3849 3566 3916 ἆγε
3604 3846 3705 3915 ζη-

2118 3956 2230 4007 τεῖν
2255 3953 2450 4022 γέλως,
2479 3949 2654 4005 ταῦτα
2705 3949 2766 4012 ἐξ
2797 3949 2972 4019 ἀρχῆς
3020 3944 3408 4008 ύποτίθεσθαις
3443 3941 3563 4002 πῶς
3592 3939 3705 4009 γὰρ

2119 4049 2179 4100 οὐ
2214 4047 2408 4116 γέλως,
2439 4047 2488 4097 εί
2526 4045 2625 4114 τῆς
2670 4043 2838 4111 αὐτῆς
2892 4040 3107 4110 φύσεως
3141 4037 3405 4116 ῥητορικὴ
3434 4033 3532 4088 καὶ
3574 4031 3704 4100 ὀψο·

2119 4137 2399 4209 ποιητικὴ,
2432 4137 2650 4207 ζητεῖν;
2675 4136 2703 4187 ὁ
2727 4135 2783 4186 δὲ
2811 4133 3000 4203 ὥσπερ
3025 4127 3460 4225 ὁμολογούμενον
3482 4125 3707 4225 εἴληφεν

2120 4231 2271 4286 αὐτό.
2303 4228 2461 4298 Γνοίη
2497 4227 2543 4281 δ’
2582 4227 2647 4280 ἄν
2678 4244 2762 4289 τις
2816 4225 3063 4288 ἐκείνως,
3093 4223 3141 4275 εἰ
3173 4222 3232 4274 τὸ
3263 4219 3365 4289 τῆς
3402 4219 3700 4287 ῥητορικῆς

2120 4322 2290 4390 ὄνομα
2313 4319 2510 4385 ἐξελὼν
2540 4318 2602 4371 τὸ
2633 4317 2733 4387 τῆς
2782 4315 3099 4384 φιλοσοφίας
3141 4310 3256 4366 ἀντ’
3288 4309 3497 4364 ἐκείνου
3533 4307 3703 4374 ὄνομα

431 4397 572 4456 tuat,
623 4400 784 4460 atque
823 4395 897 4449 ita
949 4398 1138 4453 iisdem
1185 4409 1369 4458 utatur
1409 4409 1682 4464 omnibus.
1732 4411 1842 4467 Nec
1888 4430 2012 4471 vero

2125 4413 2417 4483 μεταλάϐοι
2442 4412 2509 4475 ³⁵,
2545 4410 2640 4463 καὶ⁵
2679 4408 2772 4462 ἐπὶ
2815 4407 2989 4478 τούτῳ
3019 4406 3154 4458 πᾶσι
3187 4406 3300 4466 τοῖς
3347 4401 3528 4461 αὐτοῖς
3565 4397 3703 4468 χρή-

432 4480 516 4534 vel
574 4486 834 4540 rusticum
888 4489 1200 4560 quisquam,
1249 4497 1333 4550 vel
1393 4498 1645 4570 frigidum
1697 4505 1839 4560 hunc
1897 4508 2013 4563 fore

432 4587 741 4628 sermonem
799 4580 1088 4638 existimet.
1143 4585 1384 4642 Primum
1433 4593 1574 4645 enim
1611 4610 1737 4648 cum
1781 4598 2011 4651 duarum

429 4665 631 4718 artium
679 4670 760 4723 vel
810 4672 1146 4744 facultatum,
1190 4695 1284 4735 eos
1314 4683 1402 4751 qui
1449 4684 1674 4741 alteram
1708 4698 2009 4757 sectantur,

427 4755 577 4812 side
627 4760 814 4816 alteris
857 4768 1130 4834 quidpiam
1164 4785 1322 4827 secus
1367 4775 1627 4842 dixerint,
1661 4779 1795 4834 nihil
1843 4782 2011 4837 inele-

428 4858 624 4916 ganter
663 4867 824 4921 agere
851 4856 1048 4913 dicturi
1081 4878 1287 4929 sumus,
1325 4866 1509 4922 alteris
1544 4871 1736 4927 merito
1767 4875 2010 4930 eamdem

429 4943 793 5000 concedentus
838 4948 1160 5008 defendendi
1206 4958 1491 5016 rationem.
1552 4965 1749 5020 Deinde
1779 4982 1885 5021 non
1932 4966 2013 5022 of-

431 5029 602 5088 fensae
632 5039 825 5106 gratia,
863 5041 955 5094 sed
1000 5045 1504 5117 ιῐοιηοηειωιῑοιιίε,
1539 5070 1658 5124 quae
1687 5057 1738 5110 iu
1772 5059 1856 5112 his
1886 5075 2012 5116 nus-

432 5139 592 5192 quam
626 5139 872 5198 apparet,
900 5134 1172 5202 proierctu
1185 5156 1227 5193 r.

2123 4523 2296 4559 σαιτο.
2328 4504 2439 4558 Καὶ
2488 4502 2676 4572 μηδεὶς
2715 4499 2840 4570 μήτ’
2879 4498 3169 4571 ἀγροικίαν
3221 4497 3357 4566 μήτε
3385 4490 3704 4562 ψυχρότητα

2121 4596 2376 4667 καταγνῷ
2421 4592 2517 4647 τοῦ
2565 4592 2748 4660 λόγου,
2775 4581 3028 4646 Μάλιστα
3086 4589 3184 4659 μὲν
3221 4588 3330 4657 γὰρ
3377 4585 3441 4638 ού
3483 4584 3548 4653 δή
3599 4597 3703 4634 που

2118 4695 2263 4747 δυοῖν
2312 4689 2652 4758 ὲπιστήμαιν
2697 4685 2731 4756 ἢ
2768 4684 3054 4752 δυνάμεοιν
3085 4684 3196 4744 τοῖς
3234 4679 3334 4750 μὲν
3373 4677 3476 4746 τῆς
3509 4674 3706 4744 ἑτέρας

2121 4782 2547 4854 προϊσταμένοις
2580 4781 2626 4812 ⁸⁸
2662 4779 2770 4832 οὐδ’
2801 4776 2866 4830 ἂν
2909 4774 3086 4830 ὁτιοῦν
3121 4769 3516 4843 βλασφημῶσιν
3541 4767 3584 4800 ³⁷
3625 4768 3707 4828 εἰς

2120 4877 2244 4939 τοὺς
2275 4877 2519 4943 ἐτέρους,
2552 4873 2704 4926 οὐδὲν
2739 4872 2998 4941 ἄγροικον
3030 4869 3245 4921 ὑπεῖναι
3293 4861 3706 4962 φήσομεν,.τοῖς

2119 4969 2165 5021 δ’
2189 4969 2308 5020 οὐδὲ
2337 4970 2451 5030 τοῖς
2473 4967 2657 5029 αὐτοῖς
2681 4962 2984 5034 ἀμύνεσθαι
3008 4961 3252 5028 δώσομεν
3277 4974 3291 4988 ·
3323 4955 3495 5010 ἔπειτ’
3524 4954 3585 5006 οὐ
3612 4954 3706 5005 τοῦ

2123 5058 2385 5128 φορτικοῦ
2416 5059 2577 5130 χάριν
2607 5059 2911 5127 εἰρήσεται,
2941 5053 3080 5108 ἁλλά
3112 5052 3213 5122 τῆς
3241 5048 3603 5122 ιάποδείξεως,
3638 5044 3706 5117 ἢν

2121 5150 2358 5222 οὐδαμοῦ
2389 5151 2599 5213 τούτοις
2624 5148 2762 5202 εἷναί
2799 5165 3006 5218 φαμεν.

1689 5310 1921 5369 ‘t’Allle
1953 5313 2360 5370 LECTIONES.

502 5456 619 5490 ηοη
641 5461 773 5562 πεςὶ
802 5463 1014 5562 ποέλῶῖ
1051 5480 1162 5562 9m.
1194 5466 1255 5522 Β.

502 5541 532 5562 ει
565 5545 605 5562 ι-
803 5552 869 5562 η..
945 5552 978 5562 υ
1027 5553 1049 5562 -
1127 5555 1155 5562 ..
1249 5543 1255 5562 ι

429 5541 532 5580 που
562 5545 625 5608 ς.
731 5535 773 5614 τι
803 5535 897 5586 καὶ
945 5535 1079 5624 γὰρ]
1127 5555 1179 5607 p.
1247 5540 1300 5595 8.
1413 5544 1420 5573 ⁵

427 5595 496 5682 ΒΞ
521 5613 874 5682 ἀνατρέπειν
1003 5623 1119 5682 ε-αν
1145 5612 1327 5682 πρέπῃ
1361 5632 1420 5678 ς.

1359 5471 1399 5501 ³⁷
1423 5471 1563 5529 εἴποι
1629 5491 1688 5537 ς.

1530 5615 1574 5645 ²⁶
1600 5615 1719 5668 οἵαν
1749 5619 1814 5670 Α.
1916 5619 1960 5648 ’⁷

1805 5477 1846 5549 ξε
1870 5477 2001 5549 δοκῇ
2045 5478 2086 5530 B
2128 5494 2142 5530 :

1413 5544 1457 5573 ”
1485 5545 1759 5613 φαίνεται]
1807 5547 1952 5601 δοκεῖ
1977 5544 2050 5601 Ἆ.

2151 5550 2195 5581 ’³
2229 5555 2302 5673 τιὴ]
2351 5569 2384 5618 γ

2151 5619 2217 5673 Id.
2291 5622 2335 5673 5.

1990 5621 2040 5686 γ’
2089 5619 2217 5686 add.
2276 5619 2335 5674 Β.

2567 5476 2608 5510 ³³
2641 5476 2949 5557 ἀκροᾷσθαι
3009 5473 3198 5557 A.__’:
3229 5473 3395 5557 μήπω
3450 5471 3493 5527 Δ
3548 5484 3574 5557 τ,
3631 5471 3704 5541 μή

2641 5548 2685 5580 ⁸⁸
2715 5545 2862 5600 ταῦτ’
2909 5563 2970 5610 ς.
3097 5545 3143 5576 ’⁸
3166 5545 3233 5598 ἂν
3293 5545 3493 5613 πρέποι
3555 5556 3701 5596 corr.

2445 5621 2491 5652 ’⁸
2518 5619 2576 5672 ἓν
2605 5617 2785 5685 τοῦτο]
2832 5619 2901 5670 ὲνι
2956 5615 3132 5684 τούτῳ
3165 5618 3226 5671 Β.
3336 5615 3384 5647 ³⁸
3406 5613 3495 5665 ἐπ’
3536 5613 3707 5673 aur-Fc

2457 5688 2524 5735 ἦν
2555 5707 2664 5735 nm-
2701 5689 2760 5735 Α-
2793 5697 2912 5735 nost
2944 5686 3103 5735 ἱδρὼς
3133 5685 3279 5735 nonit
3312 5682 3374 5735 Β.
3449 5685 3497 5719 ⁸⁸
3517 5649 3703 5735 διαφέο

2211 5479 2358 5534 δοκεῖ
2392 5496 2453 5544 ς’.

2389 5567 2415 5602 ε
2470 5552 2531 5603 Λ.

428 5665 556 5718 add.
589 5665 698 5763 Ag
731 5671 1130 5763 “.Ev-taﬁe‘ajop.
1303 5665 1897 5763 '5‘véve‘q'rtv]
1963 5665 2012 5763 3’:
2392 5692 2438 5725 ³³
2457 5665 2912 5763 ἦν-οιίιῖέᾸῖροέι
3428 5685 3497 5763 ,⁸⁸
3517 5665 3644 5749 δῗιαφ

434 5737 700 5823 aegrae—l3.
776 5744 829 5819 δῖ
846 5737 1136 5823 μεταλάϐοι
1185 5750 1223 5804 Β
1265 5769 1276 5805 :
1310 5737 1613 5822 μεταὸἁλοί

433 5801 476 5833 ’⁸
511 5801 919 5871 Βλασφημοῦσιν
950 5816 1014 5868 Δ.

1771 5758 1814 5792 ³⁸
1841 5759 1936 5829 τῆς
1993 5753 2181 5831 ἕτέρἀς
2216 5753 2633 5834 προϊσταμένοις
2684 5759 2731 5813 Β-
2752 5753 2806 5816 ’;’
2841 5760 2940 5832 τὴν
2988 5753 3181 5830 ἑτέραν
3215 5753 3613 5826 προϊστάμενος
3643 5769 3700 5818 ς.
