4012 6236
472 213 608 277 1499

1627 210 1861 271 ΡΗΟΤΙ
1878 206 1928 269 I'
1988 207 2493 271 PATRIARCH/E
2526 206 2634 267 (ΣΡ.

3584 201 3721 267 1500

467 325 666 379 riorem
713 319 966 386 lateatur,
1004 328 1169 389 atque
1197 319 1266 372 ob
1312 316 1365 372 id
1407 316 1579 388 ipsum
1610 318 1875 383 laudetur,
1905 333 2032 388 prte-

2146 316 2346 371 ἄτοπον
2398 317 2488 370 τόν
2522 332 2586 384 γε
2624 311 2784 366 αὑτὸν
2810 312 2854 344 ’⁷
2902 309 3290 382 ὡμολογηκότα
3339 305 3480 364 εῖναι
3524 311 3721 381 χείρω,

468 413 789 468 stantiorem
845 412 1045 466 dicere.
1093 408 1336 462 Alienum
1389 420 1417 462 a
1465 409 1670 463 ratione
1714 408 1876 476 foret,
1907 411 1951 462 si
1985 425 2051 464 ne

469 507 573 561 hoc
601 503 817 574 quidem
872 500 1458 565 auimadverteremus,
1494 517 1600 555 non
1645 502 1805 556 modo
1832 512 2051 558 naturas

469 597 622 651 initio
687 603 831 649 artes
896 593 1265 656 constituisse,
1315 593 1410 647 sed
1453 592 1597 647 etin
1657 592 1788 663 ipsis
1840 593 2049 648 artibus

465 702 579 750 eos,
631 686 720 756 qui
775 694 965 739 natura
1016 683 1276 748 valerent,
1341 682 1683 737 excelluisse.
1733 682 1865 736 Nam
1912 683 2048 738 artis

465 780 679 851 quidem
734 793 895 833 causa
951 775 1158 830 similes
1206 776 1493 845 oportebat
1532 789 1722 829 omnes
1758 789 1898 839 esse,
1954 774 2044 845 qui

463 868 648 922 eadem
686 868 1018 928 didicissent.
1079 874 1242 935 atque
1286 867 1447 919 etiam
1487 866 1818 935 posteriores
1849 866 2044 935 priori-

465 962 566 1016 lms
600 975 814 1030 semper
858 960 1172 1024 deteriores,
1209 958 1379 1012 donec
1427 958 1493 1012 ad
1542 958 1679 1012 artis
1719 957 2042 1013 solutionem

464 1059 602 1103 esset
637 1057 854 1103 ventum
917 1047 1038 1116 (nec
1072 1047 1216 1101 enim
1256 1056 1467 1113 poterat
1492 1049 1611 1115 quis
1644 1046 1712 1101 ab
1746 1047 1851 1101 alio
1880 1061 2042 1100 accu-

463 1148 579 1192 rate
612 1138 889 1208 percipere
935 1138 1141 1203 omnia,
1179 1138 1308 1206 quin
1355 1137 1558 1205 aliquid
1594 1152 1809 1207 semper
1836 1136 2039 1207 eli‘uge-

463 1229 588 1301 ret),
630 1240 840 1285 naturae
891 1241 1070 1283 autem
1103 1230 1151 1283 vi
1198 1239 1250 1284 et
1292 1229 1613 1285 excellentia
1652 1231 1876 1300 gloriam
1932 1231 2037 1287 sibi

464 1323 562 1376 viri
613 1322 1011 1391 przeclarissimi
1056 1330 1402 1390 pepererunt.
1458 1320 1567 1376 Nec
1618 1325 1902 1392 quisquam
1955 1325 2036 1378 vel

464 1411 734 1466 Daedalum
767 1412 851 1467 vel
873 1413 1180 1481 superiores
1202 1428 1312 1481 prae
1342 1411 1531 1466 Phidia
1558 1413 1809 1480 miratur,
1845 1428 2033 1468 verum

463 1513 651 1559 contra
691 1513 837 1558 artes
863 1519 926 1557 ex
971 1503 1151 1572 parvis
1180 1512 1233 1557 et
1265 1503 1458 1558 vilibus
1502 1504 1673 1559 initiis
1703 1505 1939 1572 majores
1973 1520 2036 1561 ac

462 1595 813 1664 perfectiores
843 1604 967 1649 sunt
991 1595 1236 1650 redditae.
1280 1595 1432 1661 Quod
1477 1597 1521 1650 si
1554 1607 1635 1651 est
1666 1596 2032 1662 manifestum,

462 1688 588 1742 licet
612 1703 757 1742 nunc
782 1687 1015 1757 primum
1050 1687 1255 1742 dictum
1288 1687 1381 1752 sit,
1409 1688 1628 1739 maximi
1656 1687 1895 1741 artiﬁces
1927 1701 2033 1741 non
2068 1671 2108 1723 Β

462 1788 733 1847 quatenus
763 1788 908 1833 artes
933 1787 1326 1846 cognoverunt,
1361 1777 1585 1832 maximi
1621 1778 1905 1840 exstitere,
1937 1779 2031 1832 sed

462 1880 728 1937 quatenus
761 1883 853 1922 eas
895 1878 1244 1936 superarunt.
1281 1868 1376 1922 His
1409 1869 1575 1938 igitur
1603 1868 1831 1932 artibus,
1861 1874 1919 1919 ut
1941 1882 2037 1936 par

461 1968 565 2024 est,
606 1975 711 2013 non
764 1974 974 2029 aequum
1011 1960 1226 2014 videtur
1275 1969 1445 2014 artem
1484 1968 1691 2013 natura}
1736 1959 1976 2028 prazpoui
2016 1974 2029 2010 ι

463 2064 568 2104 non
594 2065 724 2120 ergo
748 2061 876 2106 ante
917 2050 1056 2106 hanc
1086 2050 1209 2116 fuit,
1240 2066 1412 2120 neque
1441 2066 1505 2107 eo
1536 2066 1644 2122 quo
1680 2064 1826 2106 nunc
1851 2053 2032 2115 modo,

463 2156 640 2208 neque
672 2141 896 2213 gloriata
922 2151 1026 2196 est.

531 2233 753 2297 Verum,
788 2242 1015 2301 utputo.
1058 2249 1160 2288 uon
1195 2241 1341 2290 artes
1382 2235 1672 2290 sustulisse
1721 2236 1874 2292 viros
1908 2250 2031 2289 ma-

458 2336 616 2390 gnos,
675 2322 768 2375 sed
799 2323 890 2390 qui
930 2322 1168 2390 potentia
1203 2322 1362 2390 primi
1413 2332 1597 2378 essent
1653 2323 2029 2391 honorabiles,

460 2422 607 2467 artes
632 2411 845 2477 fecisse,
894 2427 996 2466 nou
1032 2423 1312 2468 manentes
1359 2429 1386 2466 a
1429 2415 1627 2483 quibus
1667 2416 2028 2485 accepissent,

457 2513 646 2553 verum
674 2499 912 2567 inspecta
931 2499 1239 2565 verborum,
1261 2499 1350 2553 alii
1380 2515 1562 2554 rerum
1594 2509 1810 2566 natura,
1835 2518 2033 2570 pueros

458 2605 572 2660 prae
604 2605 662 2644 se
687 2590 922 2660 majores
964 2589 1213 2646 fecerunt
1256 2592 1453 2645 videri.
1496 2591 1603 2645 Sed
1637 2603 1780 2649 artes
1817 2610 2029 2660 omnes,

461 2689 520 2734 ut
554 2680 691 2746 dixi,
742 2692 948 2736 uaturze
999 2691 1125 2737 sunt
1168 2684 1469 2736 inventum.
1525 2682 1741 2737 Etenim
1790 2686 1835 2741 si
1882 2696 2031 2742 artes

458 2779 642 2827 essent
676 2766 823 2826 artes
876 2773 1237 2840 productum,
1268 2773 1476 2826 nullum
1520 2783 1764 2829 exstaret
1817 2778 2030 2846 princi-

459 2861 630 2930 pium.
665 2860 799 2916 Cum
854 2863 1001 2917 enim
1057 2864 1295 2917 nondum
1336 2873 1522 2920 essent
1573 2875 1744 2933 artes,
1797 2867 2025 2938 reperiri

458 2967 568 3010 n0u
599 2962 909 3023 potuerunt,
955 2954 1398 3025 quandoquidem
1442 2971 1564 3026 quae
1602 2971 1707 3011 non
1765 2967 1905 3022 erat,
1945 2958 2029 3012 in-

457 3046 649 3099 venire
679 3046 817 3099 nihil
848 3053 1082 3115 poterat.
1126 3045 1488 3112 Quamobrem
1537 3060 1649 3101 tttm
1682 3048 2024 3105 inventorum

457 3136 689 3200 ratione,
721 3143 833 3190 tum
859 3137 1200 3207 sequentium
1225 3137 1506 3192 victoriam
1540 3149 1783 3208 reportat
1808 3148 2023 3195 natura.

457 3226 570 3283 liae
599 3227 764 3295 igitur
783 3242 1000 3299 quoque
1038 3229 1253 3284 ratione
1276 3238 1505 3299 apparet
1528 3238 1780 3285 naturam
1806 3232 2024 3302 quidem

456 3320 740 3390 principis,
774 3331 948 3375 artem
996 3335 1130 3376 vero
1169 3321 1460 3390 disciplina
1500 3333 1868 3392 constantem,
1918 3326 2026 3380 mi-

460 3413 616 3467 uistri
657 3428 722 3467 ac
750 3413 993 3468 melioris
1028 3414 1291 3484 parentis,
1320 3415 1569 3470 obtinere
1605 3416 1806 3472 locum.
1841 3417 2023 3491 Atque

456 3518 518 3558 ea
550 3504 795 3573 quidem,
834 3518 953 3573 quae
987 3520 1084 3574 pro
1109 3506 1401 3572 rhetorica,
1460 3508 1675 3563 etiamsi
1700 3518 1876 3565 artem
1916 3526 2020 3566 non

455 3609 578 3650 esse
602 3609 721 3649 eam
761 3595 1122 3664 posuerimus,
1155 3594 1348 3668 4131)
1396 3597 1502 3653 dici
1553 3609 1796 3669 possent,
1839 3602 2026 3658 multis

454 3687 693 3754 omissis,
729 3686 843 3741 haec
877 3687 991 3741 fere
1021 3697 1150 3742 sunt
1180 3702 1243 3742 ac
1270 3689 1421 3744 talia.
1460 3688 1559 3746 llis
1595 3699 1777 3746 autem
1815 3693 1886 3748 ita
1919 3695 2015 3751 de-

456 3779 795 3844 monstratis,
857 3778 1196 3834 existimabit
1250 3778 1477 3836 forsitan
1540 3782 1744 3854 aliquis
1781 3785 2019 3855 peiorem

456 3884 555 3925 nos
583 3871 840 3940 deinceps
872 3880 1081 3939 partem
1114 3872 1336 3937 sectari,
1365 3874 1411 3928 si
1467 3876 1635 3929 etiam
1696 3889 1869 3933 artem
1901 3894 2024 3935 esse

455 3962 790 4018 voluerimus
840 3962 1058 4017 docere.
1111 3962 1224 4032 Ego
1254 3977 1382 4019 vero
1432 3982 1531 4023 nec
1559 3968 1627 4024 de
1682 3972 2027 4039 supradictis

451 4053 751 4125 quidquam
781 4066 950 4121 muto,
994 4069 1092 4109 nec
1116 4053 1328 4110 Platoni
1361 4064 1621 4130 concedo,
1665 4064 1797 4119 nihil
1822 4065 2026 4122 habere

453 4146 589 4200 artis
626 4148 974 4214 rhetoricam,
1020 4148 1115 4202 sed
1147 4160 1405 4217 quantum
1441 4156 1492 4204 in
1530 4169 1592 4207 ea
1647 4156 1781 4209 artis
1821 4167 1901 4211 est
1942 4159 2026 4225 (ut

446 4234 616 4301 ipsius
646 4245 764 4287 utar
790 4233 1030 4289 Platonis
1063 4234 1287 4302 verbis),
1322 4238 1655 4291 tantumdem
1702 4253 2022 4309 prosequar.

2149 406 2337 461 τοῦτον
2364 405 2572 477 ἀμείνω
2612 403 2798 458 καλεῖν
2828 400 2896 468 ’⁸,
2929 401 3025 455 καὶ
3050 401 3224 456 ταῦτα
3249 402 3295 435 ⁸⁸
3319 402 3386 455 δι’
3413 400 3547 455 αὑτὸ
3571 401 3720 455 τοῦτ’

2147 497 2562 568 ἐπαινούμενον,
2604 497 2688 550 ὅτι
2726 493 3075 566 ὡμολόγηκεν
3129 488 3211 557 οἷς
3249 493 3484 565 ἐζήτησε
3524 493 3723 566 μαθεῖν

2146 592 2346 664 χείρων
2372 586 2530 645 εἶναι.
2577 590 2811 643 ’Δτοπον
2842 586 2899 641 δὲ
2927 587 2972 619 ³⁸
3008 586 3102 640 καὶ
3129 587 3173 619 ⁸¹
3205 586 3328 658 μηδ’
3358 587 3533 641 ἐκεῖνο
3561 588 3722 659 όρᾷν,

2145 684 2228 737 ὅτι
2254 683 2315 736 οὑ
2350 683 2507 753 μόνον
2538 681 2597 747 ἐξ
2625 681 2800 753 ἀρχῆς
2824 681 2881 735 αί
2906 680 3094 751 φύσεις
3120 679 3218 743 τάς
3240 679 3438 751 τέχνας
3459 683 3723 750 συνεστή-

2146 791 2307 829 σαντο
2344 774 2412 840 ³¹¹,
2456 774 2593 827 ἀλλὰ
2625 775 2718 827 καὶ
2768 773 2898 845 περὶ
2942 772 3111 836 αὐτὰς
3153 771 3252 835 τὰς
3297 771 3494 842 τέχνας
3548 773 3599 825 οῖ
3649 775 3720 842 τῇ

2144 866 2303 934 φύσει
2358 866 2684 932 νικήσαντες
2751 861 3139 934 διενηνόχασιν.
3194 863 3401 917 Ἕνεκα.
3457 862 3557 935 μὲν
3608 863 3723 934 γὰρ

2141 958 2240 1024 τῆς
2273 954 2468 1027 τέχνης
2524 955 2735 1018 πάντας
2779 954 2886 1008 ἔδει
2940 953 3353 1025 παραπλησίους
3395 948 3537 1008 εἶναι
3590 954 3722 1018 τοὺς

2142 1045 2311 1111 αὑτὰς
2342 1045 2610 1116 μαθόντας
2638 1046 2705 1113 ³³,
2735 1040 2890 1113 οἶμαι
2920 1043 2977 1096 δὲ
3014 1044 3108 1097 καὶ
3140 1042 3355 1116 χείρους
3373 1044 3500 1108 τοὺς
3532 1044 3723 1099 δευτέ-

2146 1151 2271 1205 ρους
2307 1135 2394 1188 dei.
2422 1134 2530 1188 τῶν
2571 1134 2876 1206 προτέρων,
2912 1133 3017 1198 ἕως
3039 1136 3120 1196 είς
3146 1132 3207 1186 τὺ
3232 1133 3458 1203 λυθῆναι
3479 1132 3580 1203 τὴν
3629 1133 3724 1186 τέ-

2141 1246 2275 1302 κνην
2301 1228 2531 1299 ἀφίκετο
2559 1245 2572 1259 ⁸
2602 1228 2663 1281 οὑ
2703 1226 2811 1296 γὰρ
2849 1227 2914 1280 ἂν
2934 1221 3001 1295 ἦν
3040 1225 3219 1279 πάντα
3247 1224 3433 1279 λαϐεῖν
3474 1224 3723 1295 ἀκριϐῶς
3796 1240 3803 1245 ι

2142 1321 2271 1395 παρ’
2297 1322 2487 1394 ἑτέρου
2520 1320 2887 1390 λαμϐάνοντα,
2936 1317 3052 1372 ἀλλ’
3092 1317 3199 1371 ἔδει
3227 1316 3514 1385 διαφυγεῖν
3547 1316 3595 1349 ³⁸
3627 1316 3719 1371 ἀεί

2137 1434 2209 1469 τι.
2254 1413 2441 1486 Ῥώμῃ
2464 1413 2540 1480 δὲ,
2565 1409 2736 1483 οἶμαι,
2763 1411 2977 1481 φύσεως
3007 1412 3100 1465 καὶ
3124 1413 3409 1483 περιουσίᾳ
3432 1410 3531 1483 τήν
3558 1409 3722 1476 δόξαν

2137 1508 2185 1560 oi
2214 1507 2591 1578 κρατήσαντες
2628 1504 2886 1575 εἰλήφασι
2914 1519 2930 1535 ο
2980 1504 3075 1557 καὶ
3105 1502 3285 1565 οὐδεὶς
3326 1502 3418 1555 τὸν
3458 1501 3721 1555 Δαίδαλον

2138 1599 2258 1652 οὐδὲ
2288 1599 2414 1661 τοὺς
2442 1596 2556 1650 ἄνω
2598 1595 2870 1665 θαυμάζει
2900 1594 3051 1664 παρὰ
3084 1593 3177 1647 τὸν
3215 1592 3261 1625 ³⁸
3307 1593 3541 1653 Φειδίαν,
3581 1593 3722 1647 ἀλλὰ

2136 1689 2444 1743 τούναντίον
2475 1689 2539 1740 ὲκ
2584 1686 2794 1758 μικρῶν
2822 1678 2918 1739 καὶ
2944 1684 3164 1754 φαύλων
3198 1683 3260 1737 τὸ
3285 1682 3405 1738 κατ’
3433 1684 3610 1754 ἀρχὰς
3635 1686 3723 1748 εἰς

2134 1777 2197 1831 τδ
2239 1776 2421 1847 μεῖζον
2462 1778 2554 1830 καὶ
2598 1759 2932 1844 τελειότερον
2976 1774 3021 1806 ³⁸
3048 1777 3105 1827 αἱ
3135 1775 3320 1845 τέχναι
3352 1775 3718 1844 κατέστησαν.

2138 1867 2267 1941 [675
2297 1868 2386 1941 ll.'|
2421 1870 2616 1932 Αὑταῖς
2652 1868 2697 1901 ³⁷
2721 1869 2921 1931 τοίνυν,
2963 1866 3038 1932 ὡς
3062 1867 3228 1932 ἔοικε,
3256 1868 3376 1928 ταῖς
3411 1865 3627 1937 τέχναις
3655 1867 3721 1920 οὑ

2134 1960 2445 2014 λυσιτελοῦν
2478 1961 2726 2029 φαίνεται
2764 1960 2865 2032 τὴν
2890 1960 3085 2030 τέχνην
3111 1959 3218 2029 πρὸ
3250 1958 3356 2025 τῆς
3378 1959 3594 2029 φύσεως
3630 1977 3723 2012 τε-

2135 2050 2422 2125 τιμῆσθαι.
2480 2052 2692 2105 Οὑκοὺν
2729 2051 3014 2122 προελθεῖν
3059 2051 3113 2120 γ’
3146 2049 3212 2104 ἂν
3262 2052 3452 2115 αὑταῖς
3487 2046 3556 2123 ἧν
3596 2052 3722 2106 οὐδὲ

2134 2146 2318 2213 τυχεῖν
2351 2142 2443 2196 τοῦ
2471 2142 2565 2197 νῦν
2593 2144 2871 2213 σχήματος
2901 2142 3020 2196 οὑδὲ
3048 2141 3431 2211 σεμνύνεσθαι.

2218 2232 2356 2285 Ἀλλ’
2380 2229 2556 2302 οἶμαι,
2611 2233 2710 2303 οὑχ
2736 2233 2793 2285 αἰ
2836 2232 3020 2303 τέχναι
3044 2231 3170 2296 τοὺς
3210 2231 3411 2303 ἄνδρας
3440 2226 3587 2304 ἦραν
3617 2250 3719 2303 με·

2139 2323 2567 2392 γάλους,ἀλλόί
2616 2327 2684 2395 τῇ
2730 2324 2960 2394 δυνάμει
3008 2324 3426 2395 πρωτεύσαντες
3460 2325 3716 2395 ἐντίμως

2134 2414 2235 2479 τὰς
2258 2415 2454 2485 τέχνας
2481 2414 2764 2485 ἐποίησαν,
2817 2415 2879 2469 οὑ
2921 2414 3204 2486 μείναντες
3236 2414 3324 2484 ἐφ’
3357 2408 3434 2469 ὧν
3473 2415 3716 2487 παρέλα·

2135 2506 2250 2561 6ον.
2285 2508 2347 2560 Ei
2378 2506 2436 2560 δὲ
2503 2506 2650 2561 τοῦθ’
2686 2506 2892 2561 ἅπασιν
2949 2505 3194 2577 εὑδηλον,
3241 2508 3291 2561 ει
3345 2507 3443 2562 καὶ
3472 2509 3549 2579 μὴ
3579 2510 3717 2580 πρό-

2134 2613 2313 2667 τερον,
2349 2597 2485 2651 ἀλλὰ
2511 2595 2608 2650 νῦν
2657 2614 2722 2666 γε
2775 2597 3085 2669 εἰρημένον,
3138 2598 3189 2651 οῖ
3241 2598 3487 2670 μέγιστοι
3527 2600 3638 2653 τῶν
3657 2601 3716 2654 ἐν

2132 2693 2252 2754 ταῖς
2273 2690 2490 2761 τέχναις
2514 2692 2613 2761 οὑχ
2625 2689 2744 2724 ³⁵·²⁹
2771 2681 2815 2757 ᾧ
2833 2691 3206 2761 μετεσχήκασι
3220 2690 3323 2761 τῆς
3348 2692 3544 2762 τέχνης
3560 2691 3718 2762 μέγι-

2136 2800 2251 2838 στοι
2276 2783 2584 2852 γεγόνασιν,
2616 2781 2733 2835 ἀλλ’
2758 2776 2802 2851 ᾧ
2822 2782 2922 2852 τὴν
2943 2783 3144 2855 τέχνην
3169 2782 3617 2854 παρεληλύθασιν
3644 2784 3714 2837 “.

2146 2874 2287 2928 Ἀλλ’
2317 2875 2362 2907 ’ί
2421 2874 2713 2937 ἐνδιδόντες
2742 2877 2807 2944 τῇ
2863 2872 3025 2943 φύσει
3060 2874 3173 2929 τῶν
3202 2873 3398 2943 λόγων,
3435 2874 3487 2927 οἱ
3516 2874 3576 2928 δὲ
3605 2873 3717 2928 τῶν

2133 2967 2497 3038 πραγμάτων,
2538 2967 2737 3030 παῖδας
2776 2969 2901 3030 τοὺς
2940 2967 3049 3039 πρὸ
3092 2966 3273 3020 αὑτῶν
3311 2964 3566 3040 [δυνάμει
3614 2967 3720 3036 φύ-

2136 3076 2274 3123 σεως
2307 3056 2376 3131 ⁸⁸]
2406 3057 2718 3122 ἀπέδειξαν.
2749 3056 2911 3111 Ἀλλὰ
2937 3057 2984 3090 ⁸³
3001 3058 3182 3122 πάσας
3200 3057 3299 3122 τὰς
3327 3059 3548 3129 τέχνας,
3579 3058 3718 3128 ὅπερ

2134 3145 2308 3215 εἶπον,
2352 3151 2387 3220 ή
2412 3148 2573 3218 φύσις
2603 3142 2781 3220 εὑρεν.
2817 3149 2880 3202 Ei
2910 3148 3020 3221 γὰρ
3063 3151 3120 3202 αἱ
3167 3149 3354 3221 τέχναι
3392 3150 3492 3213 τὰς
3520 3151 3719 3221 τέχνας

2133 3240 2358 3311 ἔμελλον
2412 3241 2687 3312 εὑρήσειν,
2727 3241 2827 3294 οὑκ
2854 3239 2922 3295 ἂν
2951 3236 3020 3310 ἦν
3059 3241 3247 3295 λαδεῖν
3276 3243 3377 3312 τὴν
3409 3242 3609 3313 ἀρχήν.
3639 3242 3715 3296 Οὑ

2132 3333 2242 3403 γάρ
2270 3348 2356 3385 πω
2383 3331 2588 3402 τεχνῶν
2615 3329 2787 3385 οὐσῶν
2814 3330 2913 3385 οὑκ
2969 3329 3037 3385 ἂν
3068 3326 3136 3402 ἦν
3160 3332 3358 3403 τέχνην
3392 3331 3607 3403 εὑρεῖψ
3644 3335 3715 3405 τῇ

2132 3423 2241 3496 γὰρ
2297 3424 2344 3455 ⁵⁸
2404 3422 2480 3495 μὴ
2539 3420 2673 3495 οὑσῃ
2730 3421 2847 3486 πῶς
2888 3422 3016 3492 ὲνῆν
3056 3423 3239 3493 εὑρεῖν
3268 3424 3348 3489 ⁸⁸;
3381 3424 3594 3478 Οὑκοῦν
3617 3425 3716 3477 καὶ

2132 3516 2273 3570 κατὰ
2295 3514 2423 3578 τοὺς
2452 3513 2711 3584 εὑρόντας
2764 3512 2864 3578 τὰς
2914 3514 3112 3583 τέχνας
3145 3513 3203 3581 ἐξ
3237 3514 3414 3584 ἀρχῆς
3444 3516 3540 3569 καὶ
3572 3514 3716 3570 κατὰ

2130 3606 2255 3670 τοὺς
2305 3605 2670 3676 ὑπερέχοντας
2713 3606 2772 3658 ὲν
2836 3605 3029 3667 αὑταῖς
3050 3603 3097 3636 ⁵⁸
3139 3606 3173 3675 ή
3212 3603 3372 3675 φύσις
3402 3607 3549 3676 νικᾷ.
3579 3606 3716 3660 itai-

2131 3712 2282 3750 νεται
2314 3695 2359 3727 ⁴⁷
2387 3695 2568 3749 τοίνυν
2615 3695 2709 3750 καὶ
2753 3696 2894 3750 κατὰ
2938 3696 3126 3751 τοῦτον
3151 3697 3197 3730 ’⁵⁸
3220 3697 3310 3750 τὸν
3349 3696 3506 3767 λόγον
3543 3700 3577 3770 ἡ
3614 3699 3718 3769 μὲν

2132 3786 2295 3856 φύσις
2319 3784 2578 3857 ἄρχοντος
2616 3787 2800 3860 χώραν
2826 3788 2871 3821 ⁸⁸
2905 3787 3125 3859 ἔχουσα,
3161 3790 3194 3860 ή
3231 3789 3289 3843 δὲ
3309 3789 3375 3842 ὲκ
3396 3788 3490 3843 τοὺ
3518 3788 3716 3861 μαθεῖν

2130 3878 2295 3949 τέχνη
2353 3877 2602 3932 διακόνου
2647 3878 2742 3934 καὶ
2788 3878 3112 3949 πειθομένου
3171 3878 3250 3950 τῷ
3307 3879 3602 3950 κρείττονι.
3644 3881 3718 3934 Ἀ

2134 3970 2231 4041 μὲν
2260 3970 2305 4002 ⁵⁸
2334 3968 2448 4036 οὑν,
2485 3970 2534 4021 εί
2555 3969 2650 4022 καλ⁴
2683 3968 2756 4039 μὴ
2780 3970 2978 4039 τέχνην
3009 3963 3150 4024 εἶναι
3175 3968 3400 4040 δοίημεν
3423 3968 3522 4036 τὴν
3548 3970 3715 4039 ῥητο-

2133 4061 2312 4132 ρικὴν,
2336 4059 2448 4131 ἔχοι
2482 4061 2528 4093 ἰ
2564 4076 2647 4123 τις
2668 4059 2734 4113 ἂν
2763 4057 2942 4127 λέγειν
2975 4060 3115 4132 ὑπὲρ
3159 4059 3349 4131 αὑτῆς,
3382 4057 3557 4112 πολλὰ
3580 4061 3715 4126 ἀφεο

2133 4150 2275 4204 λόντι
2295 4149 2404 4203 τῶν
2434 4148 2692 4203 ἐπιόντων
2713 4147 2953 4203 τοσαῦτα
2976 4149 3070 4202 καὶ
3101 4148 3327 4202 τοιαῦτά
3355 4150 3526 4203 ἐστιν,
3550 4149 3715 4210 Ἴσως

2131 4242 2190 4295 δέ
2223 4242 2267 4274 ³⁸
2287 4258 2371 4301 τις
2403 4241 2667 4310 οἰήσεται,
2699 4238 2904 4292 τούτων
2924 4237 3095 4301 οὑτως
3131 4237 3620 4308 ἀποδεδειγμένων,
3650 4235 3715 4289 τὸ

446 4326 527 4380 An
564 4328 694 4382 vero
743 4330 1020 4386 contraria
1060 4348 1165 4388 non
1202 4341 1353 4393 sunt,
1382 4330 1425 4383 si
1475 4338 1531 4383 et
1568 4330 1853 4386 intendere
1903 4347 2023 4387 eam

2136 4326 2465 4399 φαυλότερον
2489 4325 2738 4380 σπεύδειν
2762 4327 2909 4397 ἡμᾶς
2936 4327 3147 4395 λοιπὸν,
3188 4325 3283 4381 ἐὰν
3314 4329 3398 4381 ὅτι
3429 4328 3524 4380 καὶ
3553 4329 3724 4398 τέχνη

447 4415 614 4471 veluti
649 4419 700 4472 in
758 4434 980 4490 scopum
1036 4424 1261 4491 dixeris,
1294 4434 1349 4479 et
1377 4424 1565 4479 eadem
1598 4420 1668 4477 de
1709 4437 1900 4488 causa,
1940 4438 2027 4476 ra-

450 4508 596 4565 tione
622 4513 847 4567 carere?
874 4513 1077 4568 Omnes
1132 4516 1273 4570 enim
1299 4517 1391 4586 qui
1443 4517 1760 4582 colliueant,
1816 4516 2029 4570 ratione

448 4599 634 4669 utique
664 4610 902 4668 utentes,
936 4605 1271 4670 collineaut;
1309 4621 1410 4662 nec
1452 4608 1597 4660 enim
1649 4605 1775 4660 licet
1810 4606 2027 4660 ratione

448 4706 554 4743 nou
579 4701 817 4748 utentem
848 4694 1162 4761 eollineare,
1188 4696 1457 4764 siquidem
1483 4695 2025 4764 ratiojaculationem

447 4778 664 4835 emciat.
705 4782 841 4838 Nam
879 4787 1174 4841 colliucare
1213 4796 1301 4841 est
1346 4801 1458 4839 rem
1504 4786 1797 4856 attingere,
1839 4793 1900 4838 ut
1934 4784 2026 4854 qui

448 4874 734 4943 aberrant,
771 4893 876 4931 non
933 4878 1070 4933 bene
1123 4878 1437 4934 collineant.
1511 4876 1700 4950 Itaque
1763 4895 1869 4933 nun
1926 4878 2019 4949 qui

2132 4418 2404 4473 διδάσκειν
2440 4418 2781 4490 πειρώμεθα.
2817 4418 2960 4488 Ἐγὼ
2984 4418 3041 4473 δὲ
3070 4418 3193 4473 οὑτε
3210 4422 3256 4455 ⁸³
3283 4419 3393 4474 τῶν
3410 4420 3726 4492 εἰρημένων

2133 4511 2285 4566 οὐδὲν
2347 4511 2706 4582 μετατίθεμαι
2757 4511 2825 4577 ⁸⁸,
2888 4510 3013 4565 οὔτε
3068 4513 3316 4566 Πλάτωνι
3356 4513 3629 4584 συγχωρῶ
3658 4512 3725 4565 τὸ

2138 4601 2302 4672 μηδὲν
2326 4603 2564 4671 μετεῖναι
2618 4602 2881 4674 ῥητορικῇ
2932 4603 3127 4674 τέχνης
3150 4605 3219 4664 ⁵⁸,
3245 4603 3362 4657 ἀλλ’
3407 4605 3533 4658 ὅσον
3579 4605 3722 4677 αὐτῇ

2135 4696 2333 4766 τέχνης
2372 4696 2672 4767 (χρήσομαι
2711 4696 2756 4728 ⁸⁸
2777 4697 2885 4767 γὰρ
2945 4699 3057 4760 τοῖς
3100 4694 3197 4749 τοὺ
3232 4697 3521 4761 Πλάτωνος
3554 4695 3725 4750 αὑτοῦ

2142 4789 2380 4859 ῥήμασιν
2433 4787 2526 4856 ⁸⁷),
2582 4786 2733 4839 τοῦτ’
2786 4789 3056 4859 ἐπέξειμι.
3112 4788 3307 4843 Καίτοι
3346 4789 3392 4822 ⁸⁸
3445 4790 3566 4852 πῶς
3622 4791 3728 4861 οὑχ

2135 4879 2450 4933 ὑπεναντίον
2521 4879 2752 4947 φάσκειν
2803 4881 2903 4952 μὲν
2948 4881 3307 4953 στοχάζεσθαι
3364 4882 3462 4955 τὴν
3500 4886 3726 4955 ῥητορι-

1770 5020 2003 5076 VARi/E
2044 5020 2447 5079 LECTIONES.

523 5114 568 5146 "
592 5129 656 5181 γε
685 5113 847 5165 αὑτὸν
867 5126 977 5167 0m.
1000 5112 1065 5165 A.
1139 5112 1187 5143 ³⁸
1214 5111 1308 5165 καὶ
1334 5110 1514 5184 ταῦτα
1534 5140 1618 5184 δέ
1650 5113 1809 5177 1515,
1834 5113 1897 5167 l6
1928 5115 1970 5168 R
2005 5112 2199 5184 κρίνω]
2220 5130 2318 5183 pro
2351 5114 2436 5167 bis
2463 5113 2514 5167 in
2545 5112 2588 5165 Β
2621 5127 2830 5181 paginae
2862 5127 3045 5167 vacua:
3070 5122 3196 5167 sunt
3223 5110 3485 5182 quinque.
3562 5115 3612 5152 ’ν
3639 5108 3727 5177 οἷς

446 5182 679 5254 ἐζήτησε
707 5184 895 5254 μαθεῖν
911 5199 1133 5254 οιηηρτ.
1164 5184 1226 5239 C.
1302 5183 1347 5254 ἕο
1378 5183 1576 5236 ἄτοπον
1594 5183 1649 5236 δὲ
1674 5201 1782 5254 om.
1813 5200 1892 5252 pr.
1917 5184 1977 5238 (Ξ.
2012 5182 2258 5253 leguntur
2289 5201 2339 5253 p.
2362 5184 2452 5240 5i.
2521 5185 2564 5217 ³¹
2602 5185 2697 5237 καὶ
2720 5198 2828 5237 om.
2848 5185 2909 5254 ᾼ.
2976 5185 3018 5254 '_‘
3045 5184 3376 5254 συνέστησαν
3405 5184 3479 5254 Α.
3533 5189 3580 5254 ν
3612 5202 3727 5254 μαέ

447 5251 659 5328 οόντας]
699 5251 967 5356 μαθόντας
995 5251 1131 5306 εἶναι
1155 5254 1217 5307 C.
1294 5253 1341 5286 “
1369 5255 1650 5320 διαφυγεῖν
1682 5253 1768 5308 AC
1793 5251 2134 5323 ιδιαφεύγὲιν
2163 5272 2223 5317 ς’.
2293 5251 2359 5288 ⁷³⁵
2393 5256 2483 5309 τὸν
2514 5255 2635 5308 add.
2676 5255 2739 5306 A.
2861 5251 2907 5284 “
2929 5251 3343 5321 τελεώτερονς.
3435 5252 3481 5284 ³⁷
3506 5251 3623 5307 αὑτὲ

450 5342 480 5356 ιη
538 5324 601 5356 τις)
724 5325 815 5356 Βο89
840 5324 936 5356 Αι⁹ιυ
981 5323 1057 5356 ΑΓ
1111 5344 1122 5354 ι
1182 5324 1271 5356 υῃῖ
1311 5342 1349 5356 ρ
1470 5324 1515 5355 ιο
1549 5327 1593 5356 εἴ
1651 5324 1705 5356 R1-
1755 5324 2215 5356 —~n»‘.-‘t.'.n~n.u1
2269 5325 2381 5356 "una
2434 5334 2557 5356 σιηίη
2609 5324 2800 5356 n~'.-~7-
2853 5322 3030 5356 PAO'uv-nl
3073 5323 3256 5356 Innnln
3282 5333 3464 5356 cnnrnt
3501 5327 3623 5356 τιΛηί

724 5325 815 5358 ⁸⁸³⁹
840 5324 937 5395 οὑχ
972 5323 1059 5377 AC
1111 5344 1147 5395 :7
1182 5324 1277 5377 καὶ
1310 5342 1369 5387 ς.
1470 5324 1515 5395 το
1548 5327 1595 5376 εί
1650 5324 1706 5376 δὲ
1755 5322 2215 5395 παρεληλύοασιν]
2269 5325 2382 5381 inec
2434 5334 2557 5379 ante
2608 5324 2800 5387 αὑταῖς
2853 5322 3035 5395 τοίνυν
3072 5323 3256 5395 (paulo
3281 5333 3464 5395 supra)
3501 5327 3651 5392 ponit
3681 5322 3728 5378 C

448 5342 503 5396 p.
534 5324 623 5382 52.

450 5412 576 5448 cum.
606 5414 667 5460 ς.

751 5328 815 5358 ’³⁹
840 5324 937 5392 οὑχ
972 5323 1059 5377 AC
1111 5344 1122 5378 ι
1182 5324 1277 5377 καὶ
1310 5342 1369 5387 ς.

769 5395 813 5433 δί
846 5394 958 5446 ἀλλ’
983 5394 1383 5464 év6:66vcsg_1ﬁ
1418 5393 1577 5461 φύσει
1623 5395 1728 5446 τῶν
1766 5394 1939 5461 λόγων
1955 5393 2022 5450 et
2047 5412 2166 5449 mox
2203 5395 2310 5448 τῶν
2342 5394 2684 5464 πραγμάτων
2712 5410 2818 5447 out.
2854 5393 2912 5446 Α.

2316 5257 2359 5288 ³⁵
2393 5256 2483 5309 τὸν
2514 5255 2635 5308 add.
2676 5255 2739 5306 A.
2861 5251 2907 5284 “
2929 5251 3343 5321 τελεώτερονς.
3435 5252 3481 5284 ³⁷
3506 5251 3697 5316 αὑταῖς

3025 5393 3071 5426 ’⁸³
3098 5393 3327 5462 δυνάμει
3360 5393 3576 5460 φύσεως
3607 5411 3724 5450 om.

452 5481 534 5531 ιη’.
559 5466 622 5536 C.
691 5463 744 5536 f'
775 5464 933 5536 ἀλλὰ]
962 5480 1021 5530 ‘p.
1047 5466 1143 5519 53;
1212 5462 1329 5536 “'9
1355 5462 1431 5536 λιΞῇΔ
1451 5464 1644 5536 γὰρ-
1668 5464 1847 5536 εὑρεῖν
1871 5480 1981 5520 om.
2019 5468 2082 5520 Α.
2140 5465 2200 5536 7“
2220 5467 2278 5518 ὲν
2302 5462 2624 5524 αὑταῖεοιιι.
2659 5480 2738 5536 pr.
2777 5465 2838 5518 C.
2916 5464 2961 5498 ⁸⁷
2993 5462 3267 5536 φαίνεται]
3292 5479 3343 5536 p_.
3375 5463 3466 5536 54.
3524 5464 3591 5536 f3
3627 5466 3731 5536 καὶ

449 5535 591 5587 κατὰ
621 5534 807 5608 τοῦτον
828 5532 1100 5608 τὸνξλόγον
1131 5551 1241 5588 om.
1489 5532 1694 5608 χώραν]
1726 5532 1883 5608 λόγον
1917 5539 1996 5608 A.
2049 5536 2103 5608 ξ’
2128 5535 2315 5608 ἃᾼμέν]
2342 5553 2391 5608 p.
2417 5536 2508 5608 57.
2583 5536 2639 5608 ³¹Α
2660 5535 2772 5603 ἔχει
2801 5551 2862 5599 ς’.

2956 5532 3013 5567 η
3032 5534 3112 5605 δέ]
3138 5532 3185 5587 δ’
3211 5534 3277 5587 ἄν
3308 5532 3374 5605 ᾼ.
3446 5532 3569 5605 ξ’·’θ
3594 5533 3725 5605 οὗτε
3756 5562 3775 5575 κ

451 5630 512 5640 -
540 5601 935 5679 μετατίθεμαι]
964 5601 1130 5675 οὑμαι
1165 5608 1225 5658 A.
1306 5605 1353 5637 "
1378 5601 1519 5675 αὑτῇ
1548 5601 1767 5677 τέχνης]
1800 5601 1918 5662 imo
1942 5606 2107 5677 αὐτῆς
2133 5601 2318 5679 τέχνη,
2344 5601 2355 5608 ’
2394 5606 2510 5640 ⁸⁶ο⁸τ
2544 5601 3141 5679 χρήσομαι-ῥήμασίν
3164 5619 3274 5661 om.
3303 5601 3372 5660 Δ.
3445 5604 3495 5641 ⁸⁸
3516 5604 3725 5674 καίτοι]

452 5685 506 5740 p.
537 5672 627 5727 53.
