4012 6236
268 314 401 384 1501

1294 313 1821 380 BIBLIOTHECA.
1861 340 1932 354 --
1960 317 2128 380 COD.
2169 316 2494 379 CCXLVII.

3403 308 3544 376 1502

259 429 367 499 κὴν
396 426 465 491 δ’,
494 423 674 494 λέγειν
697 422 756 479 δέ
784 421 861 488 ὡς
888 421 949 477 οὐ
983 421 1185 493 χρῆται
1234 422 1466 495 λόγῳζδι¹
1495 425 1630 480 αὐτὸ
1659 425 1850 492 τοῦτος

1961 427 2218 483 collineat
2246 429 2487 495 aberrat,
2522 425 2618 482 sed
2640 425 2735 495 qui
2761 424 3039 482 aberravit
3072 439 3177 480 non
3212 420 3547 486 collinoavit,

258 521 466 585 πάντες
494 518 605 591 γὰρ
632 519 682 573 οί
713 515 1102 590 στοχαζόμενοι
1139 516 1203 587 δή
1239 533 1341 572 που
1386 517 1465 588 τῷ
1494 518 1641 590 λόγῳ
1671 535 1847 590 προσ·

260 614 492 682 ἀγοντες
513 612 559 643 ⁸⁸
586 611 833 675 ἑαυτοὺς,
885 608 1030 663 οὕτω
1067 609 1443 681 στοχάζονται.
1485 610 1562 663 Οὐ
1589 611 1702 682 γὰρ
1734 609 1853 663 ἔστι

263 706 344 777 μὴ
364 705 510 776 λόγῳ
541 702 825 775 χρώμενον
886 700 1270 773 στοχάζεσθαι,
1320 702 1436 756 ἀλλ’
1466 704 1494 756 ὁ
1518 701 1562 733 ⁶¹
1588 700 1683 754 τού
1714 701 1857 773 πρά-

257 814 293 865 γ
302 812 475 866 ματος
491 794 652 862 λόγος
675 786 829 856 οὗτος
844 794 993 846 ἐστιν
1023 795 1052 847 ὁ
1078 791 1248 846 ποιῶν
1273 789 1656 860 στοχάζεσθαι.
1699 791 1855 844 Ἐστι

257 889 319 943 δὲ
351 886 711 959 στοχάζεσθαι
736 887 799 940 τὸ
833 888 1020 956 τυχεῖν
1072 884 1168 940 τοῦ
1200 885 1545 956 πράγματος,
1589 883 1666 947 ὡς
1713 884 1770 936 οῖ
1790 900 1855 951 γε

260 979 768 1048 ἀποτυγχάνοντεςι
794 978 969 1049 ἀρχὴν
1040 977 1189 1031 οὺδέ”
1217 976 1590 1047 στοχάζονται.
1642 974 1856 1029 Οὐκοῦν

260 1072 364 1142 οὐχ
393 1063 438 1138 ᾧ
464 1072 510 1102 ⁸⁸
539 1068 899 1141 στοχάζεσθαι
937 1069 1240 1139 ἁμαρτάνει
1275 1086 1382 1132 τις,
1405 1067 1520 1122 ἀλλ’
1543 1060 1589 1136 ᾧ
1617 1066 1857 1140 διήμαρ-

259 1181 357 1217 τεν
378 1163 482 1217 οὐκ
518 1163 876 1234 ἐστοχάσατο.
904 1162 1145 1227 Εἰκότως
1168 1178 1181 1195 ·
1206 1162 1382 1225 οὐδεὶς
1407 1163 1515 1230 γάρ
1547 1162 1857 1232 ἁμαρτάνει

260 1257 412 1326 λόγῳ
437 1257 742 1327 χρώμενος,
775 1254 894 1309 ἀλλ’
941 1256 1059 1325 ἅμα
1112 1254 1321 1324 ἐσφάλη
1359 1254 1455 1308 καὶ
1497 1254 1589 1306 τὸν
1614 1254 1772 1323 λόγον
1794 1255 1855 1307 ού

261 1349 586 1404 διεσώσατο.
610 1347 709 1422 [Τὸ
744 1348 936 1419 μέλλον
959 1348 1005 1380 ⁸⁸
1054 1348 1271 1416 ἑκάστῳ
1310 1347 1579 1400 συνοίσειν
1603 1347 1857 1415 ἐκλέγον-

261 1462 356 1508 τες
390 1443 483 1514 ⁶δ.]
509 1445 617 1497 Καὶ
646 1442 842 1499 ταῦτα.
888 1434 934 1494 ὦ
974 1440 1219 1502 Πλάτων,
1261 1441 1382 1499 ταῖς
1415 1441 1536 1500 σαῖς
1558 1438 1858 1507 ἀδαμαντίο

262 1553 386 1601 ναις
414 1538 686 1605 ἀνάγκαις
715 1535 1123 1589 ἀποδείκνυται.
1167 1530 1333 1604 [1248
1362 1529 1453 1603 IL]
1488 1530 1553 1584 Τί
1580 1530 1638 1583 δὲ
1662 1532 1708 1564 ⁸⁵
1729 1533 1859 1602 περὶ

264 1628 586 1699 ῥητορικῆς,
638 1628 689 1681 εί
737 1624 1082 1696 στοχάζεται,
1132 1621 1435 1693 Θαυμάζεις
1484 1622 1529 1655 ⁸⁸
1557 1639 1572 1688 ;
1603 1620 1857 1690 φαίνεται

260 1717 374 1787 γὰρ
403 1718 446 1749 ⁸⁷
479 1716 743 1787 ῥητορικὴ
764 1713 965 1785 ὁμοίως
986 1713 1304 1784 διακειμένη
1333 1714 1398 1783 τῇ
1425 1715 1684 1784 μαντικῇ,
1715 1712 1859 1783 πλὴν

1956 525 2013 574 et
2029 519 2262 586 merito;
2290 517 2556 587 siquidem
2585 530 2747 573 nemo
2772 517 2899 571 dum
2924 516 3137 571 ratione
3153 514 3347 581 utitur,
3372 521 3546 578 errat,

1957 622 2142 664 verum
2177 608 2512 678 simulatque
2537 609 2809 663 rationem
2833 607 3041 670 amisit,
3078 614 3249 663 errat.
3275 603 3358 680 [ω
3400 604 3549 674 quod

1956 700 2153 769 cuique
2177 698 2519 767 profuturum
2545 707 2650 762 est,
2681 697 3031 771 deligentes.]
3062 697 3242 766 Atque
3272 699 3389 753 btec
3413 695 3544 766 qui-
3600 752 3607 757 ,

1956 791 2102 855 dem,
2146 790 2319 854 Plato,
2368 790 2746 846 adamantinis
2797 790 2902 845 tuis
2926 789 3379 845 demonstrantur
3440 802 3538 841 ne-

1956 882 2337 939 cessitatibus.
2389 882 2522 937 Cum
2561 883 2895 937 rhetoricam
2945 880 3219 948 conjicere
3283 876 3549 935 miraris?

1956 975 2163 1030 Eodem
2189 973 2334 1029 enim
2363 976 2521 1029 modo
2560 985 2725 1045 atque
2769 974 3033 1030 divinatio
3071 974 3292 1029 videtur
3344 987 3404 1028 se
3443 972 3544 1026 ba-

1960 1068 2106 1132 bere,
2160 1065 2264 1121 nisi
2314 1066 2459 1138 quod
2497 1080 2621 1121 cum
2669 1065 2934 1119 divinatio
2997 1071 3120 1133 post
3165 1061 3542 1141 conjecturam

1960 1159 2190 1221 desinat,
2246 1157 2521 1212 rhetorica
2561 1171 2669 1211 non
2700 1164 2910 1211 tantum
2954 1156 3202 1227 conjicit,
3236 1153 3329 1210 sed
3368 1162 3423 1208 et
3456 1166 3543 1216 ea,

1958 1264 2080 1319 qua:
2112 1250 2315 1317 optima
2344 1250 2643 1315 censuerit,
2662 1262 2757 1319 per
2787 1249 3072 1304 ministros
3094 1248 3329 1319 perﬁcit.
3354 1246 3546 1316 Itaque

1959 1343 2310 1396 divinationis
2327 1350 2560 1410 occupat
2583 1328 2784 1405 locum,
2806 1349 2863 1395 et
2900 1341 3038 1395 artis
3067 1339 3344 1401 militaris,
3380 1353 3543 1409 quam

1958 1435 2179 1504 quidem
2207 1435 2274 1489 ad
2304 1434 2520 1490 civilem
2556 1435 2845 1490 scientiam
2871 1434 3150 1503 pertinere
3179 1447 3288 1487 non
3326 1431 3545 1501 negabit

1959 1528 2132 1583 l‘lato.
2164 1528 2284 1597 Quo
2339 1529 2507 1599 igitur
2537 1530 2699 1583 modo
2741 1527 2919 1582 civilis
2951 1527 3192 1583 scientiae
3222 1525 3395 1597 partis
3427 1534 3546 1578 erat

1959 1621 2315 1675 simulacrum
2352 1623 2647 1685 rhetorica,
2688 1621 2733 1677 si
2766 1635 2875 1675 non
2917 1619 3064 1674 isto?
3112 1620 3183 1673 At
3211 1620 3285 1672 ita
3310 1615 3540 1672 simula-

1963 1728 2118 1768 crum
2153 1728 2259 1768 non
2292 1715 2420 1770 erit.

261 1813 388 1865 ὅσον
416 1810 653 1880 μαντικὴ
683 1809 781 1879 μὲν
797 1807 1147 1880 ἀπήλλακται
1177 1805 1556 1876 στοχασαμένη
1588 1805 1657 1871 ⁸⁸,
1720 1805 1986 1876 ῥητορικὴ
2056 1807 2380 1876 στοχάζεται
2438 1806 2600 1876 μόνον
2644 1805 2756 1861 τῶν
2807 1806 3176 1876 πραγμάτων,
3250 1800 3387 1857 ἀλλὰ
3450 1805 3541 1859 καὶ

260 1903 493 1975 πράττει
521 1902 608 1955 διὰ
635 1900 743 1956 τῶν
774 1899 1062 1970 ὑπηρετῶν
1081 1899 1219 1953 ἅττα
1240 1897 1307 1952 ἂν
1327 1897 1554 1969 εὑρίσκῃ
1569 1895 1838 1967 βέλτιστα.
1882 1896 2045 1949 Ὥστε
2073 1898 2170 1951 καὶ
2194 1897 2285 1951 τὸν
2315 1897 2416 1968 τῆς
2443 1898 2710 1969 μαντικῆς
2747 1898 2933 1968 ἐπέχει
2957 1898 3113 1967 λόγον
3135 1887 3234 1950 καῖ
3292 1894 3383 1949 τὸν
3441 1894 3546 1964 τῆς

262 1996 658 2065 στρατηγικῆς,
689 1992 757 2061 ἢν
780 1991 947 2063 μηδὲν
975 1993 1277 2063 προσήκειν
1309 1993 1377 2061 τῇ
1410 1990 1659 2062 πολιτικῇ
1694 1990 1920 2043 Πλάτων
1959 1991 2061 2045 οὐκ
2130 1992 2265 2064 ἐρεῖ.
2323 1993 2446 2057 Πῶς
2513 1990 2607 2045 οὖν
2665 1992 2931 2064 ῥητορικὴ
3007 1991 3291 2064 πολιτικῆς
3355 1989 3543 2063 μορίου

260 2085 501 2149 εἴδωλον,
564 2086 612 2137 εί
670 2085 744 2156 μὴ
795 2083 1005 2149 οὖτωςς
1049 2084 1212 2137 Ἀλλά
1243 2084 1288 2117 ⁶⁹
1325 2085 1433 2154 μὴν
1472 2082 1617 2138 οὕτω
1655 2100 1718 2150 γε
1741 2084 1841 2137 οὐκ
1878 2082 2007 2155 [674
2030 2083 2127 2157 Η.]
2167 2084 2389 2140 εἴδωλον
2418 2080 2550 2142 εἷεν.

333 2199 498 2275 [Κατ’
545 2199 829 2275 εἰρωνείαν
852 2198 914 2252 τὸ
951 2196 1134 2275 ρύτως
1154 2198 1201 2275 ’ξ
1231 2193 1343 2275 οἷον
1393 2198 1452 2275 εί
1488 2197 1569 2275 μὴ
1602 2196 1743 2275 κατά
1783 2196 1845 2251 τὸ

2018 2196 2276 2275 [ilocper
2303 2199 2556 2275 ironiam,
2587 2198 2692 2255 nisi
2715 2208 3015 2275 _quate_ntts
3064 2199 3262 2275 similis
3315 2208 3397 2255 est
3433 2202 3542 2258 arti

260 2267 496 2341 ἐοικέναι
527 2267 610 2341 τῇ
640 2271 1002 2341 στρατηγικῇ,
1036 2269 1131 2341 καὶ
1176 2268 1454 2341 λοιπδνᾲέξ
1485 2267 1841 2341 ἐπικρίσεως,

259 2344 345 2398 ὅτι
374 2340 498 2397 οὔτε
524 2332 663 2395 κατὰ
678 2332 843 2394 τοῦτο
858 2332 1065 2393 δύνᾶιτ’
1088 2340 1154 2393 ἂν
1173 2341 1217 2372 ⁷⁸
1242 2339 1459 2393 εἴδωλον
1483 2332 1669 2410 εἷναιζ]

338 2455 463 2507 Ὅτι
490 2453 536 2487 ⁷⁸
564 2452 743 2506 τοίνυν
773 2452 910 2515 ὅλως
929 2450 977 2482 ⁷⁸
1000 2450 1119 2504 ἐστὶ
1170 2450 1412 2519 σόφισμα
1437 2450 1497 2503 τὸ
1520 2451 1755 2519 φάσκειν
1776 2450 1846 2504 τά

258 2545 521 2600 δοκοῦντα
544 2547 658 2609 τοῖς
689 2544 938 2615 πλήθεσι,
973 2542 1150 2596 ταῦτα
1178 2559 1242 2596 συ
1252 2542 1572 2612 μϐουλεύειν
1591 2544 1720 2606 τοὺς
1750 2545 1847 2616 ρή-

259 2655 429 2709 τορας
457 2639 552 2692 καὶ
579 2636 768 2691 τούτου
800 2636 963 2705 μόνου
983 2634 1365 2705 στοχάζεσθαι,
1400 2638 1448 2690 εί
1480 2637 1577 2692 καὶ
1619 2634 1693 2706 μὴ
1720 2637 1848 2701 παῖς

262 2727 592 2797 ἐξελέγξειεν
621 2726 690 2792 ⁷⁵,
721 2726 837 2781 ἀλλ’
880 2714 1030 2790 ὅστις
1058 2725 1109 2759 ⁷⁸
1130 2742 1195 2797 γε
1220 2720 1280 2780 εὗ
1317 2730 1526 2801 φρονεῖ.
1565 2729 1719 2800 Ἐμοὶ
1749 2731 1850 2801 μὲν

262 2820 372 2890 γὰρ
389 2819 696 2873 τούναντίον
733 2819 841 2872 πᾶν
890 2818 1162 2888 φαίνεται,
1198 2816 1337 2889 μήτε
1378 2821 1439 2873 ἐν
1461 2823 1525 2891 τῇ
1552 2821 1652 2891 τῆς
1686 2823 1848 2892 ῥητο-

189 2969 194 2973 _
264 2911 429 2983 ρικῆς
451 2912 613 2980 φύσει
631 2911 813 2963 πλεῖον
841 2908 982 2964 εἶναι
1025 2911 1191 2981 μηδὲν
1216 2910 1249 2983 ἢ
1275 2911 1337 2965 τὸ
1372 2912 1448 2984 μὴ
1478 2914 1546 2967 τὰ
1584 2913 1845 2969 δοκοῦντα

259 3005 374 3067 τοῖς
406 3001 664 3072 πλήθεσιν
691 3002 852 3066 εὐθὺς
878 3003 923 3034 ⁷⁸
946 3003 1042 3075 ἐᾷν
1055 3002 1330 3071 γίνεσθαι,
1356 3005 1495 3073 μήτε
1521 3005 1646 3068 τοὺ,
1665 3005 1717 3058 ."
1747 3007 1847 3076 ῥή-

258 3110 427 3161 τορας
452 3094 509 3154 ἐς
538 3091 667 3147 ἄλλο
709 3109 763 3145 τι
819 3092 1019 3164 μᾶλλον
1070 3094 1300 3148 σκοπεῖν
1324 3093 1373 3126 ⁷⁸
1401 3094 1434 3161 ἢ
1457 3093 1524 3147 τά
1570 3093 1843 3165 βέλτιστα,

262 3185 406 3256 μήτε
427 3184 557 3247 τοὺς
579 3184 643 3255 δή
654 3200 787 3253 μους
808 3184 1011 3249 αὐτοὺς
1031 3184 1192 3239 τυῦτό
1242 3200 1308 3252 γε
1336 3186 1617 3253 ἐκφυγεῖν,
1641 3186 1719 3250 ὡς
1746 3189 1848 3241 οὐκ

260 3277 521 3349 ἀμείνους
564 3275 715 3345 σφῶν
764 3276 817 3330 οἱ
874 3277 1105 3347 ῥήτορες
1135 3274 1460 3344 λογίσασθαι
1490 3276 1537 3309 ⁷⁸
1582 3278 1849 3349 περὶτῶν

260 3369 606 3439 πραγμάτων
629 3367 726 3421 καὶ
761 3367 941 3421 πᾶσαν
976 3367 1114 3431 ὅλως
1145 3367 1246 3437 τὴν
1266 3367 1362 3422 τοῦ
1401 3366 1516 3438 βίον
1546 3369 1734 3439 σχέσιν
1755 3370 1847 3424 καὶ

196 3530 201 3533 _
258 3461 359 3534 τὴν
386 3460 578 3533 τύχην,
604 3459 879 3515 καὶτοῦτο
904 3461 965 3524 ἐξ
984 3460 1164 3514 αὐτῶν
1186 3460 1296 3513 τῶν
1319 3460 1495 3531 τιμῶν
1515 3459 1655 3515 εἶναι
1685 3461 1847 3530 δῆλον

1959 2271 2205 2332 militari,
2239 2279 2296 2324 et
2334 2270 2565 2340 reliqua,
2596 2285 2660 2341 ex
2700 2270 3053 2341 discretione.
3085 2270 3212 2341 quia
3246 2285 3423 2341 neque
3453 2285 3543 2325 se-

1959 2285 2205 2332 mllllal'l,
2239 2285 2296 2324 el
2334 2285 2565 2340 I‘CIIqlla,
2596 2285 2660 2324 ex
2700 2285 3053 2329 discretione.

1957 2341 2193 2395 cundum
2215 2341 2316 2396 bos
2347 2349 2531 2411 posset
2566 2340 2922 2396 simulacrum
2953 2285 3124 2413 esset!)

2022 2452 2143 2509 1am
2164 2456 2305 2524 quod
2333 2455 2431 2521 ait,
2474 2461 2727 2512 oratores
2760 2469 2825 2511 ea
2854 2470 2977 2526 quas
3010 2454 3211 2527 populo
3254 2458 3536 2525 placeant,

1955 2547 2212 2611 suadere,
2247 2555 2410 2618 atque
2440 2548 2492 2601 id
2529 2547 2708 2604 solum
2754 2557 3027 2618 spectare,
3069 2548 3121 2603 id
3158 2548 3385 2601 omnino
3446 2561 3541 2602 so-

1955 2635 2250 2705 phisticam
2273 2650 2418 2699 esse,
2439 2637 2484 2691 si
2512 2652 2623 2693 non
2655 2651 2812 2708 puer,
2829 2637 2913 2691 vir
2929 2648 3079 2693 certe
3104 2639 3342 2707 prudens
3358 2646 3542 2694 osten-

1955 2727 2116 2782 derit.
2143 2723 2277 2780 Nam
2327 2727 2461 2782 mibi
2491 2728 2716 2798 quidem
2773 2738 2969 2784 contra
3008 2729 3250 2794 videtur,
3281 2742 3382 2784 nec
3412 2728 3541 2784 rlte"

1958 2818 2184 2873 loricam
2224 2818 2518 2888 quidquam
2553 2819 2757 2875 habere
2779 2821 2949 2891 magis
2966 2821 3267 2891 proprium,
3301 2835 3462 2891 quam
3484 2827 3544 2875 ut

1954 2925 2040 2977 ea,
2070 2926 2190 2979 qua:
2212 2911 2409 2982 populo
2425 2912 2704 2981 videntur,
2734 2928 2838 2967 non
2864 2922 3049 2969 statim
3084 2913 3200 2968 lleri
3234 2914 3540 2983 permittat,

1957 3016 2057 3057 nec
2077 3004 2641 3075 oratoresquidquam
2660 3006 2862 3077 potius,
2883 3021 3044 3076 quam
3068 3005 3274 3077 optima
3304 3020 3535 3077 qumque

1953 3094 2152 3168 415.0
2183 3106 2453 3168 spectare,
2489 3113 2592 3155 nec
2632 3099 2717 3155 vel
2747 3101 2861 3171 ipse
2889 3100 3117 3171 populus
3138 3098 3377 3167 diﬂileri,
3407 3100 3540 3170 quin

1955 3188 2009 3241 in
2038 3188 2203 3244 rebus
2232 3188 2671 3258 considerandis,
2697 3207 2760 3247 ac
2792 3201 2907 3248 toto
2934 3192 3059 3248 vitae
3088 3194 3276 3248 habitu
3304 3202 3361 3247 et
3396 3209 3529 3249 con-

1953 3279 2183 3348 ditione,
2218 3291 2481 3351 praestent
2502 3282 2602 3352 ipsi
2638 3292 2909 3349 oratores,
2931 3284 3094 3356 idque
3117 3300 3183 3339 ex
3216 3285 3540 3352 honoribus,

1953 3387 2089 3442 quos
2116 3373 2198 3430 eis
2228 3375 2435 3441 tribuit,
2479 3375 2828 3433 manifestum
2895 3377 3011 3432 lleri
3059 3377 3273 3449 objicil.
3314 3378 3410 3433 Sin
3445 3392 3544 3434 eos

1952 3465 2152 3535 populo
2171 3464 2311 3522 dicis
2340 3467 2563 3534 cedere,
2589 3477 2643 3524 et
2672 3469 2857 3525 facere
2894 3470 3164 3541 imperata
3206 3487 3313 3527 non
3358 3472 3535 3540 impe-

259 3546 339 3608 ὧν
370 3555 555 3615 αὐτοῖς
580 3554 966 3624 ἀπονέμουσιν.
997 3555 1061 3608 El
1089 3553 1147 3606 δὲ
1175 3554 1222 3587 ⁸⁸
1247 3554 1447 3617 αὐτοὺς
1477 3555 1523 3587 ⁸⁸
1562 3558 1676 3619 τοῖς
1708 3555 1846 3626 πλή-

1957 3571 2100 3621 rare,
2136 3555 2398 3613 famulam
2420 3574 2518 3629 pro
2551 3560 2771 3615 domina
2789 3564 3059 3624 sumis.et
3084 3577 3208 3617 cum
3243 3562 3539 3633 plebicolas

260 3649 412 3701 θεσιν
435 3646 683 3699 ὑπείκειν
712 3646 823 3716 φὴς
853 3645 947 3699 καὶ
976 3648 1152 3698 ποιεῖν
1171 3645 1240 3699 τὰ
1266 3646 1623 3716 κελευόμενα,
1642 3647 1760 3700 ἀλλ’
1781 3648 1844 3700 οὐ

260 3737 529 3806 κελεύειν,
563 3738 661 3811 τὴν
684 3738 1022 3809 θεράπαιναν
1035 3738 1268 3807 εῐληφας
1287 3741 1408 3791 ἀντὶ
1424 3739 1521 3808 τῆς
1539 3739 1848 3811 δεσποίνης,

260 3833 357 3887 καὶ
401 3833 528 3896 τοὺς
572 3832 866 3903 δημοσίους
911 3831 1098 3903 ψέγων
1134 3833 1311 3895 δοκεῖς
1337 3831 1384 3864 ⁸³
1427 3833 1555 3896 τοὺς
1590 3833 1848 3902 ῥήτορας.

274 3925 417 3979 Ἀλλ’
443 3924 558 3980 οὗθ’
586 3926 638 3980 οἱ
668 3926 922 3997 δημόσιοι
974 3924 1117 3996 μέγα
1167 3923 1459 3996 φρονοῦσιν
1491 3925 1576 3994 ἐφ’
1611 3926 1849 3991 ἑαυτοῖς,

262 4020 346 4072 ὅτι
374 4018 685 4072 δουλεύουσι
709 4021 823 4080 τοῖς
874 4017 974 4087 τῆς
1006 4017 1213 4081 πόλεως
1246 4016 1575 4087 βουλήμασι,
1609 4018 1706 4069 καὶ
1738 4020 1852 4081 τοῖς

267 4112 493 4182 ῥήτορσι
511 4109 606 4163 τοῦ
626 4113 843 4182 φρονεῖν
874 4109 1009 4163 αὐτὸ
1036 4109 1196 4163 τοῦτο
1234 4110 1411 4164 αἴτιόν
1440 4111 1557 4163 ἐστι
1586 4110 1649 4162 τὸ
1682 4109 1757 4181 μὴ
1781 4110 1850 4162 τὰ

262 4201 523 4254 δοκοῦντα
544 4203 657 4264 τοῖς
692 4201 885 4271 δήμοις
941 4199 1140 4268 λέγειν,
1173 4199 1301 4252 ἀλλ’
1348 4198 1385 4253 ά
1420 4198 1668 4253 δοκοῦσιν
1697 4200 1852 4253 αὐτοὶ

266 4293 516 4363 βέλτιστα
539 4287 699 4347 εἶναι.
730 4294 794 4346 El
817 4293 873 4345 δὲ
895 4294 942 4326 ⁸³
966 4288 1109 4363 ἦσαν
1161 4292 1399 4345 διάκονοι
1429 4291 1528 4361 τῆς
1569 4292 1679 4344 τῶν
1716 4291 1850 4345 πολ·

264 4386 372 4440 λῶν
392 4386 685 4454 ἐπιθυμίας
715 4385 812 4438 καὶ
836 4385 902 4439 τὰ
923 4384 1185 4438 δοκοῦντα
1209 4386 1321 4446 τοῖς
1351 4383 1685 4451 καθημένοις
1730 4385 1851 4455 ἐδη-

268 4480 563 4551 μηγόρουν,
588 4481 697 4534 οὐδ’
722 4481 786 4533 ἂν
813 4476 1300 4550 παρρησιάσασθαι
1337 4475 1669 4540 ποτ”αὕτοῖς
1699 4477 1847 4548 ἐξῆν,

263 4571 362 4641 οὐχ
390 4572 533 4633 ὅπως
567 4571 708 4643 ὑπὲρ
756 4572 880 4634 τοὺς
925 4571 1121 4634 ἄλλους
1155 4571 1374 4640 φρονεῖν
1415 4569 1484 4623 ⁸⁸.
1528 4569 1670 4622 Ἀλλ’
1693 4568 1849 4639 οἶμαι

266 4662 549 4715 συνίσασιν
570 4663 780 4726 ἑαυτοῖς
806 4663 866 4715 οὐ
899 4663 995 4725 τὰς
1018 4661 1213 4728 ἡδονὰς
1256 4660 1675 4732 θεραπεύουσιν,
1712 4660 1851 4715 ἀλλὰ

263 4754 373 4807 τῶν
400 4753 587 4823 δήμιον
632 4753 731 4817 τὰς
775 4752 1073 4822 ἐπιθυμίας
1127 4751 1583 4819 σωφρονίζουσιν
1628 4751 1749 4804 οὐδὲ
1800 4750 1848 4782 ⁸⁸

264 4846 463 4917 ὁρῶσιν
483 4848 562 4909 είς
590 4848 717 4909 τοὺς
744 4845 993 4910 πολλοὺς,
1018 4844 1153 4898 ἀλλὰ
1195 4843 1381 4897 πολλοὶ
1403 4842 1604 4915 δρῶσιν
1628 4845 1708 4905 εἰς
1727 4840 1849 4894 τού-

1954 3648 2251 3718 vituperes,
2273 3659 2431 3720 putas
2453 3650 2547 3705 tibi
2564 3666 2676 3707 rem
2700 3666 2822 3708 esse
2844 3668 2968 3708 cum
2996 3652 3539 3709 0ratorilms.V’erum

1954 3754 2056 3796 nec
2082 3740 2569 3824 plebicolae'magni
2604 3760 2664 3801 se
2700 3745 2930 3812 faciunt,
2966 3746 3113 3816 quod
3157 3745 3370 3802 civitati
3402 3761 3536 3803 ser-

1956 3833 2126 3898 viant,
2167 3842 2222 3887 et
2257 3842 2511 3889 oratores
2552 3835 2655 3891 bac
2684 3836 2803 3907 ipsa
2851 3839 2918 3892 de
2948 3851 3115 3892 causa
3149 3839 3252 3894 sibi
3285 3840 3532 3909 placent,

1953 3925 2096 3993 quod
2142 3939 2247 3979 non
2302 3940 2423 3993 quae
2488 3927 2707 3998 populo,
2759 3928 2853 3985 sed
2919 3945 3044 4001 quae
3094 3931 3197 3985 sibi
3252 3932 3542 3987 videantur

1954 4016 2155 4085 optima
2185 4017 2392 4073 dicant.
2426 4017 2579 4085 Quod
2619 4021 2663 4074 si
2690 4020 3059 4078 multitudinis
3088 4024 3540 4092 obtemperarent

1954 4107 2193 4174 libidini,
2220 4118 2275 4164 et
2314 4125 2413 4189 pro
2460 4110 2702 4181 iudicum
2754 4114 2987 4170 arbitrio
3044 4115 3537 4182 conrionarentur,

1955 4216 2022 4255 ne
2052 4201 2223 4261 libere
2283 4204 2427 4273 loqui
2487 4205 2707 4274 quidem
2750 4216 2978 4275 possent
3020 4222 3282 4278 unquam,
3340 4209 3538 4263 nedum

1960 4294 2084 4351 aliis
2123 4309 2183 4350 se
2223 4296 2487 4366 proferre.
2534 4297 2605 4349 At
2638 4308 2842 4354 norunt
2889 4313 2948 4353 se
2993 4315 3098 4355 nou
3163 4300 3532 4368 voluptatibus

1954 4386 2183 4446 servire,
2226 4388 2319 4439 sed
2358 4386 2681 4455 cupiditates
2716 4388 3015 4451 moderari,
3049 4403 3148 4443 nec
3177 4387 3367 4457 vulgus
3412 4403 3540 4457 Spe-

1952 4486 2122 4541 ctare,
2179 4478 2262 4529 vel
2299 4478 2346 4530 ei
2401 4493 2613 4547 parere,
2669 4479 2762 4532 sed
2811 4480 2879 4533 ab
2940 4494 3007 4534 eo
3061 4483 3320 4550 spectari,
3364 4481 3526 4550 eique

1953 4569 2238 4637 imperare,
2262 4579 2423 4639 atque
2450 4570 2573 4624 inde
2592 4585 2784 4625 nomen
2815 4582 3161 4640 acceperunt,
3190 4575 3240 4627 iu
3263 4574 3539 4630 libertatis

1952 4661 2190 4728 signum,
2252 4670 2312 4715 ut
2366 4662 2647 4733 demagogi
2720 4673 3072 4729 vocarentur,
3134 4680 3239 4721 non
3297 4654 3440 4735 quod
3502 4685 3531 4723 a

1951 4752 2147 4821 populo
2181 4751 2476 4816 ducuntur,
2505 4767 2537 4805 ο
2564 4753 2655 4820 qui
2690 4770 2907 4809 sursum
2942 4758 3123 4811 omnia
3154 4772 3219 4811 ac
3275 4757 3531 4815 deorsum

1951 4844 2198 4908 iuvertis,
2240 4846 2335 4899 sed
2366 4845 2508 4913 quod
2564 4860 2687 4900 eum
2721 4847 2966 4915 ducunt,
2992 4849 3444 4920 quemadmodum
3487 4862 3542 4906 et

264 4955 392 5002 τους
415 4940 461 4971 ⁸⁸
481 4956 495 4970 ⁶
523 4938 634 4998 οὕδῗ
662 4937 983 5007 ἀρχομένοις
1006 4937 1110 4990 ὑπὸ
1142 4936 1253 4989 τῶν
1286 4934 1513 4989 ἰδιωτῶν
1536 4934 1752 4996 ἑαυτοῖς
1778 4933 1848 4998 ⁸⁷,

1958 4936 2296 5006 paedagogos,
2329 4936 2541 5005 Opinor,
2564 4937 2920 5007 appellamus,
2947 4956 3051 4995 nou
3081 4941 3171 5009 qui
3210 4942 3391 5009 pueris
3421 4956 3540 4996 ser-

267 5031 381 5084 άλλ’
403 5031 659 5101 ἄρχουσιν
677 5029 857 5091 αὐτοῖς
879 5028 988 5080 τῶν
1017 5026 1246 5081 πολλῶν.
1270 5028 1381 5081 Καὶ
1407 5025 1504 5097 τὴν
1533 5024 1850 5095 ἐπωνυμίαν

1957 5028 2129 5095 viant,
2164 5027 2260 5082 sed
2296 5028 2386 5097 qui
2434 5042 2528 5083 eos
2567 5030 2789 5088 ducant.
2846 5030 3119 5102 Quidquid
3151 5033 3293 5088 enim
3345 5033 3538 5087 horum

265 5128 355 5183 διὰ
403 5128 564 5181 τοῦτο
612 5126 871 5197 εἰλήφασι
907 5124 1035 5194 παρ’
1076 5124 1256 5176 αὐτῶν
1307 5124 1421 5177 ἀντ’
1454 5122 1615 5177 ἄλλου
1648 5122 1850 5194 συμϐό-

1960 5120 2186 5185 dixeris,
2213 5120 2486 5193 princeps,
2517 5123 2832 5194 praefectus,
2891 5134 3216 5198 praeceptor,
3244 5125 3297 5182 id
3332 5129 3536 5183 oratori

1551 5309 1790 5367 VARI/1'3
1826 5268 2243 5367 LECTtoNEs.

336 5427 382 5461 δ’
405 5428 502 5498 τὴν
530 5424 826 5498 ῥητορικὴν
857 5440 969 5498 om.
1005 5424 1109 5498 Ct
1130 5425 1185 5498 ’ᾗ
1207 5423 1537 5498 προάγοντες
1556 5441 1616 5488 ς.
1646 5494 1663 5498 _
1696 5423 1737 5455 ⁶¹
1771 5423 1951 5498 ὁ-ᾼΟξε
1982 5425 2042 5477 οὐ
2069 5442 2131 5498 ς’,
2207 5425 2251 5457 ⁸³
2276 5423 2374 5498 οὐχ
2581 5425 2645 5481 Α.
2686 5424 2845 5498 η⁸³οθδ
2873 5423 2934 5479 τὸ
2960 5408 3540 5498 μέλλον-ἐκλέγοντες

264 5513 374 5551 om.
409 5494 793 5597 Ᾱϐζιεειιιιιιηλ
825 5511 877 5561 p.
904 5496 996 5549 64.
1067 5495 1189 5530 ⁸³⁸⁸⁸
1211 5494 1264 5546 τί
1292 5495 1348 5548 δὲ
1371 5499 1448 5563 (p.
1476 5494 1850 5563 69)-θαυμάζ

269 5584 301 5597 η
314 5570 439 5597 λυ--
463 5585 499 5597 ρ
625 5565 721 5597 9.·10
746 5565 880 5597 λὰλ).
898 5595 967 5597 __
987 5567 1160 5597 -ﬂ-L.‘
1213 5581 1299 5597 tu“
1357 5570 1384 5597 Δ
1492 5565 1533 5596 τι
1562 5564 1627 5597 ιι...
1653 5583 1737 5597 η...
1820 5571 1848 5597 Δ

1964 5510 2076 5548 om.
2108 5497 2174 5549 A.
2240 5499 2285 5531 ⁸⁷
2307 5494 2510 5569 γὰρ]’δ’
2540 5497 2601 5550 Α.
2677 5496 2724 5529 ⁸³
2763 5497 3143 5569 στοχασαμένη
3175 5499 3248 5551 A:
3277 5496 3539 5567 στοχαζο-

1976 5566 2021 5597 7!
2046 5565 2151 5597 Ἀρι-Ἰ
2200 5581 2231 5597 η
2286 5566 2355 5597 ’7η
2474 5568 2520 5597 τι
2565 5566 2701 5597 ἏἿιΛρ
2753 5581 2840 5597 Ann
2909 5567 2936 5597 Δ
3068 5568 3117 5597 ἰ
3147 5568 3420 5597 ιὶέυε-.-..
3476 5570 3502 5597 Α

313 5570 439 5636 ένης
462 5585 524 5631 ς.
600 5564 721 5636 ⁶⁹Ἷ⁰
744 5565 968 5636 άλλὰ-
986 5567 1160 5628 οὕτως
1213 5581 1321 5619 om.
1350 5570 1414 5619 Α.
1492 5565 1533 5596 ⁷⁸
1560 5564 1627 5618 ἂν
1651 5583 1761 5636 om.
1815 5571 1850 5616 Λ

1976 5565 2151 5636 τῗδτι]
2200 5581 2252 5635 ρ.
2286 5564 2393 5620 7οέ
2420 5564 2440 5569 ’⁷
2474 5568 2520 5603 ⁷³
2565 5566 2701 5630 ὅλως
2753 5564 2967 5621 οηι.”Α.
3008 5564 3020 5569 ⁷
3068 5564 3420 5634 ηέλέγξειέν
3468 5570 3534 5626 Α.

289 5639 312 5669 ³
343 5632 509 5708 ὥστες
530 5637 597 5689 Α.
656 5634 721 5708 λη
753 5634 1053 5708 submoto.
1088 5641 1163 5708 Α,
1205 5637 1264 5708 7⁷⁷
1297 5636 1434 5706 μήτε
1465 5636 1616 5708 τοᾷςε
1690 5632 1739 5708 ’ξ’
1768 5635 2015 5708 σκοπεῖν]
2050 5636 2175 5708 μήθ’
2200 5632 2253 5690 οἱ
2286 5638 2519 5708 ῥήτορες
2565 5638 2693 5692 ἄλλο
2725 5638 2949 5691 σκοπεῖν
2969 5637 3034 5708 ᾼ.
3110 5638 3157 5671 ⁷⁸
3188 5632 3539 5708 λογίσασθαι]

268 5706 611 5784 βουλεύονται
817 5704 939 5784 “is!
1073 5721 1125 5773 ρ.
1155 5707 1241 5760 74.
1300 5704 1368 5784 L“
1393 5704 1615 5784 αύξοὺς]
1647 5704 1769 5784 τοὺς
1796 5705 2032 5784 ῥήτορας
2054 5704 2127 5763 ‘A'.
2204 5708 2250 5741 δ’
2275 5704 2476 5784 δοκείὲ]
2516 5708 2721 5773 ἀδικεῖς
2759 5710 2826 5765 Α.
2900 5705 3026 5747 ⁸⁸⁸⁸⁸
3051 5709 3100 5763 εί
3138 5708 3195 5764 δέ
3224 5704 3295 5751 4-
3318 5704 3540 5780 φρονεῖῦ

266 5775 379 5835 0m.
398 5779 465 5833 Δ.
541 5778 586 5811 ⁸⁸
610 5776 752 5831 οὐδὲ.
829 5776 877 5810 ⁸⁸
898 5775 1123 5839 τούτους
1151 5791 1261 5833 om.
1288 5778 1355 5832 Α.
1431 5778 1479 5811 ⁸⁷
1513 5775 1723 5839 ἑαυτοῖς
1753 5792 1860 5832 om.
1895 5778 1959 5832 Α.
