4012 6236
437 266 459 332 1
473 267 576 332 533
1612 261 1872 323 PHOTII
1904 263 2045 323 PAT

2155 261 2413 322 \RCILE
2438 261 2547 322 ΟΡ.
3567 254 3711 323 1504

434 380 742 446 conveniet,
783 386 945 446 atque
960 375 1081 445 ejus
1108 375 1216 430 erit
1236 377 1461 433 nomen.
1485 374 1550 429 Et
1578 390 1769 431 omnes
1796 376 2017 445 quidem

2155 391 2212 426 ου
2243 373 2288 405 ⁸⁸
2322 373 2622 444 μαρτύριον
2657 370 2755 442 τῆς
2798 369 3068 437 ἐξουσίας,
3097 368 3242 438 λέγω
3264 368 3362 440 τὴν
3384 369 3494 424 τῶν
3524 369 3712 457 δημας

435 472 710 542 principes
755 479 944 525 natura
987 466 1248 534 subjectis
1288 468 1401 522 suis
1428 475 1740 536 praestant:
1785 467 1831 521 si
1889 467 2016 536 quis

2155 462 2341 530 ωγῶν,
2360 463 2463 517 οὐκ
2499 462 2686 534 ἐπειδὴ
2730 475 2837 533 περ
2889 460 2995 516 ὑπὸ
3032 460 3145 516 τῶν
3170 461 3360 531 δήμων
3387 460 3641 530 ἄγονται,
3666 454 3715 515 ὦ

434 574 614 618 autem
641 564 692 616 in
725 569 995 631 pelestate
1026 559 1189 614 etiam
1232 559 1592 628 gratiﬁcatur,
1623 567 1677 612 et
1708 556 2018 626 persuadet,

2155 556 2296 609 ιάντα
2324 554 2436 608 ἀνω
2483 556 2580 609 καὶ
2640 555 2794 610 κάτω
2839 553 3031 619 ποιῶν,
3062 553 3177 606 ἀλλ’
3222 554 3306 608 ὅτι
3351 556 3480 616 τοὺς
3503 554 3716 623 δήμους

437 668 542 708 nor.
574 652 736 722 tegit,
762 661 926 722 atque
953 651 1091 705 ultra
1121 650 1353 705 ollicium
1387 666 1568 715 suum,
1605 650 1769 705 etiam
1798 665 2018 704 suorum

2160 664 2365 716 γουσιν,
2391 644 2581 712 ὥσπερ
2604 645 2669 718 δὴ
2690 646 2785 700 καὶ
2835 648 2962 711 τοὺς
2992 647 3379 715 παιδαγωγοὺς
3418 642 3577 716 οἶμαι
3617 663 3719 700 κα-

437 742 784 813 cnpiditatcm
859 750 1087 812 spectat,
1152 742 1239 796 hic
1294 751 1379 797 est
1435 756 1563 797 vere
1629 742 1891 812 peliticus
1933 742 2023 798 ille

2155 739 2321 810 οῦμεν
2342 739 2441 792 οὐκ
2471 738 2662 811 ἐπειδή
2716 757 2824 811 περ
2855 738 3291 794 ὑποπεπτώκασι
3343 741 3456 802 τοῖς
3497 737 3715 801 παισὶν,

435 831 680 886 Homeri.
2121 829 2237 883 ἀλλ’
2263 830 2346 882 ὅτι
2389 829 2574 893 αὐτοῖς
2619 829 2901 901 ἡγοῦνται.
2941 831 3009 883 ’Ὀ
3058 848 3113 883 τι
3150 829 3262 899 γάρ
3293 828 3360 883 ἂν
3390 830 3581 900 φαίης,
3614 829 3721 899 ἀρ-

439 925 625 997 μόττει
674 923 735 977 τὸ
780 923 1023 978 τοιοῦτον
1075 923 1306 977 ἀκοῦσαι
1340 923 1385 956 ⁸⁸
1429 921 1508 992 τῷ
1555 922 1767 995 ῥήτορι,
1806 921 2022 991 ἄρχων,
2062 922 2396 991 προστάτης,
2426 920 2762 984 διδάσκαλος.
2814 921 2999 975 Πάντα
3037 919 3212 976 ταῦτά
3236 920 3283 952 ⁹⁰
3323 921 3440 973 ἐστι
3486 920 3580 972 τοῦ
3624 921 3722 990 ρή·

436 1033 594 1087 τορος
624 1016 691 1070 τὰ
715 1016 973 1087 όνόματα.
1004 1017 1210 1079 Πάντες
1230 1017 1274 1050 ⁸³
1312 1016 1413 1087 μὲν
1428 1011 1521 1070 οὗν
1583 1015 1844 1085 ἄρχοντες
1889 1016 1948 1067 ὲν
2006 1014 2213 1087 ἑκάστῃ
2263 1015 2463 1086 πράξει
2501 1014 2783 1085 κρείττους
2817 1014 2977 1082 φύσει
3011 1013 3119 1066 τῶν
3158 1012 3251 1083 ὑφ’
3291 1014 3504 1077 ἑαυτοῖς
3528 1014 3609 1044 ⁸³⁸
3672 1013 3722 1065 εί

438 1107 497 1161 δέ
518 1125 603 1171 τις
649 1109 765 1178 μετ’
805 1106 1049 1172 ἐξουσίας
1074 1108 1170 1161 καὶ
1207 1107 1492 1178 χαρίζεται
1521 1108 1746 1175 πείθων,
1796 1107 1898 1159 οὐκ
1939 1105 2289 1174 ἀναγκάζων,
2349 1108 2443 1160 καὶ
2491 1106 2629 1178 πρὸς
2686 1104 2765 1176 τῷ
2801 1105 2848 1139 ⁸³
2883 1105 3077 1186 σώζειν
3098 1103 3199 1176 τὴν
3237 1105 3403 1160 αὐτοῦ
3441 1105 3508 1172 ,³⁵
3565 1104 3724 1169 τάξιν

444 1200 768 1272 στοχάζεται
814 1203 910 1255 καὶ
978 1201 1080 1271 τῆς
1118 1201 1416 1272 ἐπιθυμίας
1477 1201 1575 1272 τῆς
1613 1198 1723 1252 τῶν
1754 1198 1843 1268 ὑφ’
1866 1196 2065 1269 ἐαυτῷ,
2107 1192 2260 1260 οὗτος
2304 1198 2513 1261 ἐκεῖνός
2550 1200 2699 1252 ἐστιν
2729 1198 2758 1251 ὁ
2797 1197 2876 1267 τῷ
2905 1197 3020 1252 δντι
3048 1199 3346 1262 πολιτικός.

511 1291 590 1348 Ne
617 1294 780 1364 igitur
812 1303 1060 1349 oratores
1092 1308 1186 1363 per
1201 1294 1505 1348 convicium
1532 1292 1826 1364 gratiﬁcari
1850 1288 2045 1355 dicas,

2198 1288 2292 1359 Μὴ
2317 1288 2381 1360 δὴ
2406 1289 2453 1321 ’⁸
2480 1288 2638 1343 τοῦτο
2667 1288 2795 1358 λέγε
2829 1289 2906 1350 ώς
2953 1287 3158 1353 ὄνειδος
3174 1286 3320 1342 κατά
3339 1287 3450 1341 τῶν
3470 1287 3729 1358 ῥητόρων

444 1385 540 1440 sed
578 1385 714 1439 bene
742 1385 971 1439 dicende
1011 1385 1239 1455 gratiam
1296 1400 1513 1453 quoque
1565 1394 1810 1455 captare,
1865 1392 2028 1453 atque

2163 1380 2542 1452 ίχαρίζονται,
2576 1380 2691 1435 ἀλλ’
2731 1381 2780 1435 εἰ
2817 1380 2956 1452 μετά
3000 1381 3094 1435 τοῦ
3155 1381 3434 1453 βελτίστου
3484 1386 3582 1437 καὶ
3624 1384 3728 1454 τῆς

448 1477 522 1531 ita
583 1476 832 1531 meritam
895 1477 1110 1531 laudem
1163 1478 1451 1532 rhetoricas
1511 1478 1739 1543 tribues,
1806 1474 2022 1548 ἀιᾷίι

2155 1472 2355 1542 [ἀριτος
2387 1474 2760 1543 στοχάζονται.
2814 1473 2925 1526 Καὶ
2955 1473 3099 1528 κατά
3125 1472 3286 1527 τοῦτο
3319 1475 3516 1538 ἀπόδος
3543 1477 3613 1547 τῇ
3638 1479 3732 1546 ρη.

448 1580 675 1635 eamque
713 1566 979 1621 similibus
1012 1567 1450 1622 remuneraberis
1488 1566 1701 1622 ollieiis.
1743 1566 2028 1633 Quomodo

2155 1566 2319 1635 πορικῇ
2348 1564 2450 1636 τὴν
2486 1564 2803 1636 πρέπουσαν
2834 1563 3132 1634 εὐφημίαν,
3178 1563 3267 1619 ἵνα
3297 1565 3344 1597 ’⁸
3367 1570 3479 1630 τοῖς
3516 1567 3730 1637 ὁμοίοις

448 1672 580 1726 ergo
615 1657 812 1728 aliquis
847 1667 955 1713 tam
1003 1660 1170 1713 variis
1222 1659 1401 1728 populi
1463 1659 1754 1714 sententiis
1802 1661 2027 1723 serviet,

2155 1655 2300 1727 ιύτὴν
2324 1657 2691 1727 ἀμειϐόμενος
2754 1656 2982 1727 φανείης
3010 1657 3079 1713 ⁸⁷.
3113 1656 3239 1720 Πῶς
3270 1657 3329 1711 δέ
3369 1675 3454 1721 τις
3487 1661 3586 1713 καὶ
3610 1659 3733 1713 δια-

450 1751 847 1820 autquomodo
913 1752 1309 1820 cupiditatibus
1365 1751 1599 1805 alierum
1659 1752 2030 1819 obsequetur?

2155 1749 2423 1819 ιονήσεται
2455 1749 2681 1819 μυρίαις
2734 1750 2978 1819 γνώμαις
3005 1748 3178 1819 δήμου
3222 1750 3316 1803 καλ⁸
3342 1750 3601 1820 ἀλλήλαις
3636 1770 3737 1823 μα-

450 1839 744 1909 Postquam
777 1840 924 1896 enim
966 1841 1166 1895 ιιιιιιιιὶε
1224 1841 1574 1896 serviendum
1623 1851 1729 1907 est,
1772 1841 1806 1895 ii
1848 1850 2028 1896 autem

2155 1838 2398 1908 (ομέναις
2425 1841 2544 1901 ταῖς
2577 1838 2623 1871 ³⁸
2641 1837 2963 1908 ἐπιθυμίαις
2987 1854 3002 1904 ;
3034 1837 3207 1891 Ὅταν
3227 1840 3340 1907 γὰρ
3363 1839 3458 1911 δέη
3484 1840 3587 1911 μὲν
3618 1841 3736 1897 διαο

452 1947 560 1985 non
572 1932 918 1986 consentiunt
942 1933 1085 1987 inter
1112 1948 1192 1997 se,
1222 1947 1319 1987 nec
1342 1933 1594 1987 omnibus
1613 1933 1804 1987 eadem
1826 1934 2035 1988 rrtionc

2155 1930 2316 1981 ιονείν
2347 1928 2583 1995 πολλοῖς,
2610 1924 2756 1983 οὗτοι
2783 1929 2829 1982 δ’
2869 1928 2944 1992 ώς
2979 1927 3055 2001 μὴ
3086 1930 3227 1982 κατὰ
3244 1930 3417 1984 ταὺτά
3436 1916 3737 1998 γινώσκον-

455 2021 748 2090 gratiﬁcari
781 2025 1063 2093 quisquam
1089 2025 1281 2094 possit,
1310 2025 1584 2094 quomodo
1618 2025 1814 2091 poterit
1846 2041 2035 2081 eorum

455 2112 669 2168 libidini
709 2124 898 2169 orator
930 2117 1189 2170 servire?
1244 2115 1408 2171 simul
1467 2116 1610 2170 enim
1659 2127 1714 2171 et
1753 2117 1836 2171 his
1868 2119 2036 2188 grati-

458 2204 731 2270 llcabitur,
764 2216 819 2261 et
848 2205 967 2261 illos
989 2204 1248 2262 offendet.
1278 2206 1464 2277 Itaque
1492 2222 1599 2261 non
1633 2215 1740 2261 tam
1773 2207 2039 2278 jucunda,

454 2313 617 2367 quam
681 2298 908 2355 molesta
938 2299 1042 2355 erit
1098 2302 1216 2368 ejus
1265 2300 1467 2355 oratio.
1511 2298 1781 2366 Quocirca
1831 2300 1874 2355 si
1907 2313 2031 2368 per-

457 2390 731 2446 suasionis
797 2390 1046 2448 ell‘ectrix
1102 2400 1187 2449 est
1234 2392 1535 2457 rhetorica,
1599 2402 1654 2447 et
1711 2394 2042 2462 persuadere

459 2485 660 2538 debent
724 2495 995 2551 oratores,
1057 2500 1161 2540 non
1217 2485 1536 2555 adulantur,
1592 2486 2039 2556 quandoquidem

461 2577 792 2633 multitudini
832 2595 939 2634 non
981 2580 1249 2647 serviunt,
1278 2578 1374 2636 sed
1428 2580 1478 2635 ei
1533 2580 1885 2649 persuadent.
1946 2578 2042 2634 Sin

462 2676 709 2722 oratores
749 2667 931 2736 pepuli
964 2679 1270 2738 sequuntur
1304 2669 1615 2731 libidinem,
1648 2684 1759 2724 non
1799 2677 1883 2723 est
1916 2683 2043 2737 per-

464 2761 735 2816 suasionis
776 2760 1020 2817 elTectrix
1079 2763 1373 2829 rhetorica,
1449 2761 1900 2832 quandoquidem
1952 2775 2048 2815 eos

467 2866 497 2905 a
532 2852 880 2908 multitudine
936 2855 1275 2924 persuaderi,
1339 2869 1446 2909 non
1504 2855 1649 2923 ipsos
1719 2854 2051 2923 persuadere

468 2943 646 2999 docet.
683 2943 921 2999 Proinde
956 2946 1045 3000 ubi
1079 2946 1151 3000 sit
1197 2946 1539 3000 mendacium
1578 2946 1890 2999 considera.
1960 2944 2051 2998 Et—

468 3035 612 3089 coim
648 3034 803 3090 Plato
823 3037 977 3092 nobis
1008 3036 1287 3092 Platonem
1321 3036 1541 3097 refutat,
1575 3046 1631 3091 et
1657 3040 1800 3107 quod
1825 3045 1909 3093 est
1935 3053 2052 3090 ma-

469 3126 696 3190 ximum,
736 3142 840 3181 non
873 3128 1081 3197 procul,
1107 3145 1292 3184 verum
1323 3129 1377 3183 in
1413 3129 1498 3184 bis
1528 3129 1662 3197 ipsis
1701 3130 2051 3185 sermonibus

467 3219 751 3287 permiste.
785 3218 895 3275 Nec
928 3222 1069 3276 inter
1096 3222 1232 3276 alias
1263 3231 1433 3289 artes,
1484 3236 1622 3291 quas
1652 3222 1817 3276 modo
1848 3237 2055 3277 memo-

474 3315 685 3378 rabam,
717 3313 787 3367 sit
843 3313 1338 3381 recensenda;sed
1389 3324 1444 3369 et
1480 3314 1771 3383 plurimum
1830 3314 2059 3370 rationis

474 3405 692 3460 habeat.
722 3413 817 3458 aut
855 3406 1034 3476 potius
1065 3414 1177 3461 tota
1213 3407 1425 3461 ratione
1477 3415 1718 3467 constet,
1772 3416 1828 3460 et
1881 3406 2058 3458 maxi-

475 3513 644 3560 mum,
676 3499 930 3568 primum,
964 3512 1029 3554 ac
1072 3496 1528 3566 perfectissimum
1566 3498 1637 3554 sit
1673 3497 1726 3552 in
1754 3500 1914 3553 rebus
1949 3498 2056 3551 hu-

476 3590 673 3657 manis,
703 3592 989 3661 omnisque
1016 3591 1147 3657 voti,
1191 3600 1249 3646 ut
1281 3591 1355 3645 ita
1378 3592 1578 3656 dicam,
1615 3589 1760 3646 ﬁnis.
1790 3589 2059 3645 Existimo

478 3682 644 3751 igitur
674 3698 863 3738 omnes
929 3685 1004 3748 id,
1054 3685 1367 3754 quicunque
1420 3694 1675 3755 possunt,
1739 3697 2061 3739 assensures

477 3789 620 3841 esse,
651 3791 758 3833 non
795 3777 984 3832 eadem
1020 3788 1213 3832 natura
1247 3778 1498 3832 homines
1539 3792 1660 3832 esse
1692 3785 1869 3842 nates,
1906 3777 1999 3832 sed
2030 3791 2062 3830 e

369 3882 377 3895 '
479 3871 690 3925 duabus
715 3872 957 3939 partibus
990 3887 1005 3924 :
1036 3871 1262 3925 alterum
1294 3872 1399 3925 vim
1444 3871 1663 3937 inferre,
1699 3878 1755 3925 et
1780 3869 1953 3923 aliena
1982 3869 2064 3923 in-

481 3958 678 4016 vadere
710 3963 907 4028 selere,
957 3979 1122 4032 quam
1160 3963 1595 4031 prmstantiorem
1638 3961 1763 4030 quis
1830 3959 2057 4024 dixerit,

481 4065 588 4104 non
607 4053 821 4120 quidem
851 4053 1051 4105 virtute
1075 4054 1170 4107 sed
1195 4052 1404 4106 viribus
1431 4066 1446 4104 :
1481 4052 1705 4107 alteram
1740 4065 1871 4105 vero
1892 4049 2059 4115 vinci,

480 4152 536 4197 ct
565 4157 686 4198 cum
718 4143 1005 4212 prohibere
1042 4152 1296 4211 nequeat,
1327 4144 1553 4197 invitam
1593 4143 1915 4209 concedere,
1940 4157 2064 4212 quae

481 4245 566 4288 est
614 4234 1054 4289 imbecilliorem.
1103 4235 1216 4289 "ac
1254 4249 1384 4304 ergo
1441 4236 1508 4288 de
1569 4249 1732 4288 causa
1788 4234 2059 4300 homines,

481 4327 565 4383 vel
592 4330 663 4383 dii
698 4330 976 4384 hominum
1006 4331 1199 4400 gratia,
1240 4328 1347 4382 tale
1380 4328 1509 4398 quid
1546 4327 1893 4392 invenerunt,
1918 4328 2062 4397 quod

2138 2038 2251 2085 τες,
2280 2023 2415 2076 πᾶσι
2444 2021 2501 2075 δὲ
2544 2021 2826 2092 ἀμήχανον
2882 2023 2996 2085 τοῖς
3056 2021 3320 2085 τοιούτοις
3361 2021 3490 2093 [675
3524 2022 3625 2096 IL]
3669 2026 3737 2078 ὲκ

2139 2112 2249 2168 τῶν
2278 2112 2457 2167 αὐτῶν
2511 2113 2582 2167 τά
2620 2113 2759 2167 αὺτά
2791 2113 2837 2147 ⁸⁸
2881 2112 3220 2184 χαρίζεσθαι,
3259 2113 3422 2186 [1249
3466 2114 3561 2188 IL]
3616 2116 3737 2180 πῶς

2141 2201 2236 2259 οὖν
2271 2206 2300 2258 ό
2331 2206 2518 2277 ῥήτωρ
2589 2203 2919 2275 θεραπεύσει
2965 2204 3068 2269 τάς
3109 2204 3404 2276 ἐπιθυμίας
3450 2208 3467 2239 ¹
3514 2206 3733 2272 αὐτῶνς

2143 2299 2261 2371 ἅμα
2321 2299 2432 2370 γὰρ
2490 2301 2766 2370 χαριεῖται
2815 2300 2927 2363 τοῖς
2959 2299 3176 2370 ἑτέροις
3204 2299 3300 2354 καὶ
3346 2300 3475 2363 τοὺς
3510 2301 3738 2372 ἐτέρους

2145 2392 2384 2455 ἀνιάσει,
2411 2392 2555 2446 ώστε
2589 2393 2651 2447 οὺ
2690 2392 2893 2463 μᾶλλον
2922 2393 3061 2465 πρὸς
3090 2394 3340 2465 ἡδονὴνῆ
3375 2394 3515 2466 πρὸς
3540 2394 3738 2464 ἀηδίαν

2145 2486 2281 2555 ἐρεῖ.
2335 2483 2547 2539 Οὐκοῦν
2578 2487 2597 2518 ⁸
2627 2487 2676 2539 εί
2723 2487 2822 2557 μὲν
2849 2486 2883 2558 ἡ
2912 2487 3180 2556 ῥητορικὴ
3219 2486 3444 2548 πειθοῦς
3472 2486 3740 2556 δημιουρ-

2146 2579 2242 2648 γὸς
2278 2579 2374 2633 καὶ
2404 2579 2464 2633 τὸ
2503 2578 2716 2634 πείθειν
2770 2578 2882 2634 τῶν
2941 2578 3209 2650 ρητόρων,
3244 2580 3307 2632 οὗ
3345 2579 3742 2635 κολακεύουσιν

2148 2673 2197 2725 οἱ
2221 2672 2484 2743 ῥήτορες
2509 2672 2569 2724 οὐ
2632 2672 2743 2740 γὰρ
2795 2668 3106 2724 διακονοῦσι
3155 2672 3269 2732 τοῖς
3317 2670 3556 2736 πολλοῖς,
3602 2670 3742 2726 ἀλλά

2152 2765 2450 2819 πείθουσιν.
2479 2764 2542 2817 Εἰ
2560 2763 2604 2816 δ’
2633 2765 2684 2816 οἱ
2709 2762 2939 2834 ρήτόρες
2963 2762 3033 2817 τά
3069 2760 3331 2817 δοκοῦντα
3355 2762 3577 2830 λέγουσι
3629 2764 3743 2826 τοῖς

2151 2859 2388 2923 πολλοῖς,
2417 2857 2479 2911 οὺ
2514 2857 2904 2928 δημιουργὸςὴ
2947 2854 3214 2930 ῥητορικὴ
3250 2856 3475 2921 πειθοῦς
3500 2872 3517 2887 ο
3555 2856 3744 2911 πειθο-

2158 2951 2353 3020 μένους
2386 2950 2494 3020 γὰρ
2519 2952 2632 3012 τοῖς
2672 2949 2911 3012 πολλοῖς,
2952 2949 3067 3003 ἀλλ’
3095 2949 3156 3003 οὐ
3188 2949 3474 3013 πείθοντας
3504 2950 3748 3021 παρέχε-

2157 3059 2269 3096 ται.
2296 3040 2440 3112 Πρὸς
2488 3040 2662 3093 ταῦτα
2712 3038 2833 3093 ἑλοῦ
2865 3037 3166 3110 όποτέρωθι
3185 3038 3247 3092 τὸ
3272 3038 3487 3109 ψεῦδος.
3517 3038 3747 3093 Πλάτων

2159 3133 2417 3206 γὰρήμῖν
2473 3131 2687 3203 ἐλέγχει
2754 3131 3039 3198 Πλάτωνα,
3096 3132 3191 3186 καὶ
3244 3132 3305 3185 τὸ
3343 3131 3655 3198 κάλλιστον,
3683 3131 3748 3184 οὐ

2161 3225 2469 3297 πόρρωθεν,
2497 3225 2614 3280 ἀλλ’
2638 3226 2705 3278 ὲκ
2736 3222 2847 3279 τῶν
2886 3224 3068 3278 αὐτῶν
3096 3225 3118 3256 ³
3149 3224 3247 3278 καὶ
3273 3225 3387 3286 τοῖς
3410 3224 3597 3283 αὐτοῖς
3623 3222 3752 3276 τού-

2158 3335 2271 3380 τοις
2302 3317 2486 3386 λόγοις
2510 3314 2734 3387 ἀναμίξ.
2785 3315 2924 3370 Οὐδὲ
2976 3315 3094 3387 μεθ’
3129 3314 3151 3346 ⁸
3180 3309 3255 3369 ὧν
3281 3316 3485 3385 ἀρτίως
3516 3313 3752 3386 διεξῄειν

2158 3408 2366 3479 τεχνῶν
2398 3403 2540 3463 εἶναι
2574 3406 2686 3462 τῶν
2747 3407 2981 3472 πολλῶν,
3042 3406 3180 3461 ἀλλά
3231 3408 3326 3461 καὶ
3351 3407 3372 3438 ⁸
3405 3405 3510 3480 [ὅτι
3543 3405 3750 3479 τοίνυν]

2161 3501 2416 3555 πλεῖστον
2439 3500 2600 3569 λόγου
2625 3501 2856 3571 μετέχον
2886 3502 2918 3571 ἡ
2948 3500 3234 3572 ῥητορικὴ,
3261 3500 3462 3569 μᾶλλον
3481 3499 3528 3554 δ’
3559 3500 3707 3554 ἅπαν
3730 3501 3754 3532 ⁸

2161 3595 2219 3646 ὲν
2252 3594 2450 3660 λόγοις,
2478 3592 2574 3647 καὶ
2590 3593 2847 3663 μέγιστον
2868 3593 2962 3647 καὶ
2993 3591 3208 3663 πρῶτον
3229 3591 3338 3646 τῶν
3357 3592 3417 3646 ὲν
3440 3589 3756 3663 ἀνθρώποις

2163 3684 2259 3739 καὶ
2286 3685 2628 3739 τελεώτατον
2655 3685 2750 3739 καὶ
2786 3685 2984 3755 πέρας,
3013 3685 3064 3738 εί
3109 3679 3222 3739 οἷόν
3250 3685 3300 3739 τ’
3328 3685 3528 3748 εἰπεῖν,
3562 3683 3753 3754 εὐχῆς,

2163 3775 2314 3842 ἀξιον
2351 3776 2546 3840 δεῖξαι.
2580 3772 2751 3848 Οἶμαι
2776 3779 2796 3810 ⁷
2823 3778 3006 3832 τοίνυν
3068 3776 3316 3840 ἅπαντας
3372 3776 3438 3830 ἂν
3469 3776 3515 3843 ³,
3549 3771 3634 3839 οἷς
3661 3777 3755 3831 δυ-

2165 3867 2346 3933 νατὸν,
2382 3868 2670 3938 συμψῆσαι
2701 3868 2762 3922 τὸ
2789 3868 2867 3939 μὴ
2894 3870 3015 3922 κατ’
3033 3869 3175 3923 αὐτά
3202 3868 3364 3939 φῦναι
3384 3868 3511 3932 τοὺς
3541 3865 3757 3939 ἀνθρώ-

2164 3976 2321 4025 πους,
2355 3958 2494 4015 ἀλλά
2512 3959 2658 4015 δυοῖν
2692 3960 2713 3992 ⁹
2748 3959 3012 4031 μερίδοιν,
3053 3959 3153 4032 τὴν
3179 3959 3279 4031 μὲν
3318 3959 3438 4013 οἵαν
3469 3957 3756 4029 βιάζεσθαι

2166 4053 2262 4108 καὶ
2291 4052 2640 4106 πλεονεκτεῖν
2674 4049 2815 4108 εἶναι
2851 4054 2917 4120 ιθ,
2967 4054 3035 4126 ἢν
3068 4053 3177 4107 τῶν
3216 4051 3548 4124 κρειττόνων
3574 4068 3662 4114 τις
3687 4049 3756 4105 ἂν

2165 4149 2330 4212 είποι,
2357 4148 2502 4216 λέγω
2531 4148 2577 4201 δ’
2618 4147 2718 4201 οὐκ
2759 4148 2929 4219 ἀρετῇ
2967 4146 3277 4217 βελτιόνων,
3317 4144 3435 4199 ἀλλ’
3477 4142 3757 4214 ίσχυροτέ-

2175 4256 2282 4310 ρων
2311 4239 2377 4302 ¹¹,
2402 4237 2503 4308 τὴν
2535 4238 2592 4293 δὲ
2621 4240 2740 4294 οἷαν
2766 4238 3119 4294 ἐλαττοῦσθαι
3149 4239 3245 4293 καὶ
3271 4238 3424 4309 παρά
3456 4238 3500 4269 ¹⁹
3528 4236 3759 4308 γνώμην

2170 4333 2476 4402 συγχωρεῖν
2506 4333 2736 4405 ἀπειρίᾳ
2762 4331 2858 4386 τοῦ
2886 4331 3141 4397 κωλύειν,
3173 4333 3240 4403 ἢν
3285 4330 3394 4386 τῶν
3433 4329 3758 4383 ἀσθενεστέ-

482 4426 539 4473 et
573 4421 680 4474 vim
710 4422 1012 4489 cohiberet,
1046 4432 1101 4477 ct
1143 4422 1418 4491 mquitatis
1462 4420 1714 4475 euntibus
1752 4436 1814 4474 ac
1838 4420 2050 4489 iustitia

2174 4442 2281 4496 ρων
2307 4424 2471 4480 οὖσαν
2498 4426 2840 4496 γινώσκομεν
2856 4425 2922 4480 ¹⁹.
2952 4425 3124 4479 Τοῦτο
3152 4420 3245 4479 οὖν
3266 4419 3405 4478 εἶναι
3428 4425 3475 4456 ⁸⁸
3502 4422 3679 4478 αίτιον
3697 4420 3762 4475 τδ

484 4515 678 4583 pignus
716 4526 880 4581 esset,
920 4516 1172 4586 idemque
1213 4526 1319 4570 tam
1367 4514 1531 4583 vulgo
1568 4514 1855 4584 prodesset
1898 4530 2050 4583 quam

2171 4518 2405 4587 ποιῆσαν
2439 4520 2621 4591 εὑρεῖν
2644 4536 2696 4572 τι
2722 4517 2969 4572 τοιοῦτον
2995 4518 3319 4589 ἀνθρώπους
3352 4518 3394 4551 ¹⁵
3412 4517 3555 4588 ὑπὲρ
3577 4514 3762 4570 αὐτῶν

488 4606 553 4658 iis
583 4607 672 4676 qui
710 4608 817 4661 vim
846 4610 1229 4663 execrcebant.
1261 4606 1395 4661 Nam
1438 4622 1536 4662 nec
1571 4608 1625 4661 hi
1657 4620 1877 4662 suarum
1909 4623 2040 4663 eran

2168 4610 2203 4680 ἢ
2236 4610 2393 4673 θεούς
2427 4626 2491 4679 γε
2521 4610 2662 4683 ὑπὲρ
2708 4611 2819 4663 τῶν
2848 4611 2892 4642 ⁵⁸
2922 4609 3250 4682 ἀνθρώπων,
3286 4609 3315 4664 δ
3347 4608 3448 4680 τὴν
3476 4609 3580 4680 μὲν
3608 4609 3762 4678 ἰσχὺν

488 4697 808 4766 injuriarum
840 4701 1147 4755 mercedem
1172 4698 1415 4764 evasuri,
1462 4699 1592 4767 quin
1620 4698 2050 4754 imbecillioribu:

2171 4700 2481 4770 ἐπισχήσει,
2533 4699 2629 4753 τοῦ
2688 4700 2746 4753 δὲ
2802 4700 2917 4753 ῐσου
2965 4700 3060 4754 καὶ
3111 4699 3322 4753 δικαίου
3362 4701 3531 4752 πᾶσιν
3569 4698 3758 4769 ὥσπερ

488 4805 517 4844 a
561 4806 621 4845 se
673 4791 902 4847 invicem
939 4794 1173 4862 primum
1219 4792 1479 4870 paulatim
1515 4790 1863 4856 interfectis,
1907 4801 2050 4856 ιιιιιιιι

2174 4792 2431 4870 ἐνέχυρον
2451 4793 2766 4863 γενήσεται,
2789 4792 2983 4847 ταύτὸν
3007 4794 3121 4856 τοῖς
3147 4810 3208 4846 τε
3234 4792 3447 4854 πολλοῖς
3477 4791 3761 4862 συμφέρον

489 4883 561 4937 ita
596 4883 821 4954 reliquis
848 4900 1067 4954 semper
1107 4866 1355 4950 sublatis,
1389 4899 1447 4938 se
1493 4893 1680 4936 mutue
1724 4883 1957 4951 denique
1990 4882 2050 4935 in

2176 4866 2272 4937 καὶ
2300 4886 2415 4947 τοῖς
2440 4883 2578 4955 πρὸς
2615 4883 2677 4937 τδ
2713 4882 2999 4954 βιάζεσθαι
3054 4883 3358 4953 πεφυκόσιν
3389 4882 3596 4945 αὐτοῖς.
3630 4879 3762 4936 οὐδὲ

488 4975 769 5041 v'aderent,
788 4979 1238 5044 quemadmodum
1259 4978 1323 5031 de
1341 4975 1553 5046 Spartis
1567 4974 1784 5044 legitur,
1810 4974 1909 5027 nisi
1932 4972 2050 5028 forti

2176 4974 2287 5046 γὰρ
2329 4976 2528 5030 ἐκεῖνοι
2582 4976 2805 5046 ἔμελλον
2869 4978 3231 5046 ἐκφεύξεσθαι
3271 4975 3380 5028 τῶν
3423 4972 3626 5027 ἀδίκων
3673 4971 3764 5025 καὶ

489 5068 596 5123 hoc
624 5069 789 5123 etiam
828 5070 1036 5124 iudicat
1063 5069 1270 5124 fabula.

2176 5064 2367 5119 κακῶν
2414 5064 2593 5138 ἔργων
2645 5068 2969 5138 τάπίχειρα,
3022 5068 3162 5122 ἀλλὰ
3210 5068 3323 5121 τῶν
3350 5063 3764 5121 ἀσθενεστάτων

490 5163 724 5235 πρώτων
751 5166 1149 5239 ἀναιρεθέντων
1176 5166 1353 5220 ἄλλων
1375 5162 1465 5217 ὑπ’
1496 5160 1673 5216 ἄλλων
1707 5158 1852 5215 κατὰ
1878 5159 2074 5245 μικρὸν
2112 5158 2285 5225 οὕτως
2349 5162 2438 5215 ἀεὶ
2489 5162 2599 5217 τῶν
2640 5162 2843 5217 λοιπῶν
2885 5162 3367 5233 ὑπεξαιρουμένων
3403 5158 3608 5230 ἔμελλε
3677 5173 3760 5210 τε·

1789 5276 2023 5332 νΑιιιΑε]
2062 5276 2473 5333 LECTIUNES.

562 5378 609 5410 ⁸⁸
641 5377 948 5449 συμϐούλου
978 5396 1037 5444 ς’.
1098 5446 1108 5449 _
1142 5377 1189 5449 δέ
1222 5374 1456 5449 ἀκοῦσαι
1488 5390 1598 5449 ein.
1625 5376 1715 5449 A._
1799 5378 1843 5409 9“
1880 5375 2052 5449 ταῦτα
2079 5392 2187 5428 οιιι.
2218 5375 2285 5429 Α.
2387 5373 2691 5449 θίᾼπάντες]
2716 5390 2768 5444 p.
2801 5373 2891 5449 7G.
2961 5372 3014 5449 ξ’
3049 5370 3250 5449 ἑαυτῆς
3277 5387 3336 5434 ς.
3359 5440 3372 5449 _
3414 5369 3464 5449 ξ³
3489 5365 3590 5440 τῷ]
3614 5367 3675 5419 τὸ

494 5450 544 5484 ⁸*
567 5438 761 5503 ἑαυτοῦ
797 5467 859 5513 ς’.
971 5438 1016 5481 ⁸⁷⁵
1052 5446 1125 5519 μὴ
1147 5447 1235 5518 δὴ]
1271 5466 1323 5514 p.
1358 5448 1477 5519 79._
1548 5445 2080 5519 θ’·’ίῖνας-λφανεὶης
2115 5461 2228 5519 om.
2256 5449 2323 5519 A_.
2354 5514 2377 5519 _
2447 5445 2566 5519 ‘3‘"?
2600 5438 2929 5519 ταῖς-πᾶσι
2957 5443 3024 5519 δὲ.
3046 5458 3168 5519 οιιιί.
3191 5443 3254 5494 A.
3284 5510 3331 5519 υ
3358 5440 3381 5519 ¹¹
3411 5438 3611 5519 (lepori.
3645 5439 3766 5519 .115

497 5519 646 5589 ἑπιθ.
670 5507 939 5589 χαριεῖται
964 5507 1080 5583 ταῖς
1108 5507 1424 5587 ἐπιθυμίαις
1446 5516 1521 5589 Α.
1593 5507 2071 5589 ξοῄκοῦνίιιηὸθῖ
2123 5515 2149 5589 ἦ
2174 5514 2379 5589 αὐτῶν]
2408 5515 2588 5589 αὑτῷν
2617 5507 2791 5589 λόγων
2818 5519 2882 5571 Α.
2956 5511 3180 5589 δςδὲοὐδὲ
3210 5510 3436 5589 μεθ’
3462 5507 3766 5589 8-ι)-τάλλά

499 5578 826 5660 καὶᾼιιιίίδΑ.
937 5589 957 5621 ⁸
984 5578 1152 5660 ἅπαν]
1191 5578 1491 5643 αὐτεᾶν-Α.
1599 5588 1617 5660 ξ’
1652 5578 1911 5660 οἶμαιγρί.
1941 5587 2032 5641 8|.
2099 5654 2110 5660 _
2135 5587 2156 5619 ⁸
2188 5586 2277 5654 ἂν]
2304 5578 2407 5648 τάς
2457 5578 2874 5660 ἀνθρώπουςιΑ.
2900 5652 2921 5660 __
2954 5586 2997 5660 _°
3026 5584 3170 5660 δυεῖν
3286 5652 3298 5660 .
3345 5583 3388 5660 ξ’
3423 5580 3518 5660 καὶ
3548 5578 3763 5660 πλεονε-

499 5658 672 5732 κτεῖν.
750 5659 790 5691 ¹¹
828 5649 1189 5732 ιίσχυροτέρῶν
1212 5676 1321 5732 orn.
1359 5661 1422 5712 A.
1460 5729 1467 5732 _
1502 5658 1617 5691 ""3
1644 5649 1735 5713 καὶ
1764 5649 2329 5729 παρὰ-γινώσκομεν
2361 5671 2475 5714 om.
2522 5649 2588 5712 ΑΖ
2692 5660 2735 5693 ’δ
2760 5652 2922 5719 εἶναι]
2953 5650 3018 5726 ἦν
3058 5654 3125 5709 Α.
3207 5655 3248 5686 ’⁵
3275 5649 3599 5722 ἀνθρώπους
3641 5656 3765 5705 ante

503 5724 684 5792 εὑρεῖν
726 5724 988 5798 ponit"A'.
1081 5724 1142 5764 ἰθ
1166 5730 1275 5787 τῶν
1304 5744 1415 5786 om.
1445 5729 1511 5783 A.
