  <div class='ocr_page' id='page_1' title='image "/cluster/home/n/w/nwhite01/storage/ocr_20150623/103 pt.3/mdp.39015061933738/770.png"; bbox 0 0 4012 6236; ppageno 0'>
   <div class='ocr_carea' id='block_1_1' title="bbox 249 258 3523 330">
    <p class='ocr_par' dir='ltr' id='par_1_1' title="bbox 249 258 3523 330">
     <span class='ocr_line' id='line_1_1' title="bbox 249 258 3523 330; baseline 0.003 -9"><span class='ocrx_word' id='word_1_1' title='bbox 249 260 381 321; x_wconf 68' lang='grc' dir='ltr'><strong>ιῦθῖ)</strong></span> <span class='ocrx_word' id='word_1_2' title='bbox 1298 258 1828 318; x_wconf 80' lang='lat' dir='ltr'><strong>BIBLIOTIIECA.</strong></span> <span class='ocrx_word' id='word_1_3' title='bbox 1860 286 1926 296; x_wconf 92' lang='lat'><em>—</em></span> <span class='ocrx_word' id='word_1_4' title='bbox 1966 259 2128 320; x_wconf 89' lang='lat' dir='ltr'><strong>COD.</strong></span> <span class='ocrx_word' id='word_1_5' title='bbox 2161 260 2484 323; x_wconf 76' lang='lat' dir='ltr'><strong>CCXLVII.</strong></span> <span class='ocrx_word' id='word_1_6' title='bbox 3389 263 3523 330; x_wconf 77' lang='lat'><strong>1506</strong></span> 
     </span>
    </p>
   </div>
   <div class='ocr_carea' id='block_1_2' title="bbox 233 371 3522 448">
    <p class='ocr_par' dir='ltr' id='par_1_2' title="bbox 233 371 3522 448">
     <span class='ocr_line' id='line_1_2' title="bbox 233 371 3522 448; baseline 0.003 -22"><span class='ocrx_word' id='word_1_7' title='bbox 233 372 544 436; x_wconf 81' lang='grc' dir='ltr'><strong>λευτῶντας</strong></span> <span class='ocrx_word' id='word_1_8' title='bbox 605 371 804 436; x_wconf 80' lang='grc' dir='ltr'><strong>αὐτοὺς</strong></span> <span class='ocrx_word' id='word_1_9' title='bbox 854 372 944 442; x_wconf 85' lang='grc' dir='ltr'><strong>ὑφ’</strong></span> <span class='ocrx_word' id='word_1_10' title='bbox 1045 372 1268 436; x_wconf 76' lang='grc' dir='ltr'><strong>ἑαυτοὺς</strong></span> <span class='ocrx_word' id='word_1_11' title='bbox 1340 374 1549 443; x_wconf 79' lang='grc' dir='ltr'><strong>ἐλθεῖν,</strong></span> <span class='ocrx_word' id='word_1_12' title='bbox 1627 376 1820 448; x_wconf 82' lang='grc' dir='ltr'><strong>ὥσπερ</strong></span> <span class='ocrx_word' id='word_1_13' title='bbox 1864 377 1998 446; x_wconf 77' lang='grc' dir='ltr'><strong>φασὶ</strong></span> <span class='ocrx_word' id='word_1_14' title='bbox 2032 377 2158 440; x_wconf 84' lang='grc' dir='ltr'><strong>τοὺς</strong></span> <span class='ocrx_word' id='word_1_15' title='bbox 2185 376 2485 444; x_wconf 78' lang='grc' dir='ltr'><strong>σπαρτοὺς,</strong></span> <span class='ocrx_word' id='word_1_16' title='bbox 2516 374 2564 428; x_wconf 81' lang='grc' dir='ltr'><strong>ει</strong></span> <span class='ocrx_word' id='word_1_17' title='bbox 2611 373 2720 445; x_wconf 81' lang='grc' dir='ltr'><strong>ἄρα</strong></span> <span class='ocrx_word' id='word_1_18' title='bbox 2775 375 2868 428; x_wconf 72' lang='grc' dir='ltr'><strong>καὶ</strong></span> <span class='ocrx_word' id='word_1_19' title='bbox 2902 376 2930 428; x_wconf 79' lang='grc' dir='ltr'>ὁ</span> <span class='ocrx_word' id='word_1_20' title='bbox 2976 374 3144 446; x_wconf 88' lang='grc' dir='ltr'><strong>μῦθος</strong></span> <span class='ocrx_word' id='word_1_21' title='bbox 3210 377 3370 433; x_wconf 89' lang='grc' dir='ltr'><strong>τοῦτο</strong></span> <span class='ocrx_word' id='word_1_22' title='bbox 3437 385 3522 435; x_wconf 85' lang='grc' dir='ltr'><strong>αἰ-</strong></span> 
     </span>
    </p>
   </div>
   <div class='ocr_carea' id='block_1_3' title="bbox 233 465 499 518">
    <p class='ocr_par' dir='ltr' id='par_1_3' title="bbox 233 465 499 518">
     <span class='ocr_line' id='line_1_3' title="bbox 233 465 499 518; baseline 0 0"><span class='ocrx_word' id='word_1_23' title='bbox 233 465 499 518; x_wconf 88' lang='grc' dir='ltr'><strong>νίττεται.</strong></span> 
     </span>
    </p>
   </div>
   <div class='ocr_carea' id='block_1_4' title="bbox 310 559 1819 640">
    <p class='ocr_par' dir='ltr' id='par_1_4' title="bbox 310 559 1810 636">
     <span class='ocr_line' id='line_1_4' title="bbox 310 559 1810 636; baseline 0.003 -21"><span class='ocrx_word' id='word_1_24' title='bbox 310 561 466 615; x_wconf 83' lang='grc' dir='ltr'><strong>Ἔδει</strong></span> <span class='ocrx_word' id='word_1_25' title='bbox 518 559 582 624; x_wconf 85' lang='grc' dir='ltr'><strong>δὴ</strong></span> <span class='ocrx_word' id='word_1_26' title='bbox 641 559 686 594; x_wconf 76' lang='lat'>”</span> <span class='ocrx_word' id='word_1_27' title='bbox 734 559 913 615; x_wconf 87' lang='grc' dir='ltr'><strong>κοινόν</strong></span> <span class='ocrx_word' id='word_1_28' title='bbox 965 575 1020 614; x_wconf 82' lang='grc' dir='ltr'><strong>τι</strong></span> <span class='ocrx_word' id='word_1_29' title='bbox 1073 561 1368 633; x_wconf 84' lang='grc' dir='ltr'><strong>φάρμακον</strong></span> <span class='ocrx_word' id='word_1_30' title='bbox 1413 563 1704 634; x_wconf 85' lang='grc' dir='ltr'><strong>εὑρεθῆναι</strong></span> <span class='ocrx_word' id='word_1_31' title='bbox 1733 569 1810 636; x_wconf 78' lang='grc' dir='ltr'><strong>τῷ</strong></span> 
     </span>
    </p>
   </div>
   <div class='ocr_carea' id='block_1_5' title="bbox 1924 559 3524 640">
    <p class='ocr_par' dir='ltr' id='par_1_5' title="bbox 1985 565 3524 640">
     <span class='ocr_line' id='line_1_5' title="bbox 1985 565 3524 640; baseline 0.003 -20"><span class='ocrx_word' id='word_1_32' title='bbox 1985 565 2284 620; x_wconf 79' lang='lat' dir='ltr'><strong>Commune</strong></span> <span class='ocrx_word' id='word_1_33' title='bbox 2325 565 2597 636; x_wconf 84' lang='lat' dir='ltr'><strong>quoddam</strong></span> <span class='ocrx_word' id='word_1_34' title='bbox 2633 566 2727 621; x_wconf 92' lang='lat' dir='ltr'><strong>toti</strong></span> <span class='ocrx_word' id='word_1_35' title='bbox 2783 567 2965 637; x_wconf 79' lang='lat' dir='ltr'><strong>generi</strong></span> <span class='ocrx_word' id='word_1_36' title='bbox 3002 567 3102 623; x_wconf 85' lang='lat' dir='ltr'><strong>fuit</strong></span> <span class='ocrx_word' id='word_1_37' title='bbox 3133 566 3334 640; x_wconf 60' lang='lat' dir='ltr'><strong>415a</strong></span> <span class='ocrx_word' id='word_1_38' title='bbox 3367 569 3524 625; x_wconf 88' lang='lat' dir='ltr'><strong>inve-</strong></span> 
     </span>
    </p>
   </div>
   <div class='ocr_carea' id='block_1_6' title="bbox 236 649 1819 728">
    <p class='ocr_par' dir='ltr' id='par_1_6' title="bbox 236 649 1819 726">
     <span class='ocr_line' id='line_1_6' title="bbox 236 649 1819 726; baseline 0.001 -20"><span class='ocrx_word' id='word_1_39' title='bbox 236 652 404 722; x_wconf 79' lang='grc' dir='ltr'><strong>γένει,</strong></span> <span class='ocrx_word' id='word_1_40' title='bbox 461 649 659 706; x_wconf 77' lang='grc' dir='ltr'><strong>ταύτὸν</strong></span> <span class='ocrx_word' id='word_1_41' title='bbox 702 651 874 706; x_wconf 76' lang='grc' dir='ltr'><strong>ἅπασι</strong></span> <span class='ocrx_word' id='word_1_42' title='bbox 922 654 1224 726; x_wconf 74' lang='grc' dir='ltr'><strong>συμφέρον,</strong></span> <span class='ocrx_word' id='word_1_43' title='bbox 1255 657 1366 718; x_wconf 81' lang='grc' dir='ltr'><strong>τοῖς</strong></span> <span class='ocrx_word' id='word_1_44' title='bbox 1403 655 1665 726; x_wconf 78' lang='grc' dir='ltr'><strong>ἰσχυροῖς,</strong></span> <span class='ocrx_word' id='word_1_45' title='bbox 1713 659 1819 720; x_wconf 86' lang='grc' dir='ltr'><strong>τοῖς</strong></span> 
     </span>
    </p>
   </div>
   <div class='ocr_carea' id='block_1_7' title="bbox 1924 649 3512 728">
    <p class='ocr_par' dir='ltr' id='par_1_7' title="bbox 1934 657 3512 728">
     <span class='ocr_line' id='line_1_7' title="bbox 1934 657 3512 728; baseline 0.005 -18"><span class='ocrx_word' id='word_1_46' title='bbox 1934 657 2192 712; x_wconf 89' lang='lat' dir='ltr'><strong>niendum</strong></span> <span class='ocrx_word' id='word_1_47' title='bbox 2246 658 2568 724; x_wconf 79' lang='lat' dir='ltr'><strong>remedium,</strong></span> <span class='ocrx_word' id='word_1_48' title='bbox 2651 660 2796 728; x_wconf 89' lang='lat' dir='ltr'><strong>quod</strong></span> <span class='ocrx_word' id='word_1_49' title='bbox 2825 661 3078 715; x_wconf 88' lang='lat' dir='ltr'><strong>omnibus</strong></span> <span class='ocrx_word' id='word_1_50' title='bbox 3141 673 3287 717; x_wconf 88' lang='lat' dir='ltr'><strong>esset</strong></span> <span class='ocrx_word' id='word_1_51' title='bbox 3337 664 3512 718; x_wconf 91' lang='lat' dir='ltr'><strong>utile:</strong></span> 
     </span>
    </p>
   </div>
   <div class='ocr_carea' id='block_1_8' title="bbox 233 747 1819 822">
    <p class='ocr_par' dir='ltr' id='par_1_8' title="bbox 233 747 1819 820">
     <span class='ocr_line' id='line_1_8' title="bbox 233 747 1819 820; baseline 0.003 -19"><span class='ocrx_word' id='word_1_52' title='bbox 233 749 443 818; x_wconf 74' lang='grc' dir='ltr'><strong>ἥττοσι,</strong></span> <span class='ocrx_word' id='word_1_53' title='bbox 493 750 610 812; x_wconf 84' lang='grc' dir='ltr'><strong>τοῖς</strong></span> <span class='ocrx_word' id='word_1_54' title='bbox 668 747 991 814; x_wconf 78' lang='grc' dir='ltr'><strong>ἐπιεικέσιν,</strong></span> <span class='ocrx_word' id='word_1_55' title='bbox 1037 749 1112 812; x_wconf 80' lang='grc' dir='ltr'><strong>ὡς</strong></span> <span class='ocrx_word' id='word_1_56' title='bbox 1138 749 1267 814; x_wconf 82' lang='grc' dir='ltr'><strong>τοὺς</strong></span> <span class='ocrx_word' id='word_1_57' title='bbox 1309 750 1409 820; x_wconf 82' lang='grc' dir='ltr'><strong>μὲν</strong></span> <span class='ocrx_word' id='word_1_58' title='bbox 1439 751 1472 820; x_wconf 79' lang='grc' dir='ltr'>ἢ</span> <span class='ocrx_word' id='word_1_59' title='bbox 1505 751 1548 782; x_wconf 82' lang='grc'><strong>¹⁸</strong></span> <span class='ocrx_word' id='word_1_60' title='bbox 1581 749 1819 805; x_wconf 86' lang='grc' dir='ltr'><strong>κωλῦσαι</strong></span> 
     </span>
    </p>
   </div>
   <div class='ocr_carea' id='block_1_9' title="bbox 1924 747 3517 822">
    <p class='ocr_par' dir='ltr' id='par_1_9' title="bbox 1931 747 3517 822">
     <span class='ocr_line' id='line_1_9' title="bbox 1931 747 3517 822; baseline 0.004 -20"><span class='ocrx_word' id='word_1_61' title='bbox 1931 747 2189 812; x_wconf 80' lang='lat' dir='ltr'><strong>fortibus,</strong></span> <span class='ocrx_word' id='word_1_62' title='bbox 2229 747 2612 814; x_wconf 86' lang='lat' dir='ltr'><strong>imbecillihus,</strong></span> <span class='ocrx_word' id='word_1_63' title='bbox 2654 749 2838 818; x_wconf 86' lang='lat' dir='ltr'><strong>justis,</strong></span> <span class='ocrx_word' id='word_1_64' title='bbox 2885 751 2957 804; x_wconf 90' lang='lat' dir='ltr'><strong>ita</strong></span> <span class='ocrx_word' id='word_1_65' title='bbox 2989 759 3046 804; x_wconf 93' lang='lat' dir='ltr'><strong>ut</strong></span> <span class='ocrx_word' id='word_1_66' title='bbox 3077 751 3150 806; x_wconf 87' lang='lat' dir='ltr'><strong>illi</strong></span> <span class='ocrx_word' id='word_1_67' title='bbox 3197 753 3278 806; x_wconf 96' lang='lat' dir='ltr'><strong>vel</strong></span> <span class='ocrx_word' id='word_1_68' title='bbox 3320 753 3517 822; x_wconf 78' lang='lat' dir='ltr'><strong>injuste</strong></span> 
     </span>
    </p>
   </div>
   <div class='ocr_carea' id='block_1_10' title="bbox 238 840 1823 914">
    <p class='ocr_par' dir='ltr' id='par_1_10' title="bbox 238 840 1823 914">
     <span class='ocr_line' id='line_1_10' title="bbox 238 840 1823 914; baseline 0.002 -21"><span class='ocrx_word' id='word_1_69' title='bbox 238 844 351 912; x_wconf 77' lang='grc' dir='ltr'><strong>πρὸ</strong></span> <span class='ocrx_word' id='word_1_70' title='bbox 376 842 486 895; x_wconf 85' lang='grc' dir='ltr'><strong>τῶν</strong></span> <span class='ocrx_word' id='word_1_71' title='bbox 539 840 959 912; x_wconf 84' lang='grc' dir='ltr'><strong>ἀδικημάτωνῆ</strong></span> <span class='ocrx_word' id='word_1_72' title='bbox 1015 842 1149 913; x_wconf 87' lang='grc' dir='ltr'><strong>παρ’</strong></span> <span class='ocrx_word' id='word_1_73' title='bbox 1173 842 1315 894; x_wconf 85' lang='grc' dir='ltr'><strong>αὐτά</strong></span> <span class='ocrx_word' id='word_1_74' title='bbox 1377 843 1823 914; x_wconf 84' lang='grc' dir='ltr'><strong>τιμωρήσασθαι,</strong></span> 
     </span>
    </p>
   </div>
   <div class='ocr_carea' id='block_1_11' title="bbox 228 932 1828 1005">
    <p class='ocr_par' dir='ltr' id='par_1_11' title="bbox 228 932 1828 1005">
     <span class='ocr_line' id='line_1_11' title="bbox 228 932 1828 1005; baseline 0.002 -19"><span class='ocrx_word' id='word_1_75' title='bbox 228 937 348 996; x_wconf 86' lang='grc' dir='ltr'><strong>τοῖς</strong></span> <span class='ocrx_word' id='word_1_76' title='bbox 377 932 434 986; x_wconf 85' lang='grc' dir='ltr'><strong>δὲ</strong></span> <span class='ocrx_word' id='word_1_77' title='bbox 455 933 642 988; x_wconf 82' lang='grc' dir='ltr'><strong>ἄδειαν</strong></span> <span class='ocrx_word' id='word_1_78' title='bbox 673 932 768 985; x_wconf 89' lang='grc' dir='ltr'><strong>τοῦ</strong></span> <span class='ocrx_word' id='word_1_79' title='bbox 806 933 925 1002; x_wconf 83' lang='grc' dir='ltr'><strong>βίου</strong></span> <span class='ocrx_word' id='word_1_80' title='bbox 993 934 1438 1004; x_wconf 86' lang='grc' dir='ltr'><strong>παρασκευάσαι,</strong></span> <span class='ocrx_word' id='word_1_81' title='bbox 1480 937 1592 998; x_wconf 86' lang='grc' dir='ltr'><strong>τοῖς</strong></span> <span class='ocrx_word' id='word_1_82' title='bbox 1637 935 1696 987; x_wconf 89' lang='grc' dir='ltr'><strong>δὲ</strong></span> <span class='ocrx_word' id='word_1_83' title='bbox 1729 935 1828 1005; x_wconf 87' lang='grc' dir='ltr'><strong>χά-</strong></span> 
     </span>
    </p>
   </div>
   <div class='ocr_carea' id='block_1_12' title="bbox 193 1022 1822 1094">
    <p class='ocr_par' dir='ltr' id='par_1_12' title="bbox 193 1022 1822 1094">
     <span class='ocr_line' id='line_1_12' title="bbox 193 1022 1822 1094; baseline 0.002 -18"><span class='ocrx_word' id='word_1_84' title='bbox 193 1049 196 1052; x_wconf 72' lang='lat'><strong><em>~</em></strong></span> <span class='ocrx_word' id='word_1_85' title='bbox 235 1041 323 1093; x_wconf 89' lang='grc' dir='ltr'><strong>ριν</strong></span> <span class='ocrx_word' id='word_1_86' title='bbox 349 1025 449 1094; x_wconf 85' lang='grc' dir='ltr'><strong>τὴν</strong></span> <span class='ocrx_word' id='word_1_87' title='bbox 476 1023 818 1093; x_wconf 84' lang='grc' dir='ltr'><strong>πρέπουσαν,</strong></span> <span class='ocrx_word' id='word_1_88' title='bbox 857 1024 972 1076; x_wconf 85' lang='grc' dir='ltr'><strong>ὅσοι</strong></span> <span class='ocrx_word' id='word_1_89' title='bbox 994 1022 1054 1076; x_wconf 84' lang='grc' dir='ltr'><strong>τὸ</strong></span> <span class='ocrx_word' id='word_1_90' title='bbox 1087 1023 1296 1078; x_wconf 89' lang='grc' dir='ltr'><strong>δίκαιον</strong></span> <span class='ocrx_word' id='word_1_91' title='bbox 1325 1025 1530 1094; x_wconf 79' lang='grc' dir='ltr'><strong>ἐτίμων</strong></span> <span class='ocrx_word' id='word_1_92' title='bbox 1584 1026 1822 1088; x_wconf 85' lang='grc' dir='ltr'><strong>ἑκόντες.</strong></span> 
     </span>
    </p>
   </div>
   <div class='ocr_carea' id='block_1_13' title="bbox 235 1115 1825 1194">
    <p class='ocr_par' dir='ltr' id='par_1_13' title="bbox 235 1115 1825 1194">
     <span class='ocr_line' id='line_1_13' title="bbox 235 1115 1825 1194; baseline 0.001 -25"><span class='ocrx_word' id='word_1_93' title='bbox 235 1115 455 1187; x_wconf 83' lang='grc' dir='ltr'><strong>Εὑρέθη</strong></span> <span class='ocrx_word' id='word_1_94' title='bbox 483 1116 664 1170; x_wconf 90' lang='grc' dir='ltr'><strong>τοίνυν</strong></span> <span class='ocrx_word' id='word_1_95' title='bbox 716 1119 780 1169; x_wconf 84' lang='grc' dir='ltr'><strong>ὲκ</strong></span> <span class='ocrx_word' id='word_1_96' title='bbox 829 1116 1036 1194; x_wconf 82' lang='grc' dir='ltr'><strong>τούτων</strong></span> <span class='ocrx_word' id='word_1_97' title='bbox 1089 1117 1376 1189; x_wconf 77' lang='grc' dir='ltr'><strong>ῥητορικὴ,</strong></span> <span class='ocrx_word' id='word_1_98' title='bbox 1429 1118 1524 1169; x_wconf 72' lang='grc' dir='ltr'><strong>καὶ</strong></span> <span class='ocrx_word' id='word_1_99' title='bbox 1575 1117 1825 1188; x_wconf 89' lang='grc' dir='ltr'><strong>παρῆλθε</strong></span> 
     </span>
    </p>
   </div>
   <div class='ocr_carea' id='block_1_14' title="bbox 232 1210 1824 1282">
    <p class='ocr_par' dir='ltr' id='par_1_14' title="bbox 232 1210 1824 1282">
     <span class='ocr_line' id='line_1_14' title="bbox 232 1210 1824 1282; baseline 0 -18"><span class='ocrx_word' id='word_1_100' title='bbox 232 1211 607 1282; x_wconf 74' lang='grc' dir='ltr'><strong>φυλακτήριον</strong></span> <span class='ocrx_word' id='word_1_101' title='bbox 663 1211 1010 1281; x_wconf 80' lang='grc' dir='ltr'><strong>δικαιοσύνης</strong></span> <span class='ocrx_word' id='word_1_102' title='bbox 1052 1212 1147 1265; x_wconf 69' lang='grc' dir='ltr'><strong>καὶ</strong></span> <span class='ocrx_word' id='word_1_103' title='bbox 1207 1211 1504 1282; x_wconf 77' lang='grc' dir='ltr'><strong>σύνδεσμος</strong></span> <span class='ocrx_word' id='word_1_104' title='bbox 1552 1211 1648 1265; x_wconf 89' lang='grc' dir='ltr'><strong>τοῦ</strong></span> <span class='ocrx_word' id='word_1_105' title='bbox 1708 1210 1824 1282; x_wconf 85' lang='grc' dir='ltr'><strong>βίου</strong></span> 
     </span>
    </p>
   </div>
   <div class='ocr_carea' id='block_1_15' title="bbox 233 1304 1825 1376">
    <p class='ocr_par' dir='ltr' id='par_1_15' title="bbox 233 1304 1825 1376">
     <span class='ocr_line' id='line_1_15' title="bbox 233 1304 1825 1376; baseline 0.001 -19"><span class='ocrx_word' id='word_1_106' title='bbox 233 1307 346 1368; x_wconf 88' lang='grc' dir='ltr'><strong>τοίς</strong></span> <span class='ocrx_word' id='word_1_107' title='bbox 380 1305 712 1376; x_wconf 84' lang='grc' dir='ltr'><strong>ἀνθρώποις,</strong></span> <span class='ocrx_word' id='word_1_108' title='bbox 767 1305 916 1367; x_wconf 82' lang='grc' dir='ltr'><strong>ὅπως</strong></span> <span class='ocrx_word' id='word_1_109' title='bbox 975 1304 1050 1374; x_wconf 84' lang='grc' dir='ltr'><strong>μὴ</strong></span> <span class='ocrx_word' id='word_1_110' title='bbox 1119 1306 1242 1368; x_wconf 74' lang='grc' dir='ltr'><strong>ταῖς</strong></span> <span class='ocrx_word' id='word_1_111' title='bbox 1293 1304 1473 1375; x_wconf 76' lang='grc' dir='ltr'><strong>χερσὶ,</strong></span> <span class='ocrx_word' id='word_1_112' title='bbox 1519 1304 1656 1376; x_wconf 84' lang='grc' dir='ltr'><strong>μηδὲ</strong></span> <span class='ocrx_word' id='word_1_113' title='bbox 1715 1306 1825 1368; x_wconf 78' lang='grc' dir='ltr'><strong>τοῖς</strong></span> 
     </span>
    </p>
   </div>
   <div class='ocr_carea' id='block_1_16' title="bbox 232 1393 1827 1468">
    <p class='ocr_par' dir='ltr' id='par_1_16' title="bbox 232 1393 1827 1468">
     <span class='ocr_line' id='line_1_16' title="bbox 232 1393 1827 1468; baseline 0.001 -20"><span class='ocrx_word' id='word_1_114' title='bbox 232 1393 442 1458; x_wconf 83' lang='grc' dir='ltr'><strong>ὅπλοις,</strong></span> <span class='ocrx_word' id='word_1_115' title='bbox 474 1394 610 1466; x_wconf 84' lang='grc' dir='ltr'><strong>μηδὲ</strong></span> <span class='ocrx_word' id='word_1_116' title='bbox 642 1395 719 1464; x_wconf 84' lang='grc' dir='ltr'><strong>τῷ</strong></span> <span class='ocrx_word' id='word_1_117' title='bbox 751 1395 1064 1466; x_wconf 84' lang='grc' dir='ltr'><strong>προλαϐεῖν,</strong></span> <span class='ocrx_word' id='word_1_118' title='bbox 1103 1396 1238 1466; x_wconf 79' lang='grc' dir='ltr'><strong>μηδὲ</strong></span> <span class='ocrx_word' id='word_1_119' title='bbox 1299 1395 1492 1466; x_wconf 73' lang='grc' dir='ltr'><strong>πλήθει</strong></span> <span class='ocrx_word' id='word_1_120' title='bbox 1518 1396 1612 1449; x_wconf 79' lang='grc' dir='ltr'><strong>καὶ</strong></span> <span class='ocrx_word' id='word_1_121' title='bbox 1659 1397 1827 1468; x_wconf 76' lang='grc' dir='ltr'><strong>μεγέο</strong></span> 
     </span>
    </p>
   </div>
   <div class='ocr_carea' id='block_1_17' title="bbox 233 1487 1824 1560">
    <p class='ocr_par' dir='ltr' id='par_1_17' title="bbox 233 1487 1824 1560">
     <span class='ocr_line' id='line_1_17' title="bbox 233 1487 1824 1560; baseline 0.003 -20"><span class='ocrx_word' id='word_1_122' title='bbox 233 1487 319 1540; x_wconf 90' lang='grc' dir='ltr'><strong>θει</strong></span> <span class='ocrx_word' id='word_1_123' title='bbox 357 1488 421 1553; x_wconf 74' lang='grc'><strong>⁸³,</strong></span> <span class='ocrx_word' id='word_1_124' title='bbox 454 1488 578 1559; x_wconf 81' lang='grc' dir='ltr'><strong>μηδ’</strong></span> <span class='ocrx_word' id='word_1_125' title='bbox 603 1488 751 1558; x_wconf 81' lang='grc' dir='ltr'><strong>ἄλλῳ</strong></span> <span class='ocrx_word' id='word_1_126' title='bbox 773 1489 881 1542; x_wconf 82' lang='grc' dir='ltr'><strong>τῶν</strong></span> <span class='ocrx_word' id='word_1_127' title='bbox 915 1489 1118 1543; x_wconf 85' lang='grc' dir='ltr'><strong>ἀνίσων</strong></span> <span class='ocrx_word' id='word_1_128' title='bbox 1169 1489 1359 1560; x_wconf 80' lang='grc' dir='ltr'><strong>μηδενὶ</strong></span> <span class='ocrx_word' id='word_1_129' title='bbox 1392 1491 1436 1522; x_wconf 81' lang='grc'><strong>³⁸</strong></span> <span class='ocrx_word' id='word_1_130' title='bbox 1483 1491 1726 1560; x_wconf 84' lang='grc' dir='ltr'><strong>κρίνοιτο</strong></span> <span class='ocrx_word' id='word_1_131' title='bbox 1753 1490 1824 1544; x_wconf 80' lang='grc' dir='ltr'><strong>τὰ</strong></span> 
     </span>
    </p>
   </div>
   <div class='ocr_carea' id='block_1_18' title="bbox 233 1579 1823 1655">
    <p class='ocr_par' dir='ltr' id='par_1_18' title="bbox 233 1579 1823 1655">
     <span class='ocr_line' id='line_1_18' title="bbox 233 1579 1823 1655; baseline 0.003 -24"><span class='ocrx_word' id='word_1_132' title='bbox 233 1579 568 1649; x_wconf 85' lang='grc' dir='ltr'><strong>πράγματα,</strong></span> <span class='ocrx_word' id='word_1_133' title='bbox 626 1579 741 1632; x_wconf 84' lang='grc' dir='ltr'><strong>ἀλλ’</strong></span> <span class='ocrx_word' id='word_1_134' title='bbox 786 1581 814 1633; x_wconf 83' lang='grc' dir='ltr'>ὁ</span> <span class='ocrx_word' id='word_1_135' title='bbox 874 1580 1032 1648; x_wconf 83' lang='grc' dir='ltr'><strong>λόγος</strong></span> <span class='ocrx_word' id='word_1_136' title='bbox 1073 1580 1135 1634; x_wconf 84' lang='grc' dir='ltr'><strong>τὸ</strong></span> <span class='ocrx_word' id='word_1_137' title='bbox 1204 1581 1410 1635; x_wconf 86' lang='grc' dir='ltr'><strong>δίκαιον</strong></span> <span class='ocrx_word' id='word_1_138' title='bbox 1479 1583 1565 1651; x_wconf 75' lang='grc' dir='ltr'><strong>ἐφ’</strong></span> <span class='ocrx_word' id='word_1_139' title='bbox 1591 1583 1823 1655; x_wconf 80' lang='grc' dir='ltr'><strong>ἡσυχίας</strong></span> 
     </span>
    </p>
   </div>
   <div class='ocr_carea' id='block_1_19' title="bbox 231 1667 1820 1747">
    <p class='ocr_par' dir='ltr' id='par_1_19' title="bbox 231 1667 1820 1747">
     <span class='ocr_line' id='line_1_19' title="bbox 231 1667 1820 1747; baseline 0.003 -23"><span class='ocrx_word' id='word_1_140' title='bbox 231 1671 456 1742; x_wconf 83' lang='grc' dir='ltr'><strong>διαιροῖ.</strong></span> <span class='ocrx_word' id='word_1_141' title='bbox 499 1669 668 1741; x_wconf 78' lang='grc' dir='ltr'><strong>Ἀρχὴ</strong></span> <span class='ocrx_word' id='word_1_142' title='bbox 718 1671 819 1740; x_wconf 84' lang='grc' dir='ltr'><strong>μὲν</strong></span> <span class='ocrx_word' id='word_1_143' title='bbox 866 1667 959 1724; x_wconf 90' lang='grc' dir='ltr'><strong>οῦν</strong></span> <span class='ocrx_word' id='word_1_144' title='bbox 988 1671 1032 1703; x_wconf 82' lang='grc'>²¹</span> <span class='ocrx_word' id='word_1_145' title='bbox 1059 1670 1198 1743; x_wconf 81' lang='grc' dir='ltr'><strong>αὕτη</strong></span> <span class='ocrx_word' id='word_1_146' title='bbox 1241 1673 1337 1727; x_wconf 80' lang='grc' dir='ltr'><strong>καὶ</strong></span> <span class='ocrx_word' id='word_1_147' title='bbox 1398 1675 1558 1744; x_wconf 71' lang='grc' dir='ltr'><strong>,ρύσις</strong></span> <span class='ocrx_word' id='word_1_148' title='bbox 1598 1677 1820 1747; x_wconf 85' lang='grc' dir='ltr'><strong>ῥητορι-</strong></span> 
     </span>
    </p>
   </div>
   <div class='ocr_carea' id='block_1_20' title="bbox 236 1761 1822 1839">
    <p class='ocr_par' dir='ltr' id='par_1_20' title="bbox 236 1761 1822 1839">
     <span class='ocr_line' id='line_1_20' title="bbox 236 1761 1822 1839; baseline 0.004 -25"><span class='ocrx_word' id='word_1_149' title='bbox 236 1763 364 1832; x_wconf 85' lang='grc' dir='ltr'><strong>κῆς,</strong></span> <span class='ocrx_word' id='word_1_150' title='bbox 419 1763 515 1815; x_wconf 70' lang='grc' dir='ltr'><strong>καὶ</strong></span> <span class='ocrx_word' id='word_1_151' title='bbox 549 1761 796 1833; x_wconf 83' lang='grc' dir='ltr'><strong>βούλημα</strong></span> <span class='ocrx_word' id='word_1_152' title='bbox 831 1762 1009 1829; x_wconf 90' lang='grc' dir='ltr'><strong>τοῦτο,</strong></span> <span class='ocrx_word' id='word_1_153' title='bbox 1037 1764 1214 1818; x_wconf 86' lang='grc' dir='ltr'><strong>σῶσαι</strong></span> <span class='ocrx_word' id='word_1_154' title='bbox 1249 1767 1459 1830; x_wconf 82' lang='grc' dir='ltr'><strong>πάντας</strong></span> <span class='ocrx_word' id='word_1_155' title='bbox 1497 1767 1822 1839; x_wconf 82' lang='grc' dir='ltr'><strong>ἀνθρώπους</strong></span> 
     </span>
    </p>
   </div>
   <div class='ocr_carea' id='block_1_21' title="bbox 235 1853 1818 1924">
    <p class='ocr_par' dir='ltr' id='par_1_21' title="bbox 235 1853 1818 1924">
     <span class='ocr_line' id='line_1_21' title="bbox 235 1853 1818 1924; baseline 0.005 -19"><span class='ocrx_word' id='word_1_156' title='bbox 235 1855 334 1908; x_wconf 79' lang='grc' dir='ltr'><strong>καὶ</strong></span> <span class='ocrx_word' id='word_1_157' title='bbox 364 1854 464 1924; x_wconf 83' lang='grc' dir='ltr'><strong>τὴν</strong></span> <span class='ocrx_word' id='word_1_158' title='bbox 498 1853 618 1923; x_wconf 88' lang='grc' dir='ltr'><strong>βίαν</strong></span> <span class='ocrx_word' id='word_1_159' title='bbox 639 1856 727 1907; x_wconf 83' lang='grc' dir='ltr'><strong>διὰ</strong></span> <span class='ocrx_word' id='word_1_160' title='bbox 757 1854 858 1924; x_wconf 91' lang='grc' dir='ltr'><strong>τῆς</strong></span> <span class='ocrx_word' id='word_1_161' title='bbox 886 1855 1110 1919; x_wconf 77' lang='grc' dir='ltr'><strong>πειθοῦς</strong></span> <span class='ocrx_word' id='word_1_162' title='bbox 1130 1855 1477 1912; x_wconf 86' lang='grc' dir='ltr'><strong>ἀπώσασθαι.</strong></span> <span class='ocrx_word' id='word_1_163' title='bbox 1498 1860 1750 1913; x_wconf 79' lang='grc' dir='ltr'><strong>Φαίνεται</strong></span> <span class='ocrx_word' id='word_1_164' title='bbox 1773 1862 1818 1893; x_wconf 79' lang='grc'><strong><em>³⁸</em></strong></span> 
     </span>
    </p>
   </div>
   <div class='ocr_carea' id='block_1_22' title="bbox 1930 842 3515 914">
    <p class='ocr_par' dir='ltr' id='par_1_22' title="bbox 1930 842 3515 914">
     <span class='ocr_line' id='line_1_22' title="bbox 1930 842 3515 914; baseline 0.003 -19"><span class='ocrx_word' id='word_1_165' title='bbox 1930 857 2093 911; x_wconf 88' lang='lat' dir='ltr'><strong>agere</strong></span> <span class='ocrx_word' id='word_1_166' title='bbox 2123 852 2459 909; x_wconf 86' lang='lat' dir='ltr'><strong>vetarentur,</strong></span> <span class='ocrx_word' id='word_1_167' title='bbox 2492 842 2574 897; x_wconf 87' lang='lat' dir='ltr'><strong>vel</strong></span> <span class='ocrx_word' id='word_1_168' title='bbox 2599 858 2720 897; x_wconf 90' lang='lat' dir='ltr'><strong>cum</strong></span> <span class='ocrx_word' id='word_1_169' title='bbox 2748 842 2943 913; x_wconf 82' lang='lat' dir='ltr'><strong>injuria</strong></span> <span class='ocrx_word' id='word_1_170' title='bbox 2975 846 3280 914; x_wconf 73' lang='lat' dir='ltr'><strong>puniretur,</strong></span> <span class='ocrx_word' id='word_1_171' title='bbox 3314 845 3366 899; x_wconf 92' lang='lat' dir='ltr'><strong>hi</strong></span> <span class='ocrx_word' id='word_1_172' title='bbox 3386 860 3515 900; x_wconf 88' lang='lat' dir='ltr'><strong>vero</strong></span> 
     </span>
    </p>
   </div>
   <div class='ocr_carea' id='block_1_23' title="bbox 1929 934 3509 1008">
    <p class='ocr_par' dir='ltr' id='par_1_23' title="bbox 1929 934 3509 1008">
     <span class='ocr_line' id='line_1_23' title="bbox 1929 934 3509 1008; baseline 0.003 -19"><span class='ocrx_word' id='word_1_173' title='bbox 1929 949 2124 989; x_wconf 91' lang='lat' dir='ltr'><strong>secure</strong></span> <span class='ocrx_word' id='word_1_174' title='bbox 2174 934 2444 996; x_wconf 81' lang='lat' dir='ltr'><strong>viverent.</strong></span> <span class='ocrx_word' id='word_1_175' title='bbox 2507 937 2766 1006; x_wconf 86' lang='lat' dir='ltr'><strong>postremi</strong></span> <span class='ocrx_word' id='word_1_176' title='bbox 2825 945 3006 990; x_wconf 89' lang='lat' dir='ltr'><strong>autem</strong></span> <span class='ocrx_word' id='word_1_177' title='bbox 3067 947 3336 1008; x_wconf 85' lang='lat' dir='ltr'><strong>quotquot</strong></span> <span class='ocrx_word' id='word_1_178' title='bbox 3367 939 3509 994; x_wconf 88' lang='lat' dir='ltr'><strong>ultro</strong></span> 
     </span>
    </p>
   </div>
   <div class='ocr_carea' id='block_1_24' title="bbox 1925 1023 3512 1097">
    <p class='ocr_par' dir='ltr' id='par_1_24' title="bbox 1925 1023 3512 1097">
     <span class='ocr_line' id='line_1_24' title="bbox 1925 1023 3512 1097; baseline 0.003 -19"><span class='ocrx_word' id='word_1_179' title='bbox 1925 1023 2197 1094; x_wconf 84' lang='lat' dir='ltr'><strong>justitiam</strong></span> <span class='ocrx_word' id='word_1_180' title='bbox 2221 1025 2496 1091; x_wconf 79' lang='lat' dir='ltr'><strong>colebant,</strong></span> <span class='ocrx_word' id='word_1_181' title='bbox 2539 1028 2843 1080; x_wconf 85' lang='lat' dir='ltr'><strong>mercedem</strong></span> <span class='ocrx_word' id='word_1_182' title='bbox 2877 1025 3164 1082; x_wconf 84' lang='lat' dir='ltr'><strong>decentem</strong></span> <span class='ocrx_word' id='word_1_183' title='bbox 3201 1043 3512 1097; x_wconf 89' lang='lat' dir='ltr'><strong>conseque-</strong></span> 
     </span>
    </p>
   </div>
   <div class='ocr_carea' id='block_1_25' title="bbox 1931 1117 3511 1192">
    <p class='ocr_par' dir='ltr' id='par_1_25' title="bbox 1931 1117 3511 1192">
     <span class='ocr_line' id='line_1_25' title="bbox 1931 1117 3511 1192; baseline 0.001 -20"><span class='ocrx_word' id='word_1_184' title='bbox 1931 1127 2141 1172; x_wconf 86' lang='lat' dir='ltr'><strong>rentur.</strong></span> <span class='ocrx_word' id='word_1_185' title='bbox 2181 1118 2404 1172; x_wconf 81' lang='lat' dir='ltr'><strong>Inventa</strong></span> <span class='ocrx_word' id='word_1_186' title='bbox 2431 1117 2702 1188; x_wconf 88' lang='lat' dir='ltr'><strong>estigitur</strong></span> <span class='ocrx_word' id='word_1_187' title='bbox 2757 1119 3052 1185; x_wconf 89' lang='lat' dir='ltr'><strong>rhetorica,</strong></span> <span class='ocrx_word' id='word_1_188' title='bbox 3097 1121 3511 1192; x_wconf 79' lang='lat' dir='ltr'><strong>prodiitqueju-</strong></span> 
     </span>
    </p>
   </div>
   <div class='ocr_carea' id='block_1_26' title="bbox 1929 1210 3514 1280">
    <p class='ocr_par' dir='ltr' id='par_1_26' title="bbox 1929 1210 3514 1280">
     <span class='ocr_line' id='line_1_26' title="bbox 1929 1210 3514 1280; baseline 0.001 -16"><span class='ocrx_word' id='word_1_189' title='bbox 1929 1210 2096 1264; x_wconf 69' lang='lat' dir='ltr'><strong>stitiae</strong></span> <span class='ocrx_word' id='word_1_190' title='bbox 2125 1211 2398 1276; x_wconf 88' lang='lat' dir='ltr'><strong>custodia,</strong></span> <span class='ocrx_word' id='word_1_191' title='bbox 2424 1220 2479 1265; x_wconf 92' lang='lat' dir='ltr'><strong>et</strong></span> <span class='ocrx_word' id='word_1_192' title='bbox 2517 1211 2772 1264; x_wconf 64' lang='lat' dir='ltr'><strong>humanae</strong></span> <span class='ocrx_word' id='word_1_193' title='bbox 2801 1212 2927 1266; x_wconf 62' lang='lat' dir='ltr'><strong>vita)</strong></span> <span class='ocrx_word' id='word_1_194' title='bbox 2958 1211 3174 1280; x_wconf 86' lang='lat' dir='ltr'><strong>copula,</strong></span> <span class='ocrx_word' id='word_1_195' title='bbox 3207 1228 3272 1266; x_wconf 91' lang='lat' dir='ltr'><strong>ne</strong></span> <span class='ocrx_word' id='word_1_196' title='bbox 3293 1216 3372 1266; x_wconf 89' lang='lat' dir='ltr'><strong>vel</strong></span> <span class='ocrx_word' id='word_1_197' title='bbox 3399 1228 3514 1266; x_wconf 89' lang='lat' dir='ltr'><strong>ma-</strong></span> 
     </span>
    </p>
   </div>
   <div class='ocr_carea' id='block_1_27' title="bbox 1928 1299 3512 1372">
    <p class='ocr_par' dir='ltr' id='par_1_27' title="bbox 1928 1299 3512 1372">
     <span class='ocr_line' id='line_1_27' title="bbox 1928 1299 3512 1372; baseline 0.003 -20"><span class='ocrx_word' id='word_1_198' title='bbox 1928 1300 2112 1363; x_wconf 90' lang='lat' dir='ltr'><strong>nibus,</strong></span> <span class='ocrx_word' id='word_1_199' title='bbox 2147 1299 2230 1355; x_wconf 92' lang='lat' dir='ltr'><strong>vel</strong></span> <span class='ocrx_word' id='word_1_200' title='bbox 2267 1301 2455 1366; x_wconf 89' lang='lat' dir='ltr'><strong>armis,</strong></span> <span class='ocrx_word' id='word_1_201' title='bbox 2494 1301 2577 1356; x_wconf 85' lang='lat' dir='ltr'><strong>vel</strong></span> <span class='ocrx_word' id='word_1_202' title='bbox 2621 1302 3004 1372; x_wconf 82' lang='lat' dir='ltr'><strong>occupatione,</strong></span> <span class='ocrx_word' id='word_1_203' title='bbox 3038 1303 3123 1356; x_wconf 90' lang='lat' dir='ltr'><strong>vel</strong></span> <span class='ocrx_word' id='word_1_204' title='bbox 3164 1302 3512 1358; x_wconf 88' lang='lat' dir='ltr'><strong>multitudine</strong></span> 
     </span>
    </p>
   </div>
   <div class='ocr_carea' id='block_1_28' title="bbox 1927 1391 3510 1463">
    <p class='ocr_par' dir='ltr' id='par_1_28' title="bbox 1927 1391 3510 1463">
     <span class='ocr_line' id='line_1_28' title="bbox 1927 1391 3510 1463; baseline 0.004 -22"><span class='ocrx_word' id='word_1_205' title='bbox 1927 1403 1992 1442; x_wconf 88' lang='lat' dir='ltr'><strong>ac</strong></span> <span class='ocrx_word' id='word_1_206' title='bbox 2015 1391 2402 1459; x_wconf 79' lang='lat' dir='ltr'><strong>magnitudine,</strong></span> <span class='ocrx_word' id='word_1_207' title='bbox 2437 1391 2520 1445; x_wconf 85' lang='lat' dir='ltr'><strong>vel</strong></span> <span class='ocrx_word' id='word_1_208' title='bbox 2557 1393 2659 1448; x_wconf 84' lang='lat' dir='ltr'><strong>alia</strong></span> <span class='ocrx_word' id='word_1_209' title='bbox 2689 1407 2746 1447; x_wconf 90' lang='lat' dir='ltr'><strong>re</strong></span> <span class='ocrx_word' id='word_1_210' title='bbox 2777 1393 2956 1462; x_wconf 87' lang='lat' dir='ltr'><strong>aliqua</strong></span> <span class='ocrx_word' id='word_1_211' title='bbox 2996 1393 3250 1463; x_wconf 69' lang='lat' dir='ltr'><strong>inaequali</strong></span> <span class='ocrx_word' id='word_1_212' title='bbox 3277 1407 3366 1448; x_wconf 86' lang='lat' dir='ltr'><strong>res</strong></span> <span class='ocrx_word' id='word_1_213' title='bbox 3393 1394 3510 1448; x_wconf 88' lang='lat' dir='ltr'><strong>dis-</strong></span> 
     </span>
    </p>
   </div>
   <div class='ocr_carea' id='block_1_29' title="bbox 1925 1485 3508 1558">
    <p class='ocr_par' dir='ltr' id='par_1_29' title="bbox 1925 1485 3508 1558">
     <span class='ocr_line' id='line_1_29' title="bbox 1925 1485 3508 1558; baseline 0.005 -22"><span class='ocrx_word' id='word_1_214' title='bbox 1925 1492 2302 1547; x_wconf 85' lang='lat' dir='ltr'><strong>cernerentur,</strong></span> <span class='ocrx_word' id='word_1_215' title='bbox 2328 1485 2510 1554; x_wconf 82' lang='lat' dir='ltr'><strong>potius</strong></span> <span class='ocrx_word' id='word_1_216' title='bbox 2545 1501 2707 1554; x_wconf 87' lang='lat' dir='ltr'><strong>quam</strong></span> <span class='ocrx_word' id='word_1_217' title='bbox 2736 1487 2874 1541; x_wconf 89' lang='lat' dir='ltr'><strong>ratio</strong></span> <span class='ocrx_word' id='word_1_218' title='bbox 2923 1502 3080 1542; x_wconf 90' lang='lat' dir='ltr'><strong>suum</strong></span> <span class='ocrx_word' id='word_1_219' title='bbox 3113 1488 3312 1558; x_wconf 87' lang='lat' dir='ltr'><strong>cuique</strong></span> <span class='ocrx_word' id='word_1_220' title='bbox 3357 1498 3508 1544; x_wconf 88' lang='lat' dir='ltr'><strong>tran-</strong></span> 
     </span>
    </p>
   </div>
   <div class='ocr_carea' id='block_1_30' title="bbox 1924 1575 3513 1648">
    <p class='ocr_par' dir='ltr' id='par_1_30' title="bbox 1924 1575 3513 1648">
     <span class='ocr_line' id='line_1_30' title="bbox 1924 1575 3513 1648; baseline 0.006 -20"><span class='ocrx_word' id='word_1_221' title='bbox 1924 1575 2093 1645; x_wconf 91' lang='lat' dir='ltr'><strong>quille</strong></span> <span class='ocrx_word' id='word_1_222' title='bbox 2141 1577 2428 1632; x_wconf 82' lang='lat' dir='ltr'><strong>tribueret.</strong></span> <span class='ocrx_word' id='word_1_223' title='bbox 2462 1576 2587 1632; x_wconf 77' lang='lat' dir='ltr'><strong>Hzec</strong></span> <span class='ocrx_word' id='word_1_224' title='bbox 2617 1578 2784 1648; x_wconf 90' lang='lat' dir='ltr'><strong>igitur</strong></span> <span class='ocrx_word' id='word_1_225' title='bbox 2809 1588 2894 1634; x_wconf 90' lang='lat' dir='ltr'><strong>est</strong></span> <span class='ocrx_word' id='word_1_226' title='bbox 2943 1582 3098 1648; x_wconf 77' lang='lat' dir='ltr'><strong>origo</strong></span> <span class='ocrx_word' id='word_1_227' title='bbox 3132 1581 3418 1636; x_wconf 72' lang='lat' dir='ltr'><strong>rhetoricae</strong></span> <span class='ocrx_word' id='word_1_228' title='bbox 3457 1591 3513 1637; x_wconf 91' lang='lat' dir='ltr'><strong>et</strong></span> 
     </span>
    </p>
   </div>
   <div class='ocr_carea' id='block_1_31' title="bbox 1927 1668 3511 1739">
    <p class='ocr_par' dir='ltr' id='par_1_31' title="bbox 1927 1668 3511 1739">
     <span class='ocr_line' id='line_1_31' title="bbox 1927 1668 3511 1739; baseline 0.007 -19"><span class='ocrx_word' id='word_1_229' title='bbox 1927 1677 2142 1732; x_wconf 88' lang='lat' dir='ltr'><strong>natura,</strong></span> <span class='ocrx_word' id='word_1_230' title='bbox 2179 1668 2283 1723; x_wconf 91' lang='lat' dir='ltr'><strong>hoc</strong></span> <span class='ocrx_word' id='word_1_231' title='bbox 2322 1668 2442 1736; x_wconf 90' lang='lat' dir='ltr'><strong>ejus</strong></span> <span class='ocrx_word' id='word_1_232' title='bbox 2492 1671 2855 1739; x_wconf 91' lang='lat' dir='ltr'><strong>propositum,</strong></span> <span class='ocrx_word' id='word_1_233' title='bbox 2893 1682 2954 1726; x_wconf 93' lang='lat' dir='ltr'><strong>ut</strong></span> <span class='ocrx_word' id='word_1_234' title='bbox 3017 1687 3210 1728; x_wconf 90' lang='lat' dir='ltr'><strong>omnes</strong></span> <span class='ocrx_word' id='word_1_235' title='bbox 3254 1673 3511 1730; x_wconf 83' lang='lat' dir='ltr'><strong>homines</strong></span> 
     </span>
    </p>
   </div>
   <div class='ocr_carea' id='block_1_32' title="bbox 1925 1761 3512 1836">
    <p class='ocr_par' dir='ltr' id='par_1_32' title="bbox 1925 1761 3512 1836">
     <span class='ocr_line' id='line_1_32' title="bbox 1925 1761 3512 1836; baseline 0.006 -24"><span class='ocrx_word' id='word_1_236' title='bbox 1925 1768 2238 1823; x_wconf 87' lang='lat' dir='ltr'><strong>conservet,</strong></span> <span class='ocrx_word' id='word_1_237' title='bbox 2269 1771 2323 1814; x_wconf 92' lang='lat' dir='ltr'><strong>et</strong></span> <span class='ocrx_word' id='word_1_238' title='bbox 2348 1761 2453 1814; x_wconf 87' lang='lat' dir='ltr'><strong>vim</strong></span> <span class='ocrx_word' id='word_1_239' title='bbox 2482 1763 2834 1830; x_wconf 80' lang='lat' dir='ltr'><strong>persuasione</strong></span> <span class='ocrx_word' id='word_1_240' title='bbox 2860 1764 3111 1834; x_wconf 76' lang='lat' dir='ltr'><strong>repellat.</strong></span> <span class='ocrx_word' id='word_1_241' title='bbox 3163 1765 3512 1836; x_wconf 83' lang='lat' dir='ltr'><strong>Quapropter</strong></span> 
     </span>
    </p>
   </div>
   <div class='ocr_carea' id='block_1_33' title="bbox 1925 1850 3513 1924">
    <p class='ocr_par' dir='ltr' id='par_1_33' title="bbox 1925 1850 3513 1924">
     <span class='ocr_line' id='line_1_33' title="bbox 1925 1850 3513 1924; baseline 0.006 -22"><span class='ocrx_word' id='word_1_242' title='bbox 1925 1850 2173 1904; x_wconf 78' lang='lat' dir='ltr'><strong>eamdem</strong></span> <span class='ocrx_word' id='word_1_243' title='bbox 2203 1851 2473 1906; x_wconf 90' lang='lat' dir='ltr'><strong>rhetorica</strong></span> <span class='ocrx_word' id='word_1_244' title='bbox 2497 1867 2659 1921; x_wconf 89' lang='lat' dir='ltr'><strong>quam</strong></span> <span class='ocrx_word' id='word_1_245' title='bbox 2697 1868 2788 1908; x_wconf 89' lang='lat' dir='ltr'><strong>ars</strong></span> <span class='ocrx_word' id='word_1_246' title='bbox 2827 1854 3004 1924; x_wconf 84' lang='lat' dir='ltr'><strong>legum</strong></span> <span class='ocrx_word' id='word_1_247' title='bbox 3036 1854 3390 1911; x_wconf 81' lang='lat' dir='ltr'><strong>ferendarum</strong></span> <span class='ocrx_word' id='word_1_248' title='bbox 3426 1867 3513 1912; x_wconf 88' lang='lat' dir='ltr'><strong>est</strong></span> 
     </span>
    </p>
   </div>
   <div class='ocr_carea' id='block_1_34' title="bbox 231 1930 1819 2022">
    <p class='ocr_par' dir='ltr' id='par_1_34' title="bbox 231 1945 1819 2022">
     <span class='ocr_line' id='line_1_34' title="bbox 231 1945 1819 2022; baseline 0.006 -25"><span class='ocrx_word' id='word_1_249' title='bbox 231 1945 417 1998; x_wconf 88' lang='grc' dir='ltr'><strong>τοίνυν</strong></span> <span class='ocrx_word' id='word_1_250' title='bbox 443 1947 477 2016; x_wconf 83' lang='grc' dir='ltr'>ή</span> <span class='ocrx_word' id='word_1_251' title='bbox 507 1946 774 2018; x_wconf 82' lang='grc' dir='ltr'><strong>ῥητορικὴ</strong></span> <span class='ocrx_word' id='word_1_252' title='bbox 807 1949 872 2016; x_wconf 85' lang='grc' dir='ltr'><strong>τῇ</strong></span> <span class='ocrx_word' id='word_1_253' title='bbox 899 1948 946 1978; x_wconf 74' lang='grc'><strong>’³</strong></span> <span class='ocrx_word' id='word_1_254' title='bbox 969 1948 1293 2021; x_wconf 81' lang='grc' dir='ltr'><strong>νομοθετικῇ</strong></span> <span class='ocrx_word' id='word_1_255' title='bbox 1319 1948 1418 2020; x_wconf 83' lang='grc' dir='ltr'><strong>τῆς</strong></span> <span class='ocrx_word' id='word_1_256' title='bbox 1438 1951 1610 2021; x_wconf 75' lang='grc' dir='ltr'><strong>αὐτῆς</strong></span> <span class='ocrx_word' id='word_1_257' title='bbox 1639 1969 1819 2022; x_wconf 86' lang='grc' dir='ltr'><strong>μετει-</strong></span> 
     </span>
    </p>
   </div>
   <div class='ocr_carea' id='block_1_35' title="bbox 1924 1930 3514 2022">
    <p class='ocr_par' dir='ltr' id='par_1_35' title="bbox 1929 1943 3514 2016">
     <span class='ocr_line' id='line_1_35' title="bbox 1929 1943 3514 2016; baseline 0.005 -22"><span class='ocrx_word' id='word_1_258' title='bbox 1929 1951 2178 1996; x_wconf 84' lang='lat' dir='ltr'><strong>naturam</strong></span> <span class='ocrx_word' id='word_1_259' title='bbox 2225 1943 2441 2007; x_wconf 87' lang='lat' dir='ltr'><strong>sortita,</strong></span> <span class='ocrx_word' id='word_1_260' title='bbox 2515 1944 2560 1998; x_wconf 89' lang='lat' dir='ltr'><strong>si</strong></span> <span class='ocrx_word' id='word_1_261' title='bbox 2613 1945 2834 2014; x_wconf 86' lang='lat' dir='ltr'><strong>quidem</strong></span> <span class='ocrx_word' id='word_1_262' title='bbox 2886 1955 3174 2014; x_wconf 85' lang='lat' dir='ltr'><strong>utramque</strong></span> <span class='ocrx_word' id='word_1_263' title='bbox 3219 1947 3514 2016; x_wconf 67' lang='lat' dir='ltr'><strong>diligenter</strong></span> 
     </span>
    </p>
   </div>
   <div class='ocr_carea' id='block_1_36' title="bbox 232 2035 1823 2113">
    <p class='ocr_par' dir='ltr' id='par_1_36' title="bbox 232 2035 1823 2113">
     <span class='ocr_line' id='line_1_36' title="bbox 232 2035 1823 2113; baseline 0.008 -27"><span class='ocrx_word' id='word_1_264' title='bbox 232 2035 443 2106; x_wconf 71' lang='grc' dir='ltr'><strong>ληφυῖα</strong></span> <span class='ocrx_word' id='word_1_265' title='bbox 471 2036 706 2105; x_wconf 82' lang='grc' dir='ltr'><strong>φύσεως,</strong></span> <span class='ocrx_word' id='word_1_266' title='bbox 756 2038 917 2109; x_wconf 87' lang='grc' dir='ltr'><strong>εῐπερ</strong></span> <span class='ocrx_word' id='word_1_267' title='bbox 943 2039 987 2070; x_wconf 70' lang='grc'>³³</span> <span class='ocrx_word' id='word_1_268' title='bbox 1012 2040 1072 2092; x_wconf 89' lang='grc' dir='ltr'><strong>τό</strong></span> <span class='ocrx_word' id='word_1_269' title='bbox 1103 2057 1167 2109; x_wconf 90' lang='grc' dir='ltr'><strong>γε</strong></span> <span class='ocrx_word' id='word_1_270' title='bbox 1198 2042 1427 2113; x_wconf 86' lang='grc' dir='ltr'><strong>ἀκριϐὲς</strong></span> <span class='ocrx_word' id='word_1_271' title='bbox 1467 2043 1556 2096; x_wconf 77' lang='grc' dir='ltr'><strong>ἐπ’</strong></span> <span class='ocrx_word' id='word_1_272' title='bbox 1579 2045 1823 2113; x_wconf 80' lang='grc' dir='ltr'><strong>ἀμφοτέ-</strong></span> 
     </span>
    </p>
   </div>
   <div class='ocr_carea' id='block_1_37' title="bbox 236 2131 1822 2208">
    <p class='ocr_par' dir='ltr' id='par_1_37' title="bbox 236 2131 1822 2208">
     <span class='ocr_line' id='line_1_37' title="bbox 236 2131 1822 2208; baseline 0.013 -26"><span class='ocrx_word' id='word_1_273' title='bbox 236 2147 346 2201; x_wconf 89' lang='grc' dir='ltr'><strong>ρων</strong></span> <span class='ocrx_word' id='word_1_274' title='bbox 367 2131 449 2184; x_wconf 82' lang='grc' dir='ltr'><strong>δεῖ</strong></span> <span class='ocrx_word' id='word_1_275' title='bbox 498 2133 726 2203; x_wconf 87' lang='grc' dir='ltr'><strong>θεωρεῖν</strong></span> <span class='ocrx_word' id='word_1_276' title='bbox 755 2133 802 2165; x_wconf 76' lang='lat'>&quot;</span> <span class='ocrx_word' id='word_1_277' title='bbox 829 2150 843 2164; x_wconf 83' lang='lat'><strong><em>°</em></strong></span> <span class='ocrx_word' id='word_1_278' title='bbox 884 2133 1086 2204; x_wconf 82' lang='grc' dir='ltr'><strong>μᾶλλον</strong></span> <span class='ocrx_word' id='word_1_279' title='bbox 1113 2135 1168 2189; x_wconf 83' lang='grc' dir='ltr'><strong>δὲ</strong></span> <span class='ocrx_word' id='word_1_280' title='bbox 1203 2136 1369 2206; x_wconf 85' lang='grc' dir='ltr'><strong>μέρος</strong></span> <span class='ocrx_word' id='word_1_281' title='bbox 1425 2131 1562 2191; x_wconf 81' lang='grc' dir='ltr'><strong>οῦσσ.</strong></span> <span class='ocrx_word' id='word_1_282' title='bbox 1590 2137 1688 2208; x_wconf 80' lang='grc' dir='ltr'><strong>τῆς</strong></span> <span class='ocrx_word' id='word_1_283' title='bbox 1725 2139 1822 2208; x_wconf 77' lang='grc' dir='ltr'><strong>ρη-</strong></span> 
     </span>
    </p>
   </div>
   <div class='ocr_carea' id='block_1_38' title="bbox 229 2221 1817 2299">
    <p class='ocr_par' dir='ltr' id='par_1_38' title="bbox 229 2221 1817 2299">
     <span class='ocr_line' id='line_1_38' title="bbox 229 2221 1817 2299; baseline 0.007 -27"><span class='ocrx_word' id='word_1_284' title='bbox 229 2221 459 2291; x_wconf 85' lang='grc' dir='ltr'><strong>τορικῆς</strong></span> <span class='ocrx_word' id='word_1_285' title='bbox 487 2223 519 2293; x_wconf 77' lang='grc' dir='ltr'>ἡ</span> <span class='ocrx_word' id='word_1_286' title='bbox 552 2222 896 2295; x_wconf 81' lang='grc' dir='ltr'><strong>νομοθετικὴ,</strong></span> <span class='ocrx_word' id='word_1_287' title='bbox 927 2225 1022 2278; x_wconf 81' lang='grc' dir='ltr'><strong>καὶ</strong></span> <span class='ocrx_word' id='word_1_288' title='bbox 1051 2229 1164 2290; x_wconf 83' lang='grc' dir='ltr'><strong>τοῖς</strong></span> <span class='ocrx_word' id='word_1_289' title='bbox 1189 2228 1326 2280; x_wconf 81' lang='grc' dir='ltr'><strong>πᾶσι</strong></span> <span class='ocrx_word' id='word_1_290' title='bbox 1361 2227 1610 2299; x_wconf 90' lang='grc' dir='ltr'><strong>δευτέρα.</strong></span> <span class='ocrx_word' id='word_1_291' title='bbox 1654 2228 1776 2292; x_wconf 78' lang='grc' dir='ltr'><strong>Πῶς</strong></span> <span class='ocrx_word' id='word_1_292' title='bbox 1803 2247 1817 2295; x_wconf 87' lang='lat'>;</span> 
     </span>
    </p>
   </div>
   <div class='ocr_carea' id='block_1_39' title="bbox 233 2311 1822 2392">
    <p class='ocr_par' dir='ltr' id='par_1_39' title="bbox 233 2311 1822 2392">
     <span class='ocr_line' id='line_1_39' title="bbox 233 2311 1822 2392; baseline 0.006 -28"><span class='ocrx_word' id='word_1_293' title='bbox 233 2311 463 2383; x_wconf 84' lang='grc' dir='ltr'><strong>Πρῶτον</strong></span> <span class='ocrx_word' id='word_1_294' title='bbox 515 2316 612 2382; x_wconf 86' lang='grc' dir='ltr'><strong>μὲν</strong></span> <span class='ocrx_word' id='word_1_295' title='bbox 661 2317 742 2370; x_wconf 84' lang='grc' dir='ltr'><strong>ὅτι</strong></span> <span class='ocrx_word' id='word_1_296' title='bbox 793 2319 888 2370; x_wconf 76' lang='grc' dir='ltr'><strong>καὶ</strong></span> <span class='ocrx_word' id='word_1_297' title='bbox 954 2318 1080 2390; x_wconf 79' lang='grc' dir='ltr'><strong>περὶ</strong></span> <span class='ocrx_word' id='word_1_298' title='bbox 1129 2319 1310 2372; x_wconf 85' lang='grc' dir='ltr'><strong>αὐτῶν</strong></span> <span class='ocrx_word' id='word_1_299' title='bbox 1365 2319 1471 2373; x_wconf 76' lang='grc' dir='ltr'><strong>ἔδει</strong></span> <span class='ocrx_word' id='word_1_300' title='bbox 1511 2321 1618 2374; x_wconf 84' lang='grc' dir='ltr'><strong>τῶν</strong></span> <span class='ocrx_word' id='word_1_301' title='bbox 1641 2322 1822 2392; x_wconf 87' lang='grc' dir='ltr'><strong>νόμων</strong></span> 
     </span>
    </p>
   </div>
   <div class='ocr_carea' id='block_1_40' title="bbox 233 2404 1820 2485">
    <p class='ocr_par' dir='ltr' id='par_1_40' title="bbox 233 2404 1820 2485">
     <span class='ocr_line' id='line_1_40' title="bbox 233 2404 1820 2485; baseline 0.009 -29"><span class='ocrx_word' id='word_1_302' title='bbox 233 2404 394 2472; x_wconf 80' lang='grc' dir='ltr'><strong>λόγου</strong></span> <span class='ocrx_word' id='word_1_303' title='bbox 421 2407 654 2482; x_wconf 71' lang='grc'><strong>[67611]</strong></span> <span class='ocrx_word' id='word_1_304' title='bbox 678 2409 771 2463; x_wconf 89' lang='grc' dir='ltr'><strong>τοῦ</strong></span> <span class='ocrx_word' id='word_1_305' title='bbox 829 2410 1130 2476; x_wconf 88' lang='grc' dir='ltr'><strong>πείθοντος.</strong></span> <span class='ocrx_word' id='word_1_306' title='bbox 1168 2412 1230 2464; x_wconf 81' lang='lat' dir='ltr'><strong>El</strong></span> <span class='ocrx_word' id='word_1_307' title='bbox 1261 2411 1368 2482; x_wconf 86' lang='grc' dir='ltr'><strong>γάρ</strong></span> <span class='ocrx_word' id='word_1_308' title='bbox 1409 2415 1454 2444; x_wconf 76' lang='grc'><strong>³⁸</strong></span> <span class='ocrx_word' id='word_1_309' title='bbox 1483 2414 1630 2467; x_wconf 80' lang='grc' dir='ltr'><strong>ἐστιν</strong></span> <span class='ocrx_word' id='word_1_310' title='bbox 1659 2414 1820 2485; x_wconf 84' lang='grc' dir='ltr'><strong>εῦδη-</strong></span> 
     </span>
    </p>
   </div>
   <div class='ocr_carea' id='block_1_41' title="bbox 244 2502 1820 2578">
    <p class='ocr_par' dir='ltr' id='par_1_41' title="bbox 244 2502 1820 2578">
     <span class='ocr_line' id='line_1_41' title="bbox 244 2502 1820 2578; baseline 0.005 -26"><span class='ocrx_word' id='word_1_311' title='bbox 244 2502 336 2555; x_wconf 86' lang='grc' dir='ltr'><strong>λον</strong></span> <span class='ocrx_word' id='word_1_312' title='bbox 376 2502 458 2555; x_wconf 82' lang='grc' dir='ltr'><strong>ὅτι</strong></span> <span class='ocrx_word' id='word_1_313' title='bbox 492 2503 541 2555; x_wconf 79' lang='grc' dir='ltr'><strong>οἱ</strong></span> <span class='ocrx_word' id='word_1_314' title='bbox 570 2503 724 2575; x_wconf 85' lang='grc' dir='ltr'><strong>νόμοι</strong></span> <span class='ocrx_word' id='word_1_315' title='bbox 762 2503 861 2574; x_wconf 86' lang='grc' dir='ltr'><strong>μὲν</strong></span> <span class='ocrx_word' id='word_1_316' title='bbox 897 2504 1038 2576; x_wconf 83' lang='grc' dir='ltr'><strong>ὑπὲρ</strong></span> <span class='ocrx_word' id='word_1_317' title='bbox 1063 2504 1156 2558; x_wconf 91' lang='grc' dir='ltr'><strong>τοῦ</strong></span> <span class='ocrx_word' id='word_1_318' title='bbox 1197 2505 1408 2569; x_wconf 84' lang='grc' dir='ltr'><strong>πάντας</strong></span> <span class='ocrx_word' id='word_1_319' title='bbox 1438 2505 1500 2558; x_wconf 82' lang='grc' dir='ltr'><strong>τὸ</strong></span> <span class='ocrx_word' id='word_1_320' title='bbox 1542 2508 1820 2578; x_wconf 71' lang='grc' dir='ltr'><strong>προσῆκον</strong></span> 
     </span>
    </p>
   </div>
   <div class='ocr_carea' id='block_1_42' title="bbox 235 2594 1821 2670">
    <p class='ocr_par' dir='ltr' id='par_1_42' title="bbox 235 2594 1821 2670">
     <span class='ocr_line' id='line_1_42' title="bbox 235 2594 1821 2670; baseline 0.004 -23"><span class='ocrx_word' id='word_1_321' title='bbox 235 2594 383 2666; x_wconf 76' lang='grc' dir='ltr'><strong>ἔχειν</strong></span> <span class='ocrx_word' id='word_1_322' title='bbox 403 2594 628 2665; x_wconf 79' lang='grc' dir='ltr'><strong>ἔμελλον</strong></span> <span class='ocrx_word' id='word_1_323' title='bbox 649 2594 1000 2668; x_wconf 83' lang='grc' dir='ltr'><strong>τεθήσεσθαι,</strong></span> <span class='ocrx_word' id='word_1_324' title='bbox 1024 2595 1182 2650; x_wconf 89' lang='grc' dir='ltr'><strong>τοῦτο</strong></span> <span class='ocrx_word' id='word_1_325' title='bbox 1211 2597 1267 2650; x_wconf 81' lang='grc' dir='ltr'><strong>δὲ</strong></span> <span class='ocrx_word' id='word_1_326' title='bbox 1299 2598 1348 2650; x_wconf 82' lang='grc' dir='ltr'><strong>οἱ</strong></span> <span class='ocrx_word' id='word_1_327' title='bbox 1379 2600 1444 2669; x_wconf 83' lang='grc' dir='ltr'><strong>τῇ</strong></span> <span class='ocrx_word' id='word_1_328' title='bbox 1479 2599 1623 2669; x_wconf 73' lang='grc' dir='ltr'><strong>χειρὶ</strong></span> <span class='ocrx_word' id='word_1_329' title='bbox 1640 2601 1821 2670; x_wconf 80' lang='grc' dir='ltr'><strong>κρείτ·</strong></span> 
     </span>
    </p>
   </div>
   <div class='ocr_carea' id='block_1_43' title="bbox 203 2682 1820 2756">
    <p class='ocr_par' dir='ltr' id='par_1_43' title="bbox 203 2682 1820 2756">
     <span class='ocr_line' id='line_1_43' title="bbox 203 2682 1820 2756; baseline 0.002 -21"><span class='ocrx_word' id='word_1_330' title='bbox 203 2685 206 2688; x_wconf 74' lang='grc'><strong>’</strong></span> <span class='ocrx_word' id='word_1_331' title='bbox 235 2700 363 2746; x_wconf 89' lang='grc' dir='ltr'><strong>τους</strong></span> <span class='ocrx_word' id='word_1_332' title='bbox 395 2682 624 2750; x_wconf 76' lang='grc' dir='ltr'><strong>ἔμελλον</strong></span> <span class='ocrx_word' id='word_1_333' title='bbox 682 2683 1184 2754; x_wconf 82' lang='grc' dir='ltr'><strong>συμϐουλήσεσθαι,</strong></span> <span class='ocrx_word' id='word_1_334' title='bbox 1221 2684 1340 2748; x_wconf 80' lang='grc' dir='ltr'><strong>πῶς</strong></span> <span class='ocrx_word' id='word_1_335' title='bbox 1374 2687 1474 2739; x_wconf 77' lang='grc' dir='ltr'><strong>οὐκ</strong></span> <span class='ocrx_word' id='word_1_336' title='bbox 1503 2687 1820 2756; x_wconf 81' lang='grc' dir='ltr'><strong>ἀναγκαίως</strong></span> 
     </span>
    </p>
   </div>
   <div class='ocr_carea' id='block_1_44' title="bbox 235 2779 1819 2853">
    <p class='ocr_par' dir='ltr' id='par_1_44' title="bbox 235 2779 1819 2853">
     <span class='ocr_line' id='line_1_44' title="bbox 235 2779 1819 2853; baseline 0.001 -20"><span class='ocrx_word' id='word_1_337' title='bbox 235 2779 346 2834; x_wconf 76' lang='grc' dir='ltr'><strong>ἔδει</strong></span> <span class='ocrx_word' id='word_1_338' title='bbox 377 2779 533 2849; x_wconf 83' lang='grc' dir='ltr'><strong>λόγου</strong></span> <span class='ocrx_word' id='word_1_339' title='bbox 555 2780 649 2834; x_wconf 91' lang='grc' dir='ltr'><strong>τοῦ</strong></span> <span class='ocrx_word' id='word_1_340' title='bbox 686 2781 965 2844; x_wconf 84' lang='grc' dir='ltr'><strong>πείθοντος</strong></span> <span class='ocrx_word' id='word_1_341' title='bbox 989 2781 1101 2853; x_wconf 73' lang='grc' dir='ltr'><strong>ἤδη</strong></span> <span class='ocrx_word' id='word_1_342' title='bbox 1131 2781 1176 2812; x_wconf 78' lang='grc'><strong>’⁷</strong></span> <span class='ocrx_word' id='word_1_343' title='bbox 1216 2799 1232 2848; x_wconf 91' lang='grc'><strong>;</strong></span> <span class='ocrx_word' id='word_1_344' title='bbox 1263 2781 1324 2834; x_wconf 89' lang='grc' dir='ltr'><strong>ού</strong></span> <span class='ocrx_word' id='word_1_345' title='bbox 1365 2782 1474 2852; x_wconf 87' lang='grc' dir='ltr'><strong>γὰρ</strong></span> <span class='ocrx_word' id='word_1_346' title='bbox 1529 2782 1819 2852; x_wconf 79' lang='grc' dir='ltr'><strong>βιάσασθαί</strong></span> 
     </span>
    </p>
   </div>
   <div class='ocr_carea' id='block_1_45' title="bbox 233 2871 1820 2944">
    <p class='ocr_par' dir='ltr' id='par_1_45' title="bbox 233 2871 1820 2944">
     <span class='ocr_line' id='line_1_45' title="bbox 233 2871 1820 2944; baseline 0.001 -20"><span class='ocrx_word' id='word_1_347' title='bbox 233 2887 300 2939; x_wconf 88' lang='grc' dir='ltr'><strong>γε</strong></span> <span class='ocrx_word' id='word_1_348' title='bbox 328 2871 375 2904; x_wconf 75' lang='grc'>⁸⁸</span> <span class='ocrx_word' id='word_1_349' title='bbox 403 2872 527 2943; x_wconf 80' lang='grc' dir='ltr'><strong>ἐνῆν</strong></span> <span class='ocrx_word' id='word_1_350' title='bbox 555 2874 680 2936; x_wconf 77' lang='grc' dir='ltr'><strong>τοὺς</strong></span> <span class='ocrx_word' id='word_1_351' title='bbox 718 2873 854 2944; x_wconf 82' lang='grc' dir='ltr'><strong>πρὸς</strong></span> <span class='ocrx_word' id='word_1_352' title='bbox 885 2872 1022 2926; x_wconf 81' lang='grc' dir='ltr'><strong>αὐτὸ</strong></span> <span class='ocrx_word' id='word_1_353' title='bbox 1056 2871 1215 2926; x_wconf 90' lang='grc' dir='ltr'><strong>τοῦτο</strong></span> <span class='ocrx_word' id='word_1_354' title='bbox 1257 2873 1573 2942; x_wconf 78' lang='grc' dir='ltr'><strong>πεφυκότας</strong></span> <span class='ocrx_word' id='word_1_355' title='bbox 1607 2873 1673 2938; x_wconf 83' lang='grc'><strong>²⁹,</strong></span> <span class='ocrx_word' id='word_1_356' title='bbox 1709 2874 1820 2927; x_wconf 75' lang='grc' dir='ltr'><strong>οὐδ’</strong></span> 
     </span>
    </p>
   </div>
   <div class='ocr_carea' id='block_1_46' title="bbox 231 2960 1815 3036">
    <p class='ocr_par' dir='ltr' id='par_1_46' title="bbox 231 2960 1815 3036">
     <span class='ocr_line' id='line_1_46' title="bbox 231 2960 1815 3036; baseline 0.001 -19"><span class='ocrx_word' id='word_1_357' title='bbox 231 2960 302 3033; x_wconf 82' lang='grc' dir='ltr'><strong>ῆν</strong></span> <span class='ocrx_word' id='word_1_358' title='bbox 333 2963 470 3035; x_wconf 87' lang='grc' dir='ltr'><strong>αῦτη</strong></span> <span class='ocrx_word' id='word_1_359' title='bbox 496 2968 676 3035; x_wconf 79' lang='grc' dir='ltr'><strong>νόμων</strong></span> <span class='ocrx_word' id='word_1_360' title='bbox 710 2966 880 3036; x_wconf 82' lang='grc' dir='ltr'><strong>ἀρχή·</strong></span> <span class='ocrx_word' id='word_1_361' title='bbox 917 2965 1059 3036; x_wconf 84' lang='grc' dir='ltr'><strong>ὑπὲρ</strong></span> <span class='ocrx_word' id='word_1_362' title='bbox 1090 2965 1200 3035; x_wconf 82' lang='grc' dir='ltr'><strong>γὰρ</strong></span> <span class='ocrx_word' id='word_1_363' title='bbox 1229 2964 1393 3017; x_wconf 87' lang='grc' dir='ltr'><strong>αὑτοῦ</strong></span> <span class='ocrx_word' id='word_1_364' title='bbox 1439 2965 1534 3018; x_wconf 92' lang='grc' dir='ltr'><strong>τοῦ</strong></span> <span class='ocrx_word' id='word_1_365' title='bbox 1585 2965 1661 3035; x_wconf 84' lang='grc' dir='ltr'><strong>μὴ</strong></span> <span class='ocrx_word' id='word_1_366' title='bbox 1703 2964 1815 3036; x_wconf 78' lang='grc' dir='ltr'><strong>βιά-</strong></span> 
     </span>
    </p>
   </div>
   <div class='ocr_carea' id='block_1_47' title="bbox 235 3053 1819 3130">
    <p class='ocr_par' dir='ltr' id='par_1_47' title="bbox 235 3053 1819 3130">
     <span class='ocr_line' id='line_1_47' title="bbox 235 3053 1819 3130; baseline 0 -18"><span class='ocrx_word' id='word_1_367' title='bbox 235 3058 424 3124; x_wconf 78' lang='grc' dir='ltr'><strong>ζεσθαι</strong></span> <span class='ocrx_word' id='word_1_368' title='bbox 458 3059 586 3122; x_wconf 85' lang='grc' dir='ltr'><strong>τοὺς</strong></span> <span class='ocrx_word' id='word_1_369' title='bbox 612 3059 812 3130; x_wconf 83' lang='grc' dir='ltr'><strong>νόμους</strong></span> <span class='ocrx_word' id='word_1_370' title='bbox 841 3059 948 3112; x_wconf 80' lang='grc' dir='ltr'><strong>ἔδει</strong></span> <span class='ocrx_word' id='word_1_371' title='bbox 999 3057 1208 3111; x_wconf 86' lang='grc' dir='ltr'><strong>θέσθαι.</strong></span> <span class='ocrx_word' id='word_1_372' title='bbox 1244 3056 1452 3112; x_wconf 76' lang='grc' dir='ltr'><strong>Οὔκουν</strong></span> <span class='ocrx_word' id='word_1_373' title='bbox 1491 3053 1559 3129; x_wconf 84' lang='grc' dir='ltr'><strong>ῆν</strong></span> <span class='ocrx_word' id='word_1_374' title='bbox 1612 3058 1819 3112; x_wconf 90' lang='grc' dir='ltr'><strong>τιθέναι</strong></span> 
     </span>
    </p>
   </div>
   <div class='ocr_carea' id='block_1_48' title="bbox 237 3147 1820 3225">
    <p class='ocr_par' dir='ltr' id='par_1_48' title="bbox 237 3147 1820 3225">
     <span class='ocr_line' id='line_1_48' title="bbox 237 3147 1820 3225; baseline 0 -19"><span class='ocrx_word' id='word_1_375' title='bbox 237 3153 588 3224; x_wconf 83' lang='grc' dir='ltr'><strong>βιασάμενον,</strong></span> <span class='ocrx_word' id='word_1_376' title='bbox 625 3151 788 3225; x_wconf 71' lang='grc'><strong>[1252</strong></span> <span class='ocrx_word' id='word_1_377' title='bbox 827 3151 921 3225; x_wconf 61' lang='lat'><strong>11.}</strong></span> <span class='ocrx_word' id='word_1_378' title='bbox 950 3151 1086 3206; x_wconf 84' lang='grc' dir='ltr'><strong>ἀλλά</strong></span> <span class='ocrx_word' id='word_1_379' title='bbox 1115 3151 1260 3205; x_wconf 83' lang='grc' dir='ltr'><strong>τοῦτ’</strong></span> <span class='ocrx_word' id='word_1_380' title='bbox 1289 3147 1358 3223; x_wconf 80' lang='grc' dir='ltr'><strong>ἦν</strong></span> <span class='ocrx_word' id='word_1_381' title='bbox 1417 3154 1636 3222; x_wconf 83' lang='grc' dir='ltr'><strong>πρῶτον</strong></span> <span class='ocrx_word' id='word_1_382' title='bbox 1667 3152 1820 3222; x_wconf 78' lang='grc' dir='ltr'><strong>παρὰ</strong></span> 
     </span>
    </p>
   </div>
   <div class='ocr_carea' id='block_1_49' title="bbox 1927 2033 3512 2106">
    <p class='ocr_par' dir='ltr' id='par_1_49' title="bbox 1927 2033 3512 2106">
     <span class='ocr_line' id='line_1_49' title="bbox 1927 2033 3512 2106; baseline 0.006 -22"><span class='ocrx_word' id='word_1_383' title='bbox 1927 2033 2158 2087; x_wconf 83' lang='lat' dir='ltr'><strong>velimus</strong></span> <span class='ocrx_word' id='word_1_384' title='bbox 2202 2034 2494 2103; x_wconf 79' lang='lat' dir='ltr'><strong>inSpicere,</strong></span> <span class='ocrx_word' id='word_1_385' title='bbox 2523 2045 2686 2103; x_wconf 89' lang='lat' dir='ltr'><strong>atque</strong></span> <span class='ocrx_word' id='word_1_386' title='bbox 2721 2036 2858 2091; x_wconf 87' lang='lat' dir='ltr'><strong>adeo</strong></span> <span class='ocrx_word' id='word_1_387' title='bbox 2911 2051 3039 2106; x_wconf 90' lang='lat' dir='ltr'><strong>pars</strong></span> <span class='ocrx_word' id='word_1_388' title='bbox 3089 2047 3172 2092; x_wconf 90' lang='lat' dir='ltr'><strong>est</strong></span> <span class='ocrx_word' id='word_1_389' title='bbox 3221 2038 3512 2094; x_wconf 67' lang='lat' dir='ltr'><strong>rhetoricae</strong></span> 
     </span>
    </p>
   </div>
   <div class='ocr_carea' id='block_1_50' title="bbox 1925 2125 3512 2198">
    <p class='ocr_par' dir='ltr' id='par_1_50' title="bbox 1925 2125 3512 2198">
     <span class='ocr_line' id='line_1_50' title="bbox 1925 2125 3512 2198; baseline 0.006 -21"><span class='ocrx_word' id='word_1_390' title='bbox 1925 2141 2015 2180; x_wconf 82' lang='lat' dir='ltr'><strong>ars</strong></span> <span class='ocrx_word' id='word_1_391' title='bbox 2051 2125 2252 2196; x_wconf 86' lang='lat' dir='ltr'><strong>legum,</strong></span> <span class='ocrx_word' id='word_1_392' title='bbox 2276 2129 2441 2196; x_wconf 87' lang='lat' dir='ltr'><strong>atque</strong></span> <span class='ocrx_word' id='word_1_393' title='bbox 2492 2127 2547 2182; x_wconf 92' lang='lat' dir='ltr'><strong>in</strong></span> <span class='ocrx_word' id='word_1_394' title='bbox 2595 2128 2851 2183; x_wconf 88' lang='lat' dir='ltr'><strong>omnibus</strong></span> <span class='ocrx_word' id='word_1_395' title='bbox 2897 2129 3149 2184; x_wconf 83' lang='lat' dir='ltr'><strong>inferior.</strong></span> <span class='ocrx_word' id='word_1_396' title='bbox 3179 2129 3512 2198; x_wconf 83' lang='lat' dir='ltr'><strong>Quomodo?</strong></span> 
     </span>
    </p>
   </div>
   <div class='ocr_carea' id='block_1_51' title="bbox 1923 2217 3510 2294">
    <p class='ocr_par' dir='ltr' id='par_1_51' title="bbox 1923 2217 3510 2294">
     <span class='ocr_line' id='line_1_51' title="bbox 1923 2217 3510 2294; baseline 0.005 -22"><span class='ocrx_word' id='word_1_397' title='bbox 1923 2217 2163 2272; x_wconf 90' lang='lat' dir='ltr'><strong>Primum</strong></span> <span class='ocrx_word' id='word_1_398' title='bbox 2195 2221 2338 2273; x_wconf 91' lang='lat' dir='ltr'><strong>enim</strong></span> <span class='ocrx_word' id='word_1_399' title='bbox 2369 2219 2500 2288; x_wconf 83' lang='lat' dir='ltr'><strong>ipsis</strong></span> <span class='ocrx_word' id='word_1_400' title='bbox 2531 2219 2694 2274; x_wconf 89' lang='lat' dir='ltr'><strong>etiam</strong></span> <span class='ocrx_word' id='word_1_401' title='bbox 2730 2221 2940 2290; x_wconf 80' lang='lat' dir='ltr'><strong>legibus</strong></span> <span class='ocrx_word' id='word_1_402' title='bbox 2963 2222 3212 2276; x_wconf 90' lang='lat' dir='ltr'><strong>oratione</strong></span> <span class='ocrx_word' id='word_1_403' title='bbox 3234 2233 3352 2278; x_wconf 90' lang='lat' dir='ltr'><strong>erat</strong></span> <span class='ocrx_word' id='word_1_404' title='bbox 3373 2239 3510 2294; x_wconf 89' lang='lat' dir='ltr'><strong>opus</strong></span> 
     </span>
    </p>
   </div>
   <div class='ocr_carea' id='block_1_52' title="bbox 1925 2310 3510 2384">
    <p class='ocr_par' dir='ltr' id='par_1_52' title="bbox 1925 2310 3510 2384">
     <span class='ocr_line' id='line_1_52' title="bbox 1925 2310 3510 2384; baseline 0.005 -21"><span class='ocrx_word' id='word_1_405' title='bbox 1925 2310 1990 2365; x_wconf 89' lang='lat' dir='ltr'><strong>ad</strong></span> <span class='ocrx_word' id='word_1_406' title='bbox 2032 2313 2489 2380; x_wconf 84' lang='lat' dir='ltr'><strong>persuadendum.</strong></span> <span class='ocrx_word' id='word_1_407' title='bbox 2546 2313 2757 2368; x_wconf 88' lang='lat' dir='ltr'><strong>Etenim</strong></span> <span class='ocrx_word' id='word_1_408' title='bbox 2785 2315 2828 2368; x_wconf 91' lang='lat' dir='ltr'><strong>si</strong></span> <span class='ocrx_word' id='word_1_409' title='bbox 2860 2314 3011 2384; x_wconf 81' lang='lat' dir='ltr'><strong>leges</strong></span> <span class='ocrx_word' id='word_1_410' title='bbox 3034 2330 3096 2369; x_wconf 91' lang='lat' dir='ltr'><strong>ea</strong></span> <span class='ocrx_word' id='word_1_411' title='bbox 3128 2316 3194 2370; x_wconf 90' lang='lat' dir='ltr'><strong>de</strong></span> <span class='ocrx_word' id='word_1_412' title='bbox 3229 2331 3418 2380; x_wconf 88' lang='lat' dir='ltr'><strong>causa,</strong></span> <span class='ocrx_word' id='word_1_413' title='bbox 3451 2327 3510 2371; x_wconf 83' lang='lat' dir='ltr'><strong>ut</strong></span> 
     </span>
    </p>
   </div>
   <div class='ocr_carea' id='block_1_53' title="bbox 1923 2405 3507 2475">
    <p class='ocr_par' dir='ltr' id='par_1_53' title="bbox 1923 2405 3507 2475">
     <span class='ocr_line' id='line_1_53' title="bbox 1923 2405 3507 2475; baseline 0.006 -20"><span class='ocrx_word' id='word_1_414' title='bbox 1923 2418 2078 2456; x_wconf 85' lang='lat' dir='ltr'><strong>suum</strong></span> <span class='ocrx_word' id='word_1_415' title='bbox 2105 2405 2300 2471; x_wconf 84' lang='lat' dir='ltr'><strong>cuique</strong></span> <span class='ocrx_word' id='word_1_416' title='bbox 2319 2405 2736 2469; x_wconf 90' lang='lat' dir='ltr'><strong>concederetur,</strong></span> <span class='ocrx_word' id='word_1_417' title='bbox 2761 2417 2920 2460; x_wconf 88' lang='lat' dir='ltr'><strong>erant</strong></span> <span class='ocrx_word' id='word_1_418' title='bbox 2953 2406 3211 2475; x_wconf 68' lang='lat' dir='ltr'><strong>ferendae,</strong></span> <span class='ocrx_word' id='word_1_419' title='bbox 3242 2409 3294 2465; x_wconf 87' lang='lat' dir='ltr'><strong>id</strong></span> <span class='ocrx_word' id='word_1_420' title='bbox 3323 2420 3507 2465; x_wconf 90' lang='lat' dir='ltr'><strong>autem</strong></span> 
     </span>
    </p>
   </div>
   <div class='ocr_carea' id='block_1_54' title="bbox 1925 2493 3507 2567">
    <p class='ocr_par' dir='ltr' id='par_1_54' title="bbox 1925 2493 3507 2567">
     <span class='ocr_line' id='line_1_54' title="bbox 1925 2493 3507 2567; baseline 0.008 -20"><span class='ocrx_word' id='word_1_421' title='bbox 1925 2493 2237 2551; x_wconf 82' lang='lat' dir='ltr'><strong>fortissimis</strong></span> <span class='ocrx_word' id='word_1_422' title='bbox 2265 2499 2574 2567; x_wconf 87' lang='lat' dir='ltr'><strong>quibusque</strong></span> <span class='ocrx_word' id='word_1_423' title='bbox 2600 2499 2928 2566; x_wconf 86' lang='lat' dir='ltr'><strong>placiturum</strong></span> <span class='ocrx_word' id='word_1_424' title='bbox 2961 2515 3064 2555; x_wconf 92' lang='lat' dir='ltr'><strong>non</strong></span> <span class='ocrx_word' id='word_1_425' title='bbox 3095 2513 3235 2567; x_wconf 89' lang='lat' dir='ltr'><strong>erat,</strong></span> <span class='ocrx_word' id='word_1_426' title='bbox 3281 2506 3507 2560; x_wconf 90' lang='lat' dir='ltr'><strong>omnino</strong></span> 
     </span>
    </p>
   </div>
   <div class='ocr_carea' id='block_1_55' title="bbox 1925 2585 3495 2650">
    <p class='ocr_par' dir='ltr' id='par_1_55' title="bbox 1925 2585 3495 2650">
     <span class='ocr_line' id='line_1_55' title="bbox 1925 2585 3495 2650; baseline 0.006 -12"><span class='ocrx_word' id='word_1_427' title='bbox 1925 2585 2027 2640; x_wconf 90' lang='lat' dir='ltr'><strong>fuit</strong></span> <span class='ocrx_word' id='word_1_428' title='bbox 2065 2588 2326 2643; x_wconf 87' lang='lat' dir='ltr'><strong>adhibere</strong></span> <span class='ocrx_word' id='word_1_429' title='bbox 2370 2590 2674 2644; x_wconf 88' lang='lat' dir='ltr'><strong>orationem</strong></span> <span class='ocrx_word' id='word_1_430' title='bbox 2752 2591 3150 2646; x_wconf 87' lang='lat' dir='ltr'><strong>necessarium.</strong></span> <span class='ocrx_word' id='word_1_431' title='bbox 3193 2591 3331 2648; x_wconf 83' lang='lat' dir='ltr'><strong>Nam</strong></span> <span class='ocrx_word' id='word_1_432' title='bbox 3387 2595 3495 2650; x_wconf 88' lang='lat' dir='ltr'><strong>vim</strong></span> 
     </span>
    </p>
   </div>
   <div class='ocr_carea' id='block_1_56' title="bbox 1924 2681 3506 2755">
    <p class='ocr_par' dir='ltr' id='par_1_56' title="bbox 1924 2681 3506 2755">
     <span class='ocr_line' id='line_1_56' title="bbox 1924 2681 3506 2755; baseline 0.006 -21"><span class='ocrx_word' id='word_1_433' title='bbox 1924 2681 2142 2751; x_wconf 88' lang='lat' dir='ltr'><strong>quidem</strong></span> <span class='ocrx_word' id='word_1_434' title='bbox 2180 2697 2284 2736; x_wconf 91' lang='lat' dir='ltr'><strong>non</strong></span> <span class='ocrx_word' id='word_1_435' title='bbox 2342 2682 2546 2738; x_wconf 85' lang='lat' dir='ltr'><strong>licebat</strong></span> <span class='ocrx_word' id='word_1_436' title='bbox 2611 2684 2679 2738; x_wconf 90' lang='lat' dir='ltr'><strong>iis</strong></span> <span class='ocrx_word' id='word_1_437' title='bbox 2742 2683 2966 2751; x_wconf 86' lang='lat' dir='ltr'><strong>inferre,</strong></span> <span class='ocrx_word' id='word_1_438' title='bbox 3023 2687 3114 2755; x_wconf 89' lang='lat' dir='ltr'><strong>qui</strong></span> <span class='ocrx_word' id='word_1_439' title='bbox 3170 2686 3327 2742; x_wconf 83' lang='lat' dir='ltr'><strong>liberi</strong></span> <span class='ocrx_word' id='word_1_440' title='bbox 3393 2689 3506 2743; x_wconf 91' lang='lat' dir='ltr'><strong>nati</strong></span> 
     </span>
    </p>
   </div>
   <div class='ocr_carea' id='block_1_57' title="bbox 1923 2775 3504 2847">
    <p class='ocr_par' dir='ltr' id='par_1_57' title="bbox 1923 2775 3504 2847">
     <span class='ocr_line' id='line_1_57' title="bbox 1923 2775 3504 2847; baseline 0.007 -22"><span class='ocrx_word' id='word_1_441' title='bbox 1923 2783 2129 2837; x_wconf 88' lang='lat' dir='ltr'><strong>essent,</strong></span> <span class='ocrx_word' id='word_1_442' title='bbox 2157 2788 2255 2827; x_wconf 91' lang='lat' dir='ltr'><strong>nec</strong></span> <span class='ocrx_word' id='word_1_443' title='bbox 2290 2775 2404 2830; x_wconf 82' lang='lat' dir='ltr'><strong>haec</strong></span> <span class='ocrx_word' id='word_1_444' title='bbox 2440 2784 2560 2828; x_wconf 89' lang='lat' dir='ltr'><strong>erat</strong></span> <span class='ocrx_word' id='word_1_445' title='bbox 2604 2775 2781 2844; x_wconf 81' lang='lat' dir='ltr'><strong>legum</strong></span> <span class='ocrx_word' id='word_1_446' title='bbox 2809 2777 2986 2844; x_wconf 85' lang='lat' dir='ltr'><strong>origo,</strong></span> <span class='ocrx_word' id='word_1_447' title='bbox 3019 2793 3138 2847; x_wconf 77' lang='lat' dir='ltr'><strong>qua:</strong></span> <span class='ocrx_word' id='word_1_448' title='bbox 3165 2789 3355 2834; x_wconf 89' lang='lat' dir='ltr'><strong>contra</strong></span> <span class='ocrx_word' id='word_1_449' title='bbox 3393 2780 3504 2836; x_wconf 86' lang='lat' dir='ltr'><strong>vim</strong></span> 
     </span>
    </p>
   </div>
   <div class='ocr_carea' id='block_1_58' title="bbox 1924 2862 3505 2940">
    <p class='ocr_par' dir='ltr' id='par_1_58' title="bbox 1924 2862 3505 2940">
     <span class='ocr_line' id='line_1_58' title="bbox 1924 2862 3505 2940; baseline 0.006 -23"><span class='ocrx_word' id='word_1_450' title='bbox 1924 2862 2051 2917; x_wconf 79' lang='lat' dir='ltr'><strong>ferri</strong></span> <span class='ocrx_word' id='word_1_451' title='bbox 2084 2865 2377 2920; x_wconf 79' lang='lat' dir='ltr'><strong>debebant.</strong></span> <span class='ocrx_word' id='word_1_452' title='bbox 2419 2866 2606 2935; x_wconf 90' lang='lat' dir='ltr'><strong>Itaque</strong></span> <span class='ocrx_word' id='word_1_453' title='bbox 2635 2882 2732 2937; x_wconf 91' lang='lat' dir='ltr'><strong>per</strong></span> <span class='ocrx_word' id='word_1_454' title='bbox 2763 2869 2869 2922; x_wconf 86' lang='lat' dir='ltr'><strong>vim</strong></span> <span class='ocrx_word' id='word_1_455' title='bbox 2912 2868 3043 2924; x_wconf 82' lang='lat' dir='ltr'><strong>ferri</strong></span> <span class='ocrx_word' id='word_1_456' title='bbox 3073 2886 3178 2924; x_wconf 89' lang='lat' dir='ltr'><strong>non</strong></span> <span class='ocrx_word' id='word_1_457' title='bbox 3217 2881 3505 2940; x_wconf 88' lang='lat' dir='ltr'><strong>poterant,</strong></span> 
     </span>
    </p>
   </div>
   <div class='ocr_carea' id='block_1_59' title="bbox 1923 2959 3506 3032">
    <p class='ocr_par' dir='ltr' id='par_1_59' title="bbox 1923 2959 3506 3032">
     <span class='ocr_line' id='line_1_59' title="bbox 1923 2959 3506 3032; baseline 0.003 -20"><span class='ocrx_word' id='word_1_458' title='bbox 1923 2974 2045 3012; x_wconf 87' lang='lat' dir='ltr'><strong>cum</strong></span> <span class='ocrx_word' id='word_1_459' title='bbox 2072 2959 2126 3012; x_wconf 89' lang='lat' dir='ltr'><strong>id</strong></span> <span class='ocrx_word' id='word_1_460' title='bbox 2170 2959 2403 3028; x_wconf 80' lang='lat' dir='ltr'><strong>primum</strong></span> <span class='ocrx_word' id='word_1_461' title='bbox 2431 2971 2619 3014; x_wconf 89' lang='lat' dir='ltr'><strong>contra</strong></span> <span class='ocrx_word' id='word_1_462' title='bbox 2673 2961 2822 3032; x_wconf 85' lang='lat' dir='ltr'><strong>leges</strong></span> <span class='ocrx_word' id='word_1_463' title='bbox 2851 2961 3092 3016; x_wconf 78' lang='lat' dir='ltr'><strong>futurum</strong></span> <span class='ocrx_word' id='word_1_464' title='bbox 3124 2965 3306 3018; x_wconf 87' lang='lat' dir='ltr'><strong>fuerit.</strong></span> <span class='ocrx_word' id='word_1_465' title='bbox 3353 2964 3506 3032; x_wconf 86' lang='lat' dir='ltr'><strong>Qua-</strong></span> 
     </span>
    </p>
   </div>
   <div class='ocr_carea' id='block_1_60' title="bbox 1923 3049 3504 3124">
    <p class='ocr_par' dir='ltr' id='par_1_60' title="bbox 1923 3049 3504 3124">
     <span class='ocr_line' id='line_1_60' title="bbox 1923 3049 3504 3124; baseline 0.006 -24"><span class='ocrx_word' id='word_1_466' title='bbox 1923 3058 2147 3118; x_wconf 88' lang='lat' dir='ltr'><strong>propter</strong></span> <span class='ocrx_word' id='word_1_467' title='bbox 2176 3059 2230 3104; x_wconf 91' lang='lat' dir='ltr'><strong>et</strong></span> <span class='ocrx_word' id='word_1_468' title='bbox 2265 3049 2353 3105; x_wconf 94' lang='lat' dir='ltr'><strong>hic</strong></span> <span class='ocrx_word' id='word_1_469' title='bbox 2390 3051 2664 3107; x_wconf 88' lang='lat' dir='ltr'><strong>rhetorica</strong></span> <span class='ocrx_word' id='word_1_470' title='bbox 2694 3063 2928 3122; x_wconf 70' lang='lat' dir='ltr'><strong>,spectat</strong></span> <span class='ocrx_word' id='word_1_471' title='bbox 2979 3055 3119 3109; x_wconf 91' lang='lat' dir='ltr'><strong>idem</strong></span> <span class='ocrx_word' id='word_1_472' title='bbox 3171 3056 3316 3124; x_wconf 87' lang='lat' dir='ltr'><strong>quod</strong></span> <span class='ocrx_word' id='word_1_473' title='bbox 3355 3054 3504 3124; x_wconf 85' lang='lat' dir='ltr'><strong>judi-</strong></span> 
     </span>
    </p>
   </div>
   <div class='ocr_carea' id='block_1_61' title="bbox 1924 3141 3503 3222">
    <p class='ocr_par' dir='ltr' id='par_1_61' title="bbox 1924 3141 3503 3222">
     <span class='ocr_line' id='line_1_61' title="bbox 1924 3141 3503 3222; baseline 0.006 -27"><span class='ocrx_word' id='word_1_474' title='bbox 1924 3141 2118 3196; x_wconf 89' lang='lat' dir='ltr'><strong>cialis:</strong></span> <span class='ocrx_word' id='word_1_475' title='bbox 2171 3142 2274 3198; x_wconf 90' lang='lat' dir='ltr'><strong>hoc</strong></span> <span class='ocrx_word' id='word_1_476' title='bbox 2323 3158 2450 3198; x_wconf 88' lang='lat' dir='ltr'><strong>vero</strong></span> <span class='ocrx_word' id='word_1_477' title='bbox 2505 3154 2750 3214; x_wconf 83' lang='lat' dir='ltr'><strong>superat,</strong></span> <span class='ocrx_word' id='word_1_478' title='bbox 2798 3147 2943 3215; x_wconf 89' lang='lat' dir='ltr'><strong>quod</strong></span> <span class='ocrx_word' id='word_1_479' title='bbox 2999 3158 3284 3218; x_wconf 88' lang='lat' dir='ltr'><strong>utramque</strong></span> <span class='ocrx_word' id='word_1_480' title='bbox 3338 3147 3503 3222; x_wconf 80' lang='lat' dir='ltr'><strong>[legis</strong></span> 
     </span>
    </p>
   </div>
   <div class='ocr_carea' id='block_1_62' title="bbox 231 3233 1819 3328">
    <p class='ocr_par' dir='ltr' id='par_1_62' title="bbox 231 3242 1819 3314">
     <span class='ocr_line' id='line_1_62' title="bbox 231 3242 1819 3314; baseline -0.001 -17"><span class='ocrx_word' id='word_1_481' title='bbox 231 3244 360 3308; x_wconf 80' lang='grc' dir='ltr'><strong>τοὺς</strong></span> <span class='ocrx_word' id='word_1_482' title='bbox 379 3246 596 3314; x_wconf 90' lang='grc' dir='ltr'><strong>νόμους.</strong></span> <span class='ocrx_word' id='word_1_483' title='bbox 610 3243 861 3297; x_wconf 74' lang='grc' dir='ltr'><strong>Φαίνεται</strong></span> <span class='ocrx_word' id='word_1_484' title='bbox 880 3244 924 3275; x_wconf 78' lang='grc'>³⁸</span> <span class='ocrx_word' id='word_1_485' title='bbox 940 3243 1119 3296; x_wconf 86' lang='grc' dir='ltr'><strong>τοίνυν</strong></span> <span class='ocrx_word' id='word_1_486' title='bbox 1141 3242 1424 3296; x_wconf 76' lang='grc' dir='ltr'><strong>κάνταῦθα</strong></span> <span class='ocrx_word' id='word_1_487' title='bbox 1439 3243 1481 3273; x_wconf 84' lang='grc'><strong>³¹</strong></span> <span class='ocrx_word' id='word_1_488' title='bbox 1501 3244 1534 3313; x_wconf 81' lang='grc' dir='ltr'>ἡ</span> <span class='ocrx_word' id='word_1_489' title='bbox 1557 3242 1819 3314; x_wconf 82' lang='grc' dir='ltr'><strong>ῥητορικὴ</strong></span> 
     </span>
    </p>
   </div>
   <div class='ocr_carea' id='block_1_63' title="bbox 1924 3233 3500 3328">
    <p class='ocr_par' dir='ltr' id='par_1_63' title="bbox 1926 3233 3500 3311">
     <span class='ocr_line' id='line_1_63' title="bbox 1926 3233 3500 3311; baseline 0.006 -23"><span class='ocrx_word' id='word_1_490' title='bbox 1926 3233 2212 3290; x_wconf 84' lang='lat' dir='ltr'><strong>factoriam</strong></span> <span class='ocrx_word' id='word_1_491' title='bbox 2244 3244 2299 3291; x_wconf 90' lang='lat' dir='ltr'><strong>et</strong></span> <span class='ocrx_word' id='word_1_492' title='bbox 2321 3237 2662 3311; x_wconf 88' lang='lat' dir='ltr'><strong>judicialem]</strong></span> <span class='ocrx_word' id='word_1_493' title='bbox 2701 3239 2813 3293; x_wconf 86' lang='lat' dir='ltr'><strong>sola</strong></span> <span class='ocrx_word' id='word_1_494' title='bbox 2841 3242 3248 3309; x_wconf 87' lang='lat' dir='ltr'><strong>complectitur.</strong></span> <span class='ocrx_word' id='word_1_495' title='bbox 3285 3241 3500 3299; x_wconf 85' lang='lat' dir='ltr'><strong>Etenim</strong></span> 
     </span>
    </p>
   </div>
   <div class='ocr_carea' id='block_1_64' title="bbox 237 3333 1818 3408">
    <p class='ocr_par' dir='ltr' id='par_1_64' title="bbox 237 3333 1818 3408">
     <span class='ocr_line' id='line_1_64' title="bbox 237 3333 1818 3408; baseline -0.002 -18"><span class='ocrx_word' id='word_1_496' title='bbox 237 3335 537 3408; x_wconf 81' lang='grc' dir='ltr'><strong>βουλομένη</strong></span> <span class='ocrx_word' id='word_1_497' title='bbox 603 3335 704 3406; x_wconf 85' lang='grc' dir='ltr'><strong>μὲν</strong></span> <span class='ocrx_word' id='word_1_498' title='bbox 756 3336 930 3390; x_wconf 79' lang='grc' dir='ltr'><strong>ταύτὰ</strong></span> <span class='ocrx_word' id='word_1_499' title='bbox 982 3337 1048 3406; x_wconf 81' lang='grc' dir='ltr'><strong>τῇ</strong></span> <span class='ocrx_word' id='word_1_500' title='bbox 1105 3335 1425 3406; x_wconf 83' lang='grc' dir='ltr'><strong>δικαστικῇ,</strong></span> <span class='ocrx_word' id='word_1_501' title='bbox 1457 3333 1714 3388; x_wconf 85' lang='grc' dir='ltr'><strong>τοσοῦτον</strong></span> <span class='ocrx_word' id='word_1_502' title='bbox 1760 3335 1818 3387; x_wconf 84' lang='grc' dir='ltr'><strong>δὲ</strong></span> 
     </span>
    </p>
   </div>
   <div class='ocr_carea' id='block_1_65' title="bbox 233 3426 1812 3500">
    <p class='ocr_par' dir='ltr' id='par_1_65' title="bbox 233 3426 1812 3500">
     <span class='ocr_line' id='line_1_65' title="bbox 233 3426 1812 3500; baseline -0.002 -17"><span class='ocrx_word' id='word_1_503' title='bbox 233 3429 445 3484; x_wconf 85' lang='grc' dir='ltr'><strong>νικῶσα</strong></span> <span class='ocrx_word' id='word_1_504' title='bbox 467 3430 605 3482; x_wconf 86' lang='grc' dir='ltr'><strong>ὅσων</strong></span> <span class='ocrx_word' id='word_1_505' title='bbox 634 3429 952 3499; x_wconf 78' lang='grc' dir='ltr'><strong>ἀμφοτέρας</strong></span> <span class='ocrx_word' id='word_1_506' title='bbox 979 3428 1100 3500; x_wconf 84' lang='grc' dir='ltr'><strong>[τὴν</strong></span> <span class='ocrx_word' id='word_1_507' title='bbox 1130 3426 1489 3500; x_wconf 84' lang='grc' dir='ltr'><strong>νομοθετικὴν</strong></span> <span class='ocrx_word' id='word_1_508' title='bbox 1522 3427 1616 3479; x_wconf 78' lang='grc' dir='ltr'><strong>καὶ</strong></span> <span class='ocrx_word' id='word_1_509' title='bbox 1665 3426 1812 3480; x_wconf 83' lang='grc' dir='ltr'><strong>δικα-</strong></span> 
     </span>
    </p>
   </div>
   <div class='ocr_carea' id='block_1_66' title="bbox 235 3519 1816 3594">
    <p class='ocr_par' dir='ltr' id='par_1_66' title="bbox 235 3519 1816 3594">
     <span class='ocr_line' id='line_1_66' title="bbox 235 3519 1816 3594; baseline -0.004 -18"><span class='ocrx_word' id='word_1_510' title='bbox 235 3520 450 3594; x_wconf 81' lang='grc' dir='ltr'><strong>στικὴν]</strong></span> <span class='ocrx_word' id='word_1_511' title='bbox 476 3521 518 3554; x_wconf 83' lang='grc'><strong>³¹</strong></span> <span class='ocrx_word' id='word_1_512' title='bbox 549 3521 764 3592; x_wconf 87' lang='grc' dir='ltr'><strong>συνέχει</strong></span> <span class='ocrx_word' id='word_1_513' title='bbox 807 3522 940 3591; x_wconf 86' lang='grc' dir='ltr'><strong>μόνη</strong></span> <span class='ocrx_word' id='word_1_514' title='bbox 986 3521 1241 3590; x_wconf 85' lang='grc' dir='ltr'><strong>βεϐαίως.</strong></span> <span class='ocrx_word' id='word_1_515' title='bbox 1304 3519 1613 3590; x_wconf 86' lang='grc' dir='ltr'><strong>Βουλομένη</strong></span> <span class='ocrx_word' id='word_1_516' title='bbox 1655 3519 1816 3590; x_wconf 75' lang='grc' dir='ltr'><strong>γὰρὴ</strong></span> 
     </span>
    </p>
   </div>
   <div class='ocr_carea' id='block_1_67' title="bbox 231 3611 1816 3687">
    <p class='ocr_par' dir='ltr' id='par_1_67' title="bbox 231 3611 1816 3687">
     <span class='ocr_line' id='line_1_67' title="bbox 231 3611 1816 3687; baseline -0.004 -17"><span class='ocrx_word' id='word_1_517' title='bbox 231 3613 521 3686; x_wconf 80' lang='grc' dir='ltr'><strong>δικαστικὴ</strong></span> <span class='ocrx_word' id='word_1_518' title='bbox 551 3616 804 3687; x_wconf 87' lang='grc' dir='ltr'><strong>καθάπερ</strong></span> <span class='ocrx_word' id='word_1_519' title='bbox 827 3617 884 3668; x_wconf 82' lang='grc' dir='ltr'><strong>ὲν</strong></span> <span class='ocrx_word' id='word_1_520' title='bbox 927 3615 1077 3684; x_wconf 80' lang='grc' dir='ltr'><strong>μάχη</strong></span> <span class='ocrx_word' id='word_1_521' title='bbox 1125 3615 1192 3683; x_wconf 86' lang='grc' dir='ltr'><strong>τῇ</strong></span> <span class='ocrx_word' id='word_1_522' title='bbox 1255 3611 1578 3682; x_wconf 77' lang='grc' dir='ltr'><strong>νομοθετικῇ</strong></span> <span class='ocrx_word' id='word_1_523' title='bbox 1621 3611 1816 3681; x_wconf 79' lang='grc' dir='ltr'><strong>βοηθῆ-</strong></span> 
     </span>
    </p>
   </div>
   <div class='ocr_carea' id='block_1_68' title="bbox 235 3702 1817 3776">
    <p class='ocr_par' dir='ltr' id='par_1_68' title="bbox 235 3702 1817 3776">
     <span class='ocr_line' id='line_1_68' title="bbox 235 3702 1817 3776; baseline -0.006 -14"><span class='ocrx_word' id='word_1_524' title='bbox 235 3725 348 3774; x_wconf 87' lang='grc' dir='ltr'><strong>σαι,</strong></span> <span class='ocrx_word' id='word_1_525' title='bbox 389 3708 584 3763; x_wconf 79' lang='grc' dir='ltr'><strong>ταύτὸν</strong></span> <span class='ocrx_word' id='word_1_526' title='bbox 615 3708 816 3762; x_wconf 75' lang='grc' dir='ltr'><strong>ἔπαθεν</strong></span> <span class='ocrx_word' id='word_1_527' title='bbox 843 3705 983 3776; x_wconf 81' lang='grc' dir='ltr'><strong>αῦτη</strong></span> <span class='ocrx_word' id='word_1_528' title='bbox 1020 3707 1064 3738; x_wconf 85' lang='grc'>³³</span> <span class='ocrx_word' id='word_1_529' title='bbox 1094 3707 1160 3776; x_wconf 80' lang='grc' dir='ltr'><strong>τῇ</strong></span> <span class='ocrx_word' id='word_1_530' title='bbox 1203 3703 1551 3774; x_wconf 79' lang='grc' dir='ltr'><strong>νομοθετικῇ.</strong></span> <span class='ocrx_word' id='word_1_531' title='bbox 1605 3702 1817 3771; x_wconf 83' lang='grc' dir='ltr'><strong>Ἐκείνη</strong></span> 
     </span>
    </p>
   </div>
   <div class='ocr_carea' id='block_1_69' title="bbox 233 3789 1816 3870">
    <p class='ocr_par' dir='ltr' id='par_1_69' title="bbox 233 3789 1816 3870">
     <span class='ocr_line' id='line_1_69' title="bbox 233 3789 1816 3870; baseline -0.007 -18"><span class='ocrx_word' id='word_1_532' title='bbox 233 3815 296 3852; x_wconf 87' lang='grc' dir='ltr'><strong>τε</strong></span> <span class='ocrx_word' id='word_1_533' title='bbox 320 3797 428 3868; x_wconf 80' lang='grc' dir='ltr'><strong>γάρ</strong></span> <span class='ocrx_word' id='word_1_534' title='bbox 461 3799 762 3870; x_wconf 75' lang='grc' dir='ltr'><strong>ῥητορικῆς</strong></span> <span class='ocrx_word' id='word_1_535' title='bbox 786 3798 1050 3868; x_wconf 83' lang='grc' dir='ltr'><strong>πρότερον</strong></span> <span class='ocrx_word' id='word_1_536' title='bbox 1084 3793 1390 3864; x_wconf 70' lang='grc' dir='ltr'><strong>³1⁵⁸ὲδέησεν,</strong></span> <span class='ocrx_word' id='word_1_537' title='bbox 1417 3791 1557 3844; x_wconf 81' lang='grc' dir='ltr'><strong>ὥστε</strong></span> <span class='ocrx_word' id='word_1_538' title='bbox 1583 3789 1755 3862; x_wconf 79' lang='grc' dir='ltr'><strong>ταύτῃ</strong></span> <span class='ocrx_word' id='word_1_539' title='bbox 1773 3790 1816 3820; x_wconf 79' lang='grc'><strong>³⁵</strong></span> 
     </span>
    </p>
   </div>
   <div class='ocr_carea' id='block_1_70' title="bbox 1923 3328 3505 3404">
    <p class='ocr_par' dir='ltr' id='par_1_70' title="bbox 1923 3328 3505 3404">
     <span class='ocr_line' id='line_1_70' title="bbox 1923 3328 3505 3404; baseline 0.004 -20"><span class='ocrx_word' id='word_1_540' title='bbox 1923 3328 2532 3396; x_wconf 89' lang='lat' dir='ltr'><strong>cumvelletjudicialis</strong></span> <span class='ocrx_word' id='word_1_541' title='bbox 2563 3333 2666 3385; x_wconf 89' lang='lat' dir='ltr'><strong>arti</strong></span> <span class='ocrx_word' id='word_1_542' title='bbox 2717 3331 2894 3402; x_wconf 87' lang='lat' dir='ltr'><strong>legum</strong></span> <span class='ocrx_word' id='word_1_543' title='bbox 2927 3334 3301 3397; x_wconf 84' lang='lat' dir='ltr'><strong>ferendarum,</strong></span> <span class='ocrx_word' id='word_1_544' title='bbox 3348 3339 3505 3404; x_wconf 84' lang='lat' dir='ltr'><strong>quasi</strong></span> 
     </span>
    </p>
   </div>
   <div class='ocr_carea' id='block_1_71' title="bbox 1925 3419 3504 3498">
    <p class='ocr_par' dir='ltr' id='par_1_71' title="bbox 1925 3419 3504 3498">
     <span class='ocr_line' id='line_1_71' title="bbox 1925 3419 3504 3498; baseline 0.009 -28"><span class='ocrx_word' id='word_1_545' title='bbox 1925 3419 1976 3471; x_wconf 90' lang='lat' dir='ltr'><strong>in</strong></span> <span class='ocrx_word' id='word_1_546' title='bbox 2005 3419 2222 3488; x_wconf 60' lang='lat' dir='ltr'><strong>proelio,</strong></span> <span class='ocrx_word' id='word_1_547' title='bbox 2256 3434 2414 3489; x_wconf 86' lang='lat' dir='ltr'><strong>opem</strong></span> <span class='ocrx_word' id='word_1_548' title='bbox 2454 3419 2619 3486; x_wconf 86' lang='lat' dir='ltr'><strong>ferre,</strong></span> <span class='ocrx_word' id='word_1_549' title='bbox 2652 3422 2794 3476; x_wconf 88' lang='lat' dir='ltr'><strong>idem</strong></span> <span class='ocrx_word' id='word_1_550' title='bbox 2832 3424 2932 3494; x_wconf 88' lang='lat' dir='ltr'><strong>ipsi</strong></span> <span class='ocrx_word' id='word_1_551' title='bbox 2971 3426 3114 3493; x_wconf 90' lang='lat' dir='ltr'><strong>quod</strong></span> <span class='ocrx_word' id='word_1_552' title='bbox 3157 3425 3230 3480; x_wconf 92' lang='lat' dir='ltr'><strong>illi</strong></span> <span class='ocrx_word' id='word_1_553' title='bbox 3255 3429 3504 3498; x_wconf 87' lang='lat' dir='ltr'><strong>contigit.</strong></span> 
     </span>
    </p>
   </div>
   <div class='ocr_carea' id='block_1_72' title="bbox 1921 3511 3506 3591">
    <p class='ocr_par' dir='ltr' id='par_1_72' title="bbox 1921 3511 3506 3591">
     <span class='ocr_line' id='line_1_72' title="bbox 1921 3511 3506 3591; baseline 0.006 -25"><span class='ocrx_word' id='word_1_554' title='bbox 1921 3511 2057 3566; x_wconf 83' lang='lat' dir='ltr'><strong>Nam</strong></span> <span class='ocrx_word' id='word_1_555' title='bbox 2094 3521 2150 3566; x_wconf 88' lang='lat' dir='ltr'><strong>et</strong></span> <span class='ocrx_word' id='word_1_556' title='bbox 2181 3512 2259 3567; x_wconf 90' lang='lat' dir='ltr'><strong>illi</strong></span> <span class='ocrx_word' id='word_1_557' title='bbox 2293 3514 2568 3568; x_wconf 88' lang='lat' dir='ltr'><strong>rhetorica</strong></span> <span class='ocrx_word' id='word_1_558' title='bbox 2607 3517 2866 3585; x_wconf 89' lang='lat' dir='ltr'><strong>primum,</strong></span> <span class='ocrx_word' id='word_1_559' title='bbox 2921 3526 2980 3572; x_wconf 95' lang='lat' dir='ltr'><strong>ut</strong></span> <span class='ocrx_word' id='word_1_560' title='bbox 3014 3533 3110 3584; x_wconf 86' lang='lat' dir='ltr'><strong>per</strong></span> <span class='ocrx_word' id='word_1_561' title='bbox 3139 3534 3257 3573; x_wconf 76' lang='lat' dir='ltr'><strong>eam</strong></span> <span class='ocrx_word' id='word_1_562' title='bbox 3293 3520 3506 3591; x_wconf 79' lang='lat' dir='ltr'><strong>legibus</strong></span> 
     </span>
    </p>
   </div>
   <div class='ocr_carea' id='block_1_73' title="bbox 1922 3607 3508 3676">
    <p class='ocr_par' dir='ltr' id='par_1_73' title="bbox 1922 3607 3508 3676">
     <span class='ocr_line' id='line_1_73' title="bbox 1922 3607 3508 3676; baseline 0.006 -16"><span class='ocrx_word' id='word_1_563' title='bbox 1922 3607 2102 3662; x_wconf 87' lang='lat' dir='ltr'><strong>aditus</strong></span> <span class='ocrx_word' id='word_1_564' title='bbox 2137 3615 2366 3675; x_wconf 87' lang='lat' dir='ltr'><strong>pateret,</strong></span> <span class='ocrx_word' id='word_1_565' title='bbox 2408 3621 2544 3676; x_wconf 89' lang='lat' dir='ltr'><strong>opus</strong></span> <span class='ocrx_word' id='word_1_566' title='bbox 2605 3607 2729 3676; x_wconf 88' lang='lat' dir='ltr'><strong>fuit,</strong></span> <span class='ocrx_word' id='word_1_567' title='bbox 2778 3619 2833 3663; x_wconf 95' lang='lat' dir='ltr'><strong>et</strong></span> <span class='ocrx_word' id='word_1_568' title='bbox 2863 3610 3140 3676; x_wconf 89' lang='lat' dir='ltr'><strong>judicialis</strong></span> <span class='ocrx_word' id='word_1_569' title='bbox 3191 3629 3314 3667; x_wconf 91' lang='lat' dir='ltr'><strong>cum</strong></span> <span class='ocrx_word' id='word_1_570' title='bbox 3351 3617 3508 3669; x_wconf 77' lang='lat' dir='ltr'><strong>auxi-</strong></span> 
     </span>
    </p>
   </div>
   <div class='ocr_carea' id='block_1_74' title="bbox 1921 3697 3508 3772">
    <p class='ocr_par' dir='ltr' id='par_1_74' title="bbox 1921 3697 3508 3772">
     <span class='ocr_line' id='line_1_74' title="bbox 1921 3697 3508 3772; baseline 0.008 -22"><span class='ocrx_word' id='word_1_571' title='bbox 1921 3697 2108 3752; x_wconf 91' lang='lat' dir='ltr'><strong>liantis</strong></span> <span class='ocrx_word' id='word_1_572' title='bbox 2157 3697 2404 3752; x_wconf 89' lang='lat' dir='ltr'><strong>habitum</strong></span> <span class='ocrx_word' id='word_1_573' title='bbox 2451 3701 2796 3768; x_wconf 85' lang='lat' dir='ltr'><strong>sumpsisset,</strong></span> <span class='ocrx_word' id='word_1_574' title='bbox 2851 3703 2968 3769; x_wconf 89' lang='lat' dir='ltr'><strong>ipsa</strong></span> <span class='ocrx_word' id='word_1_575' title='bbox 3028 3703 3180 3772; x_wconf 88' lang='lat' dir='ltr'><strong>prius</strong></span> <span class='ocrx_word' id='word_1_576' title='bbox 3216 3706 3508 3762; x_wconf 78' lang='lat' dir='ltr'><strong>rhetorica:</strong></span> 
     </span>
    </p>
   </div>
   <div class='ocr_carea' id='block_1_75' title="bbox 1923 3791 3506 3859">
    <p class='ocr_par' dir='ltr' id='par_1_75' title="bbox 1923 3791 3506 3859">
     <span class='ocr_line' id='line_1_75' title="bbox 1923 3791 3506 3859; baseline 0.006 -14"><span class='ocrx_word' id='word_1_577' title='bbox 1923 3791 2253 3845; x_wconf 85' lang='lat' dir='ltr'><strong>desideravit</strong></span> <span class='ocrx_word' id='word_1_578' title='bbox 2307 3792 2594 3848; x_wconf 79' lang='lat' dir='ltr'><strong>auxilium.</strong></span> <span class='ocrx_word' id='word_1_579' title='bbox 2663 3791 2930 3859; x_wconf 87' lang='lat' dir='ltr'><strong>Quoniam</strong></span> <span class='ocrx_word' id='word_1_580' title='bbox 2993 3797 3140 3848; x_wconf 90' lang='lat' dir='ltr'><strong>enim</strong></span> <span class='ocrx_word' id='word_1_581' title='bbox 3193 3796 3506 3854; x_wconf 85' lang='lat' dir='ltr'><strong>facultatem</strong></span> 
     </span>
    </p>
   </div>
   <div class='ocr_carea' id='block_1_76' title="bbox 232 3883 1819 3971">
    <p class='ocr_par' dir='ltr' id='par_1_76' title="bbox 232 3883 1819 3965">
     <span class='ocr_line' id='line_1_76' title="bbox 232 3883 1819 3965; baseline -0.008 -18"><span class='ocrx_word' id='word_1_582' title='bbox 232 3894 380 3965; x_wconf 81' lang='grc' dir='ltr'><strong>έχειν</strong></span> <span class='ocrx_word' id='word_1_583' title='bbox 413 3893 648 3964; x_wconf 87' lang='grc' dir='ltr'><strong>πάροδον</strong></span> <span class='ocrx_word' id='word_1_584' title='bbox 677 3893 802 3954; x_wconf 76' lang='grc' dir='ltr'><strong>τοῦς</strong></span> <span class='ocrx_word' id='word_1_585' title='bbox 841 3891 1062 3959; x_wconf 86' lang='grc' dir='ltr'><strong>νόμους,</strong></span> <span class='ocrx_word' id='word_1_586' title='bbox 1112 3887 1229 3958; x_wconf 79' lang='grc' dir='ltr'><strong>ἥτε</strong></span> <span class='ocrx_word' id='word_1_587' title='bbox 1279 3883 1569 3955; x_wconf 82' lang='grc' dir='ltr'><strong>δικαστικὴ</strong></span> <span class='ocrx_word' id='word_1_588' title='bbox 1633 3884 1819 3954; x_wconf 81' lang='grc' dir='ltr'><strong>σχῆμα</strong></span> 
     </span>
    </p>
   </div>
   <div class='ocr_carea' id='block_1_77' title="bbox 1924 3883 3508 3971">
    <p class='ocr_par' dir='ltr' id='par_1_77' title="bbox 1924 3885 3508 3961">
     <span class='ocr_line' id='line_1_77' title="bbox 1924 3885 3508 3961; baseline 0.004 -21"><span class='ocrx_word' id='word_1_589' title='bbox 1924 3885 2141 3956; x_wconf 84' lang='lat' dir='ltr'><strong>iuvandi</strong></span> <span class='ocrx_word' id='word_1_590' title='bbox 2199 3885 2532 3955; x_wconf 86' lang='lat' dir='ltr'><strong>requirebat,</strong></span> <span class='ocrx_word' id='word_1_591' title='bbox 2588 3901 2707 3940; x_wconf 90' lang='lat' dir='ltr'><strong>eam</strong></span> <span class='ocrx_word' id='word_1_592' title='bbox 2746 3887 2864 3942; x_wconf 88' lang='lat' dir='ltr'><strong>sine</strong></span> <span class='ocrx_word' id='word_1_593' title='bbox 2932 3887 3208 3944; x_wconf 91' lang='lat' dir='ltr'><strong>rhetorica</strong></span> <span class='ocrx_word' id='word_1_594' title='bbox 3247 3893 3508 3961; x_wconf 89' lang='lat' dir='ltr'><strong>consequi</strong></span> 
     </span>
    </p>
   </div>
   <div class='ocr_carea' id='block_1_78' title="bbox 233 3978 1818 4058">
    <p class='ocr_par' dir='ltr' id='par_1_78' title="bbox 233 3978 1818 4058">
     <span class='ocr_line' id='line_1_78' title="bbox 233 3978 1818 4058; baseline -0.009 -17"><span class='ocrx_word' id='word_1_595' title='bbox 233 3987 532 4058; x_wconf 81' lang='grc' dir='ltr'><strong>ἐπικούρου</strong></span> <span class='ocrx_word' id='word_1_596' title='bbox 551 3985 791 4039; x_wconf 87' lang='grc' dir='ltr'><strong>λαϐοῦσα</strong></span> <span class='ocrx_word' id='word_1_597' title='bbox 809 3986 917 4046; x_wconf 83' lang='grc' dir='ltr'><strong>τοῖς</strong></span> <span class='ocrx_word' id='word_1_598' title='bbox 941 3983 1147 4051; x_wconf 81' lang='grc' dir='ltr'><strong>νόμοις,</strong></span> <span class='ocrx_word' id='word_1_599' title='bbox 1178 3978 1316 4050; x_wconf 82' lang='grc' dir='ltr'><strong>αὐτὴ</strong></span> <span class='ocrx_word' id='word_1_600' title='bbox 1348 3978 1611 4049; x_wconf 82' lang='grc' dir='ltr'><strong>πρότερον</strong></span> <span class='ocrx_word' id='word_1_601' title='bbox 1645 3993 1818 4047; x_wconf 78' lang='grc' dir='ltr'><strong>προσο</strong></span> 
     </span>
    </p>
   </div>
   <div class='ocr_carea' id='block_1_79' title="bbox 231 4069 1816 4152">
    <p class='ocr_par' dir='ltr' id='par_1_79' title="bbox 231 4069 1816 4152">
     <span class='ocr_line' id='line_1_79' title="bbox 231 4069 1816 4152; baseline -0.011 -16"><span class='ocrx_word' id='word_1_602' title='bbox 231 4081 428 4152; x_wconf 80' lang='grc' dir='ltr'><strong>εδεήθη</strong></span> <span class='ocrx_word' id='word_1_603' title='bbox 464 4081 509 4112; x_wconf 84' lang='grc'><strong>³⁶</strong></span> <span class='ocrx_word' id='word_1_604' title='bbox 543 4081 644 4148; x_wconf 89' lang='grc' dir='ltr'><strong>τῆς</strong></span> <span class='ocrx_word' id='word_1_605' title='bbox 683 4080 833 4145; x_wconf 74' lang='grc' dir='ltr'><strong>παρὰ</strong></span> <span class='ocrx_word' id='word_1_606' title='bbox 872 4075 972 4145; x_wconf 89' lang='grc' dir='ltr'><strong>τῆς</strong></span> <span class='ocrx_word' id='word_1_607' title='bbox 1008 4074 1308 4146; x_wconf 80' lang='grc' dir='ltr'><strong>ῥητορικῆς</strong></span> <span class='ocrx_word' id='word_1_608' title='bbox 1363 4069 1638 4142; x_wconf 84' lang='grc' dir='ltr'><strong>βοηθείας.</strong></span> <span class='ocrx_word' id='word_1_609' title='bbox 1668 4069 1816 4121; x_wconf 83' lang='grc' dir='ltr'><strong>Ἔδει</strong></span> 
     </span>
    </p>
   </div>
   <div class='ocr_carea' id='block_1_80' title="bbox 232 4159 1819 4250">
    <p class='ocr_par' dir='ltr' id='par_1_80' title="bbox 232 4159 1819 4250">
     <span class='ocr_line' id='line_1_80' title="bbox 232 4159 1819 4250; baseline -0.002 -31"><span class='ocrx_word' id='word_1_610' title='bbox 232 4176 350 4250; x_wconf 21' lang='grc' dir='ltr'><strong>γὰρ,</strong></span> <span class='ocrx_word' id='word_1_611' title='bbox 369 4171 665 4242; x_wconf 83' lang='grc' dir='ltr'><strong>δυνηθῆναι</strong></span> <span class='ocrx_word' id='word_1_612' title='bbox 701 4169 990 4241; x_wconf 79' lang='grc' dir='ltr'><strong>βοηθῆσαι,</strong></span> <span class='ocrx_word' id='word_1_613' title='bbox 1028 4165 1188 4220; x_wconf 90' lang='grc' dir='ltr'><strong>τοῦτο</strong></span> <span class='ocrx_word' id='word_1_614' title='bbox 1219 4165 1264 4217; x_wconf 87' lang='grc' dir='ltr'><strong>δ’</strong></span> <span class='ocrx_word' id='word_1_615' title='bbox 1295 4164 1396 4217; x_wconf 85' lang='grc' dir='ltr'><strong>οὑκ</strong></span> <span class='ocrx_word' id='word_1_616' title='bbox 1442 4159 1511 4234; x_wconf 83' lang='grc' dir='ltr'><strong>ἦν</strong></span> <span class='ocrx_word' id='word_1_617' title='bbox 1558 4162 1688 4215; x_wconf 83' lang='grc' dir='ltr'><strong>ἄνευ</strong></span> <span class='ocrx_word' id='word_1_618' title='bbox 1721 4163 1819 4231; x_wconf 85' lang='grc' dir='ltr'><strong>ῥη-</strong></span> 
     </span>
    </p>
   </div>
   <div class='ocr_carea' id='block_1_81' title="bbox 233 4254 1819 4336">
    <p class='ocr_par' dir='ltr' id='par_1_81' title="bbox 233 4254 1819 4336">
     <span class='ocr_line' id='line_1_81' title="bbox 233 4254 1819 4336; baseline -0.009 -16"><span class='ocrx_word' id='word_1_619' title='bbox 233 4265 481 4336; x_wconf 88' lang='grc' dir='ltr'><strong>τορικῆς.</strong></span> <span class='ocrx_word' id='word_1_620' title='bbox 534 4263 808 4335; x_wconf 87' lang='grc' dir='ltr'><strong>Πρότερον</strong></span> <span class='ocrx_word' id='word_1_621' title='bbox 841 4262 886 4293; x_wconf 80' lang='grc'>³⁷</span> <span class='ocrx_word' id='word_1_622' title='bbox 942 4255 1036 4313; x_wconf 82' lang='grc' dir='ltr'><strong>οὖν</strong></span> <span class='ocrx_word' id='word_1_623' title='bbox 1098 4256 1384 4327; x_wconf 83' lang='grc' dir='ltr'><strong>πολιτικῆς</strong></span> <span class='ocrx_word' id='word_1_624' title='bbox 1446 4256 1633 4326; x_wconf 83' lang='grc' dir='ltr'><strong>μορίου</strong></span> <span class='ocrx_word' id='word_1_625' title='bbox 1669 4254 1819 4307; x_wconf 82' lang='grc' dir='ltr'><strong>εἴδω-</strong></span> 
     </span>
    </p>
   </div>
   <div class='ocr_carea' id='block_1_82' title="bbox 233 4346 1796 4427">
    <p class='ocr_par' dir='ltr' id='par_1_82' title="bbox 233 4346 1796 4427">
     <span class='ocr_line' id='line_1_82' title="bbox 233 4346 1796 4427; baseline -0.007 -18"><span class='ocrx_word' id='word_1_626' title='bbox 233 4357 324 4411; x_wconf 94' lang='grc' dir='ltr'><strong>λον</strong></span> <span class='ocrx_word' id='word_1_627' title='bbox 371 4358 406 4424; x_wconf 78' lang='grc' dir='ltr'><strong>ἡ</strong></span> <span class='ocrx_word' id='word_1_628' title='bbox 437 4354 724 4427; x_wconf 87' lang='grc' dir='ltr'><strong>ῥητορικὴ,</strong></span> <span class='ocrx_word' id='word_1_629' title='bbox 761 4353 892 4425; x_wconf 83' lang='grc' dir='ltr'><strong>ῆτὰ</strong></span> <span class='ocrx_word' id='word_1_630' title='bbox 945 4355 1044 4424; x_wconf 84' lang='grc' dir='ltr'><strong>τῆς</strong></span> <span class='ocrx_word' id='word_1_631' title='bbox 1080 4349 1388 4419; x_wconf 80' lang='grc' dir='ltr'><strong>πολιτικῆς,</strong></span> <span class='ocrx_word' id='word_1_632' title='bbox 1440 4347 1516 4409; x_wconf 85' lang='grc' dir='ltr'><strong>ὼς</strong></span> <span class='ocrx_word' id='word_1_633' title='bbox 1571 4346 1634 4399; x_wconf 77' lang='grc' dir='ltr'><strong>σὺ</strong></span> <span class='ocrx_word' id='word_1_634' title='bbox 1689 4346 1796 4416; x_wconf 73' lang='grc' dir='ltr'><strong>φῂς</strong></span> 
     </span>
    </p>
   </div>
   <div class='ocr_carea' id='block_1_83' title="bbox 236 4437 1816 4520">
    <p class='ocr_par' dir='ltr' id='par_1_83' title="bbox 236 4437 1816 4520">
     <span class='ocr_line' id='line_1_83' title="bbox 236 4437 1816 4520; baseline -0.008 -19"><span class='ocrx_word' id='word_1_635' title='bbox 236 4447 404 4520; x_wconf 78' lang='grc' dir='ltr'><strong>μόρια</strong></span> <span class='ocrx_word' id='word_1_636' title='bbox 435 4448 541 4501; x_wconf 78' lang='grc' dir='ltr'><strong>ὑπὸ</strong></span> <span class='ocrx_word' id='word_1_637' title='bbox 593 4446 692 4517; x_wconf 88' lang='grc' dir='ltr'><strong>τῆς</strong></span> <span class='ocrx_word' id='word_1_638' title='bbox 755 4447 1052 4517; x_wconf 75' lang='grc' dir='ltr'><strong>ῥητορικῆς</strong></span> <span class='ocrx_word' id='word_1_639' title='bbox 1101 4443 1433 4511; x_wconf 82' lang='grc' dir='ltr'><strong>συνέχεται;</strong></span> <span class='ocrx_word' id='word_1_640' title='bbox 1475 4437 1598 4507; x_wconf 72' lang='grc' dir='ltr'><strong>ἐμοὶ</strong></span> <span class='ocrx_word' id='word_1_641' title='bbox 1630 4437 1676 4469; x_wconf 83' lang='grc'><strong>⁸⁸</strong></span> <span class='ocrx_word' id='word_1_642' title='bbox 1719 4437 1816 4506; x_wconf 81' lang='grc' dir='ltr'><strong>μὲν</strong></span> 
     </span>
    </p>
   </div>
   <div class='ocr_carea' id='block_1_84' title="bbox 231 4527 1815 4612">
    <p class='ocr_par' dir='ltr' id='par_1_84' title="bbox 231 4527 1815 4612">
     <span class='ocr_line' id='line_1_84' title="bbox 231 4527 1815 4612; baseline -0.011 -17"><span class='ocrx_word' id='word_1_643' title='bbox 231 4540 341 4612; x_wconf 86' lang='grc' dir='ltr'><strong>γὰρ</strong></span> <span class='ocrx_word' id='word_1_644' title='bbox 365 4540 441 4604; x_wconf 84' lang='grc' dir='ltr'><strong>ὡς</strong></span> <span class='ocrx_word' id='word_1_645' title='bbox 494 4539 712 4610; x_wconf 85' lang='grc' dir='ltr'><strong>ἀληθῶς</strong></span> <span class='ocrx_word' id='word_1_646' title='bbox 742 4539 802 4590; x_wconf 80' lang='grc' dir='ltr'><strong>ού</strong></span> <span class='ocrx_word' id='word_1_647' title='bbox 857 4537 1156 4609; x_wconf 79' lang='grc' dir='ltr'><strong>ῥητορικὴν</strong></span> <span class='ocrx_word' id='word_1_648' title='bbox 1207 4534 1266 4586; x_wconf 80' lang='grc' dir='ltr'><strong>ὲν</strong></span> <span class='ocrx_word' id='word_1_649' title='bbox 1310 4529 1523 4593; x_wconf 87' lang='grc' dir='ltr'><strong>τούτοις</strong></span> <span class='ocrx_word' id='word_1_650' title='bbox 1569 4527 1815 4591; x_wconf 78' lang='grc' dir='ltr'><strong>κακίζειν</strong></span> 
     </span>
    </p>
   </div>
   <div class='ocr_carea' id='block_1_85' title="bbox 1924 3978 3498 4050">
    <p class='ocr_par' dir='ltr' id='par_1_85' title="bbox 1924 3978 3498 4050">
     <span class='ocr_line' id='line_1_85' title="bbox 1924 3978 3498 4050; baseline 0.004 -18"><span class='ocrx_word' id='word_1_651' title='bbox 1924 3995 2027 4032; x_wconf 93' lang='lat' dir='ltr'><strong>non</strong></span> <span class='ocrx_word' id='word_1_652' title='bbox 2055 3987 2288 4047; x_wconf 86' lang='lat' dir='ltr'><strong>poterat.</strong></span> <span class='ocrx_word' id='word_1_653' title='bbox 2325 3978 2522 4034; x_wconf 89' lang='lat' dir='ltr'><strong>Utrum</strong></span> <span class='ocrx_word' id='word_1_654' title='bbox 2558 3994 2690 4050; x_wconf 89' lang='lat' dir='ltr'><strong>ergo</strong></span> <span class='ocrx_word' id='word_1_655' title='bbox 2727 3979 2906 4034; x_wconf 88' lang='lat' dir='ltr'><strong>civilis</strong></span> <span class='ocrx_word' id='word_1_656' title='bbox 2934 3981 3108 4050; x_wconf 88' lang='lat' dir='ltr'><strong>partis</strong></span> <span class='ocrx_word' id='word_1_657' title='bbox 3136 3983 3498 4040; x_wconf 89' lang='lat' dir='ltr'><strong>simulacrum</strong></span> 
     </span>
    </p>
   </div>
   <div class='ocr_carea' id='block_1_86' title="bbox 1921 4072 3507 4144">
    <p class='ocr_par' dir='ltr' id='par_1_86' title="bbox 1921 4072 3507 4144">
     <span class='ocr_line' id='line_1_86' title="bbox 1921 4072 3507 4144; baseline 0.005 -19"><span class='ocrx_word' id='word_1_658' title='bbox 1921 4080 2004 4125; x_wconf 88' lang='lat' dir='ltr'><strong>est</strong></span> <span class='ocrx_word' id='word_1_659' title='bbox 2037 4072 2328 4136; x_wconf 84' lang='lat' dir='ltr'><strong>rhetorica,</strong></span> <span class='ocrx_word' id='word_1_660' title='bbox 2354 4087 2421 4125; x_wconf 91' lang='lat' dir='ltr'><strong>an</strong></span> <span class='ocrx_word' id='word_1_661' title='bbox 2454 4083 2638 4141; x_wconf 89' lang='lat' dir='ltr'><strong>partes</strong></span> <span class='ocrx_word' id='word_1_662' title='bbox 2664 4073 2906 4126; x_wconf 83' lang='lat' dir='ltr'><strong>scientiae</strong></span> <span class='ocrx_word' id='word_1_663' title='bbox 2931 4074 3130 4138; x_wconf 88' lang='lat' dir='ltr'><strong>civilis,</strong></span> <span class='ocrx_word' id='word_1_664' title='bbox 3177 4090 3314 4144; x_wconf 89' lang='lat' dir='ltr'><strong>quas</strong></span> <span class='ocrx_word' id='word_1_665' title='bbox 3345 4077 3507 4144; x_wconf 86' lang='lat' dir='ltr'><strong>dicis,</strong></span> 
     </span>
    </p>
   </div>
   <div class='ocr_carea' id='block_1_87' title="bbox 1919 4159 3505 4234">
    <p class='ocr_par' dir='ltr' id='par_1_87' title="bbox 1919 4159 3505 4234">
     <span class='ocr_line' id='line_1_87' title="bbox 1919 4159 3505 4234; baseline 0.003 -22"><span class='ocrx_word' id='word_1_666' title='bbox 1919 4159 2114 4232; x_wconf 55' lang='lat'><strong>5150</strong></span> <span class='ocrx_word' id='word_1_667' title='bbox 2167 4160 2269 4215; x_wconf 87' lang='lat' dir='ltr'><strong>sub</strong></span> <span class='ocrx_word' id='word_1_668' title='bbox 2303 4161 2577 4214; x_wconf 88' lang='lat' dir='ltr'><strong>rhetorica</strong></span> <span class='ocrx_word' id='word_1_669' title='bbox 2607 4161 2959 4216; x_wconf 87' lang='lat' dir='ltr'><strong>continentur</strong></span> <span class='ocrx_word' id='word_1_670' title='bbox 2989 4161 3013 4214; x_wconf 84' lang='lat'><strong>?</strong></span> <span class='ocrx_word' id='word_1_671' title='bbox 3041 4161 3170 4217; x_wconf 70' lang='lat' dir='ltr'><strong>Nam</strong></span> <span class='ocrx_word' id='word_1_672' title='bbox 3199 4163 3331 4217; x_wconf 89' lang='lat' dir='ltr'><strong>tnihi</strong></span> <span class='ocrx_word' id='word_1_673' title='bbox 3378 4166 3505 4234; x_wconf 90' lang='lat' dir='ltr'><strong>qui-</strong></span> 
     </span>
    </p>
   </div>
   <div class='ocr_carea' id='block_1_88' title="bbox 1921 4252 3509 4326">
    <p class='ocr_par' dir='ltr' id='par_1_88' title="bbox 1921 4252 3509 4326">
     <span class='ocr_line' id='line_1_88' title="bbox 1921 4252 3509 4326; baseline -0.001 -19"><span class='ocrx_word' id='word_1_674' title='bbox 1921 4257 2043 4307; x_wconf 85' lang='lat' dir='ltr'><strong>dem</strong></span> <span class='ocrx_word' id='word_1_675' title='bbox 2077 4261 2134 4306; x_wconf 93' lang='lat' dir='ltr'><strong>ut</strong></span> <span class='ocrx_word' id='word_1_676' title='bbox 2158 4252 2309 4325; x_wconf 90' lang='lat' dir='ltr'><strong>[vere</strong></span> <span class='ocrx_word' id='word_1_677' title='bbox 2337 4269 2445 4307; x_wconf 88' lang='lat' dir='ltr'><strong>non</strong></span> <span class='ocrx_word' id='word_1_678' title='bbox 2479 4253 2836 4326; x_wconf 85' lang='lat' dir='ltr'><strong>rhetoricam]</strong></span> <span class='ocrx_word' id='word_1_679' title='bbox 2858 4255 2908 4306; x_wconf 92' lang='lat' dir='ltr'><strong>in</strong></span> <span class='ocrx_word' id='word_1_680' title='bbox 2944 4253 3060 4308; x_wconf 89' lang='lat' dir='ltr'><strong>istis</strong></span> <span class='ocrx_word' id='word_1_681' title='bbox 3079 4255 3509 4324; x_wconf 79' lang='lat' dir='ltr'><strong>videtursuggil—</strong></span> 
     </span>
    </p>
   </div>
   <div class='ocr_carea' id='block_1_89' title="bbox 1921 4343 3508 4412">
    <p class='ocr_par' dir='ltr' id='par_1_89' title="bbox 1921 4343 3508 4412">
     <span class='ocr_line' id='line_1_89' title="bbox 1921 4343 3508 4412; baseline 0.001 -16"><span class='ocrx_word' id='word_1_682' title='bbox 1921 4343 2055 4407; x_wconf 89' lang='lat' dir='ltr'><strong>lare,</strong></span> <span class='ocrx_word' id='word_1_683' title='bbox 2081 4359 2182 4398; x_wconf 91' lang='lat' dir='ltr'><strong>nec</strong></span> <span class='ocrx_word' id='word_1_684' title='bbox 2214 4343 2390 4398; x_wconf 88' lang='lat' dir='ltr'><strong>civiiis</strong></span> <span class='ocrx_word' id='word_1_685' title='bbox 2416 4343 2588 4412; x_wconf 88' lang='lat' dir='ltr'><strong>partis</strong></span> <span class='ocrx_word' id='word_1_686' title='bbox 2616 4357 2734 4396; x_wconf 90' lang='lat' dir='ltr'><strong>eam</strong></span> <span class='ocrx_word' id='word_1_687' title='bbox 2761 4343 3115 4397; x_wconf 89' lang='lat' dir='ltr'><strong>simulacrum</strong></span> <span class='ocrx_word' id='word_1_688' title='bbox 3147 4359 3271 4398; x_wconf 88' lang='lat' dir='ltr'><strong>esse</strong></span> <span class='ocrx_word' id='word_1_689' title='bbox 3321 4355 3508 4398; x_wconf 84' lang='lat' dir='ltr'><strong>osten-</strong></span> 
     </span>
    </p>
   </div>
   <div class='ocr_carea' id='block_1_90' title="bbox 1922 4435 3504 4506">
    <p class='ocr_par' dir='ltr' id='par_1_90' title="bbox 1922 4435 3504 4506">
     <span class='ocr_line' id='line_1_90' title="bbox 1922 4435 3504 4506; baseline -0.001 -14"><span class='ocrx_word' id='word_1_690' title='bbox 1922 4438 2074 4498; x_wconf 88' lang='lat' dir='ltr'><strong>dere,</strong></span> <span class='ocrx_word' id='word_1_691' title='bbox 2114 4453 2305 4491; x_wconf 87' lang='lat' dir='ltr'><strong>verum</strong></span> <span class='ocrx_word' id='word_1_692' title='bbox 2354 4436 2510 4506; x_wconf 88' lang='lat' dir='ltr'><strong>quasi</strong></span> <span class='ocrx_word' id='word_1_693' title='bbox 2551 4436 2840 4490; x_wconf 69' lang='lat' dir='ltr'><strong>rhetorica:</strong></span> <span class='ocrx_word' id='word_1_694' title='bbox 2881 4435 3234 4490; x_wconf 89' lang='lat' dir='ltr'><strong>simulacrum</strong></span> <span class='ocrx_word' id='word_1_695' title='bbox 3283 4436 3504 4506; x_wconf 86' lang='lat' dir='ltr'><strong>aliquod</strong></span> 
     </span>
    </p>
   </div>
   <div class='ocr_carea' id='block_1_91' title="bbox 1925 4528 3504 4598">
    <p class='ocr_par' dir='ltr' id='par_1_91' title="bbox 1925 4528 3504 4598">
     <span class='ocr_line' id='line_1_91' title="bbox 1925 4528 3504 4598; baseline 0 -15"><span class='ocrx_word' id='word_1_696' title='bbox 1925 4528 2272 4598; x_wconf 80' lang='lat' dir='ltr'><strong>sumpsisset,</strong></span> <span class='ocrx_word' id='word_1_697' title='bbox 2305 4528 2357 4582; x_wconf 91' lang='lat' dir='ltr'><strong>in</strong></span> <span class='ocrx_word' id='word_1_698' title='bbox 2389 4543 2456 4582; x_wconf 93' lang='lat' dir='ltr'><strong>eo</strong></span> <span class='ocrx_word' id='word_1_699' title='bbox 2487 4528 2729 4580; x_wconf 88' lang='lat' dir='ltr'><strong>studium</strong></span> <span class='ocrx_word' id='word_1_700' title='bbox 2762 4541 2923 4580; x_wconf 90' lang='lat' dir='ltr'><strong>omne</strong></span> <span class='ocrx_word' id='word_1_701' title='bbox 2949 4542 3168 4596; x_wconf 89' lang='lat' dir='ltr'><strong>ponere.</strong></span> <span class='ocrx_word' id='word_1_702' title='bbox 3196 4542 3294 4583; x_wconf 87' lang='lat' dir='ltr'><strong>nec</strong></span> <span class='ocrx_word' id='word_1_703' title='bbox 3327 4528 3504 4598; x_wconf 87' lang='lat' dir='ltr'><strong>ipsam</strong></span> 
     </span>
    </p>
   </div>
   <div class='ocr_carea' id='block_1_92' title="bbox 234 4613 1819 4700">
    <p class='ocr_par' dir='ltr' id='par_1_92' title="bbox 234 4621 1811 4700">
     <span class='ocr_line' id='line_1_92' title="bbox 234 4621 1811 4700; baseline -0.009 -13"><span class='ocrx_word' id='word_1_704' title='bbox 234 4634 510 4700; x_wconf 67' lang='lat' dir='ltr'><strong>(petiverat,</strong></span> <span class='ocrx_word' id='word_1_705' title='bbox 535 4632 655 4686; x_wconf 81' lang='grc' dir='ltr'><strong>οὐδὲ</strong></span> <span class='ocrx_word' id='word_1_706' title='bbox 699 4631 984 4699; x_wconf 82' lang='grc' dir='ltr'><strong>πολιτικῆς</strong></span> <span class='ocrx_word' id='word_1_707' title='bbox 1013 4628 1206 4698; x_wconf 81' lang='grc' dir='ltr'><strong>μορίου</strong></span> <span class='ocrx_word' id='word_1_708' title='bbox 1256 4623 1477 4678; x_wconf 81' lang='grc' dir='ltr'><strong>εἴδωλον</strong></span> <span class='ocrx_word' id='word_1_709' title='bbox 1516 4621 1811 4683; x_wconf 86' lang='grc' dir='ltr'><strong>δεικνύναι,</strong></span> 
     </span>
    </p>
   </div>
   <div class='ocr_carea' id='block_1_93' title="bbox 1924 4613 2984 4700">
    <p class='ocr_par' dir='ltr' id='par_1_93' title="bbox 1925 4616 2984 4688">
     <span class='ocr_line' id='line_1_93' title="bbox 1925 4616 2984 4688; baseline 0.001 -16"><span class='ocrx_word' id='word_1_710' title='bbox 1925 4619 2215 4688; x_wconf 77' lang='lat' dir='ltr'><strong>attingere,</strong></span> <span class='ocrx_word' id='word_1_711' title='bbox 2241 4619 2388 4673; x_wconf 85' lang='lat' dir='ltr'><strong>velut</strong></span> <span class='ocrx_word' id='word_1_712' title='bbox 2424 4617 2725 4674; x_wconf 90' lang='lat' dir='ltr'><strong>Stesichori</strong></span> <span class='ocrx_word' id='word_1_713' title='bbox 2761 4616 2984 4686; x_wconf 88' lang='lat' dir='ltr'><strong>Trojaui</strong></span> 
     </span>
    </p>
   </div>
   <div class='ocr_carea' id='block_1_94' title="bbox 232 4712 3506 4796">
    <p class='ocr_par' dir='ltr' id='par_1_94' title="bbox 232 4712 3506 4796">
     <span class='ocr_line' id='line_1_94' title="bbox 232 4712 3506 4796; baseline -0.003 -17"><span class='ocrx_word' id='word_1_714' title='bbox 232 4726 347 4780; x_wconf 83' lang='grc' dir='ltr'><strong>ἀλλ’</strong></span> <span class='ocrx_word' id='word_1_715' title='bbox 369 4724 544 4788; x_wconf 79' lang='grc' dir='ltr'><strong>οὕτως</strong></span> <span class='ocrx_word' id='word_1_716' title='bbox 570 4725 757 4796; x_wconf 81' lang='grc' dir='ltr'><strong>ὥσπερ</strong></span> <span class='ocrx_word' id='word_1_717' title='bbox 797 4723 1013 4777; x_wconf 80' lang='grc' dir='ltr'><strong>εἴδωλον</strong></span> <span class='ocrx_word' id='word_1_718' title='bbox 1069 4719 1366 4793; x_wconf 80' lang='grc' dir='ltr'><strong>ῥητορικῆς</strong></span> <span class='ocrx_word' id='word_1_719' title='bbox 1416 4715 1736 4789; x_wconf 60' lang='grc' dir='ltr'><strong>ἀπειληφὼς</strong></span> <span class='ocrx_word' id='word_1_720' title='bbox 1769 4715 1813 4745; x_wconf 85' lang='grc'><strong>³⁹</strong></span> <span class='ocrx_word' id='word_1_721' title='bbox 1855 4713 1949 4766; x_wconf 74' lang='grc' dir='ltr'><strong>ἐπὶ</strong></span> <span class='ocrx_word' id='word_1_722' title='bbox 1969 4715 2142 4784; x_wconf 81' lang='grc' dir='ltr'><strong>τούτῳ</strong></span> <span class='ocrx_word' id='word_1_723' title='bbox 2179 4713 2522 4779; x_wconf 80' lang='grc' dir='ltr'><strong>σπουδάζειν,</strong></span> <span class='ocrx_word' id='word_1_724' title='bbox 2554 4713 2722 4784; x_wconf 83' lang='grc' dir='ltr'><strong>αὐτῆς</strong></span> <span class='ocrx_word' id='word_1_725' title='bbox 2749 4713 2805 4767; x_wconf 85' lang='grc' dir='ltr'><strong>δὲ</strong></span> <span class='ocrx_word' id='word_1_726' title='bbox 2841 4712 2949 4766; x_wconf 70' lang='grc' dir='ltr'><strong>οὐδ’</strong></span> <span class='ocrx_word' id='word_1_727' title='bbox 2988 4713 3277 4783; x_wconf 77' lang='grc' dir='ltr'><strong>ἅπτεσθαι,</strong></span> <span class='ocrx_word' id='word_1_728' title='bbox 3315 4714 3506 4786; x_wconf 83' lang='grc' dir='ltr'><strong>ὥσπερ</strong></span> 
     </span>
    </p>
   </div>
   <div class='ocr_carea' id='block_1_95' title="bbox 230 4815 1048 4890">
    <p class='ocr_par' dir='ltr' id='par_1_95' title="bbox 230 4815 1048 4890">
     <span class='ocr_line' id='line_1_95' title="bbox 230 4815 1048 4890; baseline -0.006 -17"><span class='ocrx_word' id='word_1_729' title='bbox 230 4823 279 4873; x_wconf 78' lang='grc' dir='ltr'><strong>οἱ</strong></span> <span class='ocrx_word' id='word_1_730' title='bbox 303 4819 635 4890; x_wconf 83' lang='grc' dir='ltr'><strong>Στησιχόρου</strong></span> <span class='ocrx_word' id='word_1_731' title='bbox 673 4817 881 4887; x_wconf 83' lang='grc' dir='ltr'><strong>Τρῶες,</strong></span> <span class='ocrx_word' id='word_1_732' title='bbox 914 4818 963 4870; x_wconf 78' lang='grc' dir='ltr'><strong>οἱ</strong></span> <span class='ocrx_word' id='word_1_733' title='bbox 989 4815 1048 4868; x_wconf 81' lang='grc' dir='ltr'><strong>τὸ</strong></span> 
     </span>
    </p>
   </div>
   <div class='ocr_carea' id='block_1_96' title="bbox 455 4907 1584 4981">
    <p class='ocr_par' dir='ltr' id='par_1_96' title="bbox 455 4907 1584 4981">
     <span class='ocr_line' id='line_1_96' title="bbox 455 4907 1584 4981; baseline -0.006 -14"><span class='ocrx_word' id='word_1_734' title='bbox 455 4955 468 4967; x_wconf 92' lang='grc'><strong>.</strong></span> <span class='ocrx_word' id='word_1_735' title='bbox 488 4953 502 4967; x_wconf 91' lang='grc'><strong>.</strong></span> <span class='ocrx_word' id='word_1_736' title='bbox 520 4953 533 4967; x_wconf 94' lang='grc'>.</span> <span class='ocrx_word' id='word_1_737' title='bbox 557 4951 570 4966; x_wconf 92' lang='grc'><strong>.</strong></span> <span class='ocrx_word' id='word_1_738' title='bbox 605 4911 720 4981; x_wconf 78' lang='grc' dir='ltr'><strong>Τῆς</strong></span> <span class='ocrx_word' id='word_1_739' title='bbox 760 4912 1005 4978; x_wconf 76' lang='grc' dir='ltr'><strong>Ἑλένης</strong></span> <span class='ocrx_word' id='word_1_740' title='bbox 1029 4910 1288 4963; x_wconf 76' lang='grc' dir='ltr'><strong>εἷδωλον</strong></span> <span class='ocrx_word' id='word_1_741' title='bbox 1325 4907 1584 4977; x_wconf 75' lang='grc' dir='ltr'><strong>ἔχοντες</strong></span> 
     </span>
    </p>
   </div>
   <div class='ocr_carea' id='block_1_97' title="bbox 231 5000 1814 5077">
    <p class='ocr_par' dir='ltr' id='par_1_97' title="bbox 231 5000 1814 5077">
     <span class='ocr_line' id='line_1_97' title="bbox 231 5000 1814 5077; baseline -0.007 -16"><span class='ocrx_word' id='word_1_742' title='bbox 231 5008 310 5071; x_wconf 85' lang='grc' dir='ltr'><strong>ὡς</strong></span> <span class='ocrx_word' id='word_1_743' title='bbox 339 5007 534 5077; x_wconf 80' lang='grc' dir='ltr'><strong>αὑτήν.</strong></span> <span class='ocrx_word' id='word_1_744' title='bbox 571 5006 830 5076; x_wconf 82' lang='grc' dir='ltr'><strong>Διαφέροι</strong></span> <span class='ocrx_word' id='word_1_745' title='bbox 855 5004 897 5056; x_wconf 89' lang='grc' dir='ltr'><strong>δ’</strong></span> <span class='ocrx_word' id='word_1_746' title='bbox 930 5004 996 5056; x_wconf 86' lang='grc' dir='ltr'>ἂν</span> <span class='ocrx_word' id='word_1_747' title='bbox 1027 5002 1306 5068; x_wconf 88' lang='grc' dir='ltr'><strong>τοσοῦτον,</strong></span> <span class='ocrx_word' id='word_1_748' title='bbox 1333 5003 1414 5055; x_wconf 77' lang='grc' dir='ltr'><strong>ὅτι</strong></span> <span class='ocrx_word' id='word_1_749' title='bbox 1444 5000 1598 5053; x_wconf 75' lang='grc' dir='ltr'><strong>οὐδὲν</strong></span> <span class='ocrx_word' id='word_1_750' title='bbox 1631 5000 1814 5070; x_wconf 80' lang='grc' dir='ltr'><strong>ὅμοιον</strong></span> 
     </span>
    </p>
   </div>
   <div class='ocr_carea' id='block_1_98' title="bbox 232 5093 1814 5172">
    <p class='ocr_par' dir='ltr' id='par_1_98' title="bbox 232 5093 1814 5172">
     <span class='ocr_line' id='line_1_98' title="bbox 232 5093 1814 5172; baseline -0.005 -19"><span class='ocrx_word' id='word_1_751' title='bbox 232 5103 298 5172; x_wconf 71' lang='grc' dir='ltr'><strong>τῇ</strong></span> <span class='ocrx_word' id='word_1_752' title='bbox 321 5103 585 5172; x_wconf 83' lang='grc' dir='ltr'><strong>ῥητορικῇ</strong></span> <span class='ocrx_word' id='word_1_753' title='bbox 619 5101 678 5153; x_wconf 79' lang='grc' dir='ltr'><strong>τὸ</strong></span> <span class='ocrx_word' id='word_1_754' title='bbox 699 5096 1253 5152; x_wconf 68' lang='grc' dir='ltr'><strong>εἴδωλον⁵⁰.οὑκοῦν“</strong></span> <span class='ocrx_word' id='word_1_755' title='bbox 1269 5095 1429 5149; x_wconf 85' lang='grc' dir='ltr'><strong>ὁπότε</strong></span> <span class='ocrx_word' id='word_1_756' title='bbox 1463 5095 1586 5164; x_wconf 81' lang='grc' dir='ltr'><strong>μήτ’</strong></span> <span class='ocrx_word' id='word_1_757' title='bbox 1609 5093 1814 5146; x_wconf 86' lang='grc' dir='ltr'><strong>ἀδικεῖν</strong></span> 
     </span>
    </p>
   </div>
   <div class='ocr_carea' id='block_1_99' title="bbox 2235 4897 3194 4964">
    <p class='ocr_par' dir='ltr' id='par_1_99' title="bbox 2235 4897 3194 4964">
     <span class='ocr_line' id='line_1_99' title="bbox 2235 4897 3194 4964; baseline 0.002 -11"><span class='ocrx_word' id='word_1_758' title='bbox 2235 4937 2250 4953; x_wconf 92' lang='grc'><strong>.</strong></span> <span class='ocrx_word' id='word_1_759' title='bbox 2273 4939 2288 4954; x_wconf 91' lang='grc'><strong>.</strong></span> <span class='ocrx_word' id='word_1_760' title='bbox 2307 4935 2324 4951; x_wconf 92' lang='lat'><strong>.</strong></span> <span class='ocrx_word' id='word_1_761' title='bbox 2344 4937 2360 4953; x_wconf 93' lang='lat'><strong>.</strong></span> <span class='ocrx_word' id='word_1_762' title='bbox 2392 4897 2607 4952; x_wconf 77' lang='lat' dir='ltr'><strong>Helena:</strong></span> <span class='ocrx_word' id='word_1_763' title='bbox 2631 4899 2921 4952; x_wconf 72' lang='lat' dir='ltr'><strong>simulacra</strong></span> <span class='ocrx_word' id='word_1_764' title='bbox 2946 4909 3194 4964; x_wconf 73' lang='lat' dir='ltr'><strong>tenentes,</strong></span> 
     </span>
    </p>
   </div>
   <div class='ocr_carea' id='block_1_100' title="bbox 1925 4979 3486 5065">
    <p class='ocr_par' dir='ltr' id='par_1_100' title="bbox 1925 4979 3486 5065">
     <span class='ocr_line' id='line_1_100' title="bbox 1925 4979 3486 5065; baseline -0.001 -17"><span class='ocrx_word' id='word_1_765' title='bbox 1925 4993 2079 5065; x_wconf 87' lang='lat' dir='ltr'><strong>quasi</strong></span> <span class='ocrx_word' id='word_1_766' title='bbox 2123 4993 2300 5063; x_wconf 88' lang='lat' dir='ltr'><strong>ipsam</strong></span> <span class='ocrx_word' id='word_1_767' title='bbox 2332 4993 2619 5047; x_wconf 85' lang='lat' dir='ltr'><strong>haberent.</strong></span> <span class='ocrx_word' id='word_1_768' title='bbox 2655 4979 2888 5046; x_wconf 81' lang='lat' dir='ltr'><strong>Tantum</strong></span> <span class='ocrx_word' id='word_1_769' title='bbox 2927 5005 3106 5048; x_wconf 79' lang='lat' dir='ltr'><strong>tamen</strong></span> <span class='ocrx_word' id='word_1_770' title='bbox 3154 4993 3259 5047; x_wconf 88' lang='lat' dir='ltr'><strong>erit</strong></span> <span class='ocrx_word' id='word_1_771' title='bbox 3287 4992 3486 5048; x_wconf 80' lang='lat' dir='ltr'><strong>discri-</strong></span> 
     </span>
    </p>
   </div>
   <div class='ocr_carea' id='block_1_101' title="bbox 1927 5087 3502 5158">
    <p class='ocr_par' dir='ltr' id='par_1_101' title="bbox 1927 5087 3502 5158">
     <span class='ocr_line' id='line_1_101' title="bbox 1927 5087 3502 5158; baseline -0.001 -15"><span class='ocrx_word' id='word_1_772' title='bbox 1927 5090 2115 5154; x_wconf 91' lang='lat' dir='ltr'><strong>minis,</strong></span> <span class='ocrx_word' id='word_1_773' title='bbox 2148 5089 2291 5158; x_wconf 90' lang='lat' dir='ltr'><strong>quod</strong></span> <span class='ocrx_word' id='word_1_774' title='bbox 2320 5098 2402 5141; x_wconf 91' lang='lat' dir='ltr'><strong>est</strong></span> <span class='ocrx_word' id='word_1_775' title='bbox 2457 5088 2746 5140; x_wconf 77' lang='lat' dir='ltr'><strong>rhetorica:</strong></span> <span class='ocrx_word' id='word_1_776' title='bbox 2797 5087 3061 5142; x_wconf 87' lang='lat' dir='ltr'><strong>dissimile</strong></span> <span class='ocrx_word' id='word_1_777' title='bbox 3127 5087 3502 5142; x_wconf 89' lang='lat' dir='ltr'><strong>simulacrum.</strong></span> 
     </span>
    </p>
   </div>
   <div class='ocr_carea' id='block_1_102' title="bbox 1534 5253 2215 5313">
    <p class='ocr_par' dir='ltr' id='par_1_102' title="bbox 1534 5253 2215 5313">
     <span class='ocr_line' id='line_1_102' title="bbox 1534 5253 2215 5313; baseline -0.003 -2"><span class='ocrx_word' id='word_1_778' title='bbox 1534 5258 1772 5313; x_wconf 80' lang='lat' dir='ltr'><strong>VARle</strong></span> <span class='ocrx_word' id='word_1_779' title='bbox 1810 5253 2215 5313; x_wconf 75' lang='lat' dir='ltr'><strong>LECTIONES.</strong></span> 
     </span>
    </p>
   </div>
   <div class='ocr_carea' id='block_1_103' title="bbox 312 5349 1675 5432">
    <p class='ocr_par' dir='ltr' id='par_1_103' title="bbox 312 5349 1675 5432">
     <span class='ocr_line' id='line_1_103' title="bbox 312 5349 1675 5432; baseline -0.011 -17"><span class='ocrx_word' id='word_1_780' title='bbox 312 5365 353 5394; x_wconf 90' lang='grc'><strong>¹⁷</strong></span> <span class='ocrx_word' id='word_1_781' title='bbox 380 5367 442 5432; x_wconf 85' lang='grc' dir='ltr'><strong>δη</strong></span> <span class='ocrx_word' id='word_1_782' title='bbox 469 5372 548 5414; x_wconf 81' lang='lat' dir='ltr'><strong>A:</strong></span> <span class='ocrx_word' id='word_1_783' title='bbox 582 5361 636 5413; x_wconf 80' lang='grc' dir='ltr'><strong>δὲ</strong></span> <span class='ocrx_word' id='word_1_784' title='bbox 666 5377 726 5422; x_wconf 78' lang='grc' dir='ltr'><strong>ς’.</strong></span> <span class='ocrx_word' id='word_1_785' title='bbox 827 5359 870 5390; x_wconf 74' lang='grc'><strong>³⁸</strong></span> <span class='ocrx_word' id='word_1_786' title='bbox 969 5355 1172 5432; x_wconf 85' lang='lat' dir='ltr'><strong>0m._A.</strong></span> <span class='ocrx_word' id='word_1_787' title='bbox 1210 5355 1296 5432; x_wconf 43' lang='lat' dir='ltr'><strong>A_&#39;_°</strong></span> <span class='ocrx_word' id='word_1_788' title='bbox 1327 5353 1463 5432; x_wconf 66' lang='grc' dir='ltr'><strong>μηδὲ</strong></span> <span class='ocrx_word' id='word_1_789' title='bbox 1481 5349 1580 5432; x_wconf 55' lang='grc' dir='ltr'><strong>[τῷ</strong></span> <span class='ocrx_word' id='word_1_790' title='bbox 1607 5381 1675 5390; x_wconf 94' lang='lat'>—</span> 
     </span>
    </p>
   </div>
   <div class='ocr_carea' id='block_1_104' title="bbox 236 5423 1742 5506">
    <p class='ocr_par' dir='ltr' id='par_1_104' title="bbox 236 5423 1742 5506">
     <span class='ocr_line' id='line_1_104' title="bbox 236 5423 1742 5506; baseline -0.008 -20"><span class='ocrx_word' id='word_1_791' title='bbox 236 5436 280 5471; x_wconf 71' lang='grc' dir='ltr'><strong>ιι</strong></span> <span class='ocrx_word' id='word_1_792' title='bbox 306 5432 398 5485; x_wconf 83' lang='grc' dir='ltr'><strong>οῦν</strong></span> <span class='ocrx_word' id='word_1_793' title='bbox 431 5423 555 5486; x_wconf 73' lang='grc' dir='ltr'><strong>ὀιιι.</strong></span> <span class='ocrx_word' id='word_1_794' title='bbox 577 5434 659 5506; x_wconf 85' lang='lat' dir='ltr'><strong>_A.</strong></span> <span class='ocrx_word' id='word_1_795' title='bbox 706 5431 784 5506; x_wconf 58' lang='lat'><strong>_&quot;’</strong></span> <span class='ocrx_word' id='word_1_796' title='bbox 821 5423 1092 5506; x_wconf 64' lang='grc' dir='ltr'><strong>φαίνεται]</strong></span> <span class='ocrx_word' id='word_1_797' title='bbox 1123 5442 1181 5506; x_wconf 64' lang='lat' dir='ltr'><strong>pL</strong></span> <span class='ocrx_word' id='word_1_798' title='bbox 1207 5423 1296 5479; x_wconf 84' lang='lat'><strong>85.</strong></span> <span class='ocrx_word' id='word_1_799' title='bbox 1332 5423 1336 5424; x_wconf 24' lang='grc' dir='ltr'><strong>ί</strong></span> <span class='ocrx_word' id='word_1_800' title='bbox 1369 5425 1416 5459; x_wconf 78' lang='grc'><strong>⁸³</strong></span> <span class='ocrx_word' id='word_1_801' title='bbox 1444 5425 1510 5506; x_wconf 70' lang='grc' dir='ltr'><strong>τῇ</strong></span> <span class='ocrx_word' id='word_1_802' title='bbox 1543 5438 1652 5506; x_wconf 61' lang='grc' dir='ltr'><strong>οιιι.</strong></span> 
     </span>
    </p>
   </div>
   <div class='ocr_carea' id='block_1_105' title="bbox 237 5483 2844 5571">
    <p class='ocr_par' dir='ltr' id='par_1_105' title="bbox 237 5483 2844 5571">
     <span class='ocr_line' id='line_1_105' title="bbox 237 5483 2844 5571; baseline -0.008 -17"><span class='ocrx_word' id='word_1_803' title='bbox 237 5507 281 5542; x_wconf 73' lang='grc'>³⁸</span> <span class='ocrx_word' id='word_1_804' title='bbox 315 5483 378 5571; x_wconf 76' lang='grc' dir='ltr'><strong>γε</strong></span> <span class='ocrx_word' id='word_1_805' title='bbox 413 5483 657 5556; x_wconf 59' lang='grc' dir='ltr'><strong>οἷιέζΑζ</strong></span> <span class='ocrx_word' id='word_1_806' title='bbox 703 5499 748 5532; x_wconf 70' lang='grc' dir='ltr'><strong>’θ</strong></span> <span class='ocrx_word' id='word_1_807' title='bbox 775 5483 909 5570; x_wconf 76' lang='grc' dir='ltr'><strong>πρὸς</strong></span> <span class='ocrx_word' id='word_1_808' title='bbox 935 5483 1249 5571; x_wconf 39' lang='grc' dir='ltr'><strong>αύτὸίτοῦτο</strong></span> <span class='ocrx_word' id='word_1_809' title='bbox 1288 5483 1627 5571; x_wconf 56' lang='grc' dir='ltr'><strong>πεφυκότας]</strong></span> <span class='ocrx_word' id='word_1_810' title='bbox 1658 5494 1756 5561; x_wconf 85' lang='grc' dir='ltr'><strong>τὴν</strong></span> <span class='ocrx_word' id='word_1_811' title='bbox 1783 5483 2254 5571; x_wconf 35' lang='grc' dir='ltr'><strong>ἐκείνωνιίσότητρι</strong></span> <span class='ocrx_word' id='word_1_812' title='bbox 2287 5483 2360 5571; x_wconf 74' lang='grc' dir='ltr'><strong>μὴ</strong></span> <span class='ocrx_word' id='word_1_813' title='bbox 2399 5483 2844 5571; x_wconf 36' lang='grc' dir='ltr'><strong>αἱρουμένους-Α.</strong></span> 
     </span>
    </p>
   </div>
   <div class='ocr_carea' id='block_1_106' title="bbox 236 5571 876 5627">
    <p class='ocr_par' dir='ltr' id='par_1_106' title="bbox 236 5571 876 5627">
     <span class='ocr_line' id='line_1_106' title="bbox 236 5571 876 5627; baseline -0.006 -2"><span class='ocrx_word' id='word_1_814' title='bbox 236 5577 280 5612; x_wconf 79' lang='grc'><strong>³¹</strong></span> <span class='ocrx_word' id='word_1_815' title='bbox 312 5572 587 5627; x_wconf 75' lang='grc' dir='ltr'><strong>κάνταῦθα</strong></span> <span class='ocrx_word' id='word_1_816' title='bbox 641 5587 752 5626; x_wconf 90' lang='grc' dir='ltr'><strong>οιιι.</strong></span> <span class='ocrx_word' id='word_1_817' title='bbox 810 5571 876 5622; x_wconf 80' lang='grc' dir='ltr'><strong>Α.</strong></span> 
     </span>
    </p>
   </div>
   <div class='ocr_carea' id='block_1_107' title="bbox 238 5705 1703 5783">
    <p class='ocr_par' dir='ltr' id='par_1_107' title="bbox 238 5705 1703 5783">
     <span class='ocr_line' id='line_1_107' title="bbox 238 5705 1703 5783; baseline -0.003 -17"><span class='ocrx_word' id='word_1_818' title='bbox 238 5715 459 5767; x_wconf 72' lang='grc' dir='ltr'><strong>εἴδωλον</strong></span> <span class='ocrx_word' id='word_1_819' title='bbox 482 5705 970 5783; x_wconf 21' lang='grc' dir='ltr'><strong>τῆίρητορικῇδΑέ</strong></span> <span class='ocrx_word' id='word_1_820' title='bbox 1071 5705 1112 5739; x_wconf 66' lang='grc' dir='ltr'><strong>δι</strong></span> <span class='ocrx_word' id='word_1_821' title='bbox 1144 5706 1363 5775; x_wconf 83' lang='grc' dir='ltr'><strong>οὐκοῦν]</strong></span> <span class='ocrx_word' id='word_1_822' title='bbox 1395 5722 1445 5776; x_wconf 84' lang='lat' dir='ltr'><strong>p.</strong></span> <span class='ocrx_word' id='word_1_823' title='bbox 1476 5705 1594 5762; x_wconf 71' lang='grc'><strong>105.</strong></span> <span class='ocrx_word' id='word_1_824' title='bbox 1692 5726 1703 5735; x_wconf 91' lang='grc'><strong>·</strong></span> 
     </span>
    </p>
   </div>
   <div class='ocr_carea' id='block_1_108' title="bbox 1707 5349 2174 5421">
    <p class='ocr_par' dir='ltr' id='par_1_108' title="bbox 1707 5349 2174 5421">
     <span class='ocr_line' id='line_1_108' title="bbox 1707 5349 2174 5421; baseline -0.004 -19"><span class='ocrx_word' id='word_1_825' title='bbox 1707 5349 1928 5421; x_wconf 86' lang='grc' dir='ltr'><strong>μεγέθει</strong></span> <span class='ocrx_word' id='word_1_826' title='bbox 1964 5364 2074 5421; x_wconf 84' lang='lat' dir='ltr'><strong>om.</strong></span> <span class='ocrx_word' id='word_1_827' title='bbox 2109 5350 2174 5401; x_wconf 86' lang='lat' dir='ltr'><strong>A.</strong></span> 
     </span>
    </p>
   </div>
   <div class='ocr_carea' id='block_1_109' title="bbox 1840 5413 3500 5500">
    <p class='ocr_par' dir='ltr' id='par_1_109' title="bbox 1840 5413 3500 5500">
     <span class='ocr_line' id='line_1_109' title="bbox 1840 5413 3500 5500; baseline 0.031 -49"><span class='ocrx_word' id='word_1_828' title='bbox 1840 5421 1958 5500; x_wconf 51' lang='lat'><strong>2..&quot;</strong></span> <span class='ocrx_word' id='word_1_829' title='bbox 1985 5416 2577 5500; x_wconf 35' lang='lat' dir='ltr'><strong>Efﬁe‘p—eempsiv&#39;om.</strong></span> <span class='ocrx_word' id='word_1_830' title='bbox 2754 5413 2872 5500; x_wconf 66' lang='lat'><strong>&quot;&quot;&quot;</strong></span> <span class='ocrx_word' id='word_1_831' title='bbox 2903 5413 3500 5500; x_wconf 48' lang='lat' dir='ltr'><strong>Eim‘t’d‘Pfiiailﬂfn&#39;gi&#39;</strong></span> 
     </span>
    </p>
   </div>
   <div class='ocr_carea' id='block_1_110' title="bbox 989 5561 2317 5638">
    <p class='ocr_par' dir='ltr' id='par_1_110' title="bbox 989 5561 2317 5638">
     <span class='ocr_line' id='line_1_110' title="bbox 989 5561 2317 5638; baseline -0.008 -18"><span class='ocrx_word' id='word_1_832' title='bbox 989 5568 1033 5600; x_wconf 83' lang='grc'><strong>³¹</strong></span> <span class='ocrx_word' id='word_1_833' title='bbox 1057 5567 1155 5638; x_wconf 81' lang='grc' dir='ltr'><strong>τὴν</strong></span> <span class='ocrx_word' id='word_1_834' title='bbox 1187 5561 1384 5634; x_wconf 62' lang='grc' dir='ltr'><strong>νομοθζ</strong></span> <span class='ocrx_word' id='word_1_835' title='bbox 1433 5565 1527 5616; x_wconf 77' lang='grc' dir='ltr'><strong>καὶ</strong></span> <span class='ocrx_word' id='word_1_836' title='bbox 1575 5561 1968 5638; x_wconf 23' lang='grc' dir='ltr'><strong>δίκαστηολιιι..</strong></span> <span class='ocrx_word' id='word_1_837' title='bbox 2155 5564 2239 5638; x_wconf 33' lang='grc'><strong>1³³.</strong></span> <span class='ocrx_word' id='word_1_838' title='bbox 2257 5561 2317 5638; x_wconf 51' lang='lat' dir='ltr'><strong>ab</strong></span> 
     </span>
    </p>
   </div>
   <div class='ocr_carea' id='block_1_111' title="bbox 238 5628 2386 5713">
    <p class='ocr_par' dir='ltr' id='par_1_111' title="bbox 238 5628 2386 5713">
     <span class='ocr_line' id='line_1_111' title="bbox 238 5628 2386 5713; baseline -0.007 -18"><span class='ocrx_word' id='word_1_839' title='bbox 238 5647 285 5675; x_wconf 77' lang='grc'><strong>³⁵</strong></span> <span class='ocrx_word' id='word_1_840' title='bbox 324 5645 526 5713; x_wconf 74' lang='grc' dir='ltr'><strong>ταύτην</strong></span> <span class='ocrx_word' id='word_1_841' title='bbox 559 5661 618 5706; x_wconf 79' lang='grc' dir='ltr'><strong>ς.</strong></span> <span class='ocrx_word' id='word_1_842' title='bbox 700 5643 744 5679; x_wconf 80' lang='grc'><strong>³⁸</strong></span> <span class='ocrx_word' id='word_1_843' title='bbox 779 5637 972 5713; x_wconf 78' lang='grc' dir='ltr'><strong>ἐδεήθη</strong></span> <span class='ocrx_word' id='word_1_844' title='bbox 995 5628 1698 5713; x_wconf 21' lang='grc' dir='ltr'><strong>Λ..λ’³⁷.πότερον].ρ.-9Ι.ἰ</strong></span> <span class='ocrx_word' id='word_1_845' title='bbox 1771 5631 1980 5702; x_wconf 41' lang='grc' dir='ltr'><strong>³⁸,ὲμοὶ</strong></span> <span class='ocrx_word' id='word_1_846' title='bbox 2014 5632 2057 5684; x_wconf 83' lang='lat' dir='ltr'><strong>A</strong></span> <span class='ocrx_word' id='word_1_847' title='bbox 2096 5647 2108 5684; x_wconf 91' lang='lat'>:</span> <span class='ocrx_word' id='word_1_848' title='bbox 2151 5628 2386 5698; x_wconf 68' lang='grc' dir='ltr'><strong>ὲμὸνξς.</strong></span> 
     </span>
    </p>
   </div>
   <div class='ocr_carea' id='block_1_112' title="bbox 2253 5339 3500 5412">
    <p class='ocr_par' dir='ltr' id='par_1_112' title="bbox 2253 5339 3500 5412">
     <span class='ocr_line' id='line_1_112' title="bbox 2253 5339 3500 5412; baseline 0.001 -15"><span class='ocrx_word' id='word_1_849' title='bbox 2253 5345 2298 5378; x_wconf 82' lang='grc'><strong>²⁰</strong></span> <span class='ocrx_word' id='word_1_850' title='bbox 2324 5342 2431 5397; x_wconf 84' lang='grc' dir='ltr'><strong>τῶν</strong></span> <span class='ocrx_word' id='word_1_851' title='bbox 2467 5341 2668 5396; x_wconf 85' lang='grc' dir='ltr'><strong>ἀνίσων</strong></span> <span class='ocrx_word' id='word_1_852' title='bbox 2695 5339 2906 5412; x_wconf 70' lang='grc' dir='ltr'><strong>μηδενὶ]</strong></span> <span class='ocrx_word' id='word_1_853' title='bbox 2935 5339 3051 5395; x_wconf 75' lang='grc' dir='ltr'><strong>τινὶ·</strong></span> <span class='ocrx_word' id='word_1_854' title='bbox 3068 5341 3174 5394; x_wconf 86' lang='grc' dir='ltr'><strong>τῶν</strong></span> <span class='ocrx_word' id='word_1_855' title='bbox 3204 5341 3404 5395; x_wconf 86' lang='grc' dir='ltr'><strong>ἀνίσων</strong></span> <span class='ocrx_word' id='word_1_856' title='bbox 3433 5344 3500 5398; x_wconf 84' lang='grc' dir='ltr'><strong>Α.</strong></span> 
     </span>
    </p>
   </div>
   <div class='ocr_carea' id='block_1_113' title="bbox 2945 5483 3502 5551">
    <p class='ocr_par' dir='ltr' id='par_1_113' title="bbox 2945 5483 3502 5551">
     <span class='ocr_line' id='line_1_113' title="bbox 2945 5483 3502 5551; baseline 0.007 -17"><span class='ocrx_word' id='word_1_857' title='bbox 2945 5485 2988 5518; x_wconf 82' lang='grc' dir='ltr'><strong>³ο</strong></span> <span class='ocrx_word' id='word_1_858' title='bbox 3016 5483 3286 5551; x_wconf 83' lang='grc' dir='ltr'><strong>φαίνεται]</strong></span> <span class='ocrx_word' id='word_1_859' title='bbox 3323 5498 3376 5550; x_wconf 81' lang='lat' dir='ltr'><strong>p.</strong></span> <span class='ocrx_word' id='word_1_860' title='bbox 3411 5485 3502 5538; x_wconf 86' lang='lat'><strong>87.</strong></span> 
     </span>
    </p>
   </div>
   <div class='ocr_carea' id='block_1_114' title="bbox 2441 5553 3502 5626">
    <p class='ocr_par' dir='ltr' id='par_1_114' title="bbox 2441 5553 3502 5626">
     <span class='ocr_line' id='line_1_114' title="bbox 2441 5553 3502 5626; baseline 0.003 -20"><span class='ocrx_word' id='word_1_861' title='bbox 2441 5553 2678 5626; x_wconf 26' lang='lat' dir='ltr'><strong>etnaAa</strong></span> <span class='ocrx_word' id='word_1_862' title='bbox 2725 5553 3062 5626; x_wconf 16' lang='grc' dir='ltr'><strong>εξγπρότερον</strong></span> <span class='ocrx_word' id='word_1_863' title='bbox 3102 5554 3411 5626; x_wconf 77' lang='grc' dir='ltr'><strong>ῥητορικῆς</strong></span> <span class='ocrx_word' id='word_1_864' title='bbox 3438 5557 3502 5610; x_wconf 81' lang='grc' dir='ltr'><strong>Α.</strong></span> 
     </span>
    </p>
   </div>
   <div class='ocr_carea' id='block_1_115' title="bbox 2183 5564 3506 5697">
    <p class='ocr_par' dir='ltr' id='par_1_115' title="bbox 2183 5564 3506 5697">
     <span class='ocr_line' id='line_1_115' title="bbox 2183 5564 3502 5626; baseline -0.001 -16"><span class='ocrx_word' id='word_1_865' title='bbox 2183 5564 2228 5595; x_wconf 84' lang='grc'>³³</span> <span class='ocrx_word' id='word_1_866' title='bbox 2257 5564 2394 5626; x_wconf 79' lang='grc' dir='ltr'><strong>αῦτη</strong></span> <span class='ocrx_word' id='word_1_867' title='bbox 2441 5571 2548 5611; x_wconf 87' lang='grc' dir='ltr'><strong>οιιι.</strong></span> <span class='ocrx_word' id='word_1_868' title='bbox 2585 5564 2648 5606; x_wconf 81' lang='grc' dir='ltr'><strong>Α.</strong></span> <span class='ocrx_word' id='word_1_869' title='bbox 2725 5564 2769 5595; x_wconf 71' lang='grc' dir='ltr'><strong>εἰ</strong></span> <span class='ocrx_word' id='word_1_870' title='bbox 2796 5564 3062 5623; x_wconf 81' lang='grc' dir='ltr'><strong>πρότερον</strong></span> <span class='ocrx_word' id='word_1_871' title='bbox 3102 5564 3395 5626; x_wconf 81' lang='grc' dir='ltr'><strong>ῥητορικῆς</strong></span> <span class='ocrx_word' id='word_1_872' title='bbox 3438 5564 3502 5610; x_wconf 78' lang='grc' dir='ltr'><strong>Α.</strong></span> 
     </span>
     <span class='ocr_line' id='line_1_116' title="bbox 2185 5624 3506 5697; baseline -0.003 -15"><span class='ocrx_word' id='word_1_873' title='bbox 2185 5628 2282 5697; x_wconf 74' lang='grc' dir='ltr'><strong>μὸν</strong></span> <span class='ocrx_word' id='word_1_874' title='bbox 2305 5630 2386 5697; x_wconf 68' lang='grc' dir='ltr'><strong>ξς.</strong></span> <span class='ocrx_word' id='word_1_875' title='bbox 2485 5626 2529 5658; x_wconf 76' lang='grc'><strong>³⁸</strong></span> <span class='ocrx_word' id='word_1_876' title='bbox 2557 5624 2846 5680; x_wconf 83' lang='grc' dir='ltr'><strong>ἀπολαϐὼν</strong></span> <span class='ocrx_word' id='word_1_877' title='bbox 2886 5626 3179 5697; x_wconf 83' lang='grc' dir='ltr'><strong>ῥητορικῆς</strong></span> <span class='ocrx_word' id='word_1_878' title='bbox 3203 5626 3267 5681; x_wconf 79' lang='grc' dir='ltr'><strong>Δ.</strong></span> <span class='ocrx_word' id='word_1_879' title='bbox 3371 5625 3418 5660; x_wconf 77' lang='grc' dir='ltr'><strong>⁸ο</strong></span> <span class='ocrx_word' id='word_1_880' title='bbox 3445 5625 3506 5678; x_wconf 81' lang='grc' dir='ltr'><strong>τὸ</strong></span> 
     </span>
    </p>
   </div>
  </div>
