4012 6236
302 248 441 313 1509
1366 248 1888 311 BIBLIOTHECA.

1993 274 2008 283 -
2046 250 2212 313 COD.
2241 252 2562 314 CCXLVII.
3437 257 3572 323 1510

295 363 473 417 κακὸν
511 359 700 432 ήλίκον
722 357 786 413 τὸ
817 358 1044 427 ἀδικεῖν,
1076 358 1128 413 τί
1155 359 1359 414 κωλύει
1393 363 1491 416 καὶ
1519 363 1648 427 τοὺς
1677 364 1878 434 νόμους

1993 363 2195 434 legibus
2231 380 2350 435 qum
2399 366 2540 420 idem
2593 363 2854 432 sentiunt,
2886 364 3202 439 expelletur,
3231 379 3296 421 ac
3325 375 3436 422 tum
3468 369 3590 424 rbe-

295 453 467 508 αύτὸν
500 453 546 485 ⁷⁸
601 453 852 516 ἅπαντας
911 455 1023 516 τοῖς
1056 453 1240 516 αὐτοῖς
1281 453 1494 518 τούτοις
1555 455 1884 526 διαγράφειν

1993 458 2214 512 loricam
2247 459 2562 513 emittemus
2593 472 2656 512 ac
2697 457 3064 522 traducetnus,
3092 474 3214 513 cum
3253 459 3396 530 leges
3427 462 3584 515 simul

295 547 524 617 λόγοις;
570 544 711 600 Ἀλλ’
732 546 779 578 ⁷³
827 544 1017 612 ὥσπερ
1067 547 1343 618 ἑταιρείας
1373 547 1881 619 καταγνωσθείσης,

300 643 442 712 μετά
471 641 569 694 καὶ
598 639 706 694 τῶν
732 637 908 693 ταῦτα
935 639 1395 710 συμϐουλομένων
1419 641 1600 711 νόμων
1629 640 1887 714 ὲξελαθή-

297 750 452 787 σεται
473 734 541 786 ’⁵.
591 733 703 792 Καὶ
730 732 852 787 τότε
875 735 1172 806 ῥητορικὴν
1199 735 1557 808 ὲκπέμψομεν
1594 736 1692 790 καὶ
1725 753 1869 806 προ-

296 825 701 896 πηλακιοῦμεν,
732 826 862 880 ὅταν
886 827 981 880 καὶ
1018 829 1146 890 τοὺς
1168 827 1370 898 νόμους
1400 827 1812 900 [συνεκπέμψαι
1838 828 1886 860 ⁷⁸

239 939 241 941 ί
295 920 482 982 καλῶς
535 921 667 990 ἡμῖν
702 918 824 992 ἔχῃ]
875 918 1228 990 ἐκϐάλλωμεν
1285 921 1386 990 τῆς
1425 919 1637 982 πόλεως
1669 919 1765 972 καὶ
1789 918 1885 971 τοῦ

297 1013 440 1084 βίου.
484 1010 647 1077 Ἀλλ’,
674 1005 719 1064 ὦ
747 1011 991 1081 δαιμόνιε
1017 1014 1110 1065 καὶ
1139 1011 1314 1064 πάντα
1336 1011 1400 1066 σὺ
1424 1011 1714 1082 θαυμαστά
1734 1010 1885 1080 εὑρί-

301 1121 472 1169 σκων,
518 1103 568 1155 εἰ
595 1102 763 1172 μηδέν
806 1102 923 1154 ἐστι
954 1103 1002 1134 ⁷⁸
1033 1103 1267 1172 πρᾶγμα
1289 1101 1349 1155 τὸ
1384 1102 1714 1166 ἀδικεῖσθαι,
1756 1101 1885 1172 μηδ’

296 1196 334 1266 ἡ
368 1193 527 1248 τοῦτο
553 1193 840 1248 κωλύουσα
891 1192 1124 1264 δύναμις
1179 1193 1478 1264 μηδενὸςττ
1529 1194 1656 1258 ἀξία
1701 1193 1884 1260 λόγου,

301 1285 434 1357 μηδ’
480 1285 656 1340 ὁπόσα
689 1285 804 1338 ἐστι
863 1285 960 1340 καὶ
1006 1285 1216 1354 γίνεται
1271 1285 1345 1357 μὴ
1398 1286 1467 1340 δι’
1516 1287 1689 1355 αὐτῆς
1720 1284 1888 1355 μηδὲν

296 1384 559 1454 χρηστὸν,
615 1381 732 1436 ἀλλ’
759 1379 934 1446 οὕτως
982 1380 1180 1451 ἄτιμον
1234 1381 1328 1434 καί¹
1375 1379 1730 1452 ἀνελεύθερον
1757 1378 1886 1432 ὥστ’

298 1470 440 1528 εἶναι
467 1473 654 1546 μόριον
681 1472 968 1537 κολακείας
989 1472 1084 1526 καὶ
1106 1474 1264 1537 σκιᾶς
1292 1471 1360 1537 ’⁸,
1380 1472 1476 1526 τοῦ
1499 1473 1662 1546 χάριν
1680 1488 1886 1542 ταυτην

297 1565 525 1631 οίκίζων
543 1564 642 1636 τήν
672 1566 731 1619 ὲν
753 1567 820 1636 τῇ
862 1564 1030 1636 βίϐλῳ
1062 1563 1223 1618 πόλιν
1253 1564 1519 1634 καθίστης
1559 1564 1697 1636 αὐτῇ
1729 1563 1886 1617 πολι-

298 1657 471 1724 τείαν,
512 1658 605 1726 ἀφ’
639 1653 706 1730 ἦς
735 1657 861 1728 μηδ’
886 1655 1065 1710 ὁτιοῦν
1121 1656 1389 1724 πείσεται,
1432 1657 1526 1710 καὶ
1554 1657 1615 1710 τὸ
1644 1657 1886 1728 μάχιμον

1987 548 2216 606 honeste
2248 559 2502 621 poterunt
2530 550 2727 605 emitti.
2762 549 2807 606 Ο
2842 551 2925 606 vir
2953 551 3212 620 praeclare
3246 561 3300 606 et
3342 554 3583 606 omnium

1986 642 2238 697 inventor
2282 643 2611 698 mirabilium
2653 659 2858 712 rerum,
2899 645 2942 699 si
2976 645 3173 700 nullius
3208 654 3289 699 est
3324 646 3583 700 momenti

1987 733 2199 802 injuria:
2247 737 2514 804 acceptio,
2566 751 2797 807 qumque
2846 753 2966 792 eam
3027 736 3280 806 prohibet
3331 737 3582 805 facultas,

1988 826 2187 881 nullius
2217 835 2300 880 est.
2343 829 2615 896 ponderis,
2649 843 2747 884 nec
2783 830 3077 898 quidquam
3113 830 3240 885 boni
3277 829 3462 894 efficit,
3488 831 3582 884 sed

1989 919 2126 973 adeo
2165 919 2414 990 ignobilis
2455 929 2537 975 est
2589 930 2643 975 et
2687 922 2966 977 illiberalis
3015 932 3076 977 ut
3121 923 3444 978 adulationis
3500 933 3586 976 at-

1990 1023 2095 1078 que
2141 1011 2348 1066 umbrae
2394 1011 2466 1066 sit
2513 1013 2771 1082 particula
2805 1031 2818 1068 :
2848 1029 2964 1079 cur,
3021 1014 3271 1081 obsecro,
3311 1025 3365 1069 tu
3420 1015 3587 1068 libra-

1989 1102 2126 1155 riam
2174 1101 2336 1156 istam
2400 1105 2738 1160 constituens
2790 1108 3016 1172 urbem,
3070 1107 3229 1162 talem
3278 1109 3326 1162 ei
3387 1108 3582 1163 tribuis

1989 1195 2376 1263 rempublicam
2401 1211 2522 1266 quae
2553 1199 2683 1251 nihil
2721 1199 2792 1251 illi
2828 1209 3037 1264 noceat,
3075 1214 3138 1254 ac
3166 1199 3450 1255 militarem
3484 1203 3584 1255 tri-

1988 1287 2114 1340 bum
2153 1302 2394 1343 seorsum
2444 1289 2697 1344 collocari
2743 1289 2906 1359 jubes
2951 1293 3129 1363 primo
3176 1294 3316 1358 loco,
3352 1309 3418 1348 ne
3453 1294 3582 1364 quid

1992 1378 2251 1446 patiatur,
2280 1394 2378 1433 nec
2407 1381 2474 1433 ab
2505 1381 2752 1435 hostibus
2787 1381 3038 1448 injuriam
3071 1384 3347 1452 accipiat?
3373 1383 3506 1438 Nam
3536 1378 3582 1440 si

1989 1470 2092 1525 hoc
2138 1471 2440 1526 sufﬁciebat
2482 1473 2743 1542 iujuriam
2795 1490 2900 1529 non
2938 1477 3139 1541 facere,
3185 1477 3313 1547 quid
3355 1485 3473 1532 erat
3517 1479 3584 1532 ti-

1987 1562 2239 1616 mendum
2280 1573 2564 1634 postquam
2607 1567 2673 1620 ad
2709 1566 2760 1620 id
2795 1582 2914 1622 eam
2949 1571 3324 1638 praepararas?
3353 1569 3503 1636 Quod
3536 1570 3583 1626 si

1985 1653 2148 1708 etiam
2182 1667 2339 1710 nocet
2369 1655 2624 1726 injuriam
2644 1657 3024 1726 inferentibus,
3054 1662 3097 1716 si
3129 1675 3318 1730 ptenas
3346 1679 3452 1718 non
3489 1664 3584 1720 de-

300 1747 470 1819 χωρὶς
493 1725 602 1800 τῶν
621 1725 1072 1818 ἀλλων-ἱδρῦσθαι
1105 1745 1375 1810 κελεύεις,
1402 1746 1570 1818 τιμὴν
1601 1725 1702 1816 τήν

1993 1743 2191 1809 derint,
2219 1759 2282 1800 ac
2308 1725 2468 1800 debet
2491 1748 2721 1817 quisque
2753 1725 3050 1805 secundum
3079 1725 3225 1806 tuam
3252 1753 3580 1810 sententiam

302 1857 408 1912 την
430 1841 687 1904 ἀποδοὺς,
731 1839 819 1892 ῖνα
843 1840 971 1911 μήτι
1001 1838 1147 1910 πάθῃ
1179 1839 1302 1910 μηδ’
1324 1840 1370 1872 ⁷⁸
1417 1839 1522 1892 ὑπό
1569 1856 1734 1894 τινων
1771 1839 1886 1894 ἀδι-

303 1933 448 2006 κηθῇ
511 1933 825 2004 πολεμίων;
864 1934 928 1986 Εἰ
975 1933 1086 2004 γὰρ
1131 1933 1353 2004 ἐξήρκει
1378 1932 1426 1964 ⁸⁰
1479 1933 1552 2003 μὴ
1584 1932 1808 1996 ἀδικεῖν,
1834 1933 1887 1986 τί

302 2026 568 2091 οέδοικας,
620 2027 670 2079 εί
733 2026 872 2096 πρὸς
900 2025 1059 2079 τοῦτό
1100 2024 1148 2080 τ’
1177 2025 1349 2096 αὐτὴν
1374 2025 1795 2096 παρεσκεύασας
1816 2026 1884 2093 ⁶¹;

306 2119 353 2172 εί
385 2117 440 2171 δὲ
469 2117 533 2188 δὴ
560 2118 606 2149 ⁸³
637 2119 733 2171 καὶ
758 2121 939 2190 χεῖρον
969 2118 1082 2180 τοῖς
1111 2116 1414 2183 ἀδικοῦσιν,
1439 2118 1568 2170 ὅταν
1598 2117 1672 2188 μὴ
1701 2117 1886 2170 διδῶσι

303 2209 483 2280 δίκην,
538 2209 633 2263 καὶ
669 2210 776 2281 χρὴ
826 2209 892 2279 δὴ
935 2209 1080 2263 κατὰ
1109 2209 1156 2240 ⁸³
1196 2207 1258 2260 σὲ
1287 2210 1382 2262 καὶ
1409 2209 1574 2262 αὑτὸν
1606 2209 1653 2241 ⁸⁸
1687 2207 1884 2263 ἑαυτοῦ

305 2301 636 2371 κατήγορον,
655 2301 782 2353 ὅταν
806 2299 1061 2372 ἀδικήσῃ,
1085 2296 1334 2366 γίνεσθαι
1363 2298 1457 2351 καὶ
1488 2298 1696 2352 παίδων
1719 2299 1764 2329 ⁸⁵
1793 2297 1888 2350 καὶ

227 2441 238 2448 ,
307 2391 515 2462 πατρὸς
541 2387 733 2456 αὑτοῦ,
785 2390 911 2452 τοὺς
971 2389 1016 2442 δ’
1053 2388 1286 2460 ἐχθροὺς
1330 2389 1446 2460 ὲᾷν,
1473 2388 1526 2440 τί
1553 2387 1614 2440 οὐ
1653 2386 1888 2458 συνεύχῃ

305 2487 418 2547 τοῖς
439 2483 721 2554 πολεμίοις
748 2481 1004 2536 ἐπελθεῖν
1039 2482 1133 2536 καὶ
1157 2481 1342 2534 λαϐεῖν
1373 2479 1471 2551 τὴν
1500 2479 1676 2543 πόλιν,
1705 2480 1800 2533 καὶ
1822 2479 1888 2551 νὴ

306 2576 408 2628 Δία
437 2574 564 2636 τοὺς
601 2574 701 2644 μὲν
722 2573 782 2626 ὲν
816 2571 1004 2644 ἡλικία
1030 2574 1239 2634 πάντας
1257 2569 1588 2639 κατακόψαι,
1615 2569 1890 2623 καὶταῦτα

307 2667 446 2737 πρὸς
471 2668 585 2730 τοῖς
609 2665 834 2737 βωμοῖς,
865 2665 1063 2726 παῖδας
1083 2663 1141 2717 δὲ
1198 2661 1294 2716 καὶ
1326 2663 1592 2732 γυναῖκας
1636 2661 1892 2731 ἐξανδρα-

308 2759 636 2814 ποδίσασθαι
661 2759 804 2828 πέρα
832 2757 902 2825 ⁸⁸,
936 2759 986 2812 εί
1015 2757 1216 2829 βούλει,
1248 2757 1544 2827 Γαδείρων,
1573 2754 1643 2808 τὰ
1669 2754 1727 2808 δὲ
1769 2755 1891 2824 ίερὲι

311 2852 649 2923 συλήσαντας
669 2849 1024 2920 κατασκάψαι
1054 2851 1254 2914 πάντα,
1314 2848 1388 2918 μὴ
1441 2847 1618 2900 λιπεῖν
1661 2847 1716 2900 δὲ
1751 2846 1890 2916 μηδὲ

309 3041 671 3112 ἀδικήσαντες
700 3039 768 3093 τὰ
793 3040 1027 3110 μέγιστα
1056 3039 1116 3091 ὲν
1143 3039 1256 3100 τοῖς
1285 3037 1563 3107 μεγίστοις
1613 3033 1677 3103 δὴ
1703 3034 1892 3095 κακοῖς

1990 1838 2156 1892 etiam
2181 1838 2420 1908 seipsum
2447 1854 2570 1894 cum
2603 1840 2858 1910 injuriam
2885 1842 3030 1908 fecit,
3057 1857 3334 1910 accusare,
3365 1856 3421 1902 et
3450 1847 3584 1902 libe-

1988 1942 2079 1982 ros
2101 1937 2157 1982 ct
2192 1937 2443 1997 parentes
2477 1929 2648 2000 ipsos,
2681 1932 2901 1987 omissis
2955 1932 3190 1989 inimicis
3218 1953 3232 1989 :
3267 1935 3395 2006 quin
3426 1945 3584 2007 Optas

1987 2026 2048 2073 ut
2095 2018 2279 2074 hostes
2324 2018 2521 2092 4160
2575 2023 2764 2078 urbem
2796 2025 3035 2094 aggressi
3083 2027 3301 2097 capiant
3349 2029 3485 2102 (83),
3518 2045 3585 2085 ac

1987 2107 2134 2163 viros
2181 2109 2399 2178 quidem
2451 2126 2642 2166 omnes
2693 2115 2760 2166 ad
2807 2128 2932 2168 aras
2981 2115 3275 2182 trucident,
3324 2119 3585 2175 mulieres

1988 2208 2168 2255 autem
2218 2215 2339 2254 cum
2370 2201 2558 2257 liberis
2587 2203 2830 2271 captivas
2861 2204 3002 2260 ultra
3031 2204 3231 2273 Gades,
3263 2208 3309 2263 si
3342 2211 3581 2279 videtur,

1989 2291 2304 2358 divendant,
2331 2293 2544 2361 templis
2573 2307 2702 2348 vero
2732 2295 2974 2365 spoliatis
2997 2299 3175 2352 omnia
3208 2300 3447 2365 diruant,
3476 2317 3578 2356 nec

1989 2385 2075 2440 vel
2107 2385 2354 2454 sepulcra
2386 2401 2500 2442 sua:
2532 2387 2846 2456 petulantiae
2879 2389 3188 2460 relinquant
3219 2392 3496 2461 expertia;
3523 2404 3584 2448 ut

1990 2485 2277 2546 postquam
2329 2478 2593 2533 maximas
2638 2471 3172 2550 fecerint'iujurias,
3224 2483 3278 2538 in
3328 2486 3582 2542 maximis

1990 2569 2101 2623 sint
2149 2569 2328 2634 malis,
2378 2570 2504 2624 dum
2551 2583 2742 2641 ptenas
2789 2588 2892 2628 non
2948 2574 3146 2630 luunt?
3200 2574 3582 2634 Verumtamen

1993 2667 2200 2715 tantum
2252 2661 2409 2716 abest
2463 2672 2524 2718 ut
2583 2663 2688 2720 ista
2749 2670 3000 2732 studeas,
3061 2677 3120 2722 ut
3168 2669 3488 2738 prohibeas,
3528 2678 3586 2725 et

1993 2750 2274 2820 impedias,
2309 2752 2586 2824 vitamque
2634 2754 2950 2824 militarem,
2986 2773 3051 2812 ue
3081 2760 3209 2827 quid
3259 2758 3412 2813 fleret
3455 2759 3581 2824 tale,

1994 2842 2295 2898 institueris
2322 2862 2337 2899 :
2368 2859 2435 2900 ac
2467 2847 2510 2900 si
2543 2846 2664 2915 quis
2708 2849 2984 2904 exstiterit
3014 2851 3278 2918 proditor,
3306 2867 3429 2908 eum
3474 2867 3582 2906 non

197 3011 210 3021 ,
308 2949 437 3012 τοὺς
474 2949 680 3017 τάφους
735 2944 945 3010 ἀθώους
989 2948 1092 3017 τῆς
1138 2943 1349 2998 ἑαυτῶν
1389 2939 1703 3007 πλεονεξίας
1725 2941 1792 3007 ⁸⁷,
1825 2941 1888 2994 ἵν’

1993 2935 2146 3004 iubes
2191 2937 2444 2992 coronari
2492 2953 2593 2993 nec
2644 2939 2963 3008 praedicari,
3017 2943 3112 2997 sed
3163 2944 3305 2997 idem
3360 2945 3425 2998 de
3464 2945 3583 3014 ipso

1995 3027 2138 3095 quod
2171 3027 2261 3082 alii
2290 3030 2505 3084 statuis.
2543 3030 2660 3094 Dic,
2691 3047 2787 3101 per
2816 3030 3002 3088 Jovem
3035 3035 3422 3106 prodigiosum,
3455 3037 3584 3106 quid

308 3128 433 3200 ὦσι,
458 3108 548 3205 μὴ
567 3132 751 3196 δόντες
769 3108 945 3202 δίκην.
986 3129 1149 3184 Ἀλλά
1174 3127 1432 3182 τοσοῦτον
1459 3125 1687 3196 ἀπέχεις
1720 3124 1814 3178 τοῦ
1843 3125 1888 3156 ⁸⁸

2000 3119 2154 3175 nobis
2188 3121 2254 3175 de
2287 3122 2435 3177 hisce
2463 3131 2545 3178 est
2587 3124 3008 3181 existimandum
3033 3127 3056 3180 ?
3085 3126 3204 3182 Jam
3239 3143 3357 3198 age,
3387 3144 3420 3182 0
3445 3130 3585 3184 boue

310 3224 484 3278 ταῦτα
514 3223 916 3294 συμπράττειν,
977 3220 1117 3274 ὥστε
1171 3219 1403 3282 κωλύεις
1431 3218 1526 3272 καὶ
1563 3217 1675 3285 βίον
1699 3217 1756 3269 ἐν
1778 3217 1890 3278 τοῖς

308 3317 495 3379 ὅπλοις
518 3315 783 3387 εῦρηκας,
826 3313 914 3367 ἵνα
945 3314 1022 3382 μή
1079 3328 1132 3365 τι
1166 3311 1408 3364 τοιοῦτον
1433 3310 1477 3342 ⁸⁸
1509 3311 1719 3377 γένοιτο
1738 3321 1751 3336 ’
1790 3305 1893 3359 κᾶν

308 3425 395 3470 τις
407 3407 697 3477 ἐγγένηται
715 3405 1004 3478 προδότης,
1029 3403 1221 3457 τοῦτον
1234 3404 1296 3457 ού
1319 3401 1620 3470 στεφανοῦν
1647 3398 1892 3461 κελεύεις

310 3499 434 3552 οὐδὲ
473 3498 762 3570 κηρύττειν
791 3498 860 3564 ὀ,
900 3495 1038 3551 ἀλλά
1086 3495 1260 3550 ταύτὰ
1303 3495 1418 3556 τοῖς
1452 3491 1639 3554 ἄλλοις
1669 3487 1893 3559 νομοθέ-

1999 3212 2102 3276 vir,
2140 3210 2282 3281 leges
2304 3228 2408 3282 qua
2434 3215 2499 3268 de
2529 3229 2691 3270 causa
2720 3225 2869 3271 tanto
2903 3234 3130 3274 numero
3165 3221 3391 3276 seorsim
3428 3221 3586 3277 nobis

2000 3300 2151 3356 fers!
2179 3303 2391 3357 Etenim
2425 3305 2528 3358 nisi
2574 3321 2828 3376 magnum
2861 3309 3115 3378 quiddam
3149 3321 3233 3368 est
3273 3327 3462 3381 poenas
3493 3327 3586 3368 su-

2001 3405 2149 3445 mere
2193 3401 2248 3445 et
2296 3392 2523 3459 injurias
2566 3397 2876 3463 prohibere,
2907 3413 3005 3453 cur
3047 3399 3150 3454 ista
3185 3416 3396 3467 narras,
3425 3410 3480 3458 et
3523 3411 3585 3457 ut

2003 3497 2161 3536 nemo
2191 3483 2244 3537 in
2283 3483 2418 3538 urbe
2444 3483 2691 3551 laedatur,
2721 3488 2913 3542 caves?

309 3616 431 3662 ταις
476 3599 606 3670 περὶ
636 3598 851 3652 πούτων
875 3596 1136 3668 νομίζεις.
1175 3594 1312 3648 Εἰπὲ
1339 3595 1410 3658 ’³,
1445 3591 1572 3664 [678
1611 3591 1702 3664 1].]
1759 3589 1894 3660 πρὸς
1933 3587 2054 3650 Διός
2077 3586 2385 3657 τεραστίου,
2408 3588 2460 3638 τί
2493 3590 2599 3661 χρὴ
2631 3592 2760 3661 περὶ
2788 3590 2995 3644 τούτων
3051 3593 3202 3662 ἡμᾶς
3238 3593 3480 3660 νομίζειν
3505 3590 3582 3659 ”;

311 3687 440 3756 εἷεν,
467 3684 512 3744 ὦ
540 3692 777 3760 γενναῖε·
801 3689 999 3758 νόμους
1017 3687 1153 3757 assa
1176 3685 1269 3740 τοῦ
1294 3687 1602 3756 χάρινὴμῖν
1625 3683 1809 3752 ἐτίθης
1843 3683 1927 3747 ⁹³;
1971 3680 2036 3734 Ei
2071 3681 2200 3751 γὰρ,
2238 3674 2283 3733 ὧ
2315 3683 2436 3746 τὰν,
2481 3681 2542 3734 τὸ
2579 3683 2736 3752 δίκην
2767 3681 3064 3753 λαμϐάνειν
3103 3684 3198 3736 καὶ
3250 3684 3310 3735 τὸ
3361 3682 3437 3753 μὴ
3491 3683 3587 3752 ὲᾷν

310 3787 513 3841 ἀδικεῖν
535 3784 634 3855 οὐχ
665 3783 723 3837 ἓν
747 3799 796 3836 τι
817 3781 928 3835 τῶν
959 3779 1260 3835 σπουδαίων
1288 3776 1376 3850 ἦν,
1398 3779 1492 3832 τοῦ
1525 3779 1686 3849 χάριν
1718 3776 1889 3831 ταῦτα
1927 3774 2294 3846 πραγματεύῃ
2317 3777 2385 3844 θ’,
2421 3777 2515 3829 καὶ
2537 3778 2757 3840 σκοπεῖς
2773 3777 2921 3840 ὅπως
2955 3775 3144 3847 μηδείς
3215 3774 3340 3849 [που
3405 3777 3452 3810 ⁸⁵
3477 3775 3586 3830 τῶν

311 3879 370 3933 ιν
393 3879 459 3947 τῇ
497 3873 672 3947 πόλει]
697 3874 1045 3946 ἀδικήσεται;

382 3973 492 4026 Καὶ
527 3971 640 4043 μὴν
664 3971 710 4003 ⁸⁸
732 3973 792 4025 ὲν
819 3972 921 4040 μὲν
949 3965 1030 4034 οἷς
1061 3969 1222 4039 ἡμεῖς
1255 3968 1510 4038 λέγομεν,
1549 3969 1644 4021 καὶ
1666 3968 1779 4029 τοῖς
1802 3965 1888 4019 ἄλ-

311 4064 424 4128 λοις
446 4060 740 4117 συνδοκοῦν
778 4063 896 4115 ὲστι
929 4061 1026 4114 καὶ
1071 4058 1147 4131 τῷ
1172 4061 1420 4114 Πλάτωνι
1444 4059 1768 4130 πρόσεστιν·
1801 4055 1896 4110 ἅδ’

310 4150 468 4220 οὗτος
497 4154 730 4210 ἐνταῦθα
762 4155 1006 4226 εἴρηκεν,
1067 4154 1128 4205 οὐ
1205 4153 1370 4224 μόνον
1415 4155 1528 4215 τοῖς
1555 4150 1664 4204 τῶν
1685 4151 1730 4183 ⁸⁷
1759 4166 1901 4220 πρα-

311 4248 541 4318 γμάτων
565 4245 772 4316 λόγοις,
801 4245 938 4300 ἀλλά
960 4246 1180 4308 καὶτοῖς
1199 4243 1363 4297 αὑτοῦ
1391 4243 1899 4311 Πλάτωνοςὲξελέγ-

2067 3959 2253 4027 Atqui,
2302 3973 2423 4028 quae
2474 3973 2571 4014 nos
2621 3958 2886 4024 dicimus,
2935 3972 2998 4012 ea
3049 3958 3209 4013 simul
3265 3966 3320 4013 et
3367 3957 3485 4014 aliis
3533 3965 3589 4013 et

1994 4051 2204 4106 Platoni
2243 4052 2528 4119 videntur;
2565 4066 2684 4119 qua:
2706 4067 2834 4106 vero
2877 4051 2965 4106 hic
2997 4051 3095 4118 ait,
3128 4067 3232 4108 non
3269 4052 3430 4106 rebus
3467 4063 3587 4106 tan-

1999 4155 2136 4208 tum,
2169 4145 2264 4199 sed
2297 4156 2351 4198 et
2380 4145 2548 4214 ipsius
2575 4145 2815 4198 Platonis
2843 4143 3023 4199 verbis
3054 4155 3108 4200 et
3145 4145 3390 4200 consiliis
3422 4160 3584 4213 repu-

1999 4248 2186 4308 gnant.
2225 4240 2297 4294 Ac
2330 4239 2374 4292 si
2404 4237 2490 4290 illa
2529 4237 2745 4306 quidem
2777 4245 2927 4292 recte
2961 4252 3019 4292 se
3047 4239 3245 4292 habere
3269 4237 3583 4292 concedan-

310 4356 467 4410 χεται
519 4337 612 4391 καὶ
681 4337 860 4406 λόγοις
929 4337 1027 4391 καὶ
1087 4336 1441 4406 βουλήμασιν.
1489 4335 1745 4388 Ἐκείνων
1793 4335 1888 4405 μὲν

2004 4338 2117 4394 tur,
2149 4330 2375 4383 aliorum
2409 4344 2625 4399 quoque
2658 4331 2926 4384 sententia
2973 4339 3027 4383 et
3065 4329 3377 4397 suffragiqu
3425 4341 3584 4382 acceo

309 4429 486 4500 ὀρθῶς
508 4429 654 4499 ἔχειν
684 4427 1172 4499 συγχωρουμένων,
1207 4426 1302 4478 καὶ
1325 4427 1358 4494 ή
1392 4423 1545 4495 παρὰ
1569 4424 1677 4477 τῶν
1717 4424 1888 4479 ἄλλων

2002 4424 2111 4486 det,
2165 4422 2247 4476 sin
2300 4421 2383 4476 his
2432 4422 2813 4484 assentiamur,
2851 4423 3002 4476 deest
3054 4420 3281 4476 aliorum
3339 4421 3580 4474 omnium

314 4525 585 4592 μαρτυρεῖ
613 4521 741 4588 δόξα
783 4522 876 4574 καὶ
919 4519 1100 4590 ψῆφος
1157 4517 1314 4590 ὀρθή.
1357 4516 1544 4571 Ταῦτα
1587 4516 1645 4570 δὲ
1675 4517 1888 4586 εἰδοίη-

2003 4516 2264 4571 calculus.
2318 4515 2414 4570 Est
2463 4525 2642 4570 autem
2695 4516 2911 4581 fortius,
2948 4517 3090 4585 quod
3143 4525 3196 4570 et
3229 4517 3481 4571 omnibus
3527 4527 3583 4570 et

315 4630 416 4680 μεν
441 4615 684 4682 κρατεῖν,
714 4612 912 4666 ἄπεστι
932 4609 992 4664 τὸ
1012 4609 1215 4680 ὁτῳοῦν
1245 4609 1522 4662 συνδοκεῖν
1545 4607 1654 4661 τῶν
1685 4607 1885 4662 ἄλλων.

2004 4607 2211 4661 Platoni
2259 4608 2492 4674 videtur,
2527 4623 2685 4676 quam
2724 4609 2864 4678 quod
2905 4623 3003 4663 nec
3035 4609 3284 4676 cuiquam
3319 4624 3419 4663 nec
3459 4609 3580 4663 Pla-

313 4703 475 4774 [1256
509 4703 599 4776 R.]
657 4704 1026 4777 ’ἰσχυρότερον
1062 4703 1119 4755 δὲ
1175 4703 1236 4756 τὸ
1278 4703 1374 4755 καὶ
1427 4699 1599 4754 ἅπασι
1628 4699 1722 4752 καὶ
1744 4699 1888 4752 Πλά-

2001 4699 2130 4752 ιοηί.
2170 4696 2507 4767 Quapropter
2541 4714 2644 4752 non
2687 4708 2792 4751 tam
2838 4699 2997 4765 hujus
3060 4698 3424 4753 testimonium
3456 4714 3582 4768 pro-

309 4814 441 4849 τωνι
464 4797 558 4850 τοῦ
599 4796 787 4868 μηδενὶ
832 4798 926 4850 καὶ
955 4796 1092 4867 μηδὲ
1118 4795 1367 4848 Πλάτωνι
1396 4791 1691 4856 συνδοκεῖν,
1733 4790 1808 4853 ὡς
1842 4789 1888 4822 ⁰⁸

1998 4799 2117 4856 pter
2163 4789 2390 4842 aliorum
2444 4788 2758 4859 suffragium
2811 4790 3110 4861 fugiemus,
3145 4806 3304 4858 quam
3350 4791 3578 4844 aliorum

310 4881 465 4950 οὗτος
521 4884 778 4958 ἀλλαχοῦ.
836 4885 1046 4939 Οὐκοῦν
1098 4886 1161 4938 οὐ
1207 4884 1308 4955 τὴν
1337 4883 1488 4953 παρά
1522 4880 1712 4935 τούτου
1750 4897 1888 4951 μαρ-

2001 4881 2312 4935 testimonio
2343 4881 2501 4951 hujus
2535 4882 2852 4952 adjiciemus
2879 4881 3216 4953 suifragium.
3248 4884 3423 4950 Atque
3463 4883 3576 4936 haec

1605 4989 1837 5045 VARUE
1893 4990 2189 5047 LECTIUN
2198 4992 2300 5049 ES.

404 5091 446 5124 "
473 5089 659 5162 αὑτὸν]
693 5087 953 5162 αῦτῶνΑ.
1010 5083 1148 5162 _"""’
1171 5085 1287 5162 ἀλλ’
1311 5082 1399 5162 (p._
1404 5081 1624 5162 A1071:
1643 5080 1888 5162 ὲξελαθὴι

1993 5099 2027 5133 ιι
2059 5097 2168 5162 om.
2189 5084 2252 5136 A.
2330 5085 2377 5162 'f‘
2409 5083 2968 5162 συηνεκπέμψαιέ-ἔχῃ
2997 5100 3104 5162 om.
3135 5084 3201 5138 Α.
3254 5084 3298 5115 ⁷⁸
3322 5085 3436 5162 ἐστι
3467 5097 3580 5138 om.

313 5162 380 5218 Δ.
456 5141 1072 5230 divinasse—ama;
1095 5172 1206 5230 om.
1381 5141 1709 5230 7’_gn8’_01r6
1742 5141 1888 5230 'rtyoii

1999 5153 2156 5230 ικῃθῇ
2189 5169 2298 5230 om.
2323 5153 2412 5230 A_._
2464 5155 2508 5230 δέ)
2539 5141 2757 5230 ἐξαρκεῖ
2899 5141 3036 5230 “issi
3066 5183 3134 5230 —_-
3164 5153 3583 5230 παρεσκεύασας

313 5201 426 5286 ἶῖιῖτ.
449 5234 516 5286 Α.
589 5201 875 5297 ﬂemus.
907 5201 1078 5283 Κῗτι
1099 5201 1208 5297 ﬁt}
1232 5201 1303 5296 ἐξ
1319 5201 1894 5297 κατάιῖἷρῇμὸζτέιιῖ
1931 5201 2166 5297 ξίὰῦἒὲϋὸ
2194 5201 2413 5297 ξᾶῦτξῦ]
2446 5201 3054 5297 αὺτῖλῖλξίίῖπᾳίδῷἶι
3081 5225 3122 5297 At
3148 5201 3506 5297 εῆἆζδὶρἷξῖ

311 5303 429 5334 ⁸⁶·⁵⁷
460 5290 1008 5372 πέρα-πλεονεξίας]
1039 5290 1296 5366 καῖ’ἱερὲί
1314 5290 1848 5372 1rdvr5tuxajt'rg'tcpoui
1859 5290 2106 5372 fulﬁlng
2127 5295 2222 5346 καὶ
2241 5290 2676 5372 κατασκάψαιΑ.
2750 5293 3144 5372 “nouom.
3220 5293 3264 5324 ⁸⁵
3294 5293 3369 5363 μὴ
3401 5291 3579 5372 τοιοῦῖ

309 5375 402 5425 τόν
429 5389 482 5426 τι
511 5359 576 5425 Ᾰ.
654 5373 700 5443 ⁹Ῠ
729 5371 848 5424 οὐδὲ
872 5359 1162 5443 κηρύττειν
1191 5359 1301 5443 (illi.
1333 5365 1398 5418 A.
1426 5437 1438 5443 Α
1478 5362 1520 5392 ⁹²
1549 5359 1693 5443 sint]
1715 5378 1768 5443 ρ.
1790 5359 1910 5443 l99_.
1988 5359 2865 5443 “:fivottigsth-stion;_ottt:§._
2926 5363 3166 5443 “fabra
3187 5359 3578 5437 πραγματεύῃῖ

310 5443 510 5515 νόμους
541 5441 816 5512 εἰσφέρεις
856 5427 960 5495 Λ.”
1026 5440 1070 5472 ³³
1101 5437 1229 5503 που]
1271 5451 1365 5488 σου
1411 5437 1476 5487 Α.
1579 5432 1627 5463 ⁸⁸
1651 5427 1748 5485 υῑαι
1779 5430 1909 5503 μὴν]
1936 5448 1989 5501 p.
2024 5432 2148 5487 110.
2192 5427 2206 5436 ’
2252 5427 2296 5467 ⁹ί⁷
2334 5437 2440 5489 τῶν
2473 5427 2680 5491 σπη’-Α.
2756 5437 2801 5469 ⁸⁸
2836 5437 2908 5500 ὡς
2938 5427 3120 5505 οὗτος,

1859 5547 2094 5603 NOTAE.

385 5647 500 5719 (85)
537 5647 755 5717 Direpta
779 5644 932 5701 urbis
961 5643 1147 5698 facies.
1180 5640 1501 5720 Propertius
1533 5654 1599 5720 an
1626 5637 1885 5720 catulus"
2003 5717 2011 5720 _
2208 5707 2217 5720 Ι
2258 5705 2288 5720 η

1309 5710 1447 5775 Quid
1475 5711 1674 5774 faciant
1705 5711 1875 5765 hostes
1898 5717 2049 5775 mpm
2090 5705 2352 5762 crudelius
2383 5705 2551 5760 urbe?
