4012 6236
416 222 546 290 1511

1596 220 1856 281 ΡΗΟΤΙΙ
1890 215 2393 287 PATRIARCH/E
2427 212 2537 275 (ΖΡ.

409 340 626 410 quidem
657 338 820 396 etiam
851 337 979 395 facti
1024 337 1389 395 testimonium
1422 336 1703 392 continere
1735 333 1978 390 credide-

2121 330 2281 400 υρίαν
2333 328 2427 382 διὰ
2478 327 2580 398 τὴν
2632 329 2783 397 παρὰ
2809 324 2919 378 τῶν
2951 321 3125 378 ἄλλων
3154 321 3485 393 φευξόμεθα,
3542 323 3684 380 ἀλλὰ

411 434 539 488 rim.
570 431 706 487 Nam
738 433 831 503 qui
876 432 1058 488 verbis
1102 447 1223 488 cum
1253 432 1423 487 altero
1450 430 1783 500 disceptans,
1817 428 1995 482 verbis

416 525 540 581 aliis
570 525 938 580 adversarium
968 524 1072 580 sibi
1111 525 1254 580 serio
1284 522 1652 579 testimonium
1697 524 1827 576 dare
1860 533 1992 574 con-

414 615 615 681 ﬁrmat,
663 615 710 671 is
743 614 872 669 iacti
906 614 1154 684 producit
1185 611 1579 670 testimonium.
1613 610 1995 666 Verumtamen

413 705 578 760 etiam
614 704 841 759 ulterius
876 707 997 761 volo
1040 704 1313 776 progredi,
1356 712 1416 758 ut
1457 700 1712 772 quoniam
1755 698 1914 753 unius
1943 705 1999 751 et

414 797 680 869 ejusdem,
714 813 837 852 cum
886 811 994 867 quo
1027 797 1336 866 disputatur
1363 794 1678 864 suffragium
1707 791 1918 863 probat,
1945 798 2001 845 et

413 892 599 945 verbis
636 907 759 944 eum
794 901 847 946 ct
893 890 1049 946 factis
1095 905 1303 945 mecum
1355 890 1558 945 sentire
1587 888 1885 943 ostendam.
1917 883 1997 937 Tu

414 985 629 1053 quidem
663 983 890 1051 hospitis
923 983 1251 1054 Syracusani
1280 980 1585 1037 communis
1614 979 1803 1048 patriae
1828 975 2000 1031 hostis

418 1089 578 1129 causa
630 1090 733 1127 non
774 1074 963 1141 semel,
1014 1077 1106 1130 sed
1156 1075 1351 1129 iterum
1394 1089 1458 1127 ac
1495 1081 1578 1126 ter
1619 1070 1818 1142 417α
1850 1081 2000 1121 mare

418 1150 582 1221 senex
613 1167 924 1237 navigabas.
959 1165 1068 1220 Nec
1100 1166 1314 1236 tyranni
1351 1164 1796 1220 consuetudinem
1824 1159 1999 1230 fugie-

417 1256 535 1317 bas.
572 1258 725 1325 quasi
760 1272 922 1311 mora:
959 1266 1251 1326 praitextus
1282 1265 1332 1310 te
1361 1255 1754 1318 consolaretur,
1784 1266 1891 1322 quo
1917 1251 1996 1303 vi-

417 1348 611 1403 delicet
654 1349 750 1404 Dio
774 1350 918 1404 domi
954 1358 1219 1415 maneret,
1259 1364 1321 1405 ac
1360 1349 1523 1404 rebus
1565 1347 1677 1402 suis
1708 1345 1997 1400 frueretur.

421 1440 479 1496 Si
504 1441 628 1509 quis
656 1450 833 1495 autem
866 1442 919 1495 in
960 1456 1056 1496 sua
1104 1442 1276 1511 patria
1306 1456 1377 1496 ne
1405 1441 1551 1496 cives
1580 1441 1688 1506 sui,
1718 1450 1999 1511 parentes,

421 1549 486 1588 ac
521 1533 715 1588 fratres
747 1534 1024 1602 patiantur
1057 1535 1333 1602 injuriam,
1365 1542 1576 1598 caveat,
1606 1542 1662 1589 et
1692 1548 1813 1589 sese
1839 1542 2002 1602 atque

423 1625 543 1681 illos
582 1635 785 1688 servet,
814 1634 977 1697 atque
1018 1626 1488 1699 adeo_tyrannum
1520 1623 1762 1681 futurum
1791 1634 1847 1680 et
1875 1623 2002 1678 Dio-

2097 424 2165 492 τῇ
2215 420 2326 475 τῶν
2367 420 2548 476 ἄλλων
2602 418 2701 490 τὴν
2757 416 2910 487 παρὰ
2938 416 3129 470 τούτου
3206 414 3592 486 προσθήσομαι
3610 418 3681 471 ⁸⁸.

2109 513 2382 585 Ἥγοῦμαι
2413 513 2515 583 μὲν
2546 510 2732 566 τοίνυν
2766 510 2871 563 κάν
2923 509 3136 573 τούτοις
3169 506 3268 574 τὴν
3300 506 3448 578 ἔργῳ
3477 524 3689 579 μαρτυ-

2102 606 2223 677 ρίαν
2242 605 2602 676 παρέχεσθαι’
2635 601 2698 657 τὸ
2720 602 2851 674 γὰρ¹
2880 601 2946 672 δὴ
2966 600 3148 671 λόγοις
3166 599 3304 671 πρὸς
3327 598 3521 669 λόγους
3538 602 3690 669 ἀγω-

2098 696 2384 768 νιζόμενον
2438 697 2618 764 λόγοις
2680 695 2888 767 ἑτέροις
2939 694 3253 757 σπουδαίοις
3300 692 3687 764 μαρτυροῦντα

2097 788 2423 858 ἀποφαίνειν
2479 787 2572 842 τὸν
2639 789 2936 843 ἀντίπαλον
2990 786 3095 859 τὴν
3144 785 3290 858 ἔργῳ
3345 786 3689 858 παρέχεσθαι
3804 799 3815 809 ·

2105 881 2415 952 μαρτυρίαν
2442 880 2612 936 ἐστίν.
2668 881 2743 934 Οὐ
2769 881 2877 951 μὴν
2907 880 3024 935 ἀλλ’
3071 879 3155 933 ἔτι
3192 880 3289 935 καὶ
3346 879 3691 950 προσωτέρω

2100 970 2384 1041 προελθεῖν
2409 970 2691 1041 βούλομαι,
2741 970 2850 1035 ἵνα,
2902 970 3090 1042 ἐπειδὴ
3116 972 3250 1042 τιμᾷ
3274 970 3337 1024 τὸ
3357 971 3455 1024 ἕνα
3484 969 3687 1040 ἐπιψη-

2101 1063 2280 1131 φίζειν
2304 1065 2401 1118 καὶ
2428 1062 2592 1117 αὐτὸν
2619 1063 2756 1134 πρὸς
2785 1062 2845 1117 ὃν
2883 1063 2952 1117 ἂν
2983 1065 3034 1117 οἱ
3067 1063 3217 1132 λόγοι
3242 1063 3565 1132 γίγνωνται,
3590 1062 3692 1116 καὶ

2098 1154 2242 1226 λόγῳ
2257 1156 2353 1209 καὶ
2364 1154 2512 1226 ἔργῳ
2528 1154 2825 1226 σύμψηφον
2845 1156 2977 1212 ὄντα
2996 1157 3161 1211 αὐτόν
3185 1174 3277 1229 μοι
3290 1157 3575 1223 δείξω.Σὺ²
3591 1157 3693 1226 μὲν

2101 1245 2252 1311 ξένου
2274 1247 2438 1318 χάριν
2473 1246 2864 1319 Συρακουσίου,
2880 1247 3061 1302 κοινοῦ
3072 1248 3173 1317 τῆς
3197 1248 3454 1319 πατρίδος
3465 1247 3690 1318 ἐχθροῦν

2100 1338 2285 1402 ἔπλεις
2306 1340 2404 1409 οὐχ
2427 1338 2596 1405 ἅπαξ,
2616 1338 2755 1394 ἀλλά
2771 1322 2868 1394 καὶ
2883 1340 2966 1404 δὶς
2988 1340 3081 1394 καὶ
3105 1341 3247 1412 τρὶς,
3272 1342 3332 1395 ὲν
3351 1343 3519 1412 γήρᾳ,
3533 1339 3692 1393 πέλα-

2100 1447 2195 1499 γος
2221 1431 2497 1499 τοσοῦτον,
2529 1433 2627 1487 καὶ
2652 1434 2730 1505 τῷ
2759 1434 3008 1507 τυράννῳ
3040 1435 3312 1489 συνεῖναι³
3360 1434 3539 1488 δοκεῖν
3584 1434 3689 1487 οὐκ

2100 1521 2318 1592 ἔφυγες,
2353 1523 2430 1587 ὡς
2455 1522 2595 1594 ἔχων
2625 1526 2984 1597 παραμυθίαν
3015 1530 3077 1582 τὸ
3111 1530 3299 1600 σχῆμα
3342 1530 3441 1598 τῆς
3483 1529 3697 1602 διατρι-

2103 1615 2203 1685 ϐῆς
2223 1654 2237 1679 ,
2267 1614 2296 1667 ὃ
2321 1614 2534 1669 Δίωναδ
2564 1617 2749 1686 μένειν
2779 1618 2919 1672 οἴκοι
2959 1620 3052 1674 καὶ
3089 1621 3225 1691 τῆς⁸
3254 1622 3443 1685 οὐσίας
3472 1623 3697 1690 κρατεῖν

424 1719 581 1788 nysio
635 1689 1101 1786 similem'possit
1159 1689 1475 1786 reprimere,
1527 1716 1813 1786 verbisque
1859 1715 2001 1771 facta

2117 1703 2194 1778 ἣν.
2225 1708 2337 1779 Τὴν
2365 1707 2411 1761 δ’
2433 1708 2598 1762 αὑτοῦ
2641 1726 2726 1772 τις
2765 1710 2933 1764 οίκῶν
2968 1711 3064 1765 καί⁵
3104 1689 3219 1776 τοῖς
3245 1712 3412 1766 αὐτοῦ
3446 1689 3700 1774 πολίταις

423 1823 702 1873 coercere,
742 1818 799 1862 et
830 1808 1039 1879 legibus
1082 1818 1295 1879 partam
1330 1809 1681 1865 securitatem
1718 1809 1858 1878 apud
1884 1824 2006 1864 om-

426 1915 524 1957 nes
548 1900 893 1965 confirmare,
940 1900 1076 1954 nihil
1119 1916 1239 1956 eum
1288 1899 1467 1956 facere
1524 1900 1700 1970 magni
1745 1902 2007 1965 dicemus,

428 2008 527 2047 nec
570 1992 910 2046 laudabimus
957 1992 1141 2059 talem,
1188 1993 1304 2047 sive
1349 1995 1441 2059 sit,
1490 1993 1605 2048 sive
1651 2008 1757 2048 non
1786 1993 1878 2061 sit,
1919 2007 2011 2048 ars

428 2081 691 2137 dicenda?
719 2084 798 2136 An
835 2080 960 2152 quia
1012 2082 1125 2137 sola
1167 2082 1379 2151 injuria;
1409 2082 1572 2139 factio
1611 2098 1863 2154 magnum
1892 2090 2013 2139 erat

430 2172 653 2241 malum,
674 2174 874 2228 nullum
899 2182 1076 2230 autem
1100 2175 1380 2245 acceptio?
1408 2176 1521 2244 Ego
1543 2176 1741 2231 etenim
1768 2189 1868 2229 nec
1900 2176 2013 2245 ipse

429 2269 531 2321 hoc
566 2266 775 2321 Platoni
822 2268 1038 2322 crimini
1070 2279 1243 2334 verto,
1292 2269 1337 2324 si
1407 2270 1475 2324 de
1524 2283 1689 2324 causa
1721 2269 1912 2338 quavis
1956 2269 2011 2323 in

432 2358 669 2414 Siciliam
699 2359 970 2426 proﬁcisci
1000 2358 1192 2425 voluit,
1220 2373 1319 2415 nec
1362 2358 1410 2414 si
1444 2360 1567 2430 quis
1609 2359 1660 2413 id
1691 2359 1829 2413 alius
1855 2358 2010 2429 obje-

431 2450 603 2516 cerit,
651 2465 843 2506 sanum
891 2450 1259 2518 crediderim,
1317 2464 1417 2506 nec
1461 2450 1687 2506 omnino
1718 2448 2013 2520 quidquam

432 2551 633 2612 praeter
672 2559 736 2597 ea
782 2559 902 2614 quae
947 2544 1014 2600 ad
1069 2559 1182 2600 rem
1231 2544 1504 2613 pertinent
1552 2544 1765 2599 curiose
1811 2551 2014 2607 sector,

432 2632 865 2703 quandoquidem
914 2633 1117 2688 nullum
1164 2633 1301 2688 tanti
1338 2635 1411 2690 sit
1438 2634 1680 2690 victoria:
1708 2633 2013 2703 prtemium.

435 2724 540 2778 Sed
565 2739 630 2779 ea
657 2740 776 2794 quae
806 2724 933 2780 fecit
968 2725 1105 2795 ipse,
1132 2734 1186 2781 et
1218 2740 1322 2797 qua
1354 2726 1420 2780 de
1450 2740 1618 2781 causa
1661 2724 1852 2781 fecerit
1873 2724 2017 2781 clare

433 2817 590 2882 dixit,
625 2832 722 2885 pro
753 2817 1028 2874 rhetorica
1079 2818 1259 2874 facere
1297 2818 1528 2878 aﬂirmo.
1560 2819 1816 2885 Quinimo
1842 2833 2019 2887 quan-

434 2916 549 2962 tum
591 2907 895 2963 fortitudini
930 2894 1244 2981 prudentia,
1278 2919 1488 2965 tantum
1519 2910 1789 2965 rhetorica
1816 2909 2021 2965 bellicae

436 3009 656 3068 praestat
705 3000 994 3056 alacritati.
1051 3001 1122 3058 Ut
1172 3003 1319 3059 enim
1374 3004 1683 3058 summatim
1734 3002 2015 3067 dicamus,

440 3091 576 3146 nihil
609 3101 693 3146 est
744 3092 891 3146 aliud
928 3093 1195 3149 rhetorica
1242 3109 1405 3163 quam
1453 3094 1737 3162 prudentia
1769 3108 1891 3146 cum
1937 3091 2020 3146 fa-

434 3180 637 3237 cultate
661 3183 873 3237 dicendi
910 3183 1233 3254 conjuncta;
1260 3195 1319 3251 ut
1355 3199 1464 3239 non
1500 3184 1617 3254 ipse
1657 3190 1870 3238 tantum
1899 3183 2022 3253 quis

436 3271 639 3338 optima
674 3286 901 3344 qua:th
939 3274 1142 3339 facere,
1190 3277 1285 3331 sed
1329 3278 1495 3333 etiam
1535 3278 1657 3334 aliis
1698 3280 2024 3349 persuadere

438 3362 630 3432 possit.
658 3363 840 3435 Atque
872 3366 987 3422 haec
1021 3368 1241 3437 quidem
1272 3369 1438 3423 etiam
1474 3370 1609 3425 satis
1638 3371 1874 3425 arbitror
1900 3383 2024 3426 esse

438 3451 782 3521 conﬁrmata,
813 3455 897 3510 vel
930 3457 1095 3510 etiam
1149 3457 1312 3514 nimis
1359 3457 1615 3529 fortasse.
1661 3459 1816 3514 Nunc
1842 3469 2022 3515 autem

440 3546 508 3597 ad
559 3545 730 3614 ipsum
784 3547 1163 3617 colophonem,
1211 3558 1269 3603 ut
1312 3551 1437 3620 quis
1480 3550 1695 3616 dixerit,
1738 3550 2023 3605 verborum

439 3634 679 3695 Platonis
706 3641 994 3694 contendo.
1031 3637 1143 3696 Nec
1185 3641 1328 3695 enim
1365 3642 1540 3697 solum
1585 3656 1652 3696 ex
1686 3641 1751 3696 iis
1780 3657 1879 3711 per
1907 3657 2026 3711 quae

441 3731 728 3795 refutatur,
765 3730 907 3786 idem
935 3747 1058 3787 eum
1106 3732 1291 3786 testari
1324 3734 1628 3799 ostendam,
1660 3733 1755 3789 sed
1788 3743 1843 3788 et
1873 3733 2027 3803 quasi

441 3837 625 3876 coram
656 3838 786 3877 voce
814 3839 911 3879 sua
935 3824 1309 3879 testimonium
1336 3826 1511 3881 daret.
1540 3824 1880 3896 Quapropter
1904 3841 2027 3882 cum

441 3914 525 3968 vel
560 3913 755 3969 lwdere
793 3924 968 3985 cogat,
1000 3916 1085 3970 vel
1118 3917 1237 3971 laedi
1273 3918 1576 3986 permittat,
1607 3927 1661 3973 et
1692 3927 1749 3973 ut
1795 3934 1864 3973 ex
1894 3933 2031 3986 prae-

443 4007 759 4062 cedentibus
786 4018 867 4062 est
896 4007 1169 4071 eﬂ‘ectum,
1205 4024 1308 4064 nec
1345 4009 1539 4064 lwdere
1565 4025 1664 4065 nec
1691 4010 1807 4065 laedi
1836 4026 2028 4081 quem-

447 4110 610 4163 quam
644 4097 963 4165 permittat:
991 4098 1261 4167 siquidem
1291 4099 1483 4153 eadem
1530 4112 1615 4154 est
1660 4099 1822 4155 etiam
1855 4099 2032 4168 philo-

441 4184 645 4253 sophia:
696 4186 987 4250 deﬁnitio,
1043 4188 1334 4258 philophia:
1383 4190 1651 4258 quoddam
1709 4204 1880 4260 genus
1927 4191 2033 4247 erit

441 4275 744 4345 rhetorica;
782 4279 865 4330 sin
890 4279 1230 4348 philomphia
1251 4278 1443 4335 sulIicit
1468 4289 1526 4335 ut
1553 4281 1822 4337 neminem
1852 4281 2029 4349 laedat,

442 4362 732 4429 perfectior
764 4373 846 4419 est
877 4366 1163 4421 rhetorica.

2108 1799 2204 1853 καὶ
2228 1798 2449 1868 γονεῦσι
2484 1801 2579 1854 καὶ
2601 1800 2855 1872 ἀδελφοῖς
2881 1803 2932 1856 εί
2958 1803 3059 1873 τὴν
3086 1804 3235 1869 ὅπως
3277 1803 3355 1873 μὴ
3386 1804 3699 1875 ἀδικήσων-

2106 1907 2197 1943 ται
2224 1890 2469 1962 φυλακὴν
2493 1890 2627 1962 ἔχοι,
2661 1893 2760 1946 καὶ
2789 1893 2952 1958 σώζοι
2978 1893 3073 1948 καὶ
3097 1894 3323 1959 τούτους
3356 1897 3449 1948 καὶ
3476 1894 3696 1956 ἑαυτὸν,

2109 1985 2206 2037 καὶ
2233 1984 2299 2052 νὴ
2343 1984 2443 2038 Δία
2472 2001 2536 2053 γε
2566 1986 2616 2038 εί
2647 1982 2796 2038 τοῦτ’
2828 1979 2975 2041 αὐτο
3004 1986 3270 2058 τύραννον
3319 1987 3537 2043 ἔσεσθαί
3574 2005 3700 2043 τινα

2113 2074 2375 2142 μέλλοντα
2402 2076 2497 2130 καὶ
2530 2077 2792 2147 Διονυσίῳ
2824 2079 3153 2150 προσόμοιον
3177 2071 3287 2142 οἶός
3314 2097 3374 2133 τε
3401 2079 3486 2149 εἴη
3517 2080 3699 2134 κωλῦ-

2113 2182 2226 2234 σαι,
2260 2167 2355 2221 καὶ
2402 2166 2736 2238 παρελέσθαι
2769 2168 2913 2240 λόγῳ
2941 2171 3040 2235 τὰς
3087 2170 3339 2242 πράξεις,
3376 2172 3469 2228 καὶ
3498 2172 3599 2241 τὴν
3633 2174 3698 2225 ἐκ

2110 2257 2218 2312 τῶν
2262 2258 2444 2329 νόμων
2493 2259 2680 2315 ἄδειαν
2734 2261 2945 2317 ἃ.πιί.σι⁴1
2997 2262 3318 2335 βεϐαιῶσαι,
3347 2263 3518 2317 ἔπειτ’
3545 2265 3698 2318 οὐδὲν

2115 2352 2401 2408 σπουδαῖον
2429 2353 2576 2407 τοῦτ’
2597 2349 2736 2410 εἶναι
2765 2357 3034 2429 φήσομεν,
3068 2358 3177 2411 οὐδ’
3201 2360 3445 2413 ἐπαινεῖν
3472 2358 3579 2429 χρὴ
3600 2358 3701 2428 τὴν
3786 2409 3801 2420 ,

2112 2446 2369 2514 τοιαύτην
2416 2446 2527 2501 εἴτε
2578 2447 2775 2518 τέχνην
2806 2450 2916 2503 εἴτε
2951 2449 3086 2520 μηδὲ
3117 2450 3312 2522 τέχνην
3342 2451 3551 2505 εἰπεῖν⁷
3579 2451 3696 2516 δεῖ;

2117 2538 2239 2592 ’Ὁτι
2268 2538 2333 2610 νὴ
2362 2538 2462 2592 Δία
2486 2537 2544 2591 ἓν
2579 2539 2722 2609 μέγα
2755 2539 2899 2594 τοῦτ’
2927 2537 2996 2612 ἦν
3016 2541 3038 2573 ⁸
3067 2542 3257 2609 κακὸν,
3286 2542 3349 2595 τὸ
3379 2542 3608 2605 ἀδικεῖν,
3640 2542 3700 2595 τὸ

2114 2628 2171 2682 δὲ
2202 2629 2506 2684 ἀδικεῖσθαι
2557 2631 2794 2700 πρᾶγμα
2838 2630 3203 2699 οὐδέν.“Εγὼ⁹
3244 2631 3354 2702 γὰρ
3394 2628 3508 2684 οὔτ’
3536 2629 3703 2693 αὐτὸς

2116 2722 2442 2793 ὲπέγκλημα
2497 2723 2562 2794 δή
2620 2724 2782 2777 που¹⁰
2826 2721 2987 2776 τοῦτο
3040 2722 3324 2793 ποιοῦμαι,
3358 2723 3411 2778 ei
3464 2739 3557 2778 ποι
3608 2724 3705 2776 καὶ

2116 2812 2366 2866 ὁπωσοῦν
2390 2812 2684 2884 (Menaeer
2713 2814 2793 2880 είς
2820 2812 3070 2868 Σικελίαν
3099 2815 3325 2869 Πλάτων
3353 2813 3530 2869 ἐλθεῖν
3554 2816 3708 2887 ἡστι-

2118 2904 2309 2960 νοσοῦν
2354 2906 2518 2960 ἓνεκα
2549 2907 2749 2972 αἰτίας,
2796 2905 2911 2961 οὗθ’
2938 2908 3088 2972 ὅστις
3137 2908 3296 2973 ἄλλος
3340 2909 3607 2980 προφέρει
3652 2926 3707 2963 τι

2120 2994 2360 3049 τοιοῦτον
2389 2990 2448 3050 εὖ
2477 2999 2696 3068 φρονεῖν
2729 2997 2993 3068 ἠγοῦμαι,
3021 2997 3139 3052 οὗθ’
3157 2997 3299 3063 ὅλως
3342 2997 3447 3064 ἔξω
3476 2998 3585 3052 τῶν
3626 3000 3707 3062 εἰς

2122 3087 2215 3141 τὸν
2251 3087 2408 3157 λόγον
2445 3089 2689 3159 ἡκόντων
2717 3090 2869 3144 οὐδὲν
2897 3090 3334 3162 περιεργάζομαι
3356 3106 3371 3121 ·
3407 3092 3485 3160 μὴ
3515 3092 3710 3145 τοσού-

2122 3181 2274 3232 του¹¹
2310 3180 2480 3251 μηδὲν
2525 3181 2676 3249 ἄξιον
2715 3181 2857 3237 ἔστω
2878 3182 2920 3213 ⁸⁸
2949 3184 3287 3255 νικητήριον.
3307 3184 3445 3237 Ἀλλ’
3473 3184 3510 3239 ἃ.
3548 3186 3715 3251 αὐτὸς

2123 3270 2328 3345 ἔπραξε
2357 3272 2453 3326 καὶ
2482 3272 2519 3327 ἃ
2545 3273 2706 3328 τίνων
2733 3272 2939 3345 ἔπραξε
2962 3275 3124 3345 χάριν
3152 3275 3314 3340 αὐτὸς
3338 3276 3595 3348 καθαρῶς
3625 3277 3709 3330 εἴ·

2125 3379 2286 3433 ρηκε,
2312 3363 2486 3418 ταῦτα
2517 3365 2835 3433 συμϐαίνειν
2868 3367 3013 3437 φημὶ
3040 3369 3154 3431 τοῖς
3198 3367 3339 3438 ὑπὲρ
3363 3367 3464 3439 τῆς
3489 3370 3717 3440 ῥητορι-

2125 3457 2229 3525 κῆς
2254 3455 2453 3523 λόγοις.
2486 3457 2651 3510 Καὶ¹⁸
2687 3457 2793 3529 μὴν
2821 3457 2989 3529 amp“
3017 3458 3232 3512 κάλλιον
3252 3460 3295 3491 ⁸⁸
3325 3460 3588 3532 φρόνησις
3620 3464 3720 3515 ἀνε-

2122 3546 2329 3618 δρείας,
2356 3547 2595 3619 τοσούτῳ
2615 3550 2659 3581 ¹⁶
2691 3550 2957 3621 ῥητορικὴ
2980 3551 3079 3621 τῆς
3107 3550 3250 3604 κατὰ
3282 3551 3516 3623 πόλεμον
3544 3553 3719 3624 εὐψυ-

2124 3638 2271 3709 χίας.
2329 3639 2393 3692 Ei
2458 3639 2568 3710 γὰρ
2615 3639 2697 3694 δεῖ
2744 3642 3036 3698 συνελόντα
3083 3645 3258 3697 εἰπεῖν
3287 3682 3304 3710 ,
3364 3644 3518 3699 οὐδέν
3564 3648 3717 3699 ἐστιν

2126 3730 2254 3785 ἄλλο
2293 3730 2560 3803 ῥητορικὴ
2603 3732 2637 3803 ἢ
2674 3734 2933 3803 φρόνησις
2964 3732 3138 3802 λόγων
3167 3735 3396 3806 δύναμιν
3425 3736 3722 3807 προσειλη-

2129 3825 2285 3893 φυῖα,
2310 3822 2385 3887 ὡς
2404 3824 2448 3855 ¹¹¹
2485 3824 2559 3894 μὴ
2598 3825 2758 3895 μόνον
2788 3825 2912 3897 [679
2936 3825 3031 3899 H.]
3056 3829 3218 3891 αὐτὸς
3243 3828 3417 3898 ἕρδειν
3444 3829 3514 3882 τὰ
3545 3828 3722 3899 βέλτι-

2132 3932 2255 3981 στα,
2296 3914 2436 3968 ἀλλὰ
2478 3915 2574 3970 καὶ
2605 3916 2825 3987 ἐτέρους
2853 3917 3062 3972 πείθειν
3102 3917 3586 3990 ἐχοι¹⁸.Ἡγοῦμαι
3620 3920 3721 3989 μὲν

2128 4003 2307 4057 τοίνυν
2330 4005 2370 4038 ³⁸
2401 4004 2494 4058 καὶ
2549 4004 2724 4060 ταῦτα
2776 4006 2989 4070 πίστεις
3041 4000 3233 4071 ἱκανὰς
3281 4008 3426 4080 ἔχειν
3454 4009 3553 4081 τῆς
3586 4010 3724 4079 ἀληο

2132 4094 2305 4159 θείας,
2333 4096 2383 4148 εί
2419 4096 2495 4166 μὴ
2526 4095 2620 4149 καὶ
2656 4095 2876 4159 πλείους
2923 4096 3034 4169 ἄρα
3080 4099 3188 4152 τῶν
3236 4100 3467 4154 ίκανῶψ
3518 4096 3634 4170 εἶμι
3663 4098 3725 4152 δ’

2132 4186 2221 4239 ἐπ’
2252 4187 2413 4241 αὐτὸν
2444 4187 2547 4258 ἤδη
2572 4186 2665 4240 τὸν
2697 4188 2978 4257 κολοφῶνα
3006 4189 3098 4243 τοῦ
3118 4191 3163 4222 ¹⁰
3198 4191 3505 4258 Πλάτωνος,
3541 4190 3614 4254 ὡς
3655 4190 3723 4244 ἄν

2132 4298 2217 4343 τις
2243 4281 2411 4348 εἴποι,
2443 4282 2705 4353 ῥημάτων
2723 4284 2790 4339 ’⁸.
2821 4288 2897 4338 υύ
2930 4285 3037 4357 γὰρ
3073 4287 3232 4357 μόνον
3259 4286 3318 4352 ἐξ
3342 4281 3417 4340 ὧν
3438 4286 3723 4357 ἐλέγχεται

2056 4365 2408 4444 Ββούλομαι
2469 4375 2706 4446 φανῆναι
2764 4378 3149 4449 μαρτυροῦντα
3201 4379 3384 4444 αὑτὸν,
3431 4379 3569 4433 ἀλλὰ
3628 4381 3726 4442 καὶ

438 4456 631 4543 ῶσπερ
655 4457 719 4510 ἂν
745 4458 794 4509 εί
822 4459 917 4511 καὶ
951 4459 1237 4530 παραστὰς
1265 4459 1427 4524 αὐτὸς
1454 4459 1757 4531 ἐμαρτύρει
1786 4464 1854 4534 τῇ
1888 4463 2086 4520 ἑαυτοῦ
2115 4469 2289 4540 φωνῇ.
2315 4467 2579 4523 Οὑκοῦν¹¹
2611 4469 2692 4523 ὅτ’
2746 4470 2793 4502 ³³
2824 4472 3033 4527 ἀδικεῖν
3096 4473 3195 4543 μὲν
3251 4473 3352 4526 οὐκ
3410 4473 3729 4543 ἐπηνάγκα-

440 4533 556 4611 ζεν,
582 4548 883 4603 ἀδικεῖσθαι
925 4551 970 4603 δ’
998 4553 1100 4605 ούκ
1129 4553 1214 4623 se,
1248 4551 1321 4615 ὡς
1369 4552 1415 4606 δ’
1443 4553 1509 4609 ὲκ
1544 4552 1636 4607 τοῦ
1688 4553 1847 4623 λόγου
1896 4556 2234 4626 συνέϐαινεν,
2261 4560 2542 4631 οὐδέτερον
2588 4561 2795 4617 τούτων
2837 4566 2923 4634 es,
2981 4564 3092 4620 οὔτ’
3159 4567 3366 4620 ἀδικεῖν
3429 4567 3544 4621 οὒτ’
3611 4566 3727 4619 ἁδι-

441 4641 740 4710 κεῖσθαι¹⁶,
769 4645 817 4695 εἰ
853 4645 949 4713 μὲν
980 4645 1076 4698 καὶ
1120 4645 1223 4714 τῆς
1265 4644 1586 4715 φιλοσοφίας
1625 4649 1655 4701 ό
1687 4647 1849 4710 αὐτός
1878 4649 2027 4702 ἐστιν
2063 4649 2212 4720 ὅρος,
2249 4651 2535 4722 φιλοσοφία
2558 4670 2639 4718 τις
2677 4650 2814 4708 οὖσα
2844 4657 2877 4727 ἡ
2919 4658 3182 4730 ῥητορικὴ
3212 4659 3490 4730 φαίνεται’
3558 4660 3609 4713 εἰ
3666 4660 3728 4714 δὲ

443 4734 669 4804 ἐξαρκεῖ
715 4737 780 4806 τῇ
832 4736 1122 4810 φιλοσοφίᾳ
1171 4738 1293 4809 μηδ’
1318 4738 1362 4770 ’⁸
1388 4738 1619 4801 ἀδικεῖν,
1660 4740 1694 4807 ἡ
1745 4737 2010 4811 ῥητορικὴ
2046 4741 2398 4815 τελεώτερον.

513 4827 711 4901 4171)
746 4829 877 4895 Quis
922 4829 1065 4883 enim
1100 4830 1267 4883 nescit
1298 4829 1624 4883 rhetoricam
1674 4844 1704 4881 a
1746 4830 2035 4899 tyrannide

445 4928 655 4972 tantum
711 4918 912 4973 distare
962 4931 1224 4989 quantum
1280 4935 1310 4974 a
1361 4921 1413 4975 vi
1471 4918 1927 4988 persuasionem?
1978 4930 2034 4976 at

446 5012 564 5065 haec
606 5023 763 5063 neruo
809 5012 1080 5066 contraria
1122 5012 1303 5068 dicere
1346 5012 1643 5067 verebitur.
1679 5011 1892 5068 Etenim
1938 5016 2029 5085 qui

446 5101 563 5157 ﬁeri
600 5111 781 5171 potest
801 5112 859 5156 ut
883 5114 1130 5161 oratores
1156 5104 1361 5174 pariter
1384 5113 1439 5159 et
1463 5103 1775 5171 adulcntur,
1813 5114 1868 5162 et
1893 5105 2037 5162 inter

2204 4834 2358 4897 Τίς¹⁶
2392 4836 2560 4907 γὰρ¹⁷
2586 4837 2687 4891 ούκ
2726 4831 2867 4892 οἶδεν
2913 4839 2996 4893 ὅτι
3031 4840 3298 4913 ῥητορικὴ
3332 4841 3429 4896 καὶ
3460 4847 3728 4913 τυραννὶς

2120 4924 2386 4985 ,τοσοῦτον
2434 4927 2685 4999 ἀλλήλων
2719 4932 3077 5003 κεχώρισται,
3111 4937 3234 4988 ὅσον
3278 4935 3373 4989 τοῦ
3420 4935 3632 4990 πείθειν
3668 4941 3731 4990 τὸ

2131 5017 2415 5091 βιάζεσθαι
2442 5039 2457 5088 ;
2489 5022 2716 5076 Ἀλλὰ¹⁸
2750 5024 2857 5097 μὴν
2893 5025 3070 5082 ταῦτά
3098 5045 3161 5098 γε
3194 5029 3367 5093 οὐδεὶς
3396 5030 3545 5084 ἐστιν
3570 5030 3629 5094 ὃς
3662 5033 3732 5084 ἂν

2142 5113 2241 5183 τὴν
2284 5113 2533 5169 ἐναντίαν
2575 5115 2737 5184 φύσιν
2787 5118 2959 5175 εἰπὼν
2990 5119 3136 5193 ἔχειν
3169 5122 3485 5194 αἰσχυνθείη
3502 5123 3566 5180 ²⁹.
3592 5123 3733 5189 ,Πῶς

1771 5297 2003 5355 VARLE
2046 5297 2460 5359 LECTIONES.

446 5482 562 5521 om.
596 5471 661 5522 Α.

517 5400 564 5487 ξ’
598 5399 977 5487 προσθήσομαι
1002 5403 1214 5487 pm._A._
1291 5408 1439 5487 ξγὰρ
1468 5423 1579 5487 om.
1604 5409 1680 5487 A._
1748 5409 1977 5487 ’.σῦλμ
2019 5411 2164 5487 111.Δ
2248 5413 2269 5445 ⁸
2298 5415 2536 5487 συνεῖναι
2565 5416 2613 5471 Δ
2636 5415 2743 5487 {to
2768 5419 3004 5472 συνεῖναι
3033 5436 3094 5484 ς.
3193 5419 3215 5452 ⁸
3245 5420 3405 5475 Δίωνι
3429 5436 3488 5485 ς’.
3582 5420 3605 5452 ⁸
3634 5419 3734 5487 τῆς

757 5471 779 5498 ⁸⁸
828 5473 1051 5552 πᾶσιιΑ.
1090 5471 1485 5552 “gingivam.
1508 5481 1585 5552 _A.
1638 5480 1682 5552 ξ
1714 5471 1963 5552 τοῦτ’ῖῆν
1993 5483 2204 5552 σηπίΑ.

2309 5482 2494 5557 {syth}
2548 5502 2602 5555 p.
2655 5486 2778 5540 118.
2889 5490 2931 5520 ¹⁰
2958 5482 3130 5557 δήπου
3172 5505 3282 5545 om.
3319 5494 3384 5545 Δ.
3439 5482 3506 5520 ’ίί
3539 5482 3733 5543 τοσούὲ

360 5620 375 5625 -
447 5541 570 5635 Zeti}
595 5537 846 5635 Ee‘aoﬁzo}
867 5542 1008 5635 ού
1034 5614 1054 5635 Δ
1089 5544 1130 5576 ⁸³
1146 5543 1386 5635 ἐλξτωλὲς
1402 5550 1462 5635 τί)
1604 5620 1616 5635 λ
1634 5550 1679 5581 ’³
1701 5552 1796 5635 καὶ.
1827 5537 1956 5631 μὴν]
1988 5567 2039 5620 p.
2068 5551 2192 5635 12.2.
2340 5537 2450 5635 ὃσὲρ
2477 5537 2517 5607 λ
2541 5537 2575 5610 :r
2587 5537 2777 5635 ξσά
2838 5559 2893 5635 ἠ
3313 5537 3733 5635 ίξξτοσρῦτονᾏ.

595 5608 1089 5685 ώς-ἕχοιμοιη.Α.
1144 5616 1211 5685 ν⁴⁹
1244 5608 1445 5685 τόίνυν]
1468 5618 1559 5671 οὖν
1586 5620 1649 5672 Α.

1747 5620 1792 5651 ὀ
1816 5620 1911 5673 τοῦ
1938 5620 2062 5677 ’oIn.
2101 5624 2168 5679 A.
2277 5624 2321 5654 ἰ

2360 5625 2561 5695 ῥήματι
2588 5628 2651 5679 Α.
2729 5629 2775 5659 ’³
2796 5628 3017 5694 οὐκοῦν]
3041 5647 3093 5696 p.
3130 5632 3252 5685 124.
3327 5631 3446 5664 ’Μ’
3467 5630 3737 5686 ὅτ’-.ἀδι,

428 5672 666 5728 ’κεῖσθαι
692 5672 803 5733 oui:
837 5679 903 5735 A.
979 5684 1024 5716 ³⁵
1057 5684 1178 5755 μηδ’
1202 5686 1325 5742 add.
1357 5672 1445 5742 Δί
1498 5689 1544 5722 ³⁸
1572 5689 1677 5759 τίς]
1716 5705 1769 5760 p.
1957 5672 2059 5725 ⁷-ίῖ
2236 5692 2279 5747 δ’
2311 5672 3262 5768 Αἵ’Ἣίά’ἁλλὰ-ἶιὲζῶξὼέἱηῖιέ.
3293 5701 3361 5758 Α.

3540 207 3683 273 1512
3789 181 3798 189 ’
