4012 6236
281 215 426 285 1513

1280 217 1803 284 ΒΙΒΙᾸΟΤΗΕΕΑ.
1829 240 1900 258 -
1932 217 2095 280 COD.
2122 215 2456 280 CCXLV“.

3397 215 3534 280 1511

276 331 392 398 γὰρ
411 328 456 359 ³⁸
486 325 622 396 όμοῦ
665 325 760 396 μὲν
778 327 817 359 ³¹
848 327 1232 382 κολακεύουσιν
1263 331 1310 382 οἱ
1348 331 1609 402 ῥήτορες,
1640 331 1774 402 ὁμοῦ
1803 332 1860 385 δ’

1967 340 2204 400 satrapas
2245 330 2392 384 sint?
2422 326 2662 399 Tyranni
2706 341 2832 382 vero
2877 336 3078 381 tantum
3127 340 3197 380 an
3223 325 3536 384 adulatione

277 418 340 470 ἐν
369 419 482 480 τοῖς
515 416 804 482 δυνάσταις
837 417 1010 484 είσίν;
1051 419 1116 472 Οί
1144 419 1190 473 δ’
1220 415 1287 476 αὖ
1315 419 1566 492 τύραννοι
1595 419 1859 492 ἀπέχουσι

275 508 536 562 τοσοῦτον
553 507 598 540 ³²
627 505 722 560 τοῦ
753 509 1068 564 κολακεύειν
1104 509 1245 565 ὥστε
1273 511 1365 582 βίᾳ
1395 514 1603 576 πάντας
1634 513 1858 580 ὠθοῦσι,

276 599 378 653 καὶ
404 598 617 664 οὐδενὸς
637 598 752 652 ἐστι
771 600 902 671 παρ’
923 601 1102 656 αὐτῶν
1119 605 1304 674 τυχεῖν
1327 602 1446 656 οὐδὲ
1466 603 1576 656 τῶν
1599 604 1858 673 μετρίων,

281 688 446 762 [I257
483 689 575 761 R.]
599 691 682 761 μή
716 689 771 743 τί
818 708 883 760 γε
912 691 976 763 δὴ
1001 696 1101 765 τῆς
1135 694 1275 763 ὑπὲρ
1303 693 1365 747 τὸ
1393 695 1670 765 προσῆκον
1699 695 1860 766 θερα-

277 782 475 845 πείας·
506 780 638 834 ὥσθ’
655 782 701 814 ³³
729 781 758 834 ό
785 782 1045 854 τύραννος
1072 783 1269 857 μικροῦ
1294 783 1406 838 δεῖν
1441 787 1536 839 καὶ
1561 785 1623 840 τὸ
1649 785 1744 839 τοῦ
1771 786 1860 838 δε-

280 873 484 925 σπότου
509 872 706 943 μέτρον
727 872 1064 944 παρελήλυθε
1080 874 1144 929 ³⁸.
1161 868 1270 928 Καὶ
1289 874 1518 938 κόλακος
1536 874 1635 946 μὲν
1651 873 1779 948 [γὰρ
1791 872 1858 947 ⁸⁸]

279 962 436 1016 οὐδέν
458 963 573 1014 ἐστι
598 963 660 1034 δή
691 980 794 1016 που
820 964 1220 1036 ταπεινότερον,
1242 963 1394 1018 οὐδ’ὄ
1417 981 1469 1018 τι
1501 965 1700 1036 μᾶλλον
1726 965 1865 1036 ᾑρῆ-

283 1052 410 1106 σθαι
440 1047 710 1106 δουλεύειν
725 1053 769 1084 ³⁸
791 1069 805 1084 ο
831 1053 1092 1123 τυράννου
1117 1057 1173 1108 δὲ
1193 1056 1345 1108 οὐδὲν
1368 1057 1432 1110 ἂν
1455 1056 1628 1119 εἴποις
1655 1054 1864 1127 ἀγριώ-

280 1161 461 1214 τερον,
495 1143 603 1196 ούδ’
633 1144 662 1197 ὅ
692 1161 742 1197 τι
771 1143 971 1214 μᾶλλον
1016 1145 1151 1214 πρὸς
1201 1145 1277 1214 τῷ
1328 1131 1612 1210 δεσπόζειν
1661 1145 1864 1200 ἐθέλειν

281 1236 623 1292 ἐστίν.Ὢστε
665 1238 713 1289 εί
765 1237 864 1307 μὲν
886 1237 930 1268 ³⁷
961 1237 1218 1291 κολακεία
1252 1239 1284 1308 ἡ
1325 1238 1608 1310 ῥητορική,
1639 1239 1710 1292 τὰ
1756 1236 1865 1294 τῶν

279 1329 562 1399 τυράννων
604 1329 928 1400 ἐγκλήματα
961 1330 1021 1382 οὐ
1074 1330 1210 1401 πρὸς
1245 1331 1412 1401 αὐτῆς
1435 1329 1481 1362 ³⁸
1509 1331 1680 1384 ἐστιν.
1714 1325 1777 1384 Ei
1807 1330 1865 1384 δ’

279 1416 418 1486 ὁμοῦ
439 1419 504 1488 τῇ
527 1418 797 1487 τυραννίδι
826 1419 925 1489 τὴν
951 1419 1236 1472 κολακείαν
1272 1419 1530 1488 μεγάλοις
1559 1421 1672 1482 τοῖς
1693 1420 1865 1492 ὁρίοις

283 1510 678 1581 παρελήλυθεν,
726 1511 921 1564 οὐκοῦν
966 1511 1036 1566 τά
1096 1528 1160 1578 γε
1213 1511 1376 1583 ἕτερα
1433 1512 1712 1580 πάντωςίπ
1761 1511 1862 1584 ήδη

279 1601 475 1672 ψευδῆ.
514 1600 779 1654 Τοσοῦτον
797 1600 842 1633 ⁸ο
890 1601 1058 1671 γάρδι
1119 1604 1152 1674 ή
1212 1602 1475 1675 ῥητορικὴ
1531 1602 1862 1673 κεχώρισται

281 1669 601 1754 δυναστείας
631 1692 776 1753 ὅσον,
809 1693 857 1744 εί
881 1669 974 1745 καὶ
996 1669 1474 1758 τοῦτ’έίᾶτέἰνδεϊ,⁷
1499 1669 1722 1746 Πλάτων
1743 1695 1862 1746 Διο-
1894 1669 1936 1726 Β

283 1781 492 1835 νυσίου.
531 1781 890 1851 Φανήσεται⁴²
932 1784 1040 1854 γὰρ
1077 1781 1192 1836 οὗθ’
1223 1784 1358 1838 ὅπου
1389 1784 1655 1856 ῥητορικὴ
1685 1783 1860 1852 σώζε-

283 1886 374 1926 ται
391 1871 436 1904 ⁸³
464 1871 724 1944 τύραννος
770 1874 1116 1944 ἐγγινόμενος
1130 1874 1195 1940 ⁵⁸,
1231 1875 1424 1947 μέχρις
1440 1875 1488 1908 ⁸⁸
1520 1877 1587 1930 ἂν
1631 1875 1862 1942 σώζεται

284 1963 428 2034 λόγῳ
444 1963 512 2027 ⁸⁸,
557 1963 669 2017 οὔτ’
697 1956 762 2018 αὖ
817 1965 946 2020 ἔνθα
963 1965 1006 1997 ⁸⁷
1054 1967 1308 2038 τυραννὶς
1354 1969 1550 2038 κρατεῖ
1597 1968 1862 2041 ῥητορικὴ

284 2055 582 2129 περιοῦσα·
612 2057 729 2110 ἀλλ’
761 2057 792 2112 ὃ
834 2074 894 2111 τε
941 2059 1129 2131 ῥήτωρ
1161 2061 1340 2116 πάντα
1371 2062 1626 2130 πράττων
1657 2062 1862 2128 ὄπωςδθ

287 2145 476 2217 μηδεὶς
524 2145 784 2218 τύραννος
834 2148 1161 2218 ἐγγένηται,
1195 2149 1257 2204 τό
1285 2167 1345 2205 τε
1367 2149 1411 2183 ⁸⁸
1441 2149 1606 2206 αὑτοῦ
1657 2153 1752 2206 καὶ
1802 2151 1865 2208 τὸ

286 2235 468 2289 κοινὸν
501 2236 636 2305 όμοῦ
666 2237 935 2308 προορῶν,
967 2239 1118 2303 ὅπως
1169 2241 1359 2310 μηδεὶς
1388 2242 1552 2296 αὐτὸν
1599 2242 1678 2312 τῷ
1719 2241 1864 2313 λόγῳ

288 2326 502 2380 πείθειν
534 2328 902 2400 παρελόμενος
929 2331 1091 2394 αὐτὸς
1119 2332 1228 2404 ἄγῃ
1252 2332 1374 2385 κατ’
1405 2332 1581 2404 ἀρχὴν
1617 2333 1686 2387 τὰ
1723 2333 1867 2404 πρά-

284 2435 472 2488 γματα
485 2420 555 2483 ”,
582 2419 637 2472 οἵ
673 2436 733 2473 τε
770 2420 1023 2492 τύραννοι
1058 2423 1387 2488 σκοποῦντες
1410 2425 1506 2478 καὶ
1537 2423 1865 2496 φοϐούμενοι

283 2509 397 2563 τῶν
441 2510 658 2565 πάντων
687 2511 838 2565 οὐδὲν
866 2514 1066 2584 μᾶλλον
1093 2513 1190 2585 ﬂ“
1233 2515 1307 2585 μή
1346 2532 1430 2578 τις
1461 2516 1751 2587 ἐγγένηται
1776 2516 1865 2570 λέ-

287 2615 407 2666 γειν
435 2601 526 2653 καὶ
548 2599 757 2653 πείθειν
787 2599 1030 2669 δυνατὸς,
1061 2603 1209 2670 ὅστις
1240 2604 1560 2673 συναγαγὼν
1589 2606 1656 2660 τά
1683 2606 1864 2677 πλήθη

287 2692 384 2746 καὶ
409 2690 706 2761 σύμϐουλος
736 2691 831 2745 καὶ
857 2693 1096 2764 μηνυτὴς
1127 2692 1222 2746 τοῦ
1251 2698 1618 2766 προσήκοντος
1645 2697 1867 2767 γινόμε-

289 2800 378 2847 νος
407 2782 540 2854 όμοῦ
570 2783 669 2854 τῆς
696 2783 872 2856 ἀρχῆς
899 2785 992 2839 καὶ
1017 2787 1116 2857 τῆς
1138 2787 1382 2852 ἐξουσίας
1403 2787 1642 2860 ἀκύρους
1669 2790 1866 2856 αὐτοὺς

289 2876 626 2946 καταστήσῃ.
659 2875 858 2948 Διόπερ
887 2875 988 2948 τὴν
1015 2877 1217 2948 ἔχθραν
1263 2879 1573 2949 ἀναγκαίως
1617 2881 1866 2953 ἀλλήλοις

289 2967 502 3074 ἔχουσιν
521 2985 535 2999 ο
572 2969 605 3039 ἡ
635 2967 744 3036 γὰρ
772 2967 879 3022 τῶν
911 2970 1116 3041 ἐτέρων
1143 2974 1388 3042 σωτηρία
1411 2973 1506 3027 καὶ
1534 2973 1760 3044 δύναμις
1791 2975 1866 3046 μὴ
1897 3011 1943 3074 c

290 3057 431 3114 εἷναι
477 3063 601 3125 τοὺς
647 3062 868 3132 ἐτέρους
899 3063 1017 3115 ἐστὶ
1049 3063 1147 3134 τὴν
1177 3063 1372 3134 ἀρχήν.
1409 3065 1531 3128 Πῶς
1546 3066 1591 3097 ⁵⁸
1621 3060 1713 3119 οὖν
1739 3067 1868 3119 τάν-

290 3154 450 3207 αντία
472 3194 487 3218 ,
534 3153 725 3223 φησὶν,
778 3151 1023 3224 ἀλλήλοις
1058 3156 1106 3207 οἱ
1141 3158 1370 3226 ῥήτορες
1398 3157 1678 3224 λέγουσιν;
1714 3158 1871 3212 Ἐστι

294 3244 396 3313 μὲν
443 3245 692 3297 ούκέτι⁸³
737 3245 883 3298 τοῦτ’
929 3246 988 3298 ἐν
1042 3248 1350 3318 εἰρημένοις
1396 3249 1501 3301 ὑπὸ
1551 3247 1868 3311 Πλάτωνος⁸

289 3337 441 3406 ὅμως
475 3336 531 3389 δέ
566 3336 705 3409 ὑπὲρ
750 3337 844 3392 τοῦ
897 3342 1167 3410 πανταχῆ.
1199 3340 1530 3412 διακαθᾶραι
1574 3341 1667 3395 τὸν
1711 3341 1871 3409 λόγον

295 3425 433 3496 μηδὲ
449 3426 498 3458 ⁸⁸
525 3425 668 3481 τοῦθ’
695 3428 826 3498 ἡμῖν
848 3429 1200 3496 ἀνεξέταστον
1227 3428 1488 3496 ἀφείσθω.
1525 3430 1635 3483 Καὶ
1667 3428 1812 3484 τοῦτ’
1826 3428 1871 3464 ⁸⁸

291 3519 389 3572 οὖν
424 3519 772 3590 ἰσχυρότατον
793 3521 1009 3574 πάντων
1038 3521 1098 3572 δν
1128 3521 1312 3590 σχεδὸν
1334 3522 1380 3553 ⁵⁸
1407 3522 1482 3584 ὡς
1513 3524 1571 3574 ἐν
1597 3521 1870 3591 ψεύδεσιν,

292 3602 369 3663 ὧν
421 3611 627 3674 ἐκεῖνος
677 3611 897 3681 είρηκεν
917 3611 986 3674 ⁵⁷,
1021 3611 1102 3665 ὅτι
1149 3607 1302 3682 οἶμαι
1319 3611 1364 3643 ⁸⁸
1388 3613 1483 3665 καὶ
1529 3614 1660 3683 ἡμῖν
1689 3613 1872 3676 αὐτοῖς

293 3702 626 3773 ἀπαντῶμεν
675 3701 800 3776 [680
829 3702 924 3776 Η.]
951 3703 1010 3757 ἐν
1040 3703 1118 3774 τῷ
1146 3703 1309 3773 λόγῳ,
1341 3703 1472 3756 αὐτὸ
1515 3703 1672 3757 τοῦτο
1715 3705 1873 3772 κάγὼ

293 3794 390 3848 νῦν
439 3794 791 3866 πεποίηκαη.
809 3793 949 3848 Ἀλλ’
982 3795 1134 3848 οὐδὲν
1185 3795 1384 3866 μᾶλλον
1427 3797 1455 3849 ὃ
1499 3812 1564 3864 γε
1601 3796 1660 3862 ἐξ
1698 3796 1871 3867 ἀρχῆς

292 3886 448 3956 λόγος
471 3886 860 3958 διαφθείρεται,
894 3887 1015 3940 ἐπεὶ
1047 3887 1140 3940 καὶ
1187 3887 1237 3940 oi
1282 3887 1591 3956 φιλοσοφεῖν
1619 3887 1760 3942 οὕτω
1785 3889 1870 3942 λε-

293 3980 512 4052 γόμενοι
538 3979 599 4032 οὐ
633 3982 746 4044 τοῖς
776 3980 961 4037 αὐτοῖς
993 3978 1172 4048 λόγοις
1201 3978 1438 4044 ἅπαντες
1463 3979 1526 4052 δή
1557 3999 1659 4034 που
1696 3981 1870 4052 χρῶν-

291 4087 404 4133 ται,
431 4070 568 4124 ἀλλά
594 4070 704 4124 ’καὶ
742 4073 855 4133 τοῖς
887 4071 1297 4136 ἐναντιωτάτοις
1315 4073 1360 4104 ⁶⁰
1409 4071 1688 4143 ἀλλήλοις·
1741 4073 1869 4126 ἀλλ’

293 4163 444 4216 οὐδὲν
486 4163 685 4218 κωλύει
727 4163 867 4218 κατά
907 4163 1034 4228 τοὺς
1076 4164 1440 4233 τυγχάνοντας
1472 4167 1572 4235 τῆς
1614 4163 1870 4235 ἀληθείας

294 4235 612 4324 φιλοσοφίαν
639 4251 777 4310 εἶναι
808 4255 990 4309 καλόν.
1013 4253 1085 4308 Οὐ
1108 4252 1171 4326 δή
1201 4270 1304 4307 που
1326 4254 1547 4309 διπλοῦν
1575 4255 1723 4308 ἐστιν
1749 4255 1841 4308 οὐδ
1858 4256 1870 4276 ⁹

1961 422 2188 486 absunt,
2221 428 2280 474 ut
2304 432 2493 474 omnes
2534 417 2589 472 vi
2623 427 2847 488 cogant,
2894 431 2994 470 nec
3043 417 3112 472 ab
3157 416 3224 472 iis
3268 416 3348 472 vel
3395 423 3532 488 aequi

1960 511 2252 582 quidquam
2281 509 2458 580 possit
2482 509 2767 580 quisquam
2798 508 3076 576 consequi,
3110 509 3306 563 nedum
3339 520 3534 580 praeter

1959 601 2191 659 oﬂicium
2229 601 2480 670 cuiquam
2520 598 2844 664 inserviant,
2878 600 3012 654 adeo
3038 608 3097 653 ut
3128 609 3387 669 tyrannus
3416 597 3536 654 heri

1959 705 2174 762 quoque
2201 705 2508 746 mensuram
2539 690 2922 759 propemodum
2952 698 3212 746 transeat.
3237 689 3372 744 Nam
3403 691 3536 744 adu»

1961 782 2134 838 latore
2159 781 2376 852 quidem
2418 781 2552 836 nihil
2584 790 2668 836 est
2711 779 2988 846 humilius,
3018 795 3118 836 nec
3149 781 3290 852 quod
3317 783 3383 836 ad
3416 795 3538 838 ser-

1961 872 2188 926 vitutem
2239 871 2313 926 sit
2354 871 2718 939 propensius:
2760 879 2990 939 tyranno
3037 879 3216 925 autem
3268 870 3401 925 nihil
3453 881 3541 926 est
3616 884 3620 890 '

1963 964 2220 1030 ferocius,
2250 978 2351 1019 nec
2374 963 2516 1032 quod
2559 962 2844 1032 imperium
2883 972 3028 1018 amet
3061 964 3252 1032 magis.
3283 962 3462 1029 Quare
3489 965 3539 1018 si

1964 1055 2204 1111 adulatio
2240 1055 2402 1110 fuerit
2427 1055 2717 1119 rhetorica,
2749 1053 2885 1108 nihil
2927 1054 2995 1110 ad
3039 1070 3157 1109 eam
3187 1066 3538 1126 tyrannorum

1963 1145 2234 1216 pertinent
2283 1147 2512 1200 crimina
2558 1161 2574 1199 :
2624 1145 2708 1200 sin
2740 1160 2846 1200 una
2879 1160 3000 1200 cum
3036 1146 3319 1216 tyrannide
3365 1147 3538 1216 magis

1963 1236 2324 1291 adulationem
2360 1236 2605 1290 terminis
2649 1237 2944 1304 superavit,
2990 1235 3335 1291 manifestum
3365 1247 3448 1291 est
3483 1238 3538 1292 in

1965 1329 2150 1384 alteris
2179 1330 2536 1385 mendacium.
2566 1327 2797 1384 Tantum
2824 1330 2968 1386 enim
2996 1345 3025 1382 a
3060 1328 3346 1399 tyrannide
3373 1329 3540 1386 distat

1971 1423 2264 1487 rhetorica,
2293 1430 2555 1492 quantum
2597 1437 2629 1476 a
2671 1421 2927 1491 Dionysio
2957 1419 3130 1486 Plato,
3161 1420 3206 1474 si
3235 1428 3289 1478 et
3329 1421 3429 1476 hoc
3458 1421 3540 1474 die

1966 1514 2193 1568 cendum
2231 1524 2334 1569 est.
2385 1512 2598 1569 Etenim
2642 1528 2818 1584 neque
2864 1512 2954 1567 ubi
3001 1511 3200 1568 valebit
3244 1513 3540 1576 rhetorica,

1969 1605 2213 1675 tyrannis
2252 1603 2478 1669 orietur,
2524 1604 2698 1660 donec
2743 1620 2806 1660 ea
2842 1604 3079 1658 valebit:
3118 1617 3294 1673 neque
3325 1603 3412 1657 ubi
3457 1617 3542 1657 res

1963 1695 2147 1764 gnabit
2196 1696 2482 1764 tyrannis,
2509 1695 2713 1752 valebit
2760 1687 3027 1750 rhetorica
3063 1712 3076 1749 :
3110 1696 3204 1751 sed
3252 1703 3309 1750 et
3354 1705 3542 1749 orator

1965 1786 2098 1841 nihil
2145 1801 2253 1842 non
2302 1789 2414 1858 agit
2450 1802 2519 1842 ne
2562 1787 2686 1857 quis
2715 1787 2924 1841 oriatur
2955 1797 3238 1858 tyrannus,
3284 1793 3393 1839 tam
3439 1785 3541 1840 sibi

1963 1890 2125 1944 quam
2159 1876 2469 1944 reipbblica
2495 1876 2848 1946 providendo,
2883 1891 2950 1930 ne
2979 1876 3100 1945 quis
3127 1875 3225 1944 ipsi
3255 1873 3544 1928 verborum

1961 1967 2645 2049 persuasioneintercepta
2681 1981 2770 2022 res
2801 1967 2915 2038 ipse
2955 1966 3296 2021 administret
3326 1981 3340 2019 :
3373 1973 3427 2020 et
3461 1973 3546 2034 ty.

1964 2057 2119 2114 ranni
2163 2057 2301 2113 nihil
2342 2065 2558 2124 curant,
2611 2072 2713 2114 nec
2761 2068 3010 2113 metuunt
3056 2058 3248 2128 magis,
3277 2070 3439 2126 quam
3478 2069 3546 2110 ne

1962 2153 2084 2222 quis
2133 2151 2344 2206 dicendi
2395 2148 2868 2220 persuadendique
2918 2151 3122 2218 peritus
3170 2148 3397 2210 oriatur,
3452 2147 3545 2215 qui

1962 2242 2188 2298 collecta
2221 2242 2585 2307 multitudine,
2613 2255 2787 2310 eoque
2821 2241 2964 2312 quod
3017 2240 3133 2300 ﬁeri
3181 2239 3374 2294 debeat
3417 2252 3542 2304 per-

1963 2348 2124 2390 suaso
2155 2347 2220 2389 ac
2253 2331 2542 2404 patefacto,
2575 2332 2802 2402 imperio
2829 2331 2992 2388 simul
3022 2333 3165 2400 ipsos
3190 2338 3246 2384 et
3264 2339 3548 2399 potestate

1963 2428 2170 2499 privet.
2217 2425 2403 2495 Itaque
2453 2425 2760 2483 necessaria
2819 2424 2962 2479 inter
3014 2435 3272 2492 utrosque
3334 2432 3550 2477 constat

1964 2517 2248 2578 inimicitia
2280 2535 2296 2574 :
2324 2532 2448 2574 cum
2490 2517 2786 2572 alterorum
2825 2517 2974 2574 salus
3018 2531 3083 2573 ac
3121 2525 3359 2584 potestas
3399 2515 3450 2569 in
3483 2526 3550 2569 eo

1964 2611 2246 2677 consistat,
2277 2618 2340 2664 ut
2381 2608 2537 2674 alteri
2577 2607 2799 2664 omnino
2845 2623 2953 2662 non
2989 2607 3118 2666 sint.
3145 2607 3254 2662 (iur
3286 2621 3414 2676 ergo
3443 2606 3547 2660 sibi

1964 2701 2198 2757 invicem
2223 2701 2602 2757 contradicunt
2630 2700 2912 2756 oratores?
2937 2714 3244 2770 quanquam
3274 2700 3418 2752 enim
3448 2699 3551 2752 hoc

1965 2809 1998 2848 a
2027 2793 2251 2848 Platone
2284 2792 2488 2847 dictant
2530 2806 2636 2846 non
2666 2802 2772 2856 est,
2816 2800 2994 2846 tamen
3027 2802 3085 2844 ut
3129 2791 3366 2857 undique
3399 2789 3548 2842 deci-

1967 2884 2128 2939 datur
2150 2883 2544 2947 controversia,
2570 2897 2669 2938 nec
2691 2883 2794 2937 hoc
2822 2898 2926 2936 non
2952 2882 3257 2936 discussum
3283 2881 3551 2948 relinqueé

1972 2989 2114 3040 mus,
2149 2988 2272 3028 cum
2303 2973 2605 3043 praesertim
2654 2972 2728 3028 sit
2768 2972 3029 3038 omnium,
3078 2971 3278 3043 ‘18::
3307 2985 3426 3038 quae
3461 2970 3552 3023 ille

1973 3065 2216 3136 protulit,
2251 3073 2312 3120 ut
2341 3065 2398 3121 in
2433 3064 2728 3121 mendaciis
2761 3065 3152 3119 ﬁrmissimum.
3187 3063 3392 3132 Nempe
3422 3064 3548 3132 quia

1974 3158 2128 3213 nobis
2150 3157 2249 3227 ipsi
2278 3172 2493 3228 quoque
2525 3157 2579 3210 in
2609 3171 2860 3212 sermone
2887 3156 3332 3219 contradicimus,
3364 3161 3421 3208 ut
3451 3167 3550 3224 ego

1965 3248 2078 3318 jam
2107 3264 2252 3310 nunc
2286 3249 2408 3304 feci.
2445 3248 2632 3319 Neque
2677 3257 2857 3303 tamen
2904 3247 3025 3302 ideo
3057 3247 3234 3317 priora
3283 3261 3387 3300 non
3436 3260 3550 3298 ma-

1973 3355 2124 3400 nent.
2157 3343 2288 3400 Nam
2315 3355 2371 3400 et
2397 3345 2488 3415 qui
2517 3343 2882 3414 philosophari
2913 3343 3189 3404 dicuntur,
3225 3355 3328 3395 non
3358 3340 3548 3392 iisdem

1973 3451 2160 3502 omnes
2201 3434 2445 3506 profecto
2471 3443 2695 3488 utuntur
2733 3432 3054 3498 rationibus,
3099 3445 3282 3484 verum
3317 3429 3550 3482 maxime

1973 3528 2282 3585 contrariis.
2311 3526 2452 3582 Nihil
2488 3534 2668 3580 tamen
2691 3533 2863 3588 vetat,
2892 3524 3180 3594 quominus
3209 3519 3549 3590 philosophia

1974 3620 2268 3676 secundum
2308 3634 2402 3675 eos
2436 3620 2526 3688 qui
2572 3617 2852 3672 veritatem
2879 3623 3260 3684 assequuntur,
3287 3613 3548 3680 praeclara

1974 3711 2045 3766 sit
2071 3725 2181 3775 res,
2214 3725 2315 3764 nec
2350 3709 2571 3778 duplex,
2605 3721 2780 3777 neque
2809 3706 2912 3761 sibi
2954 3706 3056 3775 ipsi
3084 3700 3379 3759 contraria.
3409 3702 3549 3770 Quid

1973 3819 2102 3876 ergo
2127 3801 2401 3858 dicemus?
2423 3802 2504 3855 An
2541 3811 2800 3870 utrosque
2824 3798 3188 3869 philosophari
3219 3810 3339 3852 cum
3365 3799 3551 3852 dicunt

1977 3897 2265 3962 contraria,
2306 3906 2397 3949 aut
2430 3894 2822 3964 philosophiam
2871 3893 2965 3954 ita,
2995 3897 3054 3946 ut
3095 3890 3229 3954 dixi,
3261 3904 3380 3944 esse
3413 3903 3552 3956 pra»

1976 3987 2216 4044 claram?
2241 3987 2378 4053 Quin
2421 3987 2589 4041 etiam.
2623 3971 3013 4056 gubernatores
3042 3981 3226 4036 videas
3257 3988 3448 4034 contra
3491 3993 3550 4031 se

1976 4078 2207 4132 invicem
2235 4092 2302 4132 ex
2347 4076 2574 4130 navibus
2615 4076 2914 4139 decertare,
2956 4087 3081 4127 cum
3125 4081 3303 4124 tamen
3335 4083 3424 4122 ars
3450 4085 3550 4137 gn-

1973 4167 2236 4224 bernandi
2281 4182 2470 4222 navem
2516 4173 2715 4220 servet.
2752 4165 3014 4220 Similiter
3057 4173 3112 4218 et
3139 4171 3387 4216 oratores
3426 4174 3549 4213 cum

1973 4257 2076 4312 sibi
2121 4256 2351 4311 invicem
2394 4255 2792 4317 contradicunt,
2841 4263 2901 4306 ut
2943 4252 3140 4320 aliquis
3181 4248 3400 4313 dixerit,
3447 4263 3550 4300 non

295 4346 536 4400 ἐναντίον
569 4347 698 4403 αὐτὸ
714 4347 757 4380 ⁶¹
784 4346 981 4419 ἐαυτῷ.
1010 4347 1134 4410 Πῶς
1165 4340 1278 4410 οὖν,
1313 4347 1379 4401 ἂν
1406 4349 1543 4417 φαίη
1570 4365 1657 4412 τις
1677 4388 1692 4414 ,
1721 4349 1754 4419 ἢ
1784 4366 1869 4417 ιρις

1981 4349 2183 4402 tullitur
2210 4347 2455 4401 ultimum
2504 4344 2787 4400 rhetoricae
2829 4343 3265 4403 fundamentum,
3302 4340 3393 4394 sed
3425 4339 3552 4406 quid

293 4436 541 4506 λοσοφεῖν
566 4439 906 4510 ἀμφοτέρους
951 4439 1195 4510 φήσομεν
1223 4439 1484 4492 τάναντία
1525 4438 1804 4508 λέγοντας,
1835 4439 1869 4512 ἢ

291 4528 355 4580 τὸ
403 4528 710 4598 φιλοσοφεῖν
739 4527 878 4582 εἶναι
930 4529 1129 4592 καλόν;
1169 4528 1400 4592 οὖτως⁶¹
1429 4529 1506 4592 ὼς
1545 4529 1872 4600 ἐφην.”Ῑδοις

292 4619 337 4672 δ’
372 4618 437 4672 ἂν
462 4620 556 4672 καὶ
580 4621 918 4691 κυϐερνήτας
943 4619 1161 4674 ἐναντία
1184 4621 1433 4690 ἀλλήλοις
1453 4621 1498 4653 ⁸³
1527 4622 1873 4693 ναυμαχοῦν-

294 4727 394 4773 τας
417 4726 432 4741 ⁸
468 4711 584 4765 ἀλλ’
615 4713 763 4783 ὅμως
787 4713 888 4783 τῆς
918 4713 1318 4784 κυϐερνητικῆς
1368 4715 1485 4768 ἐστι
1532 4712 1728 4778 σώζειν
1775 4713 1874 4782 τὴν

1975 4437 2171 4494 rationi
2211 4439 2281 4492 sit
2319 4446 2744 4492 consentaneum
2783 4441 3031 4503 spectare
3069 4433 3344 4486 debemus,
3368 4427 3552 4496 cujus-

1974 4546 2080 4600 que
2129 4529 2206 4584 rei
2253 4543 2418 4583 causa
2465 4527 2538 4583 sit
2578 4527 2794 4580 inventa
2841 4523 3154 4579 meminisse
3181 4523 3422 4592 (inventa
3468 4531 3554 4573 est

1976 4632 2156 4677 autem
2206 4636 2298 4675 ars
2326 4620 2537 4675 dicendi
2572 4633 2602 4673 a
2635 4618 2846 4690 iustis).
2876 4617 3240 4684 Quamobrem
3272 4616 3338 4670 de
3369 4618 3552 4669 rheto-

1975 4715 2089 4769 rica
2120 4712 2237 4768 haec
2263 4713 2334 4768 sit
2362 4711 2556 4766 oratio.

293 4811 450 4866 ναῦν.
485 4811 641 4865 Οὕτω
670 4810 849 4865 τοίνυν
878 4813 971 4865 καὶ
997 4811 1125 4864 ὅταν
1163 4812 1210 4864 οἱ
1243 4813 1469 4883 ῥήτορες
1497 4812 1747 4882 ἀλλήλοις
1773 4810 2014 4876 ἐναντία,
2075 4810 2152 4875 ὡς
2183 4811 2252 4865 ἄν
2317 4826 2405 4872 τις
2473 4807 2636 4879 φαίη,
2690 4806 2944 4876 λέγωσιν,
2983 4807 3046 4861 οὐ
3095 4805 3366 4860 κωλύεται
3399 4807 3457 4860 τὸ
3495 4813 3554 4877 ἐξ

295 4903 472 4974 ἀρχῆς
511 4904 806 4972 κεφάλαιον
845 4904 945 4972 τῆς
979 4902 1290 4974 ῥητορικῆς,
1319 4902 1452 4956 ἀλλὰ
1479 4903 1540 4956 τὸ
1570 4903 1866 4974 συμϐαῖνον
1903 4901 1981 4972 τῷ
2009 4900 2154 4973 λόγῳ
2181 4901 2287 4972 χρὴ
2321 4901 2571 4975 σκοπεῖν,
2639 4901 3020 4971 μεμνημένους
3063 4892 3138 4953 ὧν
3182 4899 3346 4953 ἕνεκα
3406 4903 3562 4972 εὑρέ.

297 4997 386 5068 θη.
421 4995 655 5069 [Εύρέθη
683 4996 740 5050 δὲ
765 4995 825 5049 τὸ
849 4993 1030 5062 λέγειν
1058 4993 1198 5065 ὑπὲρ
1225 4993 1334 5049 τῶν
1358 4993 1634 5068 δικαιων.]
1669 4998 1727 5049 '0
1765 4995 1865 5067 μέν
1902 4989 1996 5048 οὖν
2016 4994 2062 5026 ⁸⁸
2087 4993 2227 5065 ὑπὲρ
2265 4991 2565 5064 ῥητορικῆς
2590 4989 2748 5060 λόγος
2779 4984 2951 5055 οὗτος.

1563 5131 1799 5187 VARUS
1842 5129 2254 5186 LECTIONES.

369 5231 414 5263 ³ο
443 5227 573 5300 γὰρ]
595 5299 598 5300 ν
624 5229 668 5280 δ’
705 5229 792 5300 Α.Δ
830 5224 884 5300 _’_‘
930 5226 1036 5300 μὲν
1062 5225 1185 5300 add.
1235 5224 1302 5300 Α.

1398 5225 1444 5307 ξ’
1487 5227 1535 5278 ol
1567 5225 1611 5279 δ’
1643 5223 1710 5307 αὖ
1743 5227 1892 5307 τύρ..
1909 5224 2203 5307 gnaram].
2248 5223 2426 5278 καίτοι
2468 5220 2729 5307 ,τοσοῦτον
2763 5219 3061 5307 ἀπέχουσιν
3092 5221 3153 5307 ὀἱ
3198 5223 3451 5307 τύραννοι

297 5303 343 5334 ³³
376 5280 610 5354 ὥσθῖΗΜ
640 5280 980 5368 παρελήλυθε
1008 5312 1121 5368 om.
1155 5297 1216 5350 Α.
1293 5293 1338 5327 ⁸⁵
1355 5293 1464 5368 γὰρ
1484 5311 1598 5368 om.
1633 5299 1697 5368 Α.
1765 5280 2520 5368 ’ξόὑδκ-ι-δουλεύειν-οιιιηΛ.
2566 5367 2572 5368 γ
2673 5293 2772 5368 μὲν
2799 5280 2909 5345 οηῆ
2941 5295 3006 5345 Α.
3059 5280 3370 5368 -ῘξαύτῇςΙ
3391 5295 3563 5368 αὐτὴν

295 5371 406 5426 οὐδ’
431 5370 569 5438 ὁμοῦ
597 5368 660 5423 Δ.
724 5359 779 5400 ’³’
811 5359 1024 5430 πάντως
1043 5366 1143 5439 ἤδη
1163 5381 1281 5439 om.
1309 5359 1379 5418 A.
1405 5359 1499 5439 _'_‘°
1531 5367 1803 5439 τοσοῦτον]
1827 5385 1876 5430 p.
1917 5368 2045 5439 127.
2109 5368 2153 5399 “
2187 5364 2317 5439 γὰρ]
2348 5365 2392 5418 δ’
2518 5433 2530 5439 _
2561 5365 2606 5395 δ’
2631 5359 2928 5439 φανήσεται
2952 5371 3026 5430 (p.
3053 5359 3176 5439 19.8)
3236 5359 3536 5439 ᾖξ’σῷςεταὶ

264 5435 548 5507 ἣφαίνεται
579 5439 622 5492 δ’
639 5439 772 5507 ὅπου
808 5435 1076 5507 ῥητορικῆ
1111 5435 1342 5507 σώζεται
1365 5435 1615 5505 οὐδαμῶς
1645 5439 1710 5490 Α.

341 5462 548 5494 att/erat
579 5462 607 5492 0
639 5462 772 5491 οπου
808 5462 1068 5507 ρητορικη
1111 5462 1244 5499 σωεε

295 5462 362 5566 ἓν
393 5506 558 5588 tua:
590 5511 657 5588 με
810 5506 977 5588 ames
1179 5508 1244 5588 Α.

1785 5441 1832 5469 ⁸⁸
1862 5438 2214 5508 ἐγγενόμενος
2248 5437 2313 5490 Α.

1326 5504 1370 5537 ⁴⁹
1396 5507 1455 5558 τό
1484 5504 1570 5577 τε.
1645 5507 1690 5539 ⁵ο
1719 5504 2016 5577 πράγματα
2044 5504 2150 5563 om.
2194 5509 2256 5560 A.
2335 5507 2376 5539 ⁵¹

2391 5374 2392 5377 “
2419 5374 2486 5419 Α.
2561 5374 2606 5395 ⁵¹
2631 5374 2928 5431 φανήσεται
2952 5374 3026 5430 (p.
3053 5374 3176 5430 123)
3236 5374 3282 5393 "
3308 5374 3536 5428 σώζεται

2391 5437 2434 5467 ⁸⁸
2468 5433 2678 5504 μέχρις.
2737 5431 3073 5504 “fuitquam.
3237 5433 3281 5463 ⁸⁷
3309 5430 3375 5504 αὖ
3409 5374 3564 5504 ἔνθα]

2411 5505 2443 5576 ἢ
2469 5499 2686 5576 butt}.
2710 5571 2732 5576 _
2761 5502 2805 5534 ⁸³
2839 5499 3060 5576 πῶςλρ.
3096 5500 3227 5576 1219.Δ
3288 5499 3560 5576 Ιξ’,ούκεῖτιῖ

297 5585 346 5616 ⁸⁸
384 5571 836 5652 μηδέμὶιάιιὶιιίᾹ-εκ
883 5571 1141 5652 Aristide.
1217 5577 1263 5608 ⁵⁸
1307 5577 1402 5629 καὶ
1433 5575 1576 5652 τοῦτ’
1604 5593 1722 5652 om.
1762 5571 1822 5632 Ᾱ.
1846 5571 1943 5652 1³⁸
1967 5577 2025 5652 δν
2081 5578 2265 5652 σχεδον
2306 5571 2522 5652 οιῃίΑ..
2565 5573 2646 5652 _"_
2678 5571 3560 5652 εἴρηκενλέἴρηκεηὸπλάτωνᾼ.

300 5654 347 5686 ⁸⁸
374 5647 456 5705 ὅτι
483 5648 658 5718 οἶμαι.
735 5648 778 5681 δ’
811 5647 1085 5718 πεποίηκα
1135 5663 1242 5718 om.
1288 5652 1351 5718 ΑΣ

304 5724 348 5754 ’⁵³
376 5711 623 5792 ἀλλήλοις
656 5717 872 5772 ἐναντία
909 5719 968 5769 Α.
1001 5711 1011 5716 ⁷
1050 5717 1094 5748 ⁸⁵
1124 5719 1150 5767 ὁ
1182 5717 1278 5784 μὲν
1305 5711 1416 5771 οὖν.

672 5813 939 5872 Ριιτιιοι..
975 5809 1087 5868 Gs.
1140 5808 1296 5870 Cili.

1465 5647 1510 5679 ⁶⁰
1543 5647 1805 5712 ἐναντίοις
1834 5649 1898 5701 Α.
1971 5649 2012 5680 ⁸³
2047 5637 2177 5701 αὐτὸ
2223 5645 2422 5718 ἐαυτῷ]
2451 5643 2600 5716 αὐτῷ
2632 5637 2899 5714 ἐπ”αύτῷ
2925 5643 2989 5699 Α.
3010 5637 3022 5642 ’
3065 5637 3108 5672 δ’
3137 5641 3307 5708 οὕτως
3335 5646 3458 5701 add.
3495 5649 3559 5698 Α.

3093 5806 3172 5871 lt-8
