4012 6236
467 228 606 294 1515

464 409 737 467 rhetorica
762 421 816 464 et
842 409 1196 482 rbetoribus.]

464 504 551 559 Ea:
600 503 851 575 Aristidis
879 513 1062 557 contra
1092 502 1367 557 Platonem
1401 520 1494 573 pro
1525 503 1783 575 rhetorica
1827 503 1959 575 (8-1).
1987 534 2057 544 -

803 574 1121 628 Prooemium
1151 577 1394 628 secunda:
1413 574 1686 628 orationis.

533 665 800 731 Quoniam
845 678 975 719 vero
1029 661 1322 717 Miltiadem
1375 677 1590 732 quoque
1649 676 1714 717 ac
1744 661 2055 717 Themisto-

468 756 629 821 clem,
669 767 724 812 et
750 756 1031 812 Cimonem
1068 763 1230 824 atque
1267 753 1534 810 Periclem
1560 755 1758 824 attigit,
1791 769 1891 809 nec
1961 767 2055 810 eos

461 851 705 904 omnium
737 850 940 917 optime
959 849 1344 917 rempublicam
1396 849 1472 902 ait
1501 848 1933 913 administrasse,
1969 849 2053 900 ul—

461 940 537 994 hil
596 937 830 994 fortasse
862 953 1004 991 nunc
1040 939 1106 992 de
1131 938 1198 992 iis
1229 952 1364 1008 opus
1393 936 1849 992 estcontendere.
1912 934 2050 989 Nam

458 1031 516 1085 hi
541 1029 782 1098 quidem,
815 1030 858 1083 i
882 1044 1009 1083 vere
1040 1043 1134 1083 eos
1184 1029 1462 1084 accusavit
1494 1027 1670 1095 Plato,
1705 1030 1899 1084 merito
1923 1027 2050 1082 mali

459 1130 804 1185 censeantur,
872 1135 974 1174 nec
1013 1131 1188 1176 tamen
1223 1121 1523 1186 rhetorica,
1557 1120 1765 1175 etiamsi
1827 1119 2048 1190 pessimi

464 1214 687 1276 fuerint,
726 1214 778 1268 in
811 1228 1081 1282 quoquam
1133 1213 1419 1268 refutatur.
1460 1211 1644 1282 Itaque
1667 1212 1917 1281 quamvis
1947 1211 2051 1266 hoc

460 1305 844 1372 concedamus,
903 1305 1035 1359 nihil
1093 1314 1270 1359 tamen
1326 1303 1541 1374 injuria:
1591 1304 1683 1358 ﬁet
1737 1304 2044 1358 rhetoricae.

464 1395 850 1451 Verumtamen
906 1396 951 1451 si
1003 1397 1070 1450 de
1108 1395 1192 1450 his
1245 1409 1457 1465 quoque
1492 1410 1596 1448 non
1637 1394 1770 1449 satis
1819 1393 2047 1448 candide

470 1489 684 1543 locutus
729 1487 895 1544 fuisse
949 1488 1327 1553 convincatur,
1388 1485 1612 1542 omnino
1676 1487 2048 1542 contentiosus

463 1597 586 1637 esse
606 1581 1426 1651 deprehendetur.Quamobrem
1451 1581 1516 1634 de
1535 1581 1618 1634 his
1638 1594 1854 1649 quoque
1867 1579 2048 1635 dicere

451 1675 527 1730 sit
545 1689 724 1744 operae
745 1673 996 1742 pretium.

518 1851 840 1922 Exemplum
895 1853 993 1921 ipsi
1034 1851 1156 1908 aliis
1221 1853 1498 1920 patientia:
1565 1851 1618 1904 in
1663 1848 1917 1919 periculis
1985 1858 2040 1903 et

457 1946 873 1999 necessitatibus
937 1943 1260 1998 exhibendae
1325 1951 1539 1998 nosmet
1583 1940 1897 2008 praebendo,
1943 1954 2040 1994 no-

452 2048 753 2105 suamque,
783 2035 829 2091 si
860 2035 1042 2091 dicere
1060 2035 1351 2104 permittis,
1379 2035 1630 2088 virtutem
1654 2033 2038 2088 demonstran-

453 2130 522 2185 do
549 2127 769 2182 fuitnus.
796 2127 911 2182 Cur
934 2142 1068 2196 ergo
1093 2127 1250 2182 nobis
1283 2125 1643 2180 adulationem
1680 2134 1735 2180 et
1789 2124 2039 2177 ministe-

453 2221 591 2274 rium
623 2218 852 2288 objicisl
878 2218 987 2274 Cur
1017 2234 1138 2273 cum
1169 2233 1285 2283 eos,
1327 2218 1416 2286 qui
1452 2217 1705 2288 privatim
1735 2217 2040 2271 nutricatus

451 2308 672 2375 praemia
723 2322 834 2360 non
887 2307 1182 2371 solverent,
1219 2307 1492 2375 improbos
1549 2307 1626 2360 sis
1655 2306 2036 2375 iudicaturus,

452 2402 568 2470 ipse
600 2415 704 2454 non
731 2415 981 2468 magnam
1008 2399 1162 2454 nobis
1181 2398 1487 2454 communis
1512 2398 1824 2454 Graecorum
1851 2398 2040 2455 salutis

451 2508 517 2548 ac
548 2492 866 2548 nutrimenti
901 2531 915 2557 ,
939 2492 1080 2561 quod
1108 2505 1272 2561 opera
1302 2499 1484 2546 nostra
1517 2491 1710 2560 partim
1732 2499 1808 2556 tu,
1841 2493 2040 2559 partim

451 2585 540 2639 alii
570 2586 624 2640 iu
664 2585 914 2641 libertate
943 2585 1079 2641 estis
1120 2585 1416 2650 consecuti,
1458 2583 1690 2654 gratiam
1716 2583 1916 2655 41εὸ
1955 2600 2042 2640 re-

450 2677 687 2746 pendis?
711 2677 837 2732 Haec
889 2676 935 2732 si
967 2677 1215 2732 dicerent
1242 2675 1320 2730 illi
1350 2690 1616 2744 quosnam
1667 2677 1918 2732 evolvens
1951 2691 2040 2733 sa-

451 2769 670 2838 pientia:
700 2769 1063 2841 labyrinthos,
1107 2778 1200 2824 aut
1247 2767 1376 2838 quid
1431 2768 1653 2824 omnino
1705 2768 1914 2834 dicens,
1951 2784 2038 2824 re-

451 2861 719 2930 spondere
756 2862 990 2930 posset?
1028 2860 1282 2928 Quinimo
1314 2859 1474 2915 citius
1525 2859 1593 2914 ad
1647 2861 1762 2916 haec
1808 2860 1986 2930 quivis
2021 2899 2038 2925 ,

452 2968 614 3022 quam
641 2953 816 3018 Plato,
877 2953 1254 3022 responderet.
1286 2951 1424 3018 Quid
1459 2951 1576 3004 ita?
1604 2950 1870 3017 Quoniam
1896 2953 1948 3006 in
1975 2953 2041 3007 iis

1627 227 1889 289 ΡΗΟΤῘῘ
1928 226 2435 290 PATRIARCH/‘E
2457 231 2568 293 (ΖΡ.

543 335 753 414 [Prima
788 355 901 414 nate
922 339 1096 414 oratio
1121 338 1291 414 solum
1327 339 1392 394 de
1422 337 1720 403 rhetorica,
1760 349 1956 393 caetera
1991 339 2058 394 de
2083 342 2138 401 Α

3605 234 3749 299 1516

2231 337 2339 416 ['0_
2363 341 2467 416 μὲν
2492 341 2540 394 α’
2562 340 2726 416 λόγος
2766 342 2906 416 ύπέρ
2938 343 3239 416 ῥητορικῆς
3272 344 3430 411 μόνον
3456 340 3562 416 ἦν’
3589 342 3753 412 οὗτος

2159 408 2517 482 δῖκαίύπέρ
2546 408 2844 483 ῥητορικῆς
2870 408 2965 467 καὶ
2995 408 3135 482 ύπέρ
3166 408 3416 485 ρἠὅρων
3447 408 3542 488 ⁶⁶.]

2170 501 2273 555 Ἐκ
2300 501 2421 581 ζῶν
2453 504 2819 581 ἈριοςτνὲδουΔ
2837 505 2985 573 πρὸς
3015 507 3307 581 "dcitqu
3334 507 3487 573 ὑπὲρ
3498 510 3750 581 ῥητορι-

2263 575 2400 640 πῆς.
2430 602 2503 612 -
2539 575 2612 628 Τὸ
2637 575 2958 644 Προοίμιον
2984 576 3090 630 τοῦ
3119 576 3404 646 δευτέρου
3428 575 3636 646 λόγου.

2227 662 2384 714 Ἐπεὶ
2425 661 2482 716 δὲ
2531 664 2624 717 καὶ
2674 663 2967 718 Μιλτιάδου
3011 666 3104 718 καὶ
3149 665 3580 736 Θεμιστοκλέους
3611 669 3747 722 καθ-

2155 748 2331 821 ήψατο
2361 751 2456 805 καὶ
2490 751 2746 822 Κίμωνος
2776 753 2870 806 καὶ
2900 753 3250 823 Περικλέους,
3276 755 3336 807 οὐ
3366 755 3504 825 πρὸς
3530 755 3592 808 τὸ
3621 755 3747 824 βέλ-

2153 857 2336 895 τιστον
2367 841 2590 914 φάσκων
2621 845 2924 914 προστῆναι
2955 847 3052 914 τῆς
3082 845 3310 910 πόλεως,
3339 846 3454 900 ἔστι
3505 847 3618 916 μὲν
3650 844 3747 901 οὖν

2157 930 2286 995 ἴσως
2319 932 2475 987 οὐδὲν
2497 937 2822 1003 κατεπεῖγον
2849 937 2978 1007 περὶ
3004 935 3209 990 τούτων
3240 936 3336 991 νῦν
3360 937 3743 1008 διαφέρεσθαι.

2154 1018 2315 1078 Οὗτοι
2341 1024 2440 1094 μὲν
2465 1027 2596 1096 γὰρ,
2623 1029 2673 1080 εί
2696 1027 2879 1080 δίκαια
2906 1029 3132 1084 Πλάτων
3157 1029 3338 1083 αὐτῶν
3363 1028 3742 1100 κατηγόρηκε,

2151 1113 2377 1178 δικαίως
2406 1117 2474 1170 ἂν
2504 1117 2696 1186 φαῦλοι
2722 1119 3029 1188 νομίζοιντο
3046 1121 3092 1152 ⁸⁸
3115 1135 3128 1150 ·
3166 1120 3432 1192 ῥητορικὴ
3457 1121 3538 1183 δὲ,
3571 1122 3618 1173 εξ
3647 1122 3745 1174 καὶ

2151 1207 2370 1262 πάντων
2389 1209 2432 1241 ⁸⁷
2493 1208 2931 1281 μοχθηροτάτους
2986 1210 3208 1276 τούτους
3269 1213 3531 1284 θείημεν,
3589 1214 3744 1266 οὐδὲν

2153 1299 2356 1370 μᾶλλον
2409 1299 2711 1370 ἐλέγχεται.
2745 1301 3180 1373 Συγχωρούντων
3235 1302 3336 1372 μὲν
3387 1301 3482 1354 οὖν
3540 1302 3738 1370 ἠμῶνο

2151 1390 2315 1464 [1260
2346 1391 2439 1465 IL]
2469 1394 2498 1447 ὃ
2529 1410 2594 1463 γε
2625 1393 2766 1464 ὑπὲρ
2798 1395 3094 1465 ῥητορικῆς
3138 1395 3238 1447 οὒκ
3279 1394 3528 1448 ἀπόλωλε
3557 1396 3739 1464 λόγος.

2149 1480 2213 1534 El
2240 1480 2298 1535 δέ
2335 1481 2400 1554 δὴ
2446 1482 2541 1536 καὶ
2591 1482 2722 1554 περὶ
2754 1481 2958 1536 τούτων
2988 1483 3267 1553 ἐλέγχοιτο
3293 1485 3356 1538 ού
3389 1486 3740 1539 παντάπασιν

2148 1570 2507 1642 εὐγνωμόνως
2552 1571 2629 1643 τῷ
2667 1571 2812 1642 λόγῳ
2845 1573 3206 1643 κεχρημένος,
3240 1577 3489 1646 πανταχῆ
3519 1575 3740 1646 δειχθή-

2150 1679 2304 1718 σεται
2350 1664 2691 1732 φιλονεικῶν.
2723 1665 2885 1719 Τοῦτ’
2914 1666 3031 1719 ἔστι
3076 1664 3353 1736 προῦργου
3384 1667 3446 1719 τὸ
3481 1669 3573 1720 καὶ
3603 1670 3740 1740 περὶ

2140 1756 2349 1810 τούτων
2387 1757 2584 1813 εἰπεῖν.

2216 1847 2381 1900 Αὐτοὶ
2401 1848 2446 1880 (⁸
2485 1848 2834 1919 παράδειγμα
2861 1848 2975 1913 τοῖς
3001 1847 3181 1912 ἄλλοις
3203 1848 3477 1920 γινόμενοι
3497 1849 3592 1903 τοῦ
3617 1850 3737 1914 πῶς

2139 1937 2222 1991 δεῖ
2256 1942 2568 2011 καρτερεῖν,
2591 1944 2649 1994 ἐν
2675 1942 2860 2004 αὐτοῖς
2878 1943 2990 2006 τοῖς
3017 1940 3212 2005 δεινοῖς
3249 1943 3345 1995 καὶ
3378 1943 3496 2005 ταῖς
3522 1941 3735 2012 ἀκμαῖς

2139 2031 2250 2085 τῶν
2283 2032 2548 2088 κινδύνων
2576 2032 2676 2106 τὴν
2709 2034 2989 2107 ἡμετέραν
3021 2034 3223 2100 αὐτῶν,
3248 2035 3297 2088 εί
3326 2037 3630 2106 συγχωρεῖς
3655 2036 3737 2087 εί-

2139 2125 2285 2190 πεῖν,
2320 2124 2522 2197 ἀρετὴν
2574 2125 3035 2196 ἐπιδεικνύμενοι.
3077 2126 3142 2179 Τί
3192 2123 3284 2179 οὖν
3335 2127 3467 2197 ἡμῖν
3521 2127 3733 2199 προφέ-

2145 2231 2258 2285 ρεις
2273 2215 2318 2248 ⁸⁸
2339 2214 2633 2270 κολακείαν
2654 2217 2748 2270 καὶ
2769 2216 3066 2282 διακονίαν,
3092 2215 3186 2269 καὶ
3215 2217 3340 2277 τοὺς
3370 2214 3478 2286 ἰδίᾳ
3506 2216 3735 2285 τροφεῖα

2144 2305 2220 2378 μὴ
2248 2305 2558 2372 ἐκτίνοντας
2579 2308 2816 2378 φαύλους
2839 2308 2906 2362 ἂν
2931 2304 3071 2361 εῖναι
3098 2309 3392 2378 συμφήσας
3417 2307 3581 2370 αὐτὸς
3601 2309 3734 2375 ἡμῖν

2140 2397 2200 2450 ού
2247 2399 2422 2470 καλὴν
2461 2399 2620 2470 χάριν
2654 2401 2884 2463 ἐκτίνεις
2933 2402 3033 2468 τῆς
3083 2399 3268 2468 κοινῆς
3313 2398 3423 2451 τῶν
3459 2397 3734 2468 Ἐλλήνων

2143 2491 2416 2562 σωτηρίας
2440 2493 2534 2545 καὶ
2558 2493 2789 2563 τροφῆς,
2819 2492 2885 2564 ἢν
2918 2493 2981 2544 σύ
3016 2510 3075 2545 τε
3111 2493 3206 2545 καὶ
3234 2493 3281 2545 οί
3309 2491 3460 2545 ἄλλοι
3490 2491 3559 2545 δι’
3584 2493 3735 2562 ἡμᾶς

2142 2583 2200 2636 ἐν
2230 2583 2512 2655 ἐλευθερίᾳ
2541 2585 2836 2656 τέτραφθε.
2873 2585 2936 2638 Εἰ
2985 2585 3159 2638 ταῦτα
3197 2583 3404 2652 λέγοιεν
3432 2585 3481 2637 οἱ
3515 2583 3732 2655 ἄιδρες,

2141 2675 2328 2738 ποίους
2361 2673 2716 2746 λαϐυρίνθους
2747 2675 2936 2745 σοφίας
2967 2675 3258 2729 ἀνελίττων
3283 2675 3315 2745 ἢ
3341 2675 3394 2728 τί
3420 2674 3598 2743 λέγων
3619 2676 3734 2728 τῶν

2143 2765 2361 2818 πάντων
2407 2759 2517 2829 οἷός
2562 2783 2619 2819 τε
2666 2767 2863 2835 γένοιτ’
2890 2767 2957 2820 ἂν
3011 2768 3323 2832 ἀντειπεῖν;
3365 2769 3505 2820 Πᾶσι
3552 2769 3734 2821 τοίνυν

2142 2857 2428 2927 προτέροις
2478 2859 2594 2911 ἐστὶ
2642 2857 2798 2927 λόγος
2828 2859 2967 2930 πρὸς
3001 2858 3238 2913 ταῦτα⁷⁰
3269 2860 3303 2930 ἢ
3334 2859 3601 2914 Πλάτωνι.
3634 2859 3735 2912 Διὰ

2141 2948 2229 3015 τί;
2258 2948 2402 3002 ὅτιΗ
2435 2950 2494 3002 ἐν
2520 2950 2704 3014 αὐτοῖς
2737 2950 2948 3015 τούτοις
2991 2950 3026 3005 ἃ
3061 2951 3196 3024 πρὸς
3226 2952 3352 3016 τοὺς
3399 2951 3600 3015 Δίωνος
3643 2952 3736 3018 γέ-

451 3045 606 3114 ipsis,
640 3059 762 3114 quae
795 3045 861 3097 ad
897 3045 1084 3099 Dionis
1113 3043 1314 3098 amicos
1337 3045 1579 3113 scripsit,
1650 3055 1705 3098 et
1735 3045 1786 3098 in
1843 3045 2040 3114 quibus

2151 3057 2357 3111 γραφεν
2384 3040 2656 3112 ἑταίρους,
2688 3042 2782 3094 καὶ
2810 3044 2866 3094 ἐν
2897 3037 2979 3106 οἷς
3009 3044 3036 3095 ὁ
3062 3043 3200 3097 Δίων
3235 3043 3386 3116 αὑτῷ
3414 3043 3735 3113 τετελευτη-

449 3148 698 3192 mortuus
729 3139 795 3190 ab
829 3139 944 3206 ipso
970 3138 1069 3191 Dio
1117 3137 1362 3206 loquens,
1406 3145 1663 3206 tanquam
1687 3136 1839 3205 vivus
1864 3139 2036 3192 intro-

453 3231 688 3294 ducitur,
723 3230 838 3284 hmc
866 3232 1230 3286 continentur.

526 3323 619 3378 Est
648 3333 831 3386 autem
889 3326 1128 3378 omnium
1188 3324 1664 3388 absurdissimum,
1711 3325 1855 3394 quod
1911 3338 2034 3379 cum

454 3415 541 3469 his
569 3424 773 3477 utatur,
807 3415 1026 3483 quando
1051 3415 1376 3470 rhetoricam
1429 3416 1585 3470 docet
1613 3430 1734 3470 esse
1765 3414 2034 3468 adulatio-

449 3523 594 3567 nem,
642 3507 795 3575 quasi
848 3507 900 3559 hi
935 3504 1140 3560 fuerint
1166 3517 1441 3572 oratores,
1495 3521 1714 3562 rursum
1769 3521 1864 3561 eos
1921 3507 2036 3573 ipse

452 3598 773 3653 adulatione
833 3597 1053 3665 liberat,
1107 3601 1547 3670 quandoquidem
1608 3601 1710 3654 bac
1763 3613 1859 3654 eos
1909 3613 2034 3653 usos

448 3705 557 3744 non
597 3689 692 3757 ait,
751 3706 874 3744 cum
916 3691 982 3745 de
1033 3691 1437 3746 calamitatibus
1486 3691 1729 3760 ipsorum
1773 3689 2032 3760 loquitur.

449 3782 789 3850 Quapropter
809 3790 862 3835 et
895 3781 983 3836 hic
1017 3782 1072 3835 in
1109 3781 1368 3835 alterutro
1397 3781 1640 3836 cernitur
1669 3779 2030 3833 mendacium.

446 3873 582 3927 Nam
625 3875 670 3928 si
701 3873 940 3928 adulatio
973 3883 1058 3929 est
1089 3874 1381 3938 rhetorica,
1452 3872 1764 3927 adulatores
1803 3871 2030 3925 omnino

448 3962 504 4016 hi
533 3962 770 4025 fuerunt,
807 3962 1064 4031 quoniam
1093 3971 1357 4025 oratores,
1396 3971 1455 4014 ut
1506 3961 1624 4025 ait;
1681 3959 1764 4013 sin
1812 3959 1866 4014 hi
1899 3959 2031 4012 nihil

449 4053 652 4107 habent
675 4052 1026 4116 adulationis,
1075 4055 1348 4121 quomodo
1389 4063 1612 4123 propter
1659 4066 1755 4108 eos
1791 4051 2031 4108 adulatio

447 4146 660 4200 dicetur
695 4145 989 4211 rhetorica,
1029 4155 1121 4198 aut
1171 4145 1296 4213 quid
1326 4147 1410 4202 his
1437 4155 1552 4200 erat
1578 4161 1715 4216 opus
1739 4147 2023 4216 exemplis.

445 4235 565 4291 Jam
605 4251 705 4292 nec
742 4251 846 4291 non
895 4253 1108 4308 atquum
1137 4238 1369 4302 videtur,
1402 4238 1618 4294 omissis
1649 4239 1863 4294 illorum
1895 4256 2027 4294 con-

446 4329 604 4394 siliis,
639 4328 978 4384 calamitates
1027 4327 1080 4381 in
1134 4344 1269 4398 quas
1325 4329 1653 4392 inciderunt,
1707 4341 2024 4399 praetexere.

2139 3132 2250 3197 κὼς
2284 3133 2567 3187 ὑπόκειται
2593 3133 2767 3202 λέγων
2797 3134 2870 3197 ὠς
2897 3135 3136 3206 ἔμπνους
3155 3176 3171 3200 ,
3201 3135 3377 3189 ἔνεστι
3406 3138 3584 3189 ταυτί.

2209 3226 2282 3278 Τὸ
2299 3225 2355 3278 δὲ
2369 3227 2412 3258 ⁷⁸
2443 3226 2658 3278 πάντων
2677 3227 3044 3290 ἀτοπώτατον,
3061 3228 3143 3280 ὅτι
3174 3229 3372 3299 χρῆται
3395 3227 3494 3298 μὲν
3513 3227 3727 3291 τούτοις

2138 3319 2198 3371 ἐν
2223 3317 2429 3388 ἐλέγχῳ
2459 3319 2551 3371 τοῦ
2583 3319 2873 3373 κολακείαν
2905 3315 3041 3372 εἶναι
3069 3319 3169 3390 τὴν
3200 3320 3494 3392 ῥητορικὴν
3518 3360 3534 3386 ,
3567 3321 3642 3382 ὡς
3671 3321 3736 3389 δὴ

2139 3408 2365 3471 τούτους
2395 3408 2555 3472 ὄντας
2581 3411 2843 3481 ῥήτορας,
2875 3410 3038 3464 πάλιν
3066 3411 3111 3463 δ’
3143 3411 3305 3475 αὐτὸς
3332 3413 3533 3475 αὐτοὺς
3568 3413 3734 3483 ἀφίη-

2139 3517 2222 3554 σιν
2273 3501 2377 3571 τῆς
2425 3500 2974 3567 κολακείας,οὖκουν
3009 3501 3143 3572 φησί
3196 3520 3261 3572 γε
3311 3504 3510 3569 αὐτοὺς
3559 3505 3734 3576 ταύτῃ

2136 3591 2396 3663 χρῆσθαι,
2421 3592 2478 3645 ἐν
2505 3591 2628 3665 [681
2652 3593 2744 3668 Η.]
2772 3587 2851 3657 οἷς
2877 3595 3006 3666 περὶ
3031 3588 3105 3649 ὧν
3125 3594 3325 3650 ἔπαθον
3344 3597 3490 3665 λέγει
3509 3597 3580 3651 ⁷³.
3614 3599 3734 3652 Κάν

2135 3682 2346 3746 τούτοις
2379 3679 2472 3736 οὖν
2513 3685 2729 3754 ἀνάγκη
2779 3685 2984 3756 θάτερα
3014 3686 3297 3755 ἐψεῦσθαι.
3335 3687 3396 3739 Εἰ
3435 3686 3534 3756 μὲν
3557 3687 3669 3752 γάρ
3695 3689 3729 3756 ἡ

2137 3777 2402 3849 ῥητορικὴ
2429 3777 2708 3842 κολακεία,
2729 3777 2947 3839 πάντως
2965 3778 3046 3832 δεῖ
3067 3779 3305 3842 κόλακας
3323 3777 3416 3832 τού
3427 3796 3545 3842 τους
3567 3774 3732 3844 εἶναι,

2137 3870 2373 3940 ῥήτοράς
2395 3887 2457 3937 γε
2478 3870 2656 3935 ὄντας,
2671 3869 2746 3934 ὥς
2765 3889 2930 3941 φησιν
2952 3889 2966 3904 ·
2989 3872 3036 3924 εί
3059 3871 3116 3925 δὲ
3135 3871 3284 3925 οὐδὲν
3300 3866 3444 3925 οὗτοι
3468 3871 3736 3944 κολακεία.

2135 3959 2558 4030 προσήκουσιτδ,
2582 3959 2685 4014 ποῦ
2713 3962 2976 4034 ῥητορικὴ
3009 3962 3270 4034 κολακείᾳ
3299 3963 3620 4033 προσήκειη
3644 3963 3732 4016 διὰ

2133 4053 2426 4123 τούτους,ῆ
2451 4053 2503 4106 τί
2526 4053 2732 4107 τούτων
2751 4054 2857 4107 ἔδει
2885 4054 2994 4107 τῶν
3021 4055 3520 4126 παραδειγμάτων;
3549 4058 3732 4127 ᾬμην

2132 4144 2189 4197 δὲ
2217 4144 2337 4197 οὐδὲ
2367 4143 2524 4198 τοῦτο
2557 4146 2664 4199 τῶν
2693 4145 2920 4200 δικαίων
2951 4145 3107 4209 εἶναι,
3131 4148 3230 4209 τὰς
3253 4147 3605 4219 προαιρέσεις
3627 4152 3730 4211 τάς

2131 4234 2358 4288 ἐκείνων
2407 4236 2758 4302 ἐξετάζοντας
2785 4225 2832 4270 ⁷⁸
2860 4238 2958 4302 τὰς
2992 4239 3274 4309 συμφορὰς
3304 4234 3392 4302 αἷς
3421 4241 3731 4310 ἐχρήσαντο

2133 4327 2575 4396 ὑπολογίζεσθαι.
2609 4329 2684 4382 Οὐ
2727 4329 2835 4398 γὰρ
2869 4331 2918 4382 εί
2955 4330 3030 4401 μὴ
3061 4330 3201 4384 κατὰ
3233 4331 3356 4384 νοῦν
3385 4331 3724 4400 ἀπήλλαξαν,

445 4421 557 4476 Nec
595 4422 766 4488 enim,
809 4423 853 4476 si
895 4437 982 4476 res
1012 4421 1144 4489 ipsis
1197 4435 1228 4476 θ
1257 4422 1554 4492 sententia}
1580 4438 1684 4477 non
1731 4424 2018 4487 successit,

2151 4419 2327 4488 ραῦλοι
2359 4422 2664 4490 γεγόνασιν,
2697 4423 2812 4476 ἀλλ’
2835 4425 2883 4477 εί
2921 4398 2994 4495 μὴ
3018 4398 3092 4477 τὰ
3124 4423 3377 4494 βέλτιστα
3409 4398 3725 4478 ἐϐουλεύον-

447 4515 677 4585 improbi
715 4517 1062 4582 exstiterunt,
1109 4530 1296 4568 verum
1353 4515 1397 4568 si
1446 4530 1551 4569 non
1616 4515 1839 4584 optimis
1899 4523 2026 4568 sunt

449 4607 532 4661 usi
568 4607 830 4662 consiliis.
873 4606 944 4662 Ut
982 4609 1124 4661 enim
1151 4606 1278 4660 illud
1323 4616 1408 4661 est
1445 4606 1715 4661 fortunam
1735 4620 2022 4669 accusare,

448 4699 523 4753 ita
558 4699 660 4754 hoc
684 4699 1008 4754 sententiam
1043 4699 1303 4753 refutare.

517 4785 798 4853 Quomodo
824 4802 948 4841 vero
977 4788 1100 4840 ferri
1179 4787 1280 4840 hoc
1328 4794 1512 4855 queat,
1543 4801 1664 4840 cum
1696 4785 2026 4841 Alcibiadem

446 4879 664 4948 quidem
707 4885 756 4932 et
807 4876 1034 4932 Critiam
1068 4877 1182 4948 (85)
1233 4876 1480 4930 Socratis
1525 4877 1762 4941 sodales,
1810 4880 1901 4947 qui
1953 4889 2032 4932 tot

2133 4527 2194 4563 το
2212 4511 2253 4544 ⁷⁷
2283 4515 2396 4581 τοῖς
2427 4515 2769 4585 πράγμασιν.
2788 4515 2992 4569 Ἐκεῖνο
3024 4517 3121 4585 μὲν
3148 4517 3255 4586 γάρ
3285 4521 3400 4570 ἐστι
3428 4518 3525 4588 τῆς
3558 4519 3728 4588 τύχης

2135 4608 2480 4676 κατηγορεῖν,
2505 4605 2663 4660 τοῦτο
2683 4607 2739 4660 δέ
2776 4608 2873 4679 τὴν
2905 4608 3131 4679 γνώμην
3159 4609 3421 4679 ἐλέγχειν.

2222 4787 2596 4860 Ἐνθυμοῦμαι
2618 4791 2663 4823 ⁷³
2695 4792 2750 4844 δέ
2780 4792 2953 4862 ἔγωγε
2979 4795 3093 4858 πῶς
3119 4796 3407 4865 ἀνέχεσθαι
3437 4797 3565 4868 χρὴ,
3600 4799 3730 4852 δαν
3765 4817 3772 4820 ν

2130 4880 2477 4955 ’Λλκιϐιάδην
2500 4887 2596 4955 μὲν
2613 4886 2706 4938 καὶ
2726 4888 2767 4938 Κ
2781 4889 2954 4957 ριτίαν
2974 4890 3249 4960 Σωκράτει
3272 4894 3732 4962 συγγενομένους,

446 4986 510 5025 ac
563 4971 727 5025 tantis
790 4970 1111 5024 criminibus
1155 4979 1210 5023 et
1268 4970 1409 5038 apud
1461 4969 1711 5037 populum
1763 4978 1819 5023 et
1896 4971 2035 5038 apud

2151 4974 2177 5026 ιῖ
2199 4976 2468 5038 τοσαύτας
2494 4979 2587 5030 καὶ
2603 4977 2933 5048 τηλικαύτας
2959 4981 3136 5046 αἰτίας
3153 4983 3418 5054 ἐσχήκασι
3443 4988 3536 5036 καὶ
3561 4985 3665 5037 ὑπὸ
3685 4985 3731 5016 ⁷³

1755 5085 1984 5142 VAIiIzE
2027 5088 2427 5147 LECTIONES.

516 5184 833 5269 ⁸λρῃτόρξυν
857 5200 966 5239 om.
1132 5184 1176 5269 “1
1201 5181 1528 5269 νομίζωνται
1558 5182 1624 5264 A:
1701 5184 1745 5215 ⁸⁷
1770 5183 2455 5269 πάντωνὶμοχθῃροτάτους
2479 5191 2518 5241 Α
2553 5207 2564 5241 :
2594 5193 2734 5242 πάνυ
2765 5191 2872 5244 τῶν
2893 5195 3309 5262 μοχθηροτάτων
3337 5213 3394 5258 ς.
3474 5197 3520 5228 ⁸⁸
3550 5198 3732 5269 αὐτοὶ]

443 5271 498 5327 p.
531 5253 654 5312 152.
727 5257 772 5327 δέ
793 5255 1124 5324 προσφέρεις
1147 5256 1212 5306 Α.
1263 5255 1334 5327 _'°
1364 5253 1692 5327 πρὸς-ταύτᾳ,
1709 5270 1819 5307 om.
1847 5257 1911 5308 A.

443 5324 656 5399 ἥκουσι.
727 5325 773 5357 ⁷⁸
803 5327 1073 5397 προσήκει
1108 5341 1213 5378 om.
1246 5324 1312 5378 A.

1991 5257 2032 5286 “
2067 5258 2173 5311 ὃτιῚ
2192 5258 2324 5310 διότι
2354 5263 2416 5311 Α.

1395 5260 1498 5322 τρὸς
1522 5260 1692 5306 ταῦτα
1709 5270 1819 5307 om.
1847 5260 1911 5308 A.
1991 5260 2032 5286 ‘“
2067 5260 2174 5324 ὅτι]
2192 5260 2324 5310 διότι
2354 5263 2416 5311 Α.
2496 5261 2540 5290 ⁷³
2574 5261 2634 5312 τὸ
2666 5262 2745 5333 δὲ]
2767 5278 2818 5328 p.
2853 5260 2992 5317 156.1
3052 5260 3096 5296 ⁷³
3122 5266 3302 5317 λέγειν
3337 5274 3401 5320 Α.
3479 5269 3526 5299 ⁷⁸
3560 5260 3729 5322 πιστέ

1395 5325 1442 5360 ⁷ο
1471 5322 1794 5388 ἐξετάζοντα
1823 5342 1884 5388 ς.
1955 5327 2000 5356 ⁷⁷
2039 5328 2432 5384 ἐϐουλεύσαντο
2481 5331 2546 5383 Α.
2627 5332 2671 5369 ⁷⁸
2712 5333 3075 5403 ἐνθυμοῦμαι]
3121 5350 3173 5404 p.
3210 5337 3334 5393 159.
3414 5338 3458 5368 "’
3479 5340 3574 5391 καὶ
3602 5324 3729 5394 (uno.

2496 5261 2540 5333 ﬁ"
2574 5261 2636 5333 τὸ
2666 5262 2745 5333 δὲ]
2767 5278 2818 5328 p.
2853 5261 2991 5317 156.7
3052 5261 3096 5296 ⁷³
3122 5266 3302 5317 λέγειν
3337 5274 3401 5320 Λ.
3479 5269 3526 5299 ⁷⁵
3560 5261 3736 5333 προῖξ

1933 5419 2166 5474 NOTAE.

516 5510 628 5580 (84)
657 5511 940 5582 "Excerpta
966 5524 1019 5582 ei
1040 5510 1280 5565 secunda
1311 5510 1559 5582 oratione
1590 5510 1871 5574 AriStidis,
1900 5509 2024 5563 Pla-

450 5582 629 5651 tonica
691 5598 786 5651 pro
821 5580 1113 5636 rhetorica.
1138 5581 1456 5651 Quanquam
1491 5580 1715 5637 Pbmius
1761 5585 1895 5635 duas
1937 5582 2022 5636 hic

449 5649 721 5706 orationes
772 5655 1090 5719 coiistituat,
1151 5667 1252 5704 una
1289 5649 1464 5706 tamen
1509 5661 1674 5721 atque
1707 5654 1897 5708 eadem
1941 5667 2025 5707 cst

2137 5514 2190 5567 in
2227 5515 2486 5569 Aristide.

2134 5585 2322 5707 ῃ,(85)
2377 5586 2578 5643 Critias
2615 5605 2756 5644 unus
2784 5601 2898 5646 erat
2933 5606 2963 5647 e
3007 5592 3224 5663 triginta
3270 5594 3519 5663 tyrannis
3558 5597 3734 5650 Athe-

2177 5671 2239 5707 is.

2177 5671 2239 5710 IS.
