4012 6236
424 155 559 220 1519
1571 143 1834 206 PHOTII
1869 143 2012 205 PAT

2120 145 2376 208 \RCH/E
2413 149 2521 212 (ΞΡ.
3545 145 3686 210 15⁵20

418 267 689 325 sermonis
715 263 935 335 reiecit,
987 275 1105 331 quae
1151 260 1192 314 si
1236 258 1505 326 posuisset
1557 257 1612 311 in
1668 257 1842 322 initio,
1900 273 2004 310 non

2120 259 2438 328 προφάσεως
2457 259 2524 333 ¹⁷]
2579 263 2678 316 οὑκ
2715 262 3005 326 ἀσκέπτως
3043 261 3167 332 ἐμοὶ
3194 262 3373 316 δοκεῖν
3394 260 3515 316 οὐδὲ
3543 262 3687 330 qua.

418 361 706 432 potuisset,
738 355 923 419 credo,
962 353 1167 421 reliqua
1214 350 1499 406 deducere.

2120 366 2208 411 th);
2230 350 2292 411 ³⁸,
2312 351 2422 403 οὐδ’
2445 352 2520 414 ὡς
2537 352 2811 418 ἐξέπεσεν,
2826 354 2940 408 ἀλλ’
2960 355 3105 418 ὅπως
3131 352 3501 424 συγκρυφθείη
3519 369 3579 405 τε
3607 351 3688 416 ὡς

419 454 644 511 δυνατὸν
665 449 919 523 μάλιστα,
939 447 1032 500 καὶ
1057 447 1108 500 εῐ
1130 462 1211 508 τις
1237 444 1412 515 εὑρὼν
1434 443 1634 515 χρῷτο,
1657 443 1779 514 μηδ’
1803 441 2105 511 αὐτὸςδοκῇ
2131 445 2442 513 παρελθεῖν,
2467 447 2582 500 ἀλλ’
2603 449 2752 518 ἐνείη
2771 449 2813 481 ⁸⁵
2837 466 2851 479 ·
2870 449 3013 502 οὕτω
3045 449 3215 519 μέσην
3227 448 3350 501 τινὰ
3367 441 3685 520 εὗρετάξιν,

360 564 376 572 ‘
424 553 517 609 xui.
538 551 656 619 ἅμα
670 543 884 616 πρὸςτῇ
911 541 1132 612 τελευτῇ
1152 539 1244 593 τοῦ
1264 539 1424 607 λόγου
1436 538 1530 592 τοῦ
1553 538 1774 601 παντὸς,
1803 538 1841 592 ἃ
1861 535 1974 600 θεῖς
2001 538 2058 589 ὲν
2081 537 2221 609 ἀρχῇ
2249 543 2360 603 τοῖς
2387 541 2586 612 ἑφεξῆς
2607 543 2707 595 οὐκ
2725 542 2949 612 ἔμελλεν
2967 542 3111 609 ἕξειν
3131 545 3200 610 ’⁸,
3226 539 3404 611 οἶμαι,
3427 541 3685 615 χρῆσθαι.

496 637 692 715 4196
721 634 837 690 Nec
891 633 1036 687 enim
1070 632 1121 686 id
1150 632 1516 701 qumrebatur,
1565 640 1753 683 utrum.
1786 629 1998 682 [acilius

423 745 571 792 esset
601 736 873 789 exsistere
919 731 1004 786 vel
1042 747 1146 785 non
1177 730 1439 784 exsistere
1467 741 1653 780 verum
1697 735 1996 778 oratorem.

425 828 562 882 Nam
595 828 699 882 hoc
723 825 944 895 quidem
987 833 1043 877 et
1075 837 1173 877 nos
1204 830 1490 884 testamur,
1533 832 1618 883 ac,
1659 817 1704 871 si
1729 814 2002 869 Stenteris

423 918 751 974 haberemus
814 929 1005 970 vocem
1079 913 1542 984 proclamaremus
1575 947 1591 974 ,
1653 916 1710 963 et
1761 904 1914 960 Nilus
1956 904 2003 960 si

425 1010 584 1066 ostiis
615 1019 823 1078 septem
855 1008 998 1076 loqui
1038 1016 1252 1076 posset,
1284 1012 1344 1058 ut
1373 1001 1512 1073 apud
1537 1000 1832 1055 Homerum
1869 998 2001 1052 Sca-

426 1103 677 1158 mander.
723 1101 828 1155 Sed
876 1108 1059 1154 utrum
1095 1097 1211 1152 ﬁeri
1241 1112 1342 1166 per
1393 1103 1641 1149 naturam
1685 1098 1890 1161 posset,
1931 1103 2000 1144 an

427 1195 631 1255 minus,
668 1191 769 1244 hoc
809 1199 925 1246 erat
970 1188 1022 1242 in
1058 1187 1356 1258 quaestione
1405 1184 1660 1253 positum.
1705 1180 1816 1237 Nec
1858 1179 2002 1235 enim

427 1284 749 1353 simpliciter
781 1284 962 1346 modo,
984 1295 1159 1350 neque
1191 1287 1249 1332 ut
1281 1293 1424 1332 nunc
1443 1278 1808 1342 ostendimus,
1831 1275 2004 1343 ipsum

431 1375 538 1430 sibi
581 1373 1023 1436 contradixisse,
1070 1371 1163 1424 sed
1215 1379 1272 1424 et
1323 1371 1449 1425 dum
1488 1369 1609 1424 illos
1655 1364 2008 1438 reprehendit

429 1469 580 1522 hunc
605 1464 924 1528 Aristidem,
949 1475 1109 1531 quem
1143 1461 1404 1526 laudavit,
1437 1461 1661 1517 laudare
1689 1475 1796 1516 non
1827 1472 2004 1529 posse,

435 1567 530 1613 aut
562 1556 608 1610 si
637 1556 781 1609 hunc
811 1565 960 1608 recte
1003 1552 1204 1615 laudat,
1248 1551 1374 1606 illos
1404 1551 1593 1604 eadem
1620 1549 1690 1604 de
1712 1564 1876 1604 causa
1923 1563 2009 1602 re-

433 1647 773 1718 prehendere
815 1658 920 1697 non
977 1655 1135 1710 posse
1190 1641 1605 1695 declarabimus.
1658 1638 1872 1695 Etenim
1906 1638 2010 1692 hoc

436 1739 594 1793 malae
635 1737 875 1804 ipsorum
903 1733 1393 1787 administrationis
1428 1731 1828 1801 signumponit,
1861 1730 2007 1799 quod

438 1833 508 1886 ab
537 1828 966 1884 Atheniensibus
999 1827 1141 1880 male
1171 1826 1282 1880 sint
1314 1825 1550 1889 tractati,
1583 1826 1738 1894 quasi
1764 1825 1856 1894 qui
1889 1823 2009 1879 fue-

376 1950 385 1959 -
437 1932 563 1976 rant
593 1920 658 1972 ab
684 1919 816 1986 ipsis
848 1916 1038 1985 eptimi
1070 1915 1266 1970 redditi
1297 1955 1311 1978 ,
1344 1929 1452 1967 non
1493 1915 1809 1968 debuissent
1831 1914 1885 1966 in
1919 1927 2012 1966 eos

439 2022 690 2077 peccare,
727 2019 826 2075 per
847 2019 985 2072 quos
1007 2003 1166 2058 etiam
1197 2002 1266 2056 ab
1297 2001 1422 2057 aliis
1448 2001 1707 2056 laedendis
1735 2003 2013 2058 abstinere

443 2097 764 2153 didicerant.
807 2095 937 2160 Quae
976 2108 1098 2147 cum
1149 2094 1224 2148 ita
1270 2094 1559 2164 posuisset,
1603 2103 1659 2148 et
1701 2093 1918 2163 aurigas
1948 2109 2013 2148 ac

443 2188 642 2244 similia
672 2187 777 2242 huc
807 2185 1142 2250 adduxisset,
1179 2185 1474 2239 Aristidem
1509 2193 1694 2240 tamen
1719 2201 1824 2240 non
1854 2186 2014 2240 modo

443 2297 549 2336 non
585 2276 960 2348 reprehendit,
997 2275 1092 2331 sed
1135 2284 1192 2330 et
1219 2276 1360 2330 inter
1391 2285 1616 2330 caeteros
1651 2275 1910 2331 eximium
1931 2276 2016 2347 ju-

443 2368 663 2424 dicavit.
713 2366 876 2435 Atqui
914 2367 958 2421 si
1005 2365 1075 2421 ah
1120 2364 1549 2422 Atheniensibus
1601 2366 1744 2422 male
1771 2366 2013 2430 multari,

443 2459 598 2513 malae
625 2457 867 2526 ipsorum
905 2456 1312 2524 gubernationis
1340 2467 1458 2512 erat
1483 2458 1736 2528 signum,
1777 2473 1846 2513 ne
1890 2458 2017 2512 Ari-

450 2549 623 2604 stides
653 2545 872 2616 quidem
926 2556 1076 2600 recte
1120 2559 1216 2601 eos
1256 2547 1422 2612 rexit,
1450 2549 1885 2621 quandoquidem
1919 2564 2019 2604 nec

444 2637 564 2706 ipse
609 2636 830 2705 impune
853 2634 1051 2701 evasit,
1089 2635 1220 2704 quin
1263 2636 1540 2692 excideret
1575 2639 1781 2708 :idque
1819 2655 1925 2694 non
1964 2639 2017 2693 in

445 2729 622 2793 curia,
657 2728 798 2783 sicut
821 2724 1058 2782 Pericles
1089 2733 1142 2780 et
1179 2724 1469 2791 Miltiades,
1504 2741 1606 2782 nec
1633 2743 1728 2797 per
1759 2743 1852 2783 eos
1881 2743 2018 2797 quos

2173 631 2250 682 Οὐ
2274 631 2383 702 γὰρ
2418 634 2527 685 ei"
2557 633 2796 705 ῥᾴδιονῆ
2839 631 2914 704 μὴ
2939 631 3016 702 τῷ
3043 631 3157 685 δντι
3181 631 3435 700 γενέσθαι
3481 628 3690 702 ῥήτορα

2105 719 2397 790 προῦκειτο
2455 725 2706 789 σκοπεῖν,
2762 723 2884 776 ἐπεὶ
2926 720 3082 774 τοῦτό
3122 738 3187 789 γε
3237 721 3332 773 καὶ
3371 721 3534 790 ἡμεῖς
3566 757 3582 781 ,
3639 719 3689 772 εί

2109 812 2308 883 βοῦλει,
2363 813 2748 884 μαρτυροῦμεν
2770 855 2784 873 ,
2828 812 2934 868 κᾶν
2964 814 3011 866 εί
3056 811 3156 884 τὴν
3188 812 3478 882 Στέντορος
3507 809 3691 880 φωνὴν

2109 903 2472 975 κτησαίμεθα,
2501 902 2853 974 φθεγξώμεθ’
2874 904 2960 969 ἂν,
2989 903 3065 966 ὡς
3085 905 3144 956 οὺ
3164 903 3366 974 ῥᾴδιον,
3391 900 3491 955 κᾶν
3511 903 3540 955 ὁ
3561 901 3692 954 Νεῖ-

2108 997 2220 1063 λος,
2248 991 2293 1051 ὦ
2323 997 2582 1068 μακάριε,
2618 1000 2730 1061 τοῖς
2767 996 2906 1051 ἑπτὰ
2933 998 3192 1068 στόμασιν
3226 996 3274 1048 εί
3304 994 3460 1048 λάϐοι
3482 994 3691 1064 φωνὴν,

2107 1088 2297 1160 ὥσπερ
2325 1092 2352 1143 ὁ
2376 1089 2726 1159 Σκάμανδρος
2760 1088 2881 1143 καθ’
2907 1089 3176 1159 Ὅμηρον.
3213 1087 3354 1140 Ἀλλ’
3385 1088 3436 1140 εί
3463 1086 3694 1139 δυνατὸν

2107 1183 2142 1254 ἢ
2171 1181 2268 1254 μὴ,
2301 1183 2396 1236 xei.
2428 1182 2591 1250 φύσιν
2619 1181 2730 1236 ἔστ’
2759 1180 2882 1251 ἔχον
2915 1181 3207 1251 συμϐῆναι,
3235 1177 3381 1232 τοῦτ’
3401 1173 3471 1250 ἦν
3509 1179 3574 1230 ὲκ
3592 1176 3693 1231 τοῦ

2109 1272 2294 1341 λόγου.
2329 1272 2634 1343 Φανήσεται
2656 1274 2703 1305 ’⁸
2734 1273 2845 1344 γὰρ
2861 1273 2908 1305 ²³
2957 1273 3054 1341 οὐχ
3087 1270 3298 1335 ἁπλῶς,
3350 1269 3458 1324 οὐδ’
3486 1269 3562 1332 ὼς
3595 1269 3695 1323 νῦν

2116 1364 2276 1435 μόνον
2307 1363 2674 1434 δείκνυμεν²¹⁵,
2706 1364 2788 1425 είς
2817 1363 2944 1426 τοὺς
2975 1361 3253 1424 ἐναντίους
3287 1360 3559 1431 ἐληλυθὼς
3587 1361 3695 1414 αὑ-

2112 1452 2200 1518 τὸς
2223 1452 2420 1522 ἑαυτῷ,
2449 1452 2584 1505 ἀλλὰ
2605 1452 2700 1506 καὶ
2725 1451 2786 1516 ἐξ
2807 1446 2881 1506 ὦν
2905 1453 3146 1516 ἐκείνους
3163 1451 3380 1524 ᾐτίαται
3409 1448 3695 1524 [τοῦτονυ]

2124 1547 2459 1616 Ἀριστείδην
2485 1546 2542 1600 ὃν
2571 1546 2836 1616 ἐπῄνεσεν
2864 1549 3114 1599 ἐπαινεῖν
3141 1547 3241 1599 οὐκ
3267 1544 3432 1615 ἔχων,
3461 1544 3494 1614 ἢ
3535 1545 3699 1615 εἰπερ

2111 1636 2288 1707 ὀρθῶς
2327 1639 2540 1692 ἐπαινεῖ
2567 1637 2778 1703 τοῦτον,
2813 1637 2905 1691 διὰ
2922 1638 2982 1690 τὸ
3003 1637 3134 1691 αὐτὸ
3159 1636 3321 1691 τοῦτο
3341 1636 3452 1690 οὐδ’
3475 1637 3522 1668 ³⁸
3551 1634 3700 1688 εκεί-

2111 1748 2234 1795 νους
2270 1730 2409 1800 ἔχων
2430 1729 2796 1786 αἰτιάσασθαι.
2823 1730 2979 1797 Πῶς;
3012 1731 3095 1784 ὅτι
3135 1729 3402 1801 σύμϐολον
3421 1730 3486 1796 ’⁷,
3517 1724 3698 1799 οἶμαι,

2113 1825 2350 1877 ποιεῖται
2384 1822 2479 1877 τοῦ
2535 1823 2720 1887 κακῶς
2763 1823 3063 1895 Ἀθηναίων
3095 1823 3338 1886 ἐκείνους
3393 1822 3701 1894 προστῆναι

2112 1914 2173 1968 τὸ
2199 1915 2393 1968 παθεῖν
2426 1915 2624 1978 αὐτοὺς
2655 1915 2746 1968 ὑπ’
2789 1915 3094 1990 Ἀθηναίων
3125 1915 3333 1978 κακῶς,
3365 1914 3440 1977 ὥς
3473 1917 3575 1967 οὐκ
3629 1914 3701 1967 ἂν

2112 2004 2238 2069 τούς
2259 2021 2322 2072 γε
2336 2004 2382 2037 ⁸⁸
2413 2004 2654 2074 βελτίους
2684 2004 2776 2058 ὑπ’
2805 2004 2985 2059 αὐτῶν
3001 2005 3330 2076 γενομένους
3352 2003 3702 2076 ἁμαρτόντας

2115 2095 2194 2158 εἰς
2225 2093 2470 2159 τούτους,
2513 2094 2604 2163 ὑφ’
2649 2087 2726 2147 ὧν
2767 2095 2890 2164 μηδ’
2927 2094 3008 2155 είς
3053 2096 3179 2158 τοὺς
3211 2094 3405 2158 ἄλλους
3451 2092 3703 2166 ἁμαρτά-

2116 2203 2228 2240 νειν
2265 2185 2685 2255 ὲπαιδεύθησαν.
2715 2186 2901 2242 Ταῦτα
2937 2186 2994 2239 δὲ
3037 2186 3180 2241 οὕτω
3235 2187 3375 2250 θεὶς,
3421 2187 3518 2244 καὶ
3556 2187 3738 2258 ήνιόο·

2116 2297 2242 2350 χους
2262 2281 2306 2311 "
2343 2281 2433 2334 καὶ
2458 2280 2529 2334 τὰ
2586 2281 2810 2334 τοιαῦτα
2861 2281 3247 2350 ἔπεια-αγαγὼν
3288 2282 3559 2348 ἐνταυθοῖ,
3602 2281 3700 2334 τόν

2118 2387 2182 2439 γε
2207 2371 2251 2403 ³⁰
2299 2370 2642 2442 Ἀριστείδην
2687 2372 2749 2424 οὺ
2797 2370 2957 2440 μόνον
2995 2372 3150 2424 οὐδὲν
3189 2371 3394 2440 φαῦλον
3447 2371 3698 2443 εἴρηκεν,

2117 2461 2255 2517 ἀλλὰ
2289 2463 2385 2515 καὶ
2420 2461 2608 2530 σαφῶς
2630 2460 2908 2532 ἐξαίρετον
2935 2462 3045 2515 τῶν
3083 2461 3256 2518 ἄλλων
3299 2463 3596 2533 πεποίηται
3627 2462 3699 2517 ⁹¹.

2118 2555 2314 2614 Καίτοι
2363 2556 2412 2608 εί
2465 2555 2529 2608 τὸ
2575 2554 2770 2609 παθεῖν
2820 2553 3006 2618 κακῶς
3037 2554 3129 2608 ὑπ’
3168 2553 3468 2624 Ἀθηναίων
3516 2550 3587 2625 ἦν
3636 2571 3694 2608 τι

2119 2647 2316 2716 δεῖγμα
2340 2646 2436 2699 τοῦ
2477 2644 2553 2717 μὴ
2606 2644 2787 2708 καλῶς
2853 2644 3156 2716 Ἀθηναίων
3207 2645 3546 2716 προστῆναι,
3588 2644 3702 2699 οὐδ’

2134 2737 2471 2809 Ἀριστείδης
2503 2735 2750 2809 προῠστη
2792 2737 3009 2800 καλῶς·
3049 2737 3304 2809 οὐδὲγὰρ
3331 2731 3485 2802 οὗτος
3523 2739 3703 2802 διθῶος

447 2818 629 2888 pepuli
663 2831 826 2874 causa
851 2815 1179 2884 oll‘enderat,
1197 2829 1396 2873 verum
1435 2818 1503 2873 ab
1547 2818 1664 2886 ipso
1695 2817 2014 2873 testularum

2123 2828 2187 2898 δή
2239 2845 2342 2881 που
2377 2828 2654 2906 διέφυγεν,
2714 2826 2831 2880 ἀλλ’
2881 2824 3127 2890 ἐξέπεσε.
3162 2826 3466 2897 Προσθήσω
3512 2828 3572 2881 δὲ
3618 2827 3703 2882 ὅτι

445 2909 711 2977 sutlragio
739 2909 1138 2964 condemnatus
1163 2906 1302 2977 (86).
1335 2907 1443 2964 Sed
1468 2910 1799 2976 gubernator
1825 2909 2016 2965 omnia

448 3001 599 3056 novit
621 3015 640 3067 ;
666 3007 722 3054 et
749 2999 927 3068 ipsum
967 2999 1186 3068 quidem
1210 2998 1395 3067 plures
1419 2998 1561 3053 ultra
1595 2999 1744 3054 mille
1772 3013 2016 3063 servare,

445 3101 722 3148 oratorem
763 3105 894 3145 vero
947 3105 1051 3144 non
1093 3089 1366 3162 Egyptiis
1415 3091 1667 3157 navibus,
1711 3105 1812 3146 nec
1854 3091 2019 3146 etiam

447 3183 624 3240 classe
656 3191 766 3238 tota
803 3182 1033 3238 salutem
1064 3183 1314 3249 delinire,
1345 3184 1439 3240 sed
1472 3193 1526 3239 et
1559 3192 1746 3252 portus
1783 3183 1931 3254 ipsos
1967 3193 2022 3239 et

449 3275 635 3340 urbes,
659 3289 766 3331 non
809 3285 1018 3330 tantum
1043 3273 1231 3330 decem
1269 3275 1552 3331 hominum
1595 3275 1823 3330 millium
1858 3291 2021 3345 capa-

449 3381 563 3432 ces,
597 3381 697 3437 pro
720 3366 947 3421 navibus
968 3368 1152 3421 decem
1180 3365 1408 3420 millium
1432 3367 1629 3437 pondo,
1653 3383 1839 3422 verum
1857 3367 2021 3422 etiam

450 3474 560 3514 non
602 3457 762 3514 facile
794 3457 896 3513 sub
925 3472 1234 3514 mensuram
1271 3459 1528 3512 cadentes
1565 3472 1664 3514 suo
1699 3472 1888 3528 regere
1927 3459 2023 3512 im-

451 3549 624 3619 perio.
678 3550 757 3604 Ac
799 3549 1130 3617 gubernator
1171 3549 1393 3618 quidem
1447 3558 1737 3619 postquam
1778 3550 2021 3620 appulit,
2075 3563 2077 3565 ‘

451 3650 571 3696 arte
611 3656 714 3696 non
771 3641 1004 3712 amplius
1047 3641 1255 3708 utitur,
1297 3643 1502 3697 oratori
1547 3657 1679 3698 vero
1725 3643 1904 3700 nullus
1941 3651 2025 3697 est

449 3747 656 3788 vacuus
693 3733 866 3788 locus.
900 3731 1098 3788 Verum
1136 3748 1204 3787 ne
1243 3748 1423 3789 sermo
1463 3734 1701 3789 sermoni
1745 3737 2020 3798 succedat,

448 3839 574 3880 cum
620 3822 886 3878 suﬂiciant
933 3839 999 3878 ea
1037 3840 1158 3894 qua:
1214 3835 1342 3878 sunt
1385 3826 1614 3892 potiora,
1670 3828 1917 3882 omittam
1969 3828 2024 3883 in

448 3915 741 3983 prementia
773 3914 1076 3983 longiorem
1105 3914 1207 3970 hac
1237 3916 1303 3970 de
1341 3930 1398 3971 re
1436 3914 1637 3986 naua
1700 3916 2025 3987 disputatio-

449 4022 598 4060 nem.
635 4004 982 4061 Rhetoricam
1018 4022 1114 4075 per
1147 4023 1337 4063 omnes
1366 4009 1628 4064 virtutum
1658 4021 1846 4080 partes
1861 4027 2024 4082 pene-

450 4109 618 4163 trare,
643 4113 764 4154 cum
795 4114 891 4169 per
917 4101 1261 4169 prudentiam
1297 4101 1369 4156 sit
1398 4101 1616 4156 inventa
1660 4117 1760 4173 pro
1784 4103 2020 4174 iustitia,

2123 2914 2279 2984 οὗτός
2309 2937 2374 2991 γε
2403 2920 2554 2974 οὐδὲν
2584 2919 2922 2989 δικαστηρίῳ
2943 2918 3284 2990 δυστυχήσας
3329 2917 3518 2990 ὥσπερ
3558 2921 3704 2976 Μιλ-

2121 3012 2312 3082 τιάδης
2339 3011 2438 3066 καὶ
2489 3011 2783 3081 Περικλῆς,
2833 3011 2943 3064 οὐδ’
2999 3010 3106 3063 ὑπὸ
3135 3011 3340 3065 τούτων
3390 3005 3474 3075 οἷς
3525 3029 3700 3082 προσ-

2124 3105 2386 3175 έκρουσεν
2412 3103 2550 3173 ὑπὲρ
2577 3103 2687 3154 τῶν
2721 3103 2956 3167 πολλῶν,
2991 3102 3108 3156 ἀλλ’
3139 3103 3581 3175 ἐξοστρακισθεὶς
3603 3097 3703 3157 ὑπ’

2124 3194 2291 3250 αὑτοῦ
2345 3194 2441 3248 τοῦ
2481 3195 2678 3265 δήμου.
2737 3195 2956 3248 Ἐστι³²
3001 3196 3060 3249 δὲ
3113 3197 3207 3249 καὶ
3243 3197 3555 3269 κυϐερνήτῃ
3606 3198 3702 3252 καὶ

2123 3287 2288 3341 παντὶ
2318 3288 2550 3340 συνιδεῖν
2576 3287 2658 3340 ὅτι
2693 3285 3033 3357 κυϐερνήτης
3066 3287 3165 3358 μὲν
3209 3289 3358 3352 ὅστις
3411 3287 3701 3351 πλείστους

2125 3378 2411 3448 ἀθρόους³³
2441 3379 2644 3432 ἔσωσεν
2679 3379 2818 3448 ὑπὲρ
2844 3378 2890 3410 ³⁸
2913 3378 3140 3449 χιλίους,
3170 3380 3234 3433 τὸ
3261 3379 3319 3433 δὲ
3347 3378 3442 3434 τοῦ
3473 3381 3702 3452 ῥήτορς

2124 3470 2400 3540 πλήρωμα
2429 3469 2456 3522 δ
2485 3467 2647 3532 σώζει
2692 3469 2753 3522 οὐ
2789 3470 2930 3523 κατὰ
2980 3467 3113 3521 ναῦν
3159 3471 3309 3523 ἐστιν
3370 3472 3699 3540 Αἰγυπτίαν,

2123 3562 2247 3616 οὑδέ
2273 3579 2337 3630 γε
2370 3561 2534 3633 [1264
2565 3560 2661 3634 8.]
2705 3561 2842 3624 ὅλως
2877 3563 3160 3632 μετρεῖται
3205 3562 3399 3633 στόλῳ,
3429 3563 3564 3616 ἀλλὰ
3608 3563 3702 3617 καὶ

2123 3654 2343 3723 λιμένες
2375 3653 2529 3706 αὐτοὶ
2552 3653 2596 3684 ³⁸
2627 3654 2723 3707 καὶ
2753 3652 2938 3716 πόλεις
2961 3653 3022 3706 οὑ
3059 3652 3374 3724 μυρίανδροι
3404 3654 3563 3725 μόνον
3583 3656 3703 3708 ἀντὶ

2123 3745 2234 3800 τῶν
2283 3745 2656 3817 μυριοφόρων,
2699 3744 2836 3798 ἀλλὰ
2889 3745 2984 3797 καὶ¹
3028 3746 3296 3815 μετρῆσαι
3336 3745 3591 3816 χαλεπαὶ,
3633 3749 3699 3818 τῇ

2122 3838 2223 3908 τῆς
2254 3839 2549 3909 ῥητορικῆς
2583 3836 2951 3890 ὑποπίπτουσι
2979 3837 3118 3909 τύχῃ
3144 3854 3204 3889 τε
3250 3839 3346 3892 καὶ
3373 3837 3701 3910 προστασίᾳ.

2124 3931 2237 3985 Καὶ
2261 3932 2290 3984 ὁ
2321 3929 2420 4001 μέν
2453 3930 2571 3999 re“
2609 3929 2958 4000 κυϐερνήτης
3006 3930 3253 4000 κατάρας
3281 3928 3464 3982 οὐκέτι
3504 3928 3618 3999 ἔχει
3649 3929 3702 3982 τί

2125 4022 2390 4092 χρήσεται
2423 4023 2489 4091 τῇ
2519 4019 2682 4092 τέχνῃ
2706 4034 2721 4049 °
2753 4017 2846 4072 τοῦ
2873 4019 2930 4071 δὲ
2966 4021 3193 4090 ῥήτορος
3235 4019 3387 4072 οὐδέν
3427 4022 3544 4074 ἐστι
3595 4038 3702 4089 χω-

2131 4113 2244 4183 ρίον
2278 4111 2574 4183 ἐξαίρετον.
2643 4109 2781 4164 Ἀλλ’
2835 4111 2923 4165 ἵνα
2958 4110 3002 4142 ³⁷
3041 4110 3117 4181 μὴ
3144 4110 3301 4180 λόγος
3357 4112 3491 4182 ἡμῖν
3545 4111 3700 4178 λόγον

450 4193 916 4262 teutperanliaque
943 4203 998 4247 et
1036 4191 1356 4249 fortitudine
1386 4206 1761 4254 conservetur.
1801 4199 1935 4254 item
1967 4210 2015 4255 et

2129 4199 2431 4271 ὲκδέξηται,
2454 4199 2737 4270 ἀγαπητὸν
2765 4198 2825 4252 ὃν
2855 4201 2902 4253 εί
2942 4200 3038 4254 καὶ
3065 4203 3175 4263 τοῖς
3207 4201 3518 4272 ἐπικαίροις
3542 4202 3703 4271 ἐξαρο

448 4285 501 4340 in
553 4285 639 4339 bis
692 4284 822 4339 licet
856 4285 1313 4341 animadvertere.
1355 4288 1569 4343 Etenim
1628 4304 1753 4344 cum
1796 4292 1870 4346 sit
1917 4293 2022 4347 hoc

447 4374 781 4440 concionari,
799 4390 859 4429 ea
885 4377 1084 4445 quibus
1101 4391 1238 4445 opus
1253 4386 1336 4432 est
1357 4378 1603 4435 invenire
1625 4395 1688 4436 ac
1707 4367 2017 4453 disponere,

447 4479 512 4519 ac
537 4465 795 4520 decorum
825 4481 947 4520 cum
985 4477 1180 4522 ornatu
1219 4479 1272 4523 et
1299 4479 1568 4540 potestate
1590 4472 1904 4540 observare,
1933 4475 2022 4529 iu-

445 4557 631 4612 ventio
657 4557 872 4626 quidem
905 4558 1205 4629 prudentia:
1249 4559 1500 4626 debetur,
1541 4577 1664 4616 cum
1701 4576 1936 4633 nequeat
1975 4565 2020 4619 is

446 4649 540 4717 qui
571 4649 856 4718 prudentia
885 4659 1094 4717 careat,
1127 4651 1257 4704 utile
1280 4651 1572 4722 quidquam
1595 4653 1862 4721 invenire,
1888 4665 2020 4710 tem-

443 4740 690 4811 perantia
729 4755 860 4796 vero
901 4741 1363 4798 administrationi
1403 4753 1619 4812 praeest,
1659 4754 1714 4799 et
1746 4746 2018 4816 imperan-

2127 4293 2414 4362 κέσαιμεν,
2441 4290 2515 4343 ὲῶ
2543 4291 2603 4344 τὸ
2626 4290 2722 4344 νῦν
2749 4288 2888 4344 εἶναι
2912 4291 3008 4361 τὴν
3038 4291 3176 4363 ὑπὲρ
3205 4290 3393 4345 τούτου
3418 4291 3699 4363 διαφοράν.

2131 4383 2258 4456 [685
2293 4382 2387 4456 Η.]
2422 4384 2544 4438 Ὅτι
2591 4383 2694 4454 ή³⁸
2752 4384 3015 4455 ῥητορικὴ
3062 4383 3150 4438 διὰ
3205 4385 3422 4439 πάντων
3454 4385 3561 4438 τῶν
3602 4389 3703 4456 τῆς

2125 4476 2326 4547 ἀρετῆς
2359 4475 2566 4546 μορίων
2589 4475 2786 4546 διήκει,
2826 4476 3086 4546 φρονήσει
3139 4475 3239 4545 μὲν
3272 4475 3581 4546 εὑρεθεῖσα,
3608 4478 3695 4529 εὑ-

2129 4567 2346 4638 ρεθεῖσα
2402 4566 2459 4620 δὲ
2526 4565 2667 4636 ὑπὲρ
2716 4565 3088 4636 δικαιοσύνης,
3140 4566 3466 4639 σωφροσύνῃ
3496 4567 3554 4619 δὲ
3607 4566 3700 4620 καὶ

2125 4660 2350 4730 ἀνδρείᾳ
2381 4657 2758 4729 φυλαττομένη
2785 4659 2849 4713 ³⁹.
2880 4657 3050 4711 Τοῦτο
3085 4657 3142 4712 δὲ
3172 4659 3266 4713 καὶ
3313 4660 3454 4714 κατὰ
3481 4659 3698 4723 τούτους

2123 4751 2250 4815 τοὺς
2286 4749 2478 4818 λόγους
2511 4748 2627 4818 [οὓς
2659 4748 2840 4818 μέλλω
2861 4747 2906 4781 ⁴⁰
2941 4751 3114 4805 εἰπεῖν
3138 4749 3328 4821 αὐτῆς]
3365 4752 3493 4806 ἰδεῖν
3530 4751 3696 4806 ἐστιν.

1737 4925 1969 4984 VARUE
2005 4929 2412 4988 LECTIONES.

474 5039 554 5127 ξ’
577 5038 745 5127 χειρίς
777 5055 935 5127 fil-"05.
956 5040 1284 5127 προφᾴσεῳς
1306 5045 1541 5127 οηξκιᾼ..
1597 5047 1653 5127 _"’
1679 5047 1820 5127 ,οὐδὲ
1856 5051 2085 5127 Δφαύλως
2114 5069 2224 5109 om.
2257 5055 2322 5108 A.
2357 5015 2449 5127 -.η
2635 5051 2780 5127 ἐνείη
2803 5052 3026 5127 _om._A.
3104 5056 3149 5127 εί
3187 5057 3303 5127 τοῖς
3337 5087 3404 5096 -
3430 5058 3573 5124 ἕξειν
3601 5061 3648 5114 Δ
3678 5077 3692 5115 :

437 5108 816 5198 E§S:E§§t_g_.
894 5110 939 5198 ξι
964 5108 1237 5198 adlapsi
1257 5112 1341 5198 ‘(p.
1518 5117 1648 5186 ἡμῖν
1674 5117 1806 5198 δξ-οὑ
1826 5108 1922 5198 .A'.‘
1981 5124 2027 5198 ξ’
2053 5108 2454 5198 ᾦανήσεταμιᾙ).
2487 5121 2608 5198 1
2686 5123 2732 5152 ’³
2756 5108 2889 5198 ide]
2904 5108 3043 5198 8’A._
3105 5124 3151 5156 "
3180 5108 3694 5198 δείκνυμενῖοιίιίλ.

516 5177 702 5231 τοῦτον
731 5195 843 5260 om.
1034 5182 1080 5213 ²⁶
1103 5177 1210 5260 ode’
1245 5177 1301 5234 A"
1328 5202 1344 5260 ς
1383 5177 1625 5260 οὐδὲνῗς.
1702 5191 1747 5220 ’⁷
1779 5177 2080 5260 σύμῦουλον
2108 5177 2343 5247 ..ίποιεῖ
2356 5177 2434 5248 Ἠ.

440 5253 487 5330 ξς
514 5265 580 5317 γε
617 5263 726 5302 om.
758 5250 842 5330 ⁸Α.
888 5249 1266 5330 “fg-terrebere
1313 5255 1425 5330 A,__
1450 5257 1493 5286 ³²
1527 5249 1651 5330 {ira

1823 5277 1888 5334 ρ.
1914 5262 2083 5334 *1-55η
2139 5264 2185 5296 ³³
2233 5263 2447 5334 ἀθρόως
2494 5262 2560 5318 Α.
2635 5261 2850 5334 “Jeep
2899 5279 3008 5334 om.
3041 5266 3106 5320 A.

2514 5192 2562 5225 '°
2590 5209 2653 5261 γε
2702 5208 2812 5280 om.
2862 5197 2928 5247 A.
3003 5196 3048 5227 ”
3073 5198 3166 5248 καὶ
3191 5192 3438 5296 ήνιόχόυς
3484 5216 3570 5254 om
3625 5202 3692 5254 A.

2514 5262 2560 5318 ι.
2635 5261 2680 5294 ³⁵
2711 5263 2850 5324 υπὲρ
2899 5279 3008 5318 om.
3041 5266 3106 5320 A.
3232 5268 3434 5320 ἀὐτοὶ
3489 5288 3575 5324 om
3627 5276 3692 5324 A.

437 5323 485 5360 ⁸⁸
513 5333 577 5381 γε
605 5334 714 5374 om.
744 5319 810 5372 A.
886 5319 928 5352 θ’
963 5320 1078 5372 ἀλλ’
1109 5321 1217 5386 ῖννι]
1244 5340 1293 5390 p.
1328 5324 1444 5378 157.
1523 5326 1566 5357 ³⁸
1591 5329 1673 5379 ὅτι
1696 5319 1839 5400 ή]”ι)Ῑ
1873 5331 1992 5385 160.
2068 5332 2114 5365 ³⁸
2137 5319 2517 5405 φυλαοδσομένη
2545 5351 2603 5400 ς.
2679 5331 2727 5364 ⁸⁸
2750 5319 2843 5396 οὓς
2879 5333 3052 5404 μέλλω
3079 5319 3251 5391 εἰπεῖν
3284 5319 3455 5411 adsit;

511 5543 619 5614 {86)
659 5548 788 5601 Vide
819 5547 1164 5604 Plutarchum
1189 5563 1238 5603 et
1273 5551 1528 5618 Probum,
1555 5573 1647 5609 seu
1684 5557 1848 5611 Corn.
1895 5464 2189 5627 5:32:53.
