4012 6236
171 805 176 808 _
285 738 589 809 ψηφίζεται
633 739 729 792 καὶ
762 737 949 810 μέσος,
1001 736 1174 806 φασὶ⁶

289 258 435 325 1525

1329 260 1405 320 BI
1418 259 1854 322 BLIOTHECA.
1887 287 1956 298 -
1991 260 2157 324 COD.
2180 262 2502 326 CCXLVI].

3423 261 3567 327 1520

281 376 446 431 τοῦτο
476 376 651 431 αύτδ⁹
688 376 818 440 τοὺς
842 372 1092 437 πολλοὺς,
1130 373 1273 446 [685
1303 374 1397 447 H.]
1442 375 1565 446 μηδ’
1594 374 1672 439 ὡς
1705 375 1872 447 ψήφῳ

1999 374 2206 432 )mnino
2238 388 2424 433 autem
2472 387 2528 433 et
2577 377 2777 449 ubique
2824 378 2981 434 nobis
3031 377 3291 434 excidunt
3337 380 3554 444 calculi,

288 466 515 536 καθαρᾷ
535 465 903 537 προσέχοντας
920 463 1114 517 θᾶττον
1132 463 1166 531 ἢ
1195 464 1464 533 συμφέρει
1483 462 1875 534 βουλεύσασθαι

1999 469 2294 539 ιιιίιηιιειιυε
2334 468 2651 540 suffragium
2690 468 2798 526 fert
2841 471 2958 541 ipse
2996 469 3174 534 Plato,
3229 478 3284 526 et
3324 471 3557 533 medius.

284 557 418 628 περὶ
436 557 545 610 τῶν
561 556 583 590 ³
608 555 958 626 τηλικούτων.
993 556 1245 625 Πανταχῆ
1267 554 1286 583 ⁸
1310 555 1368 608 δὲ
1392 556 1486 608 καὶ
1509 554 1596 608 διὰ
1617 556 1835 609 πάντων
1852 558 1875 590 ⁸

285 647 652 702 ἑκπίπτουσιν
674 649 806 718 ἡμῖν
835 647 893 701 ai
914 645 1106 717 ψῆφοι.
1131 644 1354 717 Πρῶτος
1376 645 1434 699 δὲ
1460 646 1687 701 Πλάτων
1715 647 1878 711 αὐτὸς

288 835 588 892 κινδυνεύω
614 835 788 889 δοκῶν
814 833 1118 902 ἀντιλέγειν
1144 832 1392 886 Πλάτωνι
1438 834 1641 896 παντὸς
1679 833 1881 904 μᾶλλον

291 928 705 999 συναγορεύειν.
759 927 824 981 Et
857 927 915 980 δὲ
960 925 1040 979 δεῖ
1085 940 1139 977 τι
1191 924 1288 977 καὶ
1332 924 1545 993 παῖξαι,
1598 926 1741 980 δοκῶ
1790 942 1882 996 μοι

1982 572 2040 615 ιιι
2070 563 2243 628 aiunt,
2275 571 2437 632 atque
2460 572 2792 632 postremus.
2822 563 2902 618 Ac
2925 564 3137 620 videor.
3170 577 3294 617 cum
3338 561 3551 618 Platoni

1981 655 2324 722 Contradico,
2376 654 2615 710 maxime
2657 669 2780 709 cum
2831 655 2952 723 ipso
2984 656 3212 715 sentire.
3245 668 3323 720 ct,
3369 665 3428 709 ιιι
3457 656 3561 710 hoc

1193 775 1211 802 ,
1259 736 1355 790 καὶ
1384 736 1712 801 τελευταῖος.
1762 738 1877 792 Kal.

2005 743 2090 796 oci
2118 757 2284 799 causa
2315 743 2536 813 addam,
2574 743 2769 816 5.21!»
2796 759 2920 801 eum
2953 745 3254 801 secundum
3310 746 3554 801 comicos

1984 836 2051 887 ad
2100 843 2352 889 oratores
2407 837 2564 905 quasi
2608 834 2979 905 aufugientem
3038 845 3412 899 retracturus,
3464 835 3561 905 qui

1984 934 2271 993 postquam
2302 927 2577 993 didicerit,
2606 944 2666 984 se
2686 929 2885 999 jactet.

294 1010 458 1083 11268
476 1020 568 1094 R.]
598 1021 726 1086 τοὺς
755 1005 1175 1091 κωμῳδοποιους
1196 1019 1870 1091 ὥσπεμάποδιδράσκοντα
1910 1018 2074 1072 αὐτόν
2106 1018 2283 1088 ἕλξειν
2319 1022 2401 1085 είς
2436 1023 2562 1085 τοὺς
2596 1023 2852 1094 ῥήτορας,
2889 1022 2971 1077 ὅτι
3036 1021 3224 1092 μαθὼν
3284 1021 3561 1076 καλλωπί-

293 1113 500 1180 ζεταιτ.

308 1202 670 1276 Ἀριστείδου
717 1203 788 1276 ex
834 1202 944 1258 τοῦ
978 1201 1455 1276 έπιγραςρσμένου
1493 1201 1888 1276 admunu-

367 1272 617 1341 a’wrtxdc
662 1274 855 1342 τρίτος
900 1273 1047 1342 πρὸς
1090 1272 1442 1327 Καπίτωνα.
1465 1300 1538 1312 -
1569 1273 1639 1325 Τὸ
1680 1272 1889 1340 Προοί-

363 1363 527 1416 μιον.
554 1383 558 1387 ‹

368 1431 484 1483 Νῦν
535 1430 642 1483 σεδ
694 1428 788 1483 καὶ⁸
832 1428 1032 1499 μᾶλλον
1072 1427 1355 1500 φιλοῦμεν,
1385 1426 1557 1493 οὕτως
1600 1428 1880 1499 ἐρωτικῶς

299 1522 397 1576 τοῦ
429 1520 717 1597 ,Πλάτωνος
747 1520 959 1591 ἔχοντα,
999 1519 1059 1573 ὃν
1086 1518 1198 1588 ἐγὼ
1223 1519 1387 1591 φαίην
1416 1519 1481 1574 ἂν
1509 1519 1687 1591 τιμῶν
1710 1523 1730 1553 ⁹
1758 1517 1879 1572 καθ’

300 1614 575 1685 Ὅμηρον.

686 1699 864 1759 Ἴσον
887 1701 1001 1773 ἐμῇ
1031 1705 1220 1773 κεφανί
1232 1701 1290 1772 ᾖ.

1991 1202 2179 1256 Oratio
2224 1200 2382 1253 tertia
2419 1200 2667 1253 Aristidis
2705 1199 2958 1266 inscripta
2991 1196 3281 1255 Platonica
3303 1199 3371 1251 ad
3402 1196 3582 1267 ϐαρὺ.

2445 1283 2634 1323 (onem.
2667 1298 2734 1313 --
2776 1267 3110 1321 Prooemium.

2054 1423 2208 1477 Nunc
2251 1431 2302 1478 te
2343 1437 2523 1489 magis.
2566 1423 2733 1477 etiam
2776 1434 3064 1483 amamus,
3105 1435 3230 1475 cum
3281 1419 3591 1475 Platonema,

1982 1523 2134 1569 taulo
2156 1514 2333 1568 studio
2364 1515 2708 1584 prosequeris
2728 1552 2741 1578 ,
2774 1529 2935 1583 quem
2965 1527 3067 1584 ego
3096 1510 3328 1567 diseritu
3377 1513 3583 1567 colere.

1984 1620 2088 1673 me,
2117 1605 2412 1661 secundum
2452 1603 2737 1658 Homerum
2775 1623 2789 1660 :

2194 1692 2315 1747 Non
2344 1710 2492 1747 secus
2523 1701 2680 1763 atque
2702 1703 3073 1760 meumcaput
3092 1693 3228 1763 (88).

301 1796 366 1849 Εί
394 1796 502 1867 γάρ
548 1812 633 1850 τοι
651 1795 696 1827 ¹⁰
736 1797 831 1849 καὶ
876 1796 1076 1859 πάντες
1110 1794 1303 1865 φαῦλοι
1333 1795 1467 1868 πρὸς
1508 1796 1735 1863 ἐκεῖνον,
1761 1796 1875 1852 ἀλλ’

1999 1783 2193 1841 Etenim
2234 1785 2479 1852 quamvis
2534 1798 2722 1838 omnes
2769 1783 2913 1839 illius
2950 1786 3379 1855 comparatione
3411 1786 3584 1844 nihili.

301 1889 536 1951 ἕκαστος
575 1885 900 1958 τιμιώτατος
947 1889 1108 1953 αὐτὸς
1139 1888 1339 1958 ἑαυτῷ,
1380 1887 1535 1956 φασί.
1582 1888 1776 1942 Καίτοι
1829 1889 1883 1942 τί

303 1982 485 2047 λέγως
517 1982 629 2033 Οὐκ
655 1975 774 2037 οἶδα
803 1979 901 2049 μὲν
924 1979 1033 2050 γὰρ
1060 1980 1109 2034 εί
1135 1978 1429 2044 πιστεύεις,
1457 1976 1654 2049 ἀληθὲς
1681 1977 1727 2031 δ’
1750 1977 1882 2050 ἐρῶ.

305 2073 371 2125 Εἰ
402 2072 459 2125 δὲ
489 2066 563 2142 μὴ
613 2070 785 2139 ἐγγὺς
830 2071 1036 2125 ἐκεῖνον
1067 2070 1276 2140 ἔφησας
1314 2070 1472 2141 ἡμῶν
1502 2065 1662 2134 εῖναι,
1695 2069 1795 2123 ούκ
1820 2067 1887 2122 ἂν

305 2162 450 2216 οὕτω
477 2179 547 2232 με
580 2161 851 2234 εὔφρανας
873 2161 939 2227 ’⁸,
980 2161 1056 2226 ώς
1096 2162 1178 2217 ὅτι
1208 2160 1642 2232 προκατείληψαι
1666 2161 1846 2227 δείξας
1868 2178 1884 2194 ο

305 2250 484 2315 οὕτως
506 2251 631 2321 ἐμοὶ
658 2250 810 2320 φίλος
834 2249 974 2323 ἀνὴρ
998 2250 1094 2307 καὶ
1113 2249 1285 2320 φίλων
1310 2250 1586 2305 ἐπέκεινα.
1620 2248 1887 2321 Συνέϐηη

309 2343 370 2398 δέ
400 2359 491 2414 μοι
518 2341 612 2397 καὶ
638 2342 766 2414 περὶ
796 2341 1147 2414 Δημοσθένην
1171 2343 1409 2397 τοιοῦτον
1436 2342 1622 2414 ἕτερον
1642 2361 1656 2374 ο
1694 2341 1888 2413 φράσω

307 2436 370 2492 δὲ
395 2435 648 2508 καὶπρὸς
676 2435 737 2489 σέ
758 2433 802 2467 ¹⁹
823 2450 838 2465 ·
886 2433 1049 2508 ’Λνὴρ
1077 2433 1185 2488 τῶν
1229 2434 1293 2487 ἐκ
1330 2433 1431 2504 τῆς
1469 2434 1756 2505 γερουσίας
1788 2433 1891 2504 τῆς

325 2529 635 2599 Ῥωμαίων,
662 2527 828 2592 Λίϐυς
849 2526 917 2581 τὰ
938 2526 1160 2598 ἀρχαῖα,
1188 2524 1437 2598 Μάξιμος
1465 2525 1722 2597 τοῦνομα,
1741 2525 1891 2593 ἄξιος

316 2622 444 2675 δτου
479 2618 657 2691 βούλει
708 2617 924 2691 (φασὶίδ
964 2618 1021 2672 δὲ
1057 2620 1107 2672 οί
1148 2618 1321 2672 ταῦτα
1360 2619 1526 2673 δεινοὶ
1562 2620 1656 2672 καὶ
1686 2618 1894 2690 ῥήτορα

316 2713 481 2768 αὐτὸν
516 2713 574 2766 ἐν
607 2709 847 2790 πρώτοις
890 2705 1030 2764 εἶναι
1067 2691 1378 2782 Ῥωμαίων)
1399 2751 1412 2775 ,
1450 2703 1668 2775 οὗτοςη
1693 2710 1807 2775 τοῖς
1829 2727 1897 2763 τε

315 2803 690 2874 Δημοσθένους
734 2801 914 2870 λόγοις
956 2801 1276 2870 προσέκειτο
1305 2800 1616 2872 ὑπερφυῶς,
1666 2799 1759 2854 καὶ
1793 2799 1894 2854 οὐκ

318 2892 415 2951 οἶδ’
439 2897 620 2950 ὅντινα
661 2892 861 2965 τρόπον
894 2892 1052 2946 atat"
1081 2894 1194 2956 τοῖς
1233 2891 1528 2964 ἡμετέροις
1572 2891 1717 2946 ἑάλω
1763 2890 1892 2945 τού-

316 2999 452 3045 τοις.
480 2983 679 3053 Ἔτυχε
713 2984 824 3055 γάρ
856 3002 948 3054 μοι
976 2982 1135 3051 λόγος
1165 2999 1250 3046 τις
1277 2980 1646 3052 πεποιημένος
1679 2983 1745 3035 ὲκ
1772 2981 1901 3053 τρί-.

318 3092 429 3128 των
456 3075 593 3146 πρὸς
622 3053 915 3145 Λεπτίνην,
943 3074 1003 3139 ἐξ
1026 3073 1202 3146 ἀρχῆς
1221 3073 1515 3128 τοιᾶσδείτ.
1544 3067 1705 3144 Εἶχον
1732 3073 1832 3144 μὲν
1850 3053 1920 3107 ’⁸.

318 3166 427 3237 γὰρ
456 3144 515 3219 έν
546 3167 702 3236 χερσὶ
740 3166 832 3218 τὸν
852 3144 1026 3234 λόγον
1058 3144 1151 3220 τόν
1176 3164 1272 3219 τοῦ
1301 3164 1763 3237 Δημοσθένους¹’,
1800 3163 1896 3219 καὶ
1919 3144 1965 3210 C

318 3257 394 3320 ὼς
421 3257 685 3328 ἐγενόμην
716 3258 808 3311 ὲπὶ
831 3257 941 3312 τῶν
970 3255 1279 3326 κεφαλαίων
1297 3254 1335 3311 ὃ.
1360 3255 1454 3310 τοῦ
1481 3256 1744 3310 Λεπτίνου
1770 3256 1905 3328 μέλ-ι

323 3346 507 3411 λοντος
551 3348 695 3419 ἐρεῖν
741 3347 1144 3418 ὑποτέμνεται,
1189 3347 1505 3418 ἀποστήσας
1538 3347 1774 3417 ἐμαυτὸν
1804 3348 1903 3403 τοῦ

324 3439 697 3507 Δημοσθένους
724 3439 814 3492 ὑπ’
843 3439 1084 3510 ἐμαυτοῦ
1111 3456 1166 3492 τι
1196 3437 1503 3511 συνεώρων.
1538 3438 1627 3503 Ὠς
1656 3440 1711 3493 δὲ
1741 3430 1916 3514 εὗρον.

323 3529 418 3582 καὶ
446 3528 537 3582 δύο
571 3530 666 3583 καὶ
710 3529 839 3600 τρία
885 3529 994 3584 τῶν
1026 3531 1334 3602 χρησίμων,
1374 3529 1608 3584 ἐνταῦθα
1637 3531 1802 3592 πάλιν
1833 3526 1900 3588 αὖ

324 3618 413 3672 ἐπ’
439 3618 567 3673 ἄλλο
612 3635 668 3672 τι
722 3619 986 3691 ἐχώρουν.
1033 3621 1145 3676 Καί
1184 3638 1274 3695 μοι
1310 3622 1636 3694 πειρωμένῳ
1682 3621 1744 3677 τὸ
1773 3622 1916 3683 αὐτὸ⁴

322 3709 411 3763 ἀεὶ
433 3710 732 3765 συνέϐαινε.
750 3711 860 3764 Καὶ
882 3709 1026 3765 οὕτω
1045 3710 1110 3783 δὴ
1124 3712 1241 3777 ,ἀπὸ
1261 3711 1356 3765 τοῦ
1383 3712 1688 3783 κρασπέδου
1713 3712 1905 3782 θοιμά-

322 3818 455 3866 τιον,
486 3802 535 3855 εί
559 3801 615 3855 δὲ
642 3801 842 3872 βούλει,
873 3802 969 3856 τὸν,
999 3802 1191 3856 λέοντα
1215 3801 1323 3856 ἀπὸ
1351 3801 1446 3854 τοῦ
1475 3802 1664 3872 ὄνυχος
1704 3804 1904 3874 ἀπειρε-

322 3892 603 3963 γασάμην.
651 3893 852 3948 Τοῦτον
904 3891 1053 3963 αύτῷ
1090 3893 1183 3947 τὸν
1220 3893 1377 3963 λόγον
1421 3893 1590 3957 δεῖξαι
1610 3894 1657 3926 ’θ
1689 3894 1913 3964 ἐπεχεί-.

334 4001 505 4054 ρησα·
547 3986 641 4039 καὶ
677 3986 885 4057 μέλλων
915 3984 1192 4053 δείξεινυ,
1226 3988 1484 4059 προεῖπον
1520 3987 1602 4043 ὅτι
1630 3986 1768 4058 πρὸς
1803 3986 1906 4063 Λε-

325 4074 521 4145 πτίνην
561 4076 932 4153 έφευρημένος
955 4078 1053 4131 σὺν
1080 4075 1159 4149 τῷ
1186 4078 1325 4147 πρὸς
1361 4077 1637 4149 Λεπτίνην
1668 4077 1906 4148 ἐφευρή-

325 4169 490 4223 σει²².
529 4162 678 4241 Ἆρα
710 4170 791 4241 μὴ
819 4169 989 4229 ἀδικῶ
1018 4187 1113 4237 σε;
1176 4170 1313 4242 ἔφην
1358 4169 1468 4240 ἐγώ
1482 4170 1550 4225 ³³.
1596 4171 1706 4229 Καὶ
1731 4169 1791 4234 ὃς
1824 4170 1902 4243 μὰ

327 4259 426 4312 Δία
456 4258 691 4327 εὐγενῶς
718 4275 777 4312 τε
807 4261 897 4314 καὶ
920 4259 994 4324 ὡς
1019 4260 1085 4316 ἂν
1111 4261 1217 4326 πᾶς
1244 4262 1458 4332 ἠράσθη
1489 4278 1549 4315 τε
1575 4261 1670 4316 καὶ
1689 4261 1905 4333 ἠγάσθη

324 4351 473 4413 ὅστις
498 4350 799 4421 φιλολόγος,
830 4348 1023 4417 Οἶσθα,
1048 4352 1185 4425 ἔφηἸ
1202 4354 1285 4408 ὅτι
1319 4353 1564 4424 κάθημαι
1589 4353 1726 4425 πρὸς
1754 4353 1849 4407 τοῦ
1862 4353 1908 4385 ιι

1987 1887 2136 1940 sont,
2183 1876 2286 1932 sibi
2341 1885 2518 1930 tamen
2578 1875 2829 1946 quisque,
2886 1886 2944 1931 ut
3006 1877 3180 1946 aiunt,
3223 1888 3309 1934 est
3353 1880 3565 1935 charis-

1986 1972 2176 2027 simus.
2219 1968 2326 2024 Sed
2353 1968 2481 2038 quid
2520 1966 2648 2022 aio?
2678 1966 2941 2037 Equidem
2984 1969 3169 2024 nescio
3200 1985 3268 2024 an
3313 1971 3391 2026 sis
3426 1987 3563 2026 cre-

1989 2063 2224 2125 diturus,
2255 2059 2431 2113 dicam
2465 2066 2645 2112 tamen
2673 2059 2821 2128 quod
2852 2066 2938 2115 est
2977 2073 3190 2114 verum.
3218 2059 3354 2115 Nam
3376 2060 3422 2115 si
3440 2075 3590 2116 eum.-

1989 2151 2268 2207 nobiscum
2312 2164 2380 2205 ne
2414 2149 2840 2218 comparandum
2871 2150 3090 2219 quidem
3141 2165 3265 2206 esse
3306 2152 3563 2214 dixisses.

1989 2257 2095 2299 non
2132 2242 2206 2299 ita
2253 2240 2467 2297 laxatus
2490 2254 2695 2308 essem,
2723 2255 2788 2295 ac
2813 2238 3099 2311 postquam
3126 2251 3180 2297 te
3210 2257 3564 2313 praeoccupa-

1993 2347 2104 2393 tum
2129 2336 2434 2393 ostendisti.
2463 2336 2616 2391 Adeo
2639 2335 2773 2392 mihi
2805 2337 3014 2392 amicus
3047 2346 3131 2392 est
3159 2338 3262 2405 vir,
3287 2347 3342 2393 et
3369 2324 3564 2392 alnicis

1990 2430 2243 2488 omnibus
2281 2430 2476 2502 potior.
2531 2429 2721 2486 Simile
2750 2438 2932 2487 autem
2964 2431 3110 2487 circa
3126 2432 3578 2496 Demosthenem,

1992 2536 2209 2594 quoque
2236 2522 2369 2577 mihi
2408 2522 2664 2593 quiddam
2696 2521 2951 2593 contigit,
2987 2524 3130 2594 quod
3153 2522 3265 2594 jam
3302 2524 3562 2580 narrabo.

1995 2616 2230 2670 Senator
2281 2614 2502 2684 quidam
2554 2612 2869 2681 Romanus,
2913 2629 2979 2670 ex
3018 2614 3204 2671 Africa
3253 2615 3518 2672 oriundus
3548 2656 3563 2680 ,

1993 2706 2264 2764 Maximus
2310 2707 2551 2772 nomine,
2596 2707 2684 2763 vir
2710 2709 2915 2779 gravis,
2956 2716 3013 2764 et
3044 2718 3236 2765 orator
3272 2710 3419 2765 inter
3454 2708 3568 2764 Ro-

1994 2814 2184 2855 manos
2221 2799 2461 2870 primus,
2495 2810 2555 2856 ttt
2591 2800 2745 2856 aiunt
2767 2800 2971 2871 quibus
3003 2801 3119 2856 haec
3159 2808 3287 2856 sunt
3323 2814 3490 2865 curm,
3524 2802 3583 2857 is

1995 2889 2375 2947 Demosthenis
2411 2892 2754 2949 orationibus
2788 2893 3023 2949 miriﬁce
3058 2904 3178 2950 erat
3214 2892 3485 2957 addictus,
3517 2902 3589 2947 et»

1998 2981 2203 3038 nostris
2247 2997 2467 3054 quoque
2512 2983 2633 3039 istis
2673 2983 2860 3040 nescio
2890 2998 3000 3054 quo
3023 2994 3184 3054 pacto
3232 2985 3568 3057 capiebatur.

1998 3072 2240 3129 Tertiam
2279 3075 2348 3129 ad
2382 3071 2667 3144 Leptinem
2688 3074 2993 3141 orationem
3041 3074 3187 3132 forte
3225 3078 3571 3141 conscripse—

2000 3177 2114 3216 ram
2142 3179 2207 3218 ex
2257 3163 2348 3217 tali
2386 3163 2695 3221 occasione.
2742 3163 2879 3220 Cum
2925 3165 2979 3221 in
3020 3166 3272 3224 manibus
3313 3169 3570 3224 haberem

2001 3250 2379 3309 Demosthenis
2408 3255 2740 3325 orationem,
2797 3266 3087 3328 postquam
3106 3254 3186 3314 ’ad
3216 3259 3393 3329 capita
3422 3261 3572 3327 veni,

2001 3359 2121 3413 quae
2150 3360 2178 3399 a
2212 3342 2439 3412 Leptine
2459 3346 2712 3412 dicenda,
2741 3348 2857 3417 ipse
2885 3348 3286 3419 intercipiebat.
3311 3351 3568 3422 Deposito
3636 3354 3639 3359 ’

2000 3432 2141 3489 libro
2181 3449 2394 3491 mecum
2444 3451 2632 3492 eorum
2683 3441 2957 3509 quoddam
3012 3442 3374 3500 consideravi.
3418 3442 3575 3499 Post-

2001 3538 2161 3594 quam
2198 3533 2385 3584 autem
2419 3528 2525 3583 duo
2553 3528 2645 3584 vel.
2668 3531 2795 3595 tria,
2825 3532 3026 3602 quaead
3060 3548 3173 3588 rem
3204 3535 3570 3603 pertinebant,

2001 3614 2338 3685 inveneram,
2368 3619 2435 3674 ad
2455 3619 2559 3677 alia
2588 3622 2778 3678 deinde
2800 3626 3311 3696 perrexi,atqueita
3344 3631 3591 3685 tentauti-

2002 3721 2216 3778 semper
2272 3710 2414 3765 idem
2454 3713 2714 3784 contigit,
2755 3715 2929 3772 donec
2977 3733 3006 3771 a
3070 3718 3279 3774 iimhria
3334 3722 3595 3777 tunicam.

2005 3796 2243 3866 tandem,
2291 3790 2385 3856 aut
2432 3801 2477 3857 si
2516 3803 2689 3860 mavis
2737 3805 2806 3861 ab
2851 3820 3030 3878 ungue
3081 3808 3294 3865 leonem
3343 3811 3573 3868 absolvi.

2005 3888 2157 3945 lianc
2180 3891 2351 3963 igitur
2379 3894 2679 3951 orationem
2707 3912 2829 3953 cum
2863 3901 2913 3954 ci
2939 3900 3130 3957 vellem
3159 3903 3416 3969 recitare,
3435 3920 3576 3975 pra:-

2004 3984 2116 4039 (Ιὶιὶ
2149 3984 2413 4051 futurum,
2443 3996 2502 4043 ut
2535 3988 2601 4042 ad
2632 3987 2925 4061 Leptinem
2947 3994 3269 4061 adinventa,
3301 4012 3425 4051 cum
3444 4012 3575 4052 ora-

2004 4075 2154 4133 tione
2178 4076 2244 4131 ad
2263 4076 2541 4148 Leptinem
2567 4079 2853 4141 inveniret.
2872 4081 3033 4153 Num,
3052 4086 3271 4157 inquam
3292 4088 3570 4159 iniuriam,

2008 4168 2187 4225 facio?
2213 4168 2348 4224 Tum
2383 4171 2473 4225 ille
2509 4187 2795 4243 generose,
2831 4184 2888 4231 et
2919 4188 2980 4232 ut
3010 4179 3192 4248 quivis
3219 4196 3281 4235 se
3317 4183 3580 4250 gessisset

2005 4258 2309 4329 philologos
2339 4277 2355 4315 :
2388 4263 2467 4316 An
2507 4263 2750 4333 ignoras,
2775 4265 2972 4336 inquit,
3016 4281 3045 4322 a
3082 4268 3443 4326 Demosthene
3493 4288 3581 4327 me

2008 4351 2194 4405 stare?
2223 4352 2290 4407 Et
2329 4368 2471 4423 ego:
2512 4354 2770 4411 Eumdem
2808 4357 2990 4426 igitur,
3026 4359 3268 4429 inquam,
3296 4376 3459 4432 quem
3477 4378 3597 4434 ego.

325 4442 729 4512 Δημοσθένους;
776 4443 968 4511 Κάγὼ,
1014 4444 1107 4498 τὸν
1158 4444 1321 4498 αὑτὸν
1357 4444 1486 4515 ἄρα,
1521 4444 1680 4517 ἔφην,
1716 4445 1837 4516 ἐμοὶ
1854 4446 1897 4478 ¹¹

2012 4442 2168 4505 colis,
2199 4442 2272 4496 ita
2296 4452 2391 4508 ut,
2417 4445 2461 4501 si
2504 4461 2590 4503 me
2624 4445 2836 4511 vicerit,
2881 4463 2989 4503 non
3035 4449 3107 4504 sit
3136 4449 3390 4508 inimicus
3417 4468 3578 4509 coro-

326 4532 619 4602 βουκολεῖς,
652 4533 792 4588 ὥστε
818 4538 867 4589 εί
888 4535 1056 4607 νικῴη
1091 4537 1169 4606 μ’,
1201 4537 1300 4592 οὐκ
1329 4536 1519 4608 ἐχθρὸς
1551 4538 1580 4590 ὀ
1611 4537 1904 4606 στεφανού-

329 4640 507 4691 μενος,
535 4623 651 4677 aur
676 4618 721 4693 ᾧ
752 4625 817 4677 σύ
861 4642 925 4694 γε
955 4624 1110 4695 κάγὼ
1140 4626 1533 4697 συσπεύδομεν.
1570 4625 1660 4691 Ὠς
1687 4626 1744 4680 δὲ
1774 4626 1894 4684 ἐκέ-

325 4715 507 4768 leue"
547 4715 617 4769 τὰ
634 4714 825 4788 Ιβιϐλία
849 4716 907 4771 ὲν
934 4718 1086 4788 μέρει
1110 4716 1383 4772 δεικνύναι
1407 4718 1503 4772 καὶ
1532 4718 1594 4771 τὸ
1619 4717 1898 4789 πρᾶγμα¹⁷

327 4805 577 4876 πανταχῆ
600 4805 803 4876 σπουδὴ
824 4802 912 4877 ἦν,
940 4808 1153 4860 Ούτωσί
1171 4824 1281 4876 τοι,
1303 4807 1441 4877 ἔφην
1468 4807 1601 4877 ἐγὼ,
1628 4808 1711 4861 σοὶ
1730 4806 1905 4861 "causa

330 4894 582 4968 γινώσκω
627 4897 756 4969 περὶ
804 4898 1209 4968 Δημοσθένους,
1263 4900 1357 4954 καὶ
1408 4899 1647 4972 ἡγοῦμαι
1707 4898 1905 4954 ταυτὸν

2011 4534 2245 4599 nandus',
2274 4536 2368 4588 sed
2398 4535 2442 4589 is
2459 4536 2544 4590 cui
2576 4536 2747 4593 simul
2766 4547 2995 4608 uterque
3025 4540 3277 4597 libamus.
3304 4541 3581 4600 Utautetn

2007 4624 2207 4703 422;;
2245 4626 2451 4686 libellos
2486 4628 2702 4684 recitari
2726 4629 2912 4698 jussit,
2948 4642 3003 4686 et
3031 4633 3173 4688 seria
3205 4648 3295 4690 res
3353 4636 3438 4707 agi
3469 4651 3581 4692 cm.-

2011 4719 2109 4787 pit,
2149 4720 2218 4789 ita
2256 4716 2371 4775 fere
2409 4718 2518 4773 dixi
2557 4734 2572 4772 :
2611 4718 2895 4791 Equidem,
2921 4723 2973 4777 ni
3006 4722 3181 4793 fallor,
3213 4727 3355 4781 idem
3380 4728 3446 4782 de
3478 4728 3580 4782 Do-

2011 4811 2295 4865 mostltene
2320 4811 2463 4880 quod
2490 4820 2544 4867 tu
2570 4813 2850 4882 existimo,
2876 4815 3164 4874 diiliculter
3178 4835 3302 4874 eum
3334 4824 3605 4891 superari—

2015 4917 2194 4971 posse.
2238 4903 2332 4961 llis
2364 4905 2567 4963 auditis
2594 4904 2686 4963 ille
2727 4905 2940 4964 laetatus
2974 4919 3080 4973 est,
3124 4912 3605 4981 quemadmodum.

1637 5059 1872 5119 VARIJE
1913 5059 2321 5117 LECTIONES.

404 5175 425 5206 ’
456 5175 590 5231 αὐτὸ
617 5192 725 5231 om.
769 5177 838 5234 Λ.
919 5179 942 5213 ⁸
970 5178 1081 5234 τῶν
1109 5194 1219 5235 om.
1267 5181 1333 5237 A.

330 5247 537 5318 om._A.
627 5247 651 5279 ⁷
674 5248 1072 5315 καλλωπίζεται
1104 5250 1184 5304 A:
1219 5254 1312 5304 καὶ
1339 5247 1832 5318 mxima—311%.

405 5313 686 5391 aliamve;
718 5322 780 5371 A.
866 5313 941 5391 Ξῖ
965 5319 1161 5390 συνέϐη
1193 5321 1239 5354 η
1265 5321 1398 5391 πρὸ-τ
1432 5322 1490 5374 σέ
1517 5313 1625 5376 om.
1673 5322 1734 5377 Α.

411 5385 472 5449 ἐξ
505 5385 677 5457 ἀρχῆς
701 5390 1050 5455 τοιᾶσδεηοιιι.
1093 5385 1158 5447 Α.

334 5455 381 5539 εξ
414 5455 620 5539 θέλξειν
647 5457 841 5539 δείξειν
862 5462 1065 5539 ρεηηειι.
1098 5462 1201 5539 55;.
1251 5463 1297 5494 ει
1325 5455 1611 5539 ιφξυρήτς·
1649 5455 1756 5518 oui.
1780 5455 1854 5516 Ἀ.
1932 5465 1978 5496 υ
2006 5479 2066 5517 σε
2111 5463 2247 5537 ἔφην
2273 5464 2413 5539 ἐγώ]
2436 5455 2497 5535 ξι
2531 5469 2590 5523 Λ.

334 5523 382 5555 ³³⁵
414 5526 702 5579 ἐκέλευσεν
727 5531 790 5581 Δ.
866 5530 908 5562 ’⁷
940 5532 1004 5583 τὸ
1024 5533 1256 5604 πρᾶγμα
1280 5523 1377 5588 (ιηί
1396 5533 1458 5588 .\.

1439 5183 1467 5265 ξ
1490 5182 1761 5265 πανταχῆ]
1789 5199 1843 5252 p.
1890 5183 1985 5265 19_|
2003 5224 2053 5265 ._

1942 5254 1965 5286 ⁸
1992 5252 2086 5328 νῦν
2116 5251 2223 5328 cel
2237 5270 2288 5323 p.
2317 5255 2442 5314 525.
2525 5259 2546 5289 ’
2571 5258 2637 5311 ἂν
2682 5251 2864 5328 τιμῶν
2895 5273 3005 5312 om.
3030 5256 3096 5311 A.

2122 5185 2145 5218 υ
2171 5183 2227 5256 ξι
2257 5170 2361 5256 καί
2393 5186 2481 5241 διὰ
2510 5185 2748 5252 πάντων]
2773 5186 2836 5256 δὴ
2864 5187 2960 5243 καὶ
2985 5185 3238 5247 ἁπάντων
3259 5186 3325 5242 Α.
3403 5188 3423 5220 ο
3453 5188 3605 5256 φασίι

3197 5258 3240 5288 ¹⁰
3267 5274 3348 5311 τοι
3374 5271 3484 5312 om.
3515 5255 3585 5315 Α,

1824 5324 1867 5355 ¹⁸
1914 5324 2047 5398 φασὶ
2066 5354 2138 5398 τι
2164 5319 2470 5398 οὗτοςῌοιιι.
2525 5329 2591 5382 Α.
2673 5326 2716 5358 ¹⁵
2740 5319 2866 5398 καί]
2898 5328 3020 5383 add.
3051 5330 3141 5398 Α.
3185 5325 3241 5398 Α¹⁶
3266 5325 3404 5398 γὰρ]
3431 5326 3486 5378 δὲ

1269 5386 1481 5464 ξεί-εἶχον
1511 5393 1631 5461 μὲν]
1662 5393 1878 5464 εῐχομεν
1905 5386 1968 5448 Λ.

2074 5394 2118 5427 ¹⁹
2140 5396 2232 5449 τὸν
2267 5395 2361 5449 τοῦ
2398 5397 2760 5468 δημοσθένους
2788 5394 2942 5464 λόγον
2969 5400 3033 5454 Δ.
3105 5397 3149 5429 ²⁰
3178 5394 3479 5460 δεῖξαιὸιιι.
3517 5396 3581 5449 Α.

2111 5463 2247 5537 ἔφην
2273 5464 2413 5539 ἐγώ]
2436 5485 2497 5535 γε
2531 5469 2590 5523 Λ.
2668 5466 2716 5500 ³⁸
2742 5466 2858 5539 τοῦ]
2890 5467 3012 5531 τοὺς
3040 5466 3105 5521 Α.
3179 5466 3224 5497 ’⁸
3255 5467 3357 5536 ἔφη
3395 5482 3484 5536 μοι
3516 5468 3581 5528 1L-

1854 5624 2080 5687 LVOTIE.

418 5710 529 5782 (88)
567 5711 718 5767 Iliad.
756 5728 829 5779 νε,
864 5713 952 5771 82.
