4012 6236
476 181 606 250 1531

1627 189 1889 251 PHOTII
1925 190 2431 254 PATRIARCHlE
2460 151 2568 250 ep.

3606 185 3729 249 1522

471 314 578 353 ιιοη
607 297 796 353 eadem
835 311 954 366 qua;
1000 295 1189 366 vulgus
1234 304 1527 367 spectaret,
1571 313 1771 369 paucos
1811 301 2073 364 habebat.

2180 303 2249 356 πό
2280 318 2426 365 τινος
2449 299 2628 369 ῶφθη.
2664 297 2774 352 Kai.
2802 300 2868 369 τῇ
2907 298 3004 369 μὲν
3035 297 3132 369 τῆς
3164 295 3461 360 πολιτείας
3490 296 3726 369 φυλαλῇς

469 390 699 444 similes.
745 387 894 455 Quod
946 401 1130 442 autem
1177 388 1389 443 Socrati
1441 392 1584 443 inter
1623 391 1917 459 sophistas,
1947 393 2049 448 hoc

472 481 546 534 illi
583 481 724 534 inter
749 488 994 535 oratores
1023 495 1050 533 a
1085 490 1277 533 natura
1315 481 1584 550 prmcipue
1613 481 1796 535 datum
1841 482 1960 548 fuit,
1995 492 2052 537 ut

471 572 669 625 elatum
700 572 952 642 populum
986 587 1050 624 ac
1079 572 1481 641 superbientem
1523 571 1781 626 facillime
1809 575 2049 644 compri-

476 671 647 715 meret
683 678 695 714 :
730 662 1106 728 desperantem
1161 676 1378 722 rursus,
1431 669 1485 713 et
1529 659 2053 726 abjectumdicendo

475 760 778 812 revocaret.
812 767 875 805 ac
907 766 1000 818 spe
1033 752 1288 819 repleret,
1319 751 1772 820 quemadmodum
1817 752 1905 806 ille
1930 768 2051 806 cum

473 840 907 894 adolescentibus
931 854 1091 906 agere
1127 839 1356 893 solebat.
1386 837 1621 908 Denique
1643 838 1794 891 urbis
1821 838 2054 906 dignitas

473 944 590 985 erat
618 931 857 986 Pericles
877 971 892 995 ,
922 943 980 984 ut
1021 932 1110 999 qui
1155 945 1252 984 nec
1284 930 1643 985 multitudinis
1672 929 2056 998 cupiditatibus

475 1023 898 1089 obtemperaret,
933 1023 1027 1075 sed
1059 1021 1175 1088 ipse
1207 1020 1400 1090 populo
1428 1020 1738 1087 imperaret,
1779 1035 1879 1073 nec
1913 1021 2056 1088 quod

481 1113 588 1167 illis
621 1112 925 1176 videbatur,
951 1113 1178 1174 diceret,
1214 1113 1305 1165 sed
1348 1113 1491 1181 quod
1526 1110 1720 1182 5231:
1773 1110 1871 1162 sibi
1905 1110 2057 1163 vide-

484 1214 635 1257 retur
673 1204 725 1257 id
756 1203 877 1258 illos
912 1203 1094 1258 facere
1134 1212 1357 1273 cogeret
1393 1221 1406 1256 :
1466 1218 1564 1256 nec
1597 1201 1894 1254 adulatoris
1939 1198 2062 1254 fun-

483 1304 703 1364 geretur
725 1294 923 1362 oﬂicio,
945 1295 1038 1349 sed
1067 1309 1280 1349 omnem
1306 1293 1698 1355 adulatoribus,
1722 1302 1983 1360 quantum
2005 1291 2058 1345 in

2151 394 2246 446 καὶ
2286 391 2363 463 τῷ
2393 391 2452 444 τὸ
2491 391 2605 444 ῐσον
2647 392 2760 454 τοῖς
2791 390 2969 454 ἄλλοις
3001 389 3138 461 ἔχων
3187 387 3518 458 ἀνέχεσθαι,
3548 392 3727 454 κοινὶς,

2151 484 2308 554 είπερ
2346 500 2431 545 τις
2479 481 2804 552 ἀνθρώπων,
2847 482 3175 547 ἐσπούδαζεν
3211 477 3381 544 εἶναι,
3405 479 3485 550 τῷ
3513 481 3566 533 δὲ
3590 483 3734 548 ἀξιώ-

2156 594 2284 648 ματι
2331 577 2429 644 τῆς
2463 574 2686 644 γνώμης
2737 573 2830 627 καὶ
2863 573 2939 643 τῷ
2984 573 3057 644 μὴ
3094 573 3204 626 τῶν
3245 572 3434 625 αὐτῶν
3470 574 3724 641 ἡττᾶσθαι

2152 672 2266 731 τοῖς
2300 667 2513 730 πολλοῖς
2546 665 2746 732 ὀλίγοις
2766 664 3084 717 καταλιπεῖν
3117 649 3502 732 ἐγγὺςέλθεῖν
3529 665 3729 719 ἑαυτοῦ.

2162 763 2230 814 Ὃ
2271 760 2326 812 δέ
2358 760 2403 791 ⁷⁸
2437 775 2603 827 φασιν
2633 757 2871 826 ὑπάρξαι
2923 757 3204 827 Σωκράτει
3251 755 3531 823 σοφιστῶν
3559 757 3600 786 ⁷⁷
3629 757 3734 809 δια-

2158 851 2431 921 φερόντως
2452 890 2466 910 .
2496 847 2641 901 τοῦτ’
2676 848 2870 916 ἐκείνῳ
2897 847 3274 918 δημαγωγῶν·
3314 844 3622 914 ἐπαρθέντα
3647 849 3734 915 μὲν

2156 944 2264 1014 γάρ
2304 942 2395 995 τὸν
2437 941 2605 1010 δῆμον
2638 941 2732 993 καὶ
2783 940 3006 1008 μείζονα
3040 941 3400 1008 φρονήσαντα
3450 939 3735 992 δεινότατον

2156 1028 2294 1085 εἶναι
2325 1032 2600 1084 συστεῖλαι
2624 1030 2717 1083 καὶ
2741 1029 3013 1093 καθελεῖν,
3041 1028 3416 1098 άθυμήσαντα
3439 1027 3497 1080 δὲ
3517 1027 3636 1099 [688
3654 1029 3735 1102 Η.]

2159 1121 2255 1172 καὶ
2282 1118 2686 1172 ταπεινωθέντα
2716 1120 3010 1187 ἀναγαγεῖν
3054 1114 3120 1170 αὖ
3156 1120 3274 1180 τοῖς
3312 1117 3501 1185 λόγοις
3534 1120 3624 1172 καὶ
3651 1138 3737 1188 με·

2124 1280 2134 1290 .
2161 1210 2286 1262 στὸν
2314 1210 2546 1263 ἐλπίδων
2574 1210 2824 1278 ποιῆσαι,
2871 1208 3060 1280 ὥσπερ
3086 1211 3129 1240 ⁷⁸
3159 1210 3380 1268 ἐκεῖνος
3415 1208 3595 1262 εἰώθει
3623 1213 3736 1280 περὶ

2159 1300 2286 1364 τοὺς
2332 1301 2486 1363 νέους
2533 1303 2733 1354 ποιεῖν.
2776 1300 3054 1352 Συνελόντι
3101 1300 3145 1352 δ’
3195 1301 3404 1361 εἰπεῖν,
3440 1300 3622 1369 σχῆμα
3650 1302 3737 1368 τῆς

485 1402 544 1441 se
559 1395 700 1453 erat,
731 1388 1116 1442 intercluderet
1135 1385 1339 1438 aditum
1366 1399 1547 1450 :cum,
1567 1392 1835 1451 quatenus
1861 1383 2062 1450 probus

2175 1393 2369 1454 πόλεως
2401 1387 2469 1462 ἦν
2511 1391 2783 1461 Περικλῆς
2803 1431 2818 1454 ,
2846 1393 2906 1443 οὐ
2937 1391 3205 1445 δουλεύων
3234 1395 3362 1454 ταῖς
3397 1392 3509 1444 τῶν
3543 1392 3736 1447 πολλῶν

486 1488 603 1532 erat
628 1487 683 1534 et
711 1492 915 1547 aequus,
945 1476 1116 1548 patris
1146 1476 1316 1530 vicem
1363 1474 1558 1543 populo
1603 1481 1905 1542 praestaret,
1929 1487 2063 1541 qua-

2175 1480 2508 1549 ὲπιθυμίαις,
2535 1480 2648 1533 ἀλλ’
2681 1481 2841 1543 αὐτὸς
2871 1481 3056 1552 ἄρχων
3090 1481 3198 1534 τῶν
3235 1482 3477 1548 πολλῶν,
3506 1483 3610 1536 οὐδ’
3636 1484 3661 1536 ὅ
3691 1501 3737 1536 τι

490 1580 646 1624 lenus
675 1579 852 1624 autem
882 1583 1070 1624 omnes
1112 1569 1420 1630 coercebat,
1469 1577 1526 1620 et
1572 1565 1626 1619 in
1665 1579 1758 1618 sua
1796 1573 2063 1632 potestate

2175 1574 2363 1639 Ξόξειεν
2393 1573 2623 1637 ἐκείνοις
2652 1575 2810 1628 τοῦτο
2839 1576 3018 1643 λέγειν
3047 1575 3238 1641 ἀξιῶν,
3275 1577 3396 1630 ἀλλ’
3425 1578 3454 1631 ὃ
3478 1595 3529 1631 τι
3557 1578 3738 1642 δόξειεν

489 1661 721 1714 habebat
776 1661 982 1725 omnia,
1035 1659 1317 1728 plusquam
1375 1665 1636 1728 tyrannus
1687 1665 1852 1710 esset.
1911 1653 2062 1710 Unde

2175 1664 2315 1734 αὐτῷ
2356 1664 2500 1718 τοῦτ’
2531 1666 2771 1730 ἐκείνους
2815 1667 3074 1736 πράττειν
3113 1669 3546 1735 ἐπαναγκάζων,
3581 1671 3680 1722 οὐδ’
3701 1673 3737 1703 τ’

488 1741 615 1807 licet
638 1752 916 1806 evidenter
941 1751 1247 1826 perspicere
1281 1749 1564 1812 Periclem,
1599 1747 1644 1802 si
1676 1762 1835 1817 quem
1873 1746 2059 1813 alium,

2175 1756 2220 1805 ὲν
2263 1753 2494 1817 κόλακος
2545 1755 2711 1825 μοίρᾳ
2754 1756 3172 1825 προσκείμενος,
3209 1756 3334 1810 ἀλλ’
3375 1757 3611 1826 οὐδαμοῦ
3644 1761 3739 1820 τοῖς

490 1855 683 1912 sponte
706 1841 907 1909 justum
952 1842 1139 1898 fuisse.
1175 1841 1285 1895 Nec
1328 1843 1470 1894 enim
1517 1855 1742 1909 usquam
1788 1840 2065 1909 iniquitati

2175 1844 2346 1908 κόλαξι
2374 1845 2606 1915 πάροδον
2639 1846 2698 1898 τὸ
2728 1847 2848 1900 καθ’
2873 1847 3036 1900 αὑτὸν
3061 1847 3246 1909 διδοὺς
3281 1849 3354 1912 ⁸⁸,
3391 1851 3458 1918 τῇ
3493 1849 3586 1917 μὲν
3618 1868 3737 1918 χρη-

490 1936 670 2004 potius
707 1950 868 2004 quam
895 1934 1120 2002 iustitiae
1142 1934 1368 1994 studuit,
1403 1949 1502 1986 nec
1537 1941 1595 1986 ut
1623 1931 1882 1998 majorem
1919 1932 2065 1986 obti-

2175 1935 2379 2006 ςτότητι
2411 1937 2506 1989 καὶ
2527 1939 2647 1999 ταῖς
2663 1939 2990 2001 ἐπιεικείαις
3013 1939 3057 1969 ⁸⁸
3085 1939 3141 1990 ἐν
3168 1938 3388 2010 πατρὸς
3411 1938 3488 1992 ὢν
3509 1938 3651 2004 τάξει
3675 1940 3741 2010 τῷ

495 2032 648 2078 neret
677 2024 852 2078 locum
882 2025 1114 2087 curavit,
1151 2039 1272 2077 cum
1305 2023 1355 2075 id
1382 2021 1573 2091 quovis
1603 2020 1890 2075 Pisistrato
1929 2022 2065 2078 faci-

2175 2026 2226 2096 Βή
2238 2045 2340 2096 μῳ,
2380 2027 2458 2098 τῷ
2483 2027 2540 2080 δὲ
2570 2029 2886 2099 κατείργειν
2915 2029 3161 2093 ἅπαντας
3187 2031 3289 2084 καὶ
3321 2029 3485 2084 πάνθ’
3510 2030 3597 2097 ὑφ’
3619 2031 3734 2082 ἐαυ-

493 2113 596 2167 lius
627 2123 808 2182 posset
839 2129 854 2167 :
890 2128 1077 2166 verum
1129 2113 1281 2181 quasi
1318 2128 1496 2166 arcem
1549 2113 1614 2166 ad
1659 2112 1804 2182 leges
1842 2126 2066 2165 servan-

2175 2117 2261 2170 τὸν
2290 2117 2434 2188 ἔχειν
2459 2119 2618 2173 πλέον
2639 2120 2673 2190 ἢ
2699 2119 2978 2191 τύραννος.
3019 2121 3111 2186 Ἐξ
3131 2115 3230 2185 ὧν,
3254 2121 3333 2185 ώς
3358 2120 3558 2185 ἔοικεν,
3583 2120 3740 2184 ἔξεστι

493 2205 591 2259 das
616 2213 670 2258 et
698 2217 890 2259 omnes
919 2205 1278 2258 communiter
1306 2203 1579 2273 juvandos
1619 2213 1961 2272 occupasset,
1990 2205 2065 2258 ita

2177 2211 2366 2278 σαφῶς
2405 2212 2532 2264 ίδεῖν
2561 2213 2676 2278 ὅτι,
2713 2214 2766 2266 εί
2793 2230 2878 2276 τις
2918 2215 3077 2278 ἄλλος
3099 2253 3117 2282 ,
3161 2215 3262 2269 καὶ
3299 2214 3575 2284 Περικλῆς
3618 2211 3739 2266 ἑκὼν

495 2311 555 2351 se
585 2297 829 2367 gerebat.
2175 2299 2408 2364 δίκαιος.
2441 2302 2691 2373 Οὖδαμοῦ
2729 2303 2839 2376 γὰρ
2883 2305 2982 2374 τὴν
3021 2305 3345 2371 πλεονεξίαν
3377 2307 3497 2361 ἀντὶ
3531 2305 3635 2360 τῶν
3667 2303 3742 2357 νό-

495 2405 613 2458 μων
641 2387 951 2458 ὴγάπησεν,
983 2387 1092 2439 οὐδ’
1135 2386 1282 2450 ὅπως
1313 2385 1464 2440 ἔσται
1495 2387 1697 2457 μείζων
1725 2387 1825 2457 τῆς
1853 2386 2064 2454 τάξεως
2103 2391 2417 2463 προύνοήθη
2441 2433 2457 2454 ,
2491 2396 2663 2465 παρὸν
2697 2396 2848 2466 αὐτῷ
2883 2397 3084 2466 μᾶλλον
3155 2399 3369 2461 παντὸς
3437 2386 3738 2466 Πεισιστρά“

492 2497 607 2534 του·
635 2481 750 2534 ἀλλ’
783 2476 851 2552 ἦν
892 2481 1274 2550 παραπλήσιος
1303 2479 1586 2551 κατέχοντι
1627 2479 1724 2552 τὴν
1769 2480 2070 2552 ἀκρόπολιν
2143 2482 2236 2536 ἐπὶ
2266 2484 2341 2554 τῷ
2373 2484 2569 2551 σώζειν
2595 2489 2722 2552 τοὺς
2746 2489 2946 2560 νόμους
2971 2491 3065 2544 καὶ
3090 2489 3170 2562 τῷ
3215 2490 3433 2553 πάντας
3495 2486 3555 2543 εὖ
3584 2490 3737 2542 ποιεῖν

496 2576 561 2628 ἐκ
590 2574 754 2645 μέσου
784 2573 901 2645 [τοῦ
930 2574 1186 2645 δημοσίου
1209 2572 1302 2644 ⁸¹].

571 2665 687 2738 [Sic
729 2666 917 2721 forte:
955 2667 1097 2738 quod
1136 2668 1193 2738 in
1241 2666 1418 2720 medio
1449 2666 1616 2734 jacet,
1647 2666 1854 2735 mquale
1899 2675 2001 2730 est,
2032 2668 2076 2721 si

497 2737 650 2808 diras
692 2752 903 2808 omnes,
952 2737 1097 2790 velut
1128 2737 1183 2808 in
1225 2740 1410 2790 orbem
1447 2739 1637 2803 fertur,
1690 2738 1772 2793 vel
1815 2740 1941 2808 quia
1980 2754 2078 2792 arx

502 2806 679 2861 media
711 2807 850 2876 jacet
889 2807 940 2860 in
969 2805 1149 2878 urbe.]

575 2897 646 2949 At
687 2905 975 2967 postquam
1021 2897 1111 2952 ille
1157 2907 1402 2952 mortuus
1443 2907 1548 2963 est,
1595 2899 1705 2966 1am
1739 2908 1795 2955 et
1835 2899 2077 2954 Siciliam

504 2987 870 3053 somniabant,
904 2997 960 3043 et
995 2989 1199 3043 Italiam
1235 2989 1584 3054 affectabunt,
1610 3000 1664 3043 et
1696 2990 2075 3061 Carthaginem

2253 2659 2403 2737 [Οἷον
2431 2664 2588 2737 imor
2623 2665 2686 2737 τὸ
2713 2665 2828 2737 γὰρ
2864 2665 2928 2737 ἐκ
2973 2666 3140 2735 μέσου
3187 2664 3494 2737 φερόμενον
3530 2663 3637 2737 ἴσον
3659 2655 3738 2737 ἐπὶ

2181 2733 2388 2799 πάντας
2418 2735 2606 2804 ὥσπερ
2640 2733 2733 2788 ἐπὶ
2767 2733 3274 2806 κύκλουήφέρεταιί
3308 2736 3342 2806 ἢ
3385 2736 3468 2787 ὃτι
3518 2734 3550 2804 ή
3595 2733 3736 2801 ἁκρό·

2181 2808 2334 2868 πολις
2367 2806 2508 2876 μέση
2539 2808 2714 2858 κεῖται
2743 2805 2844 2873 τῆς
2873 2805 3124 2878 πόλεως.]

2264 2898 2484 2967 Ἐπειδὴ
2521 2897 2567 2931 ⁸³
2599 2897 2655 2950 δὲ
2690 2897 3038 2968 ἐτελεύτησεν
3085 2899 3293 2961 ἐκεῖνος
3314 2936 3329 2960 ,
3375 2893 3738 2965 ώνειροπόλουν

2184 2989 2283 3060 μὲν
2310 2989 2560 3042 Σικελίαν
2582 3030 2597 3052 ,
2639 2989 2852 3057 ἐφίεντο
2877 2989 2932 3041 δὲ
2963 2988 3217 3052 Ἰταλίας,
3237 2987 3511 3054 ὠρέγοντο
3530 2985 3583 3037 δὲ
3609 2985 3736 3051 Καρ-

501 3089 668 3148 atque
699 3080 937 3135 Africam
970 3083 1317 3151 appetebant,
1366 3091 1528 3150 atque
1557 3082 1738 3136 omnia
1764 3084 2073 3152 circumspi-

2185 3078 2406 3149 χηδόνος
2434 3079 2528 3130 καὶ
2556 3077 2784 3148 Λιϐύης,
2813 3077 3023 3140 πάντας
3049 3077 3092 3130 δ’
3119 3075 3446 3147 ἀνθρώπους
3478 3072 3736 3143 περιεσκὸο

500 3169 738 3234 ciebant,
773 3185 870 3224 nec
909 3170 1040 3239 ipsis
1082 3173 1374 3241 quidquam
1422 3171 1739 3238 sufﬁciebat,
1774 3183 1827 3226 et
1867 3174 2077 3244 longio-

505 3277 620 3316 rem
677 3262 800 3317 belli
860 3261 1108 3318 fecerunt
1157 3265 1525 3332 appendicem.
1581 3264 1703 3320 llzee
1759 3279 1975 3332 autem,
2045 3283 2078 3322 ο

505 3351 684 3418 Plato,
711 3365 763 3407 et
790 3353 1066 3418 Socrates,
1096 3354 1362 3410 suadebat
1393 3364 1571 3410 vester
1607 3369 1710 3408 uou
1739 3356 1941 3420 socius,
1986 3356 2084 3411 sed

506 3445 728 3513 sodalis,
769 3455 827 3499 ut
867 3453 926 3499 tu
962 3446 1164 3500 dixeris
1207 3461 1274 3498 an
1329 3447 1508 3515 potius
1553 3447 1763 3501 dixisti.
1815 3446 2081 3512 Quocirca

506 3536 632 3602 quis
659 3549 722 3589 ea
757 3535 838 3589 vel
864 3535 1010 3604 iuste
1037 3534 1251 3598 Pericli,
1280 3535 1362 3589 vel
1399 3551 1504 3589 non
1541 3537 1850 3590 necessario
1883 3539 2084 3592 tribuat

509 3627 819 3682 Alcibiadi?
856 3628 957 3694 Qui
991 3628 1288 3695 civitatem,
1320 3643 1481 3695 quam
1529 3638 1812 3697 acceperat
1841 3630 2084 3685 consiliis

506 3719 880 3787 obtemperare
904 3718 1190 3785 valetttem,
1225 3720 1276 3773 in
1312 3719 1468 3772 talem
1502 3716 1740 3772 furoreut
1765 3719 1874 3786 egit
1895 3719 1918 3773 ?
1939 3720 2082 3786 Quo-

511 3807 655 3861 circa
692 3824 816 3862 cum
857 3810 985 3862 nulli
1019 3821 1167 3873 esset
1194 3809 1346 3864 lucro
1379 3810 1612 3876 deditus,
1655 3809 1878 3878 iustitia;
1909 3811 2084 3864 mani-

510 3899 704 3953 festum
761 3903 922 3954 dabat
983 3902 1282 3970 specimen,
1331 3913 1389 3955 ut
1433 3912 1488 3956 et
1535 3903 1924 3971 temperantiae,
1958 3901 2083 3954 dum

492 3989 676 4064 ‘vitam
709 3991 1006 4043 modestam
1049 3989 1305 4057 voluptati
1343 3991 1664 4058 prazferebat
1703 4009 1718 4046 :
1754 3991 2086 4046 fortitudinis

513 4081 700 4145 etiam,
731 4096 853 4134 cum
878 4097 981 4135 non
1013 4081 1079 4136 ad
1102 4081 1330 4150 gratiam
1362 4097 1457 4137 nec
1487 4083 1778 4148 submisse,
1803 4083 1895 4136 sed
1923 4083 2087 4137 liber-

515 4171 651 4224 rime
680 4186 803 4224 cum
839 4170 1032 4252 popon
1058 4171 1270 4240 agebat.
1315 4169 1558 4239 Denique
1587 4185 1708 4224 cum
1737 4171 1885 4225 solus
1916 4180 1970 4225 et
2001 4169 2087 4224 fu-

517 4272 634 4317 tura
665 4264 935 4332 praescire,
985 4273 1040 4318 et
1087 4264 1444 4331 praesentibus
1489 4266 1564 4318 uti
1604 4263 1866 4332 potuerit,
1893 4264 2087 4317 merito

513 4355 812 4424 prudentiae
849 4354 1082 4420 laudem,
1123 4357 1166 4408 si
1193 4355 1317 4424 quis
1355 4369 1441 4408 res
1468 4357 1729 4409 humanas
1755 4355 2082 4417 consideret,

2182 3185 2342 3234 πουν,
2373 3169 2536 3240 ἤρκει
2581 3168 2638 3221 δὲ
2671 3169 2857 3232 αὐτοῖς
2885 3168 3062 3232 οὐδὲν,
3099 3168 3451 3240 μακροτέραν
3475 3167 3522 3199 ⁸³
3568 3166 3620 3217 δὲ
3657 3163 3732 3216 τοῦ

2182 3259 2422 3328 πολέμου
2447 3261 2545 3330 τὴν
2576 3259 2928 3331 παρενθήκην
2957 3260 3289 3330 ἐποιήσαντο
3316 3260 3385 3312 ⁸⁵.
3431 3257 3490 3311 Ὀ
3510 3257 3564 3310 δὲ
3591 3255 3735 3308 ταῦτα

2183 3352 2386 3406 πείθων
2415 3347 2504 3422 ἦν,
2533 3347 2578 3404 ὦ
2607 3351 2831 3405 Πλάτων
2859 3369 2917 3404 τε
2953 3351 3046 3404 καὶ
3072 3350 3402 3422 Σώκρατες,
3435 3351 3464 3402 ὀ
3495 3348 3733 3419 ἡμέτερος

2183 3444 2441 3506 κοινωνὸς
2474 3443 2570 3514 μὲν
2601 3443 2702 3496 οὐκ
2734 3442 2881 3496 ἐστιν
2914 3443 3111 3507 είπεῖν,
3144 3442 3366 3512 ἑταῖρος
3393 3439 3448 3492 δὲ
3474 3438 3566 3492 καὶ
3593 3436 3732 3498 αὐτὸς

2183 3534 2249 3589 ἂν
2275 3536 2440 3606 φαίης
2459 3577 2473 3602 ,
2509 3534 2710 3606 μᾶλλον
2741 3534 2785 3587 δ’
2832 3533 3080 3604 εἴρηκας.
3114 3533 3237 3594 Πῶς
3264 3532 3363 3586 οὖν
3389 3533 3454 3586 ἄν
3486 3546 3563 3592 τις
3588 3527 3734 3580 ταῦτα

2183 3626 2404 3690 δικαίως
2450 3625 2780 3696 κατηγοροίη
2828 3624 3188 3695 Περικλέους,
3236 3624 3271 3695 ἦ
3325 3621 3444 3684 πῶς
3490 3621 3585 3672 οὐκ
3624 3618 3733 3669 ἀνα-

2185 3718 2394 3788 γκαίως
2431 3716 2794 3783 ’Δλκιϐιάδου,
2821 3716 2969 3780 ὅστις
3000 3715 3337 3788 παραλαϐὼν
3364 3713 3523 3787 [1275
3546 3708 3630 3779 ιι]
3653 3707 3734 3778 τὴν

2189 3809 2346 3863 πόλιν
2382 3808 2583 3862 εἰδυῖαν
2614 3807 2834 3862 ἀκούειν
2858 3806 3196 3878 συμϐούλων,
3225 3803 3326 3860 εἷθ’
3356 3804 3527 3867 οὕτως
3565 3800 3733 3867 ἐξέμηο

2186 3918 2309 3968 νεν;
2339 3899 2550 3954 Οὐκοῦν
2581 3899 2628 3931 ⁸⁸
2671 3898 2750 3970 τῷ
2783 3899 2881 3969 μὲν
2928 3899 3165 3962 ἅπαντος
3191 3897 3235 3930 ⁸⁷
3278 3896 3504 3967 κέρδους
3531 3890 3732 3962 κρείττω

2186 3994 2449 4063 παρέχειν
2483 3992 2674 4046 ἑαυτὸν
2703 3991 3048 4062 δικαιοσύνην
3075 3990 3258 4044 ἀσκῶν
3287 3990 3448 4059 δῆλος
3483 3982 3568 4057 ἦν,
3595 3979 3661 4050 τῷ
3682 3977 3728 4030 δὲ

2186 4081 2278 4134 τὸν
2304 4082 2360 4135 ἐν
2387 4080 2537 4145 τάξει
2563 4080 2676 4150 βίον
2707 4081 2828 4134 ἀντὶ
2847 4080 2894 4114 ⁸⁸
2915 4080 3009 4133 τοῦ
3037 4079 3172 4149 πρὸς
3199 4079 3396 4151 ἡδονὴν
3422 4071 3729 4146 προῃρῆσθαι

2188 4171 2540 4242 σωφροσύνης
2574 4171 2756 4223 πίστιν
2788 4171 3078 4242 παρείχετο
3111 4171 3352 4242 ἐμφανῆ.
3384 4168 3493 4224 Καὶ
3529 4165 3624 4236 μὴν
3650 4162 3727 4215 ἀν·

2185 4261 2366 4330 δρείας
2398 4278 2460 4329 γε
2491 4264 2547 4313 ὲν
2587 4257 2666 4324 οἷς
2699 4261 2758 4314 οὐ
2801 4261 2938 4331 πρὸς
2974 4262 3133 4332 χάριν
3180 4261 3292 4315 οὔδ’
3319 4253 3702 4315 ὑποπεπτωκὼς
3712 4289 3724 4311 ς

2187 4352 2300 4404 ἀλλ’
2325 4353 2399 4416 ώς
2429 4348 2540 4406 οἶόν
2569 4371 2626 4406 τε
2655 4353 2889 4423 μάλιστα
2919 4352 3222 4424 ἐλευθέρως
3251 4353 3446 4423 ὡμίλει
3474 4348 3547 4418 τῷ
3571 4345 3722 4414 δήμῳο

515 4455 906 4513 consequatur.
949 4446 1090 4515 Ergo
1126 4461 1286 4515 quem
1319 4446 1383 4500 de
1413 4447 1627 4501 cunctis
1663 4447 1882 4501 virtutis
1916 4449 2073 4517 parti

2189 4441 2365 4506 Μόνος
2397 4443 2576 4495 τοίνυν
2600 4445 2694 4496 καὶ
2732 4444 2800 4496 τὰ
2831 4443 3095 4512 μέλλοντα
3121 4444 3344 4497 ἔσεσθαι
3373 4437 3620 4513 προειδὼς
3649 4432 3726 4486 καὶ

513 4540 633 4604 bus,
665 4537 789 4592 licet
821 4537 1035 4603 fortem,
1062 4537 1290 4606 justum,
1327 4540 1669 4608 prudentem,
1694 4546 2085 4608 temperantem

514 4645 731 4695 vocare,
764 4645 886 4686 eum
937 4631 1080 4685 inter
1132 4633 1437 4703 adulatores
1475 4629 1629 4684 Plato
1677 4630 1898 4700 posuit?
1949 4630 2089 4684 Nam

514 4718 776 4788 loquaces,
810 4721 1004 4787 inquit,
1035 4722 1253 4787 otiosos,
1296 4719 1494 4792 424α
1528 4723 1763 4790 ignavos,
1787 4730 1834 4774 et
1873 4737 2087 4784 avaros,

516 4821 788 4880 postquam
812 4813 1071 4879 stipendia
1103 4813 1265 4880 jum‘t
1303 4811 1496 4879 facere,
1531 4812 1867 4864 Athenienses
1911 4809 2090 4863 reddi-

517 4902 614 4953 dit.
643 4903 721 4957 Ac
742 4903 809 4958 de
839 4902 1172 4972 loquacibus,
1219 4903 1410 4958 otiosis
1439 4912 1493 4956 et
1534 4901 1764 4972 ignavis,
1792 4899 1967 4966 Plato,
2002 4899 2088 4953 iu-

518 4992 694 5064 didetn
720 5004 969 5064 supputa.

2188 4537 2302 4598 τοῖς
2335 4535 2566 4606 παροῦσι
2596 4536 2904 4607 χρήσασθαι
2925 4537 2970 4570 ⁸³
3005 4536 3256 4609 δυνηθεὶς
3288 4536 3406 4599 πῶς
3438 4535 3533 4586 οὐκ
3559 4528 3618 4582 ἂν
3652 4540 3722 4576 σοι

2191 4625 2320 4695 φίας
2342 4625 2564 4688 δικαίως
2589 4626 2745 4690 δόξαν
2769 4627 2986 4696 φέροιτο
3019 4629 3117 4698 τῆς
3154 4628 3220 4696 γέ
3260 4646 3362 4680 που
3414 4614 3724 4696 χρησιμωτά-

2190 4733 2313 4785 της,
2342 4717 2395 4768 εἴ
2423 4734 2504 4779 τις
2537 4717 2888 4788 ἀνθρωπίνως
2915 4717 3087 4772 ἐθέλοι
3103 4719 3443 4788 λογίζεσθαις
3474 4711 3578 4768 Εἶθ’
3603 4709 3654 4762 ὃν
3674 4702 3721 4767 ἐξ

2196 4809 2454 4864 ἁπάντων
2509 4809 2620 4863 τῶν
2679 4813 2779 4880 τῆς
2826 4811 3027 4881 ἀρετῆς
3075 4812 3278 4882 μορίων
3319 4810 3545 4878 ὑπάρχει
3581 4812 3721 4870 προσ·

2198 4902 2374 4953 ειπεῖν
2400 4901 2663 4970 ἀνδρεῖον,
2687 4899 2914 4966 δίκαιον,
2944 4900 3226 4970 φρόνιμον,
3259 4901 3505 4968 σώφρονα
3521 4935 3535 4954 ,
3560 4887 3718 4943 τοῦτον

2192 4991 2418 5045 Πλάτων
2433 4991 2570 5062 μετὰ
2585 4991 2697 5046 τῶν
2721 4991 2969 5046 κολάκων
2986 4994 3279 5064 ἠρίθμησε·
3304 4991 3532 5050 Addam;
3545 4983 3586 5015 ’°
3609 4977 3718 5047 γὰρ»

518 5087 704 5156 φησὶν,
736 5086 1085 5153 Ἀθηναίους
1107 5084 1466 5150 ἐποίησεκαὶ
1491 5084 1710 5154 ἀργοὺς
1728 5084 1823 5138 καὶ
1849 5083 2087 5150 δειλοὺς
2123 5083 2222 5137 καί
2270 5083 2708 5152 φιλαργύρους,
2753 5086 2840 5151 εὶς
2912 5085 3287 5156 μισθοφορὰν
3356 5074 3712 5142 καταστήσας·

519 5177 656 5248 Περὶ
691 5177 789 5248 μὲν
816 5177 882 5248 δὴ
923 5175 1121 5243 λάλων,
1151 5170 1198 5229 ὦ
1229 5176 1473 5243 Πλάτων,
1504 5178 1599 5230 καὶ
1627 5178 1813 5248 ἀργῶν
1847 5177 1939 5230 καὶ
1971 5176 2157 5229 δειλῶν
2184 5175 2406 5229 αὐτόθεν
2436 5175 2730 5243 κατάϐαλε,

1800 5313 2032 5368 VARIAS
2073 5312 2479 5372 LECTIONES.

593 5426 638 5456 το
666 5424 694 5476 δ
714 5423 793 5496 δέ]
825 5441 879 5496 ρ,
914 5423 1036 5481 198.

1140 5425 1184 5496 7⁷
1219 5426 1486 5496 σοφιστῶν
1525 5425 1794 5496 σωκράτει
1822 5427 1888 5481 Δ.

525 5493 866 5563 ἐπιεικείαιςι

929 5495 1198 5560 ἐπιεικείᾳ
1243 5495 1308 5550 A.

1983 5427 2028 5458 ⁷⁸
2058 5425 2266 5496 ὥσπερ]

1406 5497 1452 5527 ει
1489 5495 1582 5549 τοῦ
1627 5498 1882 5565 δημοσίου
1937 5512 2044 5550 om.
2095 5499 2158 5550 Λ.
2215 5495 2278 5565 ί⁸³
2323 5495 2530 5565 ἐπειδὴ]

524 5578 634 5614 om.
660 5564 724 5617 A.
795 5562 1082 5628 Μοὐκοῦν]
1113 5583 1163 5631 p.
1191 5564 1316 5618 209.
1381 5563 1429 5597 ⁸⁷
1460 5562 1716 5631 ἅπαντος]
1752 5566 1896 5619 άπαν
1918 5566 2009 5618 τοῦ
2046 5567 2110 5619 Λ.

2297 5427 2530 5500 ὅπως
2603 5427 2648 5458 ’³
2679 5425 2788 5500 9'56:
2838 5428 2915 5500 ἐν,
2976 5425 3226 5500 ⁶⁰διδούς
3269 5441 3383 5500 om:
3417 5425 3474 5500 6-
3543 5407 3711 5500 ’ἶῖῗῗῖἱ

2518 5495 2534 5571 l
2580 5512 2632 5564 ιιι
2669 5497 2812 5571 ,ἳοῖε
2879 5497 2924 5528 ⁸⁸
2965 5497 3305 5571 μαξρρτέραν
3366 5491 3708 5571 “bis”???

2187 5564 2232 5639 δέ
2278 5566 2399 5617 ἀντὶ
2445 5557 2538 5639 τού
2581 5557 2722 5636 ’πρὸς
2755 5567 2838 5637 ἠδ.
2871 5557 3232 5639 προῃρῆσοαί]
3278 5557 3591 5637 προῃρῆσθαι
3631 5560 3707 5599 τον

527 5634 662 5700 πρὸς
689 5632 770 5703 ἠδ.
805 5633 865 5686 Δ.
945 5635 988 5665 ⁸9
1019 5633 1252 5704 χρῆσθαι
1276 5637 1337 5690 Λ.
1407 5638 1452 5670 ⁹⁰
1476 5636 1688 5706 λάλους]
1709 5632 1822 5690 ’244
1849 5655 1878 5690 a
1912 5637 1958 5692 l.
1987 5636 2329 5706 καταστήσας
2360 5652 2466 5692 οιιι.
2490 5637 2550 5688 Λ.
