4012 6236
363 255 504 321 1533

399 367 494 432 Μή
520 366 638 442 πού
665 384 753 442 τις
780 369 877 422 καὶ
918 369 1112 442 Τρῶας
1135 371 1401 441 ἐγείρῃσι
1424 375 1466 406 ⁹¹
1493 377 1626 442 θεὸς
1654 376 1865 442 ἄλλος.

403 439 711 492 Κατάϐαλε
733 440 798 501 ⁹¹,
830 440 1112 504 κατάθου,
1147 439 1448 506 πέπαυσο,
1485 439 1649 512 σίγα.

364 532 436 584 Σὺ
461 531 518 584 δέ
539 533 584 563 ⁸³
617 533 958 603 Μαντινικὴν
983 535 1082 603 μὲν
1111 537 1158 568 9‘
1193 535 1352 607 ξένην
1385 539 1478 592 καὶ
1519 540 1795 611 Μιλησίαν
1827 540 1949 594 ἐπί-

365 639 561 676 στασαι
590 625 836 692 κοσμεῖν,
868 627 963 677 καὶ
991 625 1243 692 οὖστινας
1275 629 1338 683 ἄν
1363 647 1444 684 σοι
1473 630 1604 701 δοκῇ
1630 671 1646 694 ,
1678 632 1821 685 πάνυ
1853 634 1950 702 ῥᾳ-

362 715 489 778 δίως
517 714 771 784 μεγάλων
795 716 1053 785 ἠξίωσας·
1078 719 1186 772 τῶν
1211 719 1269 773 δὲ
1303 720 1572 790 Ἑλλήνων
1601 724 1725 785 τοὺς
1745 724 1949 794 ἄκρους

363 808 458 860 καὶ
487 807 639 878 παρὰ
673 810 809 861 πᾶσι
841 808 1210 880 βεϐοημένους
1237 811 1364 882 [689
1395 812 1490 884 IL]
1516 816 1574 866 ἐν
1605 813 1791 885 φαύλῳ
1815 815 1948 868 καθ-

364 903 560 970 αιρεῖς.
605 902 788 954 Αἴτιον
830 901 875 954 δ’
914 903 975 955 οὐ
1006 903 1067 956 τὸ
1094 905 1308 972 ἀγνοεῖν
1335 906 1436 977 τὴν
1464 906 1644 972 ἀξίαν,
1671 907 1806 961 ἀλλὰ
1833 907 1951 971 πῶς

365 991 435 1043 ἂν
464 991 676 1059 εἴποιμι
701 991 1031 1060 εὐπρεπῶςς
1067 995 1272 1064 σφόδρα
1306 995 1414 1062 τῶν
1439 995 1614 1064 λόγων
1652 998 1698 1029 ⁸⁸
1728 998 1874 1068 γίνῃ.

765 1085 964 1155 λέσχης
989 1085 1118 1157 γίνῃ
1143 1089 1239 1141 καὶ
1268 1089 1328 1140 οὑ
1347 1089 1446 1158 τῆς
1470 1089 1579 1142 τῶν
1607 1091 1952 1160 πραγμάτων

444 1245 568 1310 Πῶς
599 1246 665 1300 ἂν
681 1248 728 1279 ⁹⁶
752 1246 837 1316 εἴη
863 1248 1210 1320 διεφθαρκὼς
1229 1250 1275 1281 ⁹⁷
1308 1250 1623 1322 ’Λθηναίους
1651 1253 1684 1324 ἢ
1719 1252 1837 1316 πῶς
1859 1252 1955 1306 λά·

368 1338 496 1400 λους
545 1338 893 1410 πεποιηκὼς,
941 1342 1000 1404 ὃς
1033 1359 1097 1408 γε
1136 1343 1238 1395 κάν
1288 1345 1403 1407 τοῖς
1445 1344 1624 1411 λόγοις
1668 1345 1852 1408 αὐτοῖς
1893 1345 1955 1398 τδ

375 1431 546 1501 μηδὲν
579 1432 798 1501 φαύλως
835 1433 958 1503 μηδ’
990 1435 1111 1504 εἰκῆ
1148 1436 1388 1503 τιμήσας
1414 1436 1699 1504 φαίνεται;
1734 1437 1956 1491 τούναν-

370 1525 488 1577 τίον
520 1524 628 1594 γὰρ
657 1523 845 1593 ἔμοιγε
875 1527 984 1578 πᾶν
1022 1527 1220 1589 αὐτοὺς
1250 1526 1427 1579 ἐθίσαι
1456 1528 1639 1593 δοκεῖ,
1694 1530 1833 1600 μήτε
1865 1529 1955 1581 λέ-

370 1633 493 1683 γειν
520 1617 667 1678 ὅπως
696 1616 856 1687 ἔτυχε
886 1618 1053 1686 μηδὲν
1086 1620 1222 1687 μήτε
1262 1623 1434 1673 ποιεῖν
1463 1621 1572 1674 ἀπὸ
1600 1620 1696 1673 τοῦ
1733 1620 1952 1691 πρώτου

1384 264 1915 328 BIBLIOTIIECA.
1944 291 2010 307 ·-
2047 267 2210 330 COD.
2245 269 2606 332 CCXLVIII.

1980 380 2036 439 A

3490 267 3628 335 153A

2202 381 2286 456 {Ve
2315 383 2429 450 quis
2461 381 2599 456 forte
2622 381 2750 434 deus
2779 379 3038 456 Trojano:
3072 382 3260 438 excitet
3295 400 3540 456 usquam,

2191 452 2454 522 Suppula,
2495 452 2714 520 depone,
2747 455 2970 520 quiesce,
3005 462 3140 507 tace.

2049 549 2119 601 At
2179 556 2235 600 tu
2283 544 2677 598 Man’tinensem
2751 544 2968 612 quidem
3016 545 3337 614 hospitam,
3377 553 3426 599 et
3476 545 3630 600 Mile-

2051 639 2185 694 siam
2219 637 2416 691 novisti
2465 636 2704 696 laudare,
2749 651 2824 690 ac
2876 652 3234 705 quoscunque
3286 637 3436 701 libet,
3473 637 3631 694 facile

2052 731 2314 800 praedicas
2343 747 2357 782 :
2386 728 2700 783 Grzrcorum
2729 738 2907 782 autem
2938 729 3231 797 principes,
3256 730 3453 799 ubique
3486 732 3634 784 cele-

2054 824 2198 885 hres,
2256 832 2458 876 temere
2514 821 2792 889 dcprimis.
2837 821 2891 873 ld
2947 829 3124 874 autem
3187 837 3251 874 eo
3297 821 3446 877 facis.
3489 822 3631 890 quod

2055 915 2368 984 dignitatem
2416 928 2602 965 eorum
2650 929 2754 965 non
2794 915 3126 980 'cognoscas,
3167 913 3258 965 sed
3311 921 3369 966 ιιι
3411 915 3637 968 hones“)

2056 1008 2256 1068 dicam,
2292 1005 2517 1059 nimium
2546 1005 2786 1058 sermoni
2832 1004 3100 1073 indulges.

2127 1095 2277 1170 [γίνῃ
2299 1111 2394 1167 pro
2424 1095 2761 1166 garrulitate,
2799 1111 2904 1148 non
2935 1110 3034 1165 pro
3070 1094 3146 1148 rei
3182 1093 3464 1166 veritate.)

2128 1257 2408 1323 Quomodo
2438 1255 2610 1324 potuit
2643 1253 2998 1308 Athenienses
3026 1266 3397 1320 corrumpere,
3436 1252 3518 1305 vel
3553 1252 3636 1306 lo-

2056 1364 2258 1419 quaces
2303 1350 2529 1402 reddere
2583 1343 2910 1418 [Pericles],
2969 1343 3060 1411 qui
3122 1347 3284 1398 etiam
3341 1345 3394 1396 in
3443 1345 3638 1399 vestris

2058 1444 2212 1498 libris
2244 1443 2394 1510 ipsis,
2423 1456 2489 1494 ne
2513 1442 2639 1507 quid
2675 1449 2820 1492 esset
2852 1449 3055 1492 temere
3081 1437 3373 1506 prolatum,
3405 1438 3634 1491 caverit.

2059 1535 2312 1602 Quinitno
2351 1542 2537 1586 contra
2590 1531 2721 1584 mihi
2764 1531 2976 1582 videtur
3015 1544 3110 1583 eos
3157 1528 3529 1592 assuefecisse,
3571 1543 3641 1582 ne

2061 1627 2187 1694 quid
2222 1635 2423 1678 temere
2463 1625 2702 1676 dicerent
2757 1621 2840 1674 vel
2890 1621 3152 1675 facerent.
3199 1622 3400 1676 Deinde
3432 1622 3484 1674 in
3534 1620 3638 1674 alia

375 1709 778 1777 παραστάντος.
815 1710 934 1762 Ἔτι
963 1710 1007 1762 δ’
1034 1710 1080 1742 ’⁸
1116 1711 1276 1765 ἄλλου
1307 1711 1408 1781 μέν
1447 1729 1592 1775 τινος
1627 1715 1957 1781 πράγματος

2067 1717 2275 1784 quidem
2321 1730 2378 1768 re
2416 1730 2522 1769 nou
2561 1723 2702 1767 esset
2751 1713 2984 1766 fortasse
3029 1714 3207 1781 magni
3247 1713 3504 1766 momenti
3535 1727 3632 1765 co-

377 1803 714 1872 σκήπτεσθαι
761 1804 999 1873 μάρτυρι
1045 1804 1337 1874 κωμῳδίας
1361 1807 1404 1838 ⁸³
1455 1805 1763 1876 διδασκάλῳ
1815 1806 1958 1875 τάχα

375 1893 444 1945 ἂν
467 1893 569 1944 οὐκ
601 1892 819 1962 ἰσχυρὸν
847 1888 935 1963 ἦν·
968 1896 1048 1957 είς
1071 1893 1128 1947 δὲ
1150 1895 1322 1962 λόγων
1351 1897 1534 1965 κρίσιν
1561 1898 1634 1968 μή
1669 1914 1797 1950 ποτε
1817 1897 1959 1949 οὕτω

375 1983 573 2054 σεμνὸς
601 1983 862 2053 γενοίμην
895 1983 1025 2038 ὥσθ’
1061 1985 1337 2056 ὑπεριδεῖν
1367 1987 1476 2040 τῶν
1507 1989 1715 2058 ἀνδρῶν
1745 1989 1957 2042 τούτων

373 2075 450 2138 ὡς
470 2075 682 2139 οὐδενὸς
705 2075 892 2141 ἀξίων.
935 2078 995 2130 '0
1022 2078 1122 2148 μὲν
1154 2079 1170 2110 ί
1197 2079 1309 2132 τῶν
1348 2080 1667 2149 Ἐλληνίδων
1694 2082 1958 2151 μεγίστην

373 2167 403 2219 ὁ
448 2168 716 2238 Κρατῖνος
759 2168 859 2236 τὴν
901 2168 1114 2221 ἐκείνου
1165 2169 1413 2236 γλῶτταν
1465 2171 1654 2241 εἴρηκε
1681 2173 1700 2202 ³
1726 2210 1742 2233 ,
1784 2171 1959 2238 λέγων

377 2258 478 2328 μὲν
503 2258 615 2311 ῐσον
634 2276 686 2312 τι
719 2259 814 2312 καὶ
839 2259 1048 2328 φωνὴν,
1084 2260 1354 2329 ἀναμίξας
1383 2261 1512 2314 δέτι
1544 2265 1643 2332 τῆς
1676 2263 1827 2334 παρὰ
1859 2262 1957 2332 τῆς

376 2350 574 2422 τέχνης
612 2352 835 2423 πικρίας
865 2357 981 2416 τοῖς
1015 2353 1124 2406 ἀπὸ
1167 2354 1268 2422 τῆς
1311 2353 1588 2423 ἀληθείας.
1633 2355 1824 2424 Ὅμως
1857 2355 1902 2408 δ’
1934 2354 1957 2386 ³

375 2441 477 2496 οὐκ
503 2443 736 2511 ἐξέφυγε
757 2441 818 2495 τὸ
842 2443 918 2513 μὴ
940 2444 1000 2496 οὐ
1030 2443 1100 2495 τὰ
1129 2442 1322 2513 πρῶτα
1345 2443 1529 2497 δοῦναι
1549 2443 1628 2513 τῷ
1652 2445 1807 2514 ἀνδρὶ
1831 2443 1955 2514 μηδ’

377 2532 714 2600 ἐνδείξασθαι
767 2533 866 2602 τὴν
903 2534 1380 2605 μεγαλοπρέπειαν
1407 2535 1506 2604 τὴν
1547 2536 1676 2605 περὶ
1717 2539 1844 2597 τοὺς
1871 2534 1961 2588 λό-

380 2645 512 2696 γους
556 2627 744 2682 αὐτοῢ.
796 2625 855 2681 ’0
901 2626 958 2680 δέ
1002 2627 1401 2698 ’Δριστοφάνης
1427 2629 1451 2658 ⁵
1498 2627 1832 2695 ἀστράπτειν
1866 2630 1962 2682 καὶ

380 2721 610 2792 βροντᾷν
650 2719 813 2772 αὐτὸν
864 2719 957 2772 καὶ
990 2719 1168 2790 μυκᾷν
1217 2735 1352 2790 φησι
1398 2717 1838 2788 δημηγοροῦντα.
1869 2719 1960 2789 Μὴ

379 2814 488 2884 γάρ
533 2830 624 2884 μοι
649 2811 836 2879 τοῦτο,
875 2812 928 2865 εῖ
949 2829 1003 2864 τι
1037 2811 1313 2882 μέμφεται
1344 2810 1510 2864 αὑτοῦ
1533 2826 1547 2840 ⁸
1585 2809 1701 2863 ἀλλ’
1727 2810 1851 2863 ὅσον
1883 2813 1963 2872 εις

379 2906 474 2960 τὸν
495 2905 739 2978 παρόντα
762 2905 1028 2976 προσήκει
1046 2904 1205 2973 λόγον
1226 2905 1324 2974 τῆς
1350 2903 1656 2974 μαρτυρίας
1682 2903 1960 2972 λάϐωμεν.

2062 1809 2259 1862 micum
2291 1806 2656 1861 testimonium
2691 1822 2703 1857 :
2737 1813 2792 1857 at
2837 1804 2887 1858 in
2919 1805 3238 1871 eloquentiae
3281 1803 3489 1871 judicio
3522 1842 3538 1866 ,
3579 1811 3641 1856 ttt

2062 1901 2179 1954 illos
2209 1899 2361 1968 quasi
2399 1898 2535 1950 viles
2580 1908 2947 1958 contemnam,
2991 1910 3262 1964 nunquam
3312 1905 3417 1948 tam
3459 1910 3645 1965 super-

2059 1993 2160 2047 bus
2189 2006 2302 2071 ero.
2344 1990 2599 2044 Cratinus
2628 1988 2846 2058 quidem
2875 1987 3313 2042 Grtecanicarum
3341 1989 3636 2042 maximam

2059 2082 2268 2136 vocavit
2303 2081 2420 2150 ejus
2456 2079 2692 2145 linguam
2735 2079 2872 2148 (90),
2907 2096 3028 2134 cum
3061 2082 3272 2134 diceret
3310 2081 3452 2133 idem
3497 2081 3640 2147 quod

2059 2173 2347 2235 sentiebat,
2396 2171 2644 2225 nonnihil
2696 2181 2873 2226 tamen
2928 2173 3144 2226 veritati
3177 2187 3244 2226 ex
3275 2182 3392 2224 arte
3426 2171 3642 2225 acerbi-

2062 2265 2187 2320 tatis
2240 2270 2572 2332 aspergeret,
2626 2273 2999 2317 verumtamen
3057 2265 3236 2317 facere
3289 2278 3396 2316 non
3448 2264 3642 2331 potuit,

2059 2358 2188 2427 quin
2232 2356 2434 2426 primas
2485 2355 2533 2409 ei
2578 2355 2858 2418 tribueret,
2916 2355 3142 2425 ejusque
3176 2355 3230 2408 in
3287 2355 3516 2408 dicendo
3546 2353 3644 2408 de-

2060 2449 2290 2504 clararet
2315 2447 2711 2502 excellentiam.
2735 2447 3124 2515 Aristophanes
3151 2446 3418 2514 fulgurare
3438 2461 3560 2500 eum
3582 2461 3647 2500 ac

2061 2549 2250 2594 tonare
2277 2553 2341 2592 ac
2381 2539 2609 2593 miscere
2635 2538 2773 2592 dixit
2816 2539 2956 2592 inter
3001 2539 3459 2592 concionandum.
3501 2536 3646 2592 Nihil

2062 2632 2207 2688 enim
2233 2647 2364 2685 curo
2409 2631 2452 2684 si
2489 2631 2616 2700 quid
2650 2631 2701 2683 iu
2734 2645 2800 2685 eo
2839 2631 3209 2700 reprehendit,
3258 2630 3354 2684 sed
3384 2638 3643 2697 quantum

2063 2725 2129 2778 ad
2178 2725 2320 2779 hanc
2359 2738 2474 2777 rem
2533 2723 2754 2786 attinet,
2809 2723 2927 2790 ejus
2975 2725 3095 2777 uter
3147 2722 3479 2778 testimonio.
3540 2720 3646 2775 Sed

2064 2817 2301 2870 nondum
2356 2815 2472 2870 haec
2515 2815 2741 2880 omnia;
2790 2824 3164 2870 verumtamen
3201 2814 3329 2869 illud
3369 2813 3650 2868 confessus

2074 2919 2180 2974 est,
2235 2907 2535 2977 perfectum
2591 2907 2834 2962 evasisse
2882 2918 3183 2961 oratorem.
3215 2907 3326 2961 Cur
3371 2921 3504 2973 ergo
3555 2905 3648 2973 qui

395 2997 576 3050 Ἀλλ’⁸
605 2996 668 3048 οὔ
699 2996 867 3067 πολλῇ
918 3013 1024 3049 τινι
1054 2997 1123 3066 τῇ
1164 2996 1455 3066 περιουσίᾳ
1497 2992 1778 3065 χρώμενος
1819 2992 1960 3047 οὕτω

2070 3010 2276 3054 tantum
2317 2999 2608 3068 praestitit,
2650 3015 2714 3053 ac
2755 2999 2904 3053 solus
2941 2999 3199 3052 omnium'
3225 2997 3479 3066 suffragia
3507 2997 3651 3063 tulit,

382 3090 704 3158 διεγίγνετο,
741 3089 932 3160 πόρρω
981 3090 1078 3160 μὲν
1118 3089 1280 3153 αὐτὸς
1318 3087 1393 3142 ὢν
1425 3088 1519 3141 τοῦ
1551 3089 1760 3158 ληρεῖν,
1809 3087 1962 3140 πλεῖ-

385 3198 510 3238 στον
531 3181 591 3235 δέ
617 3182 742 3244 τοὺς
763 3179 954 3243 ἄλλους
984 3178 1182 3244 ἐθίζειν
1213 3179 1452 3250 ἀπέχων.
1470 3179 1594 3243 Πῶς
1616 3174 1757 3254 θοοῦν
1782 3179 1810 3231 ὁ
1839 3195 1963 3230 τοσ·

384 3275 542 3329 οὖτον
584 3274 868 3345 ὑπερέχων
900 3273 992 3326 καὶ
1041 3272 1202 3342 μόνος
1231 3273 1366 3326 πᾶσι
1404 3273 1518 3334 τοῖς
1551 3274 1766 3341 κριταῖς
1797 3271 1964 3324 νικῶν

387 3367 487 3439 τὴν
512 3369 604 3421 τοῦ
628 3368 887 3438 φλυαρεῖν
927 3366 1050 3434 είκῆ
1073 3366 1093 3397 ⁷
1122 3365 1217 3419 καὶ
1247 3365 1398 3435 παρὰ
1425 3367 1615 3434 καιρὸν
1646 3364 1967 3434 Ἀθηναίους

390 3461 595 3512 ἀνεῖναι
624 3459 827 3529 φέροιτ’
861 3459 927 3513 ἂν
965 3457 1156 3523 δόξανς
1199 3457 1344 3526 Ἐγὼ
1386 3458 1484 3528 μὲν
1515 3457 1623 3528 γὰρ
1658 3455 1967 3509 τούναντίον

395 3553 651 3622 ἠγοῦμαι,
686 3550 898 3620 σιωπῆς
928 3549 1102 3604 αἴτιον
1130 3549 1290 3602 αὑτὸν
1316 3547 1561 3610 πλείονος
1585 3547 1618 3618 ἢ
1642 3545 1969 3616 προπετείας

390 3645 741 3714 καταστῆναι.
772 3645 960 3714 Ἰσμεν
984 3642 1112 3711 γοῦν
1142 3644 1224 3696 ὅτι
1264 3643 1368 3694 κάν
1398 3642 1518 3702 ταῖς
1546 3639 1734 3700 ἄλλαις
1764 3637 1826 3707 δή
1863 3653 1965 3688 που

387 3737 704 3807 δυνάμεσιν,
725 3729 788 3789 οὗ
820 3735 918 3806 μὲν
939 3734 1124 3787 πολλοὶ
1151 3732 1528 3804 παραπλήσιοι
1559 3731 1654 3784 καὶ
1679 3729 1968 3799 ἐφάμιλλοι

388 3830 526 3900 πρὸς
560 3829 859 3898 ἀλλήλους.
902 3826 1074 3880 πολλὰ
1107 3827 1176 3879 τὰ
1204 3828 1507 3894 πράγματα
1554 3823 1651 3876 καὶ
1700 3821 1899 3874 πλείων
1935 3821 1969 3890 ἡ

389 3921 527 3992 ἔρις,
561 3921 779 3973 ἐπειδὰν
802 3919 859 3973 δέ
888 3935 973 3982 τις
995 3914 1079 3982 εἷς
1100 3917 1122 3949 ⁸
1149 3919 1400 3988 ὑπερσχῇ
1423 3916 1442 3946 ⁹
1471 3913 1763 3984 λαμπρῶς,
1799 3911 1972 3968 ἅπαν-

387 4031 480 4078 τες
505 4014 604 4086 ἤδη
635 4013 1148 4084 συγκεχωρήκασιν.
1186 4011 1347 4066 Οὖτω
1387 4009 1452 4078 δὴ
1486 4009 1583 4062 καὶ
1614 4007 1793 4075 λέγειν
1824 4007 1974 4058 ἐπει-

398 4107 496 4160 δάν
529 4124 614 4169 τις
649 4107 691 4138 ¹⁰
721 4106 890 4177 ἄκρος
934 4105 1250 4176 ἐγγένηται,
1299 4101 1553 4171 στέργειν
1595 4099 1811 4168 ἀνάγκη
1846 4098 1974 4161 τοὺς

391 4198 616 4260 πλείους
659 4198 755 4251 καὶ
794 4197 870 4269 μὴ
918 4197 1418 4266 πολυπραγμονεῖν,
1465 4193 1582 4248 ἀλλ’
1629 4192 1704 4256 ὡς
1751 4187 1864 4244 οἷόν
1913 4208 1975 4244 τε

394 4291 627 4362 μάλιστα
651 4289 896 4352 εὐλαϐεῖς
929 4289 1026 4341 xui.
1054 4289 1318 4358 κοσμίους
1367 4283 1506 4339 εἶναι
1552 4285 1683 4354 ’περὶ⁸
1723 4284 1849 4346 τοὺς
1889 4282 1977 4335 λόο

2064 3091 2424 3148 Athenienses
2462 3092 2528 3144 ad
2566 3090 2800 3160 ineptam
2832 3091 3204 3160 garrulitatem
3236 3090 3488 3143 credatur
3516 3087 3655 3142 inci-

2071 3185 2262 3241 tasse?
2301 3182 2438 3238 Nam
2482 3198 2582 3253 ego
2612 3184 2830 3254 quidem
2863 3191 3054 3236 contra
3087 3182 3256 3252 magis
3301 3197 3423 3236 eum
3455 3179 3652 3235 silentii

2065 3294 2227 3348 quam
2261 3277 2582 3333 temeritatis
2615 3291 2830 3330 causam
2866 3273 3032 3328 fuisse
3054 3275 3429 3328 existimarim.
3457 3274 3510 3326 In
3535 3273 3656 3326 aliis

2068 3382 2218 3438 certe
2247 3368 2594 3423 facultatibus
2624 3369 2867 3421 videmus
2892 3404 2908 3429 ,
2948 3366 3036 3418 ubi
3074 3366 3222 3426 multi
3264 3375 3391 3422 sunt
3419 3366 3560 3418 inter
3597 3379 3656 3415 se

2065 3461 2292 3522 similes,
2310 3460 2472 3514 multa
2491 3458 2727 3526 negotia,
2748 3459 3112 3528 majoremque
3139 3459 3540 3512 contentionem
3563 3471 3659 3510 ex-

2069 3557 2264 3609 sistere
2308 3569 2321 3605 :
2377 3562 2659 3622 postquam
2705 3563 2885 3605 autem
2919 3567 3058 3604 unus
3081 3551 3278 3617 aliquis
3310 3549 3656 3612 excelluerit,

2069 3646 2264 3719 4241)
2301 3646 2540 3713 reliquos
2579 3645 2790 3699 cedere.
2836 3643 3102 3698 Similiter
3149 3643 3201 3696 in
3248 3643 3500 3703 dicendo,
3531 3655 3656 3694 cum

2072 3741 2193 3810 quis
2246 3739 2498 3809 princeps
2547 3737 2785 3803 exsistit,
2842 3736 3197 3804 acquiescunt
3250 3733 3516 3803 plerique,
3562 3746 3660 3785 nec

2073 3833 2173 3886 sibi
2215 3831 2486 3897 negotium
2520 3827 2825 3891 facessunt,
2860 3842 3047 3881 verum
3084 3841 3242 3895 quam
3274 3833 3501 3895 possunt
3526 3838 3657 3878 cau-

2075 3924 2284 3977 tissime
2322 3923 2507 3976 dicunt
2545 3928 2600 3974 et
2649 3919 3070 3976 modestissime.
3125 3917 3234 3971 Nec
3273 3915 3420 3970 enim
3461 3931 3525 3969 eo
3553 3929 3660 3982 quo

2074 4017 2197 4086 quis
2227 4015 2466 4077 excellit.
2505 4016 2642 4069 alios
2671 4014 2971 4068 deteriores
3004 4013 3200 4076 reddit,
3237 4019 3294 4066 et
3327 4011 3380 4064 in
3424 4010 3490 4064 iis
3519 4023 3658 4078 prte-

2080 4106 2270 4160 sertim
2311 4105 2366 4158 iu
2418 4106 2614 4173 quibus
2646 4105 2888 4160 excellit.
2925 4105 2995 4157 At
3023 4119 3130 4158 non
3158 4118 3276 4158 esse
3298 4103 3657 4163 inhonestam,

2082 4210 2181 4249 nec
2210 4195 2646 4265 ignominiosam,
2679 4211 2778 4249 nec
2799 4196 2962 4248 etiam
2996 4195 3337 4249 accusatione
3363 4193 3445 4246 vel
3480 4192 3656 4253 venia,

2079 4287 2173 4343 sed
2217 4285 2404 4354 aIEQuo
2455 4285 2662 4351 majore
2703 4287 2925 4355 prtemio
2982 4287 3201 4354 dignam
3248 4285 3417 4352 ipsam
3447 4280 3658 4336 dicendi

390 4396 540 4450 γους.
575 4384 649 4435 Οὐ
683 4383 792 4453 γὰρ
833 4382 899 4435 ἂν
929 4373 974 4449 ᾧ
998 4381 1060 4448 γέ
1085 4380 1170 4443 τίς
1191 4381 1302 4432 ἐστι
1333 4377 1631 4445 βέλτιστος,
1660 4375 1835 4442 τούτῳ
1857 4373 1960 4444 χεί-

2075 4373 2206 4434 vim,
2249 4373 2295 4426 si
2342 4375 2726 4427 demonstrare
2768 4373 2956 4426 vellem
2987 4412 3002 4434 ,
3054 4372 3278 4440 puderet
3327 4385 3411 4423 me
3437 4369 3658 4424 deorum

392 4485 518 4547 ρους
540 4477 935 4547 ἀπεργάζοιτο.
975 4473 1151 4536 ἄλλως
1173 4481 1245 4526 τε
1272 4471 1366 4524 καὶ
1403 4469 1539 4540 πρὸς
1561 4467 1699 4522 αὐτὰ
1731 4467 1905 4519 ταῦτα
1936 4465 1972 4522 ἆ

289 4592 300 4596 ’
397 4567 670 4637 solum;
700 4567 868 4623 ἐστιν.
907 4565 1068 4637 [1276
1101 4563 1192 4635 [1.]
1230 4562 1393 4616 Ἀλλὰ
1422 4562 1462 4593 ¹¹
1499 4559 1604 4630 μὴν
1637 4559 1712 4622 ὡς
1743 4556 1874 4610 αὑτό
1912 4572 1976 4622 γε

389 4660 490 4712 οὐκ
519 4658 714 4728 ἄτιμον
740 4659 804 4711 τὸ
825 4658 1090 4711 δύνασθαι
1121 4657 1320 4725 λέγειν,
1370 4655 1478 4708 οὐδ’
1527 4655 1607 4716 είς
1641 4651 1839 4714 ὄνειδος
1883 4649 1978 4718 φέ-

395 4767 507 4818 ρον,
554 4750 676 4802 οὐδὲ
725 4750 1059 4820 κατηγορίας
1106 4747 1256 4812 ἄξιον
1317 4747 1438 4801 οὐδέ
1495 4763 1560 4814 γε
1619 4742 1975 4812 συγγνώμης.

2073 4463 2464 4530 eloquentium.
2509 4463 2710 4516 Tamen
2779 4464 2880 4517 hoc
2924 4463 3114 4517 saltem
3165 4461 3338 4516 dicam
3392 4461 3555 4529 (quod
3616 4459 3661 4513 si

2075 4556 2198 4625 quis
2237 4555 2461 4611 moleste
2493 4556 2596 4610 fert
2621 4556 2779 4620 alius,
2827 4556 2880 4610 in
2927 4571 3013 4608 me
3063 4563 3233 4607 totum
3296 4562 3527 4617 avertat,
3562 4565 3662 4605 nec

2076 4665 2175 4719 ego
2202 4648 2270 4704 de
2299 4649 2517 4703 fortuna
2565 4647 2898 4719 conquerar)
2931 4649 3036 4700 vim
3082 4646 3296 4699 dicendi
3337 4661 3458 4698 cum
3495 4643 3662 4712 proba

2078 4750 2134 4795 et
2165 4740 2407 4794 tnodesta
2445 4739 2575 4803 vita,
2613 4739 2790 4807 qualis
2818 4740 2872 4794 in
2905 4738 3182 4791 hominem
3214 4735 3447 4790 maxima
3486 4743 3666 4803 posset

390 4843 528 4896 ἀλλά
555 4844 598 4875 ⁸⁸
639 4860 784 4904 τινος
831 4843 1162 4910 κρείττονος,
1198 4839 1561 4910 αἰσχυνοίμην
1592 4837 1658 4892 ἂν
1701 4837 1827 4900 τοὺς
1877 4835 1960 4888 λο-

2089 4832 2308 4897 cadere,
2338 4831 2683 4898 coniunctam
2721 4846 2808 4885 me
2843 4829 3024 4894 malle,
3072 4843 3234 4898 quam
3262 4827 3445 4882 decies
3472 4827 3667 4880 millies

389 4931 540 5002 γίους
564 4932 720 4996 θεοὺς
768 4932 816 4984 εί
854 4931 1074 5002 ζητοίην
1118 4929 1524 4985 ἀποδεικνύναι.
1583 4928 1730 4998 Πλήν
1771 4943 1835 4995 γε
1858 4943 1979 4979 τοσ-

2089 4923 2312 4980 Darium
2350 4922 2632 4995 llystaspis
2662 4921 2830 4976 filium
2862 4921 3000 4987 ﬁeri,
3035 4929 3094 4977 et
3118 4920 3237 4991 ejus
3281 4929 3528 4989 respectu
3552 4916 3664 4987 jam

1695 5085 1926 5140 νΑῐὶΙιΕ
1965 5079 2371 5138 LECTIONES.

461 5205 504 5277 ’ξ
538 5203 793 5277 διγείρησι
817 5222 878 5270 ς.
911 5274 922 5277 _
953 5204 998 5236 ⁹²
1023 5204 1236 5258 κατάϐα
1263 5203 1350 5277 A._
1406 5203 1452 5277 ξ’
1478 5203 1558 5277 σί)Δ
1578 5199 1658 5273 δὲ]
1692 5217 1745 5271 p.
1780 5201 1906 5258 212.
1971 5199 2026 5277 _”
2055 5199 2152 5277 μὲν
2178 5199 2222 5251 Α
2258 5214 2274 5277 _:
2303 5195 2396 5252 καὶ
2431 5214 2494 5261 ς.
2585 5195 2645 5277 ff

1478 5269 1668 5335 λάλους
1694 5269 2037 5341 πεποιηκὼς
2058 5269 2369 5336 αθηναίους
2419 5269 2683 5341 περικλῆς

389 5290 446 5344 p.
478 5275 604 5328 ’2ιὸ.
668 5273 724 5307 ’θ’
777 5274 954 5344 διεφθ.
991 5306 1060 5316 —
1089 5273 1427 5345 πεποιηκὼςῖ

2599 5195 2644 5228 ου
2674 5191 2848 5260 λόγων
2873 5191 2914 5244 Α
2936 5205 2952 5242 :
2993 5187 3192 5260 λογίων
3218 5205 3307 5260 gn
3327 5257 3338 5260 _
3427 5183 3544 5247 πῶς
3577 5181 3668 5260 ἀνί

2902 5261 2948 5294 ⁸³
2982 5255 3236 5324 ἐτιίδἾῃ.
3281 5255 3540 5322 2M)om.
3602 5257 3664 5308 A.

392 5325 760 5417 ﬁgmenta;
784 5325 1630 5417 ὀἱδὶιῖέκάλῳὶίέὲιὶέιὲέέδιὲἀσκᾶλῳ-
1761 5345 1800 5417 ,⁸
1833 5345 1880 5417 ὁΔ
1895 5325 1991 5417 μὲν
2075 5325 2294 5417 εἴρηκε]
2346 5325 2674 5417 μεγίστην·
2705 5335 2802 5417 μέγ
2826 5329 3121 5417 vimcum?
3146 5327 3409 5417 γέκῶτξαντ
3421 5325 3574 5377 εἶπεν

390 5415 490 5450 η’

398 5417 414 5450 ³
444 5414 490 5469 δ’
512 5414 636 5470 add.
674 5420 737 5469 A.
811 5423 834 5448 ⁸
867 5414 1255 5489 Ἀριστοφάνης
1281 5431 1389 5469 om.
1419 5419 1460 5467 Α
1555 5432 1558 5441 ⁴

398 5483 423 5524 ⁸
450 5487 718 5558 ὑπερίσχῃ
741 5503 802 5552 ς.
879 5488 923 5519 ¹⁰
955 5487 1173 5540 ἐπειδὰν
1193 5487 1251 5540 δέ
1276 5502 1360 5548 τις
1388 5487 1469 5547 είς
1497 5501 1558 5548 ς.

2977 5403 3024 5455 ει
3056 5400 3134 5470 μη
3598 5397 3666 5452 Α.

1335 5521 1358 5548 Ἰ
1441 5512 1465 5547 ’a
1506 5529 1526 5548 δ
1542 5521 1558 5537 ο
1959 5521 1971 5534 ι
2109 5521 2124 5536 ο
2465 5516 2482 5533 ο
2561 5515 2580 5532 ι

1836 5499 1895 5551 α]
1920 5499 2124 5551 p.

2204 5481 2248 5514 ¹¹
2278 5497 2341 5549 γε
2370 5496 2482 5533 οιιι.
2514 5481 2580 5532 Α.

474 5689 585 5757 (90)
620 5688 897 5757 Cratinus,
921 5690 988 5745 dc
1010 5650 1214 5744 Pericle
1238 5703 1386 5760 supr.
1413 5687 1464 5742 in
1488 5685 1638 5742 Orat.
1663 5702 1757 5757 pro
1781 5594 2201 5743 rltetogocZﬁi-a
2233 5685 2444 5740 Platon.
