4012 6236
407 182 538 251 1531

1558 190 1820 252 PHOTII
1855 191 2362 255 PATRIARCH/E
2391 151 2499 250 Cp.

3527 186 3666 250 1522

403 315 509 354 ιιοιι
538 299 727 354 eadem
765 311 885 367 qua:
931 296 1120 367 vulgus
1165 306 1458 368 spectaret,
1502 314 1702 370 paucos
1742 302 2004 366 habebat,

2110 303 2179 356 πό
2211 319 2356 366 τινος
2381 299 2558 369 ὤφθη.
2594 297 2704 353 Kal.
2733 300 2800 370 τῇ
2837 299 2936 370 μὲν
2967 298 3065 369 τῆς
3097 297 3376 363 πολιτείας
3405 297 3625 369 φυλακῇ
3644 342 3662 365 ,

399 391 630 446 similes.
676 389 825 456 Quod
876 403 1061 443 autem
1108 389 1320 444 Socrati
1372 393 1516 444 inter
1555 392 1848 460 supltistas,
1879 393 1980 448 hoc

403 483 478 536 illi
514 483 655 536 inter
679 490 925 536 oratores
954 496 982 534 a
1017 491 1208 535 natura
1247 481 1516 551 praecipue
1544 482 1727 536 datum
1773 483 1892 548 fuit,
1925 492 1982 538 ut

401 574 600 627 elatum
631 573 883 644 papulum
916 588 981 626 ac
1010 573 1412 643 superbientem
1455 572 1712 627 facillime
1740 575 1981 644 compri-

406 672 578 717 meret
614 681 626 716 :
661 663 1037 730 desperantem
1092 677 1309 723 rursus,
1361 670 1416 714 et
1461 660 1729 727 abjectum
1755 663 1984 717 dicendo

405 761 709 813 revocaret.
743 769 806 807 ac
837 769 931 820 spe
964 754 1219 821 repleret,
1251 752 1704 821 quemadmodum
1749 753 1836 807 ille
1861 769 1983 807 cum

404 842 838 895 adolescentibus
863 855 1023 908 agere
1059 840 1287 894 solebat.
1317 839 1552 909 Denique
1573 839 1724 892 urbis
1751 839 1986 906 dignitas

405 945 521 986 erat
549 933 788 987 Pericles
808 972 824 997 ,
853 944 911 986 ut
953 933 1040 1000 qui
1086 947 1183 985 nec
1215 931 1574 986 multitudinis
1603 931 1988 1000 cupiditatibus

407 1025 831 1091 obtemperaret,
865 1025 958 1076 sed
990 1023 1107 1090 ipse
1138 1021 1332 1091 populo
1358 1021 1670 1089 imperaret,
1710 1036 1810 1074 nec
1844 1021 1987 1089 quod

413 1114 520 1168 illis
553 1114 857 1178 videbatur,
883 1114 1109 1175 diceret,
1145 1115 1236 1166 sed
1280 1114 1423 1182 quod
1458 1111 1652 1184 4231)
1704 1112 1803 1164 sibi
1837 1112 1988 1164 vide-

414 1215 567 1259 retur
604 1205 656 1259 id
687 1205 809 1260 illos
843 1205 1026 1259 facere
1066 1213 1288 1274 cogeret
1325 1222 1337 1257 :
1396 1219 1496 1258 nec
1529 1203 1827 1256 adulatoris
1871 1200 1994 1255 fun-

415 1306 634 1365 geretur
657 1296 855 1363 otlicio,
877 1297 969 1350 sed
999 1311 1211 1350 omnem
1237 1294 1630 1357 adulatoribus,
1654 1304 1915 1361 quantum
1937 1293 1989 1346 in

416 1404 476 1443 se
491 1397 632 1454 erat,
662 1390 1048 1444 intercluderet
1066 1386 1270 1440 aditum
1298 1401 1478 1451 :cum,
1498 1394 1766 1452 quatenus
1793 1383 1994 1452 probus

417 1489 535 1534 erat
561 1489 615 1535 et
642 1494 846 1549 aequus,
877 1478 1048 1549 patris
1079 1478 1249 1532 vicem
1295 1475 1488 1544 populo
1533 1483 1836 1543 praestaret,
1861 1489 1994 1542 qua-

2082 394 2176 447 καὶ¹
2217 392 2294 463 τῷ
2323 392 2383 445 τὸ
2421 392 2536 444 ἴσον
2577 393 2690 454 τοῖς
2721 390 2900 455 ἄλλοις
2932 390 3072 461 ἔχων
3118 389 3434 460 ἀνέχεσθαι,
3465 392 3664 453 κοινζς,

2083 485 2239 555 εῐπερ
2277 501 2362 546 τις
2410 482 2735 554 ἀνθρώπων,
2778 483 3107 548 ἐσπούδαζεν
3139 479 3298 546 εἶναι,
3321 481 3400 552 τῷ
3428 483 3484 534 δέ
3508 483 3671 548 άξιὼο

2087 596 2215 649 ματι
2263 578 2360 646 τῆς
2393 575 2618 646 γνώμης
2667 575 2762 628 καὶ⁹
2794 575 2870 644 τῷ
2915 575 2989 646 μὴ
3027 574 3134 628 τῶν
3171 575 3349 626 αὖτῶν
3384 574 3659 642 ἡττᾶσθαι

2083 672 2196 732 τοῖς
2231 667 2444 731 πολλοῖς
2477 666 2677 734 ὀλίγοις
2697 665 3016 719 καταλιπεῖν
3049 651 3417 733 ἐγγὺςέλθείν
3445 664 3667 718 ἐαυτοῦ.

2094 764 2162 814 Ὃ
2203 761 2258 814 δέ
2289 761 2334 792 ⁷⁸
2369 776 2534 828 φασιν
2564 759 2802 827 ὑπάρξαι
2855 758 3133 828 Σωκράτει
3176 757 3446 824 σοφιστῶν
3476 758 3520 788 ⁷⁷
3548 757 3672 810 δια-

2089 851 2362 922 φερόντως
2384 891 2397 911 .
2427 849 2571 902 τοῦτ’
2608 849 2802 918 ἐκείνῳ
2828 849 3198 919 δημαγωγῶνι
3235 847 3542 916 ἐπαρθέντα
3569 849 3673 915 μὲν

2087 945 2196 1015 γὰρ
2235 943 2326 996 τὸν
2369 943 2536 1012 δῆμον
2569 941 2664 994 καὶ
2713 941 2938 1009 μείζονα
2971 942 3317 1009 φρονήσαντα
3365 940 3674 992 δεινότατον

2087 1029 2226 1086 εἶναι
2257 1033 2532 1085 συστεῖλαι
2555 1031 2648 1084 καλ⁸
2673 1030 2944 1094 καθελεῖν,
2973 1029 3333 1098 ἁθυμήσαντα
3355 1029 3412 1082 δὲ
3432 1029 3556 1100 [688

2091 1122 2186 1173 καὶ
2214 1119 2617 1173 ταπεινωθέντα
2647 1121 2942 1188 ἀναγαγεῖν
2985 1114 3052 1171 αὖ
3089 1121 3200 1181 τοῖς
3235 1118 3416 1186 λόγοις
3449 1120 3544 1174 καὶ
3572 1137 3677 1189 με-

2055 1281 2065 1292 .
2093 1211 2218 1263 στὸν
2247 1211 2478 1264 ἐλπίδων
2505 1211 2756 1279 ποιῆσαι,
2801 1209 2992 1281 ὥσπερ
3017 1211 3061 1241 ⁷⁸
3091 1211 3298 1269 ἐκεῖνος
3331 1209 3514 1262 είώθει
3543 1212 3678 1280 περὶ

2090 1302 2217 1364 τοὺς
2263 1302 2418 1363 νέους
2465 1303 2665 1355 ποιεῖν.
2708 1301 2986 1353 Συνελὸντι
3033 1301 3077 1353 δ’
3126 1303 3321 1363 εἰπεῖν,
3356 1301 3542 1371 σχῆμα
3573 1302 3679 1368 τῆς

2093 1393 2300 1455 πόλεως
2333 1387 2400 1463 ἦν
2442 1392 2715 1462 Περικλῆς
2735 1432 2750 1455 ,
2777 1393 2838 1444 ού
2870 1392 3135 1445 δουλεύων
3162 1395 3280 1455 ταῖς
3314 1393 3424 1447 τῶν
3458 1393 3678 1446 πολλῶν

2101 1481 2440 1550 ἐπιθυμίαις,
2466 1481 2580 1534 ἀλλ’
2612 1482 2773 1544 αὐτὸς
2803 1482 2988 1552 ἄρχων
3022 1481 3130 1535 τῶν
3163 1483 3392 1550 πολλῶν,
3421 1483 3529 1536 οὐδ’
3559 1485 3587 1536 ὃ
3624 1501 3681 1536 τι

422 1583 578 1626 tenus
607 1581 784 1626 autem
814 1585 1002 1625 omnes
1045 1570 1352 1632 coercebat,
1402 1578 1458 1622 et
1504 1566 1558 1620 iu
1596 1581 1691 1620 sua
1727 1575 1994 1634 potestate

2106 1574 2295 1640 Ξόξειεν
2325 1574 2555 1638 ἐκείνοις
2584 1576 2742 1629 τοῦτο
2771 1577 2950 1644 λέγειν
2979 1577 3166 1641 ἀξιῶν,
3199 1578 3314 1631 ἀλλ’
3341 1580 3369 1632 ὅ
3393 1596 3444 1632 τι
3473 1579 3682 1643 δόξειεν

422 1663 653 1716 habebat
709 1663 914 1726 omnia,
967 1661 1249 1730 plusquam
1307 1667 1567 1729 tyrannus
1620 1666 1785 1711 esset.
1844 1654 1994 1711 Unde

2106 1666 2247 1736 αὐτῷ
2288 1665 2431 1719 τοῦτ’
2462 1666 2703 1730 ἐκείνους
2747 1667 3006 1737 πράττειν
3045 1669 3463 1737 ἐπαναγκάζων,
3501 1671 3612 1722 οὐδ’
3638 1673 3682 1703 ⁷³

420 1743 547 1808 licet
570 1754 848 1808 evidenter
873 1753 1179 1830 perspicere
1213 1750 1495 1814 Periclem,
1531 1748 1575 1803 si
1608 1763 1767 1818 quem
1805 1747 1991 1815 alium,

2106 1757 2151 1806 ὲν
2195 1753 2425 1818 κόλακος
2477 1756 2643 1826 μοίρᾳ.
2687 1756 3103 1826 προσκείμενος,
3139 1757 3254 1811 ἀλλ’
3293 1758 3534 1827 οὐδαμοῦ
3568 1761 3684 1820 τοῖς

421 1857 615 1914 sponte
638 1843 839 1912 justum
885 1845 1071 1899 fuisse.
1107 1843 1216 1897 Nec
1260 1843 1402 1897 enim
1449 1857 1674 1910 usquam
1720 1841 1994 1910 iniquitati

2106 1845 2278 1910 κόλαξι
2306 1846 2538 1916 πάροδον
2570 1847 2630 1899 τὸ
2659 1847 2780 1900 καθ’
2805 1847 2968 1901 αὑτὸν
2993 1847 3172 1910 διδοὺς
3206 1850 3274 1914 ⁸ο,
3310 1852 3375 1918 τῇ
3409 1850 3507 1918 μέν
3541 1869 3684 1920 χρη-

423 1938 602 2006 potius
640 1952 800 2006 quam
828 1935 1052 2004 iustitiae
1074 1935 1300 1996 studuit,
1335 1950 1434 1987 nec
1469 1943 1526 1987 ιιι
1555 1932 1814 2000 majorem
1851 1933 1997 1988 obti-

2106 1936 2311 2007 στότητι
2343 1937 2438 1990 καὶ
2460 1939 2579 2000 ταῖς
2595 1939 2922 2002 ἐπιεικείαις
2944 1940 2989 1970 ⁸⁸
3016 1941 3073 1992 ἐν
3099 1939 3306 2011 πατρὸς
3329 1939 3405 1993 ὢν
3426 1940 3577 2006 τάξει
3607 1941 3687 2012 τῷ

427 2035 581 2080 ueret
609 2026 785 2080 locum
814 2027 1046 2088 curavit,
1083 2041 1204 2079 cum
1237 2025 1287 2077 id
1313 2023 1505 2092 quovis
1535 2021 1822 2077 Pisistrato
1861 2023 1997 2080 faci-

2106 2027 2271 2098 δήμῳ,
2312 2028 2390 2099 τῷ
2415 2029 2472 2081 δέ
2502 2030 2818 2100 κατείργειν
2848 2030 3094 2094 ἅπαντας
3118 2031 3214 2084 καὶΙ
3243 2031 3403 2084 πάνθ’
3429 2031 3521 2099 ὑφ’
3544 2032 3680 2084 ἐαυ-

424 2115 529 2169 lius
559 2124 741 2184 posset
772 2132 786 2169 :
823 2130 1009 2168 verum
1061 2115 1214 2183 quasi
1251 2129 1429 2168 arcem
1481 2115 1546 2168 ad
1590 2113 1736 2183 leges
1775 2127 1998 2166 servan-

425 2207 523 2261 das
548 2215 603 2260 et
631 2219 822 2260 omnes
851 2206 1210 2260 communiter
1239 2203 1511 2274 juvandos
1551 2215 1894 2274 occupasset,
1922 2206 1996 2259 ita

427 2313 488 2353 se
518 2299 760 2369 gerebat.

2101 2118 2193 2171 τὸν
2222 2119 2366 2189 ἔχειν
2391 2121 2605 2192 πλέονῆ
2631 2121 2910 2192 τύραννος.
2951 2121 3042 2187 Ἐξ
3062 2116 3159 2186 ὧν,
3181 2122 3255 2186 ώς
3279 2122 3478 2187 ἔοικεν,
3505 2121 3688 2186 ἔξεστι

2108 2212 2298 2280 σαφῶς
2337 2213 2464 2265 ίδείν
2493 2215 2608 2279 ὅτι,
2645 2215 2809 2278 εἴτις
2850 2215 3009 2278 ἄλλος
3032 2254 3049 2282 ,
3094 2217 3189 2270 καὶ
3223 2216 3498 2285 Περικλῆς
3545 2213 3687 2268 ἐκὼν

2108 2300 2340 2365 δίκαιος.
2373 2303 2623 2375 Οὑδαμοῦ
2661 2304 2771 2377 γὰρ
2815 2307 2914 2376 τὴν
2954 2305 3267 2372 πλεονεξίαν
3297 2309 3416 2362 ἀντὶ
3451 2307 3564 2362 τῶν
3599 2306 3688 2360 νό-

428 2407 546 2460 μων
575 2389 883 2459 ὴγάπησεν,
915 2389 1025 2440 οὐδ’
1067 2388 1214 2452 ὅπως
1245 2387 1396 2442 ἔσται
1427 2389 1629 2458 μείζων
1656 2389 1757 2459 τῆς
1785 2388 1997 2455 τάξεως
2035 2392 2348 2464 προύνοήθη
2373 2434 2389 2456 ,
2423 2397 2595 2466 παρὸν
2629 2397 2780 2467 αὐτῷ
2816 2398 3016 2467 μᾶλλον
3088 2400 3290 2462 παντὸς
3356 2389 3687 2469 Πεισιστρά⁶

424 2499 540 2536 του’
569 2482 682 2536 ἀλλ’
715 2477 784 2553 ἦν
824 2483 1206 2552 παραπλήσιος
1235 2481 1518 2552 κατέχοντι
1559 2481 1656 2554 τὴν
1702 2482 2003 2553 ἀκρόπολιν
2075 2484 2168 2537 ἐπὶ
2197 2485 2274 2556 τῷ
2305 2486 2502 2552 σώζειν
2527 2490 2655 2552 τοὺς
2678 2490 2879 2561 νόμους
2903 2492 2997 2544 καὶ
3023 2490 3102 2562 τῷ
3145 2491 3354 2554 πάντας
3417 2488 3478 2544 εὖ
3509 2493 3686 2545 ποιεῖν

427 2578 493 2629 ἐκ
522 2576 687 2647 μέσου
717 2575 834 2647 [τοῦ
862 2575 1119 2646 δημοσίου
1142 2574 1234 2646 ⁸⁸].

503 2668 620 2740 [Sic
662 2668 849 2723 forte:
887 2669 1028 2736 quod
1068 2669 1125 2740 in
1173 2668 1351 2722 medio
1381 2668 1550 2736 jacet,
1580 2669 1786 2738 mquale
1832 2677 1933 2733 est,
1964 2670 2008 2722 si

430 2739 582 2810 dicas
625 2754 836 2810 omnes,
884 2739 1030 2792 velut
1060 2739 1116 2810 in
1157 2741 1343 2792 orbem
1379 2740 1570 2804 fertur,
1623 2740 1704 2794 vel
1747 2742 1873 2810 quia
1912 2756 2011 2794 arx

434 2808 612 2863 media
644 2809 783 2877 jacet
821 2809 872 2862 in
901 2807 1081 2880 urbe.]

507 2899 579 2952 At
619 2907 907 2968 postquam
953 2899 1044 2953 ille
1089 2909 1334 2954 mortuus
1376 2909 1480 2965 est,
1527 2901 1637 2968 ]am
1671 2909 1727 2956 et
1767 2901 2009 2956 Siciliam

436 2989 802 3054 somniabant,
836 2999 892 3045 et
926 2990 1131 3044 Italiam
1167 2991 1516 3055 atl‘ectabant,
1543 3001 1597 3044 et
1628 2991 2007 3062 Carthaginem

2185 2661 2335 2738 [Οἷον
2362 2665 2520 2738 Αίσως
2555 2665 2618 2738 τὸ
2645 2667 2760 2738 γὰρ
2797 2667 2860 2738 ἐκ
2905 2667 3073 2738 μέσου
3118 2666 3417 2738 φερόμενον
3456 2665 3570 2738 ἴσον
3595 2659 3688 2738 ἐπὶ

2113 2736 2321 2800 πάντας
2350 2736 2538 2806 ὥσπερ
2572 2737 2664 2788 ἐπὶ
2699 2737 2896 2789 κύκλου
2935 2737 3156 2805 φέρεται
3174 2736 3200 2766 ’ί
3233 2737 3267 2806 ἦ
3307 2737 3390 2788 ὅτι
3441 2737 3474 2806 ή
3523 2737 3686 2806 ἀκρό-

2114 2809 2267 2870 πολις
2300 2807 2440 2878 μέση
2471 2805 2647 2860 κεῖται
2674 2806 2776 2874 τῆς
2805 2805 3056 2880 πόλεως.]

2196 2899 2415 2968 Ἐπειδὴ
2453 2899 2500 2932 ⁸³
2531 2899 2586 2952 δὲ
2622 2898 2971 2969 ἐτελεύτησεν
3017 2900 3220 2962 ἐκεῖνος
3241 2938 3255 2962 ,
3299 2897 3690 2967 ὠνειροπόλουν

2117 2990 2216 3061 μὲν
2243 2991 2492 3044 Σικελίαν
2513 3032 2529 3054 ,
2571 2991 2784 3058 ἐφίεντο
2809 2990 2864 3042 δὲ
2895 2989 3148 3053 Ἰταλίας,
3168 2987 3435 3056 ὠρέγοντο
3456 2988 3513 3040 δέ
3543 2989 3691 3056 Καρ-

434 3091 600 3150 atque
631 3082 870 3137 Africam
903 3085 1250 3153 appetebant,
1299 3092 1460 3152 atque
1489 3083 1670 3138 omnia
1697 3085 2004 3153 circumspi-

2117 3079 2338 3151 χηδόνος
2367 3081 2460 3132 καὶ
2488 3079 2716 3149 Λιϐύης,
2745 3079 2955 3142 πάντας
2981 3078 3025 3131 δ’
3052 3076 3371 3147 ἀνθρώπους
3401 3078 3689 3147 περιεσκὸο

432 3172 671 3237 ciebant,
705 3187 803 3226 nec
841 3171 973 3240 ipsis
1015 3174 1307 3244 quidquam
1354 3172 1672 3239 snﬂicicbat,
1707 3184 1758 3228 et
1799 3176 2010 3246 longio-

438 3279 552 3318 rem
609 3264 733 3319 belli
792 3263 1040 3320 fecerunt
1089 3267 1457 3334 appendicem.
1513 3266 1636 3321 llaec
1691 3279 1908 3334 autem,
1977 3284 2011 3324 ο

437 3353 617 3418 Plato,
644 3366 695 3409 et
723 3355 998 3420 Socrates,
1029 3356 1294 3412 suadebat
1325 3366 1503 3411 vester
1539 3371 1642 3410 non
1671 3358 1874 3421 socius,
1919 3358 2018 3413 sed

438 3447 660 3515 sodalis,
701 3457 760 3502 ut
801 3455 858 3501 tu
895 3448 1096 3502 dixeris
1139 3463 1206 3500 an
1262 3448 1441 3517 potius
1485 3448 1696 3503 dixisti.
1747 3447 2014 3513 Quocirca

439 3538 564 3604 quis
592 3551 654 3590 ea
689 3537 770 3591 vel
797 3537 942 3606 juste
970 3536 1183 3599 Pericli,
1212 3536 1295 3590 vel
1331 3553 1436 3591 non
1474 3538 1782 3592 necessario
1815 3540 2016 3594 tribuat

442 3628 752 3684 Alcibiadi?
788 3630 890 3697 Qui
923 3629 1221 3698 civitatem,
1253 3645 1413 3697 quam
1461 3640 1745 3698 acceperat
1773 3631 2016 3686 consiliis

439 3722 812 3789 obtemperare
836 3720 1122 3786 valentem,
1157 3722 1209 3774 in
1244 3721 1401 3774 talem
1435 3718 1673 3774 furerent
1697 3721 2014 3788 egit?Quo-

444 3810 588 3863 circa
625 3826 748 3863 cum
789 3811 918 3864 nulli
951 3823 1099 3875 esset
1126 3811 1278 3866 luero
1311 3812 1544 3878 deditus,
1587 3810 1811 3880 iustitia:
1841 3812 2016 3865 mani-

444 3900 638 3954 festum
694 3904 854 3955 dabat
915 3903 1215 3971 specimen,
1264 3914 1322 3957 ut
1366 3914 1422 3957 et
1468 3904 1857 3973 temperantiae,
1890 3903 2015 3955 dum

425 3991 608 4066 vitam
642 3993 938 4044 modestam
980 3991 1238 4059 voluptati
1275 3993 1597 4060 praeferebat
1636 4010 1650 4046 :
1686 3992 2018 4047 fortitudinis

446 4083 633 4146 etiam,
665 4098 786 4136 cum
811 4099 914 4136 non
945 4083 1012 4137 ad
1035 4084 1262 4152 gratiam
1294 4099 1390 4138 nec
1420 4084 1710 4150 submisse,
1735 4085 1827 4138 sed
1854 4085 2019 4139 liber-

448 4173 584 4226 rime
613 4188 736 4226 cum
771 4172 964 4254 pepplo
990 4173 1202 4241 agebat.
1248 4171 1490 4242 Denique
1521 4187 1640 4226 cum
1670 4173 1817 4226 solus
1848 4182 1902 4227 et
1932 4171 2020 4226 fu-

449 4275 568 4319 tura
599 4266 867 4333 praescire,
918 4275 973 4320 et
1020 4266 1377 4332 przesentibus
1422 4268 1496 4320 uti
1537 4265 1799 4335 potuerit,
1825 4265 2019 4319 merito

446 4357 745 4426 prudentiae
782 4357 1015 4422 laudem,
1056 4358 1099 4411 si
1126 4357 1250 4426 quis
1288 4371 1374 4411 res
1401 4359 1662 4411 humanas
1687 4357 2014 4420 consideret,

2115 3187 2274 3235 πουν,
2305 3171 2468 3241 ἢρκει
2513 3169 2570 3222 δὲ
2603 3170 2789 3233 αὐτοῖς
2817 3169 2994 3234 οὐδὲν,
3032 3169 3374 3240 μακροτέραν
3399 3169 3447 3201 ⁸⁸
3497 3169 3554 3221 δὲ
3597 3169 3686 3222 τοῦ

2114 3261 2354 3330 πολέμου
2379 3262 2477 3332 τὴν
2508 3261 2860 3332 παρενθήκην
2889 3261 3216 3331 ἐποιήσαντο
3243 3261 3310 3314 ⁸⁵.
3355 3260 3414 3313 'U
3436 3260 3492 3314 δέ
3522 3260 3689 3313 ταῦτα

2114 3354 2317 3407 πείθων
2347 3349 2436 3424 ἦν,
2466 3349 2510 3406 ὧ
2539 3353 2764 3406 Πλάτων
2791 3370 2849 3406 τε
2885 3353 2978 3406 καὶ
3005 3351 3326 3423 Σώκρατες,
3360 3353 3389 3404 ὁ
3421 3352 3688 3422 ἡμέτερος

2116 3445 2373 3508 κοινωνὸς
2406 3445 2502 3515 μὲν
2533 3444 2634 3498 οὐκ
2666 3443 2813 3498 ἐστιν
2847 3445 3044 3507 εἰπεῖν,
3077 3443 3292 3513 ἑταῖρος
3318 3441 3374 3495 δὲ
3400 3442 3497 3495 καὶ
3528 3443 3688 3506 αὐτὸς

2115 3535 2181 3590 ἂν
2207 3537 2372 3607 φαίης
2391 3579 2405 3603 ,
2441 3536 2642 3607 μᾶλλον
2673 3535 2717 3589 δ’
2764 3535 3012 3606 εἴρηκας.
3047 3535 3170 3596 Πῶς
3197 3533 3289 3587 οὖν
3315 3534 3379 3588 ἄν
3413 3551 3494 3596 τις
3522 3534 3694 3587 ταῦτα

2115 3627 2336 3691 δικαίως
2383 3626 2712 3697 κατηγοροίη
2760 3625 3120 3696 Περικλέους,
3169 3625 3202 3696 ῆ
3253 3623 3370 3686 πῶς
3418 3625 3520 3676 οὐκ
3563 3624 3693 3677 ἀναο

2117 3719 2326 3789 γκαίως
2364 3718 2727 3784 Ἀλκιϐιάδου,
2754 3717 2901 3781 ὅστις
2933 3715 3264 3788 παραλαϐὼν
3291 3716 3452 3789 [Ιῖῖό
3478 3715 3572 3786 ιι]
3598 3716 3695 3787 τὴν

2121 3811 2279 3865 πόλιν
2314 3809 2516 3863 εἰδυῖαν
2547 3809 2766 3863 ἀκούειν
2790 3807 3129 3880 συμϐούλων,
3156 3803 3254 3860 εἷθ’
3285 3806 3458 3870 οὕτως
3500 3806 3695 3876 ἐξέμηο

2119 3919 2241 3969 νεν;
2271 3901 2482 3955 Οὐκοῦν
2513 3901 2561 3933 ⁸⁸
2603 3900 2682 3971 τῷ
2715 3901 2814 3970 μέν
2861 3900 3097 3962 ἆπαντος
3124 3897 3168 3930 ⁸⁷
3209 3897 3434 3968 κέρδους
3462 3897 3695 3966 κρείττω

2118 3994 2382 4064 παρέχειν
2416 3993 2606 4046 ἐαυτὸν
2634 3992 2981 4064 δικαιοσύνην
3007 3991 3190 4045 ἀσκῶν
3217 3991 3377 4060 δῆλος
3413 3985 3504 4061 ἦν,
3535 3988 3610 4058 τῷ
3636 3989 3691 4040 δὲ

2119 4083 2210 4136 τὸν
2237 4084 2293 4136 ἐν
2319 4081 2470 4146 τάξει
2495 4081 2608 4152 βίον
2639 4082 2760 4135 ἀντὶ
2780 4082 2826 4115 ⁸⁸
2847 4081 2942 4134 τοῦ
2969 4081 3104 4150 πρὸς
3131 4080 3324 4152 ἡδονὴν
3351 4079 3693 4152 προῃρῆσθαι

2120 4173 2473 4243 σωφροσύνης
2507 4173 2689 4225 πίστιν
2721 4172 3011 4244 παρείχετο
3043 4172 3282 4242 ἐμφανῆ.
3313 4172 3426 4226 Καὶ
3465 4172 3570 4242 μὴν
3600 4173 3692 4225 ἀν·

2117 4262 2299 4332 δρείας
2331 4280 2393 4330 γε
2424 4265 2480 4315 ἐν
2520 4259 2598 4325 οἷς
2631 4263 2691 4315 ού
2733 4263 2870 4332 πρὸς
2907 4263 3066 4333 χάριν
3112 4262 3223 4316 οὐδ’
3250 4262 3690 4325 ὑποπεπτωκὼς,

2119 4354 2232 4407 ἀλλ’
2257 4355 2332 4418 ὡς
2361 4350 2473 4407 οἷόν
2502 4372 2559 4408 τε
2587 4355 2822 4425 μάλιστα
2852 4354 3155 4425 ἐλευθέρως
3183 4355 3377 4424 ὡμίλει
3406 4354 3485 4424 τῷ
3512 4355 3688 4424 δήμῳ.

447 4458 838 4515 consequatur.
882 4448 1022 4518 Ergo
1059 4463 1219 4517 quem
1251 4449 1316 4503 de
1346 4449 1560 4503 cunctis
1595 4449 1814 4504 virtutis
1848 4451 1986 4520 parti

2122 4444 2296 4508 Μόνος
2330 4445 2508 4498 τοίνυν
2533 4447 2626 4498 καλ¹
2665 4445 2732 4498 τά
2765 4445 3027 4514 μέλλοντα
3053 4445 3274 4498 ἔσεσθαι
3303 4445 3568 4517 προειδὼς
3601 4446 3694 4498 καὶ

446 4542 566 4605 bus,
598 4540 722 4594 licet
754 4539 968 4605 fortem,
995 4539 1222 4609 justum,
1259 4542 1602 4610 prudentem,
1627 4549 1998 4610 temperantcn

2121 4539 2234 4601 τοῖς
2268 4537 2499 4608 παροῦσι
2528 4538 2838 4608 χρήσασθαι
2859 4539 2904 4571 ⁸⁸
2937 4539 3189 4611 δυνηθεὶς
3220 4537 3337 4602 πῶς
3371 4539 3472 4591 οὐκ
3499 4537 3566 4591 ἂν
3607 4555 3691 4589 σο-

447 4647 664 4697 vocare,
697 4647 819 4688 eum
871 4633 1012 4688 inter
1065 4635 1370 4705 adulatores
1409 4631 1562 4686 Plato
1611 4631 1831 4702 posuit?
1883 4632 2022 4686 Nam

447 4720 710 4790 loquaces,
743 4723 936 4790 inquit,
969 4723 1186 4788 otiosos,
1229 4721 1428 4794 425a
1461 4723 1696 4792 ignavos,
1719 4732 1768 4776 et
1807 4739 2020 4786 avaras,

449 4822 721 4881 postquam
745 4813 1004 4880 stipendia
1037 4814 1198 4883 jussit
1236 4814 1429 4881 facere,
1465 4813 1800 4867 Athenienses
1843 4813 2024 4866 reddi-

449 4904 548 4955 dit.
575 4905 654 4959 Ac
675 4905 742 4959 de
772 4903 1106 4974 loquacibus,
1152 4905 1343 4961 otiosis
1371 4913 1426 4958 et
1467 4903 1698 4974 ignavis,
1725 4901 1900 4968 Plato,
1935 4902 2022 4956 in-

451 4994 627 5066 didem
653 5007 902 5066 supputa.

2123 4627 2252 4697 φίας
2275 4627 2496 4690 δικαίως
2522 4628 2678 4692 δόξαν
2702 4629 2920 4699 φέροιτο
2952 4631 3050 4700 τῆς
3087 4629 3153 4698 γὲ
3193 4647 3294 4682 που
3346 4630 3693 4699 χρησιμωτά-

2123 4735 2246 4788 της,
2275 4719 2328 4771 εί
2355 4736 2438 4781 τις
2470 4719 2821 4790 ἀνθρωπίνως
2849 4719 3020 4774 ἐθέλοι
3036 4721 3377 4789 λογίζεσθαι;
3410 4718 3523 4774 Εἶθ’
3553 4721 3611 4774 ὃν
3636 4719 3692 4785 ἐξ

2129 4810 2386 4866 ἁπάντων
2442 4811 2554 4864 τῶν
2612 4813 2711 4881 τῆς
2759 4813 2960 4882 ἀρετῆς
3009 4813 3212 4883 μορίων
3251 4812 3486 4882 ὑπάρχει
3527 4829 3692 4882 προσ-

2131 4904 2308 4955 ειπεϊν
2333 4903 2596 4972 ἀνδρεῖον,
2619 4901 2847 4968 δίκαιον,
2878 4902 3160 4971 φρόνιμον,
3193 4902 3445 4971 σώφρονα
3464 4943 3478 4962 ,
3506 4901 3692 4953 τοῦτον

2125 4993 2351 5047 Πλάτων
2366 4993 2502 5064 μετὰ
2519 4992 2630 5046 τῶν
2654 4993 2902 5047 κολάκων
2919 4996 3044 5065 ὴρίθ
3053 5013 3126 5066 μη
3135 5011 3213 5047 σε’
3237 4993 3474 5058 Αάάους
3489 4994 3535 5025 ’θ
3561 4992 3692 5060 γὰρ,

451 5089 636 5159 φησὶν,
668 5089 1018 5156 Ἀθηναίους
1040 5087 1399 5154 ἐποίησεκαί
1423 5086 1643 5156 ἀργοὺς
1661 5086 1756 5140 καί
1782 5085 2020 5153 δειλοὺς
2055 5086 2154 5139 καί
2203 5085 2640 5155 φιλαργύρους,
2685 5087 2773 5153 είς
2845 5087 3220 5157 μισθοφορὰν
3289 5086 3688 5154 καταστήσας.

452 5181 588 5251 Περὶ
624 5181 722 5251 μὲν
749 5180 814 5252 δὴ
857 5179 1054 5247 λάλων,
1085 5173 1130 5233 ῶ
1163 5180 1406 5247 Πλάτων,
1437 5181 1532 5234 καὶ
1560 5180 1746 5251 ἀργῶν
1781 5179 1872 5233 καὶ
1904 5179 2090 5232 δειλῶν
2117 5178 2339 5232 αὐτόθεν
2369 5177 2663 5245 κατάϐαλε,

1734 5315 1965 5371 VARUE
2007 5314 2413 5374 LECTIONES.

526 5429 572 5459 το
599 5427 726 5499 est]
758 5445 812 5498 p.
847 5428 969 5485 l98.

1073 5429 1118 5462 ⁷⁷
1151 5430 1419 5499 σοφιστῶν
1458 5429 1728 5496 σωκράτει
1755 5429 1821 5484 Α.

458 5496 800 5567 ἐπιεικείαιςι

862 5499 1130 5564 ἐπιεικείᾳ
1176 5501 1241 5554 Α.
1322 5501 1386 5568 κδ’
1421 5499 1516 5552 τοῦ
1560 5501 1622 5568 δη

1916 5430 1962 5461 ⁷⁸
1992 5427 2199 5499 ὥσπερ]
2230 5430 2366 5498 ὅπερ
2399 5429 2463 5499 A.
2536 5428 2581 5460 ’³
2612 5427 2722 5480 οὐδ’
2771 5429 2846 5499 ἐν
2909 5426 2958 5459 ⁸⁰
2986 5427 3161 5489 διδούς
3203 5443 3314 5482 om.
3355 5429 3415 5481 A.
3492 5425 3535 5499 ν
3574 5427 3692 5487 ταῖς

1671 5503 1816 5554 οσΞου
1870 5514 1978 5552 om.
2028 5501 2092 5552 A.
2147 5497 2211 5567 ί⁸³
2257 5497 2463 5567 ἐπειδὴ]

458 5579 568 5635 om.
594 5567 657 5619 A.
728 5566 1015 5633 ⁸⁸οὺκοῦν]
1047 5587 1096 5635 p.
1124 5568 1250 5622 209.
1314 5567 1362 5600 ⁸⁷
1393 5566 1650 5635 ἅπαντος]
1685 5569 1830 5621 ἅπαν
1851 5568 1943 5620 τοῦ
1980 5569 2044 5621 Λ.

2513 5515 2566 5566 p.
2621 5499 2746 5552 207.
2812 5498 2859 5530 ⁸⁵
2898 5499 3239 5567 μακροτέραν
3302 5500 3347 5530 ⁸⁸
3370 5498 3692 5567 ἐποιήσαντο

2165 5515 2211 5530 υ·
2257 5515 2463 5567 επειοη]
2513 5515 2566 5566 p.
2621 5515 2746 5552 2m.
2812 5515 2859 5530 σν
2898 5515 3131 5567 μακροτε
3174 5515 3239 5550 αν
3302 5515 3347 5530 π
3370 5515 3692 5564 εποίησαντ)

2119 5566 2165 5640 δέ
2211 5568 2331 5620 ἀντὶ
2378 5570 2471 5640 τοῦ
2521 5567 2655 5639 πρὸς
2689 5569 2771 5639 ἠδ.
2805 5515 3170 5640 προῃρῆσθαις
3213 5567 3550 5639 προῃρῆσθαι
3596 5564 3692 5618 τοῦ

462 5634 596 5699 πρὸς
623 5635 704 5705 ηδ.
738 5636 798 5689 Α.
878 5639 921 5669 ⁸³³
952 5634 1186 5708 χρῆσθαι
1209 5641 1271 5693 Α.
1340 5641 1385 5673 ⁹⁰
1410 5639 1622 5710 λάλους]
1642 5634 1756 5693 ’ΞΗ
1783 5657 1812 5692 a
1845 5640 1892 5694 l.
1919 5638 2262 5708 καταστήσας
2293 5654 2400 5695 om.
2423 5639 2484 5690 Λ.
