4012 6236
365 265 507 332 1533

402 377 497 444 Μή
524 377 641 452 πού
669 395 757 452 τις
784 379 881 432 καὶ
921 379 1116 452 Τρῶας
1139 381 1406 451 ὲγείρῃσι
1427 386 1470 416 ⁹¹
1497 387 1630 452 θεὸς
1658 387 1868 452 ἄλλος.

405 450 715 502 Ιίατάϐαλε
736 451 802 512 ⁹²,
833 450 1116 515 κατάθου,
1151 450 1450 517 πέπαυσο,
1489 450 1653 522 σίγα.

367 543 440 595 Σὺ
464 542 522 595 δὲ
543 543 587 573 ⁸³
620 543 962 614 Μαντινικὴν
986 545 1086 613 μὲν
1115 547 1162 578 ’³
1197 546 1356 616 ξένην
1388 549 1482 602 καὶ
1523 551 1799 621 Μιλησίαν
1831 549 1953 603 ἐπί-

368 650 564 686 ιττασαι
594 635 839 702 κοσμεῖν,
871 637 966 688 καὶ
995 635 1247 702 οὕστινας
1279 639 1342 693 ἄν
1367 657 1448 694 σοι
1477 641 1608 711 δοκῇ
1634 680 1650 704 ,
1681 642 1824 694 πάνυ
1857 643 1954 712 ῥα-

365 726 493 789 δίως
521 725 775 795 μεγάλων
798 726 1056 796 ἠξίωσας·
1082 729 1190 782 τῶν
1215 730 1273 783 δὲ
1307 730 1576 800 Ἑλλήνων
1605 733 1728 794 τοὺς
1748 733 1952 803 ἄκρους

367 819 462 870 καὶ
491 817 643 889 παρὰ
677 821 812 872 πᾶσι
845 819 1214 890 βεϐοημένους
1241 821 1368 893 [689
1398 822 1493 894 IL]
1520 825 1577 874 ἐν
1609 823 1795 894 φαύλῳ
1819 825 1953 878 καθ·

367 913 564 980 αιρεῖς.
609 913 791 964 Αἴτιον
833 912 879 965 δ’
918 914 978 966 οὐ
1010 913 1070 966 τὸ
1097 915 1311 982 ἀγνοεῖν
1339 916 1440 987 τὴν
1466 916 1648 982 ἀξίαν,
1674 917 1810 971 ἀλλά
1836 916 1955 982 πῶς

369 1001 438 1054 ἂν
467 1001 681 1070 εἴποιμι
705 1002 1034 1071 εὐπρεπῶςς
1070 1006 1276 1074 σφόδρα
1310 1005 1418 1075 τῶν
1442 1006 1618 1074 λόγων
1655 1007 1702 1039 ’⁸
1731 1007 1878 1078 γίνῃ.

769 1095 968 1166 λέσχης
993 1096 1122 1167 γίνῃ
1147 1099 1242 1151 καὶ
1271 1099 1331 1150 οὐ
1351 1099 1449 1168 τῆς
1474 1099 1583 1153 τῶν
1610 1102 1956 1170 πραγμάτων

448 1255 572 1320 Πῶς
603 1256 668 1310 ἂν
685 1258 732 1290 9⁵
756 1256 840 1326 εἴη
867 1258 1214 1330 διεφθαρκὼς
1233 1260 1278 1292 ⁸⁷
1312 1261 1627 1332 ’Δθηναίους
1722 1263 1841 1326 πῶς
1862 1262 1959 1316 λά·

1388 275 1919 338 BIBLIOTHECA.
1947 301 2014 316 -—
2050 277 2214 340 COD.
2248 259 2610 341 CCXLVIII.

1985 389 2039 449 Α

3493 277 3632 344 1534

2207 390 2289 465 {Ve
2318 393 2433 459 quis
2465 390 2602 465 forte
2625 391 2754 444 deus
2783 389 3042 461 Trojano:
3077 392 3264 448 excitet
3299 410 3542 465 usquam,

2194 461 2456 530 Suppnla,
2499 461 2717 530 depone,
2751 464 2975 530 quiesce.
3010 473 3144 518 tace.

2053 558 2122 610 At
2182 565 2238 609 ιιι
2287 553 2681 606 Μιιιιίἰηεηεθιη
2755 554 2973 622 quidem
3020 556 3289 624 liOSpitant
3323 599 3340 622 ,
3380 563 3428 609 et
3479 555 3632 610 Mile-

2055 649 2189 703 siam
2223 646 2419 700 novisti
2469 645 2708 705 landare,
2752 661 2829 701 ac
2880 663 3238 716 quoscunque
3289 648 3439 711 libet,
3476 647 3634 703 facile

2055 740 2318 810 praedicas
2347 757 2361 791 :
2390 737 2706 792 Graecorum
2733 749 2912 792 autem
2942 739 3234 807 principes,
3260 740 3456 808 ubique
3489 741 3637 794 cele-

2057 834 2202 895 hres,
2261 841 2463 886 temere
2519 830 2796 899 deprimis.
2842 831 2894 884 ld
2951 839 3128 884 autem
3190 846 3255 883 eo
3300 830 3450 886 facis.
3492 832 3634 900 quod

2058 924 2372 994 dignitatem
2420 938 2607 976 eorum
2655 939 2758 974 non
2799 926 3130 988 'eognoscas,
3170 922 3262 975 sed
3314 931 3372 975 ut
3414 924 3639 977 honesse

2059 1018 2260 1077 dicam,
2295 1016 2522 1068 nimium
2551 1015 2790 1068 sermoni
2836 1013 3104 1082 indulges.

2131 1105 2280 1180 [γίνῃ
2303 1121 2398 1177 pro
2429 1105 2766 1176 garrulitate,
2803 1120 2908 1157 non
2940 1120 3039 1174 pro
3074 1103 3150 1158 rei
3185 1102 3468 1175 veritate.]

2131 1267 2412 1333 Quomodo
2443 1265 2615 1334 potttit
2646 1263 3002 1317 Athenienses
3031 1276 3400 1329 corrumpere,
3439 1261 3522 1314 vel
3557 1261 3639 1314 lo-

372 1349 500 1411 λους
549 1348 896 1420 πεποιηκὼς,
945 1351 1004 1415 ὃς
1037 1369 1101 1418 γε
1140 1353 1243 1405 κάν
1292 1356 1406 1417 τοῖς
1449 1355 1627 1422 λόγοις
1671 1355 1856 1418 αὐτοῖς
1897 1355 1958 1408 τὸ

2068 1374 2261 1430 quaces
2307 1361 2533 1412 reddere
2588 1353 2915 1427 [Pericles],
2974 1353 3065 1421 qui
3127 1356 3288 1408 etiam
3344 1354 3398 1406 in
3447 1355 3640 1408 vestris

379 1442 550 1512 μηδὲν
583 1442 800 1511 φαύλως
839 1443 960 1513 μηδ’
993 1445 1116 1514 εἰκῆ
1152 1446 1392 1513 τιμήσας
1418 1447 1703 1515 φαίνεται;
1737 1449 1958 1501 τούναν-

2068 1454 2216 1508 libris
2248 1453 2398 1520 ipsis,
2427 1466 2494 1504 ne
2517 1451 2643 1516 quid
2680 1459 2825 1502 esset
2857 1459 3058 1502 temere
3085 1447 3376 1516 prolatum,
3407 1447 3638 1501 caverit.

373 1535 491 1587 τίον
523 1535 631 1604 γὰρ
661 1533 848 1603 ἔμοιγε
879 1537 987 1588 πᾶν
1026 1537 1224 1599 αὐτοὺς
1254 1537 1432 1590 ἐθίσαι
1460 1538 1643 1604 δοκεῖ,
1698 1541 1836 1610 μήτε
1869 1539 1958 1592 λέ·-

2068 1546 2316 1613 Quinitno
2355 1552 2542 1596 contra
2594 1541 2726 1594 mihi
2769 1541 2980 1592 videtur
3021 1554 3115 1592 eos
3161 1537 3532 1602 assuefecisse,
3573 1553 3643 1591 ne

375 1643 497 1694 γειν
524 1627 670 1688 ὅπως
700 1626 859 1697 ἔτυχε
890 1628 1056 1696 μηδὲν
1090 1631 1226 1698 μήτε
1266 1633 1438 1683 ποιεῖν
1469 1631 1578 1685 ἀπὸ
1604 1631 1700 1684 τοῦ
1736 1631 1956 1702 πρώτου

2068 1637 2191 1704 quid
2226 1645 2428 1689 temere
2468 1634 2708 1686 dicerent
2762 1631 2845 1684 vel
2895 1630 3156 1684 facerent.
3203 1631 3404 1685 Deinde
3436 1632 3486 1683 in
3537 1629 3641 1683 alia

379 1719 782 1787 παραστάντος.
818 1721 938 1772 Ἔτι
967 1720 1012 1772 δ’
1038 1721 1084 1753 ³⁸
1121 1721 1280 1776 ἄλλου
1312 1721 1412 1792 μέν
1451 1739 1596 1786 τινος
1631 1726 1958 1791 πράγματος

2068 1727 2279 1794 quidem
2325 1740 2382 1779 re
2420 1739 2527 1778 non
2566 1733 2705 1777 esset
2757 1722 2988 1775 fortasse
3034 1723 3211 1790 magni
3250 1723 3508 1775 momenti
3539 1735 3636 1774 co-

380 1813 718 1884 σκήπτεσθαι
765 1815 1004 1884 μάρτυρι
1050 1815 1341 1886 κωμῳδίας
1364 1818 1408 1848 θ’
1460 1816 1767 1886 διδασκάλῳ
1818 1816 1958 1886 τάχα

2068 1819 2263 1872 micum
2294 1815 2661 1871 testimonium
2697 1832 2708 1866 :
2742 1823 2797 1866 at
2841 1813 2892 1866 in
2924 1813 3242 1880 eloquentiae
3285 1812 3492 1881 judicio
3526 1851 3542 1875 ,
3582 1820 3645 1864 ιιι

379 1903 447 1955 ἂν
471 1903 573 1954 οὐκ
605 1903 823 1972 ἰσχυρὸν
851 1899 939 1975 ἦν·
972 1907 1052 1969 είς
1076 1905 1132 1958 δὲ
1154 1906 1327 1973 λόγων
1355 1907 1539 1976 κρίσιν
1565 1908 1638 1978 μή
1673 1924 1801 1960 ποτε
1820 1907 1958 1959 οὕτω

2068 1911 2182 1964 illos
2214 1909 2366 1978 quasi
2404 1908 2539 1961 viles
2584 1917 2952 1966 contemnam,
2995 1919 3266 1974 nunquam
3316 1914 3420 1958 tam
3462 1919 3648 1974 snper-

380 1994 577 2064 σεμνὸς
605 1995 866 2064 γενοίμην
899 1994 1030 2049 ὥσθ’
1065 1997 1342 2067 ὑπεριδεῖν
1371 1998 1480 2050 τῶν
1511 1999 1719 2068 ἀνδρῶν
1748 1999 1958 2053 τούτων

2068 2003 2163 2057 bns
2193 2016 2306 2068 ero.
2348 2000 2604 2054 Cratinus
2633 1998 2850 2067 quidem
2881 1996 3316 2051 Graecanicarnm
3345 1999 3639 2051 maximam

377 2087 454 2148 ὡς
474 2085 687 2149 οὐδενὸς
709 2087 897 2151 ἀξίων.
939 2088 999 2140 '0
1026 2089 1126 2158 μὲν
1158 2090 1175 2120 ¹
1202 2089 1314 2142 τῶν
1352 2067 1671 2159 Ἑλληνίδων
1698 2093 1958 2161 μεγίστην

2068 2067 2272 2146 vocavit
2306 2091 2424 2160 ejus
2461 2089 2696 2155 linguam
2739 2088 2878 2158 (90),
2912 2105 3032 2143 cum
3066 2091 3277 2144 diceret
3314 2091 3456 2143 idem
3501 2090 3644 2157 quod

377 2177 407 2229 ὁ
453 2178 720 2247 Κρατῖνος
765 2178 863 2246 τὴν
906 2179 1119 2231 ἐκείνου
1169 2179 1417 2246 γλῶτταν
1470 2181 1658 2251 εἴρηκε
1684 2183 1704 2212 ¹
1730 2221 1746 2243 ,
1788 2181 1964 2248 λέγων

382 2267 483 2338 μὲν
508 2267 619 2321 ῐσον
639 2286 691 2322 τι
723 2268 818 2322 xa‘t
844 2269 1052 2338 φωνὴν,
1087 2270 1359 2339 ἀναμίξας
1387 2271 1444 2324 δέ
1469 2288 1517 2324 τι
1548 2275 1648 2342 τῆς
1681 2272 1830 2344 παρᾶ
1863 2272 1962 2342 τῆς

380 2361 579 2432 τέχνης
617 2362 840 2432 πικρίας
869 2366 985 2426 τοῖς
1020 2363 1129 2415 ἀπὸ
1171 2363 1272 2431 τῆς
1315 2363 1592 2432 ἀληθείας.
1638 2365 1828 2434 Ὅμως
1862 2365 1907 2418 δ’
1939 2364 1960 2396 ³

379 2451 480 2507 οὐκ
508 2453 740 2521 ἐξέφυγε
761 2451 822 2505 τδ
847 2453 922 2523 μὴ
944 2453 1005 2506 οὐ
1035 2452 1104 2504 τὰ
1134 2452 1326 2522 πρῶτα
1349 2453 1533 2506 δοῦναι
1554 2453 1632 2522 τῷ
1656 2454 1811 2524 ἀνδρὶ
1836 2453 1959 2524 μηδ’

382 2542 719 2610 ἐνδείξασθαι
771 2544 871 2613 τὴν
907 2544 1384 2615 μεγαλοπρέπειαν
1412 2544 1511 2613 τὴν
1552 2546 1680 2614 περὶ
1721 2547 1848 2607 τοὺς
1875 2544 1966 2597 λό-

385 2655 516 2707 γους
560 2637 748 2692 αὐτοῦ.
800 2636 860 2691 '0
905 2636 962 2690 δὲ
1007 2636 1406 2708 Ἀριστοφάνης
1432 2639 1455 2668 ⁵
1503 2636 1836 2705 ἀστράπτειν
1870 2639 1966 2690 καὶ

385 2732 614 2802 βροντᾷν
654 2729 818 2783 αὑτὸν
869 2729 962 2783 καὶ
995 2729 1172 2800 μυκᾷν
1221 2745 1357 2800 φησι
1402 2727 1841 2798 δημηγοροῦντα.
1873 2727 1965 2798 Μὴ

384 2824 493 2895 γάρ
537 2841 628 2894 μοι
653 2821 842 2888 τοῦτο,
881 2822 933 2875 εί
954 2839 1007 2874 τι
1040 2822 1318 2892 μέμφεται
1348 2820 1515 2874 αὑτοῦ
1537 2835 1551 2850 ο
1589 2819 1704 2872 ἀλλ’
1730 2819 1856 2871 ὅσον
1887 2821 1967 2881 είς

385 2917 479 2971 τὸν
499 2915 744 2988 παρόντα
767 2916 1032 2986 προσήκει
1051 2914 1209 2983 λόγον
1230 2915 1328 2984 τῆς
1355 2912 1660 2984 μαρτυρίας
1686 2912 1964 2981 λάϐωμεν.

2062 2183 2351 2245 sentiebat,
2400 2181 2648 2235 nonnihil
2700 2190 2878 2236 tamen
2933 2183 3148 2235 veritati
3181 2197 3247 2236 ex
3279 2191 3397 2233 arte
3429 2180 3646 2234 acerbi-

2066 2275 2192 2330 tatis
2245 2279 2576 2342 aspergeret,
2629 2283 3004 2325 verumtamen
3062 2273 3240 2327 facere
3293 2287 3400 2326 non
3452 2273 3646 2340 potuit,

2063 2368 2192 2437 quin
2236 2366 2438 2435 primas
2489 2365 2538 2418 ei
2582 2364 2862 2427 tribueret,
2921 2364 3147 2434 ejusque
3180 2364 3234 2418 in
3291 2363 3520 2418 dicendo
3550 2362 3648 2417 de-

2063 2459 2294 2513 clararet
2319 2455 2715 2511 excellentiam.
2739 2456 3129 2524 Aristophanes
3156 2455 3422 2522 fulgurare
3442 2470 3564 2508 eum
3586 2469 3650 2509 ac

2064 2558 2254 2604 tonare
2281 2562 2345 2602 ac
2385 2549 2613 2602 miscere
2639 2547 2777 2602 dixit
2820 2548 2960 2600 inter
3006 2547 3464 2601 concionandnm.
3506 2545 3650 2600 Nihil

2066 2641 2211 2696 enim
2237 2655 2368 2694 curo
2412 2641 2456 2693 si
2492 2640 2620 2709 quid
2654 2640 2705 2692 in
2738 2655 2804 2693 eo
2843 2640 3214 2708 reprehendit,
3262 2638 3358 2693 sed
3389 2647 3648 2705 quantum

2067 2734 2133 2788 ad
2183 2735 2324 2788 hanc
2364 2747 2479 2786 rem
2537 2733 2758 2796 attinet,
2813 2733 2932 2799 ejus
2979 2742 3100 2786 utor
3151 2730 3484 2786 testimonio.
3544 2730 3651 2784 Sed

2068 2825 2305 2879 nondum
2361 2824 2476 2879 haec
2519 2824 2745 2889 omnia;
2794 2834 3169 2879 verumtamen
3206 2822 3334 2877 illud
3374 2821 3654 2876 confessus

2078 2927 2184 2982 est,
2239 2916 2540 2986 perfectum
2595 2917 2839 2971 evasisse
2886 2927 3188 2970 oratorem.
3219 2916 3330 2970 Cur
3377 2930 3509 2982 ergo
3561 2914 3652 2982 qui

399 3007 580 3061 2m"
610 3007 673 3059 οὒ
705 3006 872 3078 πολλῇ
922 3023 1028 3059 τινι
1058 3007 1127 3076 τῇ
1168 3006 1458 3076 περιουσίᾳ
1501 3002 1782 3075 χρώμενος
1823 3001 1958 3056 οὕτω

2074 3019 2280 3064 tantum
2322 3009 2612 3077 praestitit,
2654 3024 2719 3063 ac
2759 3009 2908 3062 solus
2945 3009 3202 3062 omnium
3229 3006 3483 3075 suffragia
3511 3005 3656 3071 tulit,

387 3100 709 3169 διεγίγνετο,
746 3099 936 3170 πόρρω
986 3100 1082 3170 μὲν
1123 3099 1285 3163 αὐτὸς
1322 3097 1397 3151 ὣν
1429 3098 1523 3151 τοῦ
1555 3097 1764 3168 ληρεῖν,
1813 3096 1966 3150 πλεῖ-

389 3209 514 3250 στον
535 3191 596 3246 δὲ
621 3193 747 3255 τοὺς
768 3189 959 3253 ἄλλους
988 3188 1186 3253 ἐθίζειν
1217 3189 1456 3259 ἀπέχων.
1475 3188 1598 3253 Πῶς
1621 3189 1640 3219 ⁸
1656 3183 1761 3263 ⁶οὖν
1787 3189 1814 3241 ὁ
1843 3204 1967 3240 τοσ-

389 3285 547 3339 οὖτον
589 3285 872 3355 ὑπερέχων
903 3284 996 3336 καὶ
1044 3282 1206 3352 μόνος
1235 3283 1370 3336 πᾶσι
1408 3283 1522 3345 τοῖς
1555 3284 1770 3350 κριταῖς
1802 3281 1968 3336 νικῶν

392 3379 492 3448 τὴν
517 3379 610 3431 τοῦ
633 3379 891 3447 φλυαρεῖν
931 3377 1054 3444 είκῆ
1077 3376 1097 3406 "
1126 3376 1221 3428 καὶ
1251 3374 1402 3446 παρά
1429 3376 1620 3446 καιρὸν
1650 3374 1970 3444 Ἀθηναίους

395 3471 600 3523 ἀνεῖναι
629 3469 831 3540 φέροιτ’
865 3468 931 3523 ἂν
969 3467 1161 3533 δόξανς
1203 3467 1348 3536 Ἐγὼ
1391 3468 1488 3538 μὲν
1519 3468 1628 3537 γάρ
1663 3465 1972 3518 τούναντίον

2069 3101 2428 3158 Athenienses
2467 3101 2534 3154 ad
2571 3099 2804 3170 ineptam
2836 3099 3209 3170 garrulitatem
3240 3099 3492 3152 credatur
3520 3095 3659 3150 inci-

2076 3195 2267 3251 tasse?
2306 3192 2442 3249 Nam
2486 3208 2587 3263 ego
2617 3194 2835 3264 quidem
2868 3201 3058 3246 contra
3091 3191 3262 3260 magis
3306 3205 3428 3245 eum
3460 3187 3656 3243 silentii

2070 3304 2232 3358 quam
2266 3287 2586 3342 temeritatis
2619 3301 2834 3340 causam
2869 3282 3036 3338 fuisse
3058 3283 3434 3338 existimarim.
3462 3282 3515 3335 In
3539 3281 3660 3335 aliis

2073 3392 2222 3448 certe
2252 3378 2598 3432 facultatibus
2629 3378 2872 3430 videmus
2896 3415 2912 3438 ,
2952 3375 3040 3427 tthi
3078 3375 3225 3436 multi
3269 3384 3395 3432 sunt
3424 3375 3565 3427 inter
3601 3387 3660 3424 se

2070 3471 2296 3532 similes,
2315 3470 2476 3524 multa
2496 3468 2731 3536 negotia,
2751 3469 3116 3537 maioremque
3143 3468 3545 3521 contentionem
3567 3481 3664 3519 ex-

399 3562 656 3632 ἡγοῦμαι,
691 3561 903 3631 σιωπῆς
932 3559 1106 3614 αἴτιον
1133 3559 1294 3612 αὑτὸν
1320 3558 1565 3620 πλείονος
1589 3557 1622 3628 ἢ
1646 3555 1958 3626 προπετείας

2073 3567 2269 3619 sistere
2313 3579 2326 3615 :
2382 3571 2664 3631 postquam
2709 3573 2888 3615 autem
2923 3577 3063 3614 ttnus
3085 3560 3282 3627 aliquis
3315 3558 3660 3622 excelluerit,

395 3655 746 3724 καταστῆναι.
778 3655 964 3724 Ἰσμεν
989 3652 1116 3722 γοῦν
1147 3654 1228 3706 ὃτι
1268 3653 1372 3704 κάν
1402 3651 1522 3712 ταῖς
1549 3648 1738 3711 ἄλλαις
1767 3647 1830 3717 δή
1868 3663 1958 3698 ποι

2073 3656 2269 3729 4241)
2304 3655 2545 3723 reliquos
2585 3655 2794 3708 cedere.
2841 3653 3106 3708 Similiter
3153 3653 3205 3706 in
3252 3652 3505 3713 dicendo,
3535 3665 3661 3704 cum

392 3747 709 3817 δυνάμεσιν,
730 3740 792 3798 οὗ
824 3745 922 3816 μὲν
943 3745 1129 3798 πολλοὶ¹
1155 3742 1532 3813 παραπλήσιοι
1564 3741 1657 3794 καὶ
1683 3739 1958 3809 ἐφάμιλλοι

2076 3751 2197 3820 quis
2251 3749 2504 3819 princeps
2552 3746 2789 3811 exsistit,
2847 3745 3201 3814 acquiescunt
3254 3743 3520 3813 plerique,
3567 3755 3665 3794 nec

393 3840 530 3910 πρὸς
564 3839 864 3909 ἀλλήλους.
906 3836 1078 3890 πολλὰ
1111 3837 1181 3889 τά
1209 3838 1512 3905 πράγματα
1558 3833 1655 3886 καὶ¹
1705 3831 1903 3884 πλείων
1940 3830 1958 3884 'l

2076 3843 2178 3897 sibi
2220 3841 2491 3907 negotium
2525 3837 2830 3900 facessunt,
2865 3851 3052 3890 verum
3088 3851 3246 3904 qnam
3278 3842 3506 3905 possunt
3530 3848 3663 3887 can-

394 3931 533 4002 ἕρις,
566 3931 784 3984 ἐπειδὰν
806 3929 863 3982 δέ
892 3945 977 3992 τις
999 3924 1084 3991 εἷς
1105 3927 1127 3959 ⁸
1154 3928 1404 3996 ὑπερσχῇ
1427 3926 1447 3957 °
1476 3923 1768 3994 λαμπρῶς,
1803 3922 1958 3977 ἅπαν¹

2079 3934 2289 3988 tissime
2327 3932 2512 3985 dicunt
2550 3937 2605 3984 et
2653 3928 3074 3984 modestissime.
3129 3926 3239 3980 Nec
3277 3925 3424 3980 enim
3465 3940 3529 3978 eo
3558 3938 3665 3992 quo

391 4041 485 4088 τες
510 4023 610 4096 ήδη
639 4023 1153 4093 συγκεχωρήκασιν.
1190 4021 1350 4075 Οὕτω
1391 4019 1456 4088 δὴ
1490 4019 1588 4070 καὶ
1619 4016 1797 4085 λέγειν
1828 4017 1958 4068 ἐπει·

2079 4027 2202 4096 quis
2232 4025 2470 4086 excellit,
2509 4025 2647 4079 alios
2675 4023 2976 4078 deteriores
3008 4023 3204 4086 reddit,
3242 4029 3299 4075 et
3331 4021 3384 4073 in
3429 4019 3494 4074 iis
3523 4033 3664 4086 prae-

403 4117 501 4171 δάν
535 4133 619 4179 τις
654 4117 696 4148 ¹⁰
726 4116 894 4186 ἄκρος
939 4114 1253 4185 ἐγγένηται,
1304 4111 1559 4181 στέργειν
1599 4109 1816 4178 ἀνάγκη
1850 4107 1958 4161 τοὺς

2085 4116 2274 4170 sertim
2315 4116 2371 4168 in
2423 4115 2620 4183 quibus
2650 4113 2892 4169 excellit.
2929 4113 3000 4166 At
3029 4128 3134 4167 non
3163 4127 3282 4167 esse
3302 4111 3662 4172 inhonestam,

395 4208 620 4269 πλείους
663 4208 760 4261 καλ⁵
799 4207 874 4278 μὴ
923 4206 1423 4276 πολυπραγμονεῖν,
1469 4203 1587 4258 ἀλλ’
1633 4201 1708 4266 ὡς
1755 4196 1868 4255 οἶόν
1917 4218 1958 4253 τε

2087 4220 2185 4258 nec
2215 4205 2650 4276 ignominiosam,
2683 4220 2782 4258 nec
2803 4205 2966 4258 etiam
3001 4204 3342 4258 accusatione
3369 4202 3449 4255 vel
3485 4201 3660 4262 venia,

397 4301 632 4372 μάλιστα
655 4299 902 4362 εὐλαϐεῖς
934 4299 1031 4351 καὶ
1059 4299 1323 4368 κοσμίους
1371 4293 1511 4349 εἶναι
1557 4295 1687 4364 περὶ
1728 4293 1854 4356 τοὺς
1893 4293 1958 4345 λό·

2084 4297 2178 4352 sed
2222 4295 2408 4364 aliquo
2459 4295 2666 4361 majore
2707 4295 2930 4364 prtemio
2987 4295 3206 4362 dignam
3253 4294 3422 4361 ipsam
3451 4289 3663 4345 dicendi

395 4406 544 4461 γους.
579 4393 653 4444 Οὐ
688 4393 798 4463 γὰρ
839 4391 904 4445 ἂν
934 4383 978 4460 ᾧ
1003 4390 1065 4458 γέ
1090 4391 1174 4454 τίς
1197 4392 1307 4443 ἐστι
1338 4388 1635 4456 βέλτιστος,
1665 4383 1839 4453 τούτῳ
1861 4383 1958 4454 χεί-

2081 4382 2210 4444 vim,
2254 4383 2300 4436 si
2347 4384 2730 4436 demonstrare
2771 4382 2960 4435 vellem
2991 4421 3007 4443 ,
3059 4381 3282 4448 puderet
3332 4394 3415 4432 me
3442 4378 3664 4432 deorum

397 4496 523 4557 ρους
545 4487 940 4558 ἀπεργάζοιτο.
979 4484 1157 4547 ἄλλως
1179 4501 1238 4536 τε
1277 4482 1371 4535 καὶ
1408 4480 1543 4550 πρὸς
1566 4477 1704 4533 αὐτὰ
1735 4477 1911 4529 ταῦτα
1941 4475 1958 4528 ἓ

2079 4473 2468 4540 eloquentium.
2513 4472 2714 4526 Tamen
2784 4473 2885 4527 hoc
2929 4472 3119 4526 saltem
3170 4470 3342 4524 dicam
3397 4470 3560 4537 (quod
3621 4468 3666 4522 si

299 4602 302 4604 ν
401 4577 674 4647 suum;
705 4577 872 4633 ἐστιν.
912 4574 1073 4647 [1276
1106 4574 1197 4646 IL]
1235 4573 1397 4626 Ἀλλὰ
1427 4572 1467 4602 ιι
1504 4570 1609 4640 μὴν
1642 4569 1717 4632 ὼς
1748 4566 1879 4620 αὐτό
1917 4583 1958 4632 γε

2080 4565 2204 4635 quis
2242 4565 2465 4620 moleste
2497 4566 2600 4620 fert
2625 4565 2784 4630 alius,
2831 4566 2885 4618 in
2930 4580 3017 4618 me
3067 4572 3238 4617 tetqu
3301 4571 3531 4626 avertat,
3567 4574 3666 4613 nec

394 4670 495 4722 οὐκ
524 4669 718 4739 ἄτιμον
745 4669 808 4721 τὸ
830 4668 1095 4722 δύνασθαι
1126 4667 1324 4735 λέγειν,
1375 4665 1483 4718 οὐδ’
1532 4667 1612 4727 εἰς
1646 4662 1844 4724 ὄνειδος
1888 4659 1956 4728 φέ

2081 4675 2180 4730 ego
2207 4658 2275 4714 de
2305 4658 2522 4713 fortuna
2570 4656 2902 4728 conquerar)
2936 4658 3040 4709 vim
3087 4655 3302 4709 dicendi
3341 4670 3463 4707 cum
3500 4652 3667 4721 proba

400 4778 512 4828 ρον,
559 4760 680 4813 οὐδὲ
729 4761 1064 4830 κατηγορίας
1111 4757 1260 4822 ἀξιον
1321 4756 1443 4811 οὐδέ
1500 4773 1564 4825 γε
1624 4753 1958 4823 συγγνώμης

2083 4761 2138 4806 et
2170 4751 2412 4804 modesta
2449 4749 2579 4813 vita,
2617 4749 2793 4816 qualis
2822 4749 2876 4805 in
2909 4747 3186 4800 hominem
3219 4745 3452 4799 maxima
3490 4752 3671 4813 posset

395 4853 534 4907 ἀλλά
560 4854 602 4884 ¹¹
644 4871 789 4914 τινος
835 4853 1167 4920 κρείττονος,
1203 4850 1566 4920 αἰσχυνοίμην
1597 4847 1662 4902 ἂν
1706 4849 1833 4911 τοὺς
1882 4846 1958 4898 λο-

2094 4843 2313 4907 cadere,
2343 4841 2688 4909 conjunctam
2725 4855 2812 4894 me
2847 4839 3028 4904 malle,
3076 4853 3238 4908 quam
3267 4837 3450 4892 decies
3476 4837 3672 4890 millies

395 4942 545 5012 γίους
569 4942 725 5006 θεοὺς
773 4943 821 4994 εί
859 4941 1080 5013 ζητοίην
1123 4939 1530 4996 ἀποδεικνύναι.
1587 4938 1735 5008 Πλήν
1775 4953 1839 5005 γε
1863 4953 1958 4990 τοση

2095 4935 2317 4992 Darium
2355 4932 2637 5005 llystaspis
2666 4931 2833 4986 ﬁlium
2867 4931 3004 4997 fieri,
3039 4939 3097 4987 et
3122 4930 3242 5001 ejus
3285 4939 3533 4998 respectu
3557 4926 3670 4996 jam

1701 5095 1931 5150 VARIrE
1969 5090 2376 5149 LECTIONES.

466 5215 508 5285 ’ξ
543 5213 794 5285 ἀγείρησι
822 5232 884 5280 ς.
918 5284 926 5285 7
958 5214 1002 5246 ⁹¹
1028 5213 1241 5267 κατάϐα
1268 5213 1354 5285 Α.
1411 5213 1458 5285 ξ’
1485 5213 1562 5285 συ
1583 5209 1663 5282 δὲ]
1696 5227 1749 5281 p.
1784 5210 1910 5267 ‘212.
1976 5209 2031 5285 _“
2059 5209 2156 5285 μὲν
2183 5209 2226 5261 Λ
2263 5223 2280 5285 3
2308 5206 2401 5262 καὶ
2436 5223 2500 5271 ς.
2590 5205 2650 5285 ,οξ
2678 5201 2853 5285 λόγων
2987 5197 3284 5285 λογίωνς.

394 5301 452 5358 ιι.
483 5264 958 5358 ειδίλτγῖειέίέρο.
1698 5264 2374 5358 ’πε-ποιηκὼξάρηναίους
2425 5264 2688 5358 περικλῆς
2871 5341 2883 5358 ’
2907 5271 2953 5304 σο
2986 5264 3412 5358 ξτιέ
3429 5281 3580 5358 git—1..“

397 5336 450 5391 δέ
477 5336 766 5425 κωμῳδίας
791 5336 1127 5426 διδασκάλῳ]
1152 5336 1628 5424 κωμίυδιδάσκάλῳ
1651 5336 1712 5404 Ᾱ.
1788 5354 1804 5381 ³
1838 5353 1866 5403 ὁ
1900 5336 1996 5416 μὲν
2021 5336 2048 5382 ἶ
2081 5336 2298 5420 εἴρηκε]
2351 5336 2614 5418 μεγίστην
2645 5336 2672 5397 ὖ
2710 5343 2807 5414 μὲν
2832 5341 2930 5410 τὴν
2961 5339 3126 5392 αὑτοῦ
3151 5337 3399 5404 γλῶτταν
3426 5336 3580 5387 εἶπεν
3605 5336 3669 5388 Α.

395 5426 419 5460 ³
449 5424 494 5478 δ’
517 5427 640 5478 add.
679 5430 742 5478 A.
817 5433 839 5457 ⁵
871 5428 1260 5478 Ἀριστοφάνης
1286 5440 1394 5478 om.
1425 5426 1466 5476 A
1561 5423 1584 5454 ⁸
1615 5419 1730 5474 ἀλλ’
1757 5420 1832 5478 in.
1857 5421 1985 5478 216)
2009 5422 2095 5478 ἀρ’
2125 5423 2192 5474 Α.
2263 5421 2284 5450 ⁸
2315 5417 2455 5478 πώςῖ
2487 5433 2538 5478 p.
2564 5414 2692 5470 218.
2769 5413 2789 5443 ’⁷
2811 5409 2960 5478 εικῆ]
2982 5413 3029 5464 εί
3061 5410 3139 5478 μὴ
3167 5408 3234 5462 Α.
3311 5407 3335 5438 ⁸
3357 5401 3437 5469 εἷς
3464 5421 3574 5460 uin.
3603 5407 3669 5460 A.

404 5494 428 5534 ’
455 5496 722 5566 ὑπερίσχῃ
747 5513 806 5561 ς.

3362 5196 3408 5228 ⁸⁸
3432 5193 3548 5256 πῶς
3581 5190 3672 5262 ἂν]

817 5401 1730 5498 '~"-x;::£aissae"aazx“res
1752 5401 1985 5498 magna)
2006 5422 2100 5498 et»:
2125 5401 2455 5498 τάδε
2487 5401 2722 5498 psam
2769 5401 2960 5482 τεικττ]
2982 5413 3029 5464 ει
3061 5410 3139 5480 μὴ
3163 5401 3234 5462 'A-
3311 5401 3437 5469 εεῖς
3464 5421 3574 5460 ουν·
3603 5407 3670 5460 Αο

884 5490 1178 5550 ’θ’ὲπειδὰν
1199 5490 1257 5549 δέ
1282 5512 1366 5558 τις
1394 5495 1474 5557 είς
1503 5511 1563 5558 ς.
1671 5493 1711 5523 ¹¹
1740 5490 1901 5562 ἀλλά]
1925 5507 1976 5559 Ιῖ·
2003 5492 2129 5554 ω.
2209 5492 2253 5524 ¹²
2283 5506 2346 5558 γε
2375 5505 2487 5542 0'"-
2519 5490 2585 5543 A-

2041 5603 2165 5656 UE.

2041 5603 2074 5656 Ι·
2149 5641 2165 5656 .

477 5699 589 5766 (90)
625 5698 902 5766 Cratinus,
926 5699 992 5754 de
1015 5660 1219 5753 Pericle
1244 5712 1391 5769 supr.
1418 5696 1470 5752 in
1493 5695 1644 5751 Orat.
1668 5711 1762 5766 pro
1786 5602 2206 5752 rhetoﬁocoﬁra
2239 5692 2450 5748 Platon.
