4012 6236
369 215 507 284 1535
1510 214 1773 276 PHOTII
1810 215 1958 276 PAT

2063 213 2318 278 \RCHJE
2356 220 2467 281 (ΣΡ.
3487 205 3625 269 1536

371 332 555 390 omnia
583 328 714 386 mihi
736 329 909 386 videri
938 329 1186 386 sortiere.
1218 329 1358 396 Quin
1390 342 1491 384 nec
1519 327 1798 384 Platonem
1831 331 1944 384 fere

2063 329 2159 383 ὥτ’
2194 331 2236 363 ³⁸
2265 332 2334 386 ἂν
2363 331 2593 402 εἴποιμιο
2618 328 2764 401 δὲμοὶ
2792 327 2901 398 γὰρ
2949 326 3057 397 εἴη,
3099 324 3152 378 et
3180 340 3263 386 τις
3302 321 3462 383 ἄλλος
3491 319 3622 372 δυσ-

356 423 502 478 aliud
549 421 749 478 habere
791 421 1084 489 quidquam
1120 428 1322 490 prteter
1364 420 1552 484 verba,
1597 423 1732 484 scio,
1773 422 1933 489 eique

2063 422 2304 493 {epam-zz,
2353 423 2448 478 καὶ
2493 424 2685 495 τρέπει
2709 421 2771 474 τὸ
2794 420 2941 474 ἅπαν
2969 419 3051 482 είς
3093 417 3196 486 ὲμέ
3224 434 3238 447 ο
3265 415 3360 468 καὶ
3387 413 3448 492 ού
3484 412 3628 482 μέμ-

358 513 653 568 dictionem
687 509 949 582 gratulor,
985 517 1040 564 et
1077 509 1329 578 quamvis
1352 523 1450 578 per
1478 509 1662 578 jocttm
1699 525 1760 565 se
1785 510 1934 563 dicat

2063 530 2208 583 ιομαι
2252 515 2613 586 τῷ·δαίμονι⁶
2658 517 2734 583 ὡς
2782 516 2894 585 ἐγὼ
2939 511 3202 580 δεξαίμην
3251 507 3316 562 ἂν
3357 507 3621 560 δύνασθαι

358 605 506 658 istud
550 603 774 656 minime
812 616 1028 665 curare,
1077 616 1181 654 non
1227 610 1434 655 temere
1480 602 1722 678 credam,
1755 601 1847 653 sed
1880 601 1932 654 id

2066 600 2216 669 έγειν
2253 603 2394 674 μετὰ
2454 604 2692 675 χρηστοῦ
2742 604 2856 675 βίου
2911 603 3006 656 καὶ
3049 599 3346 670 σώφρονος,
3378 599 3458 659 είς
3503 596 3629 648 ὅσον

356 689 645 743 admodum
677 689 899 743 studere
939 687 1256 755 intelligam,
1284 701 1349 741 ac
1383 696 1493 740 tum
1529 689 1782 747 maxime.
1812 701 1933 739 cum

2063 686 2146 743 ἷόν
2173 709 2232 744 τε
2263 693 2528 748 κάλλιστα
2574 693 2878 765 ἀνθρώπων
2905 691 3107 762 μᾶλλον
3152 689 3184 758 ἢ
3227 688 3489 758 μυριάκις
3523 689 3628 736 Δα-

360 771 574 828 videlur
593 771 746 841 quasi
783 771 973 827 ludens
1005 771 1170 839 loqui.
1210 770 1394 839 Itaque
1416 770 1770 824 domesticum
1801 785 1930 838 pro-

359 864 618 920 deremtts
647 864 976 926 thesaurum,
1004 863 1046 918 si
1081 863 1180 918 ista
1211 877 1580 932 carperentus.

2046 784 2194 854 ρεῖος
2221 786 2250 838 ὁ
2295 785 2601 840 Ὑστάσπου
2629 785 2887 853 γενέσθαι
2913 783 3008 838 καὶ
3033 780 3204 852 μικρά
3244 796 3334 847 μοι
3358 776 3520 830 πάνθ’
3549 776 3628 837 ὡς

2043 875 2262 946 ἀληθῶς
2295 877 2432 950 πρὸς
2455 877 2612 931 τοῦτο
2648 877 2750 948 ἤδη
2795 877 3043 946 φαίνεται
3065 872 3134 926 ιδ.
3165 868 3295 926 Οἶδα
3343 868 3400 921 δὲ
3435 867 3532 920 καὶ
3559 867 3632 920 τὰ

357 959 645 1021 Πλάτωνος
681 957 1004 1028 πράγματα,
1034 958 1082 1012 εί
1112 956 1186 1028 μὴ
1210 956 1591 1027 τετυφώμεθα,
1633 959 1785 1014 οὐδὲν
1853 963 1980 1018 ἄλλο
2018 969 2201 1038 σχεδὸν
2249 971 2380 1024 ὄντα
2427 971 2460 1042 ἢ
2511 971 2730 1036 λόγους,
2775 971 2868 1023 καὶ
2914 967 3196 1038 συγχαίρω
3239 965 3340 1035 τῆς
3425 961 3631 1024 λέξεως

362 1050 510 1118 αὐτῷ
529 1067 544 1082 ο
579 1049 680 1104 κᾶν
719 1067 785 1119 με
831 1045 1182 1118 προσπαίζων
1205 1049 1404 1102 οὑτωσὶ
1426 1049 1585 1120 πείθῃ
1606 1052 1680 1119 μὴ
1705 1052 1842 1104 πάνυ
1883 1054 2073 1108 τούτου
2101 1059 2427 1129 φροντίζειν,
2449 1061 2509 1113 ού
2535 1063 2675 1114 πάνυ
2698 1061 2980 1128 πείσομαι,
3013 1057 3127 1111 ἀλλ’
3151 1057 3364 1124 εἵσομαι
3387 1053 3514 1123 [690
3532 1047 3630 1118 H.]

359 1140 564 1211 σφόδρα
601 1139 985 1202 σπουδάζοντα,
1022 1139 1117 1192 καὶ
1141 1138 1439 1209 τηνικαῦτα
1469 1141 1736 1208 μάλιστα,
1774 1143 1939 1212 ἧνικα
1974 1145 2039 1197 ἂν
2069 1146 2145 1211 ὡς
2190 1149 2399 1214 παίζων
2437 1149 2590 1221 λέγῃ.
2623 1151 2786 1202 Ὥστε
2860 1148 2952 1201 τδν
2978 1145 3118 1200 οἴκοι
3161 1144 3433 1213 θησαυρὸν
3505 1143 3629 1195 δια-

358 1235 650 1303 ϐάλλοιμεν
675 1231 763 1297 ἂν,
805 1232 853 1284 εί
881 1231 1054 1284 ταῦτα
1090 1231 1462 1301 διασύροιμεν.

433 1328 804 1384 lProverbiutn
830 1328 896 1384 de
919 1327 983 1383 iis
1010 1327 1100 1397 qui
1134 1327 1433 1382 domestica
1463 1327 1864 1401 crimittantttr.]

432 1481 630 1536 Verum
671 1481 739 1536 de
771 1481 854 1536 his
883 1497 950 1537 ne
997 1483 1283 1536 dicendum
1314 1482 1528 1551 quidem
1557 1492 1660 1544 est.
1693 1498 1757 1539 ac
1785 1492 1940 1541 tanto

364 1575 562 1638 minus,
608 1584 811 1644 quanto
867 1574 1043 1644 major
1086 1584 1170 1631 est
1219 1575 1303 1628 vis
1352 1575 1584 1629 dicendi.
1621 1575 1760 1646 Ergo
1811 1594 1936 1634 eum

362 1681 482 1734 ego,
507 1668 596 1736 qui
629 1676 742 1721 tant
775 1682 904 1722 acer
932 1666 1079 1735 vigil,
1110 1682 1172 1722 ac
1201 1667 1590 1736 propemodum
1616 1645 1790 1725 alatus
1816 1669 1939 1735 fuit,
1972 1645 2020 1705 Β

364 1759 449 1814 vel
484 1759 657 1827 ipsum
684 1760 916 1814 otiosum
955 1759 1141 1823 fuisse,
1192 1759 1277 1814 vel
1314 1759 1474 1813 alium
1504 1760 1808 1816 reddidisse
1827 1767 1972 1816 cre-'

367 1850 531 1904 dum?
575 1847 714 1903 Nihil
766 1851 1017 1918 equidem
1062 1851 1204 1904 scire
1256 1851 1489 1917 viderer,
1542 1867 1664 1906 cum
1702 1853 1792 1907 ille
1836 1869 1945 1908 non

369 1940 737 1996 Athenienses
793 1941 973 2004 modo,
1031 1944 1124 1996 sed
1179 1957 1246 1996 ne
1297 1943 1484 1998 hostes
1533 1943 1750 2012 quidem
1780 1945 1944 1999 otiari

371 2033 702 2106 permiserit.
743 2032 927 2088 Talem
963 2033 1108 2088 enim
1150 2034 1395 2087 movendi
1426 2034 1540 2089 suis
1571 2037 1946 2091 necessitatem

372 2128 574 2194 attulit,
601 2136 661 2182 ut
688 2128 788 2196 ipsi
826 2143 1039 2196 quoque
1072 2141 1257 2181 mores
1283 2142 1413 2182 suos
1450 2139 1658 2184 mutare
1686 2145 1947 2196 cogeren-

373 2229 480 2274 tur.
506 2220 672 2288 ldque
691 2218 835 2289 iuste
861 2219 1044 2284 ﬁebat,
1069 2218 1242 2287 inquit
1276 2217 1687 2274 Demosthenes.
1718 2217 1950 2274 Verum-

374 2315 556 2360 tamen
575 2321 697 2361 eum
718 2303 871 2359 Plato
897 2305 1098 2360 otiosos
1120 2321 1183 2360 ac
1215 2307 1434 2377 ignavos
1459 2307 1534 2362 ait
1559 2306 1752 2364 fecisse
1777 2325 1794 2364 :
1825 2308 1952 2365 Cre-

371 2396 530 2450 tensis
567 2411 733 2463 mare,
766 2396 912 2450 dicat
941 2395 1158 2466 aliquis.

447 2699 822 2770 [Proverbium
852 2699 904 2754 in
939 2715 1035 2754 eos
1077 2714 1166 2768 qut
1205 2700 1470 2754 simulant
1501 2701 1774 2770 ignorare.
1803 2697 1950 2770 ,Sunt

379 2769 525 2821 enim
569 2770 857 2824 Cretenses
889 2772 1046 2838 periti
1083 2772 1469 2838 navigationis.
1497 2769 1772 2838 etdicitur
1798 2769 1950 2825 insu-

379 2839 534 2894 lauus
558 2853 706 2893 mare
735 2837 1006 2909 ignorare,
1036 2851 1090 2894 et
1116 2840 1328 2895 Siculus
1364 2837 1560 2907 mare.]

446 2991 648 3050 Verum
693 2995 942 3063 quamvis
992 2995 1190 3067 ‘25a
1247 2996 1302 3051 in
1356 2996 1462 3053 hoc
1515 2998 1734 3069 gravius
1783 3015 1945 3071 quant
1975 2997 2022 3060 C

379 3088 587 3152 caeteri,
612 3093 974 3153 premeretur,
999 3088 1141 3155 quod
1175 3087 1252 3142 illi
1271 3088 1488 3158 quidem
1517 3090 1679 3146 rebus
1708 3105 1947 3161 praesen-

381 3175 528 3230 tibus
554 3175 827 3242 dolebant,
853 3177 970 3247 ipse
998 3185 1177 3232 autem
1210 3178 1358 3234 cives
1375 3179 1450 3235 ita
1473 3179 1689 3238 videbat
1709 3182 1952 3254 aﬂ‘eclos,

380 3277 442 3322 ut
486 3269 553 3322 ad
588 3283 701 3324 rem
732 3271 1021 3339 gerendam
1052 3278 1236 3327 essent
1277 3270 1518 3341 inutiles,
1565 3289 1668 3331 nec
1709 3277 1955 3334 hostibus

379 3359 541 3414 modo
569 3359 845 3427 cederent,
892 3361 984 3416 sed
1017 3368 1075 3416 et
1109 3361 1210 3430 ipsi
1249 3367 1506 3434 tanquam
1545 3363 1777 3422 fortunae
1812 3383 1953 3438 prae-

379 3451 526 3506 senti
559 3452 768 3506 auctori
797 3452 1171 3508 irascerentur
1199 3471 1216 3510 :
1255 3467 1320 3510 ac
1365 3463 1562 3525 praeter
1589 3456 1698 3512 duo
1725 3458 1955 3516 fortuna;

382 3541 524 3596 mala
555 3540 774 3613 (bellum
802 3552 858 3598 et
889 3542 1182 3612 morbum),
1216 3543 1321 3598 duo
1349 3543 1468 3598 haec
1499 3558 1594 3599 eos
1622 3546 1724 3600 sibi
1753 3547 1957 3603 videret

381 3634 736 3700 conscivisse,
770 3633 1010 3688 dolorem
1038 3642 1094 3688 et
1122 3633 1568 3704 indignationem,
1599 3645 1654 3691 et
1679 3635 1732 3690 in
1764 3637 1955 3693 mediis

383 3727 615 3781 luereret
643 3726 921 3796 periculis,
951 3725 1213 3796 undique,
1243 3735 1303 3781 ut
1326 3726 1401 3781 ita
1429 3728 1630 3795 dicam,
1661 3727 1908 3784 desertus
1937 3746 1953 3785 :

381 3817 517 3872 nihil
546 3828 723 3873 tamen
761 3817 958 3883 timuit,
999 3833 1100 3874 nec
1144 3819 1378 3887 remisit,
1417 3835 1592 3890 neque
1635 3823 1954 3877 sententiam

383 3906 542 3976 quasi
573 3907 810 3961 colorem
839 3910 1088 3974 mulavit,
1129 3925 1254 3963 cum
1286 3911 1497 3979 pariter
1526 3926 1650 3966 cum
1676 3912 1883 3967 civibus
1905 3921 1960 3967 et

385 3998 632 4055 hostibus
678 4009 963 4068 pugnaret,
1007 4001 1102 4054 sed
1143 4001 1299 4070 quasi
1347 4011 1518 4056 artem
1568 4017 1662 4057 eos
1719 4003 1956 4072 aliquam

383 4094 626 4155 doceret,
649 4091 841 4145 eodem
883 4092 1140 4147 utebatur
1173 4107 1279 4160 quo
1311 4094 1465 4162 prius
1495 4101 1701 4160 tenore,
1734 4111 1833 4150 nec
1866 4109 1960 4165 pe-

385 4179 673 4233 riculorum
708 4180 876 4247 gratia
907 4180 1124 4236 decreta
1155 4197 1250 4236 sua
1287 4182 1542 4251 abolevit,
1569 4199 1743 4254 neque
1774 4187 1828 4242 in
1871 4202 1960 4243 se-

381 4276 616 4328 curitate
655 4274 924 4330 duntaxat
951 4275 1359 4347 philosophatus
1399 4287 1520 4334 est:
1558 4282 1959 4352 veruquuem-

2121 1334 2440 1408 [Παροιμία.
2475 1333 2738 1388 Τάττεται
2770 1333 2824 1384 δὲ
2861 1333 2952 1384 ἐπὶ
2995 1330 3102 1383 τῶν
3137 1330 3206 1382 τὰ
3236 1327 3372 1381 οἴκοι
3406 1328 3628 1380 διαϐαλ-

2121 1405 2293 1478 meum]

2045 1406 2267 1459 λόντων.

2123 1497 2266 1550 Ἀλλ’
2301 1497 2442 1566 ὑπὲρ
2484 1495 2584 1566 μὲν
2612 1496 2658 1527 ³⁵
2691 1493 2896 1547 τούτων
2925 1492 3046 1546 οὐδὲ
3074 1491 3252 1558 λέγειν
3281 1488 3455 1555 ἄξιον,
3491 1489 3630 1540 ἀλλὰ

2046 1589 2286 1661 ⁴τοσούτῳ
2331 1584 2515 1660 ἦττον,
2558 1589 2775 1658 ὅσῳπερ
2809 1585 2877 1641 ἂν
2999 1586 3244 1655 κρεῖττον
3271 1583 3332 1636 τὸ
3367 1579 3629 1634 δύνασθαι

2048 1684 2246 1752 λέγειν.
2296 1678 2418 1735 Εἶεν
2449 1683 2512 1736 ίθ.
2553 1676 2686 1734 Εἶτα
2721 1680 2812 1734 τὸν
2844 1677 3016 1743 οὕτως
3046 1678 3173 1744 ὀξὺν
3215 1675 3308 1729 καὶ
3345 1676 3629 1743 ἄγρυπνον

2049 1777 2144 1830 καὶ
2172 1775 2365 1845 ἥδιστα
2389 1774 2456 1828 ἂν
2486 1770 2638 1827 εἷπον
2666 1771 2992 1842 ὑπόπτερον,
3020 1770 3210 1824 τοῦτον
3243 1769 3275 1837 ἢ
3303 1769 3491 1835 ἀργεῖν
3524 1768 3625 1818 αὐ-

2046 1869 2139 1922 τὸν
2167 1869 2199 1938 ἣ
2233 1869 2453 1938 ἑτέρους
2481 1865 2681 1930 ἐθίζειν
2712 1865 2832 1940 ’ἐγὼ
2859 1865 2900 1897 ⁸⁷
2933 1862 3175 1929 πεισθῶ;
3208 1862 3323 1915 Ούκ
3367 1860 3475 1930 ἄρα
3505 1857 3632 1911 ὲπί-

2050 1963 2279 2018 στασθαι
2301 1963 2436 2028 δόξω
2461 1962 2570 2016 τῶν
2594 1960 2937 2032 πραγμάτων
2963 1958 3135 2011 οὐδέν’
3170 1957 3319 2018 ὅστις
3342 1972 3405 2023 γε
3440 1953 3513 2024 μὴ
3544 1953 3628 2006 ὅτι

2060 2055 2366 2124 Ἀθηναίοις
2394 2053 2508 2107 ἀλλ’
2547 2049 2672 2105 οὐδὲ
2700 2053 2814 2114 τοῖς
2855 2048 3137 2118 πολεμίοις
3166 2048 3357 2117 ἀργεῖν
3395 2047 3630 2114 ἐπέτρε-

2049 2162 2170 2212 πεν,
2215 2145 2356 2198 ἀλλὰ
2399 2143 2688 2205 κάκείνους
2719 2142 2942 2212 ἐποίησε
2973 2138 3295 2210 μεταϐαλεῖν
3340 2138 3467 2199 τοὺς
3506 2135 3633 2206 τρό-

2048 2251 2206 2300 πους·
2235 2236 2502 2298 τοσαύτας
2541 2234 2789 2302 ἀνάγκας
2817 2233 3000 2295 αὐτοῖς
3045 2231 3302 2302 περιίστη
3333 2229 3378 2262 ³⁸
3404 2227 3500 2282 τοῦ
3539 2244 3632 2280 κι-

2048 2329 2274 2383 νεῖσθαι.
2301 2330 2412 2382 Καὶ
2432 2329 2492 2382 τὸ
2520 2328 2743 2390 δικαίως
2763 2321 2847 2388 οἷς
2861 2325 3035 2378 ἐποίει
3065 2323 3293 2392 προσῆν,
3324 2320 3427 2389 ἔφη
3451 2322 3633 2388 Δημο-

2051 2420 2243 2488 σθένης
2270 2421 2333 2474 ¹⁹.
2372 2420 2513 2473 Ἀλλ’
2533 2419 2683 2488 ὅμως
2713 2416 2938 2471 Πλάτων
2957 2414 3217 2485 ᾐτιάσατο
3241 2411 3400 2464 αὐτὸν
3428 2409 3632 2478 ἀργοὺς

2049 2511 2144 2565 καὶ
2171 2509 2379 2571 δειλοὺς
2405 2505 2786 2578 πεποιηκέναι.
2838 2505 2894 2557 Ὁ
2921 2502 3144 2572 Κρὴς-ὀ
3169 2500 3245 2568 δὴ
3266 2500 3310 2532 ’ί
3350 2499 3454 2552 τὸν
3491 2497 3633 2550 πόν-

2049 2619 2176 2667 τον,
2205 2603 2369 2673 φήσει
2400 2618 2504 2664 τις.

2120 2694 2423 2768 [Παροιμία
2451 2693 2547 2768 ἐπὶἶ
2571 2691 2681 2768 τῶν
2713 2683 3202 2768 προσποιουμένων
3227 2684 3288 2737 τὸ
3310 2686 3356 2716 ’³
3390 2684 3629 2768 εόιγνοεςῖνς

2050 2768 2100 2821 οἱ
2123 2753 2247 2836 ξγὰρ’
2264 2753 2480 2835 Κρἧτες
2505 2765 2550 2836 ξ³
2583 2753 3362 2836 ἐμπειροθάλασσοιἎέγετ-αι
3386 2753 3456 2836 δέ.
3480 2755 3578 2836 καὶ.
3602 2753 3632 2803 ό

2051 2823 2556 2976 πόὲξιῶτηέῗγνοεῖν
2583 2823 2683 2904 τῆν
2707 2823 3000 2892 θάλασσαν,
3035 2825 3129 2879 καὶ
3150 2825 3177 2876 ό
3206 2825 3252 2856 ἰ
3282 2824 3500 2884 Σικελὸς
3529 2823 3628 2890 τὴν

2143 2923 2348 2958 .ασσαν.

2127 2997 2280 3052 Ὢσθ’
2298 2999 2344 3030 ²¹⁵
2361 2997 2410 3050 οἱ
2434 2993 2691 3066 μὲνζᾶλλοι
2710 2993 2822 3057 τοῖς
2843 2991 3076 3063 παροῦσι
3093 2988 3300 3050 τούτοις
3320 2984 3582 3056 ἠθύμουν,
3603 2985 3633 3036 ὁ

2061 3091 2118 3145 δὲ
2145 3092 2238 3145 καὶ
2257 3091 2401 3144 τοῦτ’
2422 3088 2553 3142 αὐτὸ
2578 3086 2927 3158 προσειλήφει
2947 3085 3148 3155 μεῖζον,
3171 3082 3231 3135 τὸ
3255 3083 3380 3143 τοὺς
3404 3077 3631 3138 πολίτας

2056 3183 2226 3245 οὕτως
2254 3181 2476 3252 ἔχοντας
2508 3181 2641 3252 δρᾷν
2670 3179 2810 3233 ὥστε
2832 3178 3072 3247 ἀπόρους
3094 3171 3233 3229 εῖναι
3264 3171 3516 3244 χρῆσθαι,
3537 3169 3633 3223 καὶΙ

2056 3274 2230 3328 ταῦτα
2258 3273 2355 3342 οὐχ
2382 3272 2504 3325 ὅσον
2547 3273 2661 3334 τοῖς
2704 3269 2986 3340 πολεμίοις
3015 3264 3468 3322 ύποπεπτωκέναι
3497 3263 3634 3317 ἀλλὰ

2058 3366 2296 3436 κάκείνῳ
2319 3362 2698 3435 δυσμεναίνειν
2731 3362 2807 3426 ὡς
2845 3361 2953 3414 τῶν
2979 3359 3267 3431 παρόντων
3294 3357 3634 3430 πραγμάτων

2059 3456 2235 3526 αἰτίῳ,
2262 3455 2407 3526 Πρὸς
2435 3454 2580 3508 δυοῖν
2601 3453 2713 3506 τοῖν
2739 3452 2849 3506 ἀπὸ
2869 3451 2970 3520 τῆς
2993 3450 3157 3521 τύχης
3175 3451 3221 3482 ³⁸
3239 3449 3335 3520 (τῷ
3347 3449 3393 3480 ’τ
3411 3447 3634 3517 πολέμῳ

2061 3547 2159 3602 καὶ
2193 3550 2256 3618 τῇ
2287 3547 2456 3616 νήσῳ)
2476 3545 2568 3599 δύο
2586 3545 2757 3598 ταῦτα
2777 3543 3213 3614 προσειληφότας
3241 3540 3384 3611 ὁρῶν
3409 3539 3632 3604 αὐτοὺς,

2060 3638 2242 3707 λύπην
2273 3638 2370 3690 καὶ
2417 3635 2769 3708 παροξυσμὸν
2812 3637 2892 3698 εἰς
2947 3635 3129 3699 αὐτὸν,
3180 3635 3238 3686 ἐν
3289 3631 3473 3702 μέσοις
3521 3632 3633 3694 10's;

2059 3727 2251 3790 δεινοῖς
2279 3726 2600 3797 ὲμὸεϐηκὼς
2632 3726 2728 3780 καὶ
2757 3725 3095 3794 πανταχόθεν
3133 3723 3535 3794 μεμονωμένος,
3559 3721 3636 3783 ὡς

2059 3821 2271 3886 εἰπεῖν,
2309 3819 2409 3872 οὐκ
2453 3819 2676 3885 ἔδεισεν,
2723 3815 2831 3870 οὐδ’
2867 3813 3244 3886 ὑπεχώρησεν,
3290 3813 3397 3866 οὐδ’
3445 3812 3636 3880 ὥσπερ

2062 3913 2253 3983 χροιὰν
2269 3910 2367 3983 τὴν
2393 3909 2621 3982 γνώμην
2661 3909 2924 3980 μετέϐαλε
2945 3907 3013 3974 ’⁸,
3045 3910 3154 3970 τοῖς
3177 3924 3235 3959 τε
3269 3904 3515 3966 πολίταις
3541 3903 3636 3956 καὶ

2061 4007 2176 4069 τοῖς
2221 4004 2501 4074 πολεμίοις
2549 4003 2686 4072 ὁμοῦ
2746 4001 3237 4070 ἀντιτεταγμένοςο
3291 3997 3405 4052 ἀλλ’
3447 3997 3637 4063 ὥσπερ

2062 4096 2129 4152 ἂν
2146 4098 2191 4130 ²’
2220 4097 2348 4151 ἄλλο
2382 4114 2437 4149 τι
2473 4095 2701 4168 μάθημα
2738 4095 3003 4170 διδάσκων
3031 4093 3247 4156 αὐτοὺς,
3291 4090 3430 4145 κατὰ
3466 4089 3638 4143 ταύτὰ

2062 4187 2100 4242 ἃ
2127 4186 2221 4240 καὶ
2249 4187 2512 4259 πρότερον
2545 4185 2768 4258 διεξῄει,
2794 4187 2890 4238 καὶ
2914 4185 2974 4238 οὐ
3009 4183 3280 4253 διέφθειρε
3299 4181 3368 4235 τὰ
3392 4181 3637 4249 δόγματα

2063 4279 2160 4332 ὲπ⁸ι
2193 4279 2303 4331 τῶν
2349 4277 2630 4342 κινδύνων,
2675 4276 2797 4330 οὐδὲ
2843 4277 2935 4329 ἐπὶ
2969 4276 3072 4345 τῆς
3119 4274 3366 4341 ἐξουσίας
3397 4273 3640 4341 ἐφιλοσό-

384 4367 668 4421 admodum
704 4367 749 4421 si
799 4367 866 4422 de
903 4369 1148 4422 numeris
1178 4379 1232 4424 et
1279 4372 1548 4426 mensuris
1574 4369 1760 4428 fuisset
1793 4374 1958 4430 inter-

2065 4388 2206 4442 φησε
2242 4370 2422 4440 μόνον,
2458 4369 2573 4423 ἀλλ’
2603 4369 2678 4432 ὡς
2705 4368 2834 4439 περὶ
2852 4368 2898 4400 ³⁰
2922 4367 3172 4439 ἀριθμῶν
3197 4367 3230 4436 ἢ
3264 4364 3476 4437 μέτρων
3503 4368 3640 4436 ἐρω-

383 4467 622 4528 rogatus,
661 4459 802 4513 idem
841 4469 897 4542 et
945 4459 1074 4514 olim
1120 4461 1489 4530 respondisset
1531 4471 1586 4517 et
1633 4473 1839 4534 postea,
1887 4464 1961 4519 ita

383 4564 600 4618 quoque
624 4559 751 4606 tunc
780 4550 918 4606 idem
946 4552 1016 4606 de
1041 4567 1253 4606 summa
1287 4553 1366 4607 rei
1406 4554 1702 4624 statuebat,
1747 4570 1845 4612 nec
1874 4554 1961 4612 vel

384 4641 624 4712 pericula
670 4641 874 4713 fugere,
911 4644 996 4699 vel
1037 4645 1274 4713 seipsum
1311 4645 1604 4712 castigare,
1635 4657 1689 4702 et
1719 4647 1958 4716 ipsomm

385 4746 570 4798 causa,
603 4732 695 4802 qui
723 4747 847 4788 cum
883 4736 1218 4804 temporibus
1243 4737 1433 4789 mutati
1467 4748 1676 4803 essent,
1710 4739 1960 4794 ruborem

384 4825 665 4894 suscipere
689 4825 1029 4894 dignabatur.
1059 4825 1324 4892 Quocirca
1359 4843 1465 4882 non
1498 4828 1602 4882 hoc
1628 4837 1747 4884 erat
1775 4829 1964 4886 dicen-

386 4915 535 4980 dum,
567 4914 753 4983 capias
774 4929 896 4970 eum
923 4930 1029 4971 non
1056 4917 1327 4984 eduxisse,
1362 4919 1456 4973 sed
1477 4918 1531 4972 id
1560 4933 1682 4974 cum
1705 4928 1852 4975 esset
1882 4919 1966 4974 ta-

385 5005 656 5071 ciendum,
679 5015 734 5062 et
759 5008 1130 5078 pugnandum,
1163 5010 1457 5074 omisisset,
1485 5011 1962 5067 considerandum.

385 5096 524 5151 Nam
564 5109 618 5154 et
662 5098 1103 5157 Lacedaemonios
1143 5100 1316 5169 aiunt,
1369 5117 1493 5158 cum
1539 5116 1636 5159 eos
1672 5103 1964 5174 aliquando

387 5200 700 5261 premerent
729 5191 991 5257 Thebani,
1038 5203 1101 5248 ut
1133 5193 1218 5251 vel
1269 5194 1338 5249 ad
1373 5210 1610 5266 pugnam
1654 5195 1828 5262 exire,
1879 5195 1965 5250 vel

2062 4466 2247 4536 τηθεὶς
2285 4464 2481 4518 ταυτδν
2511 4463 2848 4535 ἀπεκρίνατο
2875 4463 2941 4516 ἂν
2973 4461 3069 4516 καὶ
3099 4461 3323 4529 ὕστερον
3372 4459 3469 4512 καὶ
3508 4459 3640 4527 πρό-

2062 4575 2240 4630 τερον,
2271 4557 2415 4612 οὕτω
2455 4555 2551 4610 καὶ
2593 4555 2716 4608 τότε
2757 4555 2854 4618 τὰς
2889 4553 3056 4616 αὐτὰς
3095 4552 3244 4621 ἠφίει
3279 4550 3461 4618 φωνὰς
3499 4551 3639 4618 ὑπὲρ

2064 4649 2175 4702 τῶν
2205 4648 2342 4702 ὅλων
2372 4645 2738 4716 πραγμάτων,
2766 4642 2890 4699 οὔτε
2920 4643 3032 4702 τοῖς
3060 4641 3250 4702 δεινοῖς
3277 4638 3444 4691 εῖκειν
3473 4636 3638 4700 ἀξιῶν

2066 4740 2190 4796 οὔτε
2220 4739 2395 4811 ἐαυτῷ
2426 4735 2776 4808 μέμφεσθαι,
2822 4728 3174 4802 αἰσχύνεσθαί
3200 4745 3259 4780 τε
3293 4726 3432 4798 ὑπὲρ
3463 4723 3639 4778 αὐτῶν

2068 4835 2185 4904 ἅμα
2201 4834 2242 4866 ³¹
2263 4835 2374 4895 τοῖς
2407 4831 2619 4900 καιροῖς
2648 4827 2852 4898 ἐτέρων
2879 4821 3200 4892 γεγονότων.
3221 4818 3314 4888 Μὴ
3337 4817 3403 4885 δὴ
3419 4817 3462 4848 ³⁸
3486 4815 3639 4869 τοῦτο

2067 4925 2338 4994 λέγωμεν,
2373 4922 2445 4982 ὡς
2475 4921 2577 4974 οὐκ
2608 4918 2799 4989 ἐξῆγεν
2819 4931 2832 4946 ·
2880 4912 2994 4968 ἀλλ’
3029 4913 3080 4965 εί
3112 4909 3388 4981 προσῆκον
3424 4905 3640 4971 ἐξάγειν

2071 5017 2166 5071 καὶ
2217 5013 2484 5084 μάχεσθαι
2515 5009 2799 5082 παρεώρα,
2823 5006 2985 5061 τοῦτο
3020 5002 3352 5072 σκοποῦμεν.
3390 4999 3512 5052 ἐπεὶ
3545 4997 3640 5050 καὶ⁸

2070 5105 2531 5173 Λακεδαιμονίους
2561 5098 2832 5166 ἀκούομεν
2873 5096 2937 5167 δή
2969 5113 3072 5148 που
3105 5089 3516 5164 προσκειμένων
3543 5087 3641 5141 αύ-

2069 5199 2181 5258 τοῖς
2224 5211 2354 5247 ποτε
2383 5189 2667 5264 Θηϐαίων,
2698 5189 2793 5242 καὶ
2825 5184 3155 5240 κελευόντων
3185 5180 3383 5248 ἐξιέναι
3406 5179 3499 5234 καὶ
3535 5177 3641 5248 μά-

1689 5306 1918 5361 νλιιιλε
1955 5306 2359 5360 LECTIONEb.

461 5399 506 5430 "
529 5396 782 5452 τοτοῦτον
823 5415 882 5461 ς.
918 5397 1042 5466 ἐμοὶ
1073 5398 1118 5430 ³⁸
1142 5397 1390 5467 φαίνεται
1419 5415 1527 5454 om.
1573 5401 1639 5455 Λ.

392 5468 436 5498 ⁵⁸
466 5467 717 5535 περιίστη

391 5536 546 5605 29.9.4
625 5537 670 5568 ’κ
711 5537 776 5605 δὴ
816 5551 924 5590 out.
957 5538 1022 5589 Λ.
1099 5539 1145 5568 ³³
1169 5536 1476 5593 τὸόιιιᾙΛ.

393 5606 438 5678 ἶτ
478 5602 557 5672 τῷ
591 5633 658 5678 -ἰ-
684 5602 992 5678 Ανήήσιμγοηι.
1020 5606 1099 5678 Α..
1178 5607 1235 5678 "7
1261 5609 1549 5672 μετέϐαλλε
1604 5612 1668 5665 Α.

395 5671 641 5744 agnae
669 5671 767 5731 A.’
824 5671 881 5708 ³³
911 5676 984 5747 μὴ
1011 5675 1100 5748 δὴ]
1134 5691 1184 5747 p.
1213 5671 1338 5732 233.

1744 5402 1787 5435 1⁸
1824 5401 1888 5438 σιξ

823 5415 882 5461 ς.
918 5402 1042 5466 ἐμοὶ
1073 5402 1118 5430 ³⁵
1142 5402 1390 5467 φαίνεται
1419 5415 1527 5454 om.
1573 5402 1639 5455 Α.
1744 5402 1787 5435 ¹⁸
1821 5402 1922 5470 μὲν
1968 5415 2077 5454 om.
2110 5402 2172 5453 At.
2277 5402 2323 5430 "
2351 5402 2460 5452 εἷεν
2491 5413 2600 5450 om.
2633 5402 2693 5449 Λ.
2727 5402 2869 5457 εὶτα]
2917 5402 2984 5460 Μ
3013 5402 3131 5443 ⁸226.

811 5469 854 5500 ¹⁹
892 5467 1262 5539 Δημοσθένης]
1317 5471 1622 5542 περιιστάς.
1673 5469 1848 5524 καίτοι
1879 5469 2084 5530 δίκαιος
2115 5470 2207 5522 καὶ
2241 5470 2411 5539 πρᾶος
2438 5464 2526 5538 ἦν,
2558 5467 2658 5536 ἔφη
2689 5461 3024 5531 δημοσθένης
3071 5461 3131 5511 A-

817 5551 902 5571 nni
965 5538 992 5571 Α
1099 5539 1145 5568 ’ί
1169 5537 1228 5571 ιιι-λ
1269 5555 1355 5571 (nn
1423 5545 1446 5571 Α
1555 5542 1600 5571 I3
1630 5541 1685 5571 nf
1733 5539 1862 5571 QuLI
1917 5556 1949 5571 ις
2000 5542 2028 5571 Α
2063 5540 2214 5571 IIan
2310 5541 2355 5570 ,δ
2379 5541 2408 5571 Ᾱ
2443 5541 2541 5571 ι.,Ι.Ι
2610 5538 2638 5571 Δ
2744 5535 2788 5566 ,⁸
2820 5528 2972 5571 I'Imil‘i
3013 5547 3060 5571 IL
3095 5529 3128 5571 ἓ

1629 5541 1698 5593 cf.
1731 5539 1881 5594 Suitl.
1917 5556 1969 5592 ν.
2000 5542 2029 5592 ό
2063 5540 2234 5609 Κρὴς.
2310 5541 2355 5570 ’⁸
2379 5541 2408 5591 ό
2442 5541 2564 5591 add.
2605 5539 2667 5590 Α.
2744 5539 2788 5566 ’⁸
2820 5539 2974 5599 ὥσθ’]
3013 5547 3062 5595 ιι.
3095 5539 3220 5581 ξεῖνυ.
3295 5539 3340 5556 ¹“’
3370 5539 3546 5608 ’φυκτὶς
3573 5539 3637 5578 Α·

1629 5615 1668 5664 t.
1743 5611 1786 5644 ³⁸
1810 5610 1874 5665 ἂν
1917 5610 2038 5664 add.
2073 5611 2138 5664 Δ.
2217 5609 2262 5642 ³ο
2301 5609 2428 5678 περὶ
2467 5639 2534 5648 —-
2567 5607 2801 5677 μέτρων]
2837 5619 2939 5670 περ
2969 5629 3029 5639 -
3069 5600 3258 5667 μέτρον
3289 5597 3352 5651 Α.
3425 5595 3462 5626 ³·
3498 5592 3638 5666 αμα(

2277 5397 2323 5430 ⁸⁸
2351 5393 2460 5452 εἷεν
2491 5413 2600 5450 om.
2633 5399 2693 5449 Α.
2727 5391 2869 5457 εἶτα]
2917 5391 2984 5460 Μ
3013 5388 3140 5443 226.
3212 5387 3551 5460 "_éyt‘e_t_ot_tt._
3575 5386 3638 5438 Λ.

3237 5456 3280 5488 ιο
3315 5459 3340 5506 ὁ
3376 5454 3552 5525 Κρὴς]
3585 5474 3638 5521 ν.

2310 5526 2408 5591 ’ιό
2442 5526 2564 5591 εἱιιέι.
2599 5526 2667 5590 'A'.
2744 5526 2788 5566 η
2820 5528 2974 5599 ὥσθ’]
3013 5547 3062 5595 ιι.
3095 5529 3220 5581 9.30.
3295 5529 3340 5599 ’_"'
3370 5526 3546 5599 #9171;
3573 5528 3637 5599 Α,
