4012 6236
301 224 439 291 1537

1287 223 1818 286 BlBLlO’I‘IlECA.
1857 249 1918 258 -
1955 222 2119 287 COD.
2156 225 2506 289 CCXLVIII.

3444 235 3582 302 1538

296 339 491 411 χεσθαι
525 336 556 408 ἣ
590 337 808 409 χείρους
853 336 1138 408 ὁμολογεῖν
1169 331 1312 389 εἶναι
1357 336 1530 406 σφῶν,
1580 336 1881 406 ἀποκρίνα-

1991 334 2300 394 deteriores
2333 353 2458 395 esse
2483 335 2728 394 conﬁteri
2760 337 3040 408 juberent,
3073 341 3150 400 ita
3189 349 3577 417 respondisse;

301 431 430 483 σθαι
465 429 630 503 [1277
663 428 758 502 IL]
797 430 928 501 crept
976 430 1076 500 μὲν
1121 428 1217 482 τοῦ
1258 427 1480 500 πότεροι
1511 427 1754 498 βελτίους
1785 425 1886 492 τὰς

301 522 532 596 πράξεις
561 522 769 593 κρίνειν
807 522 908 585 τὰς
942 521 1085 592 ὑπὲρ
1131 521 1240 574 τῶν
1279 521 1548 591 Ἑλλήνων
1603 521 1888 592 ἑκατέροις

299 613 723 685 πεπραγμένας,
759 611 1055 684 μαχεῖσθαι
1076 611 1134 665 δὲ
1156 611 1257 666 οὐκ
1283 613 1343 666 ὲν
1365 611 1446 683 τῷ
1465 611 1575 665 τῶν
1608 611 1886 682 πολεμίων

301 703 485 776 καιρῷ
521 703 632 757 οὐδ’
683 705 773 758 ὅτε
826 705 1029 758 ἐκεῖνοι
1060 703 1397 766 κελεύουσιν,
1452 703 1569 757 ἀλλ’
1621 703 1784 774 ἡνίκα
1820 702 1887 757 ἂν

262 859 264 862 ,
303 796 494 860 αὐτοῖς
526 796 658 867 δοκῇ
680 796 746 866 ³³,
774 796 868 850 καὶ⁵
886 796 946 850 οὐ
977 795 1356 867 χρήσασθαι⁸ι
1383 799 1510 866 περὶ
1530 796 1722 850 τούτου
1748 814 1888 867 συμ-

302 887 521 949 ϐούλοις
561 885 841 958 Θηϐαίοις.
890 887 1034 957 Ἐγὼ
1053 887 1101 920 ³⁸
1131 887 1232 959 μὲν
1270 887 1367 942 οὖν
1411 889 1550 959 ὅπερ
1581 887 1726 957 λέγω
1759 889 1889 960 περὶ

304 981 538 1044 τούτων,
573 979 717 1035 οὕτω
747 981 842 1036 καὶ
865 983 1077 1053 χαίρων
1102 985 1170 1054 τῇ
1210 983 1657 1055 μεγαλοπρεπείᾳ
1685 983 1889 1047 παντὸς

307 1072 535 1142 μᾶλλον,
584 1071 660 1138 ῶς
707 1090 772 1143 γε
825 1075 1062 1144 ἐμαυτόν
1107 1075 1304 1130 πείθω.
1350 1074 1493 1145 Ὀρῶ
1519 1074 1575 1129 δὲ
1604 1076 1686 1129 ὅτι
1717 1075 1889 1130 πολλὰ

304 1168 419 1219 τῶν
471 1167 680 1222 πόλεών
733 1171 882 1224 ἐστιν
930 1170 1122 1242 ῶσπερ
1176 1171 1406 1240 ἐφόλκια
1424 1169 1492 1232 ⁸⁸,
1545 1163 1629 1233 οἷς
1673 1169 1888 1239 ἀνάγκη

308 1264 614 1333 συγχωρεῖν
647 1261 838 1334 ῶσπερ
862 1265 921 1317 ὲν
954 1264 1185 1336 σώματι.
1223 1265 1332 1318 Καὶ
1381 1264 1491 1335 γὰρ
1535 1263 1603 1317 τὰ
1637 1261 1887 1333 σώματα,

307 1354 404 1406 καὶ
435 1353 502 1407 τὰ
537 1354 786 1425 χείριστα
813 1357 906 1410 καὶ
934 1355 1002 1409 τὰ
1031 1355 1316 1420 κάλλιστα,
1351 1355 1472 1428 [691
1502 1354 1593 1427 IL]
1618 1354 1802 1409 ἀκούω
1826 1356 1890 1408 ὲκ

305 1445 418 1498 τῶν
452 1445 632 1498 αὐτῶν
662 1446 998 1516 κεκρᾶσθαιο
1033 1446 1112 1520 τῷ
1149 1447 1206 1500 δὲ
1238 1447 1272 1518 ἦ
1307 1447 1555 1510 πλείονος
1593 1447 1625 1517 ἢ
1662 1447 1888 1501 ἐλάττο-

307 1553 402 1599 νος
444 1536 650 1589 τούτων
681 1537 912 1592 ἑκάστου
932 1538 978 1570 ³⁷
1009 1538 1280 1610 μετέχείν,
1312 1538 1489 1609 τούτῳ
1509 1538 1554 1570 ³⁸
1606 1538 1890 1610 κρίνεσθαι

306 1627 371 1680 τό
390 1645 447 1680 τε
466 1630 645 1698 χεῖρον
666 1630 758 1683 καὶ
778 1625 839 1678 τὸ
865 1629 930 1661 ⁸³⁵
956 1629 1185 1700 βέλτιον.
1210 1628 1367 1683 Οὕτω
1390 1630 1452 1702 δὴ
1473 1631 1566 1684 καὶ
1586 1632 1685 1693 τὰς
1706 1632 1890 1695 πόλεις

306 1719 523 1792 ἀνάγκη
552 1720 651 1790 τῆς
691 1721 907 1790 φύσεως
936 1722 1036 1792 τῆς
1068 1721 1420 1793 ἀνθρωπείας
1448 1722 1762 1786 ἀπολαύειν,
1784 1724 1888 1777 κᾶν

306 1812 382 1874 ῶς
412 1811 664 1882 βέλτιστα
694 1814 963 1867 οἰκεῖσθαι
1005 1813 1258 1868 δοκῶσιν.
1295 1815 1450 1868 Ἐπεὶ
1498 1815 1602 1867 κάν
1639 1814 1778 1884 τῷδε
1807 1815 1888 1885 τῷ

307 1904 474 1958 παντὶ
494 1903 768 1957 τοσούτων
797 1905 985 1958 καλῶν
1015 1907 1108 1960 καὶ
1134 1907 1405 1978 τοσαύτης
1434 1907 1644 1978 ἀγαθῆς
1661 1907 1886 1979 ³⁹τύχης

310 1995 661 2065 μετειληφότι
695 1995 790 2048 καὶ
819 1995 972 2049 οὐδὲν
1001 1994 1107 2061 ἔξω
1135 1996 1403 2069 δήπουθεν
1429 1997 1592 2052 αὑτοῦ
1619 1997 1886 2052 λελοιπότι

304 2087 416 2141 τῶν
443 2088 626 2142 καλῶν
657 2088 831 2142 πολλὰ
861 2089 927 2143 ἂν
957 2088 1162 2160 εὕροις,
1219 2084 1300 2154 οἷς
1325 2090 1526 2160 ἥκιστα
1551 2089 1617 2144 ἂν
1637 2090 1883 2162 ἡσθείης.

317 2179 460 2233 Ἀλλ’
489 2179 550 2233 οὐ
581 2181 910 2251 κατηγορεῖς
942 2180 1031 2234 διὰ
1055 2179 1230 2234 ταῦτα
1279 2179 1373 2233 τοῦ
1397 2179 1600 2244 παντὸς
1639 2181 1760 2234 οὐδὲ
1791 2182 1883 2233 τοῦ

305 2271 656 2341 ποιήσαντος,
675 2256 798 2323 οὐδὲ
817 2270 1058 2339 νομίζεις
1084 2270 1242 2324 ἄλλον
1272 2271 1392 2325 τινὰ
1421 2272 1607 2339 δήπου
1631 2271 1884 2342 βελτίωδο

303 2361 559 2428 γενέσθαι
598 2360 717 2414 ποτ’
751 2361 817 2416 ἂν
852 2361 1008 2426 αὖθις
1043 2365 1251 2434 Δημιου
1267 2362 1392 2433 ργὸν
1420 2361 1532 2415 τῶν
1560 2362 1718 2416 ὅλων·
1747 2362 1885 2416 ἀλλὰ

301 2453 473 2516 δίδως
500 2455 568 2524 τῇ
593 2453 753 2523 φύσει
780 2457 954 2508 ταῦτα
988 2454 1362 2524 ὲφειλκύσθαι,
1393 2455 1490 2509 καὶ
1511 2455 1573 2508 οὐ
1606 2455 1886 2530 πολυπρα-

301 2548 546 2617 γμονεῖς.
595 2545 662 2599 Τί
699 2545 764 2616 δὴ
811 2546 1147 2616 Θαυμαστὸν,
1190 2547 1239 2600 εί
1271 2547 1366 2602 καὶ
1404 2546 1662 2619 Ἀθήνῃσι
1689 2565 1743 2601 τι
1774 2547 1884 2601 τῶν

302 2639 524 2693 πάντων
540 2637 713 2702 οὕτως
744 2637 901 2710 ἔσχεν
923 2636 1113 2708 ὥσπερ
1135 2639 1265 2703 ίσως
1281 2639 1347 2694 ἄν
1377 2655 1481 2692 που
1497 2638 1540 2669 ⁸¹
1556 2639 1648 2692 καὶ
1675 2637 1880 2700 ἄλλοθι,

303 2731 397 2784 καὶ
432 2729 821 2802 συνεχώρησαν
866 2730 916 2784 oi
955 2729 1300 2799 προεστῶτες
1352 2729 1470 2800 ἅμα
1517 2731 1617 2800 μὲν
1649 2730 1748 2801 τὴν
1776 2729 1884 2784 τῶν

301 2822 514 2874 πολλῶν
536 2822 728 2876 πενίαν
758 2823 852 2875 καὶ
881 2822 1072 2893 χρείαν
1100 2821 1578 2893 ἐπανορθούμενοι,
1601 2822 1667 2874 δι’
1693 2823 1761 2891 ἣν
1785 2823 1884 2874 οὐκ

301 2911 560 2982 ἐλάχιστα
594 2911 703 2964 τῶν
735 2912 1154 2982 ἁμαρτημάτων
1207 2913 1519 2980 συμϐαίνει,
1571 2912 1607 2967 ἃ
1649 2913 1882 2968 κωλύειν

304 3004 506 3075 μᾶλλον
535 3004 709 3068 οὓτως
735 3003 990 3074 ἡγοῦντο,
1019 3005 1135 3074 ἅμα
1165 3004 1221 3058 δὲ
1235 3005 1280 3037 ⁵⁸
1301 3005 1691 3076 εὐλαϐούμενοι
1731 3008 1805 3078 μή
1829 3025 1881 3060 τι

300 3097 395 3150 καὶ
438 3099 624 3168 χεῖρον
676 3097 1068 3168 ὲξεργάσαιντο
1116 3099 1194 3170 τῷ
1245 3100 1557 3171 κατείργειν
1598 3100 1879 3164 παντελῶς

302 3188 496 3251 αὐτούς
513 3189 581 3243 ⁷⁵³.
616 3189 682 3242 Τί
711 3191 820 3260 γὰρ
853 3190 956 3243 ούκ
983 3184 1052 3261 ἦν
1075 3190 1448 3262 προσδοκῆσαι
1499 3195 1748 3263 ποιήσειν
1782 3194 1879 3245 ἁν-

301 3280 554 3352 θρὼπους
587 3279 876 3343 τοσούτους
918 3281 980 3334 τὸ
1027 3282 1230 3351 πλῆθος
1263 3283 1358 3335 καὶ
1387 3283 1560 3346 οὔτως
1590 3282 1752 3350 ὀξεῖς,
1783 3283 1880 3336 καὶ

299 3374 601 3442 χρημάτων
657 3371 924 3425 τοσούτων
971 3374 1283 3442 παρόντων,
1345 3376 1393 3427 εί
1460 3374 1647 3445 μηδεὶς
1694 3375 1880 3437 αὐτοῖς

305 3463 580 3534 μετεδίδου
604 3466 671 3516 τὰ
695 3463 889 3534 μέτρια
913 3480 926 3529 ;
951 3459 1040 3535 ἆρ’
1074 3465 1135 3518 οὐ
1168 3465 1327 3519 πάντ’
1356 3467 1422 3519 ἂν
1455 3468 1638 3530 αὐτοῖς
1669 3467 1878 3535 ἐπιχει-

301 3557 466 3627 ρῆσαι
504 3555 722 3622 λαϐεἰν;
756 3554 856 3608 οὐκ
887 3540 1001 3609 ἐστι
1025 3556 1072 3588 ⁵⁸
1100 3555 1294 3622 ταῦτα,
1343 3551 1388 3610 ὦ
1435 3558 1684 3620 Πλάτων,
1738 3557 1875 3611 ἀλλὰ

296 3650 445 3703 δυοῖν
477 3649 729 3719 θάτερονο
763 3647 798 3718 ἢ
841 3647 940 3700 οὐκ
972 3643 1112 3717 ἦσαν
1149 3649 1424 3718 Ἀθηναῖοι
1458 3648 1689 3702 τοιοῦτοι
1721 3648 1867 3712 οἴους

1990 427 2096 480 utri
2121 427 2340 497 quidem
2383 438 2572 485 essent
2638 429 2892 486 meliores
2936 433 3017 488 vel
3071 437 3141 489 ab
3191 437 3439 506 utrisque
3481 457 3580 508 pro

1989 511 2196 570 Graecia
2229 531 2316 572 res
2350 527 2531 586 gestas
2561 518 2774 584 testari,
2808 529 3068 574 caeterum
3102 536 3208 578 non
3237 525 3307 578 ad
3335 525 3576 581 hostium

1989 607 2334 663 occasionem
2371 607 2455 664 vel
2486 619 2819 680 prteceptum
2851 625 2910 668 se
2939 622 3280 682 pugnaturos
3308 631 3451 683 esse,
3481 617 3576 672 sed

1993 714 2116 754 cum
2138 699 2242 754 sibi
2276 701 2452 756 visum
2479 700 2640 766 foret,
2684 717 2783 758 nec
2821 704 2876 758 in
2916 719 2977 760 ea
3001 721 3058 762 re
3092 705 3470 764 Thebanorum
3499 711 3574 767 uti

1989 790 2126 846 velle
2169 793 2421 848 consilio.
2463 791 2641 862 Atque
2671 810 2770 863 ego
2801 797 3020 866 quidem
3068 799 3214 855 sicut
3249 801 3462 871 loquor,
3494 803 3577 857 sic

1990 882 2152 936 etiam
2179 881 2472 951 plurimum
2498 883 2739 939 delector
2765 889 3188 958 magniﬁcentia,
3214 895 3576 961 quemadmo—
3661 894 3666 898 ’

1991 974 2116 1027 dum
2148 975 2277 1028 mihi
2310 977 2630 1043 persuadeo.
2665 977 2961 1033 Civitatum
3008 992 3186 1036 autem
3234 983 3429 1040 multas
3453 999 3576 1041 esse

1990 1063 2150 1119 video
2193 1066 2348 1133 quasi
2389 1064 2626 1139 [peccata
2668 1067 2819 1142 dicit]
2864 1071 3214 1138 appendices,
3248 1075 3444 1142 quibus
3474 1092 3573 1131 ne-

1992 1157 2236 1210 cessario
2253 1159 2325 1212 sit
2350 1168 2607 1228 tanquam
2644 1161 2696 1216 in
2733 1177 2963 1231 corpore
2985 1166 3410 1222 etmcedendum.
3436 1167 3573 1223 Nam

1991 1256 2046 1300 et
2074 1263 2301 1318 corpora
2339 1251 2700 1315 pulcherrima
2727 1269 2886 1322 quam
2909 1255 3242 1322 turpissima,
3283 1273 3346 1312 ex
3379 1259 3571 1316 iisdem

1992 1355 2114 1395 esse
2151 1344 2312 1398 rebus
2339 1345 2664 1414 composita,
2700 1357 2971 1414 quatenus
3011 1359 3194 1404 autem
3237 1351 3304 1406 de
3347 1352 3575 1422 singulis

1993 1433 2112 1502 plus
2137 1435 2220 1487 vel
2267 1437 2444 1490 minus
2491 1438 2694 1493 fuerint
2743 1441 2955 1510 adepta,
3002 1441 3266 1498 hactenus
3299 1446 3571 1502 deteriora

1993 1520 2074 1574 vel
2102 1522 2324 1576 meliora
2348 1527 2579 1579 censeri.
2605 1525 2874 1584 Similiter
2897 1529 3058 1584 etiam
3081 1530 3352 1602 civitates,
3381 1549 3575 1604 quam-

1993 1613 2075 1668 vis
2123 1615 2327 1684 optime
2375 1615 2660 1672 videantur
2709 1620 3044 1686 constituuc,
3096 1635 3343 1678 naturam
3389 1635 3569 1680 tamen

1922 1699 1961 1754 Β
1993 1706 2282 1760 humanam
2335 1709 2648 1768 necessario
2706 1723 3030 1780 sequuntur.
3087 1713 3217 1770 Nam
3265 1727 3320 1771 et
3365 1717 3418 1772 in
3467 1717 3572 1773 hoc

1989 1801 2267 1868 universo,
2304 1805 2446 1873 quod
2481 1805 2553 1860 ita
2583 1813 2666 1861 est
2693 1804 2888 1877 425i:
2925 1821 3102 1862 rerum
3135 1809 3374 1863 omnium
3407 1810 3574 1864 bona-

1988 1909 2105 1948 rum
2143 1897 2438 1969 particeps,
2489 1908 2548 1952 ut
2577 1899 2625 1952 ei
2659 1899 2796 1953 nihil
2844 1900 3037 1955 deesse
3079 1901 3345 1968 videatur,
3404 1905 3571 1958 multa

1987 2002 2107 2059 quae
2131 1988 2454 2059 displiceant
2479 1991 2740 2060 reperias;
2767 2007 2868 2050 nec
2894 2002 3072 2048 tamen
3103 1994 3225 2049 ideo
3257 1997 3570 2052 universum

1989 2077 2163 2147 ipsum
2214 2095 2466 2146 accusas,
2503 2092 2594 2135 aut
2631 2082 2750 2150 ejus
2781 2092 3085 2152 auctorem,
3135 2102 3236 2141 nec
3276 2088 3439 2144 alium
3470 2092 3573 2146 ali-

1988 2171 2208 2238 quando
2237 2171 2519 2227 meliorem
2562 2175 2810 2242 opiﬁcem
2862 2178 3188 2233 exstiturum
3219 2182 3394 2237 credis
3428 2201 3443 2236 :
3475 2185 3573 2238 sed

1988 2260 2103 2314 hinc
2136 2277 2165 2315 a
2191 2273 2381 2316 natura
2415 2263 2550 2318 sinis
2587 2267 2810 2330 attrahi,
2843 2283 2945 2322 nec
2976 2270 3069 2324 tibi
3097 2273 3367 2341 negotium
3401 2252 3575 2329 faces-

1986 2355 2086 2410 sis.
2134 2354 2274 2421 Quid
2317 2371 2448 2425 ergo
2499 2358 2719 2424 mirum,
2754 2361 2802 2415 si
2832 2362 2965 2429 quid
2993 2363 3224 2420 Athenis
3263 2365 3431 2420 etiam
3461 2367 3571 2422 tale

1989 2444 2108 2512 fuit,
2132 2450 2584 2518 quemadmodum
2617 2461 2671 2505 et
2710 2452 2832 2506 alibi
2869 2452 3122 2520 fortasse,
3160 2456 3307 2524 quod
3347 2473 3572 2513 conces-

1987 2539 2159 2593 serint
2199 2539 2470 2609 praefecti,
2517 2558 2624 2611 quo
2656 2544 2819 2598 simul
2871 2555 2925 2603 et
2955 2547 3098 2618 vulgi
3149 2549 3346 2618 inopiae
3389 2553 3572 2606 mede-

1992 2641 2204 2698 rentur,
2239 2646 2304 2686 ex
2335 2647 2442 2702 qua
2491 2649 2597 2688 non
2650 2636 2874 2689 minima
2921 2637 3176 2692 oriuntur
3225 2639 3444 2704 delicta,
3492 2642 3570 2696 sic

1986 2737 2108 2792 quae
2163 2723 2486 2778 videbantur
2545 2741 2705 2794 posse
2753 2726 2888 2794 tolli,
2926 2735 2980 2782 et
3030 2740 3288 2783 caverent
3334 2745 3400 2785 ne
3439 2731 3570 2798 quid

1987 2815 2150 2869 etiam
2197 2816 2351 2886 pejus
2407 2817 2701 2882 eliicerent,
2743 2819 2788 2872 si
2825 2833 2920 2873 eos
2969 2820 3195 2876 omnino
3232 2834 3568 2877 coercerent.

1986 2905 2125 2971 Quid
2158 2908 2303 2960 enim
2331 2922 2436 2962 non
2485 2910 2910 2978 exspectandum
2950 2910 3127 2965 fuerat
3155 2927 3184 2965 a
3216 2921 3293 2966 tot
3334 2913 3570 2967 hornini—

1991 2998 2111 3064 bus,
2149 3013 2213 3052 ac
2251 3008 2359 3052 tam
2385 3000 2624 3066 acribus,
2663 3003 2867 3070 quique
2910 3011 3087 3056 tantas
3115 3017 3247 3072 opes
3280 3003 3568 3069 haberent,

1990 3089 2091 3144 nisi
2137 3091 2256 3160 quis
2302 3101 2511 3160 partem
2546 3108 2669 3146 cum
2704 3093 2768 3147 iis
2806 3093 3042 3163 aliquam
3084 3097 3573 3151 cornznunicasset?

1989 3181 2176 3236 Nonne
2203 3182 2318 3237 fore
2352 3191 2410 3236 ut
2455 3184 2636 3236 oumia
2673 3195 3008 3240 conarentur
3042 3187 3303 3242 sumere?
3342 3186 3419 3240 Ne
3455 3189 3570 3242 lucc

1988 3275 2241 3343 amplius,
2263 3290 2296 3330 ο
2324 3273 2515 3330 Plato!
2543 3290 2729 3330 verum
2759 3285 2850 3332 aut
2881 3293 2988 3332 non
3025 3290 3182 3332 erant
3205 3280 3572 3333 Atheuienses

1989 3371 2126 3425 tales
2153 3368 2342 3439 quales
2374 3369 2536 3433 dicis,
2571 3370 2886 3443 autquivis
2916 3373 3097 3440 potius
3127 3389 3290 3441 quam
3337 3372 3572 3426 Pericles

1986 3460 2102 3528 eius
2140 3460 2217 3514 rei
2266 3475 2487 3515 causam
2528 3463 2777 3531 prmhnit.
2840 3463 3291 3532 Quandoquidem
3341 3465 3431 3517 ille
3471 3478 3573 3518 nec
3644 3538 3646 3540 ν

1984 3551 2116 3605 viles
2140 3551 2336 3605 edebat
2366 3549 2556 3616 luctas,
2607 3566 2704 3606 nec
2748 3553 3041 3618 obscuras,
3087 3553 3171 3607 vel
3212 3553 3570 3619 adulterinas,

1985 3642 2068 3696 vel
2099 3641 2350 3711 obliquas
2389 3643 2618 3696 ducebat
2652 3643 2849 3698 lineas.
3387 3657 3394 3664 κ

296 3741 362 3793 σὺ
390 3739 702 3808 κατῃτιάσω
728 3780 742 3800 .
769 3739 804 3810 ἢ
849 3742 1050 3805 πάντες
1082 3741 1283 3811 μᾶλλον
1313 3741 1346 3812 ἢ
1390 3741 1660 3812 Περικλῆς
1699 3741 1892 3800 αἴτιος,
1935 3738 2091 3807 είπερ
2116 3751 2181 3804 γε
2225 3735 2366 3806 μήτε
2399 3733 2621 3801 φαύλως
2662 3734 2873 3790 ἐδείκνυ
2900 3739 2970 3792 τὰ
3009 3738 3387 3810 παλαίσματα,
3431 3739 3568 3810 μήτε

295 3837 525 3908 ἀσαφεῖς
567 3853 718 3900 τινας
747 3835 778 3906 ἢ
806 3836 1147 3908 κιϐδήλουςῆ
1185 3838 1405 3902 σκολιὰς
1449 3839 1680 3910 παρεῖχε
1717 3838 1814 3900 τὰς
1851 3835 2140 3907 γραμμάς.

683 3929 780 3983 Ἐκ
818 3929 936 3984 τῶν
969 3928 1104 3995 περὶ
1131 3929 1401 4000 Κίμωνος
1416 3929 1483 3984 ⁸⁸.

368 4018 514 4092 [Ὁτι
547 4020 584 4092 δ
605 4018 802 4092 Κίμων
829 4021 1124 4092 Μιλτιάδου
1157 4021 1256 4092 μὲν
1288 4020 1388 4088 ἔφυ
1418 4019 1646 4090 πατρὸς,
1672 4019 1876 4090 εὐήθης

293 4089 444 4162 aegra:
473 4089 666 4162 πρῶτα
699 4091 856 4155 δόξας
887 4091 1112 4162 ὕστερον
1145 4089 1204 4145 ἑν
1237 4091 1451 4154 πολλοῖς
1493 4089 1603 4162 καὶ,
1630 4089 1874 4162 στρατη-

294 4159 409 4226 γῶν
439 4159 820 4231 εὐδοκίμησεν.
863 4159 1335 4231 Ἐξοστρακισθεὶς
1381 4162 1439 4215 δὲ
1487 4159 1746 4229 κατῆλθε,
1778 4159 1873 4214 καὶ

2431 3922 2514 3977 Ex
2541 3924 2608 3978 iis
2639 3941 2756 3993 quae
2788 3926 2854 3980 de
2888 3926 3125 3986 Cimone.

2048 4014 2264 4088 [Cimon
2300 4024 2459 4092 natus
2488 4025 2640 4092 patre
2666 4019 2932 4092 Miltiade,
2981 4025 3236 4092 Stupidus
3273 4027 3422 4084 visus
3467 4031 3569 4083 iui-

1974 4087 2072 4151 tio,
2107 4098 2292 4155 postea
2329 4089 2490 4142 rebus
2520 4088 2704 4143 multis
2756 4092 2961 4145 bellicis
3008 4087 3418 4153 commendatus
3458 4115 3564 4156 est.

1973 4156 2186 4238 Ejectns
2235 4159 2555 4238 onslracisnto
2611 4160 3250 4238 rediit,_vicitqr_te_apud
3304 4167 3564 4238 Euryme‘

297 4227 1078 4312 στρατηγήσαςἐνίκησεν..ὲέ
1119 4231 1487 4312 Εὐρυμέδοντι
1507 4227 1752 4312 ποταμῇ
1776 4233 1873 4284 καὶ

1987 4228 2214 4312 tondent,
2239 4227 2470 4312 ﬂuvium
2499 4241 2638 4312 terra
2675 4233 2938 4312 marique,
2968 4227 3330 4305 obsidertsqtte
3361 4227 3561 4294 Ci'tiunt

295 4298 451 4388 κατα]
464 4298 576 4385 γῆν
599 4307 693 4354 καὶ
728 4298 870 4388 κατᾶ
905 4298 1214 4388 palearum-
1235 4298 1477 4372 Τέθνηκε
1503 4302 1561 4356 δὲ
1590 4298 1870 4355 τὸΚίτιον

1987 4298 2134 4367 Cypri
2171 4298 2383 4362 urbem,
2418 4302 2720 4355 exstinctus
2759 4298 2890 4373 esi.]

294 4371 393 4438 τῆς
412 4369 636 4440 Κύπρου
665 4371 1018 4444 πολιορκῶν.]

375 4461 711 4533 Ἐϐουλόμην
727 4463 774 4497 ⁸⁸
820 4464 866 4518 δ’
893 4464 962 4519 ἂν
1016 4465 1109 4519 καὶ
1145 4465 1282 4536 πρὸς
1309 4464 1470 4521 ἄλλον
1501 4464 1626 4519 τινά
1655 4481 1746 4534 μοι
1779 4465 1872 4516 τὸν

289 4549 478 4618 ἀγῶνα
503 4552 794 4622 τυγχάνειν
838 4553 968 4608 ὄντα
1011 4555 1104 4608 καὶ
1148 4556 1222 4627 μὴ
1266 4555 1404 4625 πρὸς
1451 4553 1745 4617 Πλάτωνα,
1780 4553 1874 4606 καὶ

289 4661 356 4696 πε
369 4645 422 4714 pl
451 4644 644 4699 τούτου
675 4645 820 4716 λέγω
835 4648 879 4679 ⁸⁷
908 4647 1004 4700 καὶ
1052 4647 1180 4718 περὶ
1217 4647 1327 4701 τῶν
1349 4645 1546 4712 ἄλλων,
1580 4647 1668 4699 ίνα
1705 4648 1872 4700 πᾶσιν

287 4731 370 4801 οἷς
401 4731 545 4807 εἶχον
574 4737 835 4810 ἐχρώμην
865 4737 1343 4812 θαρῤούντως,καὶ
1365 4741 1440 4811 μὴ
1469 4737 1753 4793 συνέϐαινέ
1783 4755 1874 4808 μοι

289 4830 675 4902 παραπλήσιον
701 4831 890 4902 ὥσπερ
922 4833 989 4886 ἂν
1022 4833 1072 4885 εί
1099 4831 1296 4896 πλέων,
1333 4833 1430 4886 καὶ
1480 4831 1656 4902 παρὸν
1681 4831 1740 4898 ἐξ
1780 4832 1872 4884 οὐο

291 4922 415 4994 ρίας
454 4924 800 4996 κομίζεσθαι,
844 4922 966 4978 εἶτα
995 4923 1298 4996 ὑφιὲμηνδθ
1345 4923 1450 4978 ὑπὸ
1499 4923 1700 4986 δειλίας
1718 4923 1787 4984 δ’,
1834 4922 1868 4994 ἢ

288 5014 386 5066 καὶ
410 5015 600 5079 ἵπποις
623 5013 1048 5085 ἀγωνιζόμενος,
1064 5015 1184 5079 ἐξὸν
1207 5014 1303 5068 καὶ
1327 5014 1463 5086 ταχὺ
1491 5016 1587 5069 καὶ
1607 5013 1866 5069 τοσοῦτον

285 5107 410 5160 ὅσον
438 5107 700 5180 βούλομαι
726 5109 1109 5181 παρενεγκεῖν,
1155 5102 1254 5161 εἴτ’
1282 5109 1498 5178 ἀνεῖχον
1545 5106 1860 5177 ἐξεπίτηδες

2044 4477 2248 4532 Vellem
2286 4487 2464 4533 autem
2500 4495 2620 4533 cum
2649 4466 2756 4534 alio
2788 4481 2943 4546 mihi,
2972 4496 3136 4552 quam
3173 4499 3295 4540 cum
3339 4485 3564 4544 Platone

1972 4571 2276 4626 institutam
2299 4588 2420 4629 esse
2456 4575 2879 4641 contentionem,
2915 4585 3023 4631 tam
3064 4581 3128 4633 de
3161 4579 3262 4635 hoc
3302 4597 3462 4652 quam
3495 4583 3563 4639 de

1973 4661 2218 4730 reliquis,
2268 4671 2327 4716 ut
2381 4663 2651 4726 omnibus,
2704 4666 2901 4734 quibus
2952 4683 3162 4737 possem
3230 4676 3563 4741 argmuentis

1975 4753 2230 4805 audacter
2269 4761 2472 4817 uterer,
2511 4768 2685 4820 neque
2721 4756 2874 4824 quasi
2921 4767 3124 4825 vector,
3162 4773 3284 4812 cum
3320 4763 3562 4817 secundo

1977 4839 2169 4895 liceret
2193 4851 2353 4895 vento
2379 4841 2530 4906 ferri,
2561 4857 2672 4911 pra:
2696 4845 2907 4900 ‘timore
2935 4847 3053 4901 vela
3084 4852 3510 4920 constringerem
3542 4871 3558 4909 :

1977 4939 2071 4986 aut
2092 4937 2246 5002 quasi
2274 4935 2511 5003 equestri
2536 4943 2868 4992 contendens
2889 4942 3207 5008 certamine,
3228 4957 3350 4996 cum
3376 4944 3562 4999 liceret

1975 5024 2260 5080 celerrime
2295 5027 2563 5096 progredi,
2594 5037 2786 5098 sponte
2817 5043 2902 5084 me
2939 5031 3261 5100 inhiberent,
3288 5050 3396 5104 quo
3423 5051 3564 5104 prae-

1975 5115 2185 5171 cedenti
2225 5132 2529 5185 parcerem.
2561 5119 2710 5174 Adeo
2745 5119 2914 5174 multo
2947 5122 3260 5194 diligentius
3304 5127 3556 5183 observo»

1668 5269 1896 5325 νΑῐὶΙᾹὶ
1934 5268 2341 5332 LECTIUNES.

356 5376 403 5408 ³³
424 5377 660 5452 δοκεῖς.
711 5380 781 5452 _"
808 5380 1045 5452 χρῆσθαι.
1089 5399 1150 5447 ς’.

1255 5382 1299 5465 ξεί
1326 5380 1460 5463 ἐγὼ]
1503 5382 1748 5465 9:239.“
1790 5386 1834 5465 ξ*
1862 5387 2085 5465 ἐφόλκια
2115 5389 2212 5465 νῦν
2241 5388 2318 5465 τὰ.
2337 5391 2712 5465 ἁμαρτήματα
2756 5393 2906 5463 λέγει
2949 5412 3054 5465 mg.
3094 5397 3158 5452 A.

3254 5399 3299 5430 ³⁷
3324 5396 3555 5454 ἑκάστου

284 5460 395 5530 om.
569 5447 913 5530 κιτοῢτοᾏί
958 5452 1020 5485 ³⁸⁸
1045 5451 1286 5530 τόητδ]
1312 5447 1629 5530 τῷέτῷ-Α.
1705 5447 2136 5530 ξθ-αγαόἦςξοιιι.
2165 5463 2230 5513 Α.
2286 5447 2352 5492 ﬁ“
2375 5447 2693 5530 ’βελτίιῖιῖοιω
2722 5468 2786 5520 Α.
2831 5447 2910 5496 ’δί
2935 5447 3254 5522 ἀνυπουοιη.
3286 5447 3349 5525 A:

285 5517 410 5571 add.
442 5519 506 5571 A.

611 5520 656 5550 ⁸³
705 5520 900 5585 αὐτοὺς
934 5538 1044 5578 om.
1074 5524 1140 5577 A.
1217 5520 1393 5575 δεόὑκ
1422 5520 1534 5575 ἔστι

1607 5540 1657 5608 η.
1708 5523 1832 5608 ῆ-ίὸ.
1861 5604 1879 5608 _
1911 5523 1957 5608 ξ’
2137 5531 2246 5608 τῶν
2279 5523 2419 5608 περὶ.
2587 5536 2852 5608 πρικλῆς
2889 5539 2953 5590 ὲκ
2977 5538 3086 5591 τῶν
3112 5539 3240 5607 περὶ
3265 5523 3358 5594 τού
3393 5559 3444 5594 κ.

283 5527 415 5618 add.
442 5527 506 5571 A.
611 5527 656 5550 ⁸⁸
705 5527 900 5585 αὐτοὺς
934 5538 1044 5578 om.
1074 5527 1140 5577 A.
1217 5527 1260 5555 δ’
1292 5527 1393 5608 oin:
1422 5527 1572 5624 55ml
1607 5540 1657 5591 ρ.
1708 5527 1832 5578 2.-ὂ6.
1911 5529 1956 5559 ⁸⁸
2009 5528 2105 5582 Ἐκ
2137 5531 2246 5582 τῶν
2279 5527 2419 5614 ⁵περὶ.
2448 5535 2546 5608 [4.]
2587 5536 2852 5608 πρικλῆς
2889 5539 2953 5590 ὲκ
2977 5538 3086 5591 τῶν
3112 5539 3240 5607 περὶ
3265 5541 3358 5594 τοῦ
3393 5559 3444 5594 κ.
3485 5544 3552 5598 Α.

354 5587 686 5674 εϐουλόμηνλ
707 5607 756 5658 ι».
939 5680 942 5681 ν
989 5592 1030 5625 ⁸⁷
1069 5593 1500 5681 ιιριιηεξιλεγωνί⁸
1577 5593 1883 5681 διιὶφσιέμην]
1910 5598 2150 5672 ὑφιέμην
2180 5602 2300 5656 ἀντι
2327 5620 2421 5657 του
2451 5606 2757 5679 ὑπειχόμην
2789 5609 2881 5662 καὶ
2911 5608 3131 5681 ὑπεῖχον
3156 5611 3412 5680 ἐμαυτὸν,
3446 5614 3557 5668 ἀπὸ

286 5661 598 5729 μεταφορᾶς
620 5661 726 5714 τῶν
751 5661 1038 5730 χαλώντων
1067 5664 1134 5717 τὰ
1163 5663 1305 5717 ἱστία
1337 5661 1441 5731 mg.
1474 5663 1532 5716 Α.
1609 5661 1884 5721 “Situs-5
1915 5661 1977 5732 ςέ
