4012 6236
338 241 472 307 1541

1371 237 1965 300 BIBLIOTHECA.-
1986 236 2149 296 COD.
2179 236 2536 299 CCXLVIII.

3460 218 3597 304 1542

332 370 429 406 νου
485 351 729 421 κλήσεως
781 348 878 404 καὶ
922 347 1320 419 παρακλήσεως
1364 349 1520 402 οὐδέν
1573 348 1687 402 ἐσθ’
1729 349 1913 417 ἕτερον

2019 351 2147 398 sunt
2170 345 2411 411 reveriti,
2443 355 2519 411 et,
2543 351 2603 399 ut
2627 344 2866 410 adesset,
2893 359 2926 400 e
2956 359 3014 400 re
3043 358 3139 400 sua
3169 345 3286 400 fore
3310 346 3594 402 existima-

275 499 284 514 ,
333 443 476 514 πλὴν
507 445 607 514 τῆς
631 442 836 511 ἀρετῆς
865 439 1168 505 αἰτιᾶσθαι,
1191 441 1260 494 δι’
1282 442 1348 511 ἣν
1374 442 1470 494 καὶ
1501 441 1710 494 ἀπόντα
1740 440 1915 511 ᾐσχύ-

331 553 488 589 νοντο
529 535 624 587 καὶ
655 533 971 604 παρεῖναι⁶⁶
1018 532 1322 586 λυσιτελεῖν
1361 533 1546 595 αὐτοῖς
1581 531 1910 602 ὑπελάμϐαο

332 643 446 690 νον,
493 626 589 679 καὶ
629 625 690 676 τὸ
728 624 1003 694 μέγιστον,
1059 625 1209 693 σφῶν
1247 624 1428 678 αὐτῶν
1477 622 1916 692 καταγινώσκειν

337 713 544 784 μᾶλλον
563 713 750 783 ,ἠξίουν
775 714 807 783 ἢ
839 713 1072 769 ἐκείνου.
1101 715 1263 768 Ὥστε
1287 716 1336 767 εί
1369 714 1468 784 μὲν
1493 714 1655 768 αὐτὸν
1679 714 1763 782 ἐφ’
1786 715 1916 767 ἐαυ-

335 808 431 861 τοῦ
472 807 556 860 δεῖ
584 809 830 870 σκοπεῖν,
857 805 908 859 τί
945 808 1029 860 δεῖ
1055 806 1252 875 λέγειν,
1285 805 1339 858 εί
1359 823 1445 869 τις
1472 807 1552 870 είς
1577 807 1788 859 ἐκεῖνον
1819 805 1912 870 ἐξ.

334 901 618 970 ήμαρτεν;
655 901 705 952 εί
742 899 799 952 δὲ
833 899 937 951 ἀπὸ
966 898 1078 952 τῶν
1105 898 1282 952 ἄλλων
1319 897 1482 952 αὑτὸν
1511 898 1592 951 δεῖ
1617 897 1914 967 θεωρῆσαι,

339 989 707 1060 διαφερόντως
737 983 891 1053 οὗτος
907 989 953 1021 ⁸⁷
983 988 1237 1060 τιμηθεὶς
1268 988 1538 1059 φαίνεται.
1578 987 1740 1042 Ἀλλὰ
1763 987 1809 1020 ⁸³
1837 987 1916 1058 μή

337 1101 428 1138 ’τω
449 1084 626 1137 ταῦτα
645 1098 660 1113 ⁶
686 1083 884 1136 αὐτίκα
911 1081 1020 1153 γὰρ
1050 1081 1252 1152 μᾶλλον
1281 1082 1412 1145 ἴσως
1437 1081 1691 1152 ἁρμόσει.

412 1197 647 1267 [Ἤγουν
679 1198 738 1248 ἐν
769 1198 832 1264 τῇ
866 1197 1020 1266 κοινῇ
1058 1195 1376 1268 ἀπολογίᾳ.]

386 1289 518 1363 [(395
556 1286 648 1358 H.]
680 1287 851 1356 Ὑπὲρ
887 1285 1213 1342 Μιλτιάδου
1236 1286 1304 1340 ⁸³.
1330 1317 1398 1329 -
1423 1287 1493 1342 Τὸ
1529 1287 1865 1356 Προοίμιον.

409 1379 733 1450 Περιήκειτο
759 1378 804 1431 δ’
837 1379 968 1448 ἡμῖν
1014 1379 1042 1431 ὁ
1083 1377 1241 1446 λόγος
1279 1379 1358 1442 είς
1388 1377 1551 1432 αὑτὸν
1573 1379 1664 1432 τὸν
1688 1379 1918 1434 Μιλτιά-

334 1473 456 1542 δην,
484 1472 544 1525 ὃν
575 1470 688 1540 ἐγὼ
737 1470 941 1540 μᾶλλον
970 1471 1330 1540 αἰσχυνοίμην
1370 1471 1611 1524 ἐπαινῶν
1643 1471 1676 1542 ἢ
1709 1471 1914 1541 ψέγωνο

333 1565 481 1619 οὕτω
513 1581 604 1633 μοι
627 1562 769 1617 δοκῶ
794 1562 973 1615 πάντα
1000 1562 1066 1616 ἂν
1093 1562 1316 1615 ἔλαττον
1345 1564 1521 1616 εἰπεῖν
1556 1562 1590 1634 ἢ
1626 1562 1913 1634 βούλομαι.

2021 445 2167 502 runt,
2197 437 2450 506 quodque
2475 448 2556 491 est
2576 437 2816 491 omnium
2839 439 3158 502 maximum,
3182 437 3392 506 seipsos
3419 440 3598 506 potius

2018 541 2182 594 quam
2215 526 2360 581 illum
2392 527 2759 582 condemnare
2795 528 3122 582 maluerunt.
3153 527 3330 594 Quare
3358 528 3473 584 sive
3498 544 3597 598 per

2018 629 2077 670 se
2105 617 2185 668 vir
2219 625 2302 669 est
2344 614 2794 677 considerandus,
2841 631 2959 679 cur,
3000 614 3044 668 si
3077 614 3201 683 quid
3230 614 3282 668 in
3313 627 3440 668 eum
3471 614 3597 684 quis

2019 708 2284 776 peccavit,
2336 704 2723 761 recensemus?
2762 705 2874 760 sive
2918 721 2984 759 cx
3036 705 3177 769 aliis,
3228 705 3494 758 maximos
3541 705 3594 758 in

2018 814 2142 852 eum
2171 799 2407 855 honores
2441 799 2669 853 collatos
2713 797 2979 852 videmus.
3033 797 3140 852 Sed
3177 799 3415 852 nondum
3445 796 3594 864 hac;

2020 906 2142 944 tinos
2173 892 2319 946 enim
2349 891 2522 961 magis
2544 899 2701 945 erunt
2737 889 2882 944 forte
2908 903 3170 958 congrua.

2896 1002 2911 1031 \

2090 1195 2338 1269 [Scilicet
2374 1197 2426 1251 in
2452 1199 2724 1252 communi
2755 1199 3121 1272 defensione.

2374 1289 2452 1344 De
2485 1289 2748 1343 Miltiade.
2789 1321 2860 1332 —-
2894 1290 3240 1348 Prooemium.

2089 1379 2240 1433 Nunc
2263 1389 2442 1434 autem
2471 1382 2536 1433 ad
2567 1380 2858 1436 Miltiadem
2885 1383 3037 1437 nobis
3061 1383 3201 1437 redit
3221 1384 3413 1444 oratio.
3434 1401 3595 1456 quem

2017 1484 2118 1539 ego
2157 1469 2382 1523 laudare
2426 1470 2608 1537 potius
2636 1473 2902 1526 erubesco
2939 1487 3103 1540 quam
3157 1475 3593 1540 reprehemterv:

2019 1558 2090 1612 ita
2118 1560 2304 1620 videor
2325 1561 2506 1614 omnia
2531 1561 2739 1614 minora
2764 1576 2926 1630 quam
2953 1563 3168 1632 cupiam
3192 1563 3437 1618 dicturus
3453 1581 3594 1619 esse.

333 1654 701 1725 Μιλτιάδης⁷¹
730 1653 786 1706 δὲ
819 1654 986 1707 πάλαι
1032 1651 1192 1725 [1281
1228 1651 1320 1724 IL]
1349 1653 1628 1718 πεπεικὼς
1650 1650 1718 1726 ἦν
1753 1654 1913 1738 Ἀθη-

2019 1649 2290 1706 Miltiades
2327 1665 2505 1706 autem
2553 1651 2877 1722 jampridem
2938 1655 3196 1709 docuerat
3240 1655 3598 1712 Athenienses

335 1749 516 1810 ναίους
545 1745 748 1817 μηδένα
802 1745 1072 1815 δεσπότην
1104 1744 1244 1814 πλὴν
1281 1745 1390 1798 τῶν
1428 1747 1609 1816 νόμων
1638 1734 1910 1817 ἡγεῖσθαι,

339 1838 474 1908 μηδέ
501 1837 594 1889 τοῦ
631 1835 796 1889 καλοῦ
825 1834 924 1888 καὶ
947 1833 1156 1888 δικαίου
1193 1833 1398 1904 μηδένα
1432 1835 1667 1905 κρείττω
1692 1834 1914 1906 νομίσαι

334 1931 524 2000 φόϐον,
572 1929 694 1998 μηδ’
743 1926 917 1991 οὕτως
961 1928 1211 1999 ἀνάγκην
1243 1927 1472 1998 ἰσχυρὰν
1522 1927 1588 1982 δι’
1622 1928 1690 1999 ἣν
1741 1945 1916 1997 προσ-

333 2021 558 2092 ἡκειν⁷²
607 2019 862 2087 γενέσθαι
905 2018 1135 2090 χείροσι.
1188 2020 1289 2074 Διὰ
1353 2018 1530 2074 ταῦτα
1585 2018 1732 2092 εἶχεν
1783 2022 1811 2075 ὃ
1859 2041 1914 2076 τι

333 2111 515 2185 χρῷτο
557 2112 761 2176 αὐτοῖς.
826 2110 965 2164 Ἀλλ’
1007 2110 1194 2184 ῶσπερ
1246 2113 1298 2166 οί
1350 2113 1590 2184 γεωργοὶ
1639 2113 1917 2186 πολλοστῷ

336 2204 473 2275 μηνὶ
521 2204 628 2257 τῶν
680 2203 1014 2274 σπερμάτων
1043 2204 1142 2275 τὴν
1176 2206 1519 2276 ἐπικαρπίαν
1573 2204 1913 2276 κομίζονται,

333 2299 430 2351 καὶ
476 2297 574 2366 οὐχ
631 2295 747 2365 ἅμα
789 2296 867 2367 τῷ
917 2295 1284 2362 καταϐαλεῖν,
1345 2297 1489 2351 οὕτω
1533 2299 1626 2351 καί
1674 2299 1916 2362 ἐκείνους

334 2386 635 2456 Μιλτιάδης
661 2385 921 2450 παλαιαῖς
951 2385 1267 2455 ὁμολογίαις
1293 2387 1642 2457 κατειληφὼς
1677 2385 1821 2460 εἶχεν
1857 2392 1916 2442 ἐν

336 2477 517 2549 καιρῷ
548 2477 852 2548 χρησίμους
878 2517 893 2542 ,
923 2477 1025 2531 οὐκ
1053 2479 1148 2532 ἐπὶ
1176 2479 1278 2548 τῆς
1304 2479 1494 2550 χρείας
1527 2481 1912 2552 λαμϐάνοντας

333 2569 405 2623 τὰ
454 2570 752 2640 μαθήματα
813 2570 1142 2640 (αἱσχρῶςτδ
1184 2572 1293 2643 γὰρ
1339 2572 1406 2626 ἂν
1454 2574 1597 2626 οὸτω
1641 2591 1706 2643 γε
1755 2577 1917 2647 χορὸς

334 2660 640 2730 ἠγωνίσατο
681 2659 930 2731 αὑτῷτδ),
979 2661 1095 2714 ἀλλ’
1123 2663 1216 2716 ἐπὶΙ
1255 2663 1356 2732 τῆς
1407 2663 1656 2731 ἐξουσίας
1689 2668 1768 2730 είς
1807 2670 1908 2736 τὴν

336 2751 528 2822 χρείαν
575 2752 944 2822 ἠσκημένους.
997 2753 1126 2806 Οἴου
1146 2754 1191 2786 ⁷⁸
1241 2754 1424 2808 τοίνυν
1478 2759 1572 2808 καὶ
1623 2757 1916 2811 Μιλτιάδου

336 2841 680 2911 προεστῶτος
747 2841 875 2904 τοὺς
937 2840 1038 2912 μὲν
1097 2843 1174 2906 ὡς
1239 2843 1490 2899 πλεῖστον
1541 2848 1642 2917 τῆς
1706 2848 1918 2902 ἐκείνου

335 2935 619 3003 δυνάμεως
693 2932 1038 2998 ἀπολαῦσαι,
1102 2936 1230 2999 τοὺς
1277 2937 1334 2990 δέ
1402 2941 1618 3008 μέσως·
1671 2941 1774 2993 κάν
1841 2940 1919 3011 τῷ

2018 1744 2220 1798 nullum
2253 1753 2449 1812 praeter
2480 1746 2624 1816 leges
2652 1762 2946 1815 agnoscere
2981 1751 3283 1812 dominum,
3316 1763 3414 1805 nec
3450 1749 3597 1816 justo

2015 1846 2070 1890 et
2096 1835 2298 1907 injusto
2328 1837 2594 1906 potiorem
2631 1839 2831 1893 habere
2871 1855 3199 1910 quemquam
3233 1854 3463 1906 metum,
3499 1855 3598 1894 nec

2017 1933 2127 1978 tam
2157 1925 2421 1980 valentem
2453 1927 2829 1981 necessitatem
2859 1939 3076 1996 propter
3113 1943 3274 1996 quam
3301 1928 3600 1982 deteriores

2016 2015 2230 2072 fierent.
2261 2016 2366 2072 Per
2382 2018 2585 2090 justum
2614 2035 2744 2074 vero
2772 2029 2828 2074 et
2854 2018 3112 2090 iniustum
3133 2020 3238 2074 illis
3261 2021 3336 2073 uti
3366 2028 3597 2088 poterat.

2018 2108 2121 2164 Sed
2148 2112 2604 2180 quemadmodum
2628 2111 2879 2180 agricolae
2911 2112 3118 2182 aliquot
3148 2121 3270 2182 post
3294 2112 3596 2177 mensibus,

2017 2217 2123 2257 non
2171 2217 2298 2256 mox
2332 2214 2451 2272 post
2483 2213 2806 2270 sementem,
2838 2219 3068 2259 messem
3100 2203 3324 2269 faciunt,
3355 2211 3409 2258 et
3438 2204 3600 2258 simul

2017 2294 2196 2349 omnia
2231 2311 2338 2350 non
2371 2296 2600 2360 faciunt,
2649 2297 2723 2350 ita
2767 2295 3036 2351 Miltiades
3077 2297 3167 2350 illo
3200 2311 3416 2366 quoque
3459 2298 3600 2350 anti-

2023 2385 2149 2455 quis
2181 2386 2355 2454 pactis
2380 2401 2506 2441 suos
2534 2401 2658 2442 cum
2709 2386 2948 2454 fecisset,
3003 2386 3233 2441 habebat
3273 2387 3324 2442 iu
3356 2396 3600 2458 tempore

2017 2487 2257 2546 paratos,
2297 2479 2387 2549 qui
2421 2494 2526 2534 non
2567 2479 2621 2533 in
2666 2480 2994 2535 necessitate
3032 2495 3252 2550 operam
3297 2480 3599 2550 disciplinis

2017 2564 2211 2622 darent
2243 2566 2501 2638 (turpiter
2530 2568 2674 2624 enim
2715 2569 2802 2623 hic
2828 2585 2891 2624 se
2923 2571 3179 2642 gessisset
3213 2567 3458 2640 chorus),
3504 2569 3598 2623 sed

2019 2670 2114 2724 per
2149 2659 2320 2712 otium
2354 2675 2414 2715 se
2447 2661 2513 2716 ad
2551 2661 2940 2738 necessitatem
2979 2671 3410 2732 comparassent.
3451 2661 3599 2729 Qua-

2019 2758 2239 2816 propter
2265 2751 2430 2804 etiam
2460 2754 2560 2807 sub
2593 2752 2834 2808 Miltiade
2871 2769 3010 2823 pone
3048 2754 3186 2809 alios
3216 2755 3502 2824 plurimum
3531 2770 3599 2808 ex

2022 2837 2162 2896 illius
2187 2844 2437 2900 facultate
2476 2847 2807 2916 percepisse.
2851 2848 2987 2902 alios
3031 2847 3396 2910 mediocriter,
3437 2857 3599 2915 atque

2022 2942 2075 2997 in
2133 2941 2237 2996 hoc
2287 2939 2710 2994 vicissitudinem
2744 2939 2948 2995 colloca
2987 2959 3002 2996 :
3039 2955 3160 2993 nam
3191 2950 3246 2994 et
3293 2941 3345 2993 in
3401 2939 3599 3008 popqu

340 3024 490 3096 μέσῳ
532 3024 593 3077 τὸ
632 3022 920 3094 παραλλὰξ
965 3020 1032 3079 αὖ
1073 3025 1234 3081 τίθει.
1269 3027 1488 3081 Γένοιτο
1528 3029 1574 3082 δ’
1601 3028 1665 3082 ἄν
1718 3047 1801 3092 τις
1858 3030 1913 3082 ἐν

2019 3031 2286 3102 quispiam
2327 3044 2487 3086 aures
2524 3030 2684 3084 habet
2725 3029 3023 3086 surdiores.
3079 3028 3259 3095 Quid?
3305 3028 3446 3098 quod
3497 3043 3598 3084 nec

338 3116 530 3189 πλήθει
561 3115 656 3169 καὶ
693 3117 822 3188 περὶ
872 3110 987 3170 ὦτα
1034 3118 1432 3190 ἀτυχέστεροςο
1469 3119 1530 3174 οὗ
1569 3139 1652 3174 τοι
1702 3123 1909 3186 πάντας

334 3209 444 3263 οὐδ’
499 3210 528 3261 ὁ
565 3209 718 3279 ἥλιος
769 3202 882 3274 οἷός
924 3209 984 3262 τέ
1035 3212 1151 3264 ἐστι
1177 3209 1512 3282 θερμαίνειν,
1549 3213 1660 3268 ἀλλ’
1688 3213 1788 3284 ἤδη
1831 3232 1914 3278 τις

337 3302 396 3350 ἐν
437 3299 662 3368 καθαρῷ
690 3299 789 3368 τῆς
837 3297 1186 3370 μεσημϐρίας
1238 3301 1544 3374 ἐρρίγωσε,
1600 3303 1700 3374 τῆς
1747 3320 1916 3356 καταο

337 3393 503 3461 ϐολῆς
565 3391 920 3462 ἐπελθούσης.
959 3393 1101 3446 Ἀλλ’
1164 3395 1373 3459 ἐκεῖνος
1391 3395 1439 3428 ’⁸
1494 3397 1522 3448 ὁ
1567 3395 1760 3466 καιρὸς
1808 3395 1916 3449 ὥσ-

341 3500 448 3553 περ
482 3482 656 3553 κῆρυξ
696 3483 883 3534 ἐκάλει
939 3482 1049 3535 τῶν
1091 3483 1361 3554 Ἐλλήνων
1411 3486 1503 3538 τὸν
1539 3487 1914 3557 ἀνδρειότατον

339 3577 439 3630 καὶ
493 3576 585 3628 τὸν
638 3578 703 3629 ἐκ
742 3577 997 3630 πλείστου
1027 3581 1140 3641 τοῖς
1193 3577 1437 3649 ἀρίστοις
1465 3578 1745 3648 λογισμοῖς
1775 3579 1915 3647 ὡμι-

337 3669 566 3740 ληκότα,
601 3670 694 3721 καὶ
737 3669 886 3732 ὅστις
913 3667 1052 3722 οἶδεν
1080 3670 1226 3732 ὅπως
1256 3669 1337 3723 δεῖ
1377 3669 1568 3734 σώζειν
1599 3687 1656 3722 τε
1686 3671 1780 3723 καὶ
1805 3670 1912 3722 σώ-

336 3760 546 3825 ζεσθαι.
578 3760 639 3813 Ei
663 3760 708 3814 δ’
731 3760 776 3792 ⁷⁷
803 3761 897 3813 ἀπ’
922 3761 1102 3814 αὐτῶν
1127 3761 1171 3792 ⁷⁸
1200 3760 1308 3814 τῶν
1331 3763 1590 3832 κηρύκων
1617 3762 1914 3832 ἀρξάμενοι

335 3853 552 3920 καὶτῆς
579 3854 925 3924 ἀποκρίσεως
963 3854 1336 3925 προηγόρευον
1379 3854 1681 3924 Ἀθηναίοις
1718 3856 1799 3908 ὅτι
1834 3855 1916 3908 δεῖ

339 3945 570 4015 μελετᾷν
616 3945 709 3998 τὸν
761 3946 901 4016 ὑπὲρ
959 3948 1061 4016 τῆς
1116 3946 1225 3999 τῶν
1279 3947 1547 4018 Ἑλλήνων
1600 3947 1913 4018 ἐλευθερίας

334 4038 524 4104 ἀγῶνα
557 4040 650 4090 καί
692 4040 766 4108 μὴ
809 4038 986 4092 λιπεῖν
1012 4040 1111 4108 τὴν
1133 4039 1226 4092 τοῦ
1271 4041 1617 4112 φρονήματος
1644 4041 1796 4105 τάξιν
1819 4044 1914 4096 καὶ

334 4124 396 4176 οὐ
445 4125 512 4178 τὰ
534 4126 578 4157 ⁷⁸
611 4125 752 4178 ὅπλα
794 4125 1055 4197 ῥίψαντας
1091 4128 1213 4180 οὐδέ
1261 4131 1374 4191 τοῖς
1405 4130 1592 4198 φόϐοις
1627 4130 1909 4195 εἴξαντας,

335 4215 450 4268 ἀλλ’
486 4217 854 4279 ἀναλαϐόντας
882 4217 952 4271 τὰ
982 4219 1122 4272 ὅπλα
1151 4221 1241 4273 καὶ
1287 4222 1392 4273 τῶν
1423 4222 1601 4290 φόϐων
1630 4223 1913 4291 κρείττους

335 4310 686 4378 γενομένους,
721 4311 921 4381 μᾶλλον
957 4312 1012 4365 δέ
1043 4313 1140 4367 ἕνα
1184 4313 1372 4366 τοῦτον
1420 4314 1582 4382 φόϐον
1610 4315 1705 4368 καὶ
1738 4314 1910 4367 δεινὸν

2020 3125 2102 3181 sol
2138 3124 2358 3194 quidem
2401 3139 2591 3179 omnes
2625 3131 2806 3192 potest
2845 3120 3166 3185 calefacere,
3213 3133 3374 3190 atque
3403 3120 3599 3188 aliquis

2019 3217 2248 3272 meridie
2301 3231 2494 3272 serena
2538 3214 2638 3269 sub
2681 3215 3049 3269 accessionem
3099 3213 3265 3269 febris
3311 3214 3598 3282 aliquando

2018 3307 2203 3377 riguit.
2244 3304 2439 3360 Verum
2472 3307 2585 3359 haec
2631 3296 2914 3360 resinstar
2962 3304 3226 3374 praeconis
3270 3303 3597 3359 fortissimos

2015 3413 2261 3469 anSqne
2285 3397 2595 3453 Graecorum
2625 3397 2911 3460 evocabat,
2942 3406 2996 3451 et
3029 3397 3118 3466 qui
3147 3397 3346 3451 dudum
3376 3399 3596 3464 optimis

2016 3488 2260 3542 consiliis
2287 3501 2412 3541 ante
2450 3486 2613 3558 427
2639 3504 2670 3540 a
2702 3487 3020 3550 valuissent,
3068 3501 3132 3539 ac
3171 3487 3440 3555 quomodo
3475 3502 3596 3541 ser-

2015 3593 2145 3634 vare
2175 3577 2488 3647 servarique
2515 3577 2794 3639 deberent,
2826 3577 3050 3631 scirent.
3081 3575 3175 3631 Sin
3208 3577 3276 3631 ab
3302 3578 3430 3645 ipsis
3462 3593 3596 3647 pra:-

2014 3670 2241 3724 conibus
2268 3685 2333 3723 ac
2371 3685 2628 3740 responso
2672 3669 2854 3725 exorsi
2892 3667 3248 3738 ‘injunxernnt
3295 3669 3596 3723 Atheuien-

1978 3815 1980 3817 ,
2015 3762 2166 3817 sibus
2198 3770 2254 3816 ut
2287 3773 2562 3818 certamen
2591 3779 2689 3834 pro
2725 3763 3039 3818 Graecorum
3073 3763 3321 3818 libertate
3363 3763 3598 3816 medita-

2015 3864 2226 3918 rentur,
2255 3868 2354 3909 nec
2371 3854 2597 3924 gloriam
2617 3871 2771 3910 suam
2799 3855 3145 3924 projicerent,
3173 3869 3348 3923 neque
3371 3854 3596 3924 ahjectis

2016 3950 2187 4002 armis
2218 3950 2380 4004 metui
2413 3949 2672 4005 cederent
2703 3966 2718 4001 '.
2756 3963 2941 4002 verum
2975 3948 3041 4001 iis
3072 3947 3366 4017 resumptis
3395 3956 3595 3999 metunt

2016 4044 2336 4114 ahjicerent,
2370 4057 2532 4114 atque
2561 4043 2663 4099 hoe
2694 4043 2872 4113 potius
2907 4043 3230 4112 gravissime
3272 4048 3596 4103 metuerent,

2015 4151 2083 4190 ne
2106 4136 2469 4190 deterioribus
2496 4152 2594 4191 nec
2642 4135 2800 4189 avitae
2824 4135 3070 4202 dignitati
3096 4134 3380 4194 evaderent;
3413 4131 3457 4184 si
3496 4132 3600 4186 hoc

2015 4241 2108 4282 eos
2143 4227 2303 4283 modo
2325 4231 2388 4282 ad
2419 4243 2707 4282 commune
2746 4229 2812 4281 de
2845 4240 3054 4280 summa
3096 4239 3276 4277 rerum
3319 4233 3594 4275 certamen

2016 4333 2307 4372 occurrere
2352 4318 2659 4380 voluerunt,
2696 4327 2750 4370 et
2785 4323 3034 4369 eventum
3075 4325 3412 4380 exspectare,
3443 4309 3595 4377 quasi

334 4399 429 4450 καὶ
474 4399 746 4470 ἀφόρητον
793 4403 1150 4472 νομίσαντας,
1201 4400 1341 4470 εἶξαι
1386 4407 1499 4468 τοῖς
1554 4405 1764 4477 χείροσι
1817 4408 1911 4461 καὶ

2021 4407 2070 4459 in
2104 4416 2389 4472 utramque
2423 4416 2628 4473 partem
2668 4405 2850 4458 felices
2879 4419 3034 4473 :eque
3065 4411 3252 4457 essent
3277 4400 3465 4463 futuri,
3491 4414 3595 4453 non

335 4493 737 4563 παραχωρῆσαι
769 4497 865 4548 τοῦ
910 4498 1143 4567 πατρίου
1196 4499 1510 4567 σχήματος,
1545 4501 1593 4551 εί
1623 4499 1794 4552 ταῦτα
1825 4499 1914 4551 λέ-

333 4588 528 4664 γοντας
561 4583 653 4635 καὶ
688 4583 830 4639 οὕτω
857 4589 1411 4659 παρεσκευασμένους
1444 4589 1630 4660 ἠξίουν
1669 4591 1915 4660 ἀπαντᾷν

336 4671 428 4722 ἐπὶ
455 4674 554 4737 τὴν
593 4674 774 4745 κρίσιν
806 4677 903 4748 τὴν
940 4680 1068 4748 περὶ
1093 4680 1202 4732 τῶν
1233 4681 1370 4734 ὅλων
1395 4682 1490 4735 καὶ
1513 4681 1763 4752 δέχεσθαι
1785 4681 1830 4713 ⁸⁰
1855 4683 1916 4735 τὸ

334 4761 703 4833 ἐκϐησόμενον
727 4767 800 4830 ὼς
833 4771 918 4821 ἐπ’
948 4770 1233 4840 ἀμφότερα
1263 4772 1465 4844 ὁμοίως
1491 4775 1910 4845 κερδανοῦντας,

321 4849 431 4923 ὀὐχ
475 4857 584 4924 όρῶ
635 4859 757 4913 τίνα
804 4863 956 4915 ταῦτ’
991 4863 1106 4933 ἔχει
1152 4865 1425 4919 διακονίαν
1454 4867 1752 4937 ἀγεννῆ,ἢ
1795 4866 1911 4929 πῶς

334 4944 476 4996 ἔοικε
509 4949 620 5009 Ιτοῖς
665 4950 756 5001 τοῦ
811 4953 1146 5024 κυϐερνήτου
1182 4956 1482 5025 λογισμοῖς,
1540 4959 1701 5028 Ὁρᾷς
1724 4955 1768 4988 ει
1802 4959 1912 5027 ὅσῳ

332 5035 423 5087 τὸν
467 5041 808 5111 κυϐερνήτην
850 5047 1214 5117 παρελήλυθε.
1255 5050 1364 5103 Καὶ
1403 5051 1511 5121 γάρ
1542 5069 1623 5104 τοι
1656 5053 1769 5105 ὅσοι
1812 5052 1910 5120 μὲν

331 5127 478 5180 τοῦτ’
510 5133 841 5206 ἐπείσθησαν
862 5139 1032 5208 αὐτῷ,
1065 5145 1252 5210 σεμνοὶ
1277 5145 1493 5214 σεμνῶς
1519 5148 1749 5210 κεῖνται,
1779 5146 1912 5199 κάλ-

332 5219 488 5275 λιστα
511 5223 576 5296 δὴ
609 5226 826 5282 πάντων
868 5229 1136 5302 Ἑλλήνων
1167 5235 1571 5298 καταλύσαντες
1601 5236 1691 5288 τὸν
1717 5235 1907 5300 αἰῶνα,

2014 4496 2168 4550 video
2227 4498 2354 4565 quid
2406 4497 2456 4550 in
2509 4497 2611 4550 hac
2660 4513 2718 4552 re
2770 4496 2931 4550 fuerit
2978 4493 3100 4547 vilis
3147 4491 3454 4554 ministerii,
3502 4499 3598 4544 aut

2013 4589 2283 4656 quomodo
2337 4589 2450 4644 haec
2490 4588 2870 4656 gubernatoris
2925 4587 3035 4642 sint
3084 4583 3312 4639 consilio
3358 4582 3595 4636 similia?

2013 4679 2177 4735 Vides
2201 4681 2365 4750 igitur
2386 4694 2589 4749 quanto
2608 4689 2827 4748 superet
2847 4679 3260 4748 gubernatorem
3287 4673 3590 4728 intervallo.
3611 4680 3616 4682 '

2012 4773 2189 4843 Atque
2231 4773 2264 4826 ii
2302 4774 2520 4842 quidem
2563 4782 2826 4841 quotquot
2860 4771 2982 4824 huic
3016 4777 3333 4838 paruerunt,
3376 4781 3595 4835 magna-

2019 4864 2149 4918 nimi
2184 4864 2468 4933 magnifice
2501 4865 2696 4918 mortui
2738 4873 2883 4928 sunt,
2925 4873 2979 4917 et
3011 4862 3251 4916 omnium
3284 4859 3593 4914 Graecorum

2021 4957 2491 5027 praeclarissimam
2541 4967 2766 5009 mortem
2819 4956 3092 5019 obierunt,
3146 4953 3451 5021 sepulcrum
3498 4966 3594 5019 pro

2025 5049 2241 5104 virtutis
2294 5062 2643 5103 monumento
2691 5049 2992 5113 consecuti;
3048 5057 3101 5100 et
3146 5060 3268 5101 cum
3312 5046 3411 5099 sub
3453 5054 3594 5097 terra

2019 5141 2260 5209 jaceant,
2297 5142 2466 5209 ipsum
2496 5150 2822 5196 conservant
2872 5149 3092 5202 terram,
3141 5151 3242 5190 nec
3291 5135 3356 5188 ab
3383 5150 3444 5189 ea
3481 5149 3597 5188 ser-

2021 5245 2241 5300 vantur,
2275 5235 2340 5288 ad
2376 5233 2593 5288 Hesiodi
2619 5233 3031 5303 appellationem
3063 5231 3308 5301 proxime
3334 5231 3596 5283 acceden-

1631 5367 1714 5422 VA
1731 5367 1864 5423 ιὶΙίΕ
1898 5367 2310 5424 LECTIONES.

403 5447 451 5478 °‘
481 5453 760 5524 παρεῖναι]
788 5462 1029 5527 παρόντα
1050 5473 1190 5512 corr.
1227 5459 1289 5514 A.
1365 5460 1409 5494 ⁸⁷
1437 5459 1607 5522 οὕτως
1638 5460 1700 5513 Λ.
1770 5461 1812 5493 ⁸⁸
1846 5460 2008 5514 Ἀλλὰ
2036 5471 2089 5512 et
2131 5477 2250 5514 mox
2284 5461 2546 5560 ἀπολογίρ
2580 5475 2690 5514 orn.
2727 5458 2794 5513 Α.
2871 5458 2916 5489 ⁵⁸
2949 5457 3085 5526 ὑπὲρ
3119 5455 3434 5521 Μιλτιάδου]
3470 5451 3592 5520 μιλ-

403 5519 525 5563 iam
559 5531 618 5563 A-
670 5524 714 5555 ⁷ο
745 5526 1024 5563 nauseam
1060 5546 1090 5563 η
1145 5530 1247 5563 om.
1333 5531 1378 5562 τι
1409 5530 1728 5563 τηρεῖν]
1775 5547 1804 5563 η
1853 5531 1958 5563 o-m
2033 5532 2079 5562 ἰς
2103 5533 2364 5563 ..ηηηιυμ
2407 5549 2446 5563 ,-
2534 5533 2554 5563 a
2581 5529 2818 5563 ,τρυητμ
2853 5530 2898 5560 τι
2924 5529 3067 5563 ηερε.
3098 5543 3129 5563 η
3156 5550 3181 5563 ..
3245 5530 3273 5563 Α
3379 5527 3423 5556 15
3450 5525 3592 5563 “In..-

337 5519 525 5602 τιάδῃς
556 5519 625 5605 1‘;
670 5524 714 5606 ⁷ξ
738 5519 1024 5610 ᾘερίήκει]
1060 5546 1108 5598 p.
1145 5530 1270 5584 26b.
1333 5531 1378 5562 ⁷³
1409 5519 1743 5654 Μιλτιάδηςὲ
1775 5547 1825 5595 p.
1853 5531 1979 5586 270.
2033 5532 2079 5562 ⁷²
2103 5533 2366 5600 προσήκει
2406 5519 2476 5595 ς]
2509 5519 2554 5563 ’ίθ
2580 5532 2663 5584 aia

339 5604 389 5673 [³-
419 5588 543 5673 ξι-ιο
614 5596 656 5626 ¹⁶
689 5595 802 5673 09.).“
836 5597 1059 5673 a_xs_ivo,]
1096 5615 1148 5673 p_.
1179 5599 1303 5656 9.80.
1381 5603 1423 5632 ⁷⁷
1445 5604 1492 5655 εί
1522 5600 1588 5672 δ’]
1621 5617 1674 5671 p.
1747 5601 1835 5656 Si.
1913 5601 1960 5634 ⁷⁸
1988 5600 2302 5673 ἀπἀὐτῶν]
2337 5603 2591 5656 ἁπάντων
2618 5601 2663 5653 Λ

1988 5618 2068 5654 απ
2101 5617 2301 5656 αυτωνι
2337 5617 2591 5656 απαεςτων
2618 5617 2682 5655 Λ.

339 5604 389 5672 [ι.
419 5588 543 5672 234.
610 5593 656 5626 τα
824 5588 1071 5672 ’ἐμκείνοξῘ
1096 5615 1148 5672 p_.
1179 5599 1303 5656 9.80.
1381 5603 1423 5632 7"
1445 5604 1492 5655 εἰ
1522 5600 1588 5672 δ’]
1621 5588 1835 5671 ρξ’ἒὸί.

336 5659 531 5722 ξασθαι
565 5679 626 5728 ς.
701 5665 744 5698 δι
775 5666 930 5740 ὁρᾷς]
961 5659 1165 5740 μζέὃό.

3379 5527 3423 5556 ⁷⁵
3450 5525 3594 5577 οῐου-

2580 5529 2818 5602 αἰσχρῶς
2853 5530 2898 5560 ⁷⁸
2923 5529 3067 5596 αὑτῴ
3098 5543 3206 5580 0.ιι.
3239 5530 3300 5579 Α.
3379 5529 3423 5556 ⁷⁵
3450 5529 3560 5577 οῐου

2582 5601 2653 5633 ,Α
2761 5601 2804 5633 το
2837 5600 2896 5633 η’.
2928 5600 2992 5633 ..ιι
3038 5600 3065 5633 Δ
3100 5616 3110 5628 .
3147 5599 3281 5633 ...νηί
3313 5613 3354 5633 ,-
3446 5593 3563 5633 Iona

3509 5607 3592 5648 οε-

2761 5601 2804 5633 ⁷⁹
2836 5600 2896 5653 οὐ
2928 5600 2994 5652 τὰ
3030 5600 3110 5652 A:
3146 5599 3284 5652 αὐτὰ
3313 5613 3373 5661 ς.
