4012 6236
526 223 664 290 1543

1656 216 1922 279 ΡΗΟΤΙΙ
1949 213 2463 279 ΡΑΤΒΙΑΒΟΗᾹΞ
2489 219 2601 281 CP.

3619 231 3743 303 1544

523 348 623 400 les,
656 352 818 409 quam
848 337 940 394 ille
974 338 1041 392 ad
1078 336 1238 391 linem
1272 335 1421 390 aurci
1463 337 1677 407 generis
1703 337 1987 407 usurpavit
2024 336 2109 391 bis

2215 352 2322 407 μνη
2332 338 2485 407 μεῖον
2505 338 2605 407 τῆς
2628 334 2835 409 ἀρετῆς
2863 336 2957 391 τδν
2978 338 3147 409 τάφον
3175 342 3513 414 κεκτημένοι.
3543 352 3632 405 καὶ
3651 344 3746 409 ὑπὸ

525 433 703 486 verbis
729 448 745 487 :

2205 429 2309 498 γῆς
2343 430 2500 493 ὄντες
2535 429 2636 500 τὴν
2665 430 2772 499 γῆν
2800 428 3164 498 φυλάττοντες
3188 432 3384 503 αὐτὴν,
3412 437 3522 491 ἀλλ’
3547 440 3639 511 οὐχ
3665 442 3749 497 ὑπ’

523 525 695 595 αὐτῆς
724 523 997 594 ἐχόμενοι,
1029 522 1134 593 τῆς
1169 521 1417 575 Ἠσιόδου
1446 522 1806 592 προσρήσεως
1829 519 2107 590 ἐγγύτατα.
2141 520 2372 593 ἦκοντες
2401 523 2671 594 μετέχειν,
2699 522 2769 595 ἢν
2798 522 3011 586 ἐκεῖνος
3035 523 3118 588 είς
3143 525 3246 596 τὴν
3269 529 3365 580 τοῦ
3421 534 3613 600 χρυσοῦ
3666 537 3747 604 γέ.

528 629 646 675 νους
680 610 938 681 τελευτὴν
970 610 1244 682 ἐποίησεν,
1279 610 1449 664 εἰπών
1471 626 1488 644 ο

632 704 750 772 Divi
778 702 874 757 sub
898 704 1052 772 terris
1080 704 1317 769 sacrique
1343 702 1563 772 bonique
1583 684 1880 767 vocantur,

631 771 884 827 Custodes
913 761 1204 838 hominum,
1233 761 1637 843 ilepulsofesque
1678 761 1941 827 malorum
1964 770 2102 843 (92).

523 865 658 922 Nam
695 876 753 920 et
790 864 912 919 illos
951 866 999 920 si
1035 881 1142 920 non
1170 866 1324 921 diros
1345 866 1439 920 sed
1479 866 1691 923 divinos
1729 866 2104 936 appellaveris.

525 960 722 1014 merito
761 957 936 1024 possis
995 956 1381 1013 subterraneos
1435 960 1695 1028 quosdam
1750 960 2005 1015 custodes
2051 967 2108 1015 et

526 1055 939 1101 conservatores
976 1045 1314 1111 Graecorum,
1366 1047 1631 1102 malorum
1674 1048 2008 1117 depulsores,
2048 1055 2108 1103 et

526 1142 762 1210 umlique
813 1140 1048 1209 optimos
1097 1140 1279 1194 dicere
1314 1157 1330 1194 :
1365 1155 1429 1195 ac
1469 1140 1742 1210 regionem
1786 1155 1890 1195 non
1928 1139 2107 1195 minus

528 1242 697 1287 tutam
747 1241 1026 1301 praestare,
1065 1247 1227 1300 quam
1270 1232 1323 1285 in
1360 1232 1563 1287 Colouo
1605 1234 1770 1287 situm
1814 1231 2103 1301 OEdipum,

525 1331 620 1377 aut
649 1323 695 1377 si
725 1322 878 1390 cujus
927 1322 1056 1376 alibi
1111 1322 1424 1392 sepulcrum
1460 1322 1596 1377 vivis
1632 1323 1888 1390 prodesse
1929 1321 2107 1377 credi.

528 1426 616 1470 tur
654 1416 788 1486 (95).
823 1414 961 1480 Quid
1002 1413 1146 1483 quod
1185 1413 1452 1468 artificem
1494 1429 1618 1469 esse
1649 1415 1860 1468 dicendi
1902 1412 2103 1468 Panem

528 1508 776 1562 Mercurii
831 1507 997 1560 tilium
1055 1507 1294 1563 Platonis
1335 1516 1419 1561 est
1470 1508 1696 1562 dictum.
1743 1504 1863 1561 Jam
1907 1515 1965 1560 et
2000 1507 2104 1561 hoc

528 1601 807 1656 modestia:
844 1601 994 1655 illum
1055 1600 1267 1668 signum
1321 1598 1628 1662 considera,
1657 1599 1909 1669 quodque
1946 1597 1991 1652 si
2021 1595 2105 1652 vel

526 1708 750 1748 aureum
776 1693 1050 1749 habuisset
1073 1693 1334 1756 animum,
1362 1706 1467 1745 non
1492 1706 1614 1746 eum
1642 1689 1905 1759 potuisset
1922 1688 2106 1757 explo—
2136 1720 2179 1777 Β

527 1799 652 1838 rare
690 1784 1022 1854 diligentius.
1076 1783 1258 1850 Quid?
1308 1782 1451 1855 quod
1502 1782 1756 1837 existimo
1810 1781 2104 1837 Miltiadem

525 1876 713 1944 etiam,
749 1879 793 1931 si
827 1877 1052 1931 deorum
1096 1874 1300 1933 subiret
1336 1874 1620 1943 judicium,
1646 1876 1887 1929 omnium
1928 1874 2110 1931 calcu-

530 1967 597 2021 lis
621 1966 923 2021 absolutum
949 1966 1037 2031 iri,
1072 1981 1196 2032 nec,
1228 1976 1286 2019 ut
1309 1964 1552 2030 Orestes,
1591 1969 1816 2020 alteram
1845 1965 2109 2023 duntaxat

527 2066 736 2124 partem
785 2065 1221 2122 consecuturum,
1284 2070 1385 2110 nec
1437 2054 1656 2123 injuria.
1719 2054 1855 2110 Nam
1912 2066 1970 2111 ut
2021 2056 2109 2115 ille

526 2159 757 2209 matrem
785 2147 927 2216 juste
959 2148 1181 2213 occidit,
1218 2148 1289 2202 ita
1316 2148 1402 2201 hic
1432 2145 1699 2203 Graeciam
1734 2147 1889 2219 juste
1922 2162 2109 2203 serva-

526 2236 625 2304 vit,
656 2252 754 2291 nec
779 2238 967 2305 patria
998 2239 1158 2292 modo
1187 2238 1280 2292 sed
1307 2246 1362 2293 et
1387 2238 1658 2295 communi
1687 2239 1864 2308 gentis
1909 2236 2107 2311 £27!)

526 2324 729 2380 Graecae
793 2335 1000 2381 natura:
1061 2326 1425 2397 pulcherrime
1484 2326 1726 2381 omnium
1790 2329 2108 2384 nutrimenti

528 2417 747 2485 prmmia
783 2417 1050 2487 rependit.
1098 2417 1347 2488 Cumque
1402 2417 1626 2489 singulae
1673 2418 1924 2474 civitates
1980 2434 2109 2476 suos

532 2510 763 2564 habeant
795 2510 1010 2580 generis
1048 2521 1322 2575 auctores,
1373 2509 1517 2564 hunc
1547 2509 1738 2564 merito
1767 2526 2108 2567 communem

528 2598 699 2652 Gnaei
749 2601 963 2666 generis
1021 2610 1299 2653 auctorem
1351 2601 1473 2668 quis
1525 2601 1740 2655 dixerit.
1799 2600 2110 2669 Quinetiam

528 2693 734 2745 crimen
765 2693 1039 2755 existimo,
1081 2690 1225 2763 quod
1258 2703 1443 2760 postea
1487 2693 1765 2758 sustinuit,
1796 2693 1841 2748 si
1870 2694 1998 2763 quid
2044 2697 2111 2750 de

526 2798 594 2836 eo
634 2783 799 2837 etiam
845 2784 1130 2839 diccmlum
1168 2796 1272 2850 est,
1312 2786 1606 2838 maximum
1634 2783 1748 2854 jam
1796 2800 1919 2839 esse
1966 2785 2110 2841 illius

527 2873 852 2942 pra-Stantia:
884 2874 1118 2944 signum.
1150 2874 1391 2930 Cimctos
1426 2876 1571 2930 enim
1618 2874 1911 2929 censebant
1942 2876 2112 2949 ipsius

524 2965 726 3019 virtute
783 2964 1048 3035 superari,
1094 2979 1192 3020 nec
1235 2966 1320 3019 ubi
1368 2964 1629 3019 Miltiades
1672 2966 1910 3031 adesset,
1956 2967 2114 3035 quid-

2228 703 2296 775 οι
2322 698 2748 775 μὲν-δαίμοῃς
2781 699 2952 770 dra-oi
2973 703 3334 775 ὑποχθόνιοι
3352 705 3688 775 καλέονται,

2218 769 2488 832 Ἔσθλοὶ,
2512 769 2878 836 ἀλεξίκακοι,
2903 769 3173 841 φύλακές
3189 772 3421 843 θνητῶν
3434 769 3751 845 ἀνθ’ρὼπὼν,

2207 862 2337 936 [694
2385 862 2482 935 IL]
2525 862 2829 927 Κάκείνους
2865 864 3006 933 πλὴν
3037 864 3169 920 ὅσον
3218 865 3278 919 οὐ
3330 866 3578 936 δαίμονας
3630 871 3757 928 ἀλλὰ

2207 956 2520 1026 δαιμονίους
2566 954 2786 1019 καλῶν,
2841 954 3191 1026 θαρρούντως
3236 954 3303 1010 ἂν
3350 955 3491 1028 ἔχοις
3532 959 3697 1027 λέγειν
3714 964 3755 993 ⁸⁸

2210 1047 2566 1119 ὑποχθονίους
2590 1048 2741 1111 τινὰς
2772 1046 3019 1116 φύλακας
3051 1048 3148 1102 καὶ
3174 1049 3420 1119 σωτῆρας
3441 1049 3546 1105 τῶν
3583 1048 3754 1125 Ἱλλή-

2208 1156 2316 1193 νων
2348 1138 2703 1204 ἀλεξικάκους
2727 1140 2824 1192 καὶ
2845 1139 3025 1195 πάντα
3052 1139 3313 1208 ἀγαθοὺς,
3349 1142 3438 1194 καὶ
3467 1142 3673 1211 ῥύεσθαι
3701 1162 3754 1213 γε

2206 1230 2307 1300 τὴν
2335 1229 2520 1302 χώραν
2544 1230 2605 1283 οὐ
2628 1231 2811 1301 χεῖρον
2836 1228 2873 1300 ἢ
2904 1229 2995 1284 τὸν
3021 1230 3078 1282 ὲν
3110 1229 3345 1302 Κολωνῷ
3372 1232 3611 1304 κείμενον
3632 1235 3758 1288 Οἰδί·

2206 1338 2363 1385 πουν,
2404 1321 2439 1392 ἢ
2468 1319 2523 1374 εἰ
2545 1337 2631 1384 τις
2660 1318 2842 1375 ἄλλοθί
2887 1336 2990 1375 που
3027 1320 3131 1390 τῆς
3155 1320 3336 1393 χώρας
3371 1323 3428 1377 ὲν
3456 1325 3624 1396 καιρῷ
3657 1328 3759 1389 τοῖς

2208 1410 2345 1477 ζῶσι
2381 1410 2597 1467 κεῖσθαι
2636 1411 3020 1464 πεπίστευται.
3062 1413 3173 1467 Καὶ
3216 1411 3325 1487 μὴν
3357 1412 3405 1447 ⁸³
3432 1417 3665 1487 τεχνικόν
3698 1434 3757 1486 γε

2209 1500 2350 1558 εἶναι
2372 1505 2500 1571 περὶ
2518 1504 2711 1573 λόγους
2731 1503 2884 1556 Πᾶνα
2905 1503 2995 1557 τὸν
3028 1503 3230 1575 Ἑρμοῦ
3253 1505 3577 1577 Πλάτωνοςη
3600 1505 3757 1579 φωνή.

2207 1595 2418 1665 Σκέψαι
2438 1596 2486 1629 ⁸⁵
2511 1594 2575 1667 δὴ
2612 1594 2707 1649 καὶ
2748 1592 2940 1661 τοῦτο,
2966 1594 3164 1648 ὁπόσον
3202 1611 3258 1647 τι
3296 1595 3398 1665 τῆς
3410 1594 3629 1684 Ιἐκείνου
3666 1612 3762 1650 σω-

2212 1685 2486 1759 φροσύνης
2521 1686 2854 1756 τεκμήριον,
2885 1685 2980 1738 καὶ
3019 1684 3133 1749 ὅτι,
3158 1684 3208 1737 εί
3243 1685 3454 1755 χρυσῆν
3490 1684 3763 1757 ἐτύγχανεν

2208 1776 2348 1848 ἔχων
2369 1777 2470 1848 τὴν
2499 1776 2713 1849 ψυχὴν,
2743 1777 2845 1831 οὑκ
2867 1776 3094 1851 ἃνὶαύτῇ
3120 1776 3328 1832 καλλίω
3359 1777 3584 1849 βάσανον
3604 1797 3762 1849 προσ-

2205 1869 2460 1942 ήνεγκεν.
2485 1864 2657 1938 υῐμαι
2683 1867 2730 1901 ⁸⁸
2753 1867 2811 1922 δὲ
2835 1868 2940 1923 κᾶν
2967 1868 3026 1922 ὲν
3075 1869 3214 1922 θεῶν
3238 1869 3571 1941 δικαστηρίῳ
3598 1870 3764 1941 κρινό-

2210 1977 2374 2033 μενον
2407 1960 2714 2032 Μιλτιάδην
2741 1962 2962 2025 ἁπάσας
2994 1958 3322 2033 ἀποφυγεῖν,
3354 1961 3452 2035 οὑχ
3483 1962 3659 2035 ὥσπερ
3682 1964 3764 2019 τὸν

2221 2051 2483 2124 Ὀρέστην
2518 2053 2654 2122 φασὶ
2685 2050 2786 2116 τάς
2808 2052 3065 2122 ἡμισείας
3099 2052 3495 2123 μεταλαϐόντα.
3524 2054 3762 2116 Εἰκότως⁸

2207 2142 2237 2196 ό
2268 2143 2365 2213 μὲν
2402 2142 2512 2215 γὰρ
2558 2141 2657 2214 τὴν
2688 2143 2903 2217 μητέρα
2938 2144 3229 2199 ἀπέκτεινε
3267 2145 3512 2213 δικαίως,
3533 2146 3560 2199 ὑ
3588 2147 3643 2200 δὲ
3676 2147 3766 2217 τὴν

2222 2228 2460 2288 Ἑλλάδα
2503 2233 2678 2287 ἔσωσε
2726 2233 2984 2302 δικαίως,
3015 2236 3112 2289 καὶ
3151 2236 3220 2291 τά
3264 2239 3489 2306 τροφεῖα
3528 2236 3767 2291 κάλλιστα

2209 2323 2516 2390 ἀνθρώπων
2548 2323 2790 2389 ἐξέτισεν
2833 2325 2896 2378 οὐ
2945 2325 3105 2397 μόνον
3145 2327 3212 2398 τῇ
3255 2326 3476 2397 πατρίδι
3501 2326 3652 2401 [1284
3682 2326 3766 2400 R.]

2210 2414 2347 2470 ἀλλὰ
2370 2415 2465 2470 κει.)⁵
2499 2416 2565 2488 τῇ
2591 2418 2745 2489 κοινῇ
2782 2416 2941 2487 φύσει
2964 2417 3058 2473 τοῦ
3088 2418 3282 2488 γένους
3317 2417 3411 2474 τοῦ
3453 2420 3767 2490 Ἑλληνικοῦ.

2212 2506 2322 2559 Kal
2337 2507 2446 2578 γάρ
2462 2524 2542 2560 τοι
2553 2507 2601 2539 ⁸⁸
2618 2508 2763 2561 κατά
2778 2507 2960 2573 πόλεις
2981 2509 3080 2580 μὲν
3096 2509 3287 2574 ἄλλους
3310 2510 3460 2565 ἄλλοι
3475 2511 3766 2580 νομίζουσιν

2210 2592 2557 2669 ἀρχηγέτας,
2590 2599 2770 2654 κοινὸν
2795 2600 2851 2657 δὲ
2879 2602 2978 2671 τῆς
3018 2601 3271 2667 Ἑλλάδος
3297 2603 3605 2677 ἀρχηγέτην
3637 2605 3765 2659 ὲκεί-

2210 2708 2301 2745 νον
2340 2691 2568 2755 δικαίως
2614 2692 2680 2746 ἄν
2707 2706 2794 2756 τις
2829 2691 3019 2767 ἡγοῖτο
3036 2691 3106 2752 ⁸⁷.
3138 2694 3368 2765 Νομίζω
3415 2696 3460 2749 δ’
3491 2696 3654 2765 ἔγωγε
3682 2696 3764 2750 tul

2209 2782 2313 2853 τὴν
2342 2781 2545 2848 αἰτίαν,
2569 2784 2635 2855 ἣν
2655 2782 2884 2855 ὕστερον
2903 2784 3085 2857 ἔσχεν,
3115 2788 3164 2839 εί
3193 2786 3276 2840 δεῖ
3305 2805 3359 2841 τι
3385 2788 3477 2841 καὶ
3504 2789 3627 2860 περὶ
3652 2789 3765 2841 ταύ-

2210 2892 2311 2944 της
2340 2875 2547 2939 εἰπεϊν,
2577 2874 2678 2948 ἤδη
2714 2875 2972 2947 μέγιστον
3017 2877 3286 2949 σύμϐολον
3319 2870 3461 2933 εἶναι
3492 2880 3581 2934 τοῦ
3609 2872 3766 2950 πολλῷ

2211 2981 2319 3019 τινι
2354 2966 2461 3019 τῶν
2496 2966 2674 3021 ἄλλων
2707 2970 2916 3023 ἐκεῖνον
2947 2969 3245 3039 διενεγκεῖν
3268 2988 3284 3002 °
3332 2975 3572 3036 ἅπαντας
3593 2970 3636 3005 ⁸⁸
3672 2973 3766 3043 γὰρ

526 3070 688 3123 quam
737 3057 901 3122 vinci,
935 3066 1028 3110 aut
1073 3056 1192 3129 capi
1233 3072 1336 3110 non
1389 3070 1569 3127 posse.
1622 3038 1687 3111 Et
1734 3072 1857 3111 eum
1889 3072 1989 3126 ego
2017 3059 2105 3126 qui

2212 3058 2395 3130 ἠξίουν
2428 3060 2692 3130 ἡττᾶσθαι
2718 3059 2819 3132 τῆς
2852 3062 3056 3135 ἀρετῆς
3084 3062 3183 3134 τῆς
3216 3063 3461 3131 ἐκείνου,
3499 3066 3588 3118 καὶ
3617 3038 3767 3136 μηδὲν

530 3159 638 3202 tam
686 3145 866 3212 fortis,
924 3157 1031 3202 tam
1056 3150 1346 3234 .prudens,
1390 3159 1498 3203 tant
1556 3149 1833 3204 modestus
1869 3148 1992 3216 fuit,
2044 3164 2108 3205 ac

523 3239 780 3296 virtutem
814 3255 904 3312 per
937 3251 1100 3295 lotam
1129 3241 1294 3297 vitam
1324 3242 1512 3305 coluit,
1542 3241 1866 3299 adulationis
1896 3250 2105 3312 partem

522 3342 787 3389 sectatum
817 3333 1083 3389 credam?
1119 3335 1333 3405 Quique
1361 3351 1483 3389 cum
1522 3350 1643 3389 reus
1688 3336 1961 3405 ageretur,
2002 3351 2106 3390 non

526 3425 747 3481 vulnera
797 3423 1068 3492 iudicibus
1116 3426 1444 3492 ostenderit,
1497 3442 1619 3481 cum
1656 3427 1886 3482 haberet
1927 3428 2108 3483 Cimo-

525 3533 646 3573 nem
683 3534 834 3573 :nou
877 3518 1074 3573 liberos
1125 3519 1428 3587 sustulerit,
1464 3535 1591 3575 cum
1647 3523 1871 3577 haberet
1925 3522 2108 3578 Cimo-

525 3622 687 3672 nem;
721 3607 863 3662 hunc
887 3623 989 3678 ego
1020 3607 1357 3665 adulatorem
1399 3607 1684 3683 appellem,
1727 3621 1891 3681 atque
1924 3612 2109 3666 adula-

525 3697 726 3751 tionem
759 3695 926 3754 fuisse
954 3699 1099 3755 illius
1128 3700 1610 3756 demonstrationis
1634 3717 1697 3756 ac
1722 3703 1846 3756 vitae
1875 3718 2101 3773 scopum

521 3788 737 3843 dicam?
778 3788 967 3845 Merito
995 3806 1123 3846 vero
1160 3807 1267 3846 non
1301 3792 1449 3862 ipsos
1474 3793 1599 3862 quis
1635 3792 1846 3847 adulari
1881 3795 2105 3860 diceret,

524 3894 590 3933 ac
609 3880 881 3935 serviliter
908 3897 1020 3936 non
1052 3882 1282 3952 ingenue
1314 3899 1412 3938 nos
1439 3898 1650 3953 gerere,
1678 3885 1795 3953 qui,
1820 3884 1945 3939 dum
1971 3886 2110 3939 alte-

524 3971 637 4024 rius
676 3985 1012 4042 aucupemur
1059 3974 1311 4044 gratiam,
1357 3984 1550 4049 sponte
1590 3976 1877 4030 veritatem
1920 3977 2112 4047 oppri-

528 4076 762 4118 mamus.

681 4346 953 4405 Miltiades
976 4366 1073 4422 pro
1107 4349 1476 4410 Themistocle.
1497 4382 1569 4396 --
1588 4353 1910 4414 Exordium.

595 4439 781 4495 Restat
809 4441 972 4510 igitur
1003 4440 1416 4510 Themistocles,
1447 4458 1607 4513 quem
1642 4444 1858 4515 quidem
1885 4444 2108 4499 minime

520 4531 746 4586 decebat
793 4546 824 4587 e
867 4535 1119 4589 set-undis
1165 4535 1367 4602 primas
1414 4535 1579 4600 ferre,
1641 4549 1952 4607 quanquam
2005 4539 2109 4591 hoc

473 4655 490 4670 .
522 4621 599 4675 illi
624 4625 853 4677 Itiaxime
873 4623 972 4677 soli
997 4625 1245 4695 contigit.
1268 4625 1409 4692 Quin
1426 4628 1603 4695 potius
1624 4629 1746 4696 quis
1766 4628 1833 4680 ab
1849 4642 1915 4681 eo
1934 4626 2006 4680 sit
2023 4640 2109 4681 se-

521 4715 750 4777 cumlus,
802 4713 1035 4779 dillicile,
1081 4717 1267 4781 credo,
1322 4717 1393 4771 sit
1447 4718 1691 4773 inventu.
1739 4717 1916 4772 Tanto
1961 4718 2105 4772 enim

520 4801 909 4859 Maratltoniutn
956 4806 1127 4871 illum,
1163 4816 1257 4861 aut
1288 4822 1613 4879 quocunque
1659 4823 1782 4862 eum
1830 4812 1977 4863 voles
2011 4822 2108 4878 ap-

520 4897 722 4966 pellare
772 4897 1009 4962 nomine,
1056 4898 1341 4953 intervallo
1381 4901 1657 4969 superavit
1684 4901 1933 4957 omnibus
1966 4901 2016 4955 in
2047 4915 2108 4956 se

518 4989 840 5043 cadentibus
879 4987 1062 5055 rebus,
1087 5000 1288 5059 quanto
1324 4989 1540 5047 Darium
1579 4989 1789 5048 Xerxes
1832 4992 1980 5046 onmi
2020 4991 2105 5045 vi-

2210 3150 2481 3220 ἀήττητον
2517 3148 2657 3206 εἶναι
2683 3153 2807 3224 μηδ’
2832 3154 3108 3209 ἀνάλωτον
3134 3156 3267 3210 ὅπου
3298 3155 3595 3227 Μιλτιάδης
3637 3171 3763 3226 πσρρ

2208 3241 2318 3313 είη.
2349 3238 2463 3297 Εἶτ’
2492 3242 2604 3313 ἐγὼ
2635 3244 2727 3299 τὸν
2759 3244 2933 3313 οὕτως
2958 3248 3200 3318 ἀνδρεῖον
3244 3250 3345 3303 καὶ
3390 3250 3643 3320 φρόνιμον
3679 3250 3762 3302 καὶ

2211 3332 2498 3406 σώφρονα,
2530 3335 2623 3389 τὸν
2645 3336 2734 3391 διὰ
2777 3336 2896 3411 βίου
2926 3338 3306 3411 μελετήσαντα
3338 3340 3539 3413 ἀρετὴν
3558 3383 3571 3406 ,
3599 3339 3767 3394 τοῦτον

2210 3427 2500 3493 κολακείας
2540 3429 2716 3501 μορίῳ
2755 3430 3016 3501 σχολάσαι
3042 3431 3220 3498 δοκῶς
3254 3433 3350 3486 τὸν
3374 3432 3484 3487 οὐδ’
3513 3433 3599 3487 ὅτε
3630 3431 3770 3503 ἐκρί-

2207 3538 2349 3585 νετο,
2387 3522 2540 3575 οὐδὲν
2573 3521 2733 3577 πλέον
2761 3525 2875 3588 τοῖς
2895 3522 3173 3588 δικασταῖς
3211 3524 3463 3592 δείξαντα
3493 3527 3582 3580 τοῦ
3612 3523 3770 3597 τραύο

2212 3630 2413 3679 ματος,
2451 3615 2512 3669 οὑ
2543 3615 2891 3687 δακρύσαντα
2911 3659 2926 3683 ,
2956 3616 3017 3670 οὑ
3049 3616 3238 3670 παιδία
3283 3618 3770 3689 ἀναδιδασάμενον,

2208 3708 2359 3771 ὄντος
2385 3708 2537 3780 αὑτῷ
2551 3709 2597 3741 ⁸⁸
2623 3709 2897 3779 Κίμωνος,
2930 3707 3120 3763 τοῦτον
3147 3707 3258 3779 ἐγὼ
3281 3711 3495 3765 κόλακα
3516 3710 3705 3765 οὑτωσὶ
3726 3708 3769 3740 ’⁸

2209 3799 2495 3870 προσείπω
2537 3800 2971 3872 μεγαλοπρεπῶς
2992 3802 3071 3868 ⁹¹;
3104 3801 3198 3856 καὶ
3230 3801 3377 3856 τοῦτ’
3420 3798 3487 3873 ἦν
3515 3804 3576 3857 τὸ
3618 3802 3775 3871 κεφά-

2210 3889 2359 3944 λαιον
2391 3892 2501 3944 τῶν
2534 3892 2727 3962 ἐκείνῳ
2765 3891 3241 3964 πεπολιτευμένων
3274 3894 3371 3947 καῒ
3415 3893 3770 3966 βεὸιωμένων,

2209 3979 2470 4034 κολακεία
2493 3982 2540 4013 ³³
2561 3997 2575 4047 ;
2597 3981 2693 4034 ml.
2714 3981 2831 4046 πῶς
2857 3981 2917 4035 οὑ
2948 3979 3172 4046 δικαίως
3198 3982 3263 4036 ἂν
3282 3998 3367 4047 τις
3392 3984 3542 4055 ἡμᾶς
3567 3982 3775 4050 uiritim

2209 4073 2409 4137 αὑτοὺς
2441 4073 2780 4138 κολακεύειν,
2812 4074 2908 4127 καὶ
2936 4073 3201 4128 διακόνων
3236 4072 3400 4145 ἔργον
3425 4074 3526 4128 οὑκ
3569 4071 3771 4126 ἐλευθέ-

2214 4181 2323 4237 ρων
2364 4168 2537 4219 ποιεῖν
2557 4204 2572 4228 ,
2609 4166 2658 4218 εί
2701 4165 2800 4238 τὴν
2832 4165 3023 4237 ἑτέρου
3051 4165 3210 4237 χάριν
3236 4165 3529 4230 διώκοντες
3560 4163 3777 4236 τάληθὲς

2180 4268 2183 4271 ’
2212 4257 2431 4320 ἑκόντες
2459 4256 2871 4327 διαφθείρωμεν
2890 4274 2906 4325 ;

2296 4349 2465 4417 ’Υπὲρ
2507 4348 2981 4417 Θεμιστοκλέους
2999 4350 3067 4406 ⁸³.
3105 4379 3176 4391 —
3221 4348 3296 4404 Τὸ
3336 4350 3667 4420 Προοίμιον.

2137 4401 2185 4462 D
2288 4401 2488 4501 Λοιπδς
2503 4401 2759 4491 είίιτοίνυν
2797 4401 3203 4510 Θεμιστοκλῆς,
3247 4401 3452 4508 ἥκιστα
3484 4401 3542 4490 δὲ
3575 4437 3779 4490 πάντων

2214 4530 2363 4597 ἄξιος
2390 4531 2456 4583 ἐκ
2477 4530 2796 4601 δευτερεέων
2827 4529 2896 4583 τὰ
2921 4531 3165 4601 πρωτεῖα
3193 4529 3361 4600 ἔχειν,
3388 4530 3438 4583 εί
3465 4529 3531 4583 τά
3558 4528 3779 4599 μάλιστα

2213 4623 2309 4676 καὶ
2347 4620 2504 4674 τοῦτο
2546 4620 2678 4674 αὑτὸ
2708 4620 2901 4692 ἐκείνῳ
2946 4620 3092 4691 μόνῳ
3125 4618 3236 4674 τῶν
3286 4621 3507 4675 πάντων
3544 4617 3782 4689 ὑπάρξαν

2215 4711 2502 4781 φαίνεται·
2529 4710 2665 4765 ἀλλά
2694 4712 2892 4782 μᾶλλον
2921 4712 3070 4775 ὅστις
3097 4711 3307 4765 ἐκείνου
3330 4712 3606 4784 δεύτερος,
3635 4710 3784 4763 τοῦτο

2214 4804 2343 4866 ἴσως
2368 4802 2531 4875 ἔργον
2552 4802 2754 4874 εὑρεῖν.
2777 4802 3028 4873 Τοσούτῳ
3050 4803 3159 4874 γάρ
3183 4803 3317 4876 ἡμῖν
3336 4804 3430 4857 τὸν
3453 4802 3781 4874 Μαραθῶνα,

2212 4896 2305 4950 τὸν
2344 4898 2509 4962 πάνυ,
2550 4895 2644 4949 τὸν
2677 4895 2753 4961 ὡς
2794 4895 2977 4967 βούλει
3007 4896 3155 4965 λέγε,
3183 4897 3424 4968 τοσούτῳ
3451 4897 3497 4950 δ’
3521 4894 3613 4950 οὖν
3643 4887 3783 4949 ἐκεῖ·

2212 5004 2306 5042 νον
2356 4989 2728 5059 ὑπερεϐάλετο
2777 4989 2913 5041 πᾶσι
2964 4991 3076 5055 τοῖς
3109 4991 3190 5055 είς
3236 4989 3398 5045 αὑτὸν
3431 4988 3642 5043 ἐλθοῦσι
3671 4985 3783 5048 πῶς

1818 5148 2062 5206 VARUE
2094 5146 2504 5205 LECTIONES.

592 5259 639 5293 ⁸⁸
669 5261 813 5329 ἔχοις
839 5260 1043 5333 λέγειν]
1084 5262 1229 5333 ἔχειν
1254 5265 1317 5319 Λ.

517 5400 712 5455 λακεῐα
776 5420 887 5457 mil.
960 5406 1023 5456 Α.

520 5469 565 5501 ⁸⁸
595 5471 800 5542 λοιπὸς]
832 5490 882 5542 p.
912 5471 1036 5527 295.

1132 5282 1229 5337 ζειν
1254 5265 1317 5319 Λ.
1419 5264 1464 5298 ’³
1490 5267 1582 5337 καὶ
1614 5265 1744 5337 μὴν]
1780 5281 1829 5333 p.
1859 5265 1987 5319 285.
2082 5266 2132 5298 “
2166 5263 2485 5337 σκέψαιῙΙι.
2520 5261 2645 5337 288.

518 5331 565 5402 ξ’
596 5336 780 5402 ὴγοῖεο
804 5348 911 5386 om.
944 5331 1041 5387 Α(
1086 5331 1141 5367 ⁸⁸
1163 5336 1409 5399 ἅπαντας
1435 5338 1477 5390 Α
1506 5355 1519 5391 :
1547 5331 1790 5401 ἅπαντες
1817 5354 1877 5401 ς’.
1954 5338 2002 5370 ⁸⁸
2035 5335 2201 5389 αὑτοῦ
2244 5331 2307 5388 Α.

1124 5407 1169 5438 9³
1194 5407 1334 5478 ὑπὲρ
1367 5404 1821 5479 Θεμιστοκλέους]
1860 5407 2143 5479 μιλτιάδης

2746 5261 2795 5293 ⁸⁸
2821 5259 2998 5336 οἶμαι]
3043 5280 3096 5330 p.
3127 5263 3254 5319 291.
3346 5264 3395 5296 ⁸⁸
3420 5265 3511 5317 καὶ
3544 5261 3780 5336 γάρτοι.

2401 5331 2686 5407 νοᾲοὺτωσὶ
2717 5347 2826 5407 ριν,
2853 5331 2951 5407 Ᾱτ-
2981 5331 3045 5366 ἰι
3083 5336 3554 5407 μεγαλοπρεπῶς.Δ
3586 5404 3597 5407 _
3617 5331 3673 5367 ὀί
3695 5350 3782 5386 κο,

2198 5405 2556 5477 θεμιστοκλῆς
2590 5404 2631 5460 Δ
2663 5420 2676 5455 :
2721 5403 3029 5477 ’Μιλτιάδης
3079 5405 3220 5476 ὑπὲρ
3270 5403 3691 5475 Θεμιστοκλέους
3719 5415 3780 5467 ς.

2060 5584 2291 5641 ΝΟΤΑΕ.

603 5701 711 5769 (92)
743 5700 1038 5765 Hesiodus,
1069 5704 1157 5756 lib-
1194 5719 1233 5756 ι.

2267 5701 2374 5773 (οδ)
2420 5702 2550 5759 Vide
2584 5670 2869 5776 Sophoclis
2901 5706 3269 5779 Tragoediam.
