4012 6236
305 225 446 293 1545

1331 229 1859 292 BIBLIOTHECA.
1883 255 1953 306 -έ
1975 230 2136 292 con.
2174 231 2534 293 ccxu'm.

3446 232 3580 297 15i6

300 340 369 396 ἀν
411 341 625 412 εῖποιμι
657 340 1139 412 ὁμολογουμένως,
1187 341 1297 413 ὅσῳ
1313 343 1359 373 ⁸⁸
1402 341 1608 413 Ξέρξης
1661 344 1887 412 Δαρεῖον

1996 345 2131 399 cisse
2178 350 2439 413 apparatu
2511 342 2773 397 creditur.
2821 346 2999 411 Atque
3054 343 3141 398 ille
3169 344 3384 414 quidem
3436 347 3576 415 regis

301 435 425 497 ταῖς
467 436 844 504 παρασκευαῖς
888 435 1061 488 ᾶπασι
1087 433 1249 504 δῆλός
1278 435 1427 487 ἐστιν
1472 433 1887 503 ὑπερϐαλλόμε-

302 544 417 591 νος.
460 527 567 580 Καὶ
615 527 725 597 μὴν
752 528 781 580 ὁ
811 527 913 598 μὲν
939 529 1067 591 τοὺς
1104 528 1385 599 ὑπάρχους
1413 528 1508 581 τοῦ
1541 527 1829 599 βασιλέως,
1865 530 1892 582 ὁ

301 618 362 673 δὲ
391 618 556 673 αὐτὸν
586 618 743 671 ἐνίκα
769 618 1016 689 βασιλέα.
1044 619 1155 673 Καὶ
1189 623 1327 690 μετά
1359 621 1459 692 μέν
1485 637 1549 688 γε
1572 620 1620 653 ⁹⁶
1641 619 1767 691 [695
1796 619 1891 693 H.]

304 712 406 782 τὴν
455 710 759 783 Μαραθῶνι
805 711 987 782 μάχην
1020 710 1177 776 αὖθις
1198 713 1243 744 ³⁷
1276 712 1682 782 ἐπεστράτευσε
1703 752 1718 775 ,
1753 712 1894 782 μετά

302 803 361 857 δὲ
390 803 492 874 τὴν
520 805 580 856 ἐν
616 804 882 872 Σαλαμῖνι
919 805 1229 875 ναυμαχίαν
1264 804 1483 873 φεύγων
1510 804 1703 875 ᾤχετο.
1749 805 1891 874 Πρὸς

310 896 411 967 μὲν
454 895 565 968 γάρ
612 896 831 968 ἐκείνην
859 897 957 966 τὴν
989 893 1222 968 ἧττανη
1261 898 1613 969 παρωξύνθη,
1660 897 1795 969 πρὸς
1836 898 1893 951 δὲ

304 988 513 1058 ταύτην
549 990 816 1055 ἀπεῖπεν,
853 988 985 1044 ὥσθ’
1009 991 1054 1023 ⁸³
1097 991 1286 1044 ίκανδν
1333 991 1522 1062 κέρδος
1570 993 1795 1060 ἠγεῖτο,
1827 990 1894 1045 ἂν

306 1081 457 1152 οωθῇ
478 1098 492 1112 ⁸
521 1082 642 1152 ᾔδει
662 1082 771 1150 γάρ
795 1082 919 1136 τότε
943 1084 1043 1154 μὲν
1067 1082 1362 1137 πολλοστὸν
1391 1083 1557 1154 μέρος
1584 1086 1682 1154 τῆς
1712 1083 1894 1153 πάσης

304 1174 462 1228 ἐλθὸν
491 1174 797 1242 δυνάμεως,
828 1175 926 1229 νῦν
948 1174 1004 1228 δὲ
1043 1175 1228 1245 σχεδὸν
1262 1175 1401 1244 μετά
1430 1176 1650 1230 πάντων
1684 1174 1895 1246 ἀνθρώ-

304 1282 428 1319 mw
453 1266 784 1336 ἡττώμενος.
817 1267 1085 1340 Μιλτιάδῃ
1104 1268 1120 1298 ¹
1156 1268 1255 1336 μὲν
1274 1263 1371 1322 οὖν
1404 1269 1483 1331 είς
1508 1268 1567 1320 ἓν
1596 1268 1895 1337 κεφάλαιον

307 1359 343 1429 ἡ
370 1358 471 1428 τῆς
508 1358 764 1429 ἀνδρείας
802 1357 1077 1425 ἀπόδειξις
1118 1353 1279 1433 ἧκεν,
1311 1360 1362 1413 εί
1410 1360 1505 1414 καὶ
1542 1360 1610 1414 τά
1657 1359 1893 1429 μάλιστα

307 1449 512 1522 ἐχρῆτο
558 1450 696 1522 αὐτῇ
739 1451 892 1521 παρά
940 1452 1123 1506 πᾶσαν
1160 1452 1259 1524 τὴν
1297 1451 1593 1505 πολιτείαν.
1626 1450 1895 1520 Θεμιστοο

309 1542 447 1595 κλέα
478 1542 535 1595 δὲ
569 1543 655 1595 ἀεὶ
682 1543 754 1595 τά
785 1542 1013 1613 δεύτερα
1054 1542 1162 1597 τῶν
1198 1544 1481 1613 προτέρων
1545 1542 1768 1613 μείζονα
1807 1540 1894 1607 ἐξ·

308 1632 551 1703 εδέχετο,
585 1632 683 1687 καὶ
707 1633 767 1687 τὸ
788 1633 888 1703 τῆς
916 1636 1219 1705 παροιμίας
1240 1634 1391 1703 αύτῴ
1418 1634 1811 1704 περιειστήκειο
1834 1632 1895 1685 τὸ

1993 434 2299 504 prmfectos,
2338 437 2429 489 hic
2466 436 2645 503 ipsum
2682 435 2812 489 vicit
2864 450 3067 505 regem,
3102 437 3193 507 qui
3246 446 3366 507 post
3402 438 3578 493 Mura-

1994 528 2235 603 tlioniam
2287 543 2519 599 pugnam
2558 528 2789 585 alterum
2828 532 3051 584 adduxit
3102 533 3422 597 exercitum,
3457 546 3581 601 post

1995 616 2328 673 Salaminam
2374 621 2428 674 in
2462 620 2642 692 fugam
2666 635 2725 675 se
2759 621 2927 676 dedit.
2982 621 3116 676 Nam
3162 633 3220 677 ut
3278 624 3365 677 illa
3425 624 3582 679 clade

1993 710 2287 774 excitatus,
2332 709 2404 763 ita
2444 710 2545 764 hac
2576 710 2644 765 ad
2688 709 3126 778 desperationem
3165 711 3268 766 fuit
3302 712 3573 776 redactus,

1994 800 2073 855 sic
2104 810 2161 855 ut
2184 800 2417 856 Salutem
2456 801 2512 855 in
2546 803 2695 858 lucro
2745 813 2990 871 poneret.
3030 801 3251 859 Sciebat
3279 805 3424 858 enim
3465 816 3575 859 tum

1993 894 2210 961 quidem
2247 895 2503 949 eximiam
2538 895 2818 964 copiarum
2850 910 3074 950 suarum
3114 897 3401 952 advenisse
3449 912 3579 966 paro

1996 995 2104 1041 tem
2129 1006 2144 1043 :
2182 1003 2327 1042 nunc
2366 998 2545 1043 autem
2570 1003 2629 1045 se
2655 1004 2776 1043 cum
2801 990 3053 1045 omnibus
3080 1004 3245 1059 prope
3271 990 3579 1046 hominibus

1992 1092 2114 1133 esse
2168 1080 2456 1134 devictum.
2512 1084 2589 1135 Ac
2644 1079 2898 1135 Miltiadis
2951 1080 3169 1149 quidem
3225 1079 3487 1135 fortitudo
3526 1083 3575 1134 in

1994 1186 2161 1224 unum
2198 1172 2385 1225 incidit
2431 1173 2730 1241 negotium,
2777 1172 2902 1227 licet
2934 1187 2995 1226 ea
3038 1174 3092 1227 in
3138 1172 3285 1228 omni
3331 1183 3579 1227 uteretur

1996 1260 2468 1316 administratione
2488 1278 2505 1330 ;
2529 1261 2949 1317 Themistoclem
2968 1277 3096 1317 vero
3114 1263 3411 1332 posteriora
3436 1278 3578 1317 sem-

1995 1367 2092 1420 per
2104 1353 2376 1421 prioribus
2396 1354 2738 1423 excipiebant
2757 1356 3077 1422 majora,et,
3102 1355 3327 1423 utestiin
3354 1370 3578 1424 prover-

1996 1437 2105 1503 bio,
2147 1439 2284 1495 alius
2326 1440 2527 1512 528a
2578 1457 2700 1496 eum
2760 1443 3099 1514 relinquebat
3165 1446 3380 1510 tim-tus,
3441 1445 3578 1502 alius

1994 1531 2516 1599 comprehendebat,
2541 1533 2715 1589 donec
2738 1548 2834 1603 per
2854 1536 3028 1591 undas
3049 1538 3380 1593 decumana:
3404 1535 3578 1591 victor

1995 1623 2187 1677 evasit.
2221 1622 2362 1690 Quid
2390 1640 2524 1696 ergo
2558 1635 2704 1681 vetat
2734 1628 3023 1697 quominus
3049 1630 3288 1684 breviter
3318 1630 3577 1685 ostenda-

314 1725 417 1794 μὲν
443 1726 551 1795 γάρ
582 1725 770 1779 ἔλιπεν
798 1727 962 1779 αὐτὸν
1004 1726 1174 1797 κῦμα,
1205 1726 1267 1778 τὸ
1304 1724 1360 1778 δὲ
1390 1724 1891 1795 ἐγκατελάμϐανεν,

1997 1732 2117 1773 mus
2145 1719 2392 1787 qualibus
2411 1720 2465 1774 in
2494 1721 2657 1775 rebus
2680 1721 2900 1792 qualem
2933 1722 3400 1779 seTltcmistoclcs
3419 1724 3573 1778 exhi-

307 1812 417 1877 ἕως
444 1812 690 1883 διεξῆλθε
719 1814 809 1867 διὰ
832 1814 941 1867 τῶν
979 1813 1285 1886 sputum.th
1310 1813 1494 1867 νικῶν.
1523 1812 1587 1865 Τί
1616 1812 1746 1865 οὖν’
1781 1830 1894 1866 κω-

313 1907 433 1961 λύει
481 1907 656 1973 δεῖξαι
705 1907 795 1960 διὰ
843 1907 1091 1979 βραχέων
1133 1909 1192 1961 ἐν
1240 1907 1415 1971 ποίοις
1459 1909 1572 1960 τισὶ
1605 1907 1896 1978 πράγμασι

311 1999 466 2064 ποῖός
500 2016 585 2063 τις
608 1994 683 2070 ἦν
703 2002 732 2053 ὁ
759 1998 1139 2071 Θεμιστοκλῆς
1161 2018 1175 2064 ;
1207 2000 1401 2054 Καίτοι
1426 1999 1583 2053 τοῦτό
1604 2000 1717 2068 ’,γε
1743 1998 1895 2052 οὐδὲν

308 2090 446 2155 ῑσως
490 2090 788 2162 προῦργου.
836 2092 905 2145 Ἀ
956 2092 1065 2163 γὰρ
1115 2092 1217 2145 οὐκ
1251 2092 1398 2145 ἔστιν
1437 2093 1771 2158 ἐνδείξασθαι
1816 2092 1895 2163 τῷ

308 2180 479 2252 λόγῳ,
509 2183 626 2246 πῶς
650 2182 716 2237 ἄν
743 2200 826 2247 τις
843 2184 907 2237 ἐκ
934 2184 1139 2238 τούτων
1164 2186 1370 2238 ἐκεῖνον
1397 2185 1692 2258 θεωρήσειε
1715 2203 1728 2251 ;
1757 2185 1896 2258 πλὴν

306 2273 361 2327 εί
392 2272 553 2327 τοῦτό
584 2291 645 2342 γε
668 2274 806 2328 αὐτὸ
833 2273 1180 2346 ἐνθυμηθεὶς,
1209 2277 1290 2329 δτι
1315 2276 1458 2347 ὑπὲρ
1483 2271 1558 2330 ὧν
1583 2277 1694 2330 οὐδ’
1719 2278 1896 2331 εἰπεῖν

304 2362 386 2427 ὡς
418 2362 666 2433 βούλεταί
700 2381 784 2428 τις
827 2365 1097 2438 ἐγχωρεῖ,
1140 2364 1295 2419 ταῦτ’
1328 2367 1536 2430 ἐκεῖνος
1586 2368 1895 2439 μετεχείρι-

309 2470 407 2507 σεν
428 2454 451 2486 ⁸
493 2455 570 2518 ὡς
598 2454 874 2509 ἐϐούλετο.
918 2457 1061 2510 Δέκα
1084 2458 1105 2489 ⁸
1138 2458 1237 2526 μὲν
1274 2459 1383 2529 γάρ
1421 2459 1549 2529 ἐξῆς
1576 2458 1672 2527 ἐτη
1704 2459 1896 2514 ὤδινεν

306 2545 501 2601 ἅπασα
536 2548 798 2617 ἤπειρος,
854 2549 1288 2617 φιλονεικοῦντες
1327 2552 1567 2616 ἅπαντες
1618 2552 1895 2622 ἄνθρωποι

304 2637 469 2707 δίκην
499 2638 597 2708 τῆς
637 2638 940 2710 Μαραθῶνι
984 2640 1165 2711 μάχης
1211 2640 1430 2694 λαὸεῖν⁹
1478 2643 1809 2714 ἡτοιμάζετο
1839 2644 1895 2697 δὲ

308 2731 378 2783 ἐκ
411 2731 591 2800 πάσης
640 2731 745 2801 γῆς
801 2735 896 2784 καὶ
931 2731 1202 2803 θαλάττης
1251 2734 1451 2790 πάντα.
1503 2735 1783 2803 Αἰγύπτου
1838 2736 1894 2788 δὲ

311 2823 669 2895 ἀποστάσης⁶
701 2825 759 2877 ἐν
796 2825 876 2896 τῷ
908 2825 998 2878 διὰ
1040 2825 1206 2894 μέσου
1239 2825 1497 2896 βασιλεὺς
1537 2828 1688 2880 οὐδὲν
1724 2845 1894 2881 σπου-

306 2916 480 2980 δάσας
515 2912 670 2978 αὖθις
700 2913 767 2989 ἦν
797 2921 853 2971 ὲν
882 2920 997 2981 τοῖς
1030 2920 1212 2982 αὐτοῖς
1236 2936 1249 2949 ·
1278 2919 1420 2973 οὕτω
1451 2920 1648 2990 ῥᾳδίως
1682 2920 1896 2991 ἐκείνην

310 3010 720 3080 παρεστήσατο.
771 3012 996 3081 Δεκάτῳ
1051 3012 1111 3065 δὲ
1175 3012 1283 3064 έτει
1332 3012 1592 3083 συνῆλθον
1647 3013 1892 3081 ἐσχατιαὶ

313 3101 483 3153 πᾶσαι
518 3099 616 3152 καὶ
644 3098 777 3169 γένη
809 3100 1011 3166 πάντα,
1040 3099 1207 3171 [1285
1238 3101 1330 3174 8.]
1354 3102 1544 3173 ὥσπερ
1575 3119 1897 3171 μετανιστα-

314 3192 487 3261 μένη;
528 3188 765 3262 ἑτέρωσε
796 3192 894 3261 τῆς
923 3192 1287 3263 οἰκουμένης,
1320 3194 1417 3247 καὶ
1448 3193 1699 3263 βασιλεὺς
1731 3194 1895 3264 ἀπῄει

307 3284 568 3346 δεδοικὼς
610 3284 685 3354 μὴ
716 3285 777 3336 ού
808 3283 1021 3351 δέξαιτο
1050 3286 1114 3339 τὸ
1144 3286 1344 3356 πλῆθος
1373 3288 1406 3355 ἡ
1460 3286 1673 3351 Ἑλλὰς,
1708 3285 1896 3357 ὥσπερ

310 3377 463 3446 ἀρχὴ
517 3378 620 3445 γῆς
670 3377 851 3447 πάσης
889 3378 909 3407 ⁷
962 3378 1056 3430 τοῦ
1120 3380 1487 3446 στρατοπέδου
1542 3378 1894 3449 γιγνόμενος,

315 3468 455 3521 καθὸ
486 3468 747 3538 βούλοιτο,
775 3470 887 3523 ἀεί.
925 3470 1034 3523 Καὶ
1057 3471 1124 3524 ,οὐ
1149 3471 1172 3503 ⁸
1204 3470 1457 3524 τοσοῦτόν
1487 3471 1538 3539 γ’
1567 3470 1668 3525 av
1699 3471 1894 3533 αὐτοὺς

312 3560 351 3629 ὴ
378 3558 471 3612 τοῦ
501 3559 654 3629 ἡλίου
690 3560 947 3630 συμϐᾶσα
980 3560 1221 3630 ἔκλειψις
1248 3561 1563 3632 ἐξέπληξεν,
1591 3563 1767 3632 ’ὄσονὴ
1797 3563 1896 3631 τῆς

312 3651 423 3722 γῆς
476 3654 573 3706 καὶ
608 3652 880 3723 θαλάττης
916 3653 1157 3723 ἔκλειψις
1197 3654 1457 3723 γινομένη
1504 3655 1637 3725 πρὸς
1672 3657 1770 3725 τὴν
1801 3655 1895 3708 τοῦ

316 3742 607 3814 βασιλέως,
642 3744 766 3814 ἐμοὶ
794 3744 994 3812 δοκεῖν,
1042 3744 1342 3816 ἐπιθυμίαν
1390 3744 1590 3815 μᾶλλον
1622 3745 1655 3816 ἢ
1686 3746 1891 3816 χρείαν.

318 3834 465 3903 Πρὸς
497 3835 554 3886 δὲ
573 3835 616 3865 “‘
642 3836 852 3899 τούτοις
875 3836 1031 3906 τείχη
1067 3836 1165 3905 μὲν
1188 3837 1522 3907 ᾠκοδομεῖτο
1543 3877 1559 3902 ,
1583 3836 1732 3900 ὅπως
1773 3839 1896 3907 ἀρι-

313 3924 485 3996 θμοίη
538 3925 679 3979 κατὰ
716 3928 967 3997 μυρίους,
1000 3930 1027 3979 ὁ
1072 3928 1129 3980 δὲ
1171 3928 1322 3999 ἣλιος
1355 3926 1759 3997 συνεκρύπτετο
1785 3932 1895 3991 τοῖς

1996 1811 2213 1867 buerit?
2244 1815 2313 1866 At
2351 1813 2455 1869 hoc
2500 1814 2633 1869 nihil
2669 1816 2736 1868 ad
2782 1829 2895 1870 rem
2925 1813 3176 1871 fortassis
3213 1814 3393 1871 faciet.
3442 1815 3574 1870 Nam

1995 1917 2115 1972 quae
2148 1918 2307 1958 nemo
2346 1906 2528 1961 verbis
2570 1915 2755 1976 posset
2794 1907 3082 1977 complecti
3128 1908 3403 1977 quomodo
3455 1912 3577 1980 quis

1995 1993 2146 2048 illum
2178 2007 2244 2048 ex
2284 1994 2349 2050 iis
2378 1997 2599 2051 cernat?
2628 1996 2741 2053 Nisi
2767 2000 2811 2052 si
2844 1998 2947 2054 hoc
2982 1998 3242 2070 cogitabit
3273 2015 3391 2070 qua:
3418 2016 3576 2057 neum

1994 2096 2178 2158 posset
2222 2103 2320 2159 pro
2375 2089 2605 2145 arbitrio
2654 2090 2855 2155 dicere,
2885 2091 2999 2148 haec
3039 2106 3162 2148 eum
3202 2108 3299 2162 pro
3350 2094 3578 2149 arbitrio

1996 2182 2250 2251 gessisse.
2318 2182 2531 2237 Etenim
2588 2182 2773 2237 decem
2829 2184 2988 2238 annis
3055 2195 3164 2238 tota
3240 2186 3578 2255 parturicbat

1995 2274 2301 2337 continens,
2338 2290 2459 2329 cum
2505 2274 2704 2342 singuli
2749 2275 2996 2329 homines
3036 2274 3427 2330 Marathoniam
3482 2294 3577 2346 pu-

1996 2379 2157 2434 gnam
2220 2364 2501 2419 studerent
2558 2364 2768 2429 ulcisci,
2821 2365 3110 2435 omnisque
3160 2376 3454 2437 apparatus
3510 2383 3574 2421 ex

1996 2456 2145 2510 omni
2172 2464 2316 2510 terra
2362 2457 2611 2524 marique
2642 2457 2956 2528 cogebatur.
2988 2457 3123 2512 Cum
3177 2468 3354 2513 autem
3407 2458 3579 2529 ,Εεν-

1997 2547 2143 2616 ptius
2202 2547 2410 2601 interea
2471 2546 2775 2613 defecisset,
2818 2562 2915 2602 rex
2966 2562 3031 2602 ea
3068 2547 3226 2603 facile
3253 2550 3318 2602 ad
3350 2550 3579 2603 deditim

1998 2654 2119 2692 nem
2172 2646 2392 2703 coacta,
2450 2654 2636 2694 rursus
2703 2640 2768 2693 ad
2830 2641 3021 2694 eadem
3074 2641 3305 2695 redibat.
3361 2642 3577 2696 Decima

1997 2730 2213 2783 demum
2245 2744 2389 2783 anno
2435 2732 2683 2795 regiones
2733 2745 2797 2786 ac
2840 2743 3033 2801 gentes
3078 2747 3266 2787 omnes
3302 2748 3575 2789 convene-

1997 2829 2151 2885 runt,
2175 2821 2327 2888 quasi
2356 2822 2407 2874 iu
2449 2821 2611 2875 alium
2640 2822 2817 2877 locum
2858 2834 3002 2879 terra
3051 2825 3327 2894 migraret,
3357 2840 3423 2881 ac
3464 2841 3577 2898 me-

1998 2911 2183 2966 tuebat
2210 2925 2325 2974 rex,
2358 2926 2425 2966 ne
2459 2926 2563 2966 non
2586 2923 2803 2982 caperet
2830 2928 3021 2970 omnes
3044 2913 3271 2980 Graecia,
3294 2926 3351 2970 et
3385 2931 3578 2987 quam-

2000 3018 2215 3071 cunque
2258 3003 2475 3059 volebat
2505 3015 2810 3061 castrorum
2849 3016 3081 3075 partem,
3106 3008 3257 3077 quasi
3288 3011 3384 3063 toti
3412 3010 3576 3080 impe-

1999 3103 2147 3148 raret
2183 3096 2326 3161 orbi,
2352 3099 2671 3163 occupabat.
2704 3097 2812 3152 Nec
2842 3113 2936 3153 eos
2967 3107 3175 3153 tantum
3200 3100 3332 3155 solis
3367 3114 3575 3168 perter-
3652 3163 3662 3172 θ

1998 3188 2131 3251 ruit,
2158 3198 2419 3257 quantum
2453 3190 2620 3245 maris
2649 3205 2713 3245 ac
2745 3199 2903 3244 terra:
2926 3189 3189 3254 defectus,
3224 3192 3287 3244 ad
3319 3191 3575 3262 cupidita.

1999 3288 2102 3333 tem
2123 3281 2324 3350 potius,
2349 3294 2405 3335 ut
2422 3283 2679 3347 arbitror,
2699 3298 2860 3352 quam
2888 3300 3042 3338 usum
3068 3285 3211 3353 regis
3229 3293 3569 3354 procuratus.

1998 3373 2197 3426 Deinde
2246 3374 2380 3427 muri
2415 3376 2859 3442 exstruebantur,
2897 3388 2955 3429 ut
3003 3375 3162 3430 simul
3200 3377 3384 3431 decies
3429 3376 3576 3432 mille

1998 3478 2311 3520 numeraret
2339 3468 2523 3533 viros;
2561 3468 2641 3523 sol
2696 3476 2874 3523 autem
2923 3469 3044 3524 telis
3093 3468 3465 3539 ohlegehatur.
3512 3485 3576 3525 ac

1998 3572 2147 3611 mare
2179 3559 2425 3622 navibus,
2455 3569 2597 3613 terra
2629 3559 2915 3623 militibus,
2945 3576 3039 3615 aer
3077 3561 3271 3630 iaculis
3307 3571 3427 3616 erat
3461 3563 3568 3629 plv-

1998 3664 2120 3704 uus.
2150 3648 2445 3704 Praesentia
2466 3664 2683 3721 quoque
2707 3660 2760 3704 et
2783 3650 2963 3704 futura
3001 3652 3191 3705 eodem
3233 3652 3575 3706 habebantur

1998 3741 2135 3806 loco,
2174 3742 2253 3795 sic
2285 3751 2342 3795 ut
2376 3758 2566 3797 omnes
2600 3752 2932 3807 tenerentur,
2983 3745 3273 3814 omniaque
3315 3756 3571 3815 tanquam

1998 3831 2242 3899 Neptuno
2278 3835 2638 3888 descendente
2666 3844 3157 3890 commoverentur.
3188 3834 3575 3891 Themistocles

1994 3934 2120 3973 cum
2158 3921 2208 3973 in
2245 3935 2305 3975 se
2348 3922 2677 3990 suscepisset
2719 3923 2929 3986 omnia,
2978 3938 3246 3992 suumque
3288 3925 3571 3979 consilium

314 4017 667 4088 τοξεύμασιν,
718 4015 786 4090 ἦν
824 4019 880 4072 δὲ
924 4021 1139 4089 πλήρης
1186 4022 1220 4091 ὴ
1266 4021 1365 4091 μὲν
1402 4020 1639 4074 θάλαττα
1670 4020 1828 4086 νεῶν,
1864 4023 1894 4091 ἡ

1996 4012 2382 4082 propugnaculi
2437 4012 2610 4066 instar
2653 4014 3044 4080 Constituissct,
3097 4024 3151 4069 et
3201 4016 3352 4071 sidus
3406 4018 3575 4070 rectis

313 4110 375 4164 δὲ
400 4111 474 4180 γῆ
509 4110 724 4177 πεζῶν,
755 4114 783 4164 ὁ
809 4112 869 4165 δὲ
899 4113 1007 4183 ἀὴρ
1039 4113 1229 4182 βελῶν.
1261 4115 1521 4184 Παρεῖναι
1544 4114 1600 4166 δὲ
1641 4114 1734 4166 καὶ
1767 4114 1895 4182 μέλ-

312 4203 431 4255 λειν
460 4204 573 4256 ἴσον
592 4199 686 4274 ἦν,
713 4204 855 4257 ὥστε
884 4205 1103 4274 ἔχεσθαι
1134 4207 1342 4269 πάντας
1370 4222 1381 4235 ’
1415 4207 1590 4259 πάντα
1623 4206 1680 4259 δὲ
1710 4204 1897 4276 ὥσπερ

313 4294 412 4349 τοῦ
468 4296 802 4358 Ποσειδῶνος
855 4298 1135 4361 κατιόντος
1176 4299 1403 4350 ἐσείετο.
1455 4299 1699 4351 Πάντα¹¹
1744 4298 1800 4350 δὲ
1832 4298 1897 4351 τά

1996 4106 2191 4168 oculis,
2232 4115 2341 4158 tmn
2373 4105 2726 4174 praesentibus
2749 4106 3023 4169 omnibus,
3045 4114 3154 4159 tmn
3190 4106 3384 4160 futuris
3414 4107 3573 4160 rebus

1995 4198 2313 4262 obstitisset,
2355 4214 2453 4253 nec
2487 4208 2544 4251 ut
2584 4199 2617 4251 ii
2655 4200 2745 4266 qui
2791 4189 2959 4251 solem
2993 4200 3282 4268 asp-ciunt,
3326 4213 3384 4253 se
3416 4214 3573 4253 aver-

1997 4294 2172 4357 tissct,
2213 4292 2355 4360 quod
2395 4293 2643 4346 omnibus
2691 4294 3077 4362 propemodum
3128 4293 3417 4360 acciderat,
3466 4310 3570 4346 non

313 4386 538 4439 ἐπιόντα
570 4387 947 4457 Θεμιστοκλῆς
980 4390 1061 4450 είς
1106 4388 1301 4442 ἐαυτὸν
1334 4390 1766 4459 ἀναδεξάμενος,
1799 4392 1894 4444 καὶ

2001 4384 2162 4438 modo
2192 4383 2501 4438 Graecorum
2529 4398 2677 4452 spem
2730 4398 2835 4438 non
2878 4381 3104 4448 fefellit,
3147 4383 3242 4437 sed
3283 4392 3339 4437 et
3378 4399 3573 4453 exspec-

313 4478 415 4549 τὴν
448 4478 612 4531 αὐτοῦ
641 4480 866 4549 γνώμην
896 4480 1120 4543 ὑποθεὶς
1156 4482 1271 4533 ἀντ’
1303 4481 1464 4535 ἄλλου
1496 4499 1591 4535 του
1622 4482 1901 4552 φυλακτη-

316 4570 471 4640 ρίου,
523 4570 617 4623 καὶ
673 4571 836 4641 μόνος
888 4572 1069 4642 ὀρθοῖς
1114 4575 1226 4636 τοῖς
1283 4573 1584 4643 ὀφθαλμοῖς
1628 4574 1900 4644 ἀντισχὼν

314 4661 493 4713 ἅπασι
527 4659 622 4712 καὶ
651 4664 762 4723 τοῖς
794 4660 1033 4729 παροῦσι
1067 4663 1162 4714 καὶ
1194 4665 1306 4725 τοῖς
1340 4664 1553 4715 ἐπιοῦσι
1587 4664 1895 4734 πράγμασι,

314 4753 411 4805 καὶ
440 4753 484 4783 ⁸³
529 4754 631 4806 οὐκ
675 4754 1052 4823 ἀποστραφεὶς
1102 4753 1296 4825 ὥσπερ
1342 4758 1390 4809 oi
1429 4756 1568 4825 πρὸς
1598 4742 1704 4809 ’τὸν
1747 4756 1898 4827 ἥλιον

318 4843 627 4913 βλέποντες,
658 4842 685 4896 ὃ
714 4846 845 4896 πᾶσι
880 4845 1078 4915 μικροῦ
1109 4845 1218 4898 δεῖν
1248 4846 1446 4918 συνέϐη
1481 4850 1594 4911 τοῖς
1622 4848 1768 4909 τότε,
1791 4849 1891 4903 οὐκ

316 4934 385 4988 ἂν
415 4934 626 5002 εἴποιμι
670 4934 745 4997 ὡς
776 4934 876 4986 οὐκ
907 4935 1102 5003 ἐψευσε
1150 4937 1249 5006 τῆς
1280 4938 1493 5002 ἐλπίδος
1525 4940 1652 5002 τοὺς
1696 4940 1894 5010 ’Ἑλλη-

319 5042 439 5088 νας,
460 5025 597 5079 ἀλλά
622 5026 718 5079 καὶ
739 5025 873 5078 πολὺ
898 5026 996 5094 τὴν
1023 5029 1351 5096 προσδοκίαν
1371 5030 1664 5101 ἐνήλλαξεν
1682 5032 1889 5095 αὐτοῖς.

1998 4479 2289 4531 elationem
2324 4489 2653 4547 magnopere
2692 4476 2936 4528 mutavit.
2977 4474 3113 4528 Nam
3153 4490 3276 4529 cum
3329 4476 3572 4546 plerique

1997 4570 2130 4624 nihil
2173 4584 2278 4623 non
2317 4579 2621 4624 extremum
2669 4581 2731 4622 se
2780 4582 3134 4636 perpessuros
3173 4568 3479 4632 crederent,
3519 4578 3574 4624 et

1997 4661 2062 4714 ad
2100 4670 2285 4728 turpes
2314 4660 2550 4714 rationes
2575 4673 2640 4712 ac
2682 4657 2914 4712 difficilia
2963 4657 3205 4728 perfugia
3257 4673 3317 4713 se
3356 4659 3572 4713 confer-

1996 4762 2135 4818 rent,
2162 4762 2366 4807 tantam
2395 4750 2518 4806 t'ecit
2545 4766 2727 4805 rerum
2760 4752 3140 4816 mutationem,
3176 4751 3298 4805 utsi
3329 4752 3451 4821 quis
3479 4767 3573 4806 eos

1998 4844 2297 4901 discessum
2323 4842 2685 4897 Barbarurum
2719 4842 3127 4910 interrogasset,
3163 4857 3289 4895 num
3322 4855 3423 4895 nec
3453 4840 3573 4895 illos

2002 4936 2194 4991 bellum
2235 4934 2500 4996 intulisse,
2534 4948 2633 4986 nec
2668 4946 2726 4985 se
2759 4947 2846 4984 res
2872 4945 2964 4984 eas
2982 4929 3237 4999 gessisse,
3260 4944 3432 4995 eaque
3466 4929 3515 4981 di
3550 4956 3574 4966 -

2002 5026 2228 5083 crimina
2258 5023 2455 5096 4231;
2495 5020 2729 5075 subiisse
2756 5020 2976 5082 vellent,
3007 5030 3234 5073 mortem
3258 5020 3359 5073 sibi
3383 5034 3574 5073 omnvs

315 5123 483 5176 Οὐδὲν
536 5122 645 5191 γάρ
673 5122 783 5175 τῶν
833 5122 1078 5193 ἐσχάτων
1110 5124 1138 5175 ὃ
1182 5140 1236 5176 τι
1268 5126 1330 5177 ού
1381 5126 1670 5179 πείσεσθαι
1694 5127 1737 5193 ¹ν⁸
1788 5126 1894 5180 τῶν

1996 5123 2190 5186 potius,
2254 5132 2414 5184 quam
2470 5124 2524 5166 ut
2585 5113 2686 5166 ista
2740 5126 2842 5164 non
2901 5110 3279 5180 peregissent,
3335 5111 3572 5179 optaturi

316 5215 531 5269 πολλῶν
570 5214 940 5285 νομιζόντων,
986 5214 1083 5268 καὶ
1125 5215 1494 5282 βλεπόντων³⁸
1539 5220 1619 5281 είς
1666 5218 1899 5290 αἰσχρὰς

1991 5213 2237 5266 fuissent.

1587 5364 1820 5419 VARI/FZ
1858 5359 2260 5416 LIiCTlONES.

384 5480 431 5511 οι
458 5478 569 5546 ὅσῳ

313 5567 367 5618 p.
398 5542 552 5604 τοι(
577 5542 621 5576 ”’
650 5545 702 5618 τί
752 5542 870 5618 οὖν]
934 5542 1005 5616 μ’
1039 5549 1161 5603 296.

313 5614 335 5651 ί
366 5614 705 5686 ἀποστάσης]
738 5614 955 5687 ἀπάσης
978 5621 1041 5670 Α.

1267 5551 1287 5580 ³
1320 5549 1475 5601 τοῦτό
1528 5565 1635 5600 om.
1699 5550 1759 5599 Α.

554 5780 827 5842 Parnm.
862 5780 977 5841 Gn.
1013 5780 1175 5841 Clll.

571 5474 744 5547 hino
908 5480 955 5513 9‘
983 5497 1045 5547 γε
1074 5496 1182 5533 om.
1226 5482 1291 5533 Λ.
1364 5480 1407 5509 ”
1440 5474 1615 5547 αὖθις]
1650 5478 1821 5538 οὐδεὶς
1863 5479 1921 5529 .-\.

1859 5548 1877 5576 ⁵
1914 5545 2313 5614 μετεχειρίζετο

1118 5622 1137 5649 ⁷
1166 5621 1345 5686 πάσης
1374 5636 1483 5675 οιιι.
1521 5620 1584 5671 Λ.
1660 5618 1680 5647 ³
1713 5619 1799 5668 καλ
1842 5617 1926 5685 οὐ]
1960 5635 2009 5681 p,
2033 5618 2159 5667 9.97.

311 5689 516 5762 p.299.
597 5687 638 5717 ²¹
675 5687 769 5738 καὶ
792 5686 919 5741 ante
943 5689 1043 5740 οὐκ
1069 5703 1177 5742 om.
1212 5693 1271 5744 Δ.
1354 5691 1397 5721 ’³
1430 5686 1737 5757 πείσεσθαι]
1776 5688 1894 5739 πείς

2002 5705 2051 5737 1'.
2083 5690 2144 5739 Λ.

2000 5478 2045 5507 ⁸³⁸
2074 5475 2175 5543 τὴν
2210 5469 2379 5543 ἧτταν
2410 5486 2518 5522 om.
2557 5472 2618 5521 A.
2711 5467 2755 5499 ’θ
2782 5464 2936 5537 ὥσθ’]
2979 5466 3053 5525 ὡς
3077 5464 3139 5516 Α.
3224 5463 3239 5491 ¹
3279 5462 3568 5531 Μιλτιάδηὶ

2000 5545 2313 5586 -ρ-ιςιηίῖςτη
2378 5543 2438 5586 Λ-
2546 5541 2565 5569 ⁸
2594 5539 2724 5586 δέκα.
2762 5568 2828 5575 -—
2860 5538 2977 5586 £111!
3021 5534 3231 5586 δεκάτω
3262 5562 3326 5571 —~
3359 5535 3467 5586 ἔτει
3505 5537 3568 5586 Α.

2176 5545 2313 5591 ἷζε-ει»
2376 5545 2438 5591 Δ.
2546 5545 2565 5569 ⁵
2594 5545 2724 5591 δέκα
2762 5568 2828 5575 --
2860 5545 2977 5591 ετηε
3021 5545 3231 5591 δεκάτῳ
3262 5562 3326 5571 —~
3359 5545 3467 5586 ετει
3505 5545 3569 5587 Α.

2256 5561 2313 5594 τ’)
2376 5557 2438 5593 Λ.
2546 5557 2565 5569 ¹¹
2594 5557 2724 5591 οεκι
2762 5568 2828 5575 --—
2860 5557 2978 5606 at!”
3021 5557 3231 5586 οεκατω
3262 5562 3326 5571 —~
3359 5557 3467 5586 ετει
3505 5557 3569 5587 Α.

2252 5615 2271 5644 9
2305 5614 2355 5679 γ’
2389 5612 2453 5661 ἂν
2484 5626 2591 5661 oili.
2627 5612 2689 5662 Δ.
2769 5609 2809 5638 ¹⁰
2834 5608 2889 5661 δὲ
2914 5609 3036 5661 adi.
3068 5606 3131 5657 Α.
3204 5587 3250 5633 ’³⁸
3276 5604 3457 5657 πάντα
3492 5602 3571 5676 δὲ]

2248 5685 2289 5714 ’³
2324 5682 2414 5734 καὶ
2440 5680 2527 5749 βλε
2540 5681 2743 5732 πόντων
2756 5720 2767 5733 .

3070 5766 3144 5827 ἶιῦ
