4012 6236
407 218 542 286 1551
1536 213 1798 274 ΡΗΟΤΙΙ
1819 210 1994 271 ΡΑΤ1⁵

2096 209 2325 271 RCILE
2351 210 2460 271 ΟΡ.
3517 204 3650 272 1552

477 326 588 396 Ego
615 337 764 388 vero,
791 321 1057 393 siquidem
1110 321 1328 377 vincere
1372 318 1497 390 quis
1527 329 1730 390 posset,
1780 330 1837 374 ut
1869 333 1978 374 non

2165 320 2308 390 Ἐγὼ
2334 323 2402 388 δ’,
2425 323 2474 376 εἱ
2503 321 2603 392 μὲν
2627 315 2694 392 ἦν
2719 320 2908 391 ἕτερον
2929 318 3130 392 τρόπον
3151 319 3370 391 νικῆσαι
3390 319 3422 393 ἢ
3446 321 3537 375 καὶ
3556 340 3656 378 σω-

411 433 472 474 se
499 424 744 472 servaret
772 413 941 482 prius,
972 412 1176 480 aliquid
1206 425 1237 465 a
1261 419 1314 465 te
1361 410 1467 464 dici
1514 421 1802 481 putarem;
1860 423 1983 463 cum

2096 412 2250 484 θῆναι
2271 413 2333 466 τὸ
2356 412 2593 484 πρῶτον,
2619 413 2762 481 τάχα
2786 411 2852 465 ἄν
2871 429 2925 464 τι
2956 409 3086 481 [698
3119 408 3214 482 IL]
3243 410 3468 476 τούτους
3505 411 3657 484 ᾠμην

405 518 588 564 autem
621 503 707 561 vel
757 502 931 558 navali
988 501 1173 572 praelio
1201 501 1551 565 vincendum,
1602 501 1688 555 vel
1739 498 1986 554 terrestri

2096 505 2217 568 τοὺς
2239 503 2430 572 λόγους
2461 498 2624 560 εἶναι.
2676 502 2806 557 Ὅτε
2834 500 2880 555 δ’
2915 497 2985 574 ἦν
3008 501 3218 573 αἵρεσις
3251 500 3286 572 ἢ
3318 503 3658 573 ναυμαχοῦν-

407 599 740 669 pereundum
769 594 954 661 fuerit,
977 608 1097 664 qua:
1127 594 1244 649 haec
1265 592 1457 649 luisset
1481 591 1840 664 philosophia,
1861 605 1987 647 cum

2096 613 2190 660 τας
2243 595 2518 666 κρατετνῆ
2554 595 2695 649 κατὰ
2732 595 2836 664 γῆν
2902 592 3262 659 ἀπολωλέναι,
3325 593 3443 656 πῶς
3465 589 3534 665 ἦν
3554 595 3664 648 ῐσον

408 692 567 748 liceat
597 687 1134 760 magnificentissime
1178 686 1410 750 servari,
1441 695 1645 741 temere
1689 684 1872 739 mori?
1907 682 1987 737 Ac

2096 687 2126 758 ἢ
2156 687 2240 752 τίς
2267 689 2301 756 ὴ
2333 686 2620 757 θαυμαστὴ
2688 685 2977 756 φιλοσοφία
3025 684 3280 739 τεθνάναι
3317 685 3516 758 μάτην,
3551 685 3665 750 ὲξόν

408 797 628 852 prorsus
649 780 900 852 equidem
930 795 1036 836 non
1069 779 1338 848 intelligo,
1373 791 1472 833 cur
1494 777 1768 832 terrestris
1816 776 1990 830 victo-

407 875 486 929 ria
512 873 740 944 pulchra
786 873 881 936 sit,
940 870 1114 940 turpis
1169 870 1402 934 marina,
1458 868 1543 924 vel
1602 867 1771 924 cassis
1828 875 1991 936 atque

406 969 616 1024 corium
644 964 822 1034 magni
867 964 978 1020 sint
1015 964 1174 1032 pretii
1227 962 1484 1017 rudentes
1544 976 1609 1015 ac
1675 960 1810 1015 remi
1871 959 1991 1013 nul-

409 1059 531 1114 lius.

482 1316 680 1392 [Deest
727 1315 807 1368 δεῖ
849 1315 1141 1392 νομίζειν..
1169 1315 1432 1392 Κρανίαν,
1491 1329 1588 1392 ριςο
1634 1315 1784 1384 galea
1824 1313 1990 1379 dicit;

411 1384 617 1459 βύρσαν
667 1400 797 1440 vero
847 1400 947 1459 pro
1007 1384 1386 1459 armis,‘q_uod
1444 1385 1596 1439 corio
1640 1395 1990 1459 tegerentur;

411 1451 576 1597 νήῗα,]
592 1456 766 1522 funes,
791 1451 1014 1517 κώπεας
1069 1468 1198 1508 vero
1219 1494 1235 1520 ,
1261 1451 1416 1523 'ligna
1457 1451 1765 1509 necessaria
1822 1454 1888 1506 ad
1919 1467 1996 1506 re-

412 1542 551 1582 mos.

412 1542 551 1582 IIIOS.

483 1617 579 1674 Sin
606 1626 718 1674 tota
769 1626 888 1672 erat
937 1625 1198 1686 occupata
1247 1625 1388 1670 terra
1419 1653 1434 1679 ,
1495 1615 1770 1669 exercitus
1825 1615 1995 1667 instar

413 1711 580 1766 maris
615 1710 934 1770 inundabat,
964 1709 1146 1762 omnia
1197 1707 1612 1773 diripiebantnr,
1652 1721 1750 1761 nec
1802 1705 1883 1760 vel
1915 1720 1998 1758 re-

366 1817 372 1823 '
414 1802 624 1872 spicere
668 1801 886 1855 licebat.
930 1799 1128 1854 Verum
1157 1797 1208 1852 in
1253 1797 1500 1866 angustia
1535 1811 1638 1850 non
1685 1796 1996 1865 Peloponesi

411 1893 591 1954 modo,
615 1890 708 1946 sed
734 1890 897 1944 etiam
925 1889 1041 1959 spei
1069 1888 1350 1954 sedebant,
1381 1901 1479 1942 nec
1505 1901 1674 1956 usque
1700 1887 1780 1940 vel
1821 1897 2000 1940 u-rra-

413 1998 532 2038 rum
557 1983 640 2038 vel
663 1981 829 2036 maris
853 1980 1017 2035 futuri
1053 1980 1433 2046 credebantur,
1455 1994 1552 2035 cur
1581 1978 1656 2033 ita
1683 1977 1750 2034 de
1779 1979 2000 2035 Achivis

411 2091 481 2131 ex
503 2085 653 2132 turre
706 2073 1032 2146 iudicamus.

441 2365 454 2378 _
497 2293 928 2438 [jProverbiumz
993 2303 1052 2350 ut
1105 2294 1355 2350 Priamus
1412 2304 1466 2351 et
1507 2293 1711 2351 Helena
1772 2310 1839 2349 ex
1882 2310 1999 2349 mu-

441 2380 507 2423 Is.

410 2380 507 2423 1⁵18.

482 2455 645 2514 Solus
685 2469 848 2526 porro
885 2455 968 2512 vel
1013 2455 1160 2511 inter
1209 2470 1410 2526 paucos
1449 2455 1739 2510 admodum
1784 2457 1997 2510 videtur

413 2547 518 2602 hoc
570 2545 773 2601 dictum
841 2544 1238 2600 Themistocles
1293 2546 1723 2614 comprobasse,
1799 2547 1999 2619 430a

413 2635 557 2707 quod
591 2649 712 2689 cum
775 2632 992 2688 Alcaeus
1051 2643 1207 2703 poeta
1260 2633 1575 2703 protulisset
1630 2637 1782 2701 olim,
1847 2638 1997 2691 multi

417 2732 606 2794 postea
641 2732 972 2792 usurparunt
1006 2741 1019 2777 :
1054 2738 1160 2778 non
1206 2723 1428 2792 lapides,
1457 2739 1565 2778 non
1591 2725 1758 2796 ligna,
1793 2742 1890 2780 nec
1921 2727 1999 2781 fa-

414 2817 635 2869 brorum
685 2823 857 2868 artem
884 2814 1136 2869 civitates
1173 2813 1385 2870 elﬁcere
1421 2831 1435 2869 :
1468 2817 1562 2870 sed
1590 2817 1677 2870 ubi
1705 2817 1805 2870 viri
1848 2828 1995 2880 sunt,

413 2900 505 2970 qui
528 2914 589 2955 se
616 2900 762 2970 ipsos
785 2914 1005 2956 servare
1039 2901 1243 2966 norint,
1276 2900 1472 2955 ibidem
1503 2913 1558 2955 et
1593 2903 1754 2958 urbes
1783 2919 1904 2960 esse
1946 2918 1999 2962 et

415 2989 634 3045 mmnia.
671 2986 748 3042 Ita
776 2989 821 3043 si
857 3004 956 3043 suo
1003 2990 1266 3043 duntaxat
1315 2989 1547 3045 consilio
1606 2991 1691 3046 his
1744 2992 1798 3046 in
1836 2995 1996 3050 rebus

413 3095 546 3136 usus
581 3087 726 3146 esset
759 3077 1171 3144 Themistocles,
1229 3094 1326 3134 cur
1362 3079 1486 3149 quis
1540 3079 1746 3135 diceret
1781 3082 1848 3136 ab
1901 3084 1992 3139 illo

413 3169 582 3226 fuisse
609 3170 957 3225 accusatum?
991 3173 1124 3224 (lum
1165 3181 1345 3226 autem
1387 3175 1520 3227 deus
1577 3188 1791 3243 quoque
1850 3175 1992 3232 idem

409 3262 657 3331 jusserit,
689 3261 814 3332 quid
841 3274 1226 3331 consequatur,
1267 3273 1324 3316 ut
1377 3264 1624 3332 equidem
1671 3279 1862 3321 vereor
1913 3269 1993 3321 di-

414 3372 542 3414 cere
575 3374 590 3413 :
618 3357 692 3412 ita
716 3357 894 3427 quivis
920 3356 1078 3411 facile
1107 3357 1376 3427 intelligit.
1413 3357 1805 3415 Themistocles
1843 3372 1993 3416 certe

414 3462 636 3518 prorsus
661 3445 978 3504 absolvitur.
1015 3448 1166 3503 llnnc
1191 3449 1336 3503 enim
1375 3449 1421 3503 si
1451 3449 1715 3504 solverint
1769 3453 1990 3517 nodum,

417 3539 595 3595 Donec
635 3540 870 3595 tribuant
907 3539 1130 3595 honores
1174 3540 1427 3609 Apollini,
1451 3553 1464 3565 '
1475 3541 1628 3612 juxta
1681 3542 1992 3610 Delphicum

419 3634 706 3703 tripodem,
759 3647 923 3703 quem
953 3633 1023 3689 de
1086 3635 1344 3690 Barbaris
1412 3636 1729 3691 dedicarunt
1793 3637 1990 3704 Graeci,

416 3730 619 3782 stante.
674 3725 752 3779 Ac
777 3725 907 3780 deus
943 3725 1162 3796 quidem
1205 3727 1444 3781 divinam
1497 3729 1713 3783 vocavit
1768 3729 1994 3783 Salami-

417 3829 564 3877 nem,
605 3814 805 3884 quippe
837 3815 905 3868 ad
944 3829 1106 3883 quam
1170 3815 1372 3884 majora
1421 3832 1584 3885 quam
1637 3833 1737 3886 pro
1788 3818 1992 3874 viribus

416 3906 668 3960 humanis
690 3913 847 3959 erant
879 3905 1020 3959 facta
1050 3907 1376 3974 peragenda.
1407 3905 1557 3962 Plato
1579 3919 1758 3964 autem
1801 3911 1992 3964 horum

418 4005 720 4060 auctorem;
763 3995 964 4065 quique
987 3995 1314 4052 Salaminem
1353 3997 1472 4052 illos
1494 3999 1740 4065 deduxit,
1791 4000 1993 4056 Graecis

418 4086 674 4142 nocuisse
709 4086 862 4154 dicit,
893 4087 1080 4143 neciis
1105 4089 1196 4156 qui
1238 4088 1502 4159 voluptati
1527 4091 1693 4160 plebis
1723 4094 1994 4150 subservi-

418 4187 558 4243 rent,
585 4178 860 4232 meliorem
915 4192 1137 4247 prorsus
1189 4181 1481 4237 exstitisse.
1515 4183 1692 4248 Quare
1726 4199 1847 4240 cum
1876 4194 1994 4255 post

417 4267 608 4322 navale
634 4266 873 4336 praelium
905 4277 1089 4322 essent
1132 4282 1336 4328 omnes.
1362 4271 1414 4324 in
1463 4270 1724 4327 Isthmum
1759 4275 1990 4340 collecti,

2096 776 2237 848 μετά
2301 776 2404 847 τῆς
2465 777 2729 847 μεγίστης
2782 775 3029 841 εὐδοξίας
3077 774 3359 846 σωθῆναι;
3406 774 3576 847 ἀρχὴν
3620 777 3664 830 δ’

2093 869 2274 938 ἔγωγε
2324 870 2424 922 οὐκ
2474 868 2676 923 ἐπινοῶ
2722 867 2826 923 ποῦ
2885 867 3227 938 διακέκριται
3277 866 3420 922 κατά
3441 867 3542 938 γῆν
3571 868 3664 939 μὲν

2095 962 2313 1032 νικῆσαι
2367 961 2532 1014 καλὸν
2584 956 2743 1024 εἶναι,
2777 962 2837 1014 ὲν
2881 959 3122 1033 Θαλάττῃ
3141 961 3186 1015 δ’
3215 961 3528 1032 αίσχρδν,ἢ
3570 960 3665 1031 τὴν

1990 1098 1992 1100 τ
2099 1053 2197 1122 μὲν
2257 1052 2487 1123 κρανίαν
2548 1052 2642 1106 καὶ
2706 1051 2806 1123 τὴν
2850 1051 3056 1124 βύρσαν
3095 1052 3292 1106 πολλοῦ
3317 1069 3465 1117 τινος
3509 1051 3663 1117 ἀξίαν

2097 1143 2260 1210 εἶναι,
2311 1147 2380 1198 τά
2419 1145 2477 1197 δὲ
2518 1145 2644 1209 νήῖα
2708 1144 2804 1200 καὶ
2859 1145 2987 1210 τοὺς
3043 1143 3264 1209 κωπέας
3309 1142 3469 1198 τοῦ⁶⁸
3506 1144 3662 1216 μηδε-

2097 1240 2204 1303 νός.

2167 1328 2442 1400 Λείπειτὸ
2471 1328 2553 1400 δεζ
2610 1326 3175 1400 νομίζεινηΚρανίαν
3222 1327 3334 1400 τὴνΔ
3372 1344 3665 1400 περικεφα-

2097 1398 2256 1452 λαίαν
2289 1396 2696 1470 λέγεινβύρσαν
2718 1398 2862 1470 esse
2891 1397 3056 1470 ὅπλον
3113 1396 3352 1470 τὸ
3368 1396 3660 1470 ἐχέινίβύρ-

2100 1485 2198 1521 σαν
2243 1470 2374 1538 περὶ
2423 1467 2578 1527 αὐτὸζ
2625 1469 2750 1538 νήῖα
2773 1468 2831 1522 δὲ
2861 1468 2930 1521 τὰ
2977 1467 3209 1537 σχοινίαζ
3264 1467 3658 1533 κωπέαςδὲτά

2101 1538 2232 1602 ξύλα
2255 1539 2326 1592 τὰ
2347 1539 2484 1609 πρὸς
2503 1538 2692 1602 κώπας
2717 1539 3020 1609 ἐπιτήδεια.

2170 1632 2233 1684 El
2261 1629 2363 1684 δ’δ’
2389 1631 2575 1684 ἅπασα
2617 1630 2717 1702 μὲν
2746 1632 2779 1701 ή
2805 1631 2874 1700 γῆ
2923 1630 3277 1700 κατείληπτο,
3349 1629 3570 1700 ὲπέρῤει
3614 1629 3668 1684 δὲ

2100 1722 2289 1792 ὥσπερ
2319 1721 2591 1792 Θαλάττης
2637 1721 2921 1785 ἐπίκλυσις
2953 1722 2988 1792 ἡ
3015 1723 3270 1794 στρατιὰ,
3296 1707 3476 1776 πάντα
3502 1722 3558 1776 δὲ
3575 1723 3669 1792 ἆρ-

2097 1815 2194 1884 δην
2240 1813 2610 1885 ἀνηρπάζετο,
2654 1813 2982 1866 ἀναϐλέπειν
3009 1814 3067 1868 δὲ
3091 1814 3193 1867 οὐκ
3221 1809 3315 1886 ἦν,
3341 1814 3456 1868 ἀλλ’
3481 1816 3538 1868 ὲν
3565 1819 3669 1877 τοῖς

2101 1907 2308 1970 στενοῖς
2341 1906 2403 1959 οὐ
2433 1905 2536 1976 τῆς
2589 1904 3003 1976 Πελοποννήσου
3051 1905 3231 1974 μόνον,
3269 1906 3408 1960 ἀλλά
3451 1906 3544 1960 καὶ
3565 1907 3668 1960 τῶν

2099 1997 2328 2050 ὲλπίδων
2355 1996 2644 2066 ἐκάθηντο,
2691 1995 2954 2049 ἀπέκειτο
2985 1995 3042 2048 δὲ
3102 1998 3239 2068 μήτε
3272 1997 3378 2067 γῆς
3410 1998 3548 2069 μήτε
3572 1998 3662 2052 0a.-

2098 2089 2298 2161 λάττης
2352 2084 2492 2143 εἶναι
2548 2086 2822 2159 μηδαμοῦ,
2847 2087 2900 2141 τί
2929 2087 3103 2142 ταῦτα
3127 2091 3254 2154 τοὺς
3286 2091 3536 2162 ’Δχαιοὺς
3563 2091 3665 2146 ἀπὸ

2103 2180 2190 2234 τοῦ
2223 2181 2438 2252 πύργου
2464 2181 2721 2252 κρίνομεν
2742 2197 2757 2249 ;

2096 2274 2473 2400 ξΕξῙέαροιμίαο
2509 2272 2698 2345 ὥσπερ
2725 2273 2754 2326 ὁ
2803 2274 3052 2346 Πρίαμος
3083 2275 3148 2328 ὲκ
3175 2273 3273 2328 τοῦ
3324 2273 3564 2346 τείχουςξ
3585 2274 3670 2328 καὶ

2175 2361 2203 2396 Α
2235 2362 2322 2400 νη,

2175 2361 2322 2414 Λενη.

2170 2436 2348 2500 Μόνος
2363 2435 2410 2467 ⁵⁰
2444 2435 2500 2489 δέ
2531 2453 2622 2506 μοι
2664 2435 2811 2490 δοκεῖ
2852 2435 3070 2491 πάντων
3099 2434 3460 2508 ἀνθρώπωνῆ
3487 2436 3669 2508 κομιδῇ

2098 2547 2162 2600 γε
2185 2533 2230 2564 ⁵¹
2253 2533 2312 2586 ὲν
2348 2530 2551 2600 ὀλίγοις
2579 2531 2749 2599 δεῖξαι
2794 2533 3170 2604 Θεμιστοκλῆς
3195 2533 3375 2606 ἀληθῆ
3403 2534 3492 2588 τὸν
3525 2534 3672 2602 λόγον

2097 2623 2248 2684 ὄντα,
2299 2621 2358 2676 ὃν
2403 2622 2570 2677 πάλαι
2626 2625 2726 2694 μὲν
2768 2624 3018 2688 Ἀλκαῖος
3041 2627 3086 2658 ⁵⁸
3145 2628 3174 2679 ὁ
3223 2626 3456 2696 ποιητὴς
3509 2622 3670 2690 εἷπεν,

2099 2713 2325 2787 ὕστερον
2352 2715 2410 2769 δὲ
2437 2716 2488 2768 οἱ
2553 2715 2739 2769 πολλοὶ
2787 2717 3199 2788 παραλαϐόντες
3254 2718 3573 2789 ἐχρήσαντο,
3602 2717 3670 2778 ὡς

2100 2808 2208 2880 ἄρα
2241 2809 2302 2862 οὐ
2336 2809 2474 2862 λίθοι
2531 2809 2652 2862 οὐδὲ
2707 2809 2840 2874 ξύλα
2893 2810 3017 2863 οὐδὲ
3079 2809 3241 2882 τέχνη
3306 2810 3571 2864 τεκτόνων
3618 2810 3670 2864 αι

2101 2903 2282 2965 πόλεις
2322 2898 2453 2967 εἷεν,
2511 2901 2627 2954 ἀλλ’
2675 2902 2809 2954 ὅπου
2871 2901 2990 2955 ποτ’
3020 2901 3085 2956 ἂν
3112 2896 3245 2955 ὦσιν
3272 2901 3465 2974 ἄνδρες
3491 2900 3670 2960 αὐτοὺς

2103 2996 2296 3062 σώζειν
2329 2996 2550 3063 εἰδότες,
2578 2995 2814 3051 ἐνταῦθα
2844 2996 2992 3049 xei.”
3035 2996 3188 3067 τείχη
3231 2996 3333 3050 καὶ
3389 2995 3586 3058 πόλεις.
3614 2993 3673 3046 Ei

2100 3088 2198 3157 μὲν
2215 3088 2261 3119 ⁸⁸
2287 3082 2381 3140 οὖν
2421 3087 2586 3140 αὐτοῦ
2648 3086 2846 3159 γνώμῃ
2884 3087 3041 3157 μόνον
3071 3087 3117 3119 ⁸³
3151 3085 3515 3156 περὶτούτων
3558 3085 3670 3137 ὲκέ-

2093 3194 2261 3248 χρητο
2317 3177 2709 3248 Θεμιστοκλῆς,
2740 3178 2950 3230 ἐκείνου
2981 3194 3065 3240 τις
3088 3177 3154 3230 ἂν
3183 3172 3343 3230 εἶπεν
3390 3176 3552 3231 αὑτὸν
3579 3173 3666 3246 τὴν

2093 3269 2430 3339 κατηγορίαν
2487 3267 2850 3340 πεποιῆσθαι·
2897 3269 3018 3321 ἐπεὶ
3077 3267 3135 3321 δὲ
3202 3269 3297 3321 καὶ
3349 3266 3467 3332 θεὸς
3511 3263 3672 3320 ταῦτα

2094 3358 2300 3412 ἀνελὼν
2359 3360 2626 3428 φαίνεται,
2692 3361 2803 3428 ἐγὼ
2853 3360 2952 3428 μὲν
3013 3360 3158 3412 ὀκνῶ
3186 3359 3392 3427 λέγειν,
3423 3357 3583 3420 πᾶςδ’
3610 3357 3671 3412 ἄν

2092 3466 2177 3513 τις
2201 3449 2355 3520 συνίη
2375 3450 2421 3482 ⁸⁵
2449 3450 2510 3502 τὸ
2530 3449 2734 3504 λοιπδνα
2764 3454 2792 3504 ὁ
2816 3451 2860 3503 δ’
2888 3449 2981 3504 οὖν
3012 3450 3394 3521 Θεμιστοκλῆς
3420 3447 3670 3519 λαμπρῶς

2093 3541 2395 3609 ἀποφεύγει
2451 3542 2550 3613 τὴν
2606 3541 2808 3595 αἰτίαν.
2860 3541 3023 3594 Τουτὶ
3045 3541 3089 3572 ⁸⁷
3121 3539 3232 3612 γὰρ
3278 3541 3343 3594 ἔν
3403 3539 3555 3612 μοι⁸⁸
3580 3539 3670 3607 τῆς

2095 3633 2326 3702 ἀπορίας
2373 3631 2719 3695 διαλύσαντες
2766 3631 3120 3702 σταθήτωσαν
3155 3632 3309 3703 παρά
3336 3633 3428 3685 τὶν
3455 3628 3673 3703 τρίποδα

2092 3724 2182 3777 τὸν
2212 3726 2270 3777 ὲν
2308 3724 2551 3791 Δελφοῖς*
2591 3725 2737 3790 Ἕως
2755 3724 2801 3756 ⁵⁸
2831 3723 3139 3793 ἐχέτωσαν
3177 3725 3352 3793 τιμὰς
3371 3723 3472 3788 τὰς
3495 3722 3669 3784 αὑτὰς

2093 3818 2172 3882 τῷ
2212 3819 2552 3875 Ἀπόλλωνι.
2590 3821 2686 3872 Ὃν
2721 3819 3050 3889 οἱἚλληνες
3096 3817 3205 3872 ἀπὸ
3238 3818 3350 3872 τῶν
3383 3816 3670 3888 Βαρϐάρων

2093 3914 2416 3982 ἀνέστησαν.
2450 3912 2595 3975 Ἕως
2619 3909 2664 3943 ⁶⁰
2690 3912 2755 3965 ἐκ
2785 3909 2880 3964 τοῦ
2913 3910 3041 3974 τοὺς
3067 3909 3396 3981 Βαρϐἀρους
3437 3925 3666 3962 καταπο-

2092 4003 2332 4075 λεμῆσαι
2361 4004 2454 4056 καὶ
2483 4003 2554 4056 τά
2587 4002 2812 4057 ἐκείνων
2833 4002 3041 4056 λαϐεῖν.
3059 4002 3120 4055 '0
3145 4002 3244 4072 μὲν
3258 4001 3302 4033 ⁸⁸
3344 4000 3524 4054 τοίνυν
3561 3997 3669 4058 θεὸς

2095 4093 2246 4148 θείαν
2276 4095 2570 4166 προσεῖπεν
2588 4092 2687 4164 τὴν
2717 4093 3019 4159 Σαλαμῖνα,
3055 4091 3131 4158 ὡς
3165 4092 3223 4145 ὲν
3250 4091 3419 4164 παύτῇ
3463 4087 3669 4161 μελλόν-

2092 4205 2200 4242 των
2232 4187 2408 4259 ἔργων
2443 4185 2662 4239 ἔσεσθαι
2713 4185 3040 4256 κρειττόνων
3065 4185 3099 4255 ἢ
3137 4183 3280 4238 κατά
3330 4184 3511 4238 πάντα
3548 4181 3667 4236 τάν-

2095 4279 2363 4352 θρώπινα·
2396 4278 2623 4334 Πλάτων
2639 4277 2698 4332 δὲ
2737 4278 2825 4331 τὸν
2853 4278 3028 4330 ταῦτα
3061 4276 3534 4346 κατειργασμένον
3581 4272 3672 4326 καὶ

416 4368 472 4413 et
489 4371 556 4413 ex
583 4372 708 4411 arca
734 4356 966 4429 Neptuni
1001 4359 1066 4414 de
1091 4360 1390 4431 principatu
1415 4365 1740 4419 sententiam
1767 4365 1994 4436 ferrent,

2101 4371 2192 4426 τὸν
2239 4371 2543 4442 κομίσαντα
2599 4369 2796 4432 αὐτοὺς
2843 4369 2921 4432 είς
2947 4367 3046 4439 τὴν
3105 4367 3390 4440 Σαλαμῖνα
3437 4365 3670 4436 λυμήνα-

418 4451 670 4521 quamvis
695 4451 749 4504 in
772 4465 834 4506 ea
865 4450 1026 4507 liceat
1064 4451 1301 4534 aliquam
1330 4456 1524 4526 ingrati
1555 4459 1722 4514 animi
1767 4461 1998 4531 turpitu-

416 4543 596 4598 dinem
637 4543 949 4601 Graacorum
1001 4560 1280 4611 accusare,
1337 4563 1628 4616 possumus
1695 4561 1877 4608 tamen
1934 4555 2002 4611 de

417 4643 616 4689 caetero
657 4647 871 4706 gratum
902 4637 1142 4690 animum
1179 4637 1424 4705 laudare,
1462 4655 1526 4695 ac
1565 4657 1662 4712 pro
1691 4642 2000 4700 Themisto-

416 4723 500 4779 cle
528 4726 831 4793 suscipere.
878 4727 1014 4782 Cum
1069 4728 1212 4782 enim
1260 4730 1495 4799 scipsum
1542 4734 1774 4802 quisque
1828 4736 2003 4804 primo

419 4816 692 4882 posuisset
750 4817 891 4882 loco,
959 4819 1258 4873 secundum
1321 4835 1511 4876 omnes
1573 4826 1997 4892 pronuntiarunt

417 4905 856 4962 Themistoclem.
892 4907 1034 4978 Ergo
1063 4910 1127 4963 de
1148 4911 1456 4982 principatu
1501 4918 1792 4984 sententia,
1837 4935 1901 4974 cx
1930 4935 1995 4977 eo

418 5000 559 5069 quod
587 5011 672 5054 est
701 5001 956 5057 omnibus
977 5002 1031 5056 in
1058 5011 1252 5056 natura
1290 5005 1453 5059 situm
1478 5016 1537 5061 ut
1570 5011 1840 5065 neminem
1871 4999 1994 5082 quis

419 5091 589 5158 magis
616 5108 775 5158 quam
805 5106 863 5145 se
915 5091 1124 5162 diligat,
1183 5097 1570 5166 praeveniebat,
1622 5101 1850 5170 ideoque
1894 5119 1991 5160 nec

2097 4463 2221 4518 σθαι
2248 4480 2380 4534 φησι
2403 4465 2515 4526 τοῖς
2545 4462 2840 4534 πράγμασι
2863 4462 2958 4515 καὶ
3005 4461 3116 4514 τῶν
3145 4459 3282 4532 πρὸς
3315 4457 3510 4530 ἡδονὴν
3543 4456 3671 4524 ὑπη-

2098 4555 2401 4628 ρετούντων
2442 4554 2595 4609 οὐδὲν
2623 4553 2878 4624 γενέσθαι
2912 4552 3106 4624 βελτίω
3143 4552 3209 4607 “.
3243 4550 3358 4606 Καὶ
3380 4550 3427 4583 ⁸³
3462 4547 3568 4619 γάρ
3595 4561 3670 4598 τοι

2100 4646 2238 4718 μετὰ
2286 4645 2386 4717 τὴν
2441 4646 2748 4716 ναυμαχίαν
2799 4642 3163 4714 συλλεγέντων
3207 4641 3288 4705 είς
3333 4639 3429 4695 τὸν
3471 4634 3668 4706 Ἰσθμὸν

2105 4741 2363 4794 ἁπάντων
2397 4779 2412 4803 ,
2489 4739 2585 4792 καὶ
2667 4734 2942 4809 φερόντων
3012 4735 3111 4808 τὴν
3181 4733 3362 4804 ψῆφον
3419 4731 3525 4786 ἀπὸ
3579 4725 3666 4782 τοῦ

2103 4827 2293 4898 βωμοῦ
2347 4825 2442 4880 τοῦ
2503 4825 2850 4890 Πωσειδῶνος
2912 4826 3038 4897 περὶ
3097 4823 3204 4878 τῶν
3253 4821 3544 4894 ἀριστείων
3583 4816 3627 4849 ⁸⁸
3651 4855 3666 4880 ν

2101 4919 2264 4993 [1292
2295 4918 2388 4991 R.]
2427 4918 2603 4987 ἔξεστι
2666 4919 2766 4989 μέν
2817 4938 2872 4973 τι
2920 4919 3014 4973 καὶ
3077 4918 3333 4988 ἄγνωμον
3386 4909 3610 4969 ἐνταῦθα
3626 4909 3667 4941 ⁸⁸

2099 5012 2483 5084 κατηγορῆσαι
2497 5011 2620 5082 τῶν,
2637 5011 2926 5081 Ἑλλήνων,
2949 5011 3126 5078 ἔξεστι
3147 5009 3204 5064 δὲ
3222 5009 3268 5046 ⁸⁸
3289 5009 3350 5063 τὸ
3373 5004 3554 5061 λοιπὸν
3574 5001 3666 5071 τῆς

2097 5103 2523 5176 εὐγνωμοσύνης
2575 5105 2863 5158 ἐπαινέσαι
2893 5104 2989 5156 καὶ
3008 5101 3194 5158 λασείν
3225 5101 3366 5172 ὑπὲρ
3411 5097 3665 5166 Θεμιστο-

1705 5241 1935 5297 νΛῐίΙιιΕ
1977 5243 2380 5300 LECTIONES.

490 5319 532 5351 θ’
572 5320 726 5400 τὺ.Λ.
806 5321 855 5400 ξε.
880 5325 931 5400 εί
960 5323 1026 5394 δἸ
1052 5340 1111 5400 _p.
1145 5326 1268 5400 5‘57.
1311 5329 1389 5400 _"°
1429 5327 1610 5400 μόνος]
1647 5345 1696 5398 p.
1733 5332 1857 5388 559.
1913 5337 1953 5368 ⁸¹

413 5461 455 5530 δέ
475 5460 575 5521 ἕως
600 5491 667 5499 -
708 5463 998 5517 Ἀπόλλωνι
1031 5481 1138 5519 οτιι.
1171 5460 1235 5530 Α’,

414 5528 478 5582 de
509 5546 614 5595 quo
660 5533 871 5585 Bastius
907 5552 992 5601 ap.
1029 5528 1428 5606 Bt'eilov.'epp.
1468 5539 1640 5594 Paris.

415 5615 463 5650 li.
497 5598 619 5650 550.
699 5603 740 5631 ⁶¹
776 5603 987 5650 Saltim]
1025 5606 1233 5650 ϐελτίω-
1264 5609 1377 5650 Mm:
1406 5612 1499 5650 στιλν
1530 5613 1640 5650 πόα

415 5615 463 5665 p.
497 5615 619 5650 οθυ.

413 5684 522 5723 om.
549 5669 614 5722 Α.
711 5671 752 5702 ⁸³
776 5669 1151 5729 ίὲνταῦθαοιιι.
1189 5669 1271 5731 Α(
1333 5681 1376 5711 ⁶⁶
1411 5680 1468 5732 δὲ
1501 5669 1613 5736 om:
1646 5682 1710 5735 A.

640 5330 726 5402 .A.
806 5330 856 5404 τυ·
880 5330 933 5404 εί
960 5330 1026 5394 δἸ
1052 5340 1111 5404 _p.
1145 5330 1268 5404 3357:
1311 5330 1389 5404 "‘°
1429 5330 1610 5404 μόνος]
1647 5345 1696 5404 ι).
1733 5332 1857 5388 559.
1913 5337 1953 5368 ⁸¹
1984 5352 2048 5404 γε
2071 5351 2182 5390 om.
2210 5337 2275 5390 A.
2354 5337 2400 5369 δ’
2432 5337 2542 5392 vid.
2568 5335 2786 5391 Knster.
2819 5335 2884 5389 ad
2923 5333 3075 5390 Suid.
3108 5350 3159 5388 v.
3184 5330 3336 5404 1AM

414 5401 537 5478 ante
571 5395 882 5478 eumadd.
908 5395 970 5446 A.
1049 5397 1096 5426 “
1125 5396 1328 5478 65.9.51]
1363 5395 1574 5478 p.;34§‘i..
1596 5395 1609 5400 “
1646 5395 1692 5434 ⁸⁵
1736 5395 2038 5478 μόνονοιὺ.
2068 5407 2134 5458 Α.
2214 5407 2261 5439 ³³
2291 5407 2462 5462 συνίει
2487 5408 2554 5464 Α.
2635 5407 2680 5440 ⁵⁷
2705 5405 2878 5478 τουτὶ]
2905 5422 2957 5476 p.
2977 5404 3116 5478 548.
3179 5395 3443 5478 f‘ﬁ'vilOF]
3466 5395 3581 5478 ἐμοὶ
3601 5395 3660 5446 Α·

1277 5414 1328 5467 v]
1363 5414 1414 5467 p.
1441 5414 1568 5453 om.
1646 5414 1692 5434 ³ο
1736 5414 1897 5471 μόνον
1926 5420 2038 5459 om.
2068 5414 2134 5458 Α.
2214 5414 2261 5439 ’⁵
2291 5414 2462 5462 συνίει
2487 5414 2554 5464 Α.
2635 5414 2680 5440 ⁵⁷
2705 5414 2878 5478 τουτὶ]
2905 5422 2957 5476 p.
2977 5414 3102 5460 548.
3180 5414 3228 5435 ’⁸
3249 5414 3308 5456 ἐν
3332 5414 3442 5471 μοι]
3466 5414 3490 5451 ε

1275 5481 1394 5536 post
1424 5469 1778 5551 διαλύσαντες
1813 5492 1860 5528 v.
1903 5475 1968 5529 l0
2007 5478 2157 5544 ponit
2189 5495 2246 5542 ς.
2284 5479 2390 5542 ἓως
2424 5491 2604 5533 autem
2642 5492 2760 5532 esse
2823 5480 3036 5532 videtur
3067 5473 3196 5529 illud
3225 5473 3334 5544 ῆως
3363 5475 3442 5525 sic

1307 5554 1428 5590 θυι).
1468 5539 1640 5590 Paris.
1725 5545 1768 5573 ⁶⁰
1806 5545 1909 5590 ἕως
1938 5577 2004 5584 -
2035 5547 2217 5590 λαῆεἶυ
2247 5566 2332 5590 nun
2392 5551 2420 5590 Α
2480 5561 2594 5590 nnsl
2631 5548 2893 5590 "Plinys-.-
2925 5563 2971 5590 ιη
3018 5547 3081 5590 IK
3108 5545 3253 5590 nmiil
3289 5559 3344 5590 C.
3414 5540 3464 5586 tu

699 5546 871 5631 2'32":
907 5552 992 5631 fill]-
1025 5545 1640 5631 Elleli'W-‘FPP-‘Paris.
1725 5545 1786 5631 δέ’.
1806 5545 1909 5607 ἕως
1938 5577 2007 5631 ἶ
2035 5547 2217 5599 λαϐεῖν
2247 5566 2353 5601 orn.
2385 5551 2450 5612 Α,
2480 5561 2601 5617 post
2631 5548 2893 5631 :I‘DCAQ‘JE;
2925 5563 2974 5601 v.
3018 5547 3081 5602 15
3108 5545 3257 5613 ponit
3282 5559 3344 5625 ς.

775 5603 987 5687 βελτίω]
1023 5606 1234 5687 βελτίω,
1263 5603 1499 5687 {Sion—sev
1530 5613 1695 5687 πόρον
1744 5603 2074 5687 Ἀριστείδης
2104 5619 2258 5671 καλεῖ
2298 5622 2360 5672 Α.

3337 5333 3437 5389 ῖος.
3509 5326 3555 5360 ⁵⁸
3578 5321 3666 5377 καὶ

3522 5481 3657 5535 γουν2

3551 5531 3661 5605 μέν]

2995 5619 3039 5651 θδ
3069 5605 3194 5687 περὶ
3242 5605 3348 5667 τῶν
3391 5605 3662 5681 ἀριστείων

3414 5540 3464 5586 Διι

2463 5621 2504 5652 ⁵³
2541 5617 2654 5689 καὶ]
2684 5634 2733 5688 p.
2771 5617 2893 5675 538.
