4012 6236
385 287 520 361 1553

1414 284 1938 347 BIBLIOTIIECA.
1978 310 2047 320 -
2085 282 2247 344 COD.
2285 283 2645 347 CCXLVIII.

3524 278 3666 347 1554

383 403 594 466 κλέους.
621 400 894 466 Ἕκαστος
929 402 1040 473 γὰρ
1084 398 1274 454 ἐαυτὸν
1306 398 1526 468 πρῶτον
1559 398 1764 469 φέρων,
1792 394 1972 449 δεύτε-

2081 402 2417 452 momentum
2446 393 2685 449 habebat
2705 391 2901 458 ullum,
2927 405 3028 447 nec
3060 398 3178 447 erat
3203 389 3360 447 venia
3396 390 3612 461 indigna
3658 403 3671 433 =

384 497 493 565 ρον’
527 491 919 559 συνεξέπιπτον
974 494 1215 555 ἅπαντες
1264 490 1523 563 φέροντες
1576 487 1972 560 Θεμιστοκλέα.

393 584 457 639 'll
485 585 586 657 μὲν
611 584 706 640 οὖν
746 584 842 638 τοῦ
887 586 1158 657 πρωτείου
1212 583 1414 655 ψῆφος,
1476 576 1653 653 οἶμαι,
1682 581 1779 635 τοῦ
1824 582 1969 636 πᾶσι

381 674 547 745 φύσει
598 674 1009 747 συμϐεϐηκότος
1054 671 1364 745 ἀνθρώποις
1415 668 1523 742 ἦν’
1554 670 1713 724 τοῦτο
1768 670 1827 724 δέ
1857 670 1976 724 ἐστι

387 768 591 840 μηδένα
638 767 833 823 ἑαυτοῦ
889 768 1090 838 μᾶλλον
1151 767 1353 836 φιλεῖνο
1402 763 1545 817 ὥστε
1579 762 1703 817 οὔτε
1755 763 1977 833 ἰσχυρὸν

383 855 532 930 εἶχεν
582 856 709 930 [699
745 857 841 931 Η.]
893 858 1047 911 οὐδὲν
1082 856 1206 911 οὔτε
1255 854 1591 927 συγγνώμης
1635 854 1973 925 ἀπήλλακτο.

394 950 706 1021 Ἥδέύπέρ
750 949 860 1004 τῶν
904 949 1176 1021 δευτέρων
1224 947 1413 1019 σαφῶς
1462 947 1563 1019 ἤδη
1608 945 1881 1017 σύμϐολον
1907 941 1977 1017 ἦν

381 1043 484 1112 τῆς
505 1040 786 1113 ἀληθείας,
816 1040 909 1096 καὶ
933 1040 1017 1094 ὅτι
1047 1040 1150 1093 οὐκ
1177 1033 1324 1109 εἶχον
1348 1037 1552 1109 έτέρως
1576 1036 1790 1091 θέσθαι.
1812 1037 1975 1090 Ὥστε

385 1138 435 1188 εί
466 1133 801 1206 προσείρητο
829 1132 889 1200 ἐξ
922 1132 1104 1204 ἀρχῆς
1165 1130 1372 1202 μηδένα
1404 1129 1597 1185 ἐαυτὸν
1634 1128 1823 1201 φέρειν
1858 1128 1975 1183 ἀλλ’

385 1227 595 1299 ἕτερον,
658 1224 1033 1297 Θεμιστοκλέα
1087 1224 1292 1287 πάντες
1321 1223 1492 1277 οίσειν
1539 1221 1786 1293 ἔμελλον,
1819 1222 1879 1275 ὄν
1911 1237 1976 1290 γε

386 1321 481 1374 καὶ
530 1318 733 1383 παντὸς
760 1319 924 1373 ἄλλου
946 1318 988 1350 ⁸³
1020 1314 1236 1381 πᾶςτις
1263 1316 1594 1387 προῦκρινεν
1644 1313 1847 1381 αὐτῶν,
1883 1315 1978 1368 καὶ

384 1411 585 1481 ὁμοίως
610 1411 676 1466 ἂν
693 1410 739 1443 ⁸⁸
786 1409 1003 1482 πρῶτος
1059 1410 1308 1479 ἐγίγνετο
1330 1408 1521 1481 ὥσπερ
1550 1408 1674 1461 τότε
1701 1406 1972 1478 δεύτερος.

387 1505 547 1560 οὕτω
569 1505 666 1560 καὶ
687 1503 784 1558 νῦν
801 1503 1055 1575 δεύτερον
1085 1498 1228 1556 εἶναι
1246 1501 1618 1574 ψηφισάμενοι
1647 1496 1979 1572 προσόμοιον

386 1599 623 1662 ἐποίουν,
693 1597 882 1667 ὥσπερ
908 1595 976 1649 ἂν
1004 1595 1055 1648 εί
1099 1593 1315 1665 πρῶτον
1362 1591 1721 1664 ἐψηφίσαντο.
1764 1593 1838 1644 Οὐ
1871 1589 1978 1662 μὴν

385 1688 497 1741 οὐδ’
553 1687 728 1749 οὕτως
757 1686 981 1740 ἔλαττον
1035 1686 1176 1758 έχων
1197 1684 1461 1756 ἀπῆλθεν,
1492 1683 1611 1739 ἀλλ’
1641 1683 1978 1754 ἀμφοτέροις

2085 504 2271 545 verum
2306 502 2469 559 quam
2501 487 2569 543 de
2594 486 2855 543 secundis
2883 485 3132 540 ferebant
3173 485 3456 554 partibus,!
3482 500 3545 541 ea
3579 501 3672 543 ve-

2084 580 2265 637 ritatis
2320 590 2441 636 erat
2481 579 2693 635 illustre
2743 578 3150 642 testimonium,
3210 592 3311 635 nec
3368 592 3466 634 eos
3516 578 3676 636 aliter

2084 687 2308 729 censere
2334 687 2490 741 posse
2515 671 2861 728 ostendebat.
2900 669 3245 742 Quapropter
3288 670 3332 726 si
3358 671 3673 742 praedictum

2086 764 2277 822 fuisset
2307 765 2483 831 initio,
2518 779 2585 819 ne
2617 763 2740 832 quis
2764 763 2868 819 sibi
2900 763 3135 835 palmam
3170 762 3452 831 tribueret,
3484 777 3675 818 omnes

2084 863 2242 911 erant
2273 854 2702 911 Themistoclem
2760 853 3187 923 pronuntiaturi,
3246 867 3409 923 quem
3455 852 3672 921 quidem

2083 946 2338 1002 omnibus
2385 945 2508 1002 aliis
2554 944 2915 1017 praeferebant
2955 945 3195 1016 singuli:
3229 958 3330 1001 nec
3374 944 3530 1000 aliter
3558 944 3673 1014 pri-

2085 1054 2227 1107 mus,
2256 1054 2319 1095 ac
2346 1048 2457 1095 tum
2502 1040 2771 1096 secundus
2818 1039 3032 1095 fuisset.
3094 1036 3361 1094 Similiter
3407 1043 3462 1092 et
3506 1050 3670 1100 nunc,

2083 1141 2373 1203 postquam
2441 1146 2565 1186 eum
2616 1131 2857 1187 secundo
2914 1136 3213 1200 posuerunt
3260 1129 3401 1197 loco,
3450 1129 3672 1198 perinde

2084 1222 2352 1289 fecerunt,
2393 1236 2457 1279 ac
2488 1223 2531 1278 si
2573 1222 2753 1292 primo
2785 1222 3116 1293 posuissent.
3187 1219 3571 1277 Verumtamen
3605 1234 3673 1274 ne

2084 1316 2166 1372 sic
2200 1316 2418 1387 quidem
2474 1315 2761 1372 inferiores
2831 1315 2954 1371 tulit
3010 1315 3209 1386 potius,
3263 1328 3423 1386 quam
3475 1312 3671 1388 5306

2086 1419 2317 1480 utroque
2345 1408 2498 1466 vicit.
2532 1408 2670 1464 Nam
2696 1408 2869 1479 prima
2901 1406 3118 1478 quidem
3142 1417 3261 1462 erat
3286 1421 3317 1461 a
3338 1405 3590 1469 veritate,
3617 1414 3674 1459 et

2084 1518 2113 1558 a
2154 1502 2332 1571 seipso
2356 1510 2710 1569 consecutus,
2748 1499 3185 1571 quandoquidem
3211 1499 3352 1555 idem
3387 1496 3530 1569 quod
3554 1496 3669 1561 alii,

2084 1594 2232 1652 solus
2256 1595 2399 1667 juste
2425 1595 2672 1663 fecerat;
2712 1581 2952 1651 secunda
2980 1609 3111 1651 vero
3151 1592 3265 1663 jam
3309 1592 3357 1649 ei
3405 1603 3667 1647 concessa

2087 1689 2300 1744 fuerant
2341 1688 2421 1745 sic
2448 1698 2505 1743 ut
2538 1690 2684 1744 omni
2717 1689 2928 1745 ratione
2962 1689 3169 1759 primus
3199 1700 3363 1747 esset.
3423 1692 3490 1748 Et
3537 1707 3669 1763 quo-

389 1778 627 1848 ἐνίκησε.
662 1778 746 1831 Τὰ
774 1778 872 1848 μὲν
892 1777 1001 1848 γὰρ
1032 1776 1228 1847 πρῶτα
1274 1776 1367 1829 καὶ
1400 1774 1556 1845 παρὰ
1584 1776 1687 1846 τῆς
1713 1772 1972 1846 ἀληθείας

2082 1778 2225 1833 niam
2272 1778 2602 1848 posteriores
2632 1793 2849 1847 quoque
2871 1778 3054 1834 clades
3082 1779 3200 1851 ejus
3231 1796 3514 1838 recensere
3546 1796 3674 1853 pos-

386 1872 482 1924 καὶ
505 1872 635 1941 παρ’
659 1868 826 1925 αὑτοῦ
854 1869 1036 1923 λαϐὼν
1078 1866 1191 1940 εἷχε
1218 1868 1301 1939 (τὸ
1330 1869 1439 1939 γὰρ
1473 1868 1608 1922 αὐτὸ
1653 1870 1767 1932 τοῖς
1795 1867 1976 1932 ἄλλοις

388 1964 610 2034 ἐποίησε
675 1963 835 2034 μόνος
879 1962 990 2017 τῶν
1048 1962 1227 2018 ἄλλων
1270 1961 1530 2031 δικαίως)
1566 2002 1581 2027 ,
1626 1960 1698 2015 τὰ
1738 1960 1797 2014 δὲ
1855 1959 1977 2014 δεύ-

387 2072 520 2125 τερα
551 2054 654 2126 ἤδη
688 2053 1101 2126 συνεκεχώρητο
1117 2056 1184 2121 ⁸⁸⁸,
1208 2054 1349 2108 ὥστε
1376 2054 1434 2121 ἐξ
1466 2054 1723 2109 ἁπάντων
1758 2054 1976 2126 πρῶτος

384 2142 474 2218 ἦν.
511 2148 691 2218 Ἐχων
715 2148 763 2180 ⁷⁸
786 2147 841 2200 δὲ
863 2144 1046 2217 λέγειν
1087 2147 1261 2201 πολλὰ
1289 2147 1385 2200 κα)⁸
1428 2146 1558 2218 περὶ
1609 2147 1718 2199 τῶν
1748 2143 1976 2215 ὕστερον

383 2238 548 2293 αὑτοῦ
606 2238 924 2309 συμφορῶν,
976 2238 1071 2292 καὶ
1111 2239 1261 2300 ὅπως
1302 2237 1368 2291 ἂν
1428 2238 1576 2291 ἆπαν
1626 2236 1690 2289 τὸ
1734 2238 1972 2310 πρᾶγμα

385 2327 813 2397 συνεσκευάσθη,
839 2329 934 2381 καὶ
964 2326 1147 2381 ὁποῖόν
1175 2344 1299 2380 τινα
1332 2328 1435 2381 κάν
1461 2325 1671 2388 τούτοις
1700 2324 1975 2394 παρέσχεν

382 2419 602 2486 ἑαυτὸν,
661 2419 964 2492 ἐϐουλόμην
1002 2418 1070 2474 ἂν
1114 2420 1175 2473 ἐν
1220 2418 1397 2490 τούτῳ
1451 2418 1643 2490 χρείας
1690 2412 1833 2473 εἶναι
1881 2418 1974 2471 τὸν

383 2514 537 2582 λόγον
573 2512 837 2568 ὥστε-καὶ
860 2514 1005 2585 Ιπερὶ
1032 2511 1238 2567 τούτων
1258 2512 1504 2581 ἐπείγειν
1533 2508 1674 2565 εἶναι
1707 2510 1937 2565 διελθεῖν
1956 2525 1971 2540 ’

382 2602 538 2672 οἶμαι
584 2605 693 2675 γάρ
732 2604 913 2658 οὐδὲτί
947 2605 1257 2675 φαυλότερα
1275 2604 1320 2636 ⁷³
1359 2604 1468 2658 οὐδ’
1499 2604 1708 2657 ἐλάττω
1763 2601 1871 2656 τῶν
1899 2603 1975 2654 εί-

384 2697 638 2767 ρημένων
667 2696 769 2767 ἤδη
794 2697 968 2749 εἰπεῖν
1005 2694 1073 2749 ἂν
1103 2697 1233 2764 περὶ
1288 2694 1473 2751 αὐτοῦ.
1518 2695 1672 2749 Ἐπεὶ
1692 2696 1748 2749 δὲ
1775 2697 1892 2765 ἅμα
1913 2710 1973 2747 τε

382 2792 488 2857 ἔξω
500 2791 600 2861 τῆς
623 2790 934 2855 ύποθέσεώς
963 2792 1081 2843 ἐστι
1112 2791 1206 2843 καὶ¹
1241 2790 1418 2860 μῆκος
1445 2790 1831 2860 ἐπεισέρχεται
1854 2791 1972 2852 τοῖς

381 2880 583 2947 λόγοις,
613 2879 940 2951 παραλείψω
970 2877 1167 2945 ταῦτα,
1192 2877 1446 2932 τοσοῦτον
1494 2879 1972 2950 ἐπιφθεγξάμενος

380 2974 474 3026 καὶ
509 2972 638 3044 περὶ
659 2970 849 3025 τούτου
883 2970 979 3025 τοῦ
1010 2972 1233 3043 μέρους,
1261 2970 1345 3024 ὅτι
1369 2970 1558 3042 ἐπειδὴ
1578 2970 1624 3003 ⁷⁸
1657 2969 1766 3024 ἔδει
1799 2988 1969 3042 στρα-

375 3064 555 3120 τεύειν
601 3064 695 3118 ἐπὶ
746 3063 845 3136 τὴν
885 3063 1134 3130 Ἑλλάδα,
1172 3062 1469 3134 προῦκρινε
1509 3062 1791 3135 τελευτᾷν,
1826 3062 1973 3134 ἔργῳ

380 3161 478 3233 μὲν
510 3158 680 3221 λύσας
729 3158 909 3209 πᾶσαν
949 3156 1155 3221 αἰτίαν,
1205 3154 1385 3222 δείξας
1413 3155 1471 3209 δὲ
1502 3156 1704 3211 ὁπόσου
1740 3157 1971 3227 τιμᾶται

356 3252 473 3316 τὰς
521 3251 787 3324 πρότερον
821 3250 1050 3322 πράξεις
1096 3250 1191 3303 καὶ
1236 3249 1307 3303 τὰ
1330 3249 1730 3320 πολιτεύματα,
1762 3248 1856 3302 καὶ
1884 3249 1970 3302 ὅτι

377 3342 633 3396 οὐδέποτε
665 3342 810 3397 ἑκὼν
849 3338 993 3397 εἶναι
1021 3340 1116 3394 τοῦ
1147 3339 1313 3395 καλοῦ
1337 3339 1434 3395 καὶ
1456 3341 1549 3393 τοῦ
1581 3341 1967 3411 προσήκοντος

380 3434 529 3493 οὐδὲν
558 3435 822 3507 πρότερον
875 3435 1187 3504 ποιήσεται,
1221 3434 1282 3487 οὐ
1312 3431 1546 3486 πλοῦτον
1567 3433 1635 3496 7‘,
1655 3433 1717 3486 οὐ
1752 3432 1968 3499 παῖδας,

376 3525 477 3579 οὐκ
504 3524 743 3592 ἐλπίδας,
761 3525 821 3578 ού
835 3524 933 3597 τὴν
951 3523 1226 3594 σωτηρίαν
1249 3524 1440 3595 αὐτήν.
1460 3522 1602 3591 Ἐγὼ
1616 3523 1659 3555 ⁷⁵
1691 3522 1791 3592 μὲν
1819 3520 1971 3592 οἶμαι

378 3617 471 3669 καὶ
529 3615 709 3687 ἱερέας
741 3617 835 3672 καὶ
886 3614 1115 3686 ἱερείας,
1140 3615 1237 3670 καὶ
1280 3614 1428 3676 ὅστις
1475 3613 1633 3677 ἄλλος
1682 3614 1972 3686 Ἀθήνῃσιν

376 3709 597 3777 εὔχεται
614 3707 872 3780 δημοσίᾳ,
890 3706 1117 3777 τοῦτ’,ἂν
1146 3707 1371 3770 εἰκότως
1397 3704 1522 3759 καθ’
1547 3706 1777 3761 ἕκαστον
1796 3705 1913 3769 ἔτος
1926 3706 1971 3737 ⁷⁸

377 3800 513 3871 πρὸς
558 3801 729 3855 ἆπασι
757 3802 869 3864 τοῖς
921 3799 1100 3862 ἄλλοις
1149 3799 1575 3869 προσεύχεσθαι,
1632 3798 1772 3851 κατά
1830 3795 1962 3865 γοῦν

374 3891 617 3956 ἐκείνους
668 3891 796 3955 τοὺς
850 3892 1099 3963 χρόνους,
1144 3891 1241 3946 καὶ
1284 3889 1390 3955 ἕως
1434 3889 1580 3961 ἐξῆν,
1633 3888 1797 3959 φῦναί
1853 3906 1972 3943 τινα

374 3984 560 4047 αὐτοῖς
582 3982 751 4056 ἄνδρα
775 3984 962 4055 ὅμοιον
984 3982 1362 4053 Θεμιστοκλεῖ,
1394 3982 1490 4036 καὶ
1521 3980 1661 4052 μετὰ
1682 3981 1781 4052 τῆς
1803 3980 1972 4053 ἄλλης

375 4078 472 4130 καὶ
503 4076 649 4130 τοῦτ’
667 4079 912 4145 ἐνεγκεῖν
936 4076 1035 4148 τὴν
1064 4076 1169 4147 γῆν
1205 4074 1465 4145 τάγαθόν.
1502 4072 1712 4128 Οὔκουν
1730 4073 1776 4105 ⁷⁷
1807 4074 1970 4126 ἐλάτ-

374 4185 451 4220 τω
476 4168 529 4236 γ’
558 4166 624 4220 ἂν
648 4166 875 4221 ὄνασθαι
921 4183 1013 4236 μοι
1036 4165 1340 4236 δοκοῦσινῆ
1373 4165 1423 4219 εἰ
1450 4164 1631 4219 πάντα
1658 4164 1743 4227 εἰς
1776 4163 1971 4217 ἑκατὸν

375 4260 467 4319 καὶ
494 4259 575 4313 ἔτι
601 4259 773 4313 πλείω
789 4259 891 4330 τῆς
918 4260 1104 4331 χώρας
1127 4259 1301 4330 αὐτῆς
1323 4257 1721 4329 ὲξενεγκούσης
1739 4258 1804 4311 ⁷⁸.
1842 4258 1973 4311 Ἀλ-

374 4352 480 4414 λως
504 4351 603 4421 μὲν
634 4350 816 4405 τοίνυν
862 4351 1180 4423 ᾐσχυνόμην
1208 4349 1387 4418 ἐγωγε
1426 4350 1521 4402 ἐπὶ
1553 4347 1829 4411 τοσούτοις
1874 4347 1972 4402 καὶ

2078 1884 2214 1935 sem,
2242 1885 2305 1925 ac
2330 1870 2601 1940 quomodo
2627 1876 2799 1923 totum
2831 1869 3106 1940 negotium
3144 1871 3307 1927 fuerit
3332 1872 3668 1937 confectum,

2077 1962 2402 2036 qualemque
2435 1962 2488 2016 in
2514 1962 2600 2017 his
2634 1962 2738 2018 iste
2772 1977 2831 2016 se
2865 1962 3176 2032 praebuerit,
3203 1963 3481 2021 declarare
3515 1982 3531 2022 :
3560 1964 3673 2021 vel-

2078 2060 2179 2115 lem
2208 2060 2461 2129 equidem
2500 2073 2621 2112 eam
2648 2059 2805 2113 nobis
2836 2056 2905 2112 ab
2936 2058 3186 2113 oratione
3209 2056 3388 2113 all’erri
3424 2058 3669 2114 necessi-

2076 2160 2265 2225 tatem,
2292 2159 2351 2206 ut
2374 2151 2537 2206 etiam
2566 2149 2632 2204 de
2663 2149 2747 2205 his
2775 2157 2922 2204 esset
2954 2148 3264 2204 dicendum.
3306 2148 3440 2203 Nam
3480 2163 3543 2205 ea
3572 2162 3672 2204 nec

2077 2243 2301 2307 leviora,
2334 2243 2389 2296 ni
2421 2240 2601 2308 fallor,
2628 2241 2713 2296 vel
2743 2241 2952 2294 minora
2977 2239 3157 2316 forent
3186 2240 3251 2294 iis
3280 2256 3403 2310 quae
3421 2239 3535 2311 jam
3573 2253 3659 2294 ro-

2085 2332 2192 2387 lata
2224 2339 2373 2387 sunt.
2437 2328 2639 2386 Verum
2686 2330 2942 2400 quoniam
2972 2338 3028 2385 et
3060 2338 3437 2402 argumentum
3499 2343 3664 2398 supe-

2078 2434 2220 2492 runt,
2250 2435 2304 2480 et
2344 2424 2567 2479 nimium
2599 2423 2804 2479 crescit
2830 2423 3029 2490 oratio,
3070 2423 3319 2477 omittam
3354 2437 3442 2486 ea,
3479 2430 3535 2477 et
3564 2423 3668 2477 hoc

2078 2527 2283 2572 tantum
2317 2519 2417 2572 hac
2439 2518 2604 2572 etiam
2628 2517 2694 2572 de
2725 2530 2785 2571 re
2817 2517 3034 2581 addam,
3069 2530 3191 2571 eum
3216 2523 3505 2584 postquam
3532 2529 3667 2570 con-

2075 2620 2158 2663 tra
2183 2608 2449 2663 Graeciam
2486 2607 2590 2663 fuit
2620 2606 2986 2674 militandum,
3032 2608 3167 2661 mori
3219 2607 3499 2674 maluisse,
3558 2620 3663 2678 qua

2075 2700 2292 2768 quidem
2345 2713 2405 2754 re
2438 2713 2559 2754 cum
2594 2700 2800 2755 crimen
2839 2713 2999 2754 omne
3035 2697 3302 2766 dissolvit,
3340 2707 3453 2753 tum
3485 2706 3669 2753 osten-

2076 2791 2156 2844 dit
2185 2788 2474 2845 manifeste
2534 2789 2725 2859 quanti
2778 2790 2991 2859 priores
3029 2796 3209 2859 gestas
3258 2802 3346 2843 res
3379 2796 3437 2843 et
3486 2787 3665 2858 reipu-

2076 2873 2230 2940 blicae
2289 2882 2817 2938 administrationem
2874 2880 3099 2947 faceret,
3154 2895 3258 2936 nec
3313 2894 3553 2951 unquam
3609 2892 3671 2934 se

2075 2975 2335 3031 scientem
2382 2974 2677 3045 quidquam
2706 2973 2911 3029 virtute
2942 2980 2995 3029 et
3046 2970 3223 3027 oﬂicio
3262 2972 3414 3042 prius
3455 2968 3670 3025 habitu-

2080 3084 2224 3133 rum,
2258 3083 2365 3122 non
2415 3066 2660 3132 divitias,
2719 3080 2827 3122 non
2881 3066 3107 3132 liberos,
3167 3078 3272 3119 non
3325 3078 3500 3134 spem,
3558 3077 3666 3117 non

2078 3164 2248 3232 ipsam
2290 3161 2545 3217 salutem.
2580 3160 2761 3228 Atque
2795 3157 3048 3215 existimo
3088 3157 3341 3227 equidem
3391 3164 3449 3211 et
3489 3169 3670 3212 sacer-

2073 3258 2248 3322 dotes,
2309 3266 2366 3310 et
2418 3254 2664 3325 quisquis
2700 3252 2840 3308 alius
2888 3250 3118 3307 Athenis
3168 3263 3359 3321 preces
3408 3247 3666 3312 faciebat.

2075 3348 2273 3403 merito
2307 3355 2418 3401 tum
2473 3345 2698 3415 quidem
2734 3342 2948 3414 publice
2991 3342 3288 3413 quotannis
3340 3339 3446 3398 hoc
3497 3338 3670 3395 fuisse

2076 3440 2217 3495 inter
2254 3438 2357 3493 alia
2394 3447 2669 3505 oraturos,
2702 3444 2763 3491 ut
2811 3434 3010 3506 aliquis
3067 3434 3212 3504 apud
3253 3432 3403 3503 ipsos
3447 3429 3670 3486 Themi-

2073 3528 2232 3585 stocli
2297 3527 2491 3584 similis
2521 3538 2859 3593 nasceretur,
2892 3535 2947 3581 et
2990 3524 3133 3580 inter
3155 3533 3410 3579 ueterum
3438 3537 3669 3593 proven-

2078 3633 2191 3678 tum
2224 3622 2327 3677 hoc
2364 3623 2527 3677 etiam
2558 3621 2756 3676 bonum
2792 3626 2937 3673 terra
2973 3617 3343 3687 produceret..
3383 3612 3496 3671 Nec
3521 3614 3667 3672 enim

2075 3710 2343 3767 minorem
2376 3709 2633 3765 videntur
2675 3707 2809 3763 mihi
2841 3706 3079 3762 fructum
3128 3705 3296 3762 fuisse
3335 3705 3664 3777 percepturi,

2077 3817 2237 3872 quam
2267 3802 2312 3857 si
2339 3801 2523 3856 omnia
2545 3815 2671 3855 cum
2717 3800 3045 3865 centesimo,
3094 3797 3181 3853 vel
3244 3798 3409 3853 etiam
3461 3797 3666 3870 majore

2075 3893 2262 3949 fenore
2319 3891 2468 3962 regio
2513 3889 2850 3961 protulisset.
2882 3890 2963 3945 Ac
2990 3891 3221 3960 puderet
3250 3906 3335 3945 me
3376 3903 3665 3959 propemo-

2075 3989 2223 4052 dum,
2263 4000 2387 4043 cum
2438 3993 2518 4039 tot
2544 3998 2609 4040 ac
2642 3984 2767 4040 talia
2815 3984 3067 4049 dixerim,
3101 3993 3265 4039 testes
3314 3984 3535 4052 insuper
3567 3980 3667 4038 ad-

2074 4075 2287 4142 hibere,
2329 4073 2436 4130 nisi
2470 4073 2633 4129 unius
2662 4082 2808 4130 esset
2854 4074 3075 4145 aliquod
3112 4083 3451 4131 momentum
3508 4072 3664 4129 testi-

2075 4165 2266 4231 monii,
2301 4165 2442 4233 qttod
2487 4164 3127 4235 proferentlttmlcenseo.
3190 4165 3483 4222 Videamus
3532 4179 3664 4233 ergo

2073 4258 2201 4327 quid
2248 4256 2542 4313 Eschines
2606 4257 2851 4312 Socratis
2907 4258 3132 4321 sodalis,
3193 4257 3437 4314 Platonis
3482 4266 3662 4312 autem

2073 4349 2502 4417 condiscipulus,
2529 4348 2728 4405 dixerit
2760 4367 2774 4405 :
2809 4349 3073 4415 Quoniam
3110 4351 3273 4420 igitur
3300 4348 3663 4404 Themistoclis

374 4442 641 4506 τοιούτοις
692 4443 804 4506 τοῖς
838 4442 1149 4514 εἰρημένοις
1217 4441 1460 4512 μάρτυσι
1516 4438 1965 4510 προσχρώμενος.

2079 4455 2237 4493 ausus
2266 4456 2319 4493 es
2349 4440 2508 4493 vitam
2532 4454 2765 4509 carpere,
2795 4440 2908 4495 vide
2929 4441 3139 4511 qualem
3172 4441 3441 4496 adoriaris
3468 4442 3657 4496 virum.

379 4536 537 4589 Ἔστι
563 4535 619 4590 δέ
649 4553 704 4589 τι
731 4533 1006 4607 προύργου
1035 4536 1164 4607 μιᾶς
1206 4534 1537 4608 μαρτυρίας,
1566 4532 1636 4603 ἢν
1657 4532 1739 4587 δεῖ
1755 4538 1962 4602 ’παρασ-

378 4629 620 4701 σχέσθαι.
691 4627 1029 4699 Σκεψώμεθα
1084 4627 1210 4698 δὴ⁷⁹
1271 4628 1401 4681 ποῖα
1450 4625 1588 4679 ἄττα
1636 4623 1788 4692 λέγει
1833 4623 1964 4693 περὶ

2074 4530 2265 4600 Itaque
2302 4531 2475 4602 cogita
2515 4532 2654 4586 unde
2692 4532 2770 4586 sol
2800 4534 3029 4599 oriatur,
3078 4541 3237 4603 atque
3291 4532 3379 4587 ubi
3432 4533 3659 4588 occidat.

2076 4620 2201 4677 Non
2252 4631 2351 4686 est,
2384 4624 2577 4694 inquit,
2636 4624 2734 4680 hoc
2762 4624 2994 4694 difficile,
3026 4623 3303 4688 Socrates.
3332 4639 3661 4694 cognoscere.

377 4721 812 4791 Ηεμιστοκλέους
837 4722 970 4793 ἡμῖν
1018 4719 1351 4791 Αἰσχίνης.⁸⁰
1398 4721 1427 4772 ὁ
1468 4716 1794 4788 Σωκράτους
1858 4715 1958 4786 μὲν
1998 4715 2236 4785 ἑταῖρος,
2266 4715 2553 4778 Πλάτωνος
2607 4716 2666 4769 δὲ
2692 4719 3092 4789 συμφοιτητής.
3132 4717 3375 4786 Ἐπειδὴ
3455 4715 3664 4773 τοίνυν

380 4816 488 4872 τοῦ
507 4816 982 4887 Θεμιστοκλέους
1002 4816 1149 4881 βίου
1175 4813 1689 4885 ἐπιλαμϐάνεσθαι
1709 4813 2075 4882 ἐτόλμησας,
2098 4813 2327 4881 σκέψαι
2354 4813 2458 4879 οἵῳ
2513 4812 2689 4881 ἀνδρὶ
2753 4812 3033 4883 ἐπιτιμᾷν
3070 4813 3344 4883 ἠξίωσας
3392 4830 3405 4843 ·

3486 4812 3659 4865 ἐνθυη

376 4910 593 4978 μήθητι
619 4908 731 4978 τὰρ
758 4909 801 4942 ⁸⁸
829 4912 1049 4964 ὁπόθεν
1068 4912 1103 4964 ὀ
1134 4909 1309 4979 ἣλιος
1344 4908 1586 4976 ἀνίσχει
1642 4908 1740 4963 καὶ
1776 4907 1929 4961 ὅπου
1967 4904 2171 4960 δύεται
2186 4907 2254 4962 θ’.
2294 4906 2666 4972 Ἀλλόὺδὲὴ
2691 4907 2829 4977 ἔφη,
2852 4909 3203 4977 χαλεπὸν-⁸³,
3252 4904 3300 4964 ὦ
3334 4906 3659 4976 Σώκρατες,

379 5002 451 5056 τὰ
481 5000 727 5056 τοιαῦτα
761 4999 1004 5055 ειδέναι.

448 5147 559 5203 Καὶ
586 5146 727 5220 μετὰ
757 5144 928 5201 πολλὰ
942 5144 1079 5202 ἄλλα
1099 5126 1354 5219 ἐγκώμια
1403 5147 1604 5217 ἐπάγει
1630 5149 1724 5204 καὶ
1752 5148 1943 5202 ταῦτα·

2131 5145 2422 5214 Postquam
2455 5141 2921 5212 plurimaslaudes
2963 5144 3102 5201 hanc
3119 5160 3333 5216 quoque
3373 5142 3656 5216 adjungit:

1657 5369 1887 5425 VARIIE
1916 5367 2328 5426 LECTIONES.

522 5531 680 5585 ἄλλου
710 5546 817 5584 om.
854 5533 915 5584 Α.
994 5532 1037 5562 ⁸⁸
1304 5529 1422 5603 τότε

378 5600 486 5663 οὔδ’
517 5617 626 5654 om.
671 5603 735 5655 Α.

383 5750 517 5801 meo
541 5742 722 5796 δύεται
747 5760 853 5798 om.
885 5746 947 5797 A.
1027 5741 1071 5771 ⁸⁸
1100 5742 1334 5810 χαλεπὸν
1364 5756 1482 5796 om.
1517 5746 1576 5795 Α.

1619 5532 1660 5563 ⁶⁹
1707 5528 2135 5600 συνεχώρητος.

812 5602 857 5634 ⁷³
897 5602 1020 5653 ἐπεὶ
1050 5600 1112 5653 Α.
1140 5599 1155 5603 ⁷
1192 5601 1236 5631 ⁷⁵
1266 5600 1324 5651 ού
1363 5600 1591 5654 πλοῦτον
1619 5619 1728 5655 om.
1764 5603 1826 5656 A.
1859 5599 1865 5600 ί
1906 5601 1953 5631 ⁷⁸
1977 5599 2073 5667 νὲγά

381 5600 486 5663 οὔδ’
517 5617 626 5654 om.
671 5603 735 5655 Α.
812 5602 857 5634 ⁷³
897 5602 1020 5653 ἐπεὶ
1050 5600 1112 5653 Α.
1140 5600 1154 5603 ⁷
1192 5601 1236 5631 ⁷⁵
1266 5600 1324 5651 ού
1363 5600 1591 5654 πλοῦτον
1619 5619 1728 5655 om.
1764 5603 1826 5656 A.
1906 5601 1953 5631 ⁷⁸
1983 5600 2116 5671 ἐγὼ]
2153 5617 2202 5669 p.
2229 5600 2354 5655 562.

381 5675 532 5738 ponit
562 5674 627 5726 A.
703 5672 749 5704 "
777 5671 991 5724 οῠκουν.
1065 5672 1112 5702 ⁷⁸
1144 5670 1537 5741 ἐξενεγκούσης
1576 5687 1683 5729 οιιι.
1719 5672 1779 5725 Λ.
1860 5672 1902 5703 τ’
1942 5669 2007 5740 δὴ
2035 5671 2077 5725 A
2117 5688 2129 5724 :
2161 5672 2215 5724 δὲ
2250 5687 2307 5734 ς.

2242 5529 2498 5631 Ξέωὲχωνῑ]θ
2549 5531 2784 5631 υηυξδι.
2863 5530 2905 5561 '”
2940 5530 3091 5631 Ξῦδὲν
3134 5531 3198 5585 Α.
3280 5529 3323 5562 τ’
3355 5528 3657 5631 φαυλότερα

2532 5618 2599 5631 υ...
2679 5604 2689 5617 '
2714 5617 2912 5631 ..ηρ-λυ
2971 5617 3059 5631 σου
3102 5609 3215 5631 ,νισι
3255 5599 3562 5631 unam-3......
3602 5619 3650 5631 -.

2454 5600 2498 5633 ⁷⁸
2532 5600 2651 5655 καθ’
2679 5602 2912 5656 ἕκαστον
2942 5600 3059 5663 ἔτος
3101 5609 3220 5670 post
3254 5600 3653 5671 προσεύχεσθαι

2389 5673 2430 5705 ⁸ο
2450 5673 2709 5743 Αἰσχίνης
2741 5687 2851 5729 om.
2880 5673 2947 5725 A.
3025 5672 3067 5703 ⁸¹
3101 5670 3230 5744 γὰρ]
3260 5670 3324 5743 δή
3355 5672 3419 5725 Β.
3468 5670 3533 5701 ί⁸³
3565 5673 3649 5730 καί
