4012 6236
442 175 576 242 155⁸1

1461 176 1963 239 ΒΙΒΕΙΕΥΓΗΕΟΑ
1976 226 1988 239 .
2002 204 2069 215 -
2086 175 2253 240 COD.
2287 180 2420 241 CCX
2433 181 2640 240 LVIII.

3563 181 3700 246 13:58

439 307 550 344 των
587 288 716 361 περὶ
740 288 912 345 ταῦτα
957 288 1000 319 ¹⁰
1045 286 1481 359 ἁμαρτημάτων,
1523 288 1577 340 εἰ
1625 306 1685 341 τι
1724 289 1798 359 μὴ
1840 288 2014 354 καλῶς

2123 299 2375 357 cuerunt,
2405 304 2505 345 nec
2542 288 2972 355 accuratissime,
3005 302 3180 357 neque
3208 299 3267 342 ut
3300 288 3549 345 volebant
3584 308 3700 346 ma-

441 384 669 454 ’ύστερον
699 383 835 455 μηδὲ
862 382 936 446 ὡς
968 380 1075 453 χρὴ
1104 380 1367 456 γράφοιεν
1394 380 1480 449 ἐφ’
1498 381 1705 434 ἑαυτῶν
1731 383 1795 437 “.
1820 383 1879 435 Ei
1901 382 1957 435 δὲ
1976 383 2018 414 ¹⁸

443 477 518 546 μή
550 477 759 539 πάντας
775 474 1123 538 ἐπαίδευσαν,
1148 473 1281 544 μηδὲ
1302 473 1377 537 ὡς
1399 470 1509 527 οἷόν
1536 458 1593 527 τε
1626 474 2015 546 ἀκριϐέστατα,

440 565 451 636 |
475 565 608 621 l296
634 564 729 637 8.]
755 564 877 636 μηδ’
916 564 994 629 ὡς
1041 564 1274 633 μάλιστα
1298 563 1673 635 ἐϐουλήθησαν
1698 566 1765 633 ¹⁸,
1787 566 1842 620 τί
1873 567 1935 619 τό
1955 582 2019 635 γε

440 656 781 727 ἑκπεφευγδς
824 655 927 725 τῆς
959 655 1183 710 ἐκείνων
1213 658 1551 729 προστασίας
1588 656 1655 712 ἄν
1688 674 1772 722 τις
1808 656 2013 730 τιθείης

437 750 499 802 οὐ
532 750 639 819 γὰρ
661 750 763 819 τῆς
782 748 1009 803 ἐκείνων
1029 748 1247 819 ὁμιλίας
1268 748 1425 802 τοῦτο
1449 748 1755 815 ἀπώναντο,
1776 749 1893 803 ἀλλ’
1918 751 2018 804 οὐκ

437 841 729 896 ἁπώναντο
779 840 1004 895 ἐκείνων
1056 840 1139 894 ἐτι
1186 857 1241 894 τι
1270 840 1433 895 τοῦτό
1461 857 1548 909 γε.
1592 839 1805 896 οὔκουν
1834 840 1894 908 ἐξ
1941 835 2018 895 ὧν

440 932 730 1002 προσεῖχον
760 932 967 996 αὐτοῖς,
995 932 1060 986 ὲκ
1084 930 1291 986 τούτων
1310 931 1583 1003 ἥμαρτον,
1611 931 1729 987 ἀλλ’
1770 932 1831 998 ἐξ
1852 926 1927 987 ὧν
1953 932 2018 987 ού

438 1027 748 1096 προσεῖχον,
798 1024 1253 1096 ἐπλημμέλησαν.
1309 1022 1498 1087 Οὕτως
1545 1022 1582 1078 ἆ
1614 1041 1678 1094 γε
1728 1024 2014 1079 ἐπείθοντο

439 1120 631 1187 σαφῶς
664 1118 755 1190 ἄρ’
806 1119 857 1173 oi
881 1118 1160 1183 πείθοντες
1209 1116 1427 1172 ἔπειθον
1474 1117 1674 1180 καλῶς.
1709 1118 1821 1191 Τὴν
1866 1117 1924 1172 δὲ
1972 1118 2015 1150 ¹⁵

438 1210 728 1281 πολιτικὴν
755 1212 805 1264 εί
849 1210 923 1282 μὴ
965 1210 1170 1273 πάντας
1207 1208 1532 1263 ἐπαίδευσαν
1572 1206 1889 1279 Ἀθηναίους
1916 1208 2018 1262 Θε-

436 1303 735 1374 μιστοκλῆς
765 1303 861 1357 καὶ
895 1301 1170 1373 Περικλῆς
1204 1300 1300 1355 καὶ
1332 1300 1635 1371 Μιλτιάδης
1668 1301 1765 1354 καὶ
1796 1300 2012 1371 Κίμων,

437 1392 560 1464 μηδ’
594 1393 840 1456 ἅπαντας
873 1392 1074 1462 ἑφεξῆς
1103 1391 1347 1462 βελτίους
1368 1392 1634 1463 ἐποίησαν
1660 1391 1801 1445 κατὰ
1840 1390 2016 1459 φυλὰς

432 1486 530 1539 καὶ
560 1486 679 1538 κατ’
704 1484 873 1555 ἄνδρα
905 1484 1094 1554 ὥσπερ
1121 1482 1387 1555 θεωρικὸν
1416 1482 1515 1555 τὴν
1553 1484 1865 1555 ἐπιστήμην
1892 1485 2010 1539 δια·

433 1577 715 1645 νέμοντες,
747 1570 848 1628 εἷθ’
883 1573 1164 1646 ὑπερφυές
1193 1591 1247 1627 τι
1282 1574 1526 1645 φήσομεν
1558 1574 1681 1628 κατ’
1710 1575 1889 1631 αὐτῶν
1923 1577 2014 1630 εύ-

2127 382 2291 445 xlme,
2314 396 2412 436 cur
2436 381 2487 436 id
2517 382 2662 451 quod
2686 379 2894 451 eﬂ'ugit,
2919 381 2985 436 ad
3012 381 3250 450 ipsorum
3272 382 3393 451 quis
3410 384 3701 453 magistros

2123 472 2372 529 referat?
2409 472 2518 528 Nec
2542 472 2686 527 enim
2712 472 2851 529 hunc
2869 472 3107 529 fructum
3131 488 3199 528 ex
3231 473 3441 529 illorum
3471 490 3700 537 consue-

2124 565 2308 619 tudine
2357 574 2710 636 perceperant
2757 566 2955 632 potius,
2986 579 3149 635 quam
3199 580 3303 621 non
3330 564 3441 635 jam
3489 567 3544 622 id
3593 568 3699 625 illis

2123 664 2374 727 poterant
2411 666 2694 728 acceptum
2745 656 2911 714 ferre.
2948 658 3215 726 Quocirca
3269 672 3372 714 non
3412 659 3541 729 quia
3576 661 3701 717 illos

2122 752 2493 819 attendebant,
2528 750 2849 823 peccabant,
2882 751 2975 808 sed
3009 752 3134 822 quia
3169 765 3274 806 non
3322 754 3698 823 attendebant,

2121 858 2293 914 usque
2323 859 2387 901 eo
2414 845 2502 901 illa
2536 860 2657 917 quae
2683 845 3154 917 persuadebautur
3195 854 3344 902 recte
3375 846 3485 901 illis
3506 847 3700 902 suade-

2121 936 2275 992 bant.
2292 936 2514 993 Civilem
2538 953 2668 994 vero
2694 938 2977 993 scientiam
2996 935 3101 992 nisi
3134 935 3497 995 Athenienses
3510 952 3700 995 omnes

2120 1027 2434 1093 docuerint,
2505 1026 2899 1086 Themistocles
2926 1067 2944 1094 ,
2996 1028 3255 1097 Pericles,
3324 1028 3594 1085 Miltiades
3646 1039 3703 1086 et

2116 1115 2335 1182 Cimon,
2362 1127 2525 1188 atque
2546 1129 2775 1174 cunctos
2796 1135 2863 1175 ex
2896 1119 3089 1176 ordine
3117 1119 3363 1175 tributim
3399 1135 3463 1178 ac
3491 1119 3700 1176 viritim

2119 1207 2370 1263 meliores
2402 1209 2771 1274 reddiderant,
2802 1208 3027 1265 scientia
3067 1210 3218 1280 quasi
3252 1210 3508 1266 theatrali
3538 1225 3703 1279 pecu-

2119 1298 2210 1355 nia
2242 1299 2553 1367 distributa,
2587 1316 2657 1357 ne
2694 1302 2838 1373 ipsos
2866 1302 3085 1372 quidem
3112 1317 3177 1358 ea
3212 1302 3266 1357 in
3301 1318 3358 1359 ne
3380 1301 3702 1358 excelluisse

2118 1390 2383 1450 dicemus.
2434 1391 2547 1449 Nec
2579 1392 2709 1450 illud
2743 1392 3054 1465 Protagorae
3107 1395 3183 1449 tui
3236 1396 3336 1450 tibi
3392 1395 3613 1458 suﬂieit,
3653 1394 3700 1449 si

2123 1482 2312 1555 vulgus
2326 1486 2499 1542 vciex
2519 1496 2674 1556 parte
2699 1487 2879 1558 aliqua
2916 1488 2985 1544 ad
3019 1489 3276 1544 virtutem
3307 1488 3698 1558 perduxerunt;

2120 1590 2305 1631 verum
2334 1577 2436 1633 nisi
2459 1581 2641 1635 omnia
2672 1594 2834 1650 quam
2857 1580 3163 1637 rectissime
3193 1580 3444 1651 populus,
3463 1589 3518 1636 et
3541 1579 3697 1649 quasi

433 1662 685 1734 ρηκέναι,
723 1662 799 1728 ὡς
842 1662 951 1718 οὐδ’
997 1664 1155 1717 αὐτοὶ
1213 1663 1455 1735 βελτίους
1500 1660 1643 1737 ἦσαν
1672 1664 1887 1727 οὐδενὸς
1934 1668 2011 1730 είς

2118 1667 2202 1723 vir
2237 1684 2376 1723 unus
2422 1670 2845 1739 administravit,
2892 1674 2943 1728 id
2974 1674 3086 1744 jam
3122 1673 3393 1742 praefectis
3438 1674 3696 1742 imputas.

431 1758 641 1827 ταύτα;
669 1758 793 1832 [701
832 1760 925 1833 li.]
960 1761 1053 1813 καὶ
1079 1758 1181 1813 οὐκ
1202 1760 1421 1830 ἀγαπᾷς
1447 1757 1507 1812 τὸ
1536 1760 1578 1793 ¹⁵
1606 1760 1699 1813 τοῦ
1722 1758 1818 1813 σοῦ
1856 1762 2013 1832 Πρω-

431 1851 667 1923 ταγόρου
697 1853 763 1915 ³⁸,
798 1853 847 1905 εί
868 1853 965 1905 καὶ
989 1853 1029 1883 ¹⁷
1059 1852 1179 1906 καθ’
1202 1851 1426 1906 ὁσονοῢν
1469 1852 1849 1923 προύϐίϐασαν
1887 1856 2013 1916 τοὺς

432 1943 665 2006 πολλοὺς
692 1946 772 2008 είς
806 1944 867 1998 τὸ
899 1944 1130 2015 βέλτιον,
1178 1943 1296 1997 ἀλλ’
1326 1946 1375 1997 εί
1426 1944 1501 2015 μὴ
1532 1945 1709 1999 πάντα
1761 1947 1790 1998 ὁ
1840 1945 2013 2015 δῆμος

432 2035 791 2107 ἀνεγκλήτως
830 2037 925 2089 καὶ
950 2035 1140 2107 ὥσπερ
1169 2031 1250 2100 εἷς
1280 2037 1424 2107 ἀνὴρ
1473 2036 1834 2107 μετεχείρισε,
1867 2035 2010 2091 τοῦτ’

428 2126 530 2197 ήδη
566 2126 709 2180 κατὰ
728 2126 837 2180 τῶν
870 2126 1193 2199 προστατῶν
1236 2126 1484 2181 ὲστίσοι.
1510 2126 1575 2180 Τί
1606 2122 1699 2180 οὖν
1724 2125 1768 2159 ¹⁸
1797 2128 2010 2198 θαυμα-

432 2216 578 2283 στὸν,
612 2218 663 2270 εἰ
691 2217 934 2271 κάκεῖνοι
956 2217 1128 2272 πολλά
1152 2216 1247 2272 καὶ
1272 2217 1484 2287 χρηστὰ
1509 2216 2011 2288 συμϐουλεύσαντες

442 2309 770 2381 Ἀθηναίοις,
810 2312 905 2367 καὶ
950 2311 1121 2365 πολλὰ
1146 2311 1256 2365 τῶν
1311 2311 1588 2382 δυσχερῶν
1640 2311 2008 2376 κωλύσαντες,

434 2398 511 2470 μὴ
560 2400 650 2455 διὰ
695 2402 882 2467 τέλους
913 2402 1112 2466 αὐτοὺς
1162 2401 1512 2473 ἠδυνήθησαν
1555 2405 1852 2473 κατασχεῖν
1887 2403 2011 2474 μηδ’

430 2492 675 2549 ἀθάνατα
701 2495 941 2559 ἱάσαντο,
963 2494 1077 2548 ἀλλ’
1100 2495 1412 2566 ἡττήθησαν
1434 2495 1532 2564 τῆς
1560 2493 1623 2564 δή
1633 2512 1734 2563 μου
1770 2493 2007 2563 φύσεως,

428 2591 538 2642 εἴτε
570 2590 662 2644 καὶ
686 2592 788 2662 τῆς
824 2592 1009 2661 κοινῆς
1041 2590 1347 2661 ἀνθρώπων
1372 2591 1412 2623 ¹⁹
1442 2590 1523 2644 δεῖ
1559 2590 1760 2655 λέγειν,
1793 2590 1889 2642 καὶ
1936 2590 2011 2661 μὴ

429 2681 762 2753 ἐδυνήθησαν
797 2683 843 2714 ¹⁰
905 2680 1163 2746 καθάπαξ
1196 2682 1261 2733 ὲκ
1292 2680 1394 2750 τῆς
1424 2680 1631 2742 πόλεως
1662 2678 1865 2743 ἐξελεῖν
1897 2678 2010 2730 ἁδι-

431 2772 575 2839 κίαν,
616 2772 806 2844 ὥσπερ
841 2773 1079 2845 γεωργοὶ
1108 2772 1177 2827 τὰ
1208 2772 1583 2843 λυμαινόμενα
1612 2773 1678 2841 τῇ
1703 2770 1859 2843 χώρᾳ
1887 2770 2010 2825 καθ’

430 2864 663 2918 ἕκαστον
697 2865 942 2919 ἐνιαυτὸν
972 2864 1353 2927 ἐκκόπτοντες,
1386 2859 1485 2916 εἶτ’
1509 2862 1609 2915 ούκ
1632 2861 1852 2931 ὶφικνού
1862 2878 2011 2931 μενοι

2114 1756 2253 1814 Num
2278 1775 2406 1830 ergo
2431 1762 2625 1816 mirum
2646 1765 2772 1830 erit,
2792 1764 2835 1819 si
2866 1778 2966 1820 nec
2994 1764 3230 1829 illi,cum
3255 1764 3419 1819 multa
3444 1767 3581 1819 bona
3606 1765 3702 1819 do-

2115 1850 2354 1907 cuissent
2371 1852 2731 1909 Athenienses
2754 1869 2817 1909 ac
2846 1869 3015 1911 noxas
3038 1855 3235 1910 multas
3265 1854 3696 1925 impedivissent,

2114 1957 2327 2013 semper
2355 1959 2448 1999 eos
2475 1946 2731 2001 cohibere
2761 1956 3076 2017 potuerunt,
3128 1963 3306 2017 neque
3337 1949 3556 2004 morbos
3591 1951 3697 2004 im-

2114 2036 2370 2091 mortales
2395 2048 2679 2103 curaruut,
2704 2041 2797 2093 sed
2839 2054 2868 2093 a
2901 2039 3079 2110 populi
3114 2049 3329 2108 natura,
3372 2042 3488 2096 sive
3517 2042 3699 2111 potius

2112 2127 2388 2182 communi
2443 2129 2721 2184 hominum
2774 2140 2904 2186 sunt
2958 2132 3123 2199 victi,
3198 2147 3301 2188 nec
3355 2133 3696 2203 iniquitatem

2113 2233 2335 2286 prorsus
2364 2235 2395 2276 e
2427 2220 2652 2276 civitate
2684 2230 2977 2292 potuerunt
3020 2223 3328 2294 exstirpare
3378 2239 3395 2277 :
3430 2224 3696 2293 quemad-

2114 2312 2332 2366 modum
2372 2326 2494 2368 cum
2546 2313 2799 2384 agricolae
2850 2314 3143 2383 quotannis
3198 2316 3315 2384 agri
3366 2316 3695 2369 detrimenta

2112 2404 2456 2466 exscindunt,
2500 2420 2599 2462 nec
2642 2420 2740 2477 per
2784 2414 2956 2462 totum
3010 2421 3195 2462 semen
3238 2414 3541 2475 penetrant.
3586 2405 3696 2460 Hoc

2113 2496 2274 2550 modo
2305 2496 2350 2552 si
2403 2506 2459 2553 et
2502 2496 2641 2560 illos.
2689 2512 2812 2554 cum
2853 2499 3129 2553 civitatem
3185 2513 3418 2568 purgare
3473 2498 3693 2565 vellent,

2110 2587 2308 2660 532a
2357 2591 2722 2645 necessarium
2770 2590 3048 2660 iniustitia:
3072 2603 3236 2661 atque
3284 2590 3483 2661 ingrati
3527 2589 3697 2646 animi

2113 2695 2299 2736 semen
2330 2679 2537 2752 effugit,
2566 2689 2619 2736 et
2650 2684 2931 2747 remansit,
2968 2698 3069 2738 nec
3097 2682 3230 2753 ipsis
3250 2682 3702 2751 obtemperarunt

2113 2772 2317 2841 omnia,
2344 2774 2640 2844 quinetiam
2670 2789 2765 2842 per
2791 2790 2849 2831 se
2880 2774 3110 2846 p0pulus
3135 2774 3391 2830 nonnulla
3414 2783 3697 2840 statueret,

2114 2880 2211 2919 cur
2244 2866 2359 2923 haec
2387 2867 2791 2935 improbitatem
2821 2866 2955 2921 viris
2985 2866 3236 2934 all‘erant,
3288 2876 3383 2923 aut
3433 2866 3566 2935 ipsis
3600 2866 3701 2921 im-

429 2957 517 3011 διὰ
550 2957 753 3020 παντὸς
777 2955 869 3011 τοῦ
909 2954 1329 3029 [λυμαινομένου
1376 2954 1474 3026 τὴν
1516 2954 1702 3025 χώραν
1739 2952 1808 3025 ⁸⁸]
1842 2953 2012 3025 σπέρ-

2118 2967 2375 3025 putentur
2420 2959 2649 3014 aliena?
2685 2958 2848 3024 Quasi
2887 2960 3009 3029 quis
3064 2968 3254 3014 exorta
3302 2959 3594 3023 seditione,
3646 2967 3703 3015 et

435 3066 624 3119 ματος.
670 3049 740 3103 El
789 3047 974 3104 τοῦτον
1009 3048 1101 3103 τὸν
1145 3049 1347 3120 τρόπον
1395 3048 1682 3107 κάκείνους
1730 3045 2014 3109 ἐθέλοντας

2120 3048 2204 3104 his
2250 3050 2458 3104 meliori
2508 3050 2649 3120 parti
2708 3049 3036 3119 prmpositis,
3070 3060 3185 3103 tum
3234 3050 3462 3105 aliorum
3498 3050 3552 3105 in
3602 3049 3703 3104 hos

433 3142 717 3214 καθαίρειν
747 3143 791 3173 ¹²
823 3143 925 3213 τὴν
948 3142 1105 3197 πόλιν
1126 3141 1357 3211 ἐξέφυγε
1388 3141 1481 3194 καὶ
1507 3140 1755 3210 ἐνέμεινε
1792 3139 2014 3211 σπέρμα

434 3236 731 3304 ἀναγκαῖον
750 3234 963 3296 ἀδικίας
986 3234 1080 3288 καὶ
1100 3233 1519 3304 ἀγνωμοσύνης,
1550 3233 1646 3287 καὶ
1677 3232 1737 3286 οὐ
1769 3234 1948 3286 πάντα
1968 3233 2015 3265 ⁸³

434 3328 745 3401 ὑπήκουσεν
769 3330 974 3390 αὐτοῖς,
1004 3328 1120 3383 ἀλλ’
1150 3327 1299 3382 ἐστιν
1327 3326 1364 3382 ἃ
1395 3327 1489 3380 καὶ
1520 3325 1642 3380 καθ’
1675 3324 1839 3379 αὑτὸν
1865 3325 1893 3377 ὁ
1920 3324 2012 3394 δῆ-

440 3439 539 3489 μος
571 3422 949 3488 ἐϐουλεύσατο,
971 3421 1094 3475 τίνα
1115 3420 1273 3474 τοῦτο
1303 3422 1416 3483 τοῖς
1442 3419 1700 3490 ἀνδράσιν
1734 3416 1847 3487 ἔχει
1874 3434 2015 3486 φαυο

436 3514 726 3587 λότητα;ἦ
779 3516 833 3569 τί
886 3517 970 3569 δεῖ
1010 3516 1078 3568 τὰ
1129 3514 1357 3569 ἐκείνων
1420 3513 1631 3583 ἑτέροις
1677 3509 2013 3580 λογίζεσθαι,

433 3607 622 3679 ῶσπερ
645 3607 712 3661 ἂν
739 3608 785 3639 ³⁸
806 3610 857 3660 εἰ
892 3607 987 3661 καὶ
1027 3607 1270 3669 στάσεως
1316 3604 1484 3676 οὔσης
1513 3605 1571 3658 ὲν
1599 3605 1667 3675 τῇ
1692 3603 1869 3666 πόλει,
1918 3602 2016 3655 καὶ

432 3696 640 3753 τούτων
694 3698 794 3768 τῆς
842 3698 1037 3767 ἐτέρας
1087 3697 1409 3767 ἡγουμένων
1436 3699 1535 3766 τῆς
1576 3694 1686 3749 τῶν
1734 3694 2015 3758 ἐπιεικῶν,

433 3786 553 3844 εἶτα
577 3790 649 3843 τὰ
664 3790 773 3843 τῶν
799 3790 1000 3860 ἑτέρων
1024 3790 1401 3861 ἁμαρτήματα
1429 3790 1523 3841 καὶ
1551 3786 1662 3841 τῶν
1691 3788 1771 3851 είς
1793 3786 2017 3851 τούτους

433 3882 904 3953 πλημμελούντων
956 3883 1143 3947 αὐτοῖς
1194 3882 1405 3945 τούτοις
1461 3899 1545 3944 τις
1594 3882 1889 3953 προσετίθη
1946 3883 2013 3937 ’⁵.

433 3973 545 4027 Καὶ
572 3971 694 4025 τίνα
721 3973 834 4043 ἔχει
861 3973 1021 4040 φύσιν
1039 3974 1083 4005 ⁸⁸
1103 3973 1153 4026 οἶ
1173 3973 1310 4044 μήτε
1334 3972 1503 4044 ἔδρων
1531 3972 1707 4026 ταῦτα
1727 3974 1823 4027 καὶ
1852 3990 2020 4045 προσ-

434 4065 515 4121 ἐτι
563 4065 792 4120 κωλύειν
831 4065 1049 4135 ήξίουν;
1091 4065 1251 4119 Ἀλλὰ
1286 4066 1394 4135 μὴν
1427 4066 1471 4097 ³⁷
1497 4066 1551 4119 εῑ
1578 4082 1641 4131 γε
1670 4066 1807 4136 μηδὲ
1830 4066 2020 4129 κακῶς

432 4155 700 4210 ἀκούσασι
734 4155 915 4219 καλῶς
953 4156 1100 4226 ἔχειν
1127 4155 1374 4224 οἰήσεται
1396 4173 1480 4221 τις
1508 4158 1627 4219 ταῖς
1657 4156 1848 4226 αρταῖς
1878 4157 2017 4228 χρή-

436 4250 634 4304 σασθαι
658 4250 876 4315 λαϐαῖς,
915 4250 1010 4302 καὶ
1036 4248 1262 4312 ταύταις
1289 4249 1364 4318 μὴ
1385 4250 1478 4301 ἐπὶ
1504 4250 1549 4280 ’⁸
1578 4248 1655 4319 τῷ
1677 4250 1861 4313 κακῶς
1895 4250 2019 4302 ἀντ-

2119 3148 2340 3210 pcccata
2394 3141 2481 3195 bis
2522 3141 2656 3210 ipsis
2707 3142 2996 3197 tribueret.
3048 3141 3332 3210 Quomodo
3385 3153 3568 3196 autem
3629 3142 3701 3196 sit

2117 3246 2353 3299 a-quum,
2392 3232 2488 3303 qui
2526 3247 2627 3287 nec
2663 3247 2728 3288 ea
2774 3230 3027 3299 fecerint,
3062 3241 3119 3288 et
3162 3233 3388 3304 insuper
3415 3233 3704 3303 prohibere

2118 3324 2407 3379 voluerint.
2449 3323 2600 3390 Quod
2632 3324 2677 3379 si
2718 3339 2821 3379 nec
2849 3335 2944 3380 eos
2984 3338 3216 3395 quorum
3262 3333 3348 3379 est
3399 3324 3537 3377 fama
3577 3322 3702 3378 laesa

2120 3416 2310 3471 iisdem
2340 3416 2554 3487 putabit
2600 3418 2749 3474 ansis
2780 3418 2857 3473 uti
2888 3418 3106 3484 debere,
3136 3419 3299 3488 idque
3338 3433 3443 3473 non
3488 3419 3553 3472 ad
3582 3433 3703 3473 ma-

2116 3508 2455 3566 ledicendum
2496 3509 2734 3567 vicissim
2780 3510 2874 3565 sed
2901 3518 2962 3565 ut
3005 3525 3065 3566 se
3089 3525 3186 3581 per
3226 3511 3363 3566 alios
3391 3511 3698 3576 absolvant,

2117 3601 2391 3672 quomodo
2440 3616 2563 3656 eum
2622 3599 2878 3673 probabit
2929 3601 3022 3673 qui
3078 3602 3227 3673 prior
3280 3603 3425 3657 nulla
3479 3611 3704 3658 coactus

2119 3692 2446 3750 necessitate
2486 3692 2786 3760 maledixit,
2836 3702 2895 3749 ut
2934 3708 3033 3764 per
3060 3709 3181 3763 quae
3217 3694 3338 3749 illos
3368 3694 3580 3764 pejores
3619 3694 3705 3750 vi-

2119 3783 2232 3839 deri
2266 3786 2495 3841 curabat
2517 3785 2770 3841 dextrum
2819 3786 2949 3855 quid
2994 3796 3185 3855 putare
3210 3786 3461 3857 jusserit.
3514 3786 3705 3842 Enim-

2120 3892 2248 3932 vero
2284 3878 2568 3933 nesciebas
2606 3888 2658 3934 te
2692 3878 2776 3935 his
2810 3864 3117 3949 proverbiis
3154 3880 3350 3945 teneri,
3390 3880 3560 3950 ignem
3590 3896 3706 3935 ver-

2121 3969 2321 4033 berare,
2349 3965 2579 4036 lapidem
2607 3983 2846 4035 coquere,
2885 3983 3013 4023 saxa
3044 3969 3325 4023 seminare.
3375 3967 3529 4033 Quod
3558 3970 3705 4023 enim

2122 4060 2199 4113 illi
2249 4075 2317 4115 ex
2373 4060 2835 4116 admonitionibus
2862 4060 2970 4116 tuis
3017 4076 3083 4115 ac
3115 4061 3462 4116 sermonibus
3511 4062 3706 4116 Incrati

2121 4162 2267 4220 sunt,
2299 4168 2462 4222 quam
2489 4167 2604 4208 rem
2626 4153 2711 4208 vel
2742 4151 2984 4208 divinam
3006 4151 3088 4207 vel
3116 4152 3404 4207 humanam
3437 4161 3557 4223 post
3579 4167 3705 4207 eum

2125 4243 2265 4299 diem
2296 4259 2404 4313 quo
2432 4244 2532 4300 tibi
2571 4259 2736 4301 aures
2776 4244 3088 4315 praebuerat
3120 4245 3430 4315 Dionysius,
3463 4244 3547 4297 vel
3583 4245 3705 4310 Dio,

439 4343 640 4407 ειπεῖν,
666 4342 781 4395 ἀλλ’
807 4344 899 4394 ἐπὶ
923 4341 1001 4412 τῷ
1030 4341 1120 4396 διὰ
1147 4341 1256 4394 τῶν
1283 4341 1496 4394 ἐκείνου
1546 4343 1614 4394 τὰ
1640 4341 1852 4394 ἑαυτῶν
1874 4343 2012 4395 ἀπο-

2122 4337 2322 4392 rectius
2362 4336 2815 4392 administrarunt
2843 4336 2859 4393 l
2887 4334 3062 4395 Tanto
3089 4344 3305 4390 nostros
3336 4351 3455 4400 nos,
3476 4351 3510 4389 ο
3530 4334 3704 4405 Plato,

433 4433 722 4501 λύσασθαι,
741 4433 859 4497 πῶς
882 4433 1165 4505 εἰρηκέναι
1184 4438 1230 4502 γ’
1262 4433 1306 4464 ²⁹
1334 4433 1498 4485 αὐτὸν
1520 4432 1787 4504 πρότερον
1804 4434 2012 4497 κακῶς,

434 4525 470 4579 ἃ
502 4526 691 4596 μηδεὶς
720 4525 1073 4592 ἐπηνάγκαζε
1108 4526 1203 4578 καὶ
1229 4525 1296 4578 δι’
1330 4518 1406 4579 ὦν
1440 4525 1655 4595 χείρους
1699 4525 1835 4595 ᾤετο
1873 4526 2014 4577 ἐκεί-

437 4636 560 4683 νους
585 4619 889 4690 ἀποφῆναι,
917 4619 1088 4685 δεξιόν
1114 4636 1167 4671 τι
1188 4620 1430 4689 νομίζειν
1468 4618 1714 4671 κελεύσει
1748 4619 1792 4650 ⁸ο
1822 4636 1836 4685 ;
1874 4618 2017 4671 Ἑλεο

437 4710 622 4780 λήθεις
651 4712 693 4743 ³¹
721 4712 833 4782 ἄρα
870 4710 1066 4764 σαυτὸν
1108 4710 1352 4773 ἀπάσαις
1399 4712 1519 4773 ταῖς
1564 4710 1886 4781 παροιμίαις
1933 4710 2017 4761 ὲν-

437 4801 713 4872 ιχόμενος,
730 4805 818 4870 είς
843 4803 963 4872 πῦρ
980 4803 1203 4868 ξαίνων
1218 4802 1315 4856 καὶ
1340 4804 1515 4857 λίθον
1535 4802 1701 4871 ἕψων
1724 4802 1823 4856 καὶ
1846 4804 2014 4858 σπεί-

428 4909 555 4959 ρων
579 4892 685 4958 τὰς
713 4892 956 4960 πέτρας.
984 4892 1051 4944 Τί
1079 4892 1189 4963 γὰρ
1213 4891 1322 4947 τῶν
1354 4890 1463 4945 σῶν
1485 4889 1778 4944 νουΟεσιῶν
1809 4891 1904 4945 καὶ
1931 4889 2016 4943 λό-

436 4998 549 5049 γων
568 4982 892 5053 ἀπήλαυσαν
918 4984 1116 5037 ἐκεῖνοι
1139 5000 1154 5050 ;
1193 4983 1247 5037 τί
1278 4982 1385 5036 τῶν
1423 4982 1584 5036 θείων
1611 4982 1644 5051 ἢ
1671 4981 1779 5035 τῶν
1803 4982 2014 5052 ὀινθρω⁴

439 5074 610 5130 πίνων
643 5076 864 5145 ἄμεινον
896 5075 1338 5146 μετεχειρίσαντο
1360 5073 1692 5145 Διονύσιοςῆ
1723 5074 1860 5125 Δίων
1896 5075 2017 5143 μετ’

2117 4441 2278 4495 quam
2331 4435 2386 4478 tu
2432 4434 2573 4491 tuos,
2616 4422 2871 4479 meliores
2912 4422 3195 4478 efﬁcimus.
3238 4423 3391 4489 Quod
3420 4424 3465 4478 si
3512 4423 3703 4479 borum

2116 4511 2350 4566 indolem
2391 4511 2541 4566 dices
2590 4511 2870 4566 meliorem
2920 4509 3108 4575 fuisse,
3167 4511 3271 4568 hac
3303 4510 3524 4582 quoque
3564 4512 3619 4569 in
3648 4528 3707 4569 re

2118 4614 2355 4659 nostram
2401 4604 2646 4659 declaras
2684 4603 3045 4673 prudentiam,
3086 4603 3178 4674 qui
3212 4618 3363 4674 spem
3393 4604 3445 4659 in
3487 4604 3571 4660 his
3603 4606 3704 4659 ali-

2115 4712 2277 4767 quam
2330 4697 2720 4767 posuerimus,
2772 4710 2897 4750 cum
2955 4704 3009 4750 tu
3058 4703 3172 4751 toto
3228 4696 3499 4753 erraveris
3542 4697 3704 4763 cmlo,

2124 4788 2339 4859 quando
2362 4804 2482 4843 cunt
2514 4787 2621 4842 illis
2644 4786 2848 4843 utiliter
2879 4793 2933 4842 te
2968 4787 3369 4859 disputaturum
3400 4788 3703 4845 credidisti.

2126 4883 2328 4938 Deinde
2374 4881 2515 4936 sicut
2560 4896 2625 4937 ea
2656 4881 2710 4935 in
2740 4880 2940 4951 quibus
2980 4879 3118 4936 alios
3141 4880 3389 4936 vicerunt
3410 4880 3576 4935 indoli
3603 4881 3703 4937 tri-

2127 4977 2269 5041 buis,
2301 4976 2380 5032 sic
2416 4976 2578 5030 etiam
2626 4974 2673 5029 si
2715 4973 2843 5043 quid
2890 4972 2989 5028 tibi
3033 4973 3167 5029 satis
3211 4982 3414 5029 temere
3451 4974 3704 5030 videntur

2128 5071 2321 5137 egisse,
2363 5070 2464 5122 hoc
2512 5069 2687 5122 eidem
2734 5067 2899 5120 indoli
2934 5066 3184 5136 imputa;
3219 5082 3393 5137 neque
3416 5083 3538 5121 cum
3583 5081 3704 5137 quae

1733 5213 1967 5269 vitam;
2001 5199 2403 5291 LECTIONES.

507 5327 554 5359 ¹⁰
583 5325 780 5404 gains]
807 5326 946 5404 αὐτὰ
976 5328 1042 5404 Α,
1116 5326 1339 5404 ίξ-ὲφξΑ
1377 5344 1389 5380 :
1418 5327 1512 5404 ἀφ’
1540 5344 1634 5404 ςε-
1671 5327 1722 5404 “_
1745 5325 1888 5404 ages]
1918 5327 2121 5404 p._3_7_I.
2185 5323 2663 5404 _’_'_h§ou)tﬁ0nga\_l
2691 5338 2752 5404 εἷς
2794 5323 2891 5404 ﬁ".

1898 5392 1947 5466 p.
1980 5398 2104 5482 57}.
2184 5398 2225 5482 ‘3
2250 5392 2704 5482 deptbzttovjsth
2724 5392 3026 5482 ἀνθρώπων
3053 5392 3145 5449 A.
3192 5393 3238 5425 ³⁸
3270 5392 3615 5482 ήδυξήθησαν
3640 5411 3699 5482 ς.

1867 5497 1879 5521 ι
1914 5486 1925 5520 :
1964 5467 2245 5537 καθαριεῖν
2302 5484 2361 5529 ς.

1867 5538 1907 5568 ’⁷
1940 5537 2074 5590 ἀλλὰ
2108 5536 2260 5609 pulp].

437 5400 502 5467 Α.
583 5394 980 5485 ¹⁶Πρω’ταγόρα
1008 5398 1074 5451 Α.
1140 5397 1182 5429 ¹⁷
1209 5398 1299 5449 καὶ
1322 5412 1429 5452 om.
1462 5394 1526 5452 Α.
1592 5397 1635 5428 ¹⁸
1672 5399 1724 5450 τί
1747 5394 1879 5522 οὗνᾸ

439 5471 480 5500 ³³
515 5468 645 5522 λυμ..
714 5468 811 5522 τὴν
863 5485 1045 5522 γωραν
1107 5483 1217 5522 om.
1285 5469 1350 5521 Α.
1442 5469 1486 5500 ¹²
1524 5468 1784 5522 καοαοεῖν

439 5471 480 5500 ³³
515 5468 645 5537 λυμ.
714 5468 811 5539 τὴν
863 5468 1045 5539 χώραν
1107 5483 1231 5539 om.
1285 5469 1367 5539 A._
1442 5469 1486 5500 ¹²
1524 5468 1784 5539 καθαρεῖν

439 5540 485 5611 ῗδ
512 5536 799 5611 προστιθῇ-
844 5536 957 5611 Αις
988 5538 1034 5611 '_‘
1058 5537 1242 5611 φύσιν]
1301 5536 1463 5605 φύσιν
1518 5537 1690 5594 ταῦτα
1720 5539 1784 5591 Α.

440 5609 477 5645 ³¹
506 5608 801 5680 ἐλελήθεις]
838 5622 888 5678 ρ.
923 5608 1046 5663 577.

2833 5320 3006 5395 ιι-τὴν
3028 5321 3107 5395 δι]
3133 5340 3185 5394 p.
3212 5322 3339 5395 τῖε.
3418 5324 3464 5395 ἐξ
3487 5323 3548 5376 τὸ
3573 5327 3699 5380 add.

2441 5465 2487 5496 ³³
2525 5462 2701 5519 π-άντα
2755 5466 2801 5518 A
2853 5462 3080 5536 :_flta'v'.n
3132 5483 3193 5529 ς.
3273 5462 3334 5536 ¹⁴Ῠ
3368 5462 3435 5517 ἂν
3463 5462 3601 5536 me.
3635 5469 3697 5520 A.

2364 5536 2409 5567 ’⁸
2438 5536 2531 5588 ἐπὶ
2589 5554 2695 5591 om.
2734 5540 2799 5591 Δ.
2880 5533 2922 5587 υ
2954 5535 3004 5601 γ’
3038 5533 3146 5593 om.
3174 5537 3238 5592 A.
3320 5535 3364 5567 ³ο
3396 5534 3606 5589 κελεύει
3637 5539 3694 5590 Λ.
