4012 6236
388 142 528 222 155-9
1525 152 1788 214 PHOTII
1816 148 2317 218 PATRIARCIm
2350 159 2458 220 (τι).
3511 127 3633 232 ego

381 255 538 312 nobis
588 255 982 328 imperantibus
1031 270 1320 330 gesserunt
1365 273 1430 314 ea
1494 270 1684 318 nostro
1741 265 1968 318 consilio

2075 267 2291 337 ἐκείνην
2325 267 2423 338 τὴν
2452 269 2688 338 ἡμέραν,
2716 270 2775 322 έν
2862 267 2947 324 σοὶ
2975 268 3047 325 τὰ
3079 265 3190 326 ὦτα
3217 272 3480 342 ύπέσχονς
3506 269 3636 331 ἰοσο

378 347 643 413 detrahis,
688 364 808 418 qua:
853 365 948 418 per
978 366 1038 406 se
1083 353 1139 404 in
1171 367 1269 406 nos
1319 363 1616 420 peccarunt
1665 368 1728 408 ea
1773 366 1968 410 nostra:

2078 357 2234 411 οῦτον
2280 359 2325 391 ³¹
2381 361 2542 430 ἡμεῖς
2586 361 2841 431 ἀμείνους
2881 365 3009 426 τοὺς
3060 365 3192 434 ἡμῖν
3231 365 3554 435 χρωμένους,
3594 363 3637 423 ὦ

377 439 655 508 tuiquitali
686 445 920 499 ascribe.
950 443 1015 499 Ut
1057 445 1204 498 enim
1239 444 1452 498 illarum
1493 460 1672 500 rerum
1711 462 1811 502 nos
1840 463 1968 516 quo-

2079 451 2327 514 Πλάτων,
2359 453 2721 523 ἀπεδείξαμεν
2749 457 2782 526 ἡ
2840 456 2908 508 σὺ
2937 457 3065 519 τοὺς
3095 457 3198 512 σοί.
3243 459 3306 510 El
3334 457 3378 510 δ’
3401 460 3539 528 ἐρεῖς
3562 461 3638 516 ὅτι

377 546 489 598 que
507 541 758 589 auctores
785 534 1009 600 fuimus,
1045 535 1117 589 ita
1147 536 1340 590 horum
1370 550 1737 606 nequaquam.

2081 537 2323 607 βελτίους
2350 535 2497 594 οὗτοι
2516 543 2616 612 τὴν
2648 543 2834 613 φύσιν,
2867 543 2964 596 καὶ
2999 543 3176 616 ταύτῃ
3217 547 3639 618 φρονιμωτέρους
3707 570 3712 579 ·

385 627 535 698 ἡμᾶς
563 628 963 694 ἀποδεικνύεις,
987 630 1042 682 εί
1058 647 1211 693 τινας
1240 631 1298 682 ἐν
1327 627 1542 693 τούτοις
1565 629 1694 701 [702
1724 628 1821 702 Β]
1882 629 2080 700 ἔχομεν
2106 629 2348 695 ἐλπίδας.
2410 633 2507 701 οὐχ
2551 631 2742 706 ὥσπερ
2790 637 2856 689 σὺ
2926 635 3024 689 τοῦ
3071 639 3274 701 παντὸς
3344 638 3638 711 διήμαρτεςι

377 719 610 783 ἐκείνοις
625 719 1274 792 διαλέγεσθαιπροΰργου
1296 737 1349 774 τι
1371 719 1532 786 δόξας
1555 716 1720 775 εἶναι.
1750 721 1980 774 Ἔπειτα
2017 717 2208 788 ῶσπερ
2235 720 2282 753 ³⁸
2309 723 2367 774 ὲν
2393 716 2474 785 οἷς
2510 721 2752 792 βελτίους
2787 724 2993 796 ἑτέρων
3018 727 3270 795 γεγόνασι
3324 727 3422 800 τὴν
3488 733 3639 800 φύσιν

376 816 548 884 αίτιᾷ,
585 814 760 878 οὕτως
791 814 847 868 εί
871 815 916 848 ³⁵
943 832 998 870 τι
1051 818 1146 869 καὶ
1199 817 1638 888 προπετέστερον
1673 815 1964 885 εἰργάσθαι
2003 831 2086 868 σοι
2110 815 2156 848 ³⁸
2187 817 2426 880 δοκοῦσι,
2489 820 2589 889 τῆς
2612 818 2828 887 φύσεως
2897 820 3060 874 αὑτὸν
3107 821 3198 885 θὲς
3230 822 3330 894 τῆς
3375 826 3537 898 αὐτῆς
3573 830 3633 869 “-

376 909 472 962 καὶ
499 909 574 979 μὴ
596 907 841 979 λάμϐανε
872 909 960 977 ἐφ’
980 910 1149 980 ἡμᾶς,
1179 909 1308 980 μήθ’
1330 909 1366 964 ἀ
1401 911 1499 980 μὲν
1532 910 1689 980 ἡμῶν
1718 911 1761 943 ’⁷
1789 908 2113 980 ἡγουμένων
2177 910 2549 981 κατέπραξαν,
2612 913 2906 985 ἀποστέρει
2966 916 3094 978 τοὺς
3151 917 3639 988 συμϐουλεύσαντας

374 1001 470 1055 καὶ
515 1001 642 1064 τοὺς
672 1004 1298 1074 συγκατεργασαμένους
1326 1005 1475 1075 ἡμᾶς
1502 1004 1548 1036 ³⁸
1575 1004 1653 1075 τῷ
1684 1005 1860 1060 δοκεῖν
1889 1005 1958 1059 τά
1997 1002 2254 1074 βέλτιστα
2284 1007 2636 1078 παραινέσαι,
2664 1007 2700 1062 ἀ
2725 1008 2781 1062 δὲ
2821 1010 2914 1063 ἐπὶ
2954 1009 3104 1076 σφῶν
3170 1013 3349 1066 αὐτῶν
3412 1014 3638 1088 ἐξήμαρ-

371 1113 466 1150 τον
497 1098 580 1160 είς
610 1098 782 1168 ἡμᾶς,
812 1097 986 1152 ταῦτα
1015 1097 1092 1162 ὡς
1111 1098 1272 1169 ἡμεῖς
1300 1098 1596 1171 ἀδικοῦμεν
1627 1099 1755 1168 λέγε
1773 1117 1786 1131 ο
1814 1099 2038 1154 ἐκείνων
2071 1095 2174 1170 μὲν
2207 1099 2252 1133 ³⁸
2281 1100 2389 1171 γὰρ
2417 1101 2514 1154 καὶ
2544 1103 2704 1173 ἡμεῖς
2741 1101 2905 1156 αἴτιοι
2966 1105 3026 1158 τὸ
3085 1105 3270 1175 μέρος,
3338 1108 3534 1163 τούτων
3586 1110 3638 1166 δὲ

373 1189 494 1243 οὐδὲ
535 1191 755 1261 μικρόν.

445 1286 513 1342 Et
555 1286 721 1342 Pollis
752 1285 949 1342 iterum
996 1284 1278 1341 Platonem
1325 1287 1636 1354 reducebat,
1662 1301 1726 1342 ac
1758 1287 1965 1358 Diony-

2145 1283 2256 1339 Kal.
2284 1284 2312 1337 6
2333 1281 2380 1314 “
2414 1281 2606 1344 Πόλλις
2635 1281 2711 1336 αὗ
2743 1281 2905 1336 πάλιν
2934 1281 2981 1314 ⁸⁸
3005 1282 3340 1354 παραλαϐὼν
3367 1284 3636 1342 Πλάτωνα»

371 1378 511 1433 simu
547 1378 632 1433 vel
667 1379 948 1434 absentem
981 1381 1353 1444 reverebatur,
1387 1389 1442 1434 et
1483 1381 1601 1447 ejus
1629 1385 1880 1436 mandata
1910 1382 1962 1434 in

2073 1377 2352 1431 Διονύσιον
2385 1377 2484 1446 μὲν
2521 1375 2613 1427 καὶ
2642 1376 2850 1428 ἀπόντα
2884 1374 2931 1406 δ’
2985 1375 3250 1445 ᾐσχύνετο
3299 1376 3394 1429 καὶ
3422 1369 3495 1430 ὧν
3515 1379 3633 1430 tu:-

373 1471 556 1525 animo
585 1473 969 1532 conservabat.
997 1479 1052 1525 te
1085 1486 1246 1541 quem
1275 1471 1492 1525 videbat
1513 1481 1569 1527 et
1594 1473 1966 1543 alloquebatur

2075 1469 2283 1538 σκηψεν
2311 1468 2612 1537 ἐμέμνητο,
2649 1467 2707 1518 σὲ
2751 1465 2807 1518 δὲ
2843 1464 2985 1536 ὁρῶν
3014 1465 3109 1518 καὶ
3155 1465 3330 1518 συνὼν
3350 1468 3476 1538 παρ’
3497 1468 3638 1522 οὐδὲν

375 1564 526 1617 nihili
579 1563 851 1620 faciebat:
896 1564 1063 1618 sicut
1101 1565 1441 1619 admirabilis
1478 1575 1564 1618 tua
1607 1565 1963 1635 persuadendi

2072 1563 2332 1625 ἐποιεῖτο,
2369 1558 2552 1628 ἀλλ’ἢ
2609 1559 2655 1590 ⁵³
2706 1557 2994 1628 θαυμαστή
3056 1574 3150 1610 σου
3185 1557 3233 1590 ⁸³
3279 1559 3503 1629 δύναμις
3549 1561 3637 1614 καὶ

375 1656 457 1709 vis
504 1653 698 1726 “ab
749 1656 976 1724 imperio
1006 1657 1246 1727 Dionysii
1295 1659 1532 1721 cederet,
1585 1666 1640 1710 et
1689 1657 1762 1710 illi
1802 1657 1966 1712 Pollis

2071 1652 2242 1705 πειθὼ
2272 1651 2410 1705 κατὰ
2426 1652 2552 1713 τοὺς
2569 1650 2759 1716 λόγους
2783 1652 2982 1719 ἡττᾶτο
3003 1649 3112 1704 τῶν
3135 1649 3367 1704 ἐντολῶν
3392 1649 3500 1713 έτοῦ
3525 1654 3634 1704 Ato—

373 1751 622 1816 quamvis
673 1749 797 1802 talia
847 1759 1202 1818 praeceperat,
1242 1765 1462 1819 operam
1504 1767 1657 1804 suam
1707 1752 1964 1818 navabat,

377 1839 472 1893 tibi
499 1839 720 1902 nullam,
770 1842 871 1893 etsi
906 1839 1209 1908 Spartanus
1253 1852 1393 1905 eral,
1421 1852 1475 1895 et
1517 1843 1568 1895 in
1617 1857 1682 1896 ea
1729 1843 1966 1897 nutritus

377 1929 650 1998 republica
689 1932 774 1984 cui
805 1942 858 1983 tu
891 1934 1159 1987 secundas
1191 1934 1271 1986 vel
1308 1934 1513 2002 primas
1545 1935 1723 2003 potius
1749 1936 1963 2002 tribuis,

379 2018 560 2088 itaque
591 2006 791 2075 frustra
845 2023 1118 2078 videbaris
1160 2025 1348 2079 urbem
1393 2025 1721 2095 Spartanam
1771 2037 1848 2081 tot
1889 2027 1962 2082 illi

379 2111 628 2168 laudibus
675 2129 993 2172 exornasse.
1039 2115 1305 2182 Quocirca
1362 2117 1643 2174 Lac-onictn
1688 2122 1964 2188 quondam

377 2204 571 2259 classis
620 2206 929 2274 praefectus,
971 2219 1173 2262 tantum
1209 2212 1259 2263 in
1307 2211 1624 2279 dignitatem
1663 2221 1808 2267 tuam
1843 2230 1968 2282 pec-

377 2297 540 2360 cavit,
572 2309 834 2366 quantum
875 2315 974 2354 nec
1009 2300 1296 2355 Perstruut
1342 2306 1652 2373 quisquam,
1695 2321 1795 2360 nec
1834 2307 1969 2375 Scy-

377 2388 617 2456 tharum,
675 2391 768 2461 qui
823 2407 1010 2446 vocent
1045 2405 1189 2446 tuam
1250 2409 1474 2462 prorsus
1513 2398 1817 2466 intelligere
1857 2415 1966 2452 non

376 2492 650 2548 poterant.
684 2482 845 2551 Atqui
881 2485 1148 2552 siquidem
1191 2488 1406 2541 volebas
1453 2504 1577 2541 eum
1609 2488 1965 2560 [navarchum

377 2573 892 2642 Peloponnesiorum
919 2576 1115 2649 Pullin]
1152 2579 1347 2635 melius
1375 2581 1575 2648 aliquid
1609 2583 1660 2637 itt
1699 2593 1769 2647 te,
1799 2601 1962 2655 quam

378 2667 716 2738 Dionysium,
745 2670 1048 2736 consulere,
1085 2687 1182 2726 nec
1210 2672 1299 2726 ille
1326 2683 1376 2727 te
1410 2676 1745 2741 attendebat,
1779 2693 1966 2732 verum

377 2758 641 2826 absentis,
673 2769 727 2814 et
769 2761 862 2830 qui
893 2764 1208 2830 turpissima
1257 2752 1606 2836 prameperat,
1649 2779 1789 2824 totus
1828 2778 1965 2834 erat,

380 2851 606 2905 multum
641 2868 669 2906 a
703 2863 934 2924 tyranno
958 2855 1287 2922 vincvbaris,
1319 2859 1556 2928 necjure
1590 2861 1843 2930 cuiquam
1869 2878 1966 2931 po-

379 2955 461 2999 tcs
485 2945 745 3017 obiicere,
782 2947 827 3002 si
858 2949 986 3016 quid
1024 2950 1202 3004 minus
1228 2950 1389 3006 alicui
1405 2956 1734 3023 persuadere
1756 2957 1964 3025 potuit:

375 3033 461 3086 sin
495 3043 550 3087 tu
603 3036 819 3102 quidem
869 3035 1138 3092 fortunam
1183 3055 1507 3110 praesentem
1547 3061 1702 3115 aequo
1754 3047 1966 3102 ferebas
1993 3058 2037 3114 ε

376 3126 579 3193 animo,
615 3127 706 3182 ille
755 3144 883 3182 vero
935 3131 1206 3184 silentium
1243 3143 1392 3188 tuum
1436 3151 1540 3190 non
1589 3143 1962 3204 reverebatur,

379 3231 477 3272 nec
503 3233 756 3274 sermone
777 3223 968 3290 quovis
1012 3226 1285 3291 potentius
1315 3227 1382 3280 ad
1418 3231 1749 3283 conveniens
1777 3231 1962 3285 consi-

379 3307 508 3362 lium
541 3311 607 3363 de
627 3321 678 3365 te
713 3314 1032 3380 capiendum
1055 3317 1355 3382 judicabat,
1394 3321 1665 3386 quomodo
1693 3321 1776 3387 jus
1815 3330 1962 3377 tuum

377 3401 822 3470 eonsequebaris,
859 3411 953 3457 aut
994 3405 1194 3475 ingenii
1234 3407 1335 3471 tui,
1362 3423 1522 3476 quem
1564 3410 1788 3463 meritus
1816 3397 1962 3476 eras,

380 3491 614 3544 fructum
640 3492 895 3562 capiebas
927 3495 950 3548 ?
988 3494 1056 3548 At
1091 3511 1196 3550 non
1233 3496 1356 3553 ideo
1394 3505 1450 3551 tu
1504 3500 1674 3569 pejor,
1714 3501 1761 3555 si
1799 3499 1967 3557 Pollis

379 3598 443 3635 ar.
479 3582 766 3655 Dionysius
813 3586 1118 3641 delirarunt
1163 3612 1175 3644 ;
1234 3605 1408 3659 neque
1444 3607 1562 3654 nos,
1597 3593 1736 3647 bone
1764 3593 1869 3662 vir,
1917 3596 1965 3651 si

379 3676 502 3744 quis
523 3690 650 3746 erga
675 3692 792 3744 nos,
817 3679 1169 3735 Atheniensis
1193 3681 1470 3751 improbus
1489 3685 1714 3738 exstitit.
1743 3684 1808 3739 Et
1839 3701 1969 3740 ven-

381 3771 544 3824 dente
587 3769 793 3826 Pollide
826 3770 1140 3839 Graecorum
1173 3774 1392 3844 quidem
1435 3775 1612 3830 nullus
1656 3785 1708 3831 te
1753 3793 1966 3831 sacrum

378 3871 543 3931 caput
567 3863 801 3917 redemit
833 3863 1028 3934 (usque
1057 3880 1122 3919 eo
1153 3866 1333 3921 cuncti
1377 3878 1462 3920 tua
1499 3869 1822 3924 teut-bantur
1857 3870 1968 3924 cln-

379 3955 656 4024 quentia),
701 3970 890 4010 verum
922 3955 1054 4011 Afer
1103 3958 1346 4026 quidam,
1391 3961 1680 4016 Anuiceris
1727 3964 1967 4028 nomine,

379 4057 540 4112 quem
600 4059 762 4098 nemo
811 4044 912 4098 nisi
970 4055 1059 4099 tua
1109 4049 1421 4103 calamitate
1474 4049 1664 4105 fuisset
1740 4053 1964 4110 abusus.

377 4132 533 4186 Nune
557 4148 686 4188 vero
715 4149 822 4200 non
851 4133 1150 4200 Platonem,
1169 4138 1262 4191 sed
1292 4136 1486 4194 famam
1515 4149 1570 4194 et
1597 4141 1967 4197 celebritatem

379 4226 480 4281 sibi
503 4230 864 4295 coinparavit.
884 4225 963 4282 Ne
980 4228 1118 4283 forte
1130 4239 1288 4300 putes
1305 4247 1406 4288 nos
1423 4234 1660 4290 rationes
1683 4244 1804 4292 tuas
1821 4237 1972 4308 igno-

381 4336 409 4376 r
429 4335 523 4385 re,
548 4328 643 4374 aut
662 4320 826 4375 falsas
854 4322 1100 4387 credere,
1127 4341 1248 4378 cum
1270 4341 1433 4394 negas
1445 4328 1619 4382 virum
1637 4331 1914 4385 meliorem
1938 4346 1968 4386 a

2069 1748 2253 1800 νυσίου
2279 1763 2292 1776 ο
2347 1745 2443 1797 καὶ
2481 1741 2676 1804 Πόλλις
2727 1741 2923 1811 ἐκείνῳ
2961 1741 3061 1811 μὲν
3115 1739 3490 1804 συνεϐάλλετο,
3548 1743 3636 1795 καὶ

2067 1839 2242 1893 ταῦτα
2269 1837 2496 1892 τοιαῦτα
2533 1836 2874 1902 ὲπιτάξαντι,
2905 1835 2993 1888 ’σοὶ
3020 1835 3076 1887 δὲ
3105 1834 3284 1888 οὐδέν.
3321 1835 3636 1906 Προσθῶμεν

2067 1931 2128 1984 δὲ
2158 1931 2238 1985 ὃτι
2271 1931 2364 1983 καὶ
2407 1929 2755 1998 Σπαρτιάτης
2783 1925 2880 1993 ὢν,
2936 1926 3030 1979 καὶ
3061 1925 3440 1996 τεθραμμένος
3482 1930 3538 1980 ὲν
3561 1929 3638 1982 v6-

2071 2039 2194 2092 μοις
2243 2021 2339 2074 καὶ
2367 2020 2616 2091 πολιτείᾳ
2635 2018 2864 2088 δεύτερα
2906 2017 3015 2070 τῶν
3049 2018 3238 2071 πασῶν
3289 2019 3336 2051 ⁸⁸
3387 2019 3638 2092 ἐχούσῃ⁸⁶

2068 2115 2220 2185 παρὰ
2252 2115 2335 2167 σοὶ
2363 2115 2544 2184 κριτῇ,
2580 2113 2784 2183 μᾶλλον
2813 2112 2870 2165 δὲ
2899 2111 2968 2166 τά
2995 2112 3197 2182 πρῶτα
3228 2113 3274 2144 δ’
3294 2111 3402 2165 τῶν
3429 2111 3596 2165 οὐσῶν
3628 2128 3634 2136 ·

2069 2205 2163 2259 καί
2202 2223 2285 2259 σοι
2317 2205 2515 2276 μάτην,
2547 2205 2621 2266 ὠς
2647 2203 2815 2270 ἔοικε,
2845 2204 2915 2257 τὰ
2953 2204 3124 2257 πολλὰ
3158 2206 3343 2258 ἐκεῖνα
3368 2204 3413 2235 δ”
3440 2206 3514 2268 εἰς
3545 2203 3638 2274 τὴν

2067 2296 2178 2350 τῶν
2207 2295 2650 2365 Λακεδαιμονίων
2696 2295 2852 2349 πόλιν
2899 2295 3112 2366 ὕμνητο
3129 2295 3200 2349 ⁸⁸.
3250 2295 3412 2368 [1297
3454 2295 3541 2369 [ι]
3585 2297 3638 2350 ’0

2068 2387 2200 2456 γοῦν
2230 2387 2338 2441 τῶν
2394 2386 2840 2457 Λακεδαιμονίων
2899 2387 3030 2439 ποτὲ
3080 2387 3358 2457 ναύαρχος
3391 2386 3636 2440 τοσοῦτον

2067 2481 2335 2554 διήμαρτε
2364 2481 2460 2550 τῆς
2493 2480 2591 2550 σῆς
2621 2479 2799 2546 ἀξίας,
2835 2480 2958 2533 ὅσον
2989 2480 3101 2533 οὐδ’
3136 2481 3206 2534 ἂν
3242 2475 3327 2544 εἷς
3366 2478 3637 2552 Περσῶνὴ

2069 2573 2316 2639 Σκυθῶν,
2349 2567 2430 2636 οἷς
2455 2575 2555 2626 οὐκ
2583 2568 2652 2643 ἦν
2698 2575 2936 2626 συνεῖναι
2956 2572 3056 2641 τῆς
3089 2573 3190 2643 σῆς
3215 2571 3402 2640 φωνῆς
3446 2571 3504 2624 τὸ
3536 2585 3635 2623 πα·

2073 2668 2250 2737 ράπαν
2273 2666 2341 2720 ⁵⁸.
2376 2665 2570 2718 Καίτοι
2596 2682 2657 2734 γε
2692 2667 2740 2719 εί
2769 2665 2868 2734 μὲν
2893 2663 3080 2735 ἠξίους
3114 2664 3283 2718 αὐτὸν
3311 2665 3357 2697 ⁵⁸
3384 2663 3493 2735 Ῐτὸν
3515 2662 3639 2717 ναύ⁹

2069 2775 2238 2828 αρχον
2267 2756 2375 2811 τῶν
2409 2758 2860 2827 Πελοποννησίων
2906 2755 3127 2829 Πόλλιν]
3174 2755 3392 2825 ἀμείνω
3425 2758 3471 2790 ⁸⁸
3499 2755 3640 2824 γενέ-

2071 2852 2198 2903 σθαι
2224 2851 2504 2902 Διονυσίου
2538 2849 2668 2920 περὶ
2699 2850 2758 2902 σὲ
2787 2851 2882 2903 καὶ
2915 2848 3312 2920 βουλεύσασθαί
3342 2866 3394 2902 τι
3423 2848 3639 2919 βέλτιον,

2070 2944 2097 2994 6
2127 2943 2184 2995 δὲ
2219 2944 2282 2995 οὐ
2316 2943 2575 3012 προσεῖχέ
2596 2960 2676 2996 σοι
2699 2943 2792 2996 τὸν
2840 2941 2984 3008 νοῦν,
3027 2941 3163 2996 ἀλλὰ
3209 2943 3287 3012 μὴ
3330 2941 3424 2995 τοῦ
3455 2939 3640 3012 παρόν-

2069 3049 2159 3095 τος
2188 3030 2258 3103 ἦν
2298 3034 2391 3087 καὶ
2431 3032 2526 3086 τοῦ
2575 3034 2644 3086 τὰ
2674 3035 2720 3066 ⁸⁸
2768 3035 3024 3104 αἴσχιστα
3079 3033 3483 3104 ἐντειλαμένου,
3533 3031 3640 3095 πᾶς

2070 3124 2168 3194 οὐχ
2198 3125 2348 3195 ἡττω
2372 3123 2634 3194 πάμπολυ
2659 3123 2753 3178 τοῦ
2774 3125 3041 3198 τυράννου
3071 3142 3086 3191 ;
3115 3125 3214 3179 καὶ
3237 3125 3343 3179 ποῦ
3373 3125 3574 3188 δίκαιος
3598 3119 3645 3176 εἰ

2068 3215 2388 3286 προφέρειν,
2413 3215 2465 3268 εί
2489 3216 2612 3270 τινά
2633 3232 2717 3278 τις
2739 3216 2951 3270 πείθειν
2976 3217 3274 3288 ἐπιχειρῶν
3298 3217 3564 3287 ἀπέτυχεν
3580 3216 3642 3279 "';

2067 3309 2117 3360 εί
2143 3307 2201 3359 δὲ
2233 3307 2297 3359 σὺ
2329 3307 2427 3376 μὲν
2459 3306 2712 3378 στέργειν
2741 3307 2927 3378 ἡξίους
2955 3310 3070 3372 τοῖς
3100 3307 3396 3380 παροῦσιν,
3417 3310 3447 3362 6
3471 3308 3527 3361 δὲ
3552 3307 3645 3360 οὐκ

2068 3398 2250 3470 ᾐδεῖτο
2281 3415 2375 3452 σου
2406 3399 2504 3470 τὴν
2554 3398 2788 3470 σιωπὴν,
2827 3400 2934 3453 οὐδ’
2965 3399 3222 3454 ἁπάντων
3262 3399 3438 3469 λόγων
3469 3400 3648 3471 ἡγεῖτο

2071 3491 2412 3563 ἱκανωτέραν
2444 3487 2585 3546 εἶναι
2617 3491 2746 3556 τοὺς
2773 3493 3155 3564 προσήκοντας
3180 3492 3333 3564 αὐτῷ
3361 3491 3644 3561 λογισμοὺς

2069 3585 2198 3656 περὶ
2233 3583 2328 3637 σοῦ
2359 3585 2738 3656 παραστῆσαι,
2776 3584 2896 3648 πῶς
2934 3583 3044 3639 τῶν
3064 3584 3294 3638 εἰκότων
3335 3579 3646 3657 ἐτύγχανες.

2068 3677 2101 3748 ἡ
2133 3677 2249 3740 πῶς
2277 3675 2349 3730 τὰ
2375 3676 2657 3747 πρέποντα
2691 3676 2970 3741 ἀπέλαϐες
2987 3677 3088 3748 τῆς
3116 3676 3340 3747 φύσεως
3367 3678 3469 3748 τῆς
3489 3693 3644 3730 aeau-

2068 3769 2164 3822 τοῦ
2187 3771 2270 3832 ⁸⁸;
2303 3769 2367 3839 νὴ
2414 3769 2492 3821 Δί’
2547 3770 2661 3824 ἀλλ’
2710 3771 2866 3825 οὐδὲν
2889 3771 2958 3824 σὺ
2997 3770 3219 3843 χείρων,
3272 3773 3329 3824 εί
3379 3771 3646 3843 παρέπαιε

2074 3862 2265 3924 Πόλλις
2291 3870 2382 3916 καὶ⁹
2413 3862 2710 3926 Διονύσιος.
2737 3864 2872 3916 esse
2913 3881 2978 3932 γε
3016 3865 3200 3935 ἡμεῖς,
3228 3857 3275 3918 ὧ
3308 3864 3564 3934 μακάριε,
3597 3860 3650 3914 εί

2069 3972 2152 4017 τις
2187 3955 2315 4024 περὶ
2368 3955 2413 3987 ⁸⁸
2456 3956 2610 4024 ἡμᾶς
2653 3955 2955 4026 Ἀθηναίων
3005 3955 3210 4026 φαῦλος
3254 3959 3492 4024 ἐγένετο.
3543 3954 3646 4008 Καὶ

2074 4048 2380 4112 πωλοῦντος
2407 4048 2452 4080 ⁸⁷
2485 4048 2739 4113 Πόλλιδος
2769 4049 3044 4120 Ἑλλήνων
3069 4051 3168 4120 μὲν
3187 4051 3363 4113 οὐδεὶς
3381 4049 3563 4103 ὡνεῖτό
3588 4062 3644 4100 σε

2071 4139 2168 4209 τὴν
2219 4139 2371 4209 ἱερὰν
2429 4140 2676 4209 κεφαλὴν
2711 4139 2875 4210 (οὓτω
2920 4141 3125 4203 πάντες
3177 4140 3498 4209 κατείχοντο
3545 4136 3645 4190 ύπδ

2071 4229 2179 4281 τῶν
2204 4229 2312 4281 σῶν
2332 4229 2550 4299 λόγων),
2572 4229 2738 4292 Λίϐυς
2753 4229 2809 4282 δὲ
2830 4229 2927 4283 ἀνθ
2936 4246 3118 4297 ρωπος
3140 4229 3444 4300 Ἀννίκερις
3460 4228 3644 4298 δνομα,

2075 4321 2133 4374 ὃν
2161 4321 2269 4372 οὐδ’
2305 4321 2576 4392 ἠπίστατο
2627 4319 2932 4392 ἀνθρώπων
2962 4321 3162 4385 οὐδεὶς,
3194 4323 3245 4373 εί
3275 4322 3351 4392 μὴ
3380 4323 3501 4383 ταῖς
3532 4309 3644 4383 σαίς

382 4410 566 4480 peiore
600 4425 758 4479 posse
801 4411 995 4479 injuria
1023 4410 1159 4466 allici
1213 4413 1295 4468 vel
1326 4414 1470 4468 laedi.
1510 4415 1640 4483 Quae
1673 4433 1796 4473 cum
1831 4417 1968 4471 scia-

2079 4415 2386 4484 συμφοραῖς
2414 4414 2785 4484 ἀπεχρήσατο.
2818 4413 2937 4466 Νῦν
2963 4413 3006 4465 δ’
3025 4414 3087 4466 ού
3111 4413 3378 4467 Πλάτωνα
3405 4409 3643 4482 ἐπρίατο,

383 4517 524 4564 tuus,
581 4511 638 4558 et
691 4518 820 4559 vere
870 4503 974 4558 dici
1028 4515 1320 4573 testemur,
1371 4507 1460 4562 ille
1505 4517 1681 4563 tamen
1746 4523 1974 4577 magnus

381 4603 596 4648 amator
639 4605 780 4658 tuus,
827 4595 959 4649 nihil
993 4597 1306 4663 petulantiae
1353 4614 1452 4653 nec
1481 4601 1821 4656 contumelia:
1851 4600 1973 4654 reli-

381 4699 548 4752 quum
572 4683 718 4751 fecit,
743 4695 795 4739 et
819 4687 1068 4756 quamvis
1089 4697 1142 4742 tu
1171 4688 1375 4742 nullam
1405 4692 1670 4758 patereris
1692 4692 1970 4762 iujuriant,

383 4775 473 4832 ille
509 4777 862 4834 nihilominus
911 4793 973 4833 ea
1017 4783 1200 4849 potius
1250 4783 1445 4850 quibus
1496 4784 1770 4853 iujuriam,
1808 4803 1969 4855 quam

383 4866 436 4919 in
467 4867 664 4936 quibus
698 4868 957 4924 honorem
983 4870 1077 4924 tibi
1105 4871 1321 4926 deferre
1350 4889 1407 4927 se
1439 4881 1676 4942 putaret,
1715 4875 1968 4932 faciebat.

382 4959 647 5026 Quocirca
696 4962 829 5028 noli,
861 4963 1181 5020 admirande
1210 4964 1382 5031 Plato,
1420 4975 1712 5038 utrumque
1751 4973 1964 5027 transfi-

2073 4505 2210 4558 ἀλλὰ
2243 4504 2398 4569 δόξαν
2427 4503 2606 4574 έαυτῷ
2633 4505 2728 4558 καὶ
2753 4504 2818 4557 τδ
2844 4504 3267 4573 γιγνώσκεσθαι.
3300 4504 3393 4575 Μή
3423 4503 3470 4536 ⁸⁸
3494 4518 3576 4554 τοι
3601 4499 3645 4533 ⁵³

2071 4598 2299 4670 νομίσῃς
2325 4599 2474 4668 ἡμᾶς
2505 4600 2722 4666 ἀγνοεῖν
2751 4599 2879 4661 τοὺς
2911 4597 3039 4661 σοὺς
3079 4597 3275 4665 λόγους
3328 4597 3362 4666 ἡ
3413 4597 3487 4666 μὴ
3523 4608 3645 4659 συγ-

2071 4694 2270 4761 χωρεῖν
2293 4691 2512 4762 ἁληθείς
2543 4691 2588 4722 ⁸ο
2621 4687 2786 4754 εἶναι,
2825 4691 2901 4753 ὼς
2929 4691 2991 4742 οὐ
3042 4690 3202 4760 θέμις
3245 4689 3399 4760 ἀνδρὶ
3427 4681 3647 4758 βελτίονι

2073 4783 2179 4835 ὑπὸ
2210 4782 2453 4852 χείρονος
2481 4781 2596 4835 οὔθ’
2619 4781 2940 4853 ὑϐρίζεσθαι
2967 4779 3093 4834 οὔτε
3126 4779 3480 4851 βλάπτεσθαι.
3513 4776 3643 4828 Σύν-

2071 4895 2232 4950 ισμεν
2285 4878 2477 4943 ταῦτα,
2529 4879 2622 4932 καὶ
2657 4877 3044 4949 μαρτυροῦμεν
3093 4878 3168 4941 ῶς
3220 4874 3398 4947 ἀληθῆ
3450 4873 3642 4940 λέγεις.

2069 4973 2264 5043 Ὅμως
2291 4973 2349 5026 δέ
2375 4989 2437 5042 γε
2460 4973 2502 5005 ⁶¹
2523 4975 2551 5026 6
2570 4971 2882 5042 θαυμαστὸς
2921 4972 3129 5036 ἐκεῖνος
3161 4971 3399 5040 ἐραστής
3424 4981 3518 5019 σου
3540 4959 3644 5017 οὐδ’

1672 5149 1906 5204 VARle
1955 5150 2364 5208 LECTIONES.

473 5263 516 5293 at
544 5263 822 5338 ςοςρῆιςυν]
849 5280 898 5330 p.
940 5264 1075 5318 580.

380 5349 487 5386 on.
528 5334 590 5386 Α.
689 5335 731 5364 ³⁸
761 5334 906 5401 ἡμᾶς
945 5350 1054 5387 ιιιη.
1084 5337 1146 5388 Δ.

384 5406 474 5456 καὶ
512 5406 550 5454 Α
583 5423 594 5454 :
635 5405 748 5456 ἀλλ’
782 5406 812 5473 ἢ

379 5489 447 5543 τῃ
496 5476 554 5543 Α.
662 5475 704 5505 ιιι

1161 5265 1205 5296 ³³
1229 5263 1420 5335 ῶσπερ
1449 5281 1559 5320 om.
1602 5267 1668 5320 Λ.

1245 5336 1288 5367 ³9
1321 5337 1418 5404 μὲν
1452 5352 1562 5388 0m.
1609 5337 1675 5396 Α,

1023 5406 1070 5436 ⁸⁵
1105 5423 1194 5457 σου
1236 5421 1344 5459 0m.
1378 5409 1440 5458 Α.

739 5479 919 5528 ἐκεῖνα
972 5494 1079 5529 om.
1127 5479 1191 5528 Α.
1298 5477 1341 5507 ⁸9
1375 5478 1609 5546 ὕμνηται
1667 5479 1727 5531 Λ.

382 5532 677 5624 δί’τοῦπὰἶ·
710 5547 881 5598 ταῦτα
909 5548 971 5598 Λ.
1053 5548 1099 5577 ⁵³
1132 5532 1517 5624 ἐπέτυχεν’ςι.-’
1564 5550 1608 5578 ⁵⁵
1646 5551 1838 5601 ἑαυτοῦ
1876 5554 1938 5606 Λ.
2020 5554 2063 5584 ⁵⁸
2087 5532 2255 5624 ιπέριξ
2293 5555 2425 5621 πρὸς
2455 5555 2517 5607 Α.
2597 5555 2641 5587 ⁵⁷
2675 5554 2769 5607 καὶ
2808 5551 3137 5622 πωλοῦντος]
3166 5567 3220 5621 p.
3255 5549 3377 5606 585.

1271 5620 1312 5649 ⁵ο
1348 5618 1544 5688 ἀληθὲς
1578 5636 1636 5682 ς.
1707 5621 1747 5652 ⁸⁸
1785 5637 1846 5689 γε
1881 5639 1989 5677 om.
2014 5623 2079 5676 Α.

382 5629 432 5686 p.
462 5613 584 5667 586.
665 5613 734 5645 7"
762 5616 866 5688 τοι]
901 5618 1077 5672 τοίνυν
1108 5621 1172 5671 Α.

1741 5267 1790 5340 'f
1815 5269 1868 5322 ετ
1907 5287 1987 5324 τε.
2016 5271 2097 5323 ἔτι
2123 5271 2186 5322 Α.
2264 5271 2309 5302 ³⁵
2335 5287 2418 5324 σοι
2438 5287 2546 5340 put.
2718 5268 2764 5300 ³⁸
2803 5266 2998 5340 αὐτῆς]
3035 5266 3246 5340 ἑαυτῶν
3279 5268 3342 5340 Α,

1753 5338 1798 5368 ⁸⁰
1827 5341 1921 5392 καὶ
1944 5341 2003 5412 61
2029 5359 2080 5408 p.
2117 5341 2240 5394 58:2.

1545 5408 1591 5438 “
1622 5407 1730 5460 τῶν
1765 5412 1956 5462 πασῶν
1978 5407 2094 5464 δίη.
2132 5412 2197 5464 Α.

3040 5281 3246 5320 εαυτων
3279 5281 3342 5322 Α.
3415 5281 3454 5298 σι
3493 5281 3644 5333 ημων

3040 5339 3087 5367 ⁸³
3118 5337 3274 5389 ἀπὼν
3303 5339 3365 5409 Α,
3407 5334 3486 5409 ,ξ’
3507 5330 3642 5409 ἀλλ’]

3073 5409 3118 5439 ⁸⁷
3145 5409 3212 5462 τὰ
3242 5403 3454 5476 πρῶτα]
3495 5401 3641 5476 πρῴὲ

2321 5341 2361 5369 δ’
2397 5337 2464 5394 αὖ
2510 5339 2672 5393 πάλιν
2719 5354 2827 5391 um.
2878 5337 2942 5391 Α,

2300 5411 2346 5442 ⁸⁸
2383 5409 2613 5482 ἐχούῖῃί
2639 5410 2876 5482 λαχούσῃ
2912 5410 2972 5461 Α.

1806 5481 1849 5510 δ’
1886 5482 1941 5532 τὸ
2004 5485 2264 5548 παράπαν
2313 5473 2442 5534 mn."
2469 5473 2651 5535 A.m"‘
2683 5473 2996 5534 abtbvﬂom.
3057 5481 3119 5532 Α.
3199 5480 3244 5512 ⁵⁸
3276 5473 3530 5548 ἆμείνόνᾳ
3576 5473 3639 5548 ᾼε

3478 5546 3518 5578 ⁸·
3545 5539 3639 5614 μὴ’
