4012 6236
349 177 477 243 1561

1375 183 1896 246 BIBLIOTHECA.
1919 208 1981 218 ·-
2010 184 2174 248 COD.
2214 184 2568 248 CUXLVIII.

3467 178 3610 247 1562

340 290 522 345 ὁτιοῦν
550 288 764 360 ὕϐρεως
818 291 911 345 καὶ
947 292 1238 362 ἀσελγείας
1282 295 1539 350 ἀπέλιπε.
1586 299 1696 351 Καὶ
1730 297 1795 350 σὺ
1826 296 1925 366 μὲν

2052 313 2178 368 gere,
2216 298 2375 364 idque
2417 298 2649 351 alterum
2679 295 2935 362 amicum,
2990 292 3185 367 533a
3234 294 3441 349 hostem
3472 293 3611 350 alte-

340 382 495 436 οὐδὲν
518 381 777 453 ὑϐρίσθης
803 382 934 446 ἴσως
962 401 974 415 ·
1007 386 1035 438 ὁ
1063 385 1119 437 δὲ
1142 380 1222 448 οἷς
1254 389 1436 457 ἡγεῖτο
1465 385 1726 457 ὑϐρίζειν,
1757 387 1927 440 πλείω

343 473 517 527 ταῦτα
548 474 878 545 ἔπραττενῆ
939 476 1069 546 [703
1104 477 1199 550 IL]
1250 479 1317 532 δι’
1373 473 1448 533 ὧν
1483 480 1601 551 ⁴ᾔδει
1656 482 1924 551 τιμήσων.

356 567 519 628 Ἀλλ’,
556 561 600 619 ὦ
627 568 673 599 ⁸³
710 566 930 621 πάντων
956 569 1000 601 ⁸³
1028 568 1298 640 θαυμάσιε
1325 572 1571 637 Πλάτων,
1603 572 1679 645 μὴ
1716 573 1785 627 δι’
1816 574 1926 642 ἀμ-

349 661 472 725 φοῖν
497 658 652 724 ὤθει,
686 659 787 713 καὶ
806 660 979 716 ταῦτα
1001 662 1063 715 ού
1089 663 1175 717 διὰ
1207 663 1316 717 τῶν
1353 664 1524 733 φίλων
1555 666 1673 728 ὲνδς
1701 665 1795 719 καὶ
1818 665 1929 718 τῶν

345 749 558 822 ἐχθρῶν
585 749 648 814 ⁸³,
705 750 842 804 ἀλλὰ
887 752 977 806 διὰ
1011 753 1210 807 σαυτοῦ
1252 772 1310 807 τε
1359 754 1404 787 ⁸⁸
1447 756 1543 809 καὶ
1568 755 1803 823 ξτούτων,
1836 754 1930 820 οὒς

349 841 553 913 μᾶλλον
582 842 770 911 φίλους
796 839 865 913 ἦν
893 842 1040 907 είκός
1064 845 1347 914 ἡγεῖσθαι.
1374 847 1437 899 Ei
1465 846 1525 899 δὲ
1576 846 1673 918 μὴ,
1729 846 1927 900 σκόπει

350 933 428 1005 μὴ
453 934 480 987 ὅ
507 951 562 988 τι
587 934 905 1002 ὲγκαλέσεις
933 935 1001 1001 ⁸⁸,
1025 936 1140 989 ἀλλ’
1166 935 1195 989 ὃ
1222 953 1272 989 τι
1295 935 1609 1008 ἀπολογήσῃ
1643 938 1927 1009 πρότερονο

346 1025 589 1081 τοσαῦτά.
617 1027 736 1080 ἐστι
787 1026 883 1081 καὶ
926 1028 996 1081 τὰ
1031 1029 1119 1082 σά.
1156 1029 1220 1081 El
1251 1028 1296 1080 δ’
1322 1030 1365 1061 ⁸⁷
1421 1028 1592 1100 αὐτὴν
1622 1029 1708 1098 ἐφ’
1732 1029 1933 1099 ἑαυτῆς

346 1116 429 1170 δεῖ
463 1117 564 1189 τὴν
599 1117 916 1189 προαίρεσιν
971 1119 1266 1185 ἐξετάζειν,
1298 1120 1541 1174 ἀναίτιον
1596 1123 1695 1192 μὲν
1743 1121 1805 1175 τὸ
1837 1121 1930 1176 σὺν

347 1208 595 1273 εἰκότως,
624 1211 869 1264 ἀναίτιον
896 1210 953 1264 δὲ
992 1210 1058 1264 ὲκ
1084 1210 1194 1264 τῶν
1230 1211 1411 1266 αὐτῶν
1449 1214 1542 1267 καὶ
1561 1214 1624 1266 τὸ
1643 1213 1931 1285 ἡμέτερον.

348 1297 462 1351 Καὶ
490 1297 752 1368 πρόσεστι
784 1299 881 1353 καὶ
906 1299 967 1353 τὸ
995 1301 1273 1371 κρατῆσαι
1305 1301 1415 1357 τῶν
1444 1305 1810 1375 πραγμάτων,
1837 1305 1933 1359 καὶ

348 1392 410 1446 τὸ
444 1391 617 1462 μείζω
672 1393 846 1449 ταῦτα
878 1389 1021 1447 εἷναι
1054 1395 1162 1449 τῶν
1191 1412 1249 1447 τε
1278 1396 1385 1449 ὑπὸ
1428 1395 1521 1449 σοῦ
1562 1396 1926 1467 σπουδαζομέ-

351 1499 459 1534 νων
492 1474 566 1534 ὧν
592 1499 652 1535 τε
694 1482 850 1535 αὐτοὶ
902 1483 1412 1555 προσεκρούσαμεν.
1452 1486 1522 1539 Σὺ
1556 1486 1655 1556 μὲν
1685 1487 1861 1540 τοίνυν
1887 1489 1932 1520 ⁸⁸

2032 408 2147 446 rum
2174 391 2197 444 ἲ
2229 389 2425 444 Verum
2469 390 2698 455 teipsutn
2725 397 2779 442 et
2807 387 2905 442 hos
2942 398 3083 454 pete,
3114 401 3250 455 quos
3301 385 3478 455 potius
3513 385 3612 440 de-

2030 480 2197 537 bebas
2253 497 2351 551 pro
2398 480 2587 534 amicis
2623 479 2846 533 habere.
2890 476 3103 547 Alioqui
3146 491 3254 531 non
3314 475 3613 551 tamAqtrid

2032 575 2291 636 accuses',
2344 586 2503 641 quam
2559 570 2687 641 quid
2734 570 2886 640 prius
2922 584 3148 624 excuses
3190 546 3480 623 videndum
3520 566 3617 622 tibi

2035 664 2215 730 fuerit,
2267 665 2533 734 siquidem
2564 673 2651 715 tua
2703 676 2915 731 quoque
2950 669 3096 715 tanta
3126 668 3268 714 sunt.
3302 659 3398 713 Sin
3442 659 3620 727 ipsum

2033 772 2129 826 per
2157 770 2216 812 se
2242 754 2692 811 considerandum
2727 762 2810 807 est
2840 752 3151 815 consilium,
3183 766 3283 805 nec
3317 761 3465 805 tuum
3498 747 3622 803 cul-

2034 848 2148 917 pari
2175 848 2299 918 jure
2321 856 2516 916 potest,
2545 859 2645 900 nec
2666 846 2827 899 etiam
2854 844 3042 899 eadem
3065 844 3132 897 de
3152 858 3312 899 causa
3342 852 3613 906 nostrum,

2034 954 2142 1009 quo
2185 939 2390 993 accedit
2436 947 2493 991 ut
2527 937 2639 992 voti
2686 946 2961 1004 compotes
3011 934 3137 990 facti
3179 934 3372 1000 simus,
3415 941 3471 986 et
3508 932 3624 987 haec

2036 1040 2149 1085 tum
2184 1031 2289 1085 luis
2321 1030 2532 1097 studiis,
2578 1038 2689 1081 tum
2727 1028 2930 1081 nostris
2962 1025 3188 1082 offensis
3220 1034 3352 1079 sunt
3392 1023 3620 1092 majora.

2034 1124 2215 1190 Quare
2245 1138 2366 1178 cum
2393 1132 2449 1177 tu
2479 1137 2575 1177 nos
2616 1124 2944 1190 redarguere
2988 1120 3197 1183 studes,
3227 1118 3455 1187 teipsum
3486 1131 3625 1187 quo-

2034 1230 2137 1287 que
2165 1213 2363 1270 refellis
2396 1233 2411 1271 :
2444 1229 2561 1277 nos,
2585 1213 2708 1269 dum
2741 1212 2894 1265 nobis
2916 1211 3191 1281 suppetias
3213 1209 3459 1272 ferimus,
3479 1218 3627 1261 tuam

2036 1322 2253 1376 quoque
2303 1322 2417 1360 rem.
2471 1307 2701 1375 agimus.
2750 1304 3004 1371 Quinimo
3055 1312 3143 1356 tua
3187 1300 3431 1357 defensio
3458 1296 3632 1355 'nobis

2039 1412 2255 1467 quoque
2289 1398 2562 1463 convenit,
2607 1411 2794 1451 verum
2833 1394 2925 1449 tibi
2970 1410 3075 1449 non
3127 1402 3224 1456 tot,
3288 1401 3420 1461 quot
3473 1389 3631 1445 nobis

2037 1495 2160 1543 sunt
2194 1487 2524 1556 adiumenta.
2557 1487 2745 1554 Itaque
2782 1494 2842 1539 ut
2878 1484 3034 1540 nobis
3064 1486 3185 1554 quis
3212 1491 3420 1554 parcat,
3446 1482 3629 1536 incer-

350 1574 626 1644 ὲλέγχειεν
656 1575 803 1645 ἡμᾶς
825 1574 991 1640 άξιιῖιν
1028 1576 1121 1630 καὶ
1152 1576 1294 1630 κατὰ
1323 1577 1521 1631 σαυτοῦ
1539 1578 1741 1647 λέγεις,
1770 1581 1933 1650 ἡμεῖς

2052 1590 2156 1634 lum
2191 1582 2261 1636 sit
2285 1594 2351 1633 an
2393 1587 2447 1635 et
2475 1578 2568 1633 tibi
2605 1579 2727 1645 ;sin
2762 1587 2812 1632 te
2837 1578 3182 1644 condemnet,
3216 1574 3371 1631 nobis
3397 1574 3633 1629 fortasse

352 1665 410 1717 δὲ
439 1665 580 1736 ὑπὲρ
630 1665 787 1736 ἡμῶν
817 1667 997 1721 αὐτῶν
1042 1667 1295 1736 λέγοντες
1323 1670 1418 1723 καὶ
1473 1671 1517 1703 ⁸³
1546 1670 1607 1723 τὸ
1650 1669 1743 1724 σὺν
1771 1671 1934 1744 θερα-

2052 1671 2256 1725 veniam
2289 1670 2459 1725 dabit.
2497 1669 2650 1736 Quod
2685 1668 2732 1722 si
2780 1682 2880 1721 uec
2930 1668 3085 1722 nobis
3120 1675 3329 1736 parcat,
3361 1664 3495 1719 nihil
3525 1663 3633 1718 erit

357 1757 621 1827 πεύομεν.
663 1757 884 1812 Μᾶλλον
917 1758 974 1813 δὲ
1019 1759 1121 1828 τῆς
1179 1761 1280 1830 μὲν
1333 1762 1433 1831 σῆς
1486 1761 1786 1831 ἀπολογίας
1837 1763 1933 1817 καὶ

2052 1762 2117 1818 ibi
2166 1762 2536 1831 sperandum:
2591 1775 2760 1829 usque
2799 1774 2864 1815 eo
2895 1758 3125 1814 victoria
3155 1769 3337 1813 nostra
3383 1756 3527 1811 cedit
3573 1754 3631 1809 in

356 1849 517 1917 ἡμεῖς
547 1849 904 1920 μετέσχομεν,
970 1851 1053 1904 col.
1106 1850 1154 1905 δ’
1185 1853 1284 1922 οὐχ
1326 1853 1450 1906 ὅσον
1490 1856 1624 1925 ἡμῖν
1668 1855 1924 1927 ὑπάρχει.

2052 1866 2187 1910 luum
2205 1854 2568 1910 commodum.
2598 1852 2929 1919 QuaprOpter
2953 1849 3109 1902 etiam
3142 1859 3235 1902 tua
3268 1847 3499 1916 require,
3526 1862 3632 1901 non

357 1939 516 1994 Ὥστε
551 1944 599 1996 εί
632 1942 731 2013 μὲν
761 1943 918 2014 ἡμῶν
951 1960 1035 2007 τις
1068 1944 1335 2019 φείσεται,
1367 1946 1563 2016 ἄδηλον
1595 1947 1647 2001 εί
1673 1948 1768 2002 καὶ
1798 1947 1892 2002 σοῦ
1914 1966 1929 1981 ο

2052 1964 2171 2003 mea.
2195 1946 2373 2017 lnquit
2400 1948 2466 2000 ad
2501 1944 2788 2012 quemdam
2820 1942 3030 1997 Teucer
3051 1940 3283 2013 (95-95).

355 2029 403 2083 εἰ
422 2030 480 2083 δὲ
506 2031 600 2085 σοῦ
626 2048 710 2095 τις
740 2033 1060 2103 καταγνοίη,
1088 2036 1228 2105 τάχα
1260 2036 1327 2090 ἂν
1356 2039 1488 2108 ἡμῖν
1515 2055 1579 2107 γε
1613 2039 1872 2110 συγγνοίη
1898 2056 1913 2071 ·
1956 2039 2005 2093 εί
2038 2039 2083 2093 δ’
2110 2038 2181 2092 αὖ
2236 2039 2360 2109 μηδ’
2402 2038 2447 2070 ⁷ο
2477 2037 2636 2107 ήμῶν
2685 2035 2929 2104 φείσεται
2958 2035 3001 2065 ἠ
3071 2033 3232 2104 σχολῇ
3308 2049 3371 2101 γε
3400 2032 3450 2065 "’
3516 2028 3630 2086 σοῦ.

356 2120 513 2176 Οὕτω
536 2123 598 2176 τὸ
626 2125 782 2194 νικᾷν
813 2125 961 2194 ἡμᾶς
988 2124 1131 2197 ὑπὲρ
1165 2125 1258 2179 σοῦ
1292 2128 1526 2196 γίνεται.
1566 2130 1722 2200 Πρὸς
1748 2131 1935 2187 ταῦτα
1958 2134 2173 2185 σκόπει
2194 2131 2280 2201 μὴ
2318 2130 2545 2200 τούμὸν
2568 2127 2730 2183 ἀλλὰ
2768 2126 2866 2181 καί
2932 2123 2999 2178 τὸ
3031 2126 3171 2190 σὺν,
3213 2122 3457 2192 Τεῦκρος
3527 2121 3637 2193 ἔφη

354 2212 489 2266 τινί·

362 2303 452 2371 Τῷ
488 2307 881 2379 ’Δγαμέμνονι
910 2310 1277 2366 ὀνειδίσαντι
1304 2313 1373 2367 τὸ
1402 2312 1579 2382 γένος
1608 2312 1696 2366 ὅτι
1729 2313 1933 2379 νόθον,

359 2464 459 2518 καὶ
497 2463 573 2537 μὴ
600 2466 792 2537 βούλου
818 2467 996 2521 πάντα
1024 2467 1582 2539 άκριϐὦςιὲξετάςειν,
1608 2467 1742 2536 μηδὲ
1771 2466 1939 2536 τριῶν

359 2555 530 2610 ὄντων
548 2560 628 2621 εἰς
648 2557 684 2612 ἆ
708 2576 789 2618 τις
810 2559 877 2613 ἂν
899 2559 945 2591 ⁷³
974 2558 1315 2630 βλέψειε,τῆς
1344 2559 1593 2630 γνώμης,
1610 2560 1719 2612 τῶν
1740 2559 1940 2630 ἔργων,

362 2650 463 2719 τῆς
495 2650 686 2721 τύχης,
732 2652 892 2720 ἀφεὶς
943 2652 1021 2705 τὼ
1072 2650 1182 2706 δύω
1209 2651 1306 2706 τοῦ
1355 2653 1540 2723 τρίτου
1585 2652 1861 2722 λαμϐάνου
1899 2650 1944 2703 θ’

362 2743 537 2797 ταῦτα
591 2744 684 2797 καὶ
718 2744 812 2796 τοῦ
861 2743 1053 2797 τούτου
1104 2744 1359 2797 πλείστου
1393 2745 1593 2815 μέρους
1644 2742 1764 2813 μεθ’
1789 2742 1947 2813 ἡμῶν

364 2833 535 2899 ὄντος.
576 2836 636 2887 El
660 2836 769 2905 γὰρ
796 2836 944 2907 ἡμᾶς
978 2834 1083 2889 ἔδει
1114 2835 1287 2889 ταῦτα
1329 2835 1645 2904 προειδότας
1681 2834 1741 2901 ἐξ
1770 2833 1946 2904 ἀρχῆς

365 2927 683 2996 ἐξεπίτηδες
715 2927 856 2998 ὑπὲρ
891 2927 989 2996 τῆς
1023 2927 1271 2991 Ἑλλάδος
1307 2927 1457 2997 ἡμᾶς
1493 2927 1692 2990 αὐτοὺς
1732 2924 1946 2979 ἐπιδοῦ-

367 3038 477 3082 ναι,
511 3018 614 3071 οὐκ
669 3018 738 3071 ἂν
789 3017 1149 3088 ὠκνήσαμεν,
1187 3019 1295 3073 οὐδ’
1334 3018 1649 3091 ἡττήθημεν
1698 3018 1793 3070 τοῦ
1843 3018 1953 3070 Κό-

2117 2309 2509 2382 Agamemnoni
2570 2309 2920 2378 exprobranti
2981 2322 3150 2379 genus
3205 2317 3461 2450 tanquault
3502 2319 3641 2430 ἱεςιιιιο

3475 2391 3632 2450 rum,

3475 2391 3632 2457 l'lllm,

2047 2490 2149 2531 nec
2186 2476 2366 2530 omnia
2388 2488 2589 2529 conare
2615 2472 2857 2529 studiose
2882 2476 3138 2540 scrutari,
3169 2487 3345 2542 neque
3368 2487 3492 2527 cum
3527 2470 3632 2525 tria

2051 2569 2163 2625 sint
2210 2566 2625 2632 consideranda,
2672 2566 2905 2631 animus,
2954 2564 3115 2631 facta,
3140 2564 3394 2627 fortuna,
3430 2561 3642 2616 duobus

2053 2660 2292 2725 Omissis,
2346 2659 2528 2728 arripe
2564 2658 2794 2711 tertium
2819 2698 2834 2723 ,
2869 2657 3023 2726 cujus
3070 2657 3199 2711 item
3237 2670 3364 2725 pars
3402 2654 3638 2708 maxima

2056 2754 2339 2807 uobiscum
2387 2750 2534 2805 facit.
2588 2749 2799 2804 Etenim
2834 2751 2877 2803 si
2933 2749 3016 2803 bis
3059 2747 3216 2802 initio
3259 2746 3484 2809 relictis,
3543 2760 3643 2815 pro

2056 2843 2262 2900 Graecia
2286 2858 2382 2897 nos
2412 2843 2680 2897 devovere
2708 2841 3108 2903 debuissemus,
3151 2855 3258 2894 non
3293 2852 3511 2894 eramus
3554 2851 3641 2892 re—

2058 2937 2319 3001 cusaturi,
2346 2949 2521 3004 neque
2554 2934 2733 2989 Codro
2779 2943 2984 2988 tantum
3017 2933 3227 2987 cessuri
3258 2950 3271 2988 :
3304 2941 3466 3000 atque
3488 2928 3556 2985 ad
3584 2928 3639 2985 id

2058 3038 2139 3092 tu,
2189 3029 2374 3093 credo,
2420 3026 2737 3080 adhortatus
2772 3041 2945 3081 esses.
2997 3027 3110 3097 Age
3146 3039 3275 3080 veru
3320 3031 3497 3078 utrum
3540 3022 3647 3078 hoc

367 3111 495 3179 δρου
527 3111 815 3165 τοσοῦτον·
856 3112 950 3165 καὶ
1005 3112 1070 3166 σύ
1099 3111 1149 3180 γ’
1195 3112 1261 3166 ἂν
1302 3107 1455 3181 οἶμαι
1485 3112 1659 3164 ταῦτα
1693 3109 1945 3163 συνεϐού-

2059 3120 2364 3186 maluisses,
2389 3126 2449 3172 ιιι
2485 3117 2619 3172 nihil
2652 3132 2684 3172 a
2714 3117 2870 3172 nobis
2900 3127 3110 3187 gestum
3156 3130 3393 3184 unquam
3427 3115 3645 3180 fuisset,

369 3204 587 3267 λευσας.
616 3202 783 3275 [1500
816 3200 911 3272 R.]
959 3203 1134 3268 Ἐπεὶ,
1188 3201 1321 3272 φέρε
1349 3203 1486 3272 πρὸς
1533 3201 1731 3269 φιλίου,
1770 3200 1954 3271 πότερ’

375 3298 441 3351 ἂν
459 3299 505 3328 ⁷⁸
530 3297 726 3367 μᾶλλον
754 3295 1077 3367 ἐϐουλήθης,
1105 3298 1242 3368 μήτε
1270 3297 1337 3349 τὰ
1368 3294 1682 3366 πραχθέντα
1713 3294 1781 3347 δι’
1801 3293 1960 3365 ἡμῶν

380 3388 696 3457 πεπρᾶχθαι
727 3391 790 3458 τῇ
835 3388 1008 3453 πόλει,
1044 3389 1180 3457 μήτε
1212 3388 1293 3449 είς
1322 3387 1468 3456 ἡμᾶς
1493 3385 1697 3455 μηδένα
1718 3384 1823 3438 τῶν
1860 3403 1958 3438 πο-

375 3478 545 3533 λιτῶν
568 3478 894 3551 ἐξαμαρτεῖν
916 3498 930 3546 ;
952 3478 1147 3532 οὐκοῦν
1171 3477 1350 3546 ἕτεροι
1380 3475 1475 3528 καὶ
1495 3478 1574 3538 εἰς
1594 3477 1741 3545 ἡμᾶς
1760 3476 1856 3529 καὶ
1880 3477 1961 3538 είς

381 3572 621 3635 ἐκείνους
638 3572 881 3642 ἔμελλονο
903 3572 938 3644 ἢ
962 3572 1184 3625 ἐκείνων
1203 3587 1267 3639 γε
1284 3570 1447 3625 ἓνεκα
1465 3569 1602 3622 ὥστε
1623 3568 1959 3639 πραχθῆναι,

380 3664 475 3718 καὶ
502 3662 676 3719 ταῦτα
707 3665 758 3717 εί
779 3663 888 3718 δέοι
923 3664 1233 3735 συμϐῆναις
1283 3661 1427 3730 Ἐγὼ
1466 3660 1564 3730 μὲν
1589 3655 1959 3731 οἷμαιταῦτα.

380 3755 591 3811 θύκοῦν
619 3756 694 3809 ὅτ’
737 3756 1000 3826 ἀμφότερ’
1049 3755 1118 3810 ἂν
1146 3755 1193 3787 ⁷⁵
1223 3752 1391 3823 φαίης
1439 3750 1646 3804 ἐθέλειν
1680 3748 1880 3820 μᾶλλον
1926 3746 1962 3818 ἢ

387 3849 678 3920 μηδέτερα,
714 3847 998 3920 ὁμολογεῖς
1035 3847 1131 3902 καὶ
1166 3848 1280 3910 τοῖς
1314 3845 1794 3913 πεπολιτευμένοις
1826 3842 1962 3911 ἡμῖν

384 3942 599 3997 ἅπαντα
630 3943 665 3995 ἃ
690 3942 960 4013 προσήκει
986 3941 1289 4012 προσεῖναι,
1317 3938 1410 3991 καὶ
1439 3935 1697 4008 μειζόνως
1729 3934 1797 3988 τά
1824 3933 1962 4003 πρὸς

385 4035 628 4101 εὐδοξίαν
648 4035 694 4067 ⁷⁸
721 4036 787 4106 τῇ
830 4033 985 4087 πόλει
1034 4032 1137 4100 τῆς
1178 4030 1356 4095 αἰτίας
1414 4025 1574 4083 εῖναι.
1613 4026 1735 4090 Πῶς
1773 4025 1866 4079 οὖν
1901 4025 1960 4078 οὐ

382 4126 589 4188 δίκαιος
618 4120 760 4198 ἦσθα
788 4123 986 4193 μᾶλλον
1010 4124 1251 4176 ἐπαινεῖν
1277 4121 1555 4192 ἢψέγειν;
1597 4117 1683 4181 Ὠς
1705 4118 1751 4171 δ’
1774 4116 1964 4180 ἁπλῶς

386 4221 558 4272 εἰπεῖν
582 4218 650 4284 ⁷⁷,
679 4216 782 4270 πού
804 4216 1013 4269 δίκαιον
1048 4213 1241 4285 μόνους
1277 4214 1527 4266 ἀπαιτεῖν
1574 4210 1804 4273 εὐθύνας
1836 4208 1963 4271 τοὺς

385 4312 445 4363 ού
480 4311 674 4380 μόνους
721 4308 831 4359 τῶν
861 4306 1206 4378 πραγμάτων
1238 4304 1482 4371 αἱτίους;
1515 4300 1708 4356 οὔκουν
1741 4300 1867 4364 τούς
1898 4317 1964 4369 γε

387 4403 635 4472 ἡνιόχους
664 4397 967 4468 αἰτιώμεθα
990 4399 1117 4462 τοὺς
1140 4398 1185 4429 ⁷⁸
1210 4396 1269 4463 ἐξ
1301 4394 1499 4466 ἀρχῆς,
1533 4393 1600 4447 ἂν
1624 4391 1812 4460 ἕτερος
1836 4390 1964 4454 τοὺς

2063 3227 2165 3268 nec
2192 3212 2245 3265 in
2275 3226 2373 3266 nos
2422 3209 2620 3265 civium
2652 3210 2937 3278 quisquam
2974 3214 3252 3277 peccasset
3297 3206 3506 3278 (itaque
3535 3212 3645 3258 tam

2063 3305 2115 3359 in
2168 3321 2266 3359 nos
2303 3320 2465 3372 quam
2497 3304 2551 3357 in
2600 3304 2742 3370 illus,
2775 3310 2932 3357 erant
2983 3302 3074 3355 alii
3126 3297 3426 3369 peccaturi)
3475 3313 3541 3350 an
3587 3306 3649 3351 ttt

2064 3401 2177 3454 ha'c
2202 3413 2439 3470 quoque,
2472 3398 2515 3454 si
2555 3397 2733 3452 fuerat
2762 3410 2915 3466 Opus,
2949 3410 3058 3466 quo
3108 3394 3296 3449 fierent
3330 3393 3443 3458 illa,
3475 3391 3650 3447 conti-

2062 3490 2290 3558 gissent.
2327 3489 2470 3555 llaec,
2505 3489 2762 3553 arbitror,
2795 3487 3003 3542 malles.
3031 3485 3172 3556 Ergo
3201 3499 3325 3539 cum
3361 3494 3652 3550 utrumque

2065 3592 2116 3635 te
2142 3597 2305 3651 quam
2336 3590 2586 3636 neutrum
2638 3578 2796 3633 malle
2827 3578 2988 3643 dicis,
3026 3592 3151 3632 cum
3188 3577 3368 3631 omnia
3398 3589 3518 3645 qua:
3559 3590 3652 3629 re-

2062 3673 2418 3744 quirebautur
2452 3674 2506 3727 in
2547 3670 3077 3727 administrationem
3106 3678 3345 3725 nostram
3392 3666 3652 3723 incidisse

2063 3750 2367 3829 confiteris,
2385 3774 2494 3818 tum
2518 3762 2668 3833 plura
2693 3762 2839 3830 urbi,
2860 3761 2929 3816 de
2956 3762 3152 3831 quibus
3179 3759 3460 3830 glorietur,
3484 3772 3649 3828 quam

2061 3858 2131 3913 ob
2157 3870 2276 3927 quae
2302 3854 2754 3925 reprehendatur,
2789 3862 3101 3922 suppetere.
3130 3852 3271 3919 Quin
3302 3865 3433 3921 ergo
3461 3849 3653 3906 laudas

2064 3950 2240 4018 potius
2262 3964 2423 4018 quam
2458 3948 2761 4016 vituperas.
2792 3945 3033 4015 Denique
3071 3959 3177 4000 cur
3202 3943 3270 3998 ab
3301 3943 3370 3998 iis
3416 3941 3655 3998 rationes

2066 4035 2362 4103 repetimus
2403 4034 2554 4100 solis,
2588 4033 2682 4103 qui
2725 4033 2826 4090 soli
2872 4049 3055 4088 rerum
3089 4042 3341 4089 auctores
3379 4046 3487 4086 non
3535 4030 3656 4086 fue-

2064 4134 2212 4183 runt.
2259 4125 2393 4180 Nam
2440 4141 2541 4182 nee
2578 4127 2784 4197 primos
2826 4126 3272 4198 reprehendimus
3311 4123 3549 4192 aurigas,
3598 4121 3649 4176 sl

2064 4222 2188 4292 quis
2221 4221 2441 4275 eosdem
2484 4236 2653 4289 equos
2697 4221 2835 4275 alius
2869 4221 3166 4276 deteriores
3232 4215 3427 4289 4331)
3477 4215 3656 4270 reddi-

2066 4314 2224 4369 derit.
2274 4313 2473 4368 Verum
2531 4322 2588 4368 et
2634 4312 2836 4382 aurigae
2895 4324 3268 4381 equorumque
3334 4307 3660 4377 domitores,

2066 4404 2310 4473 magistri
2352 4403 2489 4458 fiunt
2534 4401 2726 4472 pluris,
2752 4416 2875 4456 cum
2912 4401 3002 4455 alii
3038 4398 3286 4455 eamdem
3329 4405 3656 4467 potestatem

388 4493 584 4554 αὐτοὺς
620 4492 820 4553 ἵππους
855 4487 1185 4560 παραλαϐὼν
1227 4487 1453 4547 κακίους
1485 4481 1776 4553 ἀποδείξῃ·
1829 4480 1945 4533 ἀλλὲ

2071 4496 2237 4561 nacti,
2294 4510 2398 4549 non
2442 4495 2632 4549 eodem
2678 4492 2839 4547 modo
2883 4506 2944 4548 se
2991 4498 3206 4561 gerunt,
3262 4486 3425 4557 idque
3465 4485 3657 4540 eodem

390 4584 485 4638 καὶ
511 4584 714 4655 ἡνίοχοι
745 4583 836 4636 καὶ
867 4580 1219 4649 πωλοδάμναι
1253 4576 1349 4633 καὶ
1378 4574 1685 4630 διδάσκαλοι
1709 4572 1968 4643 μειζόνως

2068 4590 2337 4651 tempore.
2370 4581 2482 4652 Age
2508 4596 2661 4648 vero,
2697 4595 2821 4650 quae
2860 4580 2994 4634 viris
3023 4578 3108 4635 his
3139 4576 3461 4641 acciderint,
3489 4574 3658 4628 etiam

392 4675 788 4747 εὐδοκιμοῦσιν,
807 4675 936 4729 ὅταν
959 4672 1068 4727 τῶν
1094 4670 1273 4725 αὐτῶν
1296 4670 1473 4740 ἕτεροι
1490 4666 1670 4737 κύριοι
1699 4662 1945 4718 καθεστῶ

2067 4684 2467 4739 percurramus.
2502 4669 2689 4739 Neque
2734 4671 2878 4725 enim
2915 4683 3105 4723 omnes
3138 4668 3327 4721 eodem
3362 4663 3524 4719 modo
3560 4677 3662 4733 po-

391 4785 484 4830 τες
505 4768 579 4837 μὴ
598 4766 705 4820 τῶν
724 4767 857 4820 ίσων
876 4765 1018 4830 ἄξιοι
1042 4765 1328 4832 γένωνται,
1359 4762 1454 4815 καὶ
1466 4758 1532 4829 νὴ
1550 4757 1626 4811 Δί’
1645 4757 1712 4812 ἄν
1725 4756 1770 4788 ⁷⁸
1798 4772 1861 4822 γε
1878 4771 1945 4807 κα

2069 4760 2227 4832 pulus
2270 4762 2679 4829 condemnavit,
2706 4775 2890 4830 neque
2910 4761 2965 4815 id
3009 4758 3086 4813 illi
3123 4754 3399 4813 communi
3439 4755 3665 4810 decrrto

393 4861 535 4915 κατὰ
561 4861 688 4925 τοὺς
722 4858 917 4921 αὐτοὺς
944 4857 1191 4927 χρόνους.
1220 4854 1359 4925 Φέρε
1392 4852 1457 4921 δὴ
1478 4850 1525 4882 ⁸⁸
1554 4849 1649 4902 καὶ
1692 4847 1822 4917 περὶ
1861 4846 1945 4898 τιῖι¹

2068 4862 2197 4906 sunt
2244 4851 2412 4920 passi,
2459 4866 2635 4921 neque
2685 4850 2849 4906 etiam
2925 4864 3151 4918 prorsus
3195 4859 3404 4903 omnes.
3452 4842 3656 4899 Verum

394 4951 820 5024 συμϐεϐηκότων
857 4948 1035 5009 αὐτῶν
1064 4950 1177 5011 τοῖς
1219 4943 1444 5016 ἀνδράσι
1490 4939 1822 5010 σκεψώμεθα
1876 4955 1945 4990 κα

2070 4940 2467 4997 Themistocles
2526 4942 2745 5013 quidem
2789 4950 2847 4998 et
2896 4940 3092 4998 Cimon
3139 4938 3468 4995 ostracistno
3528 4939 3658 4989 sunt

1666 5052 1902 5107 VARIE
1940 5055 2349 5115 LECTIONES.

466 5163 510 5193 ιι
539 5159 650 5213 ἀλλ’
689 5152 758 5229 ὦ]
791 5173 843 5224 ρ,
870 5156 997 5229 587,
1074 5155 1119 5186 ⁸³
1147 5152 1362 5229 πάντων
1387 5164 1500 5229 ραι.
1523 5147 1601 5229 ‘A.
1679 5144 1853 5229 “.xal
1882 5149 1989 5229 τῷν
2017 5151 2226 5229 ἐχθρῶν
2258 5165 2369 5229 om.
2535 5148 2680 5229 ⁸⁵-τε
2711 5161 2823 5229 om.
2853 5148 2920 5201 A.
2966 5145 3042 5229 ..ξ’
3066 5141 3371 5229 ἐγκαλὲσης
3392 5141 3458 5196 Ac
3534 5140 3660 5229 ’ἷξε

394 5233 463 5305 δ’]
505 5247 558 5301 p.
595 5230 717 5285 589.
748 5214 758 5229 ’
793 5214 839 5262 3°
879 5227 1059 5280 τοίνυν
1095 5240 1203 5278 om.
1245 5224 1308 5275 A.
1386 5220 1433 5251 °’
1452 5219 1546 5271 καὶ
1573 5232 1682 5271 om.
1720 5215 1787 5270 A.
1829 5218 1986 5288 ἡμῶν
2020 5214 2223 5362 αξιτῶνί
2258 5218 2421 5273 αὐτοῦ
2454 5218 2520 5275 Α,
2593 5220 2639 5250 το
2678 5214 2746 5271 αὖ

394 5303 462 5358 Α.
538 5304 587 5334 ’³
618 5298 706 5362 γε]
737 5299 791 5362 γ’
819 5300 884 5353 ἂν
917 5298 983 5361 Α,
1014 5312 1065 5350 v.
1098 5294 1220 5349 libri
1254 5289 1579 5362 βοειίτοίνυν
1616 5301 1671 5362 _v.
1703 5286 2020 5362 ίὶροιιιιῃιηΔ
2062 5290 2108 5322 τε
2132 5288 2197 5343 ἂν
2263 5289 2355 5362 ut
2386 5288 2452 5344 Α,
2517 5288 2745 5362 1,34,;

394 5286 463 5358 Δί
506 5286 587 5334 ἠ
618 5298 791 5371 γε]γ’
819 5300 884 5353 ἂν
917 5298 1065 5371 Α,λν.
1098 5294 1220 5371 libri
1254 5289 1579 5371 post'ro‘lguv
1616 5301 1671 5371 γ.
1703 5286 1736 5371 ί)

2789 5234 2852 5286 γε
2882 5215 3008 5288 μηδ’
3041 5229 3103 5288 ς.
3123 5284 3142 5288 _
3179 5215 3221 5247 "
3248 5215 3658 5288 φείσεται-ραι..

2062 5290 2108 5322 ⁷³
2132 5277 2223 5357 ἂν]
2263 5289 2355 5346 καὶ
2386 5288 2452 5344 Α.
2529 5289 2576 5320 ⁷⁸
2614 5277 2856 5357 πότερόν,
2882 5277 2960 5341 Ἁί
3027 5286 3074 5318 ⁷⁸
3105 5284 3184 5357 λᾷν
3214 5277 3435 5357 ιιιίιίηΑ.
3507 5280 3559 5357 _"
3590 5277 3659 5335 τὰ

397 5348 534 5445 iis;
572 5348 1039 5445 εὐδοξίαν-ᾇιῇ
1100 5348 1267 5445 ,τιξὼξ
1294 5357 1553 5445 δ’Λίιπλῶς
1583 5348 1775 5410 εἰπεῖν’
1797 5355 1871 5427 (p.
1904 5358 2030 5430 594)
2055 5374 2166 5415 om.
2198 5348 2263 5415 Ᾱ.
2303 5358 2535 5432 δίκαιον]
2550 5359 2606 5414 δὲ
2629 5348 2835 5413 δίκαιον
2848 5348 2948 5412 καὶ
2964 5358 3029 5413 Α.
3104 5354 3151 5389 ⁷⁸
3177 5354 3302 5419 τοὺς
3334 5352 3377 5409 A
3418 5368 3434 5408 :
3474 5348 3568 5414 οὓς
3587 5364 3655 5414 ς.

398 5431 538 5498 η’ἂύ
565 5458 674 5499 om.
710 5431 783 5495 Ἀ.
857 5438 905 5471 ⁸ο
934 5437 1066 5511 φέρε
1096 5432 1184 5508 δὴ]
1209 5450 1261 5505 p.
1302 5431 1425 5489 598.

1921 5518 2144 5581 ΝΟΤᾸῇ.

473 5628 695 5700 (93-95)
720 5626 1037 5696 Quentdam,
1068 5625 1525 5693 Agamemnonem
1558 5620 1712 5687 .ljace
1752 5613 2051 5685 Soplmtslis.
