4012 6236
479 227 616 294 1567

1614 245 1879 309 PHOTII
1905 250 2410 317 PATRIARCHAE
2450 257 2560 320 (ΣΡ.

3579 273 3700 344 1563

476 355 506 394 a
542 340 913 411 vituperandis
950 342 1078 408 reis,
1119 345 1306 414 credo,
1369 348 1748 408 abstinuisset.
1781 355 2044 412 Caeterum

2157 365 2529 434 κατηγόρηκε,
2564 367 2663 440 τὴν
2694 367 2794 440 μὲν
2826 369 2996 442 τύχην
3029 371 3153 426 ἀντὶ
3181 375 3399 448 γνώμης
3433 379 3700 450 ἐξετάζων,

475 431 521 486 si
557 431 707 487 viros
761 443 992 502 utroque
1036 436 1200 492 modo
1251 438 1388 494 volet
1426 439 1580 498 Plato
1632 448 2057 518 reprehendere,

475 522 629 592 quasi
667 535 883 580 acutum
938 527 1196 595 quiddam
1227 532 1538 603 arripuerit,
1571 539 1700 606 quid
1748 551 1896 596 vetat
1923 559 2060 612 quo-

478 615 660 672 minus
708 617 906 686 aliquis
953 635 1052 689 par
1089 622 1203 690 pari
1252 625 1504 694 reddens,
1552 637 1779 702 utroque
1845 651 2060 691 rursum

477 710 639 764 modo
674 709 776 766 sic
807 712 1122 784 dissolvat?
1183 715 1241 772 Si
1311 733 1406 774 eos
1455 731 1606 778 recte
1649 732 1706 778 et
1758 723 1900 792 iuste
1933 742 2064 783 con-

475 794 797 852 demnarunt
828 799 1208 870 Athenienses,
1242 820 1349 862 non
1373 818 1531 864 erant
1550 810 1619 866 ab
1641 812 1748 870 illis
1776 819 2014 888 corrupti
2043 837 2059 876 :

475 898 603 938 nam
645 901 769 942 cum
823 898 971 946 recte
998 896 1258 962 agebant,
1316 912 1422 953 non
1458 913 1556 957 eos
1585 901 1663 958 illi
1685 918 2058 975 corruperant.

475 971 656 1039 Quare
695 975 740 1031 si
799 980 996 1035 merito
1029 991 1155 1036 sunt
1185 985 1552 1058 condemnati,
1589 1005 1697 1048 non
1725 992 1814 1050 hic
1847 971 2062 1066 pejores

473 1074 655 1132 erunt,
700 1066 902 1140 a35a
965 1071 1051 1126 sin
1128 1089 1222 1129 eos
1298 1077 1503 1149 injuste
1583 1085 2056 1156 condemnarunt,

478 1153 728 1222 iujuriam
751 1161 895 1228 passi
945 1173 1074 1218 sunt
1101 1167 1225 1231 viri,
1264 1184 1369 1224 non
1401 1164 1698 1232 intulerunt
1732 1195 1745 1230 :
1799 1180 1932 1235 tales
1959 1197 2060 1237 au-

475 1251 581 1296 tem
642 1245 933 1316 adjuvandi
972 1263 1122 1317 sunt,
1173 1271 1280 1311 non
1311 1263 1605 1318 accusandi
1636 1305 1651 1328 ,
1683 1276 1776 1322 aut
1797 1270 1842 1324 si
1867 1269 2054 1339 juvari

473 1347 768 1406 nequeunt,
831 1341 1022 1398 saltem
1073 1352 1320 1404 accusari
1363 1369 1470 1407 non
1527 1355 1743 1414 debent.
1775 1359 1901 1430 Ego:
1934 1379 2061 1419 vero

471 1423 892 1493 elegantior-ibus
931 1433 1046 1490 haec
1075 1437 1340 1509 relinquo.
1369 1441 1486 1511 lpse
1526 1457 1706 1503 autem
1737 1452 1864 1520 quid
1911 1453 2058 1509 aﬂir—

474 1520 599 1573 uto?
651 1533 742 1577 aut
787 1543 948 1597 quam
991 1533 1262 1590 rationem
1326 1543 1577 1610 sequor?
1648 1543 1766 1602 Non
1829 1559 2059 1618 possunt

2159 453 2259 523 τὴν
2287 455 2333 508 δ’
2361 457 2565 527 ἑτέρων
2599 461 2875 533 ἁμαρτίαν
2913 462 2988 527 ὡς
3011 464 3234 519 ἐκείνων
3260 462 3423 524 οὖσαν
3448 471 3626 539 τιθείς.
3645 477 3700 531 El

2160 544 2218 598 δὲ
2237 548 2362 611 τοὺς
2386 545 2935 624 καταψηφιζομένους
2955 555 3050 609 καὶ
3074 560 3186 621 τοῖς
3206 557 3390 624 ἵπποις
3415 563 3704 632 ἀπεικάζων

2161 641 2277 701 τοῖς
2308 640 2656 707 λακτίζουσιν
2702 647 2921 718 ἰσχυρόν
2943 665 2997 701 τι
3026 647 3203 717 λέγειν
3231 650 3349 704 καθ’
3375 645 3448 708 ὧν
3491 656 3523 727 ἡ
3547 657 3708 728 ψῆφος

2161 731 2354 799 οῖεται,
2374 734 2510 805 ταχύ
2540 738 2596 804 γ’
2619 736 2685 791 ἂν
2714 739 2764 792 εί
2785 741 2898 804 τοῖς
2930 740 3137 794 δώδεκα
3161 743 3303 807 θεοῖς
3331 743 3484 815 ἔσχεν
3511 749 3708 806 εἰκάσαι

2159 822 2289 887 τοὺς
2321 828 2717 896 καταγνόντας,
2749 831 3008 902 ἀπέσχετ’
3039 833 3108 887 ἂν
3147 833 3258 888 τῶν
3286 836 3518 893 ἁλόντων
3564 841 3622 894 τὺ
3643 843 3709 916 μὴ

2160 913 2223 966 οὐ
2264 917 2451 980 κακῶς
2489 920 2684 976 εἰπεῖν.
2717 922 2780 974 El
2801 922 2846 976 δ’
2871 925 2918 956 ³⁸
2946 925 3035 978 ἐπ’
3078 926 3362 999 ἀμφότερα
3405 930 3618 986 Πλάτων
3636 913 3712 988 al;

2161 1005 2409 1062 τιάσεται
2437 1011 2567 1072 τοὺς
2609 1011 2827 1083 ἄνδρας,
2853 1014 3043 1088 ὥσπερ
3075 1018 3237 1088 σοφοῦ
3285 1021 3428 1085 τινὸς
3467 1023 3711 1096 εἰλημμέ-

2161 1110 2252 1158 νος
2274 1097 2342 1164 ¹⁷,
2367 1098 2421 1151 τί
2449 1100 2650 1154 κωλύει
2683 1104 2806 1157 τινά
2841 1106 2942 1169 τάς
2976 1107 3168 1177 ὁμοίας
3199 1111 3608 1168 ἀνταποδιδόντα
3635 1117 3712 1170 ἐπ’

2161 1186 2450 1260 ἀμφότερα
2479 1191 2546 1245 αὖ
2567 1193 2612 1224 ’⁸
2646 1195 2966 1263 φιλονείκως
2998 1199 3468 1271 ὑπολαμσάνοντα,
3499 1205 3712 1262 διαλύειν

2161 1278 2260 1330 ὡδὶ
2280 1279 2373 1334 τὸν
2400 1281 2576 1352 λόγον,
2593 1285 2674 1339 ὅτι
2699 1288 2748 1340 εί
2773 1289 2952 1352 καλῶς
2973 1291 3065 1344 καὶ
3086 1291 3154 1345 τὰ
3174 1293 3358 1348 δίκαια
3376 1297 3549 1352 αὐτῶν
3577 1299 3717 1372 Ἀθη-

2161 1371 2300 1423 ναῖοι
2331 1373 2702 1442 κατέγνωσαν,
2730 1379 2829 1432 οὐκ
2849 1373 2992 1450 ἦσαν
3019 1382 3111 1436 ὑπ’
3130 1384 3311 1437 αὐτῶν
3328 1386 3711 1459 διεφθαρμένου

2162 1460 2231 1514 τὰ
2264 1462 2372 1533 γάρ
2405 1464 2589 1520 δίκαια
2622 1469 2862 1525 ἐποίουν.
2899 1473 3111 1527 Οὐκοῦν
3132 1475 3241 1529 οὐδ’
3267 1476 3461 1531 ἐκεῖνοι
3481 1479 3715 1554 διεφθάρ-

2165 1568 2358 1608 κεσαν’
2392 1555 2534 1611 ὥστε
2584 1560 2635 1612 εί
2681 1559 2912 1626 δικαίως
2957 1564 3228 1633 ἑάλωσαν,
3278 1567 3431 1621 οὐδὲν
3473 1570 3634 1644 ταύτῃ
3659 1589 3714 1641 γε

473 1611 688 1680 utrique
761 1619 920 1672 simul
973 1626 1253 1691 accusari,
1307 1638 1363 1683 et
1446 1633 1637 1703 vulgus
1693 1645 1751 1692 et
1793 1641 1916 1705 viri,
1953 1642 2044 1698 nis

473 1702 670 1735 mltos-na
732 1710 1013 1735 .“nnu'm..-
1057 1715 1166 1735 ..ιΔ
1272 1721 1282 1731 ι
1359 1723 1368 1733 .
1470 1725 1480 1735 .
1725 1729 1762 1735 _

2167 1645 2385 1717 χείρους
2403 1644 2566 1721 ἦσαν.
2593 1611 2655 1706 El
3006 1658 3191 1714 αὐτῶν
3213 1611 3417 1715 ὶκεῖνοι
3444 1611 3717 1735 κατεψηφί-

471 1702 673 1758 al'eros
732 1710 1016 1768 manifeste
1050 1715 1368 1775 calumniari
1399 1725 1666 1782 volumus.
1723 1729 1932 1788 Etenim
2007 1736 2056 1793 si

471 1803 616 1846 recte
669 1796 782 1850 sint
840 1803 1211 1871 condemnati,
1272 1810 1370 1876 ipsi
1433 1816 1648 1882 quidem
1719 1821 1924 1878 fuerint
1956 1827 2056 1880 im-

471 1883 658 1950 probi;
694 1891 922 1956 populus
955 1895 1130 1952 oflicio
1155 1915 1254 1955 suo
1302 1901 1516 1961 functus
1547 1918 1648 1965 est.
1698 1911 1886 1983 itaque
1944 1934 2048 1973 non

471 1973 629 2027 debet
650 1979 718 2030 ob
760 1979 900 2036 hanc
948 2000 1062 2040 rem
1108 1990 1326 2056 quidem
1379 1995 1620 2066 culpari,
1675 2018 1744 2056 an
1771 2020 1900 2075 ergo
1931 2024 2052 2064 cum

470 2079 594 2117 eum
637 2083 757 2122 eum
800 2071 1188 2136 ferocientibus
1233 2083 1415 2140 bestiis
1467 2104 1875 2161 comparamus,
1908 2113 2055 2156 recte

471 2171 567 2207 nos
602 2155 784 2216 facere
859 2164 1139 2224 dicemus?
1197 2172 1292 2228 Sin
1343 2182 1597 2246 peccavit
1649 2187 1907 2255 populus,
1946 2207 2052 2246 una

468 2261 592 2302 eum
649 2251 837 2320 ipsius,
890 2272 1113 2326 peccato
1168 2266 1410 2323 virorum
1489 2276 1744 2341 probrum
1803 2282 2047 2341 diluitur.

470 2337 525 2393 ltt
560 2341 659 2396 hoc
691 2347 833 2400 enim
869 2351 984 2418 ipso
1020 2355 1381 2416 Athenienses
1427 2364 1728 2435 deliquisse
1779 2373 2036 2442 dicimus,

466 2428 606 2494 quod
633 2430 750 2484 illos
809 2437 1020 2503 exsilio,
1084 2447 1329 2511 pecunia,
1383 2451 1464 2504 vel
1499 2453 1604 2508 alia
1628 2470 1687 2510 re
1710 2474 2036 2532 quacunque

470 2519 790 2578 multarunt.
831 2526 968 2594 Quid
1003 2543 1182 2589 autem
1218 2537 1335 2594 haec
1375 2541 1536 2598 affert
1577 2549 1761 2604 ratio?
1801 2519 2052 2611 niltileos

467 2608 658 2665 horum
697 2618 920 2675 meritos
954 2638 1094 2680 esse.
1129 2627 1295 2698 Atqui
1329 2632 1373 2686 si
1417 2635 1557 2688 male
1577 2637 1842 2708 fecerant,
1873 2647 2048 2702 meriti

464 2712 668 2770 erant;
715 2712 972 2778 quoniam
1023 2727 1206 2774 autem
1262 2727 1445 2780 meriti
1488 2745 1592 2784 non
1623 2746 1802 2802 erant,
1845 2737 2050 2807 liquido

461 2795 736 2897 colligitur
794 2808 938 2863 male
991 2813 1125 2868 nihil
1175 2816 1388 2876 fecisse.
1419 2821 1540 2878 Jam
1575 2829 1667 2895 qui
1710 2795 2044 2897 probis-ma;

464 2884 722 2954 ledicunt,
757 2905 812 2949 et
852 2900 1156 2963 calumnias
1220 2909 1491 2982 ingerunt,
1527 2934 1633 2973 non
1671 2923 1858 2993 utique
1880 2931 2048 2998 probe

652 2991 665 2998 -
744 2986 782 2998 --
904 2993 915 2998 -
961 2994 971 2998 -

461 2976 689 3078 faciunt.
739 2986 848 3045 Nos
903 2993 1068 3064 igitur
1138 3016 1236 3067 pro
1301 3012 1648 3069 accusatione
1697 2976 2048 3091 utroruinque

1628 3067 1641 3069 _
1703 3067 2045 3091 .7----.----,....

451 3067 654 3134 justam
717 3088 1076 3157 utrorumque
1147 3093 1514 3156 defensionem
1556 3105 1921 3179 proferemus,
1980 3131 2045 3172 ae

463 3177 564 3263 uec
627 3173 810 3238 populi
863 3178 1028 3234 totius
1081 3186 1222 3240 hanc
1274 3203 1396 3246 esse
1471 3196 1708 3267 culpam,
1755 3218 1855 3261 nec
1924 3207 2044 3266 illos

454 3251 627 3357 sicubi
683 3262 1048 3338 offenderunt,
1077 3277 1292 3345 pejores
1322 3282 1508 3340 haberi
1545 3287 1747 3348 debere
1769 3296 2036 3357 dicemus.

455 3341 563 3399 Nec
629 3350 772 3405 enim
819 3366 879 3412 ut
925 3341 1157 3422 athletis
1209 3372 1369 3438 solet,
1422 3377 1504 3432 sic
1549 3391 1604 3435 et
1659 3389 1834 3453 poetis
1895 3408 2032 3461 pra:-

451 3439 809 3500 stautioribus
881 3466 1096 3522 semper
1145 3460 1390 3520 defertur
1438 3470 1690 3541 victoria,
1736 3439 1924 3536 vernn:
1981 3497 2037 3540 et

452 3525 538 3580 hic
571 3529 910 3596 Pindaricum
949 3546 1078 3601 illud
1112 3550 1286 3609 locum
1335 3558 1514 3628 habet,
1563 3569 1846 3629 verissime
1877 3576 2032 3634 enim

449 3621 645 3676 cecinit
671 3627 756 3682 ille
793 3648 808 3684 :

447 3710 775 3838 ἀμφοτέρων
805 3724 944 3838 ὑπέρ
966 3731 1296 3808 ἀμφοτέρων
1323 3745 1395 3800 τὰ
1422 3750 1526 3819 πρέ
1537 3771 1702 3811 ποντα
1733 3760 2109 3838 ἀπολογούμεθ

450 3822 694 3876 σκοντες,
719 3816 842 3872 οὔτε
873 3822 1116 3892 ἐκείνους
1149 3837 1470 3907 προσήκειν,

447 3897 695 3990 ἀθλητῶν
723 3908 866 3964 οὕτω
890 3897 1206 3986 συμβαίνει..
1223 3931 1293 3983 τά
1315 3897 1388 3990 ¹δὲ

446 3988 508 4042 τὸ
553 3994 647 4048 τοῦ
695 3998 958 4072 Πινδάρου
1010 4017 1240 4080 κρατεῖ·
1287 4021 1398 4074 πάν

518 4104 611 4175 [In
665 4110 804 4167 circa
840 4127 1016 4172 autem
1046 4122 1282 4193 fortuna,
1318 4147 1421 4188 non
1451 4138 1612 4193 robur
1635 4185 1649 4208 ,
1689 4148 1868 4206 vincit.

513 4215 700 4287 Itaque
745 4224 1089 4296 conspicatus
1117 4231 1398 4296 Eumelnm
1436 4246 1690 4315 Achilles,
1743 4258 2022 4316 cadentem

445 4322 475 4360 e
511 4323 672 4365 curru
727 4317 981 4376 misertus
1029 4325 1201 4385 dixit:

513 4423 754 4493 Optimus
803 4447 1034 4494 extremo
1069 4443 1148 4496 υἱι-
1185 4462 1342 4517 equos
1388 4454 1495 4524 agit
1524 4459 1706 4517 ordine
1738 4465 1921 4535 fortes.

509 4535 670 4607 Atqui
700 4543 992 4649 absurdum
1023 4565 1142 4608 erat
1171 4555 1371 4616 haecita
1397 4564 1653 4640 deinceps
1668 4577 2019 4649 conjungere,

439 4638 600 4697 atque
614 4633 861 4694 eumdem
889 4641 1148 4708 optimum
1177 4659 1232 4704 et
1259 4664 1556 4713 extremum
1575 4633 2021 4728 dicere.'Ve:-um-

439 4726 618 4778 tunen
637 4723 832 4796 ila|res,
849 4729 1041 4801 inquit,
1063 4736 1310 4799 humanae
1327 4744 1524 4805 ferunt.
1539 4751 1652 4809 Hoc
1663 4760 1810 4813 enim
1831 4763 2018 4820 viden-

435 4817 524 4864 tur
571 4811 700 4870 ntihi
736 4820 896 4874 verba
929 4825 1082 4891 velle,
1117 4835 1362 4892 eumdem
1396 4855 1518 4898 esse
1576 4855 1632 4901 et
1668 4851 1930 4918 optimum
1961 4865 2017 4914 et

433 4909 732 5016 extremum
751 4947 768 4974 ,
797 4913 939 4978 quod
992 4918 1140 4974 olim“
1167 4923 1424 4985 Orontem
1449 4931 1683 5002 Persam
1703 4909 1800 4999 'de
1847 4909 2015 5016 digito

431 4989 634 5051 dixisse
656 4995 851 5063 ferunt,
887 5010 1134 5065 eumdem
1165 5015 1269 5070 situ
1292 5019 1400 5076 alio
1434 4995 1579 5082 nunc
1609 5029 1797 5087 decem
1822 4989 2010 5104 millia,

431 5100 575 5142 nunc
605 5107 767 5148 unum
801 5095 1064 5157 duntaxat
1104 5112 1409 5168 ostendere.
1429 5117 1634 5184 [Quare
1663 5125 1748 5195 ad:
1769 5095 2010 5186 Platonis

430 5182 735 5252 exentplum
753 5191 892 5263 mihi
914 5199 1290 5258 certevidetur
1310 5182 1506 5279 435i:
1537 5182 1788 5274 Eumelus
1820 5220 1871 5275 iu

2093 1705 2141 1764 B

2171 1755 2350 1806 σαντο,
2385 1742 2689 1798 ἀδικεῖσθαι
2721 1749 2835 1811 τοῖς
2881 1749 3140 1819 ἀνδράσιν
3191 1752 3490 1823 περίεστιν,
3531 1755 3716 1811 ἀδικεῖν

2163 1828 2218 1882 δὲ
2246 1833 2290 1865 ²⁹
2325 1833 2578 1901 οὐδαμῶς
2596 1851 2610 1864 ·
2641 1840 2753 1900 τοῖς
2781 1838 2825 1892 δ’
2853 1841 3158 1910 ἀδικηθεῖσι
3184 1842 3422 1914 βοηθεῖν,
3445 1845 3542 1898 οὐκ
3569 1849 3717 1916 ἐγκαι-

2163 1920 2276 1974 λεῖν
2302 1924 2450 1987 είκός
2480 1928 2648 1983 ἐστιν.
2686 1929 2749 1983 Εί
2800 1930 2857 1984 δέ
2901 1949 2984 1985 τοι
3015 1934 3107 1988 καὶ
3139 1933 3214 2006 μὴ
3251 1935 3478 1992 δυνατὸν
3503 1937 3714 2008 βοηθεῖν,

2162 2012 2277 2066 ἀλλ’
2307 2015 2427 2086 οὐχὶ
2461 2019 2804 2089 καὶιδίκαιον
2844 2023 3117 2091 ἐγκαλεῖν.
3168 2027 3312 2096 Ἐγὼ
3338 2028 3394 2082 δὲ
3436 2028 3604 2083 ταῦτα
3629 2031 3716 2102 μὲν

2160 2108 2273 2169 τοῖς
2301 2109 2662 2182 κομψοτέροις
2689 2114 2957 2186 παρίημι’
2983 2117 3148 2182 αὐτὸς
3173 2118 3230 2172 δὲ
3249 2120 3304 2173 τί
3329 2137 3473 2192 φημι
3499 2123 3715 2188 καὶπῶς

2160 2195 2388 2267 δέχομαι
2421 2199 2514 2252 τδν
2560 2201 2756 2269 λόγον;
2787 2205 2901 2258 Οὐκ
2950 2205 3066 2261 ἔστι
3107 2209 3318 2263 δίκαιον
3376 2211 3490 2282 ἅμα
3535 2213 3716 2283 ἀμφοῖν

2160 2295 2508 2362 κατηγορεῖν,
2541 2297 2637 2349 καὶ
2670 2296 2765 2350 τοῦ
2792 2298 2969 2369 δήμου
3000 2301 3304 2358 κάκείνων·
3342 2304 3375 2376 ἢ
3402 2305 3580 2376 σαφῶς
3604 2307 3716 2372 τοὺς

2160 2383 2379 2454 ἑτέρους
2418 2390 2920 2461 συκοφαντήσομεν.
2955 2393 3019 2445 El
3069 2393 3167 2464 μὲν
3195 2395 3310 2466 γὰρ
3344 2397 3518 2467 ὀρθῶς
3551 2399 3713 2452 ἐκεῖνα

2159 2473 2534 2546 κατεγνώσθη,
2566 2479 2787 2547 ἠδίκουν
2840 2481 2941 2551 μὲν
2992 2482 3110 2555 (ὡς
3140 2484 3358 2557 ἔοικεν)
3400 2488 3608 2553 ἐκεῖνοι,
3644 2488 3714 2559 τῷ

2156 2564 2312 2638 δήμῳ
2346 2568 2392 2621 δ’
2447 2569 2485 2624 ἃ
2531 2573 2801 2642 προσήκει
2833 2575 3172 2646 πέπρακται,
3203 2578 3350 2632 ὥστε
3376 2580 3495 2652 οὐχὶ
3530 2581 3588 2652 δή
3619 2598 3709 2635 που

2156 2656 2332 2713 ταῦτά
2375 2677 2440 2728 γε
2492 2661 2706 2717 δίκαιον
2766 2670 3098 2738 κατηγορεῖν
3149 2669 3344 2726 αὑτοῦ.
3384 2672 3502 2736 Πῶς
3543 2673 3588 2705 ³⁸
3628 2669 3711 2728 οὖν

2153 2753 2270 2815 τοῖς
2317 2753 2664 2824 ἀγριαίνουσι
2728 2757 2838 2811 τῶν
2895 2757 3052 2823 ζώων
3116 2761 3284 2816 αὐτὸν
3346 2763 3709 2829 ἀπεικάζοντες

2154 2842 2337 2914 ὀρθῶς
2388 2845 2637 2916 φήσομεν
2681 2850 2856 2902 ποιεῖν
2879 2849 2962 2915 ³¹ς
3015 2851 3064 2904 εί
3097 2851 3145 2908 δ’
3187 2853 3442 2925 ἥμαρτεν
3470 2857 3500 2908 ὁ
3541 2856 3710 2926 δῆμος,

2155 2937 2273 3007 ἅμα
2301 2954 2362 2990 τε
2396 2938 2592 3010 ἐκείνῳ
2619 2940 2934 3013 ἡμάρτηται
2973 2944 3068 2998 καὶ
3115 2948 3230 3010 τοῖς
3260 2948 3486 3034 ἀνδράσι
3529 2947 3714 3002 τοῦνει-

2153 3029 2241 3092 δος
2267 3029 2314 3062 ³³
2341 3029 2582 3086 λέλυται.
2613 3031 2756 3084 Αὐτὸ
2785 3033 2830 3065 ³³
2869 3035 2979 3104 γὰρ
3033 3035 3192 3089 τοῦτό
3238 3029 3428 3109 φαμεν
3470 3039 3714 3110 δήπουθεν

2149 3121 2422 3190 ἁμαρτεῖν
2458 3121 2802 3192 Ἀθηναίους,
2834 3124 3178 3196 τιμήσαντας
3208 3129 3450 3193 ἐκείνοις
3491 3130 3709 3200 φυγῆςῆ

2143 3211 2472 3282 ὁτουδήποτε
2503 3213 2773 3285 ἐτίμησαν
2823 3214 3063 3286 ἑκάστῳ.
3115 3211 3286 3283 Οὗτος
3324 3219 3383 3273 δὲ
3429 3221 3458 3275 ό
3484 3219 3632 3290 λόγος
3660 3219 3710 3274 τί

2143 3302 2328 3371 λέγει;
2362 3303 2608 3373 Μηδενὺς
2635 3305 2844 3360 τούτων
2891 3307 3136 3372 ἐκείνους
3180 3307 3372 3375 ἀξίους
3423 3308 3581 3366 εῖναι.
3609 3311 3709 3365 Καὶ

2133 3395 2253 3466 ,μὴν
2299 3394 2356 3448 εί
2387 3411 2452 3463 γε
2506 3396 2750 3467 ἠδίκουν,
2803 3397 2944 3462 ἄξιοι
2992 3399 3196 3456 τούτων
3237 3397 3421 3474 ἦσαν·
3449 3405 3536 3458 ὅτε
3571 3405 3626 3460 δὲ
3655 3404 3708 3459 οὐ

2144 3487 2350 3540 τούτων
2375 3487 2540 3555 ἄξιοι,
2574 3489 2764 3558 σαφῶς
2795 3491 2898 3543 οὐκ
2925 3490 3165 3560 ἠδίκουν.
3189 3493 3337 3558 Τοὺς
3373 3494 3423 3549 δ’
3468 3496 3564 3550 οὐκ
3603 3495 3709 3549 ἀδι-

2145 3579 2376 3642 κοῦντας
2407 3580 2595 3644 κακῶς
2620 3580 2800 3648 λέγειν
2849 3583 2946 3636 καὶ
2981 3587 3344 3654 συκοφαντεῖν
3387 3585 3510 3658 οὐχὶ
3542 3585 3711 3641 δίκαια

2143 3673 2319 3725 ποιεῖν
2345 3670 2390 3703 ³⁸
2425 3671 2594 3724 ἐστίν.
2644 3671 2835 3743 Ἦμεῖς
2864 3673 3046 3727 τοίνυν
3081 3676 3204 3730 ἀντὶ
3242 3677 3344 3732 τοῦ
3402 3679 3708 3750 κατηγορεῖν

2115 3785 2170 3834 α,
2202 3766 2328 3821 οὔτε
2357 3765 2453 3820 τοῦ
2483 3767 2658 3838 δήμου
2679 3769 2798 3840 ίτὴν
2825 3769 3007 3824 αἰτίαν
3066 3771 3268 3838 παντὸς
3291 3773 3340 3808 ³⁵
3414 3769 3551 3830 εἶναι
3612 3773 3705 3844 φά-

1506 3846 1554 3897 si
1608 3849 1690 3904 ὅτι
1718 3857 2150 3925 προσέπταισαν,
2209 3861 2427 3931 χείρους
2474 3861 2814 3932 νομίζεσθαι.
2889 3864 3000 3918 Καὶ
3067 3865 3170 3919 οὐκ
3210 3867 3256 3900 ³⁸
3326 3869 3422 3922 ἐπὶ
3472 3868 3569 3938 μὲν
3608 3866 3704 3926 τιῖν

1419 3936 1516 4007 τῆς
1565 3948 1832 4018 μουσικῆς
1859 3951 2158 4023 ἑστηκυῖαν
2193 3954 2308 4025 ἔχει
2332 3955 2432 4025 τὴν
2461 3954 2621 4028 νίκην
2648 3959 2763 4020 τοῖς
2821 3959 3149 4029 κρείττοσιν,
3231 3960 3372 4016 ἀλλὰ
3433 3936 3696 4017 κάνταῦθα

1399 4041 1430 4076 υ
1474 4027 1584 4099 γὰρ
1622 4036 1741 4102 μετ’
1773 4039 2032 4111 ἀληθείας
2068 4045 2215 4100 τοῦτ’
2242 4048 2450 4111 ἐκεῖνος
2479 4045 2743 4120 ὕμνησεν.

2257 4155 2361 4211 Ἐν
2386 4157 2639 4227 ἔργμασι
2667 4156 2808 4225 νικᾷ
2834 4159 2985 4227 τύχα
3016 4160 3086 4226 ³⁷,
3109 4161 3182 4216 οὐ
3211 4163 3454 4230 σθένος.

2205 4269 2366 4322 Ὥστε
2389 4270 2434 4302 ³⁸
2469 4269 2594 4322 ίδὼν
2623 4269 2714 4324 τὸν
2740 4270 2992 4342 Εὔμηλον
3031 4273 3315 4343 Ἀχιλλεὺς
3338 4276 3436 4331 τοῦ
3465 4278 3695 4351 ἅρματος

2129 4360 2434 4414 ἐκπεσόντα
2461 4359 2693 4433 ᾤκτειρέ
2737 4379 2797 4416 τε
2830 4363 2925 4416 καὶ
2948 4362 3096 4432 λέγει

2047 4505 2100 4568 D
2128 4473 2384 4542 Λοῐσθος
2403 4474 2559 4544 ἀνὴρ
2584 4474 2839 4545 ὤριστος
2869 4477 3115 4535 ἐλαύνει
3138 4481 3431 4553 μώνυχας
3460 4485 3692 4550 ἵππους.

2193 4581 2324 4658 Ἆρ’
2358 4587 2452 4642 οὖν
2470 4589 2533 4642 οὐ
2556 4591 2860 4663 παράδοξον
2889 4595 3017 4666 ἑξῆς
3037 4598 3234 4653 οὑτωσὶ
3278 4598 3454 4656 θεῖναι
3500 4599 3695 4670 παράλ-

2122 4674 2282 4746 ληλα,
2335 4679 2430 4732 καὶ
2475 4679 2568 4733 τὸν
2608 4683 2773 4737 αὐτὸν
2825 4685 3039 4742 λοῖσθόν
3064 4706 3123 4742 τε
3157 4690 3252 4744 καὶ
3285 4690 3508 4763 ἄριστον
3539 4708 3696 4764 προσ-

2119 4771 2331 4836 ειπεῖν;
2391 4769 2534 4825 Ἀλλ’
2585 4773 2736 4843 ὅμως
2786 4778 3036 4847 τοιαῦτα,
3070 4781 3226 4853 φησὶ,
3288 4785 3360 4838 τά
3394 4782 3693 4855 ἀνθρώπεια

2120 4861 2299 4931 (τοῦτο
2329 4862 2438 4934 γάρ
2465 4881 2556 4934 μοι
2575 4865 2724 4921 δοκεῖ
2743 4867 2853 4923 τῶν
2878 4871 3142 4942 ῥημάτων
3163 4873 3223 4928 τὸ
3245 4873 3497 4948 βούλημα
3519 4870 3690 4943 εἶναψ

2119 4953 2339 5018 όαύτὸς
2407 4955 2546 5029 ἀνὴρ
2595 4957 2726 5030 [707
2767 4959 2860 5034 Η.]
2925 4963 3146 5035 ἄριστός
3187 4983 3248 5020 τε
3303 4967 3402 5022 καὶ
3455 4967 3688 5038 ἔσχατος.

2123 5043 2300 5116 Ὅπερ
2323 5046 2367 5080 ³⁵
2399 5049 2531 5119 περὶ
2557 5049 2654 5104 τοῦ
2689 5051 2955 5108 δακτύλου
2983 5057 3118 5126 φασί
3171 5057 3290 5113 ποτ’
3324 5060 3500 5115 εἰπεῖν
3519 5058 3689 5128 Ὀρόν-

2118 5149 2217 5203 την
2253 5135 2300 5168 δο
2327 5136 2420 5191 τὸν
2472 5138 2710 5212 Πέρσην,
2759 5141 2836 5208 ὡς
2867 5144 2951 5198 ό⁴¹
2985 5147 3150 5213 αὐτὸς
3177 5148 3256 5205 ὣν
3287 5153 3354 5223 τῇ
3386 5149 3532 5206 θέσει
3568 5149 3688 5202 ποτὲ

2121 5225 2220 5297 μὲν
2243 5227 2312 5281 τὰ
2335 5230 2506 5301 μυρία
2540 5232 2819 5304 σημαίνει,
2843 5237 2974 5292 ποτὲ
3007 5239 3054 5292 δ’
3089 5241 3150 5295 οὐ
3185 5243 3349 5298 πλέον
3381 5243 3415 5316 ἢ
3460 5240 3686 5299 ἐν.“Ὠστ’

1686 5377 1920 5437 νΑΒιλΕ
1957 5384 2371 5450 LECTIONES.

500 5506 637 5599 :‘Psl
665 5513 736 5599 ξι
794 5533 847 5599 p.
887 5519 1007 5599 liii;
1086 5523 1130 5599 Ἰ
1161 5525 1565 5599 ἐπειλημμένος
1609 5534 1671 5592 Α.
1753 5541 1797 5572 ³⁸
1838 5539 1906 5598 αὖ

434 5570 830 5657 "pepedi;
860 5606 872 5640 :
907 5589 965 5640 τὸ
984 5590 1180 5654 ὄνειδος
1203 5610 1260 5657 ς.
1341 5570 1550 5655 δςίαὺτό

430 5641 568 5712 τάχα
591 5649 655 5704 Α.
733 5641 775 5682 έ¹¹
795 5654 958 5729 ὥστε]
995 5676 1045 5728 p.
1074 5641 1229 5719 435.9
1277 5668 1320 5700 ³⁹
1353 5671 1514 5742 ὅπερ]
1555 5673 1632 5728 ὦσ

1951 5562 2062 5602 om.
2094 5552 2162 5606 A.
2210 5555 2283 5629 _"
2317 5553 2382 5629 δὲ
2419 5558 2462 5614 Α
2513 5579 2524 5613 :
2559 5578 2622 5629 γε
2651 5577 2711 5624 ς.
2789 5565 2833 5595 ³ο
2862 5566 2980 5628 πῶς
3015 5564 3130 5622 οὗν.
3206 5570 3246 5602 ³⁸
3281 5573 3454 5624 ποιεῖν
3483 5585 3590 5624 om.
3614 5569 3674 5622 Α.

1649 5609 1692 5639 ³⁸
1714 5616 1889 5712 ποέεῖν
1913 5617 2040 5712 ιεἱστι
2065 5636 2174 5712 oin.
2197 5624 2278 5712 ll.1
2339 5625 2384 5657 ⁸⁸
2405 5609 2621 5694 πάντῶς
2788 5635 2831 5666 ³⁸
2853 5609 2976 5688 καὶ³
3002 5638 3126 5711 οὐκ]
3155 5655 3205 5710 ρ,
3265 5641 3387 5712 422,
3462 5639 3506 5672 ιτ
3525 5634 3677 5712 τύχη

1649 5695 1742 5712 per.
1776 5710 1785 5712 _
2002 5689 2091 5712 ‘1‘-
2128 5708 2236 5712 .____,
2332 5695 2376 5712 ,ρ
2439 5700 2469 5712 ιι
2521 5703 2528 5711 ι
2560 5704 2568 5712 .
2778 5704 2817 5712 μ.
2885 5706 2906 5712 -.
2953 5706 3007 5712 μ-

1640 5695 1742 5748 περ
1769 5683 1833 5737 Α.
1913 5685 1956 5716 ⁸ο
2002 5689 2284 5765 ’1)ρόντην]
2319 5695 2390 5751 cf.
2437 5683 2728 5756 Suidasv.
2778 5683 3205 5776 Ἀῥὲἇςά’›ἷιὲξ.”’
3248 5683 3481 5767 Wet-om.
