4012 6236
342 222 475 290 1569
1389 228 1458 287 BI
1468 226 1910 289 BLIOTHECA.

2033 229 2194 292 COD.
2238 233 2505 298 CCXLVI
2512 234 2592 294 ῐΙ-
3476 236 3623 301 1570

335 342 460 410 ἐμοὶ
488 342 587 410 μὲν
620 340 881 415 ἄντικρυς
910 342 991 401 sl:
1020 340 1081 393 τὸ
1116 340 1159 372 ³³
1188 340 1477 404 Πλάτωνος
1514 342 1868 412 παράδειγμα
1895 342 1924 394 6

2033 349 2158 400 leris
2205 357 2476 415 spectare,
2521 363 2644 404 cum
2704 363 2811 404 non
2847 347 3075 405 victoria
3116 356 3327 405 tantum
3372 351 3619 421 privatus

338 428 591 501 Εύμηλος
635 433 834 485 τείνειν
867 432 1034 496 δοκεῖ,
1071 431 1211 485 κατά
1255 449 1313 484 τε
1351 432 1507 495 ἄλλα,
1536 431 1630 486 καὶ
1658 431 1757 502 οὐχ
1792 431 1917 484 ὅσον
2022 447 2126 500 est,
2174 438 2270 493 sed
2314 470 2327 482 .

334 522 436 593 τῆς
466 522 625 595 νίκης
653 524 944 596 ἐστερήθη.

349 614 539 671 Ἀλλὰ
605 615 702 670 καί
748 615 1026 687 ἀγκῶνάς
1073 634 1139 672 τε
1169 616 1606 705 περιεδρύφθη-
1623 618 1818 703 στόμα
1834 632 1926 759 ]τε

1536 705 1714 756 ρινας
1744 706 1826 741 τε.

1536 705 1714 756 ρινας
1744 706 1826 741 τε.

340 777 449 833 ὑπὸ
494 776 603 832 τῶν
643 775 829 831 ἵππων
867 776 979 833 τῶν
1030 778 1271 850 ἀρίστων
1319 778 1415 833 καὶ
1448 778 1539 847 ὑφ’
1569 772 1644 833 ὧν
1668 778 1789 833 οὐδὲ
1816 779 1927 832 πώ·

2033 775 2186 844 equis
2214 776 2434 846 optimis
2474 788 2577 835 eta
2604 780 2800 852 quibus
2826 799 3101 856 nunquam
3145 784 3321 843 fuerat
3358 788 3618 857 deiectus.

2103 616 2169 671 Et
2196 620 2398 675 cubito:
2431 632 2587 692 alque
2610 634 2688 680 est
2729 641 2885 681 nares
2922 627 3186 684 laceratus
3227 640 3278 687 et
3304 649 3399 686 ora

339 888 473 926 ποτε
494 870 541 904 ⁸³
560 870 795 941 ισφάλη.

378 984 580 1072 ,[ιξοξ
615 983 1031 1072 βὶῌὍρέντης
1072 985 1101 1039 6
1157 983 1664 1072 Πέρσηςὶὲξπεσῲν

414 985 580 1058 [1505
615 985 713 1056 R.]
742 985 1031 1057 [Ὀρόντης
1072 985 1101 1039 6
1157 985 1373 1056 Πέρσης
1411 985 1664 1038 ἐκπεσὼν
1698 985 1797 1107 τῇς
1831 985 1931 1055 ἀρ-

338 1057 444 1129 χῆς
465 1057 570 1110 Καὶ
599 1055 989 1129 δΑὸάκτυλος,
1009 1056 1134 1127 ἔφη,
1164 1053 1440 1124 ποτὲμὲν
1454 1054 1545 1123 ἐν,
1570 1057 1718 1109 ποτὲ
1776 1055 1933 1125 ἐμυ-

332 1126 443 1198 ﬁla
463 1126 773 1196 σημαίνει.

410 1215 477 1271 El
519 1215 696 1285 φίλοις
746 1214 794 1248 ⁸⁸
840 1213 1136 1286 ίσχύεις,εί
1176 1215 1478 1286 χρήμασιν,
1524 1214 1573 1267 εί
1606 1212 1766 1279 δόξαν
1786 1214 1933 1284 ἔχεις

2106 976 2366 1061 [Orontes
2413 982 2579 1038 Persa
2634 984 2892 1061 excideris
2940 987 3173 1061 imperio
3205 1009 3230 1061 :_
3264 990 3501 1061 Digitus,
3531 993 3622 1049 in-

2028 1056 2169 1119 quit,
2205 1066 2345 1105 nunc
2372 1068 2557 1123 unum,
2588 1071 2728 1109 nunc
2756 1056 2926 1111 millia
2955 1056 3234 1133 ostendit]

2117 1205 2384 1275 Quocirca
2433 1209 2549 1265 sive
2617 1211 2831 1279 amicis,
2893 1215 3008 1270 sive
3054 1217 3248 1287 opibus
3289 1218 3461 1287 vales,
3509 1221 3625 1275 sive

339 1310 402 1364 ὲν
433 1310 502 1380 τῇ
530 1308 706 1372 πόλει,
732 1307 923 1378 μηδενὶ
950 1307 1158 1361 τούτων
1209 1305 1458 1379 ὲπαρθῇς
1481 1305 1549 1374 ⁸⁸,
1578 1304 1715 1377 μηδὲ
1743 1305 1927 1377 μεῖζον

2033 1300 2264 1371 gloriam
2310 1303 2454 1357 inter
2484 1305 2630 1361 cives
2658 1306 3093 1377 es'consecutus,
3130 1310 3235 1365 noli
3269 1322 3319 1367 te
3340 1312 3620 1373 extollere.

340 1399 634 1469 φρονήσεις
673 1397 773 1466 τῆς
840 1396 1091 1464 ἐξουσίας
1130 1397 1198 1451 ⁸⁸.
1232 1395 1294 1449 Εί
1337 1395 1559 1450 πάντων
1606 1398 1925 1467 κρατήσεις,

2043 1410 2139 1448 nec
2169 1394 2287 1463 plus
2318 1396 2412 1450 libi
2445 1413 2610 1466 quam
2661 1400 2843 1465 liceat,
2886 1403 3147 1459 tribuere.
3184 1403 3259 1460 Ut
3288 1406 3471 1460 omnia
3518 1406 3620 1459 sibi

339 1490 556 1564 ἡττήσῃ
584 1490 684 1559 τῆς
714 1489 905 1563 τύχης.
936 1486 1106 1543 Ταῦτ’
1146 1488 1296 1541 ἐστὶν
1330 1489 1358 1542 6
1387 1486 1538 1556 ἀγὼν
1558 1478 1735 1552 οὗτος,
1770 1486 1927 1541 ταῦθ’

2033 1498 2340 1556 suppetant,
2379 1505 2407 1542 a
2438 1489 2654 1545 fortuna
2689 1495 2950 1549 vinceris.
2999 1494 3125 1550 llaec
3156 1496 3259 1551 sibi
3290 1496 3404 1550 vult
3443 1506 3623 1552 certa-

341 1580 593 1650 Ὂμηρος
628 1578 800 1649 λέγει.
849 1577 1015 1634 Οὐδὲν
1060 1578 1170 1631 τῶν
1222 1577 1579 1648 ἀνθρωπείων
1609 1577 1655 1610 ⁸⁷
1688 1578 1930 1647 ἀσφαλὲς

338 1671 449 1725 οὐδ’
488 1672 692 1743 ὁμαλὸν
745 1671 857 1726 οὐδ’
897 1668 1193 1743 αὔταρκες,
1236 1670 1354 1725 ἀλλ’
1404 1671 1706 1742 ἡττήσεται
1754 1674 1854 1743 μὲν
1900 1673 1930 1727 6

343 1763 565 1835 ἰσχυρὸς
593 1761 690 1818 τοῦ
740 1763 1027 1830 ἀσθενοῦς,
1084 1763 1215 1819 ὅταν
1285 1763 1481 1834 καιρὸς
1541 1763 1587 1796 ⁸⁸
1711 1764 1928 1833 τούτου,

341 1854 613 1910 ἁλώσεται
650 1856 709 1910 δὲ
759 1854 1021 1910 Βαϐυλὼν
1064 1855 1251 1919 αὐτοῖς
1277 1855 1506 1925 τείχεσι,
1534 1856 1697 1912 πάλιν
1720 1857 1777 1911 δὲ
1803 1859 1931 1923 τοὺς

341 1946 559 2015 Πέρσας
578 1945 946 2019 πορθήσουσιν
1003 1947 1184 2017 ἕτεροι
1207 1961 1221 1974 ·
1268 1947 1448 2001 πάντα
1482 1948 1658 2001 ταῦτα
1700 1950 1930 2014 ἐναλλὰξ

2034 1594 2156 1632 men
2196 1581 2367 1647 istud;
2408 1585 2521 1637 haec
2554 1583 2820 1641 Homerus
2853 1587 3015 1643 dicit.
3058 1587 3198 1643 Nihil
3239 1600 3323 1644 est
3361 1590 3414 1644 in
3461 1591 3623 1645 rebus

2035 1669 2290 1727 lnnn'anis
2339 1688 2613 1740 securum,
2652 1676 2787 1730 nihil
2822 1678 3108 1748 aequabile,
3146 1680 3277 1733 nihil
3327 1680 3431 1735 sibi
3482 1681 3624 1736 solii-

2031 1760 2184 1814 cicns
2219 1778 2232 1814 :
2271 1777 2493 1827 verum,
2541 1779 2663 1818 cum
2716 1775 2926 1837 tempus
2983 1768 3140 1831 feret,
3193 1768 3387 1823 fortem
3440 1768 3621 1823 vincet

2031 1852 2381 1918 imbecillior,
2418 1854 2659 1923 Babylon
2708 1873 2811 1910 una
2868 1874 2988 1912 cum
3034 1860 3306 1915 moenibus
3351 1860 3618 1930 capietur,

2032 1939 2226 1996 Persas
2258 1958 2474 1997 rursum
2507 1947 2909 2014 populabuntur
2944 1947 3058 2003 alii.
3092 1948 3221 2004 Haec
3253 1951 3399 2005 enim
3434 1954 3618 2006 omnia

341 2039 716 2112 περιέρχεται.
747 2040 812 2094 Ei
831 2040 888 2093 δὲ
908 2040 953 2071 ⁸⁸
977 2038 1185 2104 ἔσωζον
1213 2040 1313 2110 μὲν
1336 2041 1387 2093 oi
1429 2040 1765 2112 κυϐερνῆται
1788 2042 1927 2095 πάν-

2033 2033 2085 2087 in
2135 2034 2321 2088 orbem
2373 2034 2641 2090 feruntur.
2693 2036 2848 2105 Quod
2891 2039 2937 2094 si
2991 2040 3386 2109 gubernatores
3428 2056 3623 2098 omnes

341 2148 432 2194 τες
454 2130 703 2195 ἅπαντας
753 2131 881 2195 τοὺς
921 2131 1281 2203 ἐμπλέοντας,
1339 2130 1546 2195 ἔσωζον
1577 2132 1623 2186 δ’
1661 2134 1710 2185 oi
1756 2134 1927 2204 ἰατροὶ

2034 2136 2265 2182 cunctos
2328 2138 2579 2183 vectores
2638 2130 2819 2185 salvos
2878 2140 3237 2200 praestarent,
3302 2148 3367 2189 ac
3425 2136 3618 2189 medici

342 2224 546 2288 πάντες
604 2224 652 2257 ⁸⁸
695 2223 944 2288 ἅπαντας
988 2215 1129 2288 τοὺς
1174 2224 1508 2295 κάμνοντας,
1549 2225 1745 2279 ἐνίκων
1782 2226 1839 2279 δὲ
1879 2227 1927 2279 oi

2033 2233 2221 2273 omnes
2271 2232 2501 2274 cunetos
2557 2230 2819 2275 sanarent
2874 2235 3125 2291 aegrotos,
3172 2233 3227 2278 et
3280 2225 3514 2291 majores
3556 2242 3617 2280 ac

344 2314 677 2385 κρείττονες,
703 2314 898 2369 ὲνίκων
924 2315 981 2369 δὲ
1021 2316 1071 2368 οί
1098 2315 1367 2385 μείζονες,
1395 2314 1457 2367 τὸ
1501 2314 1549 2368 δ’
1576 2315 1665 2370 ἀεὶ
1710 2315 1927 2379 τούτοις

2033 2310 2271 2379 potiores
2310 2314 2613 2373 vincerent,
2651 2320 2815 2380 atque
2865 2312 2918 2366 1ιί
2970 2328 3159 2371 omnes
3200 2329 3417 2384 semper
3456 2315 3615 2371 liore-

342 2408 479 2466 πᾶσι
510 2408 740 2479 προσῆν,
775 2408 965 2479 μηδεὶς
1018 2408 1065 2463 δ’
1103 2408 1403 2479 ἐσφάλλετο
1450 2408 1560 2462 τῶν
1608 2408 1927 2480 ἀρξαμένων

2033 2411 2171 2468 rent,
2202 2416 2303 2457 nec
2329 2404 2617 2472 quisquam
2645 2419 2833 2458 eorum
2859 2405 2948 2472 qui
2976 2417 3119 2460 recte
3144 2409 3400 2475 coepisset
3425 2422 3608 2476 agerc,

339 2498 664 2570 κατορθοῦν,
690 2501 822 2570 εὐχὴ
855 2501 912 2555 δὲ
945 2501 1039 2554 καὶ
1092 2500 1323 2571 δύναμις
1356 2500 1546 2571 μηδενὶ
1582 2502 1625 2534 ⁸¹
1654 2500 1926 2573 διέφερεν,

2033 2505 2261 2561 erraret,
2303 2510 2478 2565 neque
2507 2508 2694 2550 votum
2728 2514 2758 2551 a
2790 2495 3047 2552 facultate
3086 2499 3380 2568 quidquam
3422 2499 3602 2554 diﬂ'er-

342 2590 591 2644 ἀθάνατα
622 2591 779 2644 πάντ’
819 2586 888 2662 ἦν
926 2592 994 2645 τά
1030 2591 1077 2624 ⁵⁸
1118 2592 1229 2645 τῶν
1272 2587 1578 2661 ἀνθρώπων
1602 2591 1927 2663 πράγματα,

2033 2599 2144 2650 ret,
2187 2587 2524 2643 immortales
2571 2587 2751 2642 forent
2800 2603 2888 2643 res
2939 2604 3130 2644 omnes
3183 2591 3463 2658 humanae,
3520 2608 3617 2646 nec

340 2683 437 2737 καὶ
458 2682 613 2737 οὐδὲν
639 2682 707 2737 ἂν
735 2682 866 2747 ἴσως
892 2684 1059 2754 εὐχῆς
1077 2683 1349 2756 προσέδει,
1375 2683 1483 2737 οὐδ’
1505 2683 1573 2738 ἂν
1595 2683 1927 2748 κατέκλυζεν

2033 2678 2285 2749 precibus
2332 2678 2581 2734 fortassis
2613 2693 2750 2746 opus
2781 2690 2948 2742 esset,
2988 2694 3165 2749 neque
3203 2696 3322 2748 nos,
3354 2691 3413 2735 ut
3451 2699 3613 2744 nunc,

338 2773 491 2844 ἡμᾶς
519 2772 629 2827 τῶν
680 2772 857 2827 πίθων
909 2774 1110 2846 ἀτερος
1163 2774 1356 2845 ὥσπερ
1404 2773 1521 2828 νῦν.
1550 2773 1642 2845 Μὴ
1666 2774 1714 2805 ⁸³
1736 2775 1919 2827 τοίνυν

2033 2771 2233 2825 dolium
2273 2770 2502 2825 alterum
2543 2771 2897 2841 perfudisset.
2943 2770 3023 2827 Ne
3069 2774 3287 2827 mireris
3330 2773 3523 2844 igitur,
3569 2775 3612 2828 si

340 2864 650 2939 θαυμάσῃς,
678 2867 728 2920 εί
762 2843 1035 2940 Περικλῆς
1064 2867 1206 2937 ἔχων
1246 2843 1558 2936 ἐπιστήμην
1596 2843 1693 2919 καὶ
1729 2865 1927 2937 τέχνην

2033 2860 2296 2928 Pericles,
2326 2878 2449 2918 cum
2493 2864 2779 2919 scientiam
2832 2874 2887 2920 et
2931 2879 3102 2920 artem
3146 2843 3398 2931 habebat,
3434 2880 3464 2920 a
3508 2866 3619 2919 Deo

338 2957 435 3013 τοῦ
455 2958 591 3013 Θεοῦ
614 2958 713 3014 καὶ
747 2956 849 3029 τῆς
875 2957 1048 3029 τύχης
1067 2960 1297 3030 ἡττᾶτοο
1332 2959 1457 3030 μηδ’
1496 2960 1801 3031 ἀμνημόνει
1819 2962 1927 3017 τῶν

2033 2962 2085 3009 et
2110 2953 2323 3010 fortuna
2358 2953 2692 3020 vincebatur,
2730 2970 2905 3024 neque
2939 2965 3244 3023 temporum
3271 2956 3617 3020 obliviscere,

339 3050 571 3121 καιρῶν,
598 3049 694 3115 οὒς
748 3050 913 3113 αὐτὸς
970 3050 1078 3122 φῂς
1115 3051 1215 3105 οὐκ
1246 3050 1428 3120 ὀλίγον
1448 3051 1730 3120 δύνασθαι,
1755 3047 1837 3117 οἷς
1865 3054 1927 3107 οὺ

340 3142 673 3214 πραοτάτοις
695 3142 904 3206 ἐκεῖνος
930 3142 1052 3196 τότε
1082 3144 1429 3215 χρησάμενος
1445 3144 1719 3215 φαίνεται.
1749 3147 1927 3202 Πολλὰ

338 3234 437 3290 καὶ
469 3234 751 3306 παράδοξα
777 3233 905 3289 κατ’
937 3234 1036 3288 ἀνθ
1048 3233 1262 3304 ρώπους
1305 3236 1400 3289 καὶ
1429 3236 1621 3306 γέγονε
1646 3238 1739 3292 καὶ
1762 3242 1928 3311 γενή-

342 3346 496 3382 σεται
522 3344 537 3359 ⁸
591 3323 667 3382 ὧν
715 3327 832 3381 ἐστὶ
883 3327 980 3381 καὶ
1026 3328 1093 3381 τὰ
1125 3329 1339 3391 τούτοις
1379 3331 1493 3391 τοῖς
1527 3329 1755 3400 ἀνδράσι
1790 3349 1931 3402 συμ-

344 3414 537 3469 ϐάντα.
576 3415 673 3478 Τίς
709 3415 752 3467 δ’
779 3415 878 3469 οὐκ
902 3416 969 3470 ἂν
990 3415 1164 3485 φαίης
1212 3416 1354 3469 Ἀλλ’
1376 3415 1530 3471 οὔπω
1568 3418 1745 3472 ταῦτά
1781 3422 1928 3475 ὲστιν

342 3507 567 3579 δλεγχος
605 3507 726 3561 κατ’
754 3509 934 3564 αὐτῶν
959 3508 1037 3572 ὡς
1072 3508 1197 3562 οὕτε
1227 3507 1529 3579 ἠπίσταντο
1558 3512 1797 3582 χρηστὸν
1838 3514 1927 3566 οὺ-

339 3600 451 3669 δὲν,
508 3598 630 3654 οὕτε
682 3600 936 3654 ἐδύναντο
987 3600 1231 3672 βελτίους
1289 3602 1464 3655 ποιεῖν
1497 3602 1583 3635 ⁸⁵·
1639 3603 1754 3656 ἀλλ’
1798 3604 1929 3674 ἐξῆν

340 3694 524 3755 αὐτοῖς
538 3692 637 3762 τήν
655 3707 719 3760 γε
746 3690 942 3762 τέχνην
968 3690 1238 3761 δήπουθεν
1264 3689 1410 3761 ἔχειν
1442 3692 1539 3744 καὶ
1565 3691 1628 3744 τὸ
1655 3691 1928 3762 χρηστοὺς

340 3781 506 3850 εἶναι,
565 3785 616 3838 εί
671 3782 908 3837 καὶτῶν
961 3782 1226 3854 μειζόνων
1276 3781 1610 3854 ὲπικουριῶν
1652 3782 1710 3835 ἐν
1748 3799 1812 3852 γε
1848 3782 1927 3854 τῷ

338 3878 460 3932 τότε
488 3876 804 3950 ἐστέρηντο.
843 3878 1044 3943 Ἦδέως
1062 3880 1109 3912 ⁸⁸
1142 3878 1189 3931 δ’
1237 3879 1304 3933 ἂν
1328 3880 1579 3951 ἐροίμην,
1611 3880 1760 3943 ὅστις
1799 3879 1925 3951 βού-

340 3970 498 4024 λεται
537 3970 583 4002 ³⁸
604 3970 862 4036 δέξασθαι
908 3971 970 4025 τὸ
1004 3971 1274 4042 ἐρώτημα
1317 3972 1459 4044 ὑπὲρ
1487 3972 1798 4036 Πλάτωνος,
1829 3972 1929 4026 αὐ-

338 4063 431 4125 τὸς
460 4064 516 4115 δὲ
550 4062 596 4095 ⁸’¹
620 4063 682 4131 δὴ
718 4064 772 4115 τί
794 4062 982 4134 μαθὼν
1011 4065 1145 4135 ἡμῖν
1176 4065 1205 4117 6
1231 4064 1459 4118 Πλάτων
1494 4065 1597 4118 οὐκ
1644 4063 1928 4118 ἐπολιτεύ-

2029 3046 2226 3116 quibus
2257 3046 2373 3114 ipse
2411 3061 2515 3101 non
2556 3061 2748 3116 parum
2786 3047 2998 3112 tribuis,
3029 3057 3082 3102 et
3121 3047 3209 3102 ille
3238 3063 3343 3102 non
3374 3049 3615 3117 optimis,

2028 3146 2089 3193 ut
2117 3148 2364 3208 apparet,
2410 3149 2541 3193 tunc
2590 3154 2722 3194 usus
2777 3140 2897 3194 fuit.
2950 3140 3113 3195 Multa
3167 3142 3310 3196 inter
3365 3142 3612 3196 homines

2028 3230 2172 3285 facta
2204 3238 2332 3285 sunt
2378 3239 2431 3285 et
2477 3229 2607 3284 fient
2636 3230 2905 3295 miranda,
2954 3232 3097 3286 inter
3136 3246 3255 3301 qua:
3293 3241 3418 3287 sunt
3448 3233 3609 3287 etiam

2029 3338 2148 3391 qua:
2182 3322 2268 3377 bis
2303 3322 2437 3377 viris
2483 3323 2854 3393 contigerunt,
2890 3332 2948 3377 ut
2988 3338 3150 3379 nemo
3187 3333 3368 3394 negat.
3415 3323 3613 3379 Verum

2027 3431 2090 3469 ea
2125 3418 2363 3469 nondum
2411 3416 2761 3480 convincunt,
2818 3416 2936 3469 illos
2986 3431 3087 3470 nec
3142 3416 3265 3471 boni
3318 3416 3615 3488 quidquam

2029 3508 2292 3570 scivisse,
2348 3522 2449 3562 nec
2509 3508 2788 3562 meliorem
2852 3524 3180 3578 quemquam
3240 3510 3465 3565 reddere
3520 3527 3615 3582 po-

2031 3602 2220 3665 tuisse,
2281 3601 2551 3669 siquidem
2612 3610 2860 3669 poterant
2924 3612 2979 3655 et
3044 3611 3217 3656 artem
3299 3611 3487 3659 tenere
3563 3613 3617 3659 et

2029 3693 2180 3762 probi
2246 3707 2390 3756 esse,
2459 3708 2772 3761 quanquam
2833 3707 2897 3747 eo
2950 3694 3164 3762 quidem
3222 3702 3466 3764 tempore
3495 3710 3612 3748 ma-

2022 3781 2237 3851 joribus
2276 3782 2538 3836 carebant
2574 3782 2923 3849 adjnmentis.
2962 3781 3221 3838 Libenter
3252 3796 3432 3839 autem
3464 3801 3613 3856 qna:-

2028 3873 2213 3927 sierim
2260 3874 2305 3927 si
2332 3874 2453 3941 quis
2502 3889 2601 3943 pro
2647 3875 2872 3929 Platone
2921 3875 3053 3930 velit
3101 3878 3449 3945 respondere,
3490 3893 3612 3932 cum

2028 3966 2147 4036 ipse
2173 3965 2328 4020 Plato
2358 3966 2749 4032 rempublicam
2785 3982 2890 4021 non
2922 3968 3337 4035 administrarit,
3371 3971 3614 4040 nunquid

2027 4071 2209 4111 causae
2239 4057 2385 4112 dicet
2416 4058 2728 4127 quisquam,
2761 4072 2956 4128 praater
2986 4060 3060 4125 id,
3089 4062 3233 4130 quod
3265 4061 3406 4131 apud
3438 4062 3611 4132 ipsum

342 4166 474 4208 σατο
500 4171 516 4221 ;
548 4150 637 4227 ἄρ’
668 4154 715 4189 ⁸⁸
742 4155 871 4210 ἀλλο
888 4172 942 4209 τι
961 4157 1187 4227 φήσειεν
1215 4156 1283 4209 ἂν
1298 4157 1343 4189 ⁸⁸
1369 4154 1619 4209 ὁστισοῦν
1651 4154 1684 4227 ἢ
1715 4154 1775 4207 τὸ
1792 4154 1923 4209 αὐτὸ

2033 4149 2161 4203 dicit
2194 4149 2491 4206 Socrates?
2530 4151 2667 4217 Quid
2714 4152 2862 4207 enim
2920 4152 3102 4207 aliud?
3152 4154 3293 4223 Ergo
3340 4154 3385 4208 si
3440 4155 3492 4208 in
3549 4169 3611 4208 ea

340 4249 518 4315 τοῦτο,
548 4250 685 4321 ὅπερ
715 4249 808 4303 καὶ
855 4249 1155 4321 Σωκράτης
1200 4247 1378 4317 λέγων
1408 4248 1604 4319 ἐκείνῳ
1635 4248 1922 4317 φαίνεται;

341 4340 396 4394 τί
437 4341 542 4413 μὴν
583 4340 807 4412 ἕτερον;
848 4337 963 4394 Εἴθ’
1014 4340 1051 4395 ἀ
1106 4338 1367 4411 φοϐηθεὶς
1391 4339 1436 4372 ⁶⁰
1475 4339 1551 4411 μὴ
1597 4339 1779 4413 πάθῃς
1823 4340 1925 4394 οὐκ

341 4433 725 4505 ἐδημηγόρεις,
758 4431 912 4487 ταῦτ’
940 4431 995 4486 εἴ
1046 4449 1133 4494 τις
1197 4432 1424 4486 ἐκείνων
1448 4432 1739 4499 πέπονθεν,
1765 4431 1841 4497 ὡς
1863 4433 1924 4486 ού

341 4529 411 4584 τὰ
436 4529 689 4600 βέλτιστα
712 4528 1095 4583 συνεϐούλευεν
1131 4525 1411 4600 ίσχυρίζῃς
1477 4526 1572 4580 καὶ
1603 4525 1712 4597 μὴν
1746 4525 1797 4577 εί
1827 4523 1926 4594 μὲν

341 4621 521 4686 οὐδεὶς
548 4623 686 4693 ἐπῆν
711 4622 975 4687 κίνδυνος,
999 4621 1091 4677 τοῦ
1125 4622 1286 4694 χάριν
1329 4618 1483 4673 οὐδὲν
1518 4617 1738 4690 ὤνησας
1756 4616 1857 4687 τὴν
1882 4616 1926 4649 ⁶¹

343 4714 615 4785 πατρίδα;
647 4714 695 4766 εί
725 4714 768 4767 δ’
799 4713 1015 4784 ἕτοιμον
1050 4709 1119 4785 ἦν
1146 4713 1506 4777 ἀπολωλέναι,
1532 4710 1584 4765 τί
1624 4708 1926 4781 θαυμάζεις

342 4806 399 4860 ετ
415 4823 496 4870 τις
524 4804 748 4859 ἐκείνων
781 4806 1052 4875 ἐχρήσατο
1088 4805 1365 4875 συμφορᾷ,
1412 4802 1508 4856 καὶ
1530 4794 1609 4870 τῷ
1635 4800 1705 4855 τὰ
1744 4799 1925 4870 βέλτι-

343 4914 447 4950 στα
476 4895 657 4964 λέγειν
684 4894 853 4959 τιθεὶς
884 4895 1288 4961 αύτδςὲπεσθαι
1318 4897 1379 4949 τὸ
1406 4892 1759 4957 κινδυνεύειν,
1782 4889 1925 4945 ὲκεί-

343 5005 468 5053 νους
526 4987 587 5054 ἐξ
644 4980 721 5041 ὧν
773 4987 1053 5058 ἠτύχησαν
1083 4989 1408 5061 ἀποστερεῖς
1444 4986 1538 5040 τοῦ
1571 4987 1616 5018 ⁸⁸
1658 4984 1839 5053 λέγειν
1859 4981 1929 5036 τὰ

344 5078 637 5152 βέλτιστας
689 5077 903 5133 Οὐκοῦν
951 5078 1028 5131 ὅτ’
1068 5079 1267 5132 ἐκεῖνοι
1310 5078 1589 5148 φαίνονται
1619 5074 1786 5149 μηδὲν
1818 5069 1928 5126 τῶν

2026 4257 2262 4313 quorum
2296 4252 2351 4297 tu
2389 4253 2533 4298 metu
2575 4244 2790 4314 publica
2826 4260 2932 4299 non
2977 4247 3230 4312 curabas,
3264 4246 3475 4299 illorum
3509 4246 3611 4299 ali-

2022 4337 2145 4404 quis
2177 4335 2384 4399 incidit,
2419 4350 2543 4390 eum
2575 4352 2679 4389 non
2710 4336 2913 4403 optima
2941 4350 3170 4405 quaeque
3211 4338 3453 4390 suasisse
3481 4351 3612 4390 con-

2022 4426 2243 4480 tendis?
2278 4424 2440 4495 Atqui
2470 4424 2515 4480 si
2546 4425 2678 4479 nibil
2707 4424 2905 4496 ἅδεα
2948 4435 3067 4479 erat
3103 4424 3351 4494 periculi,
3388 4441 3485 4481 cur
3517 4441 3614 4497 pa-

2021 4517 2180 4572 triam
2218 4516 2418 4571 nullam
2454 4515 2506 4570 in
2538 4516 2846 4583 rejuvisti?
2892 4514 2987 4570 Sin
3017 4525 3134 4570 erat
3172 4526 3394 4587 paratus
3420 4518 3612 4576 interi-

2025 4618 2137 4670 tus,
2161 4622 2261 4661 cur
2299 4606 2519 4662 miraris
2569 4606 2784 4661 illorum
2829 4621 3158 4676 quemquam
3201 4608 3253 4662 in
3290 4608 3497 4665 cladem
3528 4610 3613 4666 in-

2024 4700 2245 4766 cidisse,
2280 4708 2334 4755 et
2380 4715 2504 4754 cum
2551 4698 2757 4769 optima
2784 4700 3013 4754 consilia
3049 4701 3165 4769 ipse
3197 4716 3319 4755 cum
3355 4702 3613 4773 periculis

2024 4793 2343 4863 coniungas,
2372 4792 2493 4846 illos
2516 4801 2805 4861 postquam
2837 4791 3182 4849 offenderunt
3211 4793 3401 4863 optimi
3446 4793 3613 4851 fuisse

2028 4882 2244 4939 consilii
2296 4897 2485 4954 negas.
2522 4881 2657 4937 Cum
2699 4883 2866 4951 igitur
2916 4883 2993 4939 illi
3048 4885 3251 4941 nullam
3302 4871 3609 4940 secuturam

2027 4976 2237 5032 cladem
2285 4974 2513 5044 iustitia:
2566 4983 2998 5046 praetexuerunt,
3034 4992 3220 5031 verum
3273 4977 3499 5049 largiter
3548 4993 3613 5035 ac

2029 5070 2353 5139 simpliciter
2396 5067 2667 5124 communi
2713 5068 2858 5124 bono
2901 5069 3321 5141 impenderunt;
3368 5070 3611 5128 Socratis

1626 5239 1860 5296 VARI/ﬂ
1896 5235 2303 5292 LECTIONEb.

422 5408 467 5439 δ’
498 5408 578 5470 εἰς
598 5406 659 5460 τὺ
678 5407 965 5471 Πλάτωνος
989 5402 1468 5475 παράδειγμα-οη).
1491 5401 1559 5475 Α.Δ
1576 5470 1595 5475 _
1634 5398 1680 5475 (⁵³
1698 5396 1927 5475 ⁸πώποτε

2033 5421 2057 5475 :_.
2081 5393 2146 5446 A.
2169 5391 2269 5475 1“:
2289 5393 2337 5445 εί
2362 5391 2538 5475 φίλοις
2569 5392 2771 5475 ἰσχύεις
2799 5403 2874 5475 (ρί
3034 5394 3170 5475 φάει.
3190 5396 3301 5475 A_;_
3331 5394 3376 5426 ⁸⁸
3400 5392 3612 5475 Ξούτιυν

347 5480 535 5549 μεῖζον
578 5477 825 5549 ὲπαρθῇς
854 5481 920 5533 Δ.

511 5544 750 5607 ἅπαντες
766 5544 850 5601 Ἀ.
925 5548 969 5599 ⁸λ¹
999 5544 1209 5616 μηδενὶ]

342 5548 434 5612 τες
511 5548 750 5607 ἅπαντες
783 5548 850 5601 A.
925 5548 969 5599 ⁸λ¹
999 5548 1209 5616 μηδενὶ]
1265 5548 1417 5596 οὐδὲν
1442 5548 1510 5595 Α.
1564 5548 1631 5571 ·⁸¹
1661 5548 1820 5592 πάντ’
1874 5548 1927 5604 ηε

345 5622 391 5651 ⁵⁸
425 5548 621 5690 Ᾱδέως]
644 5635 696 5687 p.
739 5618 890 5690 455.Δ
942 5618 987 5650 ⁸⁸
1023 5613 1359 5690 βούλοιτο-Α.
1435 5611 1569 5690 ’τμδὲ
1600 5625 1709 5690 orn.
1884 5606 1927 5637 ⁵⁸

2046 5551 2057 5585 :
2089 5548 2157 5602 ην
2190 5558 2191 5561 η

2033 5600 2079 5684 Π
2112 5601 2204 5690 ἐρ’

1492 5684 1537 5715 ⁶¹
1566 5678 1687 5750 τοῦ]
1728 5678 1789 5732 τὸ
1818 5678 1882 5731 Α.
1909 5672 2127 5747 οὐκοῦν]
2152 5672 2209 5741 p.
2238 5673 2359 5727 456.

344 5684 692 5760 φοϐἣθεὶξίὲο
785 5689 828 5719 ⁶²
861 5684 1078 5759 ὤνησας
1108 5686 1203 5741 καὶ
1228 5684 1325 5755 τὴν
1353 5700 1411 5748 ς.

1000 5478 1047 5509 ⁸⁸
1071 5462 1138 5543 τῇ
1168 5462 1386 5571 ἐξουσία
1406 5472 1470 5526 Α.
1548 5470 1595 5502 δ’
1625 5466 1986 5539 ἀνθρωπίνων
2024 5464 2089 5515 Α.
2168 5462 2214 5493 ⁸⁸
2238 5464 2366 5516 ὅταν
2407 5465 2435 5515 6
2462 5462 2655 5535 καιρῆς
2686 5482 2742 5529 ς.
2809 5462 2868 5498 ’δ’
2894 5467 2942 5517 εί
2972 5464 3053 5537 δὲ]
3103 5480 3152 5531 p.
3195 5464 3320 5519 427.

1001 5544 1209 5571 .-..2-..n
1266 5544 1358 5571 -.ιχ
1394 5560 1417 5571 ..
1452 5542 1477 5571 Α
1564 5540 1631 5571 .u
1661 5539 1820 5571 ...ιυρν
1874 5531 1942 5571 ιτ...
1974 5534 2005 5571 Δ
2046 5551 2057 5561 -
2089 5527 2157 5571 τη,
2190 5532 2430 5571 ηπιπηυτ-ηι
2473 5550 2514 5571 ε-
2612 5536 2658 5566 ιι
2692 5534 2789 5571 ..ιη
2827 5553 2855 5571 ι.
2908 5536 3003 5571 ut
3109 5537 3156 5567 ιι
3184 5536 3329 5571 ...πεῖ

1265 5527 1417 5596 ούδέν
1442 5542 1510 5595 Α.
1564 5540 1631 5571 ·⁸¹
1661 5527 1820 5592 πάντ’
1874 5531 1942 5608 ῆν
1969 5534 2010 5608 ᾼ
2040 5527 2157 5608 Liui
2190 5532 2434 5608 ‘_&7t}V‘iid
2473 5550 2534 5597 ς.
2563 5527 2573 5535 ’
2612 5536 2658 5566 ³³
2827 5553 2877 5603 p.
2907 5527 3053 5589 431:
3103 5527 3156 5608 ’ξι
3184 5536 3358 5608 ποιεῖν
3375 5527 3517 5608 ρῳ.
3539 5538 3604 5608 Α..

3398 5465 3443 5495 ⁸⁸
3474 5465 3611 5528 πάν-

2256 5600 2347 5655 οὖν
2379 5604 2442 5657 Α.
2519 5608 2563 5638 ⁵⁸
2592 5608 2658 5659 ἂν
2689 5600 2797 5660 om“.
2828 5600 2892 5659 Ἀ.

2965 5608 3010 5637 ⁶⁰
3036 5606 3296 5675 φοϐηθεὶς
3329 5606 3403 5676 μὴ
3430 5605 3471 5657 Α
3493 5620 3507 5658 ε
3533 5604 3607 5673 μὴ
