4012 6236
364 275 506 343 1573

1342 222 1345 227 ί
1415 255 1934 328 BIBLIOTHECA.
1978 251 2238 314 -coo.
2266 240 2624 311 CCXLVIII.

3488 224 3625 299 15⁷14

363 393 468 464 μέν
490 384 693 457 ἐστινὴ
722 383 987 457 ῥητορικὴ
1004 380 1284 447 κολακεία,
1312 376 1569 441 καθάπαξ
1589 378 1671 429 δεῖ
1692 370 1819 445 [709
1844 367 1938 439 Η.]
1970 420 1973 429 λ

2083 363 2335 419 uamdam
2379 360 2516 416 dixit
2559 369 2683 415 esse
2718 368 2905 409 veram
2940 348 3308 407 rhetoricam?
3338 346 3435 402 Sin
3482 348 3623 402 bona

360 461 429 556 τῇ
460 479 721 550 κολακείᾳ
747 475 1066 547 χρωμένους
1095 471 1294 533 αὐτοὺς
1325 466 1636 539 φαίνεσθαι,
1663 461 1850 531 ἐπειδή
1874 474 1940 527 γε

358 553 502 646 ἦσαν
529 573 777 641 ῥήτορες.
797 568 962 619 ’Ὥστε
992 563 1109 626 πῶς
1138 563 1172 633 ἢ
1201 555 1695 623 ὲκείνουςάπολύει
1726 555 1824 623 τῆς
1856 553 1943 607 αἱσ-

362 668 508 731 τίας,
553 666 587 735 ἢ
626 659 927 733 ῥητορικὴν
972 655 1308 727 προσείρηκέ
1365 670 1488 707 τινα
1539 648 1838 720 ἀληθινήν;
1879 646 1944 698 Εί

364 761 410 813 δ’
436 761 505 815 αὖ
532 760 767 832 χρηστὸν
806 758 837 827 ἢ
871 756 1161 810 σπουδαῖον
1190 755 1223 824 ἡ
1254 751 1537 824 ῥητορικὴ,
1576 749 1657 802 δεῖ
1679 747 1773 802 τοῦ
1822 745 1943 817 βελ⁶

364 853 548 907 τίστου
573 852 751 905 δοκεῖν
782 848 969 920 μέλειν
992 849 1039 881 ⁸⁵
1065 849 1248 910 αὐτοῖς
1272 864 1287 877 υ
1328 845 1467 898 ὥστε
1501 842 1617 906 πῶς
1647 843 1680 913 ἢ
1705 841 1946 901 ἐκείνους

371 946 446 1018 μὴ
468 945 605 1018 πρὸς
632 945 695 998 τὺ
730 944 1005 1015 βέλτιστον
1055 943 1240 1010 λέγειν
1294 940 1559 1004 αἰτιᾶται,
1582 936 1619 1007 ἢ
1657 935 1755 1007 τὴν
1784 939 1945 1005 ῥητο-

371 1039 530 1112 ρικὴν
558 1038 847 1093 κολακείαν
876 1037 1066 1099 καλεῖς
1099 1035 1162 1087 El
1192 1035 1236 1087 δ’
1263 1026 1329 1086 αὖ
1356 1028 1578 1086 διπλοῦν
1606 1048 1658 1083 τι
1688 1031 1736 1062 ⁸⁸
1764 1030 1823 1082 τὸ
1851 1029 1949 1097 τῆς

372 1110 666 1203 ῥητορικῆς
720 1131 859 1193 ἐστὶ,
905 1131 1000 1183 καὶ
1028 1129 1089 1183 τὸ
1145 1127 1245 1198 μὲν
1275 1110 1441 1179 αὐτοῦ
1472 1122 1734 1177 κολακεία
1764 1138 1827 1173 τε
1859 1122 1951 1172 καὶ

372 1224 570 1293 αἰσχρά
598 1219 933 1292 δημηγορία,
982 1223 1045 1271 τὸ
1097 1218 1143 1271 δ’
1187 1218 1375 1285 ἕτερον
1409 1211 1714 1284 προστασία
1737 1211 1830 1264 τοῦ
1869 1211 1953 1264 δι-

372 1316 552 1379 καίου,
606 1313 907 1380 ἀναγκαῖον
948 1309 1179 1371 ἐκείνοις
1208 1306 1303 1360 τοῦ
1333 1305 1386 1374 γ’
1418 1306 1464 1337 ⁸⁷
1494 1304 1681 1374 ἑτέρου
1712 1304 1953 1372 μετεῖναι

375 1404 562 1475 σαφῶς
594 1421 661 1471 γε
687 1402 908 1455 οὑτωσί.
962 1398 1089 1463 Πῶς
1134 1393 1227 1453 οὖν
1270 1395 1598 1468 ἀμφοτέρων
1631 1395 1955 1463 ἀποστερεῖς

373 1498 571 1561 αὐτούς
597 1515 612 1563 ;
640 1496 735 1549 καὶ
791 1496 898 1566 μὴν
926 1492 980 1547 εί
1005 1510 1071 1560 γε
1116 1490 1209 1545 καὶ
1238 1490 1462 1552 δικαίως
1489 1489 1814 1558 ἀποστερεῖς
1848 1488 1956 1557 ἀμ-

375 1590 639 1658 φοτέρων,
670 1585 829 1656 τρίτη
862 1603 945 1648 τις
986 1583 1052 1637 ἂν
1094 1582 1181 1652 είη
1224 1582 1357 1651 παρ’
1404 1579 1722 1651 ἀμφοτέρας
1744 1570 1957 1639 ’ταύτας

379 1682 643 1753 ῥητορικὴ
694 1677 879 1732 πάλιν.
931 1677 1094 1729 Ὥστε
1139 1673 1263 1728 οὔτε
1308 1671 1529 1726 διπλοῦν
1567 1672 1647 1724 ἔτι
1680 1670 1855 1740 τούτῳ
1882 1670 1958 1740 τῷ

2044 473 2132 512 res
2160 466 2266 523 est,
2303 464 2358 511 et
2428 453 2728 522 expetenda
2781 447 3073 511 rhetorica,
3110 445 3366 499 nimirum
3399 442 3451 497 hi
3488 444 3627 511 epti-

2045 564 2256 603 marum
2288 562 2475 600 rerum
2510 559 2699 599 curam
2736 547 3043 611 gesserunt.
3075 536 3186 592 Cur
3217 536 3381 606 igitur
3411 533 3494 588 vel
3527 534 3629 587 hos

2045 642 2252 709 optime
2290 639 2498 692 dixisse
2539 642 2724 704 negat,
2766 630 2849 685 vel
2890 628 3219 685 rhetoricam
3253 634 3411 681 vocat
3442 624 3633 678 adula-

2048 730 2288 786 tionem?
2322 728 2475 795 Quod
2515 726 2562 781 si
2598 724 2795 792 duplex
2827 731 2909 776 est
2947 718 3233 774 rhetoricae
3274 732 3466 787 genus,
3494 732 3631 786 quu-

2047 841 2169 879 rum
2209 824 2438 878 alterum
2488 822 2560 875 sit
2598 802 2867 882 adulatio,
2910 818 3192 884 turpisque
3241 812 3453 878 concio,
3497 810 3635 863 alu-

2050 933 2175 971 rum
2222 917 2449 986 justitiaa
2500 930 2665 980 cura,
2720 913 3041 966 alterutrum
3098 911 3151 963 in
3211 908 3296 962 his
3347 904 3637 960 manifeste

2050 1011 2199 1065 cerni
2256 1018 2492 1078 oportet.
2542 1008 2650 1063 Cur
2702 1006 2867 1076 igitur
2920 1005 3100 1059 aufers
3152 999 3483 1069 utrumque?
3536 997 3633 1053 Sin

2053 1129 2342 1186 utrumque
2401 1125 2551 1170 recte
2609 1110 2835 1175 aufers,
2900 1110 3057 1163 tertia
3126 1109 3370 1177 (praedari:
3443 1118 3640 1175 praeter

2054 1221 2342 1279 utramque
2391 1208 2495 1262 erit
2543 1205 2833 1261 rhetorica:
2884 1203 3115 1274 species.
3153 1198 3338 1270 Itaque
3386 1214 3490 1253 non
3527 1197 3638 1267 jam

2056 1303 2255 1372 dUplex
2289 1302 2394 1356 erit
2423 1299 2714 1363 rhetorica,
2743 1312 2916 1366 neque
2953 1308 3133 1348 tamen
3166 1292 3319 1346 Plato
3351 1306 3470 1360 qua:
3500 1298 3644 1342 esset

2057 1396 2220 1451 tertia
2256 1394 2514 1450 ostendit.
2546 1394 2697 1460 Quod
2732 1395 2776 1446 si
2810 1390 2875 1444 ad
2909 1391 3137 1459 gratiam
3172 1398 3295 1441 sunt
3321 1395 3372 1439 et
3401 1384 3647 1452 Volupta-

2060 1499 2166 1543 tem
2200 1487 2427 1542 omnino
2469 1486 2721 1550 conﬁcta,
2766 1494 2820 1536 et
2858 1498 2923 1535 ex
2968 1479 3344 1533 adulatoribus
3382 1492 3545 1528 ιιιιιιιν
3587 1488 3647 1526 se

2058 1579 2210 1644 facit,
2242 1578 2370 1634 dum
2408 1577 2640 1645 iucunda
2688 1591 2784 1645 pro
2820 1574 2964 1629 veris
3013 1571 3197 1634 refert,
3242 1567 3383 1622 nulla
3426 1580 3649 1634 praeser-

2061 1674 2154 1727 tim
2211 1671 2538 1725 necessitate
2595 1668 2881 1738 impulsus,
2933 1666 3017 1719 sin
3067 1664 3212 1734 juste
3261 1668 3385 1715 sunt
3429 1669 3482 1711 et
3522 1669 3649 1709 vere

376 1744 526 1843 λόγω
539 1772 601 1825 τὸ
626 1744 725 1838 τῆς
758 1769 1056 1841 ῥητορικῆς
1078 1783 1093 1798 ο
1143 1768 1264 1821 οὐδὲ
1303 1765 1469 1832 ἔδειξε
1506 1766 1569 1835 δή
1594 1782 1697 1818 που
1733 1764 1960 1817 Πλάτων

2076 1765 2225 1830 licta,
2257 1780 2377 1834 quae
2426 1763 2728 1833 requiritur
2770 1760 2941 1828 major
2969 1758 3261 1814 criminum
3298 1753 3522 1816 solutio,
3559 1759 3651 1802 aut

375 1866 496 1936 ἥτις
523 1864 570 1895 ⁸⁸
594 1863 744 1916 ἐστὶν
779 1863 813 1932 ή
844 1859 1026 1931 τρίτη.
1043 1860 1106 1912 Et
1129 1858 1230 1929 μὲν
1250 1859 1293 1893 ⁸³
1319 1858 1431 1927 γὰρ
1466 1857 1640 1922 ἄλλως
1664 1856 1817 1910 ταῦτ’
1846 1856 1965 1909 ἐστὶ

378 1956 538 2025 λόγου
559 1955 721 2025 χάρις
750 1970 809 2006 τε
837 1951 883 1985 ⁹⁰
914 1952 1010 2005 καὶ
1043 1950 1226 2020 ἡδονὴ,
1256 1949 1310 2002 τί
1340 1949 1439 2019 τῆς
1473 1948 1767 2021 ῥητορικῆς
1795 1946 1965 2002 ταῦτα

382 2048 711 2117 κατηγορεῖς
757 2044 853 2097 καὶ
894 2042 949 2096 τί
974 2042 1081 2095 τῶν
1116 2040 1365 2094 κολάκων
1399 2033 1480 2102 εἷς
1519 2040 1753 2108 γίνεται,
1789 2040 1964 2109 λέγων

384 2143 454 2196 τά
491 2142 623 2211 ἡδίω
650 2139 756 2210 πρὸ
778 2136 888 2190 τῶν
918 2136 1111 2201 ὄντων,
1155 2134 1251 2187 καὶ
1295 2132 1473 2188 ταῦτα
1506 2133 1775 2204 μηδεμιᾶς
1805 2135 1967 2202 ἀνάγ-

386 2251 490 2306 κης
514 2232 792 2301 ὲτοούσης;
824 2232 873 2284 εί
900 2231 957 2283 δὲ
985 2228 1072 2299 ἐφ’
1103 2228 1275 2282 ἅπασι
1306 2228 1536 2289 δικαίοις
1574 2228 1670 2280 καὶ
1702 2228 1839 2298 μετά
1863 2229 1962 2298 τῆς

387 2326 646 2398 ἀληθείας
674 2326 720 2358 ⁸⁸
776 2323 1018 2394 εἴρηται,
1081 2321 1205 2376 τίνα
1254 2322 1359 2392 χρὴ
1419 2320 1628 2390 μείζονι
1687 2320 1848 2375 λῦσαι
1896 2322 1965 2375 τά

383 2422 485 2492 τῆς
502 2422 551 2453 θ’
582 2417 961 2490 βλασφημίας
993 2415 1028 2487 ἢ
1066 2414 1187 2469 τίνα
1225 2413 1429 2468 καλλίω
1454 2413 1785 2483 ποιήσασθαι
1822 2414 1965 2484 μάρ-

386 2530 529 2584 τυρα
581 2513 630 2544 ⁸³
693 2509 857 2564 αὑτοῦ
916 2508 1227 2573 Πλάτωνος,
1292 2508 1421 2560 ὅταν
1474 2505 1708 2559 ἐνταῦθα
1751 2507 1851 2578 μὲν
1876 2508 1973 2561 καὶ

388 2604 732 2676 παραχρῆμα
779 2603 961 2672 ἀφιεὶς
1020 2602 1283 2672 φαίνηται
1345 2600 1445 2670 τῆς
1498 2599 1680 2664 αἰτίας
1732 2601 1973 2664 αὐτοὺς,

2062 1860 2186 1930 quis
2212 1858 2553 1913 commodior
2583 1857 2699 1924 ipso
2730 1846 2955 1908 Platone
2988 1850 3161 1915 testis,
3188 1848 3278 1917 qui
3313 1846 3401 1901 hic
3431 1845 3647 1914 quidem

2062 1965 2158 2004 eos
2202 1948 2466 2003 continuo
2519 1948 2792 2005 absolvat.
2832 1945 2961 1998 alibi
3014 1957 3144 1996 vero
3190 1939 3388 2012 437a
3430 1950 3653 2008 prorsus

2065 2040 2249 2095 laudet
2284 2040 2471 2104 etiam,
2504 2048 2559 2093 cl.
2586 2036 2887 2095 Stesichori
2933 2034 3261 2105 palinodiam
3299 2030 3555 2083 imitetur.
3589 2027 3656 2078 At

2064 2135 2154 2203 qui
2189 2149 2312 2187 cum
2345 2142 2510 2205 neget
2536 2147 2656 2188 esse
2686 2131 2997 2188 Graecorum
3027 2128 3317 2197 optimum,
3353 2124 3397 2177 is
3432 2119 3648 2191 quidem

2064 2225 2330 2295 pessimus
2358 2226 2429 2279 sit
2457 2237 2510 2279 et
2542 2224 2855 2280 Graecorum
2900 2230 2954 2275 et
2994 2219 3383 2273 Barbarorum.
3425 2211 3652 2266 Verum-

2070 2341 2250 2388 tamen
2302 2332 2548 2387 nonnihil
2595 2331 2758 2385 etiam
2811 2328 3030 2399 ingenio
3076 2329 3268 2386 utitur,
3308 2319 3657 2389 quemadmo-

2073 2428 2198 2480 dum
2238 2433 2514 2495 potestate
2556 2439 2731 2493 reges.
2758 2423 2901 2478 sicut
2929 2432 2988 2475 et
3023 2420 3076 2472 in
3111 2417 3227 2485 ipsa
3261 2413 3496 2467 dictione
3531 2408 3660 2463 facit

2077 2516 2393 2586 aliquando,
2426 2518 2551 2570 dum
2587 2516 2890 2570 libertatem
2930 2518 3159 2579 usurpat
3194 2503 3464 2575 loquendi,
3497 2513 3661 2569 atqu-2

2082 2609 2247 2663 etiam
2283 2610 2336 2664 in
2371 2609 2708 2679 argumentis
2741 2606 2911 2676 ipsis:

390 2699 617 2769 ἑτέρωθι
643 2698 818 2752 δὲκαὶ
846 2694 1102 2761 καθάπαξ
1134 2695 1521 2765 ἐγκωμιάζων,
1550 2695 1646 2749 καὶ
1678 2696 1769 2751 τὸν
1826 2699 2163 2773 Στησίχοραν
2213 2705 2550 2778 μιμούμενος
2597 2707 2664 2776 τῇ
2726 2700 3064 2773 παλιὺῳδίᾳς
3113 2695 3274 2750 Ἀλλὰ
3338 2691 3447 2762 γάρ
3476 2690 3525 2722 ’⁵
3588 2687 3663 2748 ὡς

396 2792 494 2863 μὲν
543 2792 643 2844 οὐκ
702 2790 924 2860 ἄριστος
954 2787 1064 2840 τῶν
1103 2786 1378 2857 Ἑλλήνων
1437 2786 1687 2851 Πλάτων,
1718 2788 1980 2855 κάκιστος
2016 2793 2083 2847 ἂν
2130 2795 2175 2827 ’⁸
2236 2796 2322 2864 εἴη
2390 2798 2488 2851 καὶ
2538 2795 2807 2867 Ἑλλήνων
2846 2792 2944 2846 καὶ
3008 2788 3312 2859 Βαρβάρων
3356 2784 3507 2846 ὅστις
3565 2780 3667 2834 οὒκ

389 2887 566 2941 ἐθέλει
585 2886 785 2953 λέγειν.
826 2883 987 2955 [1509
1012 2881 1105 2953 3.]
1141 2880 1328 2936 Ἐοικε
1352 2881 1478 2935 δέτι
1509 2883 1603 2935 καὶ
1663 2883 1764 2954 τῆς
1794 2885 2012 2953 φύσεως
2084 2891 2327 2945 άπολαύε
2341 2910 2410 2956 ιν,
2455 2893 2643 2964 ὥσπερ
2688 2893 2736 2944 ot
2773 2888 3011 2959 βασιλεῖς
3041 2885 3141 2955 τῆς
3174 2880 3444 2948 ἐξουσίας,
3480 2871 3591 2930 οἷον
3620 2874 3667 2907 ⁸⁸

393 2977 488 3030 καὶ
517 2975 646 3045 περὶ
682 2974 853 3043 αὐτὴν
874 2972 973 3045 τὴν
996 2970 1140 3038 λέξιν
1164 2974 1310 3025 ἔστιν
1348 2965 1410 3026 οὗ
1438 2976 1740 3046 φανήσεται
1775 2978 1969 3051 ποιῶν,
2009 2980 2163 3054 ἀδείᾳ
2208 2983 2385 3054 λόγων
2423 2984 2631 3039 πλείονι
2688 2982 2995 3055 χρώμενος,
3041 2979 3134 3032 καὶ
3170 2974 3298 3046 περί
3357 2988 3427 3041 γε
3492 2967 3666 3036 αὐτάς

391 3068 490 3129 τὰς
509 3066 554 3096 ’⁷
587 3064 897 3127 ὑποθέσεις.

464 3160 1047 3239 Γοτιαόνοματοποιεῖ,
1072 3159 1168 3239 καὶ
1188 3159 1267 3239 δτι
1292 3162 1386 3239 καὶ
1411 3161 1857 3229 ἀποδεόιωκότας
1894 3168 1970 3233 ὡς

2146 3167 2325 3238 Fingit
2356 3166 2443 3221 hic
2473 3176 2528 3219 et
2557 3161 2768 3218 inducit
2801 3171 3065 3222 mortuos,
3097 3155 3248 3225 quasi
3282 3158 3580 3221 praesentes
3606 3160 3675 3202 ac

396 3231 772 3302 ῑτίπαράντας
796 3231 1014 3299 Διείσάγει
1043 3232 1155 3294 τοῖς
1193 3232 1479 3286 ὲπαῖσουσι
1508 3231 1977 3309 διαλεγομένουςξὶ

471 3328 662 3382 Οὐδέη
686 3345 750 3397 γε
784 3326 1073 3400 Εὐριπίδου
1106 3327 1351 3398 φήσομεν
1370 3328 1431 3379 τὸ
1464 3328 1710 3397 ἰαμϐεῖον
1740 3324 1880 3382 εἶναι
1903 3331 1983 3397 τὸ,

547 3420 728 3489 Σοφοὶ
754 3422 1034 3487 τύραννοι
1053 3419 1172 3473 τῶν
1202 3418 1413 3489 σοφῶν
1435 3421 1763 3489 συνουσίᾳ.

404 3509 513 3567 οὐδ’
580 3513 633 3565 εί
653 3529 735 3573 τις
767 3512 909 3566 οὕτω
936 3513 1043 3566 τῶν
1079 3512 1258 3579 σοφῶν
1309 3513 1532 3583 εἴρηκεν
1568 3512 1613 3545 ⁹⁹
1640 3529 1654 3543 ·
1704 3513 1822 3567 ἔστι
1877 3514 1987 3584 γὰρ

404 3602 466 3668 ἐξ
518 3602 774 3670 Αἴαντος
837 3602 1193 3673 Σοφοκλέους,
1254 3604 1512 3668 Αἴαντος
1570 3604 1679 3659 τοῦ
1731 3605 1984 3674 Λοκροῦ.

368 3764 371 3765 ν
418 3694 559 3749 Ἀλλ’
585 3695 700 3748 ἔστι
730 3695 903 3748 ταῦτα
932 3697 1039 3748 ἀπὸ
1066 3695 1162 3763 τῆς
1195 3694 1303 3748 τῶν
1327 3696 1591 3764 διαλόγων
1613 3700 1865 3764 ἐξουσίας
1894 3700 1989 3753 καὶ

409 3788 699 3860 συνηθείας
726 3787 1053 3860 ὡρμημένα.
1084 3787 1174 3859 Τῷ
1204 3789 1315 3860 γάρ
1349 3789 1598 3853 ἅπαντας
1614 3790 1814 3855 αὐτοὺς
1848 3789 1989 3845 εῖναι

409 3880 671 3945 ἐπιεικῶς
705 3881 1020 3950 πλάσματα,
1054 3883 1148 3934 καὶ
1206 3880 1430 3935 πλέκειν
1464 3882 1666 3947 ἐξεῖναι
1724 3883 1790 3936 δι’
1818 3878 1891 3937 ὧν
1924 3884 1989 3939 ἀν

410 3991 493 4038 τις
527 3972 806 4043 βούληται,
844 3973 1020 4026 ἔνεστί
1063 3991 1116 4027 τι
1150 3975 1251 4027 κάν
1296 3976 1409 4038 τοῖς
1465 3976 1647 4045 λόγοις
1699 3978 1883 4041 αὐτοῖς
1929 3978 1991 4032 οὐ

414 4066 622 4136 σφόδρα.
649 4065 852 4136 τηροῦν
881 4066 979 4133 τὴν
1003 4065 1260 4136 ἀλήθειαν
1286 4084 1299 4097 ·
1333 4068 1429 4123 καὶ
1469 4069 1587 4137 ἅμα
1629 4086 1719 4138 μοι
1747 4070 1764 4100 ¹
1814 4070 1993 4123 δοκεῖν

413 4157 702 4227 ἐφέλκεται
736 4157 827 4211 τι²
861 4159 959 4229 τῆς
1004 4158 1318 4231 ἐλευθερίας
1354 4158 1449 4211 καὶ
1503 4159 1604 4228 τῆς
1655 4160 1995 4231 μεγαλοπρε-

416 4250 594 4315 πείας,
644 4249 743 4303 καὶ
800 4248 861 4302 οὐ
918 4249 1269 4304 παντάπασιν
1326 4250 1789 4321 ἀκριϐολογεῖται,
1855 4253 1992 4319 ἀλλ’,

417 4342 605 4410 ὥσπερ
661 4342 823 4414 ἔφην,
880 4345 1155 4413 συγχωρεῖ
1215 4345 1281 4412 τῇ
1339 4342 1521 4411 φύσει.
1569 4345 1801 4399 Ἔπειτα
1839 4345 1995 4399 ταῦθ’

420 4435 579 4507 ἡμεῖς
610 4434 796 4498 ἁπλῶς
827 4433 972 4488 οὕτω
1006 4434 1465 4504 παραδεξόμεθα;
1494 4435 1609 4488 Οὐκ
1660 4435 1768 4506 ἄρα
1797 4436 1995 4490 εἰδέναι

418 4525 489 4579 τὰ
521 4526 732 4580 ἐκείνου
767 4524 1017 4596 δόξομεν.

650 4619 840 4693 ἀμεέλει
904 4616 1242 4689 Ἀριστείδης
1295 4616 1554 4679 πολλάκις
1613 4618 1687 4681 ὼς
1732 4618 2003 4687 παρέλκων

421 4686 661 4762 λαμϐάνε
675 4686 739 4762 ιζ]

495 4781 703 4837 Οὔτοι³
752 4778 1145 4851 φιλαθηναίουδ
1198 4778 1259 4847 γέ
1314 4780 1429 4831 ἐστι
1490 4779 1588 4847 τὴν
1659 4778 1999 4849 Ἀκαδημίαν

428 4873 599 4944 μόνην
633 4870 935 4942 θαυμάζειν
955 4870 1054 4941 τῆς
1083 4870 1357 4938 ’Λττικῆς,
1390 4869 1486 4940 τὴν
1515 4871 1558 4923 δ’
1584 4869 1750 4940 ἄλλην
1780 4870 2000 4924 ἅπασαν

424 4966 617 5035 ὥσπερ
676 4962 877 5032 ἐχθρὰν
937 4962 1144 5032 κρίνειν
1203 4960 1301 5013 καὶ
1369 4961 1655 5032 πολεμίαν.
1708 4960 1843 5015 υύδὶ
1891 4962 2000 5032 γὰρ

432 5055 559 5129 [7|(l
603 5054 696 5127 H.]
749 5053 1190 5121 καταγελάστους,
1233 5051 1599 5122 ἀποφήναντα
1624 5053 1750 5116 τοὺς
1802 5052 1999 5117 ἄλλους

431 5147 697 5211 ἅπαντας,
725 5142 867 5198 οὕτω
905 5143 1000 5197 καί
1035 5159 1165 5194 ποτε
1222 5142 1327 5211 χρὴ
1379 5142 1640 5195 Πλάτωνα
1700 5142 2002 5212 θαυμάζειν

432 5238 737 5306 ἀναμεῖναι.
785 5232 958 5289 Τοῦτο
986 5230 1095 5304 γὰρ
1122 5230 1185 5284 οὐ
1214 5231 1501 5295 Πλάτωνος
1560 5231 1669 5285 ἄν’
1711 5231 1798 5303 εἴη
1844 5232 2004 5302 τιμὴ,

2089 3241 2444 3294 disserentes.

2159 3328 2271 3384 Nec
2302 3325 2576 3395 Euripidis
2607 3323 2896 3378 iambicum
2931 3319 3059 3373 illud
3090 3330 3211 3371 esse
3241 3315 3487 3368 dicemus
3516 3328 3530 3364 :

2264 3418 2592 3486 Sapientiam
2627 3414 2937 3468 commercio
2964 3410 3204 3477 princeps
3233 3406 3393 3474 sapit,

2088 3511 2337 3581 quamvis
2364 3507 2422 3563 id
2455 3508 2756 3576 sapientum
2788 3505 3007 3573 quidam
3047 3497 3280 3570 .dixeril,
3320 3511 3442 3550 cum
3490 3494 3561 3548 sit
3608 3507 3675 3546 ex

2088 3603 2254 3672 Ajace
2287 3599 2595 3670 Sophoclis,
2622 3596 2713 3666 qui
2753 3594 2954 3647 Locrus
3004 3590 3335 3653 inscribitur,
3378 3594 3679 3653 sumptum.

2093 3694 2199 3749 Sed
2231 3694 2348 3748 haec
2383 3690 2614 3745 licentia:
2660 3686 2995 3753 dialogorum
3046 3695 3100 3738 et
3149 3676 3523 3736 consuetudini
3576 3676 3644 3729 tri

2090 3789 2348 3843 buuntur.
2380 3783 2593 3837 Etenim
2630 3795 2751 3835 cum
2786 3778 2893 3831 sint
2918 3790 3108 3829 omnes
3152 3772 3428 3842 figmenta,
3454 3777 3510 3823 et
3542 3782 3681 3835 quo-

2094 3892 2307 3945 cunque
2338 3876 2458 3943 quis
2529 3870 2660 3925 velit
2707 3868 2867 3921 modo
2906 3865 3074 3935 possit
3120 3873 3356 3926 nectere,
3395 3858 3453 3913 iit
3492 3868 3550 3911 ut
3583 3873 3683 3912 nec

2092 3971 2207 4036 ipsa
2240 3970 2402 4023 verba
2431 3965 2540 4020 sint
2571 3961 2858 4016 admodum
2890 3956 3106 4011 veritati
3133 3968 3391 4009 consona.
3427 3949 3596 4005 Simul
3629 3957 3685 4003 et

2091 4038 2400 4116 Ehertatem
2454 4057 2671 4111 videtur
2716 4061 2877 4120 atque
2932 4044 3385 4117 Inagnilicentiam
3438 4040 3687 4096 nonnihii

2095 4154 2318 4217 scalari,
2349 4165 2449 4204 nec
2482 4150 2549 4203 ad
2599 4153 2846 4201 exactam
2896 4142 3159 4195 rationem
3214 4138 3415 4191 referre
3456 4142 3687 4197 cuncta;

2097 4260 2307 4309 verum,
2346 4236 2488 4312 quod
2532 4239 2644 4309 jam
2696 4237 2830 4301 dixi,
2869 4233 3087 4301 ingenio
3132 4227 3399 4282 concedit.
3461 4222 3526 4276 Et
3570 4223 3683 4275 haec

2100 4349 2199 4387 nos
2226 4333 2300 4387 ita
2328 4342 2531 4385 temere
2563 4323 2926 4396 recipiemus?
2966 4319 3085 4375 Non
3128 4319 3291 4386 igitur
3333 4328 3458 4370 eum
3489 4327 3689 4384 cogno—

2101 4439 2255 4480 scere
2281 4423 2602 4477 videbimur.

2033 4523 2074 4576 D

2186 4610 2401 4681 Ἀμέλει
2428 4623 2573 4677 sape
2616 4605 2765 4674 ponit
2799 4600 3067 4657 Aristides
3093 4597 3249 4669 quasi
3284 4595 3617 4650 redundans.

2172 4765 2338 4821 Nemo
2364 4772 2531 4830 certe,
2562 4762 2652 4833 qni
2701 4763 2873 4817 solam
2905 4759 3208 4814 admiretur
3235 4754 3581 4809 Academiam
3609 4766 3693 4807 re-

2092 4858 2301 4930 liquam
2330 4857 2565 4910 Atticam
2595 4853 2846 4909 hostilem
2878 4859 2931 4906 et
2959 4852 3231 4905 inimicam
3264 4848 3480 4910 haheat,
3512 4843 3699 4904 Athe-

2111 4953 2324 5006 nienses
2360 4961 2548 5001 amare
2576 4944 2792 4998 dicatur
2823 4962 2836 4999 :
2872 4955 3043 5011 neque
3078 4954 3200 4994 cum
3237 4935 3473 5006 reliquos
3502 4948 3693 4988 omnes

2113 5044 2365 5098 ridendos
2412 5038 2873 5109 proposuerimus,
2913 5041 3026 5086 tum
3076 5032 3192 5085 fore
3225 5028 3553 5098 sperandum
3582 5032 3695 5090 est,

2112 5144 2171 5189 ut
2204 5134 2479 5188 Platonem
2525 5130 2808 5200 quisquam
2850 5125 3169 5180 admiretur.
3217 5120 3272 5175 ld
3309 5120 3454 5176 enim
3485 5133 3596 5177 non
3640 5118 3696 5173 in

2113 5232 2375 5285 honorem
2432 5225 2707 5291 Platonis,
2763 5221 2859 5279 sed
2923 5219 3155 5276 aliorum
3211 5216 3390 5286 potius
3449 5214 3694 5269 omnium

1698 5393 1731 5443 V
1744 5390 1927 5445 ARI/E
1983 5390 2278 5445 LECTION
2288 5391 2392 5445 ES.

506 5520 552 5553 ⁸⁸
578 5518 698 5572 libri
727 5516 962 5586 μέλλειν.
1039 5518 1085 5551 ⁸⁸
1118 5534 1170 5570 τι
1195 5516 1318 5569 add.
1343 5515 1410 5570 A.
1484 5514 1528 5546 ⁸⁷

438 5588 613 5653 θείας]
643 5582 752 5640 τῶν
783 5588 998 5656 ἀληθῶν
1047 5590 1111 5642 Λ.
1177 5589 1223 5619 θ’
1249 5588 1319 5639 τὰ
1351 5586 1448 5655 τῆς
1492 5599 1599 5656 om.
1631 5582 1703 5656 _A.

439 5666 485 5694 ⁸⁸
507 5657 616 5713 οἷον

1563 5510 1614 5580 γ’
1642 5528 1751 5563 οιη.
1780 5510 1844 5564 Α.
1925 5510 1971 5541 ⁸⁸
1993 5511 2146 5571 εἴτις
2170 5512 2232 5563 Λ.
2310 5507 2355 5539 ⁸⁹
2388 5508 2436 5580 εἰ
2469 5505 2591 5580 μὲν]

622 5658 713 5801 io?
743 5673 825 5727 pr.
875 5647 951 5725 Ἀ,
986 5658 1019 5728 ἢ
1083 5674 1226 5710 corr.
1259 5657 1301 5689 ³⁷
1329 5647 1425 5718 τὰς
1458 5654 1581 5708 add.
1616 5654 1681 5705 Α.
1756 5650 1801 5682 ⁵⁸
1818 5647 1961 5719 οὐδὲ]
1995 5647 2204 5716 ιι.’477.
2263 5650 2307 5680 ⁹⁹
2333 5647 2441 5700 οὐδ’
2473 5648 2693 5717 εἴρηκεν
2717 5663 2829 5701 om.
2857 5648 2919 5699 Α.

678 5745 728 5799 p.
764 5726 886 5782 485.
964 5727 987 5759 ’⁵
1012 5745 1092 5781 τοι
1130 5724 1481 5796 φιλαθηναίιιυ
1509 5725 1549 5776 Α
1586 5738 1599 5772 :
1632 5739 1685 5775 τι
1717 5719 2066 5791 φιλαθηναῖον
2104 5734 2165 5782 ς.
2237 5718 2257 5749 ⁸
2295 5718 2503 5771 avom.
2538 5717 2601 5769 A.

428 5732 462 5788 .'
478 5717 646 5799 οὗτοι]
678 5717 886 5799 ρ.’485.
936 5717 1092 5781 Ἤτοι
1130 5717 1481 5796 φιλαθηναίιιυ
1509 5725 1549 5776 Α
1586 5738 1599 5772 :
1632 5739 1685 5775 τι
1717 5717 2066 5791 φιλαθηναῖον
2104 5734 2165 5782 ς.
2237 5718 2257 5749 ⁸
2295 5718 2503 5771 avom.
2538 5717 2601 5769 A.

2616 5524 2674 5576 -βο
2716 5506 2840 5560 466-
2914 5505 3182 5576 “eam:
3211 5500 3277 5576 ᾼ·
3335 5501 3395 5576 ,⁸³
3427 5496 3705 5576 titulu-

1779 5580 1825 5651 ν
1858 5569 2178 5651 μαρτυρίαν
2226 5582 2301 5651 Α.
2369 5569 2590 5651 ξξίᾶλλᾶ
2623 5569 2776 5647 ’γάρῙ
2832 5592 2883 5651 p.
2935 5575 3069 5651 4η».-
3137 5574 3183 5651 ’ξ
3214 5572 3279 5651 ᾂν
3320 5572 3407 5651 A_:
3439 5569 3483 5621 δ’
3525 5569 3593 5623 ἂν
3638 5584 3703 5651 ς·

3006 5646 3021 5676 ί
3055 5643 3179 5713 ἐμοὶ
3207 5643 3274 5699 A.
3350 5642 3371 5674 ³
3397 5656 3453 5694 τι
3485 5654 3606 5694 om.
3636 5639 3700 5691 A-
