4012 6236
389 191 410 258 1
421 197 526 260 575

1485 197 1750 260 PHOTII
1787 196 2292 258 PATRIARCHE
2321 197 2430 259 (ΞΡ.

3501 205 3636 271 1576

385 305 772 382 ignominiam,
821 313 986 376 atque
1029 305 1164 362 adeo
1212 305 1452 364 Platonis
1501 309 1669 378 ipsius
1721 309 1959 365 cederet.

2077 306 2177 360 m'
2216 307 2412 376 ἀτιμία
2443 305 2553 360 τῶν
2588 306 2765 363 ἄλλων
2824 310 3046 380 μᾶλλον,
3091 313 3280 384 σχεδὸν
3320 314 3377 369 δέ
3397 319 3494 370 τι⁶
3545 322 3639 376 καὶ

383 403 520 458 ham
567 416 689 456 cmn
737 409 989 470 putamus
1031 414 1156 452 eum
1206 414 1311 454 nou
1363 413 1538 466 posse,
1573 400 1619 454 si
1666 399 1790 470 quis
1831 399 1969 455 alius

385 495 594 567 probus,
635 489 918 555 habeatur,
960 491 1129 558 pluris
1185 491 1323 554 ﬂeri,
1365 490 1472 546 tale
1505 492 1762 560 quiddam
1802 491 1968 548 elﬁci-

387 603 527 643 mus.
568 583 756 654 Neque
784 583 1040 638 convenit
1069 591 1412 637 contractum
1444 598 1566 637 cum
1608 584 1728 638 aliis
1761 585 1967 650 odium,

387 683 509 738 lidei
558 681 698 750 apud
751 679 885 734 alios
919 679 1262 734 occasionem
1314 676 1430 732 fore
1477 678 1714 732 credere.
1744 676 1878 732 Nam
1923 675 1966 731 si

386 774 592 829 Platoni
629 788 734 828 non
771 771 1164 826 malefaciendo
1195 769 1429 824 debitam
1466 770 1596 824 viris
1627 769 1837 823 laudem
1869 769 1968 821 tri-

386 866 626 932 buimus,
653 863 880 926 nemini,
902 865 1086 924 credo,
1113 861 1342 915 facimus
1365 860 1640 928 iniuriam.
1676 860 1798 914 Haec
1824 859 1969 914 enim

387 959 608 1028 politica
641 969 787 1023 sunt,
841 956 1076 1012 humana
1107 969 1170 1007 ac
1205 953 1308 1008 diis
1334 954 1403 1007 ab
1434 953 1579 1007 omni
1605 967 1720 1006 aevo
1749 951 1966 1022 placita.

389 1049 588 1106 Verum
619 1050 662 1104 si
695 1065 783 1105 res
813 1058 896 1103 est
922 1047 1163 1116 improba
1185 1046 1470 1116 tragoedia,
1502 1054 1666 1112 atque
1697 1043 1970 1113 improbo-

389 1157 508 1198 rum
541 1141 820 1195 hominum
860 1137 1148 1206 scriptum,
1193 1135 1314 1204 quis
1358 1143 1409 1188 te
1451 1134 1596 1187 dicat
1638 1147 1759 1186 esse
1803 1131 1970 1200 tragi-

385 1231 554 1287 cum?
586 1231 738 1296 Quod
776 1227 919 1282 enim
952 1225 1148 1297 5,37!»
1175 1237 1397 1293 prorsus
1423 1231 1507 1278 est
1536 1230 1712 1290 turpe,
1743 1222 1791 1274 id
1827 1219 1970 1275 nullo

389 1323 551 1378 modo
591 1329 766 1390 potest
811 1319 1100 1372 honestum
1141 1315 1279 1369 fieri.
1317 1315 1518 1368 Deinde
1568 1328 1736 1385 negas
1783 1325 1972 1381 quem-

385 1429 551 1485 quam
587 1411 782 1465 debere
831 1405 1108 1477 improbos
1153 1404 1393 1468 imitari,
1446 1403 1529 1457 vel
1563 1404 1628 1457 ad
1663 1401 1967 1471 exemplum

390 1506 626 1563 deterius
664 1517 722 1556 se
753 1512 1106 1568 componere;
1151 1510 1250 1549 nec
1290 1495 1405 1564 ipse
1453 1495 1555 1548 hoc
1591 1493 1788 1562 ubique
1831 1507 1967 1560 prae-

389 1611 525 1664 stas,
559 1611 742 1650 verum
775 1591 1005 1646 innitaris
1040 1588 1346 1658 Sophistas,
1379 1571 1765 1658 sycophantas,
1795 1585 1970 1638 Thra-

2069 397 2236 453 αὑτοῦ
2265 398 2574 462 Πλάτωνος.
2619 400 2695 453 Τὸ
2737 402 2883 474 γάρτ
2917 405 3172 474 ἡγεῖσθαι
3227 410 3464 480 χρηστοῦ
3488 428 3636 478 τινος

2067 492 2228 548 ἄλλου
2259 490 2543 560 κριθέντος
2575 492 2650 563 μὴ
2671 488 2810 547 εἶναι
2837 497 3012 566 τούτῳ
3038 495 3284 562 πλείονος
3308 499 3446 573 ἀξίῳ
3466 502 3638 569 δόξαι,

2068 585 2188 649 πῶς
2215 584 2277 639 οὑ
2331 583 2572 638 τοιοῦτόν
2625 586 2810 653 tactv;
2847 587 2923 640 Οὑ
2954 587 3070 640 δεμ
3129 589 3229 660 τὴν
3289 591 3426 662 πρὸς
3474 595 3638 659 τοὺς’

2067 675 2288 750 ἑτέρους
2315 675 2613 746 ἀπέχθειαν
2647 676 2893 748 νομίζειν
2925 679 3180 750 ἀφορμὴν
3209 681 3310 752 τῆς
3349 684 3488 756 πρὸς
3511 687 3640 750 τοὺς

2070 767 2290 838 ἐτέρους
2324 767 2561 831 πίστεως
2591 763 2756 822 εἶναι.
2783 769 2847 822 Εί
2881 769 2991 841 γάρ
3023 769 3120 824 τοῦ
3151 772 3194 803 ⁸ο
3228 773 3490 829 Πλάτωνα
3535 794 3638 832 κα-

2069 858 2166 912 κόν
2195 877 2248 911 τι
2275 859 2455 927 λέγειν
2493 857 2782 927 ἀφιέμενοι
2830 863 2941 926 τοῖς
2971 863 3197 935 ἀνδράσι
3243 865 3312 919 τὰ
3362 866 3640 937 πρέποντα

2069 945 2455 1018 ἀπεδώκαμεν,
2491 951 2594 1003 οὑκ
2621 949 2934 1019 ἀδικοῦμεν,
2967 948 3122 1022 οἶμαι
3151 972 3165 987 ·
3212 954 3386 1010 ταῦτα
3408 957 3516 1029 γὰρ
3545 960 3642 1012 καὶ

2071 1038 2324 1094 πολιτικά
2345 1041 2385 1071 ¹¹
2419 1045 2514 1094 καὶ
2547 1039 2864 1109 ἀνθρώπινα
2923 1045 3016 1096 καὶ
3050 1047 3192 1110 θεοῖς
3221 1035 3528 1118 ἀρέσκοντα
3577 1050 3642 1102 ἐκ

2070 1130 2164 1184 τοῦ
2191 1130 2389 1196 παντὸς
2418 1132 2633 1202 χρόνου.
2687 1132 2828 1186 Ἀλλ’
2843 1135 2884 1165 “
2939 1136 2994 1188 εί
3027 1137 3110 1189 τοί
3166 1153 3231 1206 γε
3266 1138 3471 1206 φαῦλόν
3514 1158 3579 1210 γε
3604 1144 3637 1212 ἠ

2070 1223 2349 1293 τραγῳδία
2376 1223 2472 1276 καὶ
2507 1223 2729 1292 φαύλων
2777 1225 3104 1296 ἀνθρώπων,
3161 1229 3281 1292 πῶς
3337 1247 3396 1283 σε
3453 1232 3641 1303 φῶμεν

2072 1313 2383 1386 τραγῳδίαν
2418 1317 2622 1381 ποιεῖν;
2651 1315 2711 1368 οὑ
2738 1315 2848 1387 γὰρ
2873 1317 2933 1369 τό
2957 1334 3020 1386 γε
3052 1318 3191 1382 ὅλως
3221 1321 3446 1391 αἰσχρὸν
3482 1323 3642 1376 οὑδα-

2076 1406 2192 1477 μῶς
2216 1407 2297 1459 ένι
2329 1407 2391 1478 δή
2423 1424 2525 1459 που
2557 1410 2781 1477 ποιῆσαι
2810 1409 3014 1473 καλῶς.
3049 1412 3156 1465 Καὶ
3202 1411 3382 1482 λέγεις
3415 1415 3515 1483 μὲν
3566 1417 3643 1478 ὡς

2071 1499 2133 1550 οὑ
2165 1498 2270 1569 χρὴ
2300 1497 2583 1569 μιμεῖσθαι
2635 1500 2762 1562 τοὺς
2818 1501 3056 1569 φαύλους
3110 1503 3220 1556 οὐδ’
3244 1504 3287 1535 ¹³
3343 1506 3642 1576 ἀφομοιοῦν

2073 1592 2186 1653 τοῖς
2211 1591 2448 1662 χείροσιν
2471 1588 2535 1654 ⁸⁸,
2589 1591 2750 1655 αὑτὸς
2799 1592 2843 1647 δ’
2875 1593 2934 1646 οὐ
2989 1595 3130 1648 πάνυ
3167 1597 3270 1666 χρῇ
3329 1597 3504 1667 τούτῳ
3556 1598 3642 1652 διά

389 1689 728 1762 symaehum,
766 1697 922 1752 quem
981 1680 1138 1748 plane
1187 1679 1552 1746 impudentem
1607 1673 1775 1730 fuisse
1802 1676 1970 1738 aiunt,

2077 1682 2284 1745 τέλους,
2339 1682 2475 1736 ἀλλά
2533 1687 2673 1754 μιμῇ
2730 1685 3011 1753 σοφιστὰς,
3081 1689 3222 1758 μιμῇ
3276 1691 3638 1757 συκοφάντας,

391 1779 520 1850 quia
567 1789 840 1844 nunquam
886 1771 1153 1832 erubuit,
1184 1769 1468 1838 janitores,
1507 1783 1701 1837 pueros
1749 1777 1973 1820 cunetos

394 1869 636 1926 homines
662 1866 794 1937 (98).
823 1865 951 1928 Sed,
981 1871 1040 1915 ut
1069 1864 1321 1926 arbitror,
1340 1859 1584 1914 Graecum
1605 1859 1775 1922 illum,
1797 1858 1970 1924 facile,

389 1963 712 2033 gratiosum,
743 1957 950 2009 varium
1002 1969 1066 2008 ac
1099 1954 1362 2016 divinum,
1400 1953 1540 2018 quod
1575 1951 1760 2005 adharc
1788 1951 1971 2004 omnia

391 2063 447 2106 te
483 2051 651 2114 ducit,
689 2047 983 2117 ingenium,
1019 2044 1172 2097 fateri
1225 2053 1274 2096 te
1323 2045 1485 2111 erigit,
1538 2044 1728 2096 horum
1757 2056 1974 2111 quoque

391 2139 603 2210 singula
649 2152 804 2192 suum
841 2135 1044 2188 habere
1080 2147 1234 2187 usum
1279 2147 1402 2186 cum
1449 2141 1692 2200 tempore
1718 2141 1770 2184 et
1800 2132 1972 2199 gratia

389 2230 763 2300 conjunctum.
816 2228 992 2294 Atque
1046 2224 1145 2278 hos
1195 2238 1385 2276 onmes
1443 2222 1703 2291 voluptati
1756 2222 1974 2276 studere

390 2322 646 2378 aﬂirmas.
683 2319 876 2376 Utrum
922 2329 974 2372 te
1019 2317 1183 2386 igitur
1235 2316 1452 2381 minus,
1500 2329 1568 2368 an
1616 2315 1759 2384 plus,
1811 2328 1972 2382 quam

390 2418 602 2477 deceat,
651 2425 850 2484 ponere
883 2409 1170 2465 dicemus?
1198 2408 1412 2462 Etenim
1457 2407 1716 2475 voluptati
1759 2417 1975 2473 quoque

390 2519 583 2579 poetas
613 2505 833 2560 studere
875 2501 1136 2555 creditur.
1185 2499 1526 2568 Quapropter
1560 2512 1679 2551 cum
1733 2497 1786 2550 id
1831 2494 1972 2563 quod

393 2598 752 2668 adjiciendum
791 2602 909 2648 erat
943 2589 1116 2662 (99-l)
1163 2589 1363 2655 aufers,
1399 2589 1574 2642 minus
1603 2602 1764 2656 quam
1797 2586 1971 2648 decet,

393 2691 552 2744 dicis.
587 2686 722 2742 Cum
754 2692 931 2738 autent
966 2695 1033 2736 ex
1078 2695 1144 2736 eo
1185 2680 1545 2734 adulationem
1594 2678 1700 2731 illis
1732 2677 1976 2746 impone—

394 2783 522 2849 bat,
556 2781 674 2850 plus
720 2779 962 2849 profecto
988 2789 1150 2844 quam
1203 2774 1578 2842 requirebatur
1609 2781 1698 2825 tua
1731 2770 1975 2824 contine-

393 2873 486 2926 bat
533 2870 730 2926 oratio.
777 2867 1002 2922 Poteras
1046 2864 1215 2930 enim,
1267 2865 1350 2918 vir
1395 2863 1672 2932 praeclare,
1723 2859 1884 2914 simul
1920 2869 1976 2912 et

387 2964 613 3032 juvenes
636 2961 703 3015 ad
737 2959 999 3027 justitiam
1047 2957 1367 3019 confortari,
1401 2965 1455 3009 et
1483 2953 1790 3008 senioribus
1818 2964 1972 3032 suum

396 3022 654 3107 tribuere.
685 3022 898 3102 Etenim
935 3059 992 3102 ut
1026 3049 1232 3103 laudari
1270 3061 1374 3100 non
1407 3045 1727 3114 potuissent,
1762 3022 1974 3094 silentio

397 3153 578 3198 tamen
605 3151 851 3212 poterant
879 3141 1168 3211 praeteriri,
1203 3151 1376 3206 neque
1406 3134 1589 3189 fueras
1617 3134 1686 3188 ob
1714 3147 1832 3184 eam
1861 3145 1974 3185 rem

397 3235 664 3288 rationem
747 3246 853 3287 non
927 3231 1214 3285 relatarqu
1255 3227 1628 3282 accusandus.
1697 3221 1802 3278 Sed
1868 3236 1975 3276 non

401 3327 503 3380 hoc
535 3324 769 3394 aliquem
802 3325 867 3378 ad
895 3323 1320 3394 indignationem
1351 3325 1689 3374 commoveat
1720 3316 1976 3378 maxime,

396 3418 542 3488 quod
577 3415 726 3470 Plato
753 3414 1066 3471 Graecorum
1103 3413 1260 3468 facile
1293 3411 1565 3482 princeps,
1587 3419 1642 3463 et
1667 3408 1759 3477 qui
1787 3407 1980 3461 merito

397 3509 691 3579 plurimum
741 3508 842 3562 sibi
879 3509 1102 3573 tribuat,
1147 3503 1518 3575 magnitudine
1553 3500 1782 3570 quadam
1813 3508 1867 3552 et
1900 3499 1980 3553 in-

397 3601 539 3671 genii
562 3600 812 3654 libertate
836 3601 1099 3666 quosdam
1127 3611 1386 3652 accusare
1413 3593 1611 3660 voluit;
1641 3593 1735 3646 sed
1759 3602 1812 3645 et
1838 3591 1980 3660 quod

399 3692 636 3746 nonnulli
671 3693 867 3747 nullius
895 3693 1048 3762 pretii
1081 3692 1347 3751 homines,
1392 3688 1493 3741 hac
1524 3685 1809 3739 occasione
1835 3695 1983 3736 sum-

399 3795 511 3853 pta,
540 3797 656 3838 rem
692 3785 744 3836 in
776 3782 1226 3837 consuetudinem
1255 3779 1498 3840 trahunt,
1528 3784 1690 3842 atque
1722 3773 1883 3825 etiam
1916 3771 1982 3824 de

402 3875 776 3941 Demosthene,
798 3890 954 3944 quem
991 3887 1088 3941 ego
1110 3869 1360 3924 Mercurii
1387 3866 1526 3939 (2—5)
1560 3863 1837 3938 cujusdam
1869 3860 1984 3915 elo-

399 3969 618 4035 quentis
653 3967 769 4020 loco
815 3967 869 4019 in
907 3975 1078 4020 terras
1125 3961 1362 4014 arbitror
1411 3956 1792 4020 descendisse,
1847 3949 1982 4006 nihil

405 4072 508 4108 non
541 4056 740 4109 audent
780 4053 1013 4108 eﬂ'utire.
1048 4052 1180 4118 Quis
1206 4062 1340 4104 vero
1379 4047 1534 4101 vivos
1567 4045 1664 4099 hos
1696 4045 1855 4108 lerat,
1889 4042 1983 4111 qui

401 4149 602 4218 saepius
640 4146 1009 4201 soloecismum
1062 4141 1410 4198 committunt
1462 4153 1622 4207 quam
1670 4135 1983 4205 loquuntur,

402 4238 538 4292 alios
564 4245 940 4300 contemnunt,
965 4241 1228 4304 quantum
1260 4239 1419 4286 erant
1449 4228 1548 4298 ipsi
1582 4225 1983 4292 contemnendi,

404 4328 459 4383 in
512 4339 737 4383 caeteros
792 4326 1113 4394 anquirunt,
1159 4322 1212 4376 in
1263 4334 1322 4376 se
1367 4319 1675 4387 nunquam;
1729 4315 1983 4371 virtutem
2015 4348 2061 4404 υ

404 4421 701 4490 extollunt,
750 4437 856 4476 non
903 4427 1190 4484 exercent;
1247 4416 1367 4487 vagi
1421 4412 1776 4470 obambulant
1815 4429 1830 4467 :
1874 4412 1985 4466 vita

403 4515 698 4571 simulacra
732 4523 1002 4568 carentum
1021 4511 1135 4582 (4);
1169 4507 1533 4572 Hcsiodil‘uci,
1567 4505 1877 4561 Archilochi
1910 4505 1988 4560 si-

409 4608 549 4672 miae,
585 4605 794 4661 duabus
821 4603 1014 4659 formis
1045 4615 1144 4672 pro
1179 4601 1350 4654 tribus
1378 4613 1559 4654 vaccae
1588 4597 1805 4666 tragicas
1844 4610 1987 4665 pra:-

407 4695 526 4751 diti.
560 4693 661 4761 Qui
691 4708 815 4748 eum
845 4707 906 4748 se
933 4691 1052 4748 ιονὶ
1086 4699 1281 4759 negent
1310 4690 1525 4750 cedere,
1554 4687 1779 4754 pecunia
1812 4692 1990 4739 tanto-

2076 1776 2219 1844 μιμῇ
2271 1771 2650 1845 [ἀναίσχυντον
2672 1775 2715 1807 ⁸⁸
2773 1776 2917 1830 πάνυ
2951 1776 3140 1831 τοῦτόν
3203 1776 3392 1848 φασιν]
3427 1777 3642 1851 Θρασύ-

2077 1879 2250 1932 μαχον
2279 1863 2371 1917 τὸν
2401 1863 2746 1918 οὐδεπώποτε
2769 1867 2811 1898 ¹⁶
2869 1867 3291 1937 ἐρυθριάσαντα,
3344 1870 3642 1941 θυρωροδῖν

2075 1956 2288 2022 παιδία,
2345 1959 2574 2029 μυρίους
2605 1960 2670 2012 ιτ.
2749 1960 2892 2014 Ἀλλ’
2946 1956 3106 2032 οἶμαι
3155 1963 3218 2016 τὸ
3277 1963 3378 2033 τῆς
3433 1965 3646 2032 φύσεως

2088 2051 2404 2122 Ἑλληνικὸν
2436 2054 2532 2106 καὶ
2552 2052 2773 2108 εὔκολον
2804 2057 2898 2110 καὶ
2927 2055 3120 2129 εὔχαρι
3151 2058 3248 2112 καὶ
3283 2060 3528 2113 ποικίλον
3552 2062 3647 2114 καὶ

2077 2141 2242 2208 θεῖον,
2272 2143 2358 2212 ἐφ’
2392 2143 2608 2197 ἅπαντα
2639 2143 2812 2198 ταῦτα
2856 2147 2988 2215 ἄγον
3018 2164 3099 2213 σε,
3154 2152 3299 2202 ποιεῖ
3351 2151 3648 2222 μαρτυρεῖν

2076 2235 2158 2288 ὅτι
2193 2235 2518 2289 καὶτούτων
2548 2237 2782 2290 ἑκάστου
2811 2239 3007 2309 χρῆσίς
3057 2241 3174 2293 ἐστι
3207 2242 3398 2312 καιρὸν
3451 2241 3648 2313 ἔχουσα

2077 2326 2170 2379 καὶ
2195 2326 2354 2396 χάριν
2389 2328 2624 2404 ἐμμελῆ.
2662 2324 2794 2382 Εἶτα
2818 2330 2861 2361 ¹⁸
2910 2330 3088 2400 λέγεις
3133 2332 3215 2386 ὅτι
3261 2332 3462 2396 πάντες
3505 2329 3648 2388 οὗτοι

2075 2413 2170 2467 τοῦ
2199 2417 2240 2447 ²⁹
2263 2415 2400 2482 πρὸς
2433 2416 2624 2487 ἡδονὴν
2644 2417 2989 2489 ὲξήρτηνται.
3042 2420 3275 2491 Πότερ¹⁰
3299 2417 3392 2475 οὖν
3425 2439 3484 2475 σε
3533 2411 3646 2492 «Et»-

2078 2521 2179 2574 μεν
2209 2503 2428 2557 ἔλαττον
2461 2504 2556 2557 τοῦ
2580 2505 2789 2571 δέοντος
2821 2507 3055 2578 λέγεινῆ
3089 2511 3284 2575 πλέον;
3309 2512 3389 2564 ὅτι
3413 2513 3512 2582 μὲν
3540 2513 3648 2585 γὰρ

2076 2595 2171 2647 καὶ
2206 2595 2298 2649 τοῦ
2329 2597 2466 2666 πρὸς
2491 2596 2686 2668 ἡδονὴν
2707 2599 3084 2670 φροντίζουσιν
3103 2605 3150 2656 οί
3178 2604 3420 2674 ποιηταὶ,
3454 2605 3647 2674 ὁμολο-

2075 2688 2254 2754 γεῖται
2289 2702 2302 2716 ·
2355 2685 2487 2740 ὥσθ’
2533 2689 2658 2741 ὅσον
2705 2690 3023 2760 προσθεῖναι
3083 2693 3359 2762 προσῆκεν
3377 2695 3448 2762 ¹¹,
3504 2695 3646 2750 τοῦτ’

2075 2778 2290 2847 ἀφελὼν
2317 2779 2537 2833 ἔλαττον
2571 2781 2720 2852 παρὰ
2747 2783 2888 2836 τοῦτ’
2920 2784 3170 2853 εἴρηκας.
3203 2786 3325 2838 Ὀτι
3360 2785 3417 2839 δὲ
3467 2788 3648 2852 αὑτοῖς

2075 2870 2370 2925 κολακείαν
2406 2872 2756 2942 ἐπενηνόχεις
2789 2874 2855 2927 ἐκ
2905 2875 3097 2928 τούτου
3123 2878 3193 2941 ’³,
3249 2878 3368 2942 πῶς
3406 2880 3504 2932 οὑκ
3546 2881 3649 2947 ἔξω

2075 2961 2170 3014 τοῦ
2203 2961 2413 3025 δέοντος
2437 2963 2688 3033 εἴρηκας,
2722 2964 2754 3033 ἢ
2784 2965 2897 3026 πῶς
2920 2967 2978 3018 οὑ
3010 2965 3180 3037 ταύτῃ
3233 2969 3393 3022 πλέον
3441 2967 3507 3023 αὗ
3553 2970 3646 3024 τοῦ

2075 3054 2284 3118 δέοντός
2312 3057 2460 3110 ἐστιν
2488 3055 2625 3126 ἔχων
2645 3059 2672 3110 ὁ
2697 3057 2887 3126 λόγος;
2925 3057 3084 3129 Ἐξῆν
3107 3060 3151 3090 ⁸³
3179 3061 3308 3130 γάρ,
3337 3055 3382 3115 ὧ
3414 3066 3645 3130 γενναῖε,

2077 3147 2325 3208 καὶτοὺς
2357 3147 2511 3210 νέους
2543 3147 2787 3209 δικαίους
2823 3145 2966 3202 εἶναι
3020 3152 3351 3223 προτρέπειν
3398 3154 3495 3207 καὶ
3536 3157 3651 3218 τοῖς

2078 3233 2471 3305 πρεσϐυτέροις
2511 3235 2580 3288 τὰ
2624 3237 2910 3308 πρέποντα
2937 3237 3249 3295 ἀποδοῦναι.
3299 3242 3411 3295 Καὶ
3458 3240 3569 3312 γάρ
3597 3244 3648 3294 εί

2082 3321 2247 3392 μηδὲν
2267 3321 2486 3392 εἴχομεν
2506 3323 2752 3377 ἐπαινεῖν
2783 3323 2998 3391 αὑτοὺς,
3035 3326 3150 3378 ἀλλ’
3189 3327 3317 3397 ἐξῆν
3367 3345 3431 3396 γε
3479 3329 3650 3399 δήπου

2081 3412 2257 3481 σιωπῇ
2277 3410 2587 3480 παρελθεῖν,
2604 3411 2698 3464 καὶ
2721 3412 2822 3466 οὑκ
2837 3413 3061 3483 ἔμελλες
3087 3414 3344 3486 ὀφλήσειν
3375 3416 3539 3488 [1512
3557 3415 3652 3488 [1.]

2082 3499 2326 3568 ἀλογίου.
2358 3500 2524 3554 Ἀλλά
2547 3501 2656 3574 γὰρ
2687 3502 2786 3574 οὑχ
2819 3504 2900 3556 ὅτι
2922 3505 2967 3535 ’⁸
2989 3505 3214 3560 Πλάτων
3253 3509 3280 3560 ὁ
3311 3508 3419 3560 τῶν
3464 3507 3651 3577 Ἑλλή-

2081 3607 2189 3642 νων
2219 3589 2473 3644 τοσοῦτον
2492 3593 2818 3664 ὑπερφέρων
2874 3596 2966 3647 καὶ
2995 3595 3217 3660 δικαίως
3269 3597 3525 3666 μέγιστον
3566 3600 3654 3667 ἐφ’

2082 3678 2260 3750 ἑαυτῷ
2297 3683 2507 3750 φρονῶν
2534 3683 2913 3754 κατηγορῆσαί
2949 3701 3113 3738 τινων
3163 3687 3366 3756 ἠξίωσε
3433 3689 3652 3759 μεγέθει

2081 3773 2190 3824 τινὶ
2216 3772 2310 3824 καὶ
2337 3771 2554 3843 ἐξουσίᾳ
2587 3773 3013 3841 φύσεως,,τοῦτο
3042 3777 3138 3829 καὶ
3172 3776 3389 3846 μάλιστ’
3416 3779 3481 3832 ἄν
3500 3780 3547 3810 ’⁵
3567 3796 3654 3841 τις

2085 3861 2539 3932 ἀγανακτήσειεν,
2571 3864 2685 3918 ἀλλ’
2718 3865 2800 3918 ὅτι
2835 3867 2932 3919 καὶ
2952 3867 3060 3920 τῶν
3090 3869 3284 3939 κομιδῇ
3331 3885 3476 3932 τινες
3501 3869 3652 3922 οὐδε-

2084 3951 2174 4015 νδς
2204 3951 2371 4016 ἀξίων
2393 3953 2438 3986 ³⁸
2497 3953 2718 4024 ἀφορμῇ
2750 3954 2921 4027 ταύτῃ
2960 3956 3234 4027 χρώμενοι
3273 3959 3506 4029 μελέτην
3537 3960 3655 4030 λῆδη

2083 4045 2146 4097 τὸ
2172 4046 2406 4114 πρᾶγμα
2435 4047 2781 4116 πεποίηνται,
2814 4049 2908 4101 καὶ
2962 4048 3202 4118 τολμῶσι
3230 4051 3322 4102 καὶ
3367 4052 3496 4121 περὶ
3547 4054 3655 4121 Δη-

2091 4135 2386 4206 μοσθένους
2427 4136 2507 4207 (ὃν
2559 4137 2671 4206 ἐγὼ
2706 4139 2870 4210 φαίην
2904 4139 2970 4194 ἂν
3027 4141 3228 4211 Ἑρμοῦ
3287 4142 3431 4206 τινος
3476 4143 3654 4212 λογίου

2085 4226 2257 4282 τύπον
2308 4229 2388 4291 εἰς
2445 4228 2764 4300 ἀνθρώπους
2817 4231 3118 4302 κατελθεῖν)
3167 4233 3196 4285 ὅ
3231 4250 3285 4286 τι
3341 4233 3417 4292 ἂν,
3456 4234 3656 4305 τύχωσι

2090 4317 2451 4390 βλασφημεῖν.
2479 4320 2672 4374 Καίτοι
2699 4323 2784 4385 τίς
2809 4322 2874 4375 ἂν
2909 4322 2986 4383 είς
3011 4322 3219 4386 ζῶντας
3247 4323 3417 4377 τελῶν
3456 4328 3657 4377 τούτων

2087 4409 2407 4480 ἀνάσχοιτο;
2433 4410 2482 4463 οἳ
2508 4410 2679 4465 πλείω
2711 4413 2808 4482 μὲν
2834 4412 3222 4478 σολοικίζουσιν
3251 4415 3281 4486 ἢ
3307 4415 3656 4483 φθέγγονται,

2089 4503 2399 4575 ὑπερορῶσι
2429 4503 2487 4557 δὲ
2524 4503 2634 4557 τῶν
2687 4504 2862 4559 ἀλλων
2901 4507 3026 4559 ὅσον
3063 4508 3247 4570 αὑτοῖς
3287 4509 3658 4579 ὑπερορᾶσθαι

2088 4595 2376 4665 προσήκει.
2405 4595 2516 4647 Καὶ
2549 4597 2673 4659 τοὺς
2690 4597 2735 4628 ’⁷
2769 4598 2869 4668 μὲν
2915 4596 3111 4662 ἄλλους
3144 4599 3510 4664 ἐξετάζουσιν,
3565 4601 3658 4653 αὑ-

2089 4687 2212 4748 τοὺς
2239 4685 2296 4738 δὲ
2318 4687 2378 4739 οὑ
2411 4685 2634 4742 πώποτε
2668 4688 2910 4758 ὴξίωσαν
2931 4692 2997 4744 ⁸⁸.
3033 4690 3143 4744 Καὶ
3191 4691 3516 4761 σεμνύνουσι
3559 4691 3658 4761 μὲν

408 4801 536 4858 pere
571 4787 883 4852 vincuntur,
914 4792 970 4840 et
1001 4781 1122 4838 aliis
1151 4777 1517 4835 convitiantur
1546 4794 1561 4830 :
1590 4791 1697 4831 non
1725 4776 1867 4846 quod
1903 4791 1976 4832 ret

2091 4777 2190 4848 τὴν
2219 4777 2444 4850 ἀρετὴν,
2471 4780 2697 4835 ἀσκοῦσι
2726 4781 2770 4835 δ’
2819 4781 2903 4848 οὑ,
2958 4785 3343 4854 περιέρχονται
3384 4785 3443 4838 δὲ
3488 4783 3659 4846 ἄλλως

1704 4916 1942 4974 VARUS
1975 4918 2379 4977 LECTIONES.

482 5037 578 5094 ’δέ
618 5036 757 5142 τιλδ¹
791 5037 872 5091 ἔτι
909 5054 972 5102 ς.
1045 5036 1067 5069 ⁷
1094 5035 1203 5107 γὰρ
1245 5048 1355 5088 om.
1423 5032 1491 5087 Α.
1569 5029 1592 5063 ⁸
1621 5030 1684 5083 οὑ
1704 5029 1806 5102 δεῖ]
1835 5047 1889 5100 p.
1947 5031 2072 5086 486.
2149 5032 2172 5064 ⁸
2200 5032 2328 5098 τοὺς
2353 5047 2460 5088 om.
2515 5032 2580 5088 Α.
2621 5034 2664 5066 ¹⁰
2698 5032 2791 5087 τοῦ
2820 5033 2864 5086 Α
2899 5049 2914 5086 :
2949 5033 3036 5087 τὸν
3076 5051 3136 5098 ς,
3219 5035 3259 5065 ¹¹
3282 5035 3374 5087 καὶ
3412 5034 3661 5108 πολιτικά

482 5127 496 5142 ι
546 5114 572 5142 Δ
705 5113 724 5142 ι
755 5108 891 5142 nm
942 5123 972 5142 ιι
1028 5107 1130 5142 ιριι
1213 5106 1256 5139 ﬂ
1279 5103 1389 5142 ,ὧδ’
1475 5103 1519 5134 ιδ
1542 5101 1784 5142 malam-nu
1814 5117 1902 5142 nm
1952 5106 2022 5142 .A,
2087 5103 2130 5135 η
2154 5103 2363 5142 Aur-Inv,
2398 5120 2453 5142 er,
2481 5121 2512 5142 Ir
2565 5121 2730 5142 ρηηκιυ
2755 5120 2841 5142 nm
2894 5108 2924 5142 Δ
3003 5105 3046 5136 1⁸
3075 5105 3327 5142 ἣτἰκέπητιε
3374 5105 3402 5142 Δ
3498 5107 3538 5137 η
3561 5123 3661 5142 nn-

407 5114 604 5168 om.A.
676 5101 733 5180 "7
754 5108 893 5180 ἀλλ’]
942 5123 994 5180 ιι.
1026 5101 1156 5180 εει),
1171 5101 1184 5107 ’
1213 5106 1256 5139 ⁸⁸
1279 5103 1412 5180 qua.
1475 5101 1924 5180 ίξ-χείροσινοιη.
2086 5103 2130 5180 ξ’
2154 5103 2366 5180 ἀναίσχ.
2398 5120 2465 5180 rc.
2481 5121 2532 5158 τ.
2565 5121 2730 5180 φασιν
2755 5120 2864 5180 orn.
2889 5108 2952 5180 A_.
3003 5105 3329 5180 “pasam;
3365 5105 3429 5158 Α.
3498 5101 3662 5180 ⁸ξμυ-

409 5181 583 5254 ρίους,
617 5179 809 5254 παιδία
823 5171 893 5254 gf
1017 5175 1159 5254 εἶτα]
1175 5174 1416 5254 -ρηιιξίτ
1468 5171 1656 5254 “Hrofi
1681 5187 1795 5254 9m.
1825 5171 1891 5224 A.
1926 5243 1941 5254 _
1960 5172 2007 5203 ³ο
2030 5173 2258 5254 ποτερον
2291 5171 2368 5254 Α..
2387 5244 2409 5254 Α
2426 5171 2796 5254 ²¹“προσῆκεν]
2838 5175 2987 5254 ιπρὺς
3037 5176 3152 5254 A.“
3170 5175 3428 5254 ’ξ-τούτου
3459 5171 3572 5228 τοὺ

420 5241 466 5286 ³⁸
489 5241 647 5325 ἐξῆνι
677 5267 732 5321 p.
755 5241 880 5305 5l0.
961 5249 1008 5280 ἰ
1039 5241 1159 5318 οὐχ’
1172 5241 1277 5316 ὅτι]
1305 5244 1428 5314 οὑχὶ
1456 5243 1522 5298 Α.
1600 5242 1646 5274 ’⁸
1677 5241 1744 5295 ἂν
1771 5257 1882 5296 om.
1912 5243 1979 5296 Δ.
2045 5242 2090 5274 ⁸⁸
2122 5241 2288 5308 ἀξίων
2318 5241 2630 5308 οὐδενὸςς.
2665 5241 2734 5274 ’²⁷
2767 5241 2859 5296 καὶ
2885 5241 3033 5306 τούς.
3108 5245 3152 5277 ³⁸
3181 5245 3417 5313 ἠξίωσαν
3449 5261 3556 5298 om.
3594 5245 3640 5296 A

1903 5380 2132 5439 NOT/E.

412 5478 595 5602 “$85)
629 5480 878 5535 Audaces
925 5478 992 5533 ad
1042 5476 1181 5533 ostia
1226 5473 1511 5544 ponimus,
1549 5483 1607 5526 ut
1660 5473 1845 5527 ﬁdeles
1887 5488 1988 5528 cu-

533 5564 564 5600 e
600 5585 613 5597 .

533 5564 613 5600 es.

480 5617 571 5682 (99
607 5616 659 5688 l)
688 5617 985 5688 Oportebat
1013 5617 1157 5674 enim
1189 5614 1424 5685 adjicere
1449 5612 1789 5669 sectantibus.

2167 5475 2318 5547 (2-57),
2338 5475 2636 5547 Mercurius
2666 5477 2804 5533 alter
2832 5478 3100 5547 proverbii
3127 5477 3305 5547 specie
3337 5489 3482 5546 supr.
3504 5471 3644 5528 Pltot

2167 5546 2242 5616 (4)
2277 5546 2434 5602 Hom.
2463 5546 2612 5603 Iliad.
2647 5547 2706 5618 ψ.
