4012 6236
368 274 508 340 1577

1411 276 1936 348 BIBLIOTHECA.
1969 313 2038 325 —
2067 289 2228 352 COD.
2259 292 2615 357 CCXLVIII.

3492 304 3632 372 1573

368 385 578 459 βροτῶν
607 383 802 440 εῖδωλα
831 387 1138 458 καμόντων,
1185 386 1429 446 Ἠσιόδου
1456 394 1720 466 κηφῆνες,
1765 399 1946 470 Ἀρχι-

2054 401 2198 474 ipsas
2238 407 2672 474 condemnarint,
2703 409 2797 465 sed
2825 410 2948 480 quia
2982 425 3105 469 cum
3131 413 3283 485 paria
3318 415 3500 475 facere
3524 437 3634 479 non

365 475 524 547 λόχου
563 474 847 548 .πίθηκοι,
901 475 995 530 δύο
1058 478 1274 550 μορφὰς
1331 480 1544 552 ἔχοντες
1602 485 1723 539 ἀντὶ
1774 487 1945 558 τριῶν

364 564 466 636 τῆς
481 565 755 637 τραγικῆς
780 565 924 636 βοός.
952 567 1016 622 Οἳ
1046 569 1141 623 τοῦ
1169 570 1274 641 μὲν
1311 571 1435 636 Διὸς
1468 571 1589 645 [711
1633 575 1701 628 Η.
1727 575 1746 648 ]
1795 575 1946 632 οὐδὲν

366 657 580 731 χείρους
608 660 771 729 φασὶν
799 656 964 728 εἴναι,
991 663 1085 717 τοῦ
1107 664 1163 718 δὲ
1197 664 1387 719 ὀϐολοῦ
1438 667 1694 722 τοσοῦτον
1734 671 1945 741 ἡττῶν-

364 767 487 806 ται·
517 751 844 817 ὀνειδίζουσι
864 753 922 809 δὲ
950 757 1066 821 τοῖς
1091 757 1272 822 ἄλλοις
1289 759 1358 825 ’⁸,
1377 759 1438 812 οὐ
1464 760 1573 814 τῶν
1599 765 1945 833 πραγμάτων

365 845 798 913 κατεγνωκότες,
861 846 1008 902 ἀλλά
1056 849 1378 915 φθονοῦντες
1432 852 1513 906 ὅτι
1566 854 1719 907 αὐτοὶ
1772 856 1945 911 ταῦτα

364 935 626 1007 πράττειν
645 935 693 969 ³⁸
719 937 779 990 ού
808 937 1088 995 δύνανται.
1116 941 1179 995 EE
1203 941 1259 994 δέ
1297 959 1382 1006 τις
1430 943 1612 998 αὐτῶν
1661 945 1792 1013 περῖ⁹
1845 950 1944 1020 τῆς

363 1027 697 1096 ἐγκρατείας
747 1029 1152 1101 διαλεγομένων
1217 1035 1528 1107 ἀπαντικρὺ
1581 1037 1743 1108 σταίη
1806 1039 1945 1109 ἔχων

363 1117 638 1188 ἔνθρυπτα
667 1122 762 1176 καὶ
797 1125 1125 1195 στρεπτοὺς,
1159 1125 1483 1181 ἐκϐάλλουσι
1540 1127 1641 1199 τὴν
1696 1129 1944 1198 γλῶτταν

362 1210 920 1282 ῶσπερόΜενέλεως
968 1216 1031 1269 τὸ
1081 1216 1257 1286 ξίφος.
1311 1219 1495 1290 Αὐτὴν
1559 1221 1658 1291 μὲν
1691 1221 1802 1292 γὰρ
1847 1222 1945 1276 ἐὰν

365 1302 518 1357 ῐδωσι
547 1305 648 1376 τὴν
678 1306 922 1378 Ἑλένην,
979 1307 1200 1380 Ἑλένην
1237 1310 1415 1381 λέγωί
1467 1312 1807 1384 θεράπαιναν
1847 1316 1946 1386 μὲν

362 1389 456 1450 οὖν
511 1396 703 1450 ὁποίαν
755 1398 980 1469 ἐποίησε
1033 1401 1342 1472 Μένανδρος
1388 1402 1488 1474 τὴν
1545 1405 1807 1475 Φρυγίαν,
1868 1408 1946 1478 τῷ

362 1485 475 1540 ὄντι
493 1488 718 1542 παιδιὰν
750 1486 1115 1560 ἀποφαίνουσι
1145 1493 1275 1558 τοὺς
1320 1495 1599 1566 Σατύρους
1633 1496 1729 1550 τοῦ
1776 1499 1947 1567 Σοφο-

363 1574 572 1640 κλέους.
621 1577 684 1630 Οἳ
703 1579 745 1610 ³¹
797 1580 875 1650 τῷ
907 1581 1007 1652 μὲν
1059 1583 1390 1656 ἀποστερεῖν
1448 1581 1728 1641 κοινωνεῖν
1774 1586 1948 1658 ὄνομα

360 1667 624 1736 τίθενται,
663 1669 744 1742 τῷ
773 1671 832 1726 δὲ
880 1672 1096 1743 φθονεῖν
1143 1676 1477 1746 φιλοσοφεῖν,
1515 1677 1596 1750 τῷ
1636 1678 1684 1731 δ’
1719 1679 1948 1750 ἀπορεῖν

362 1759 640 1832 ὑπερορᾷν
663 1764 986 1834 χρημάτων.
1022 1767 1517 1839 Ἐπαγγελλόμενοι
1546 1769 1604 1823 δὲ
1639 1770 1944 1842 φιλανθρωο

362 1852 492 1906 πίαν
517 1853 734 1926 ὤνησαν
765 1858 864 1929 μὲν
886 1859 1078 1913 οὐδένα
1102 1859 1343 1928 πώποτε,
1366 1861 1735 1932 ὲπηρεάζουσι
1756 1863 1813 1917 δὲ
1829 1867 1942 1930 τοῖς

360 1947 690 2023 χρωμένοις.
750 1950 864 2006 Καὶ
896 1951 1022 2014 τοὺς
1065 1953 1163 2023 μὲν
1211 1951 1405 2016 ἄλλους
1440 1953 1550 2006 οὐδ’
1585 1954 1944 2019 ἀπαντῶντας

359 2043 551 2116 ὁρῶσι,
601 2046 710 2101 τῶν
732 2043 788 2100 δὲ
819 2043 1092 2100 πλουσίων
1147 2043 1310 2101 ἓνεκα
1366 2046 1446 2109 είς
1486 2044 1584 2116 τὴν
1644 2047 1942 2118 ὑπεροριάν

351 2135 710 2206 ἀπαίρουσιν,
740 2135 930 2209 ὥσπερ
963 2137 1013 2192 οἱ
1057 2137 1267 2207 Φρύγες
1323 2139 1371 2191 οἱ
1401 2134 1509 2192 τῶν
1549 2135 1745 2200 ἐλαιῶν
1783 2137 1944 2191 ἕνεκα

359 2225 460 2294 τῆς
485 2226 774 2298 συλλογῆς,
799 2229 849 2282 οἳ
869 2230 964 2282 καὶ
983 2228 1028 2261 ⁸⁹
1054 2229 1387 2301 προσιόντων
1397 2227 1559 2292 εὐθὺς
1579 2227 1858 2298 ὤσφροντο
1875 2228 1941 2282 ³³.

361 2309 520 2370 Οῦτοι
543 2319 588 2350 ⁸⁴
627 2318 736 2390 γάρ
751 2320 796 2352 ³⁸
830 2321 972 2374 εἰσιν
995 2321 1044 2373 οῖ
1080 2321 1180 2392 τὴν
1211 2321 1307 2390 μὲν
1359 2321 1744 2390 ἀναισχυντίαν
1790 2321 1944 2373 ἐλευ-

362 2406 550 2480 θερίαν
583 2409 918 2480 νομίζοντες,
971 2411 1033 2465 τὺ
1077 2409 1125 2465 δ’
1163 2411 1569 2482 ἀπεχθάνεσθαι
1627 2414 1943 2484 παρρησιά-

363 2500 571 2566 ζεσθαι,
618 2503 681 2554 τὸ
727 2503 784 2556 δὲ
833 2502 1140 2573 λαμϐάνειν
1202 2502 1771 2572 φιλανθρωπεύεσθαι.
1851 2505 1944 2568 Είς

359 2590 507 2646 τοῦθ’
533 2593 579 2624 ³⁸
610 2593 806 2664 ἦκουσι
847 2595 949 2664 τῆς
973 2594 1017 2626 ³⁷
1061 2594 1275 2663 σοφίας,
1322 2594 1461 2647 ὥστε
1490 2594 1751 2666 ἀργύριον
1780 2596 1880 2664 μὲν
1901 2597 1944 2628 ³³

359 2683 423 2736 ού
481 2687 836 2756 πράττονται,
890 2687 1160 2758 ἀργυρίου
1181 2687 1225 2720 ⁸³
1273 2687 1319 2740 δ’
1346 2687 1392 2719 ⁸ο
1427 2685 1594 2750 ἀξίως
1643 2687 1942 2757 λαμϐάνειν

361 2775 705 2832 ἐπίστανται.
743 2778 866 2833 Κᾶν
896 2780 994 2850 μέν
1011 2796 1074 2848 γε
1105 2777 1245 2852 τύχῃ
1279 2795 1364 2842 τις
1416 2779 1638 2832 ἔλαττον
1699 2781 1942 2850 πέμψας,

361 2868 649 2938 ἐνέμειναν
678 2869 758 2940 τῷ
783 2870 1053 2942 δόγματι1’
1079 2871 1146 2924 ἂν
1168 2871 1224 2924 δὲ
1250 2870 1540 2944 ἁδρότερον
1565 2870 1627 2924 τὸ
1647 2871 1689 2902 ⁸³
1724 2873 1946 2926 σακκίον

361 2960 545 3025 αὐτοῖς
570 2961 614 2994 ⁵³
637 2964 804 3033 φανῇ,
827 2963 1072 3033 Γοργόνα
1101 2963 1345 3034 Περσεὺς
1373 2962 1726 3035 ἐχειρώσατο.
1756 2965 1880 3030 Τοῖς
1899 2966 1945 2998 ἰ’

362 3055 422 3106 ὲν
448 3053 787 3124 Παλαιστίνη
813 3053 1100 3108 δυσσεϐέσι
1137 3057 1498 3125 παραπλήσια
1526 3057 1652 3120 τοὺς
1683 3057 1939 3128 τρόπους.

361 3143 474 3198 Καὶ
503 3145 614 3218 γὰρ
650 3147 882 3209 ἐκείνοις
914 3145 1061 3199 τοῦτ’
1103 3145 1221 3200 ἐστι
1281 3147 1549 3219 σύμϐολον
1603 3148 1702 3220 τῆς
1754 3149 1944 3202 δυσσε-

365 3235 537 3300 ϐείας,
571 3237 654 3290 ὄτι
707 3237 834 3300 τοὺς
885 3235 1168 3307 κρείττους
1203 3237 1263 3289 οὐ
1300 3237 1616 3308 νομίζουσι’
1656 3240 1750 3292 καὶ
1799 3231 1946 3294 οὗτοι

363 3327 564 3397 τρόπον
600 3327 722 3382 τινὰ
745 3329 1015 3396 ἀφεστᾶσι
1046 3330 1153 3382 τῶν
1200 3329 1492 3402 Ἑλλήνων,
1529 3330 1729 3401 μᾶλλον
1759 3332 1814 3384 δὲ
1855 3333 1949 3385 καὶ

369 3415 588 3471 πάντων
608 3417 715 3471 τῶν
749 3418 1073 3490 κρειττόνων
1090 3420 1155 3486 ⁸⁵,
1182 3421 1250 3473 τὰ
1286 3421 1385 3490 μὲν
1433 3421 1570 3475 ἄλλα
1617 3423 1950 3492 ἀφωνότεροι

368 3509 470 3579 τῆς
507 3511 665 3574 σκιᾶς
692 3512 791 3582 τῆς
844 3511 1078 3578 ἑαυτῶν,
1112 3512 1334 3567 ἐπειδὰν
1388 3513 1446 3567 δέ
1504 3531 1658 3578 τινας
1715 3515 1948 3569 είπεῖνιδ

367 3598 553 3662 κακῶς
591 3599 686 3674 δὲῃ
710 3602 1180 3671 κα¹ιδιαϐαλεῖν⁶⁶,
1218 3602 1296 3674 τῷ
1346 3603 1646 3675 Δωδωναίῳ
1701 3603 1800 3676 μὲν
1851 3605 1952 3658 οὐκ

367 3692 434 3744 ἂν
456 3692 703 3758 εἰκάσαις
738 3695 936 3758 αὐτοὺς
967 3696 1207 3766 χαλκείῳ
1231 3713 1244 3726 ·
1285 3696 1360 3767 μὴ
1391 3696 1522 3768 γάρ,
1559 3689 1604 3750 ὦ
1653 3696 1791 3751 Ζεῦί
1827 3701 1951 3761 ταῖς

364 3783 421 3838 δὲ
448 3785 639 3855 ἐμπίσι
666 3788 787 3851 ταῖς
816 3789 874 3840 έν
910 3786 991 3859 τῷ
1043 3787 1220 3860 σκότῳ
1277 3787 1628 3858 βομϐούσαις.
1665 3788 1953 3857 Συγκατα-

369 3879 576 3950 πρᾶξαι
609 3880 708 3950 μέν
735 3898 790 3933 τι
847 3881 958 3934 τῶν
1024 3881 1254 3935 δεόντων
1301 3881 1558 3936 ἁπάντων
1591 3880 1635 3913 ⁸⁷
1679 3881 1952 3953 ἀχρηστό-

364 3989 539 4036 τατοι,
566 3971 808 4046 διορύξαι
835 3973 892 4026 δὲ
913 3973 1090 4027 οἰκίαν
1112 3973 1207 4028 καὶ
1219 3973 1473 4045 ταράξαι,
1500 3974 1594 4027 καὶ
1617 3973 1954 4047 συγκροῦσαι

366 4064 490 4127 τοὺς
516 4061 664 4116 ἔνδον
704 4063 841 4134 πρὸς
870 4063 1164 4134 ἀλλήλους,
1197 4064 1293 4116 καὶ
1329 4063 1501 4134 φῆσαι
1539 4063 1698 4117 πάντ’
1755 4062 1953 4128 αὐτοὺς

365 4156 686 4226 διοικήσειν,
724 4157 943 4213 πάντων
1001 4155 1318 4210 δεινότατοι.
1385 4155 1731 4218 Καταδύντες
1786 4154 1842 4208 δὲ
1873 4156 1953 4217 εἰς

367 4249 490 4312 τοὺς
524 4250 813 4321 χηραμοὺς
841 4251 959 4303 ὲκεί
987 4250 1058 4304 τά
1087 4249 1378 4320 θαυμαστὰ
1435 4249 1767 4318 σοφίζονται,
1826 4250 1954 4320 σκιᾷ

367 4359 475 4396 τινι
527 4341 709 4412 λόγοις
761 4342 1137 4406 ἀνασπῶντες,
1183 4342 1287 4411 ἔφη
1338 4341 1434 4396 δι’
1493 4339 1791 4412 Σοφοκλῆς,
1861 4340 1953 4394 τὸν

2045 498 2292 566 possint,
2344 500 2609 556 invident.
2667 499 2822 569 Quod
2872 504 2917 560 si
2976 503 3179 576 ἤθεα
3220 507 3346 578 quis
3391 509 3523 579 ipsis
3569 515 3636 571 de

2045 588 2384 645 continentia
2441 590 2842 660 disputantibus
2891 596 3172 666 oppositus
3223 596 3505 666 placentas
3557 601 3636 674 (5)

2044 680 2295 735 ostendat
2341 689 2396 735 et
2443 683 2697 750 monilia,
2733 684 2994 757 linguam
3054 687 3368 757 demittunt,
3420 701 3483 746 ut
3538 707 3637 750 en-

2045 784 2159 825 sem
2210 769 2488 839 Menelaus
2549 772 2652 847 (6).
2700 775 2837 831 Nam
2887 779 2932 835 si
2981 777 3240 836 Helenam
3286 783 3506 839 videant
3558 785 3639 855 ip-

2045 876 2193 928 sam,
2257 864 2519 920 Helenam
2575 868 2790 923 autemi
2857 871 2903 926 si
2967 870 3054 926 vel
3110 873 3363 930 ancillam
3418 876 3636 947 qualem

2047 953 2201 1010 tinxit
2249 954 2544 1015 Menander
2581 959 2896 1032 Phrygiam,
2955 963 3239 1034 Sophoclis
3277 976 3493 1036 satyros
3542 984 3632 1023 re-

2046 1060 2173 1101 vera
2218 1063 2316 1118 pro
2358 1049 2565 1107 ludicro
2619 1063 2812 1108 curant
2861 1056 3073 1111 haberi.
3128 1056 3230 1124 Qui
3271 1062 3634 1128 privationem

2046 1147 2244 1193 vocant
2301 1143 2739 1198 communionem
2798 1145 2911 1216 (7);
2965 1145 3223 1201 invidiam
3282 1157 3467 1204 autem
3513 1150 3666 1219 phi-.

2046 1229 2386 1300 losophiam,
2462 1240 2520 1288 et
2593 1235 2831 1304 inopiam
2909 1237 3152 1306 pecunias
3237 1246 3630 1310 contemptum.

2045 1320 2180 1377 Cum
2263 1330 2444 1378 autem
2519 1326 2909 1382 humanitatem
2989 1328 3387 1398 proﬁteantur,
3457 1332 3636 1388 nemi.

2048 1425 2168 1465 nem
2213 1411 2467 1481 juverunt
2498 1430 2758 1486 unquam,
2802 1427 2858 1472 et
2904 1419 2994 1488 qtti
3031 1419 3199 1476 voluit
3245 1420 3382 1490 ipsis
3411 1421 3510 1487 uti,
3539 1436 3634 1478 eos

2049 1499 2328 1557 infestant.
2380 1504 2449 1558 Et
2492 1505 2629 1562 alios
2673 1507 2893 1577 quidem
2947 1508 3038 1563 vix
3087 1519 3439 1568 occurrentes
3489 1512 3634 1582 aspi-

2048 1591 2216 1660 ciunt,
2253 1593 2478 1650 divitum
2529 1605 2705 1652 autem
2740 1599 2912 1668 gratia
2967 1601 3034 1655 ad
3071 1601 3207 1658 ﬁnes
3254 1605 3490 1675 regionis
3536 1619 3636 1660 oc—

2049 1693 2296 1749 currunt,
2328 1688 2784 1756 quemadmodum
2813 1691 3054 1763 Prhyges
3089 1702 3313 1764 propter
3339 1696 3507 1754 oleas.
3536 1697 3624 1751 Et-

2053 1772 2197 1827 enim
2230 1775 2285 1829 hi
2313 1786 2461 1845 sunt,
2496 1780 2590 1850 qui
2626 1780 3014 1850 impudentiam
3042 1794 3097 1837 et
3139 1785 3401 1841 oﬂ‘ensam
3443 1796 3635 1854 putant

2053 1877 2173 1918 esse
2202 1864 2533 1934 libertatem,
2560 1869 2951 1926 humanitatem
2983 1870 3037 1924 in
3067 1872 3383 1935 accipiendo
3402 1883 3631 1940 ponunt.

2053 1952 2229 2021 Quid?
2254 1958 2397 2026 quod
2433 1958 2498 2012 ad
2537 1973 2657 2013 eam
2707 1960 3031 2030 sapientiam
3058 1971 3425 2031 pervenerunt
3450 1969 3509 2014 ut
3537 1975 3634 2029 pe-

2052 2046 2266 2102 cuniam
2316 2062 2427 2103 non
2469 2048 2709 2120 exigant,
2742 2051 2885 2120 quod
2928 2059 3110 2106 autem
3141 2051 3427 2121 pecuniam
3470 2053 3632 2117 valet,

2051 2138 2302 2208 accipere
2335 2137 2538 2206 norint,
2569 2139 2624 2193 in
2670 2140 2939 2196 sententia
2982 2151 3330 2212 perseverent
3360 2161 3374 2199 :
3407 2143 3490 2198 sin
3519 2150 3638 2197 tur-

2051 2227 2228 2298 gidior
2258 2229 2332 2284 sit
2373 2229 2596 2287 effectus
2634 2233 2883 2290 sacculus
2915 2232 3224 2304 Gorgonem
3257 2237 3462 2305 ceperit
3503 2233 3637 2292 Per-

2050 2333 2196 2376 seus.
2234 2318 2349 2376 Non
2381 2320 2544 2376 alieni
2593 2323 2660 2379 ab
2690 2313 2980 2392 impio'rum
3006 2325 3423 2381 Palmstinorum
3465 2325 3635 2381 mori-

2050 2409 2172 2465 bus.
2203 2408 2338 2465 Nam
2363 2421 2417 2467 et
2445 2412 2520 2467 illi
2552 2414 2654 2468 hoc
2683 2413 2884 2468 habent
2911 2414 3200 2484 impietatis
3227 2415 3462 2484 signum,
3489 2418 3635 2485 quod

2052 2501 2180 2556 deos
2207 2516 2329 2557 esse
2351 2519 2462 2558 non
2492 2514 2700 2574 putent,
2727 2513 2890 2574 atque
2914 2505 2970 2559 hi
2999 2521 3028 2560 a
3055 2505 3281 2574 Graecis,
3312 2516 3476 2577 atque
3499 2507 3637 2563 adeo

2051 2594 2208 2648 bonis
2251 2594 2504 2650 omnibus
2553 2596 2951 2664 quodammodo
3001 2597 3356 2665 dissentiunt,
3398 2599 3450 2654 in
3506 2599 3637 2654 reli-

2051 2683 2172 2752 quis
2224 2683 2444 2752 quidem
2491 2684 2652 2740 rebus
2697 2685 2887 2740 umbra
2933 2700 3032 2741 sua
3079 2687 3256 2754 magis
3305 2686 3440 2740 muti
3469 2704 3485 2741 :
3513 2701 3635 2740 cum

2053 2784 2233 2827 autem
2267 2774 2461 2843 aliquis
2487 2775 2859 2830 criminandus
2904 2785 2960 2830 et
2984 2775 3394 2831 calumniandus
3415 2783 3519 2841 est,
3546 2775 3644 2838 vix

2051 2867 2144 2918 aeri
2180 2863 2480 2932 Dodonaeo,
2515 2882 2703 2923 verum
2752 2867 3014 2924 culicibus
3057 2869 3238 2938 potius
3295 2868 3350 2922 in
3397 2867 3638 2924 tenebris

2051 2959 2517 3029 perstrepentibus
2553 2959 2889 3026 conferendi,
2919 2961 2984 3015 ad
3029 2976 3142 3015 rem
3175 2959 3412 3016 maxime
3453 2975 3641 3017 neces-

2053 3057 2253 3110 sariam
2301 3059 2660 3127 peragendam
2696 3057 2932 3112 maxime
2971 3057 3208 3124 inutiles,
3243 3056 3312 3112 ad
3345 3056 3490 3113 aedes
3514 3071 3641 3128 per-

2052 3150 2328 3220 forandas,
2351 3165 2405 3211 et
2434 3156 2831 3227 perturbandos
2859 3165 3021 3227 atque
3050 3157 3190 3211 inter
3211 3172 3271 3212 se
3293 3156 3642 3212 committen-

2049 3245 2150 3301 dos
2202 3247 2553 3312 domesticos,
2590 3262 2914 3317 omnemque
2961 3247 3490 3302 adn'tinistrationem
3533 3247 3643 3303 sibi

2051 3338 2440 3406 arrogandam,
2487 3339 2731 3394 omnium
2793 3339 3082 3410 aptissimi.
3145 3338 3253 3394 Sed
3303 3339 3358 3394 in
3416 3338 3642 3394 latibula

2052 3430 2319 3484 submersi
2384 3431 2630 3485 miranda
2681 3431 2928 3500 quaedam
2991 3431 3513 3496 comminiscuntur,
3569 3433 3641 3486 ad

2054 3521 2302 3576 umbram
2336 3522 2526 3576 nescio
2556 3537 2717 3591 quam
2755 3525 2917 3577 verba
2953 3531 3285 3590 eructanles,
3319 3522 3494 3592 inquit
3537 3520 3644 3576 So-

2054 3613 2294 3684 phocles,
2335 3614 2676 3670 anthericum
2723 3623 3008 3679 metentes,
3037 3615 3334 3670 iuniculum
3377 3616 3434 3670 in
3471 3628 3641 3668 arena

2056 3715 2362 3772 nectentes,
2393 3707 2552 3761 telam
2593 3707 2778 3762 nescio
2809 3722 2972 3775 quam
3003 3715 3330 3763 retexentes.
3363 3707 3641 3773 Quantum

2054 3799 2200 3854 enim
2225 3799 2278 3854 in
2301 3799 2567 3869 sapientia
2587 3800 2896 3870 proﬁciunt,
2911 3799 3246 3854 tantumdem
3266 3799 3519 3854 amittunt
3537 3797 3639 3869 (8),

2057 3906 2384 3962 magnOpere
2414 3892 2517 3947 sibi
2552 3893 2846 3962 placentes,
2874 3907 2997 3947 cum
3035 3891 3319 3947 rhetoricae
3346 3891 3642 3946 maledixit--

2055 3986 2186 4050 rint,
2231 3987 2387 4056 quasi
2429 4001 2536 4040 non
2566 3985 2729 4041 etiam
2766 3985 2951 4041 famuli
2983 3985 3180 4058 mh
3211 4000 3372 4056 stepe,
3403 4001 3466 4040 ac
3499 4001 3641 4055 prte-

2056 4079 2243 4133 sertim
2271 4079 2566 4148 magistrae,
2598 4079 2848 4134 dominos
2884 4080 3024 4133 intra
3057 4079 3244 4134 dentes
3269 4088 3640 4135 exsecrentur.

2057 4168 2364 4235 Quinetiam
2388 4177 2603 4240 satyrus
2629 4168 2706 4239 (9)
2729 4169 2950 4238 quidam
2981 4169 3230 4224 scenicus
3253 4169 3380 4225 olim
3402 4179 3487 4224 est
3511 4168 3647 4223 Her-

2056 4258 2163 4313 culi
2194 4257 2546 4327 imprecatus,
2579 4259 2645 4311 ad
2681 4258 2837 4327 cuius
2876 4258 3171 4312 adventum
3206 4256 3490 4312 confestim
3524 4271 3647 4312 suc-

2056 4350 2260 4404 cubuit.
2289 4348 2400 4404 Nec
2424 4349 2698 4403 immerito
2729 4350 2982 4403 videntur
3013 4350 3144 4403 mihi
3182 4348 3392 4403 cunctis
3425 4348 3649 4402 maledi-

369 4433 634 4505 ἀνθέρικα
673 4433 1000 4502 θερίζοντες,
1044 4433 1105 4486 τὸ
1125 4434 1168 4466 δ’
1222 4436 1286 4486 ἐκ
1331 4432 1429 4502 τῆς
1479 4433 1664 4502 ἄμμου
1719 4430 1946 4500 σχοινίον

2060 4456 2205 4508 cere,
2237 4440 2673 4512 quandoquidem
2723 4441 2820 4495 hac
2863 4455 2921 4494 re
2964 4441 3253 4509 plurimum
3305 4440 3505 4507 valent,
3553 4443 3648 4510 qui

371 4526 685 4592 πλέκοντες,
721 4527 822 4580 οὐκ
856 4523 951 4580 οἷδ’
979 4529 1162 4580 ὅντινα
1207 4525 1354 4579 ίστδν
1412 4524 1737 4587 ἀναλύοντες
1764 4539 1777 4553 ·
1827 4523 1951 4576 ὅσον

369 4617 568 4688 γὰρᾶν
609 4618 928 4690 προκόψωσι
958 4619 1054 4688 τῆς
1115 4617 1327 4686 σοφίας,
1374 4613 1626 4668 τοσοῦτον
1683 4614 1952 4682 ἀνταφαι-

371 4708 547 4779 ροῦσι,
588 4708 857 4778 μεγάλα⁸⁰
890 4704 1236 4779 φρονοῦντες,
1272 4707 1366 4761 ἐὰν
1398 4702 1694 4778 ῥητορικὴν
1755 4702 1950 4756 εἴπωσι

370 4798 576 4862 κακῶς,
611 4796 777 4870 [1515
806 4795 900 4868 8.]
931 4797 1120 4866 ῶσπερ
1143 4792 1236 4849 οὖν
1268 4797 1360 4848 καὶ
1407 4795 1535 4858 τοὺς
1581 4793 1801 4856 δούλους
1835 4793 1949 4855 τοῖς

367 4888 660 4952 δεσπόταις
715 4887 808 4941 ὑπ’
839 4888 1049 4942 ’ὀδόντα
1091 4887 1134 4922 ³⁸
1168 4886 1432 4950 πολλάκις
1488 4883 1945 4956 καταρωμένους,

369 4983 462 5036 καὶ
497 4981 734 5053 μάλιστα
759 4981 888 5045 τοὺς
920 4981 1213 5050 μαστιγίας
1247 4979 1449 5033 αὐτῶν.
1485 4977 1623 5048 Ἤδη
1655 4977 1713 5030 δέ
1735 4993 1818 5040 τις
1855 4975 1953 5030 καὶ

2058 4543 2116 4589 ut
2160 4534 2360 4588 nullius
2399 4532 2634 4588 hominis
2668 4531 2999 4587 mentionem
3043 4530 3264 4595 faciant,
3297 4529 3437 4585 male
3464 4537 3646 4585 tamen

2056 4623 2242 4679 dicunt
2265 4622 2470 4690 omnia,
2497 4622 2571 4676 ita
2596 4621 2738 4690 quod
2761 4619 2961 4675 habent
2983 4621 3034 4675 in
3061 4620 3292 4676 medium
3326 4619 3634 4678 conferunt.

2056 4716 2235 4786 Atque
2302 4713 2468 4769 etiam
2530 4713 2957 4784 pulcherrimum
3022 4712 3382 4783 philosophiae
3445 4727 3651 4770 nomen

2058 4810 2161 4865 sibi
2188 4809 2454 4873 tribuunt,
2480 4808 2634 4877 quasi
2664 4807 2840 4862 locum
2866 4807 2921 4861 in
2951 4804 3164 4863 theatro
3185 4816 3646 4878 praeoccupasent.

2061 4903 2238 4973 Atque
2289 4901 2565 4970 equidem,
2601 4907 2656 4954 et
2701 4897 2912 4954 Platoni
2957 4899 3198 4956 debitum
3237 4901 3498 4956 honorem
3551 4899 3652 4954 tri-

2068 4998 2181 5061 bui,
2213 5005 2269 5052 et
2317 4996 2561 5050 virorum
2595 4991 2845 5062 dignitati
2885 5006 3043 5061 opem
3077 4991 3173 5047 tuli
3217 5009 3324 5048 non
3357 4990 3650 5061 ignaviter.

1663 5091 1898 5147 VARlA‘I
1940 5085 2346 5147 LECTIONES.

467 5191 487 5221 ’
521 5193 634 5255 τοῖς
661 5190 852 5253 κακοῖς
866 5188 1046 5264 ἀλλοις
1076 5206 1136 5264 ς..
1203 5187 1734 5264 ³⁰Αταῦταᾷπράττειν
1765 5190 1824 5264 ού
1863 5192 1906 5242 Λ
1930 5205 1966 5264 ς,
1989 5188 2252 5264 πράττειν
2287 5182 2458 5264 ταῦτα
2487 5198 2549 5264 Ξ.
2609 5180 2649 5210 ³³
2675 5177 2759 5264 οἳ]
2783 5171 2936 5260 οὗτοι
3116 5179 3174 5264 1’
3209 5180 3260 5264 0:!
3287 5178 3438 5264 uati.“
3469 5179 3512 5264 ³ξ
3543 5176 3654 5232 ῶσ-

371 5277 571 5346 φροντο
591 5248 700 5315 οἶιι.
734 5261 803 5314 Α.
833 5248 848 5253 ⁷
877 5261 922 5292 ³⁸⁵
962 5248 1128 5330 οὗτοί]
1165 5274 1217 5326 p.
1254 5259 1378 5313 515.
1448 5248 1615 5328 ³¹⁵γάρ
1653 5275 1762 5313 om.
1786 5260 1852 5314 Α.
1926 5261 1971 5292 ³⁸
2010 5248 2153 5312 τοῦθ’
2186 5258 2265 5312 Α;
2296 5255 2454 5308 τοῦτο
2487 5252 2616 5314 δ’ξςι
2673 5248 2717 5280 ³⁷
2742 5248 2844 5318 τῆς
2864 5265 2972 5304 01η·
2998 5253 3065 5302 Α·
3115 5249 3161 5281 ³⁸
3195 5251 3313 5320 μὲν.
3395 5249 3438 5281 ³⁹
3474 5249 3654 5334 ἀργυ-

390 5349 397 5350 ,
437 5348 448 5350 _
529 5347 601 5350 μ--
659 5331 677 5350 ι
752 5331 798 5350 ut
831 5331 894 5350 (ηπ
943 5333 1038 5350 νει-ι
1068 5331 1087 5350 Δ
1183 5328 1225 5350 u
1261 5329 1311 5350 -λ
1356 5329 1377 5350 Α
1412 5347 1422 5350 -
1458 5328 1525 5350 -.ἡ
1558 5344 1590 5350 _
1667 5328 1711 5350 so
1747 5330 1923 5350 _.-__9_
1952 5345 2025 5350 ,μ
2094 5331 2145 5350 no
2196 5327 2240 5350 ια
2276 5329 2387 5350 --τ-
2416 5323 2468 5350 In
2525 5318 2647 5350 Rll\
2703 5317 3092 5350 Ἀρι-»υνυ-Αυωι.
3119 5335 3204 5350 ιι...
3257 5321 3283 5350 Α
3360 5318 3406 5350 ιε
3434 5321 3548 5350 ἔρρε.
3593 5319 3620 5350 Δ

375 5318 491 5404 ῥίου
520 5331 715 5404 ottt._A.
752 5331 798 5404 Ψ
826 5331 894 5404 δ’]
918 5333 1038 5404 οὐδ’
1166 5318 1226 5360 ’⁸³
1258 5329 1319 5380 τὸ
1346 5329 1390 5381 Α
1411 5318 1532 5404 εμτῷ
1553 5318 1613 5404 ς’,
1653 5328 1712 5404 f’
1741 5330 1924 5404 αὐτοῖς
1946 5331 2150 5404 om._A°.
2196 5327 2240 5358 ⁸³
2275 5329 2387 5404 τοῖς
2415 5323 2492 5394 (p.
2522 5318 2649 5404 δὶς).
2703 5318 2748 5404 ’ἦ
2765 5319 3094 5404 κρειττόνων
3119 5318 3314 5404 omit.
3360 5318 3406 5350 ⁵⁸
3434 5320 3555 5372 ἐπεὶ

370 5399 418 5433 ⁵⁸
446 5399 755 5455 διαϐάλλειν
769 5403 836 5456 Α.
877 5399 894 5404 ⁷
914 5402 960 5434 ’⁵⁷
991 5402 1252 5456 ἁπάντων
1273 5415 1384 5454 om.
1414 5399 1482 5452 A.
1568 5399 1614 5430 ’⁵⁸
1643 5401 1670 5452 ὁ
1695 5415 1805 5456 om.
1828 5403 1895 5454 A.

1976 5401 2019 5432 ⁸³
2057 5400 2173 5470 θερ.
2213 5397 2308 5451 καὶ
2330 5396 2390 5447 τὸ
2436 5409 2496 5456 ς,

2605 5390 2652 5463 ’ἶ
2685 5389 2829 5462 μέγα
2861 5407 2922 5453 ς.
2997 5392 3041 5424 ⁸¹
3075 5391 3165 5443 ὑπ’
3207 5389 3394 5443 ὀδόντα
3439 5404 3548 5444 0m.
3579 5392 3650 5447 A.

1886 5490 2122 5548 NOTJE.

449 5589 527 5661 (5)
560 5585 876 5661 Utrumque
902 5587 1120 5661 Species
1147 5587 1428 5661 placentis.

446 5657 526 5729 (6)
552 5657 952 5729 Androu‘tache.
983 5659 1121 5729 apud
1153 5657 1397 5729 Euripid.

449 5724 527 5800 (7)
561 5728 673 5783 Hoc
696 5724 1154 5795 reprehendendo
1195 5727 1472 5782 Platonem
1503 5724 1656 5782 dicit.

588 5823 865 5884 Ρηιιοι..
901 5819 1021 5881 Gn.
1055 5819 1206 5881 Cill.

2143 5582 2220 5654 (8)
2252 5582 2352 5654 Per
2379 5580 2576 5634 malam
2609 5579 2844 5654 ipsorum
2874 5577 3218 5654 sententiam.
3362 5645 3374 5654 _
3539 5643 3574 5654 η
3614 5643 3626 5654 _

2146 5643 2222 5722 (9)
2289 5651 2518 5721 Satyrus
2573 5643 2829 5719 quidam,
2889 5663 2994 5703 non
3047 5648 3191 5702 enim
3254 5645 3469 5716 genium
3523 5643 3655 5699 dicit

2068 5720 2288 5777 Baechi.

3217 5806 3291 5868 50
