4012 6236
436 230 574 297 1579
1500 291 1504 297 ,
1585 227 1847 288 PHOTII
1887 228 2026 288 PAT

2132 227 2392 288 manas
2431 228 2550 295 CP._
3535 234 3659 312 1530

433 343 588 412 Quod
615 341 659 398 si
692 340 816 414 quis
855 340 973 396 haec
1009 338 1246 396 refutare
1277 347 1478 411 potest,
1508 339 1552 394 si
1593 339 1644 394 id
1675 340 1862 428 eadem
1895 353 2015 393 ser-

2132 339 2360 428 θάτυρος
2388 338 2497 392 τῶν
2525 339 2616 392 ἐπὶ
2643 341 2846 410 σκηνῆς
2893 338 3240 410 κατηράσατο
3293 341 3370 414 τῷ
3405 339 3662 416 Ἡρακλεῖ,

431 446 554 491 vata
600 433 731 490 mihi
783 431 1184 500 benevolentia,
1245 448 1353 504 qua
1408 427 1832 500 Platonem'ego
1887 445 2006 484 sum

2132 427 2306 499 ιῐτάγν
2343 429 2510 498 ἔκυψε
2566 431 2885 502 προσιόντος
2933 430 3084 485 κάτω
3112 432 3159 464 ⁸³
3211 433 3430 498 εἰκότως
3474 435 3528 488 δέ
3581 456 3664 507 μοι

430 534 776 600 prosecutus.
814 525 1026 592 fecerit,
1071 541 1193 580 eum
1237 541 1337 597 ego
1382 539 1529 582 nunc
1554 534 1610 581 et
1643 524 1696 580 in
1724 533 2006 594 posterum

2132 521 2390 576 ῑοκοῦσι⁵⁸
2421 521 2606 584 κακῶς
2638 521 2884 588 ἅπαντας
2911 522 3092 592 λέγειν
3107 523 3153 557 ⁸⁸
3175 538 3191 556 ο
3221 524 3354 578 πολὺ
3370 523 3475 597 γὰρ
3498 527 3667 594 αὐτοῖς

432 621 666 675 amicum
696 634 804 674 non
831 620 1045 674 hostem
1075 618 1356 688 iudicabo.

2132 614 2208 668 :06
2233 613 2561 706 πράγματος
2590 617 2890 686 περίεστιν,
2925 618 2977 672 οἵ
3007 634 3072 686 γε
3087 616 3190 672 κᾶν
3222 616 3449 688 μηδενὸς
3470 619 3668 690 άνθρώ-

431 731 552 776 πων
587 713 991 784 μεμνήσωνται,
1052 714 1271 782 λέγουσι
1335 715 1381 768 δ’
1439 714 1476 768 δι
1513 715 1730 783 λέγουσι
1775 713 1980 775 κακῶς·
2012 710 2153 764 ὥστε
2184 711 2277 780 ἀφ’
2306 703 2380 766 ὧν
2414 713 2598 782 έχουσι
2621 713 2955 784 χαρίζονται.
2981 708 3115 768 Εἶτα
3162 715 3225 768 τὸ
3271 714 3541 770 κάλλιπον
3573 716 3671 771 τῶν

431 803 718 874 ὀνομάτων
758 803 943 866 αὑτοῖς
997 803 1291 872 τέθεινται,
1349 803 1688 873 φιλοσοφίαν,
1753 801 1943 871 ὥσπερ
2001 799 2129 854 θέαν
2167 801 2686 872 προκατειληφότες.
2738 800 2879 871 Ἐγὼ
2903 802 2950 834 ⁵⁸
2985 802 3083 873 μὲν
3134 802 3227 857 οὖν
3275 801 3402 876 [712
3441 803 3529 877 11.]
3586 809 3672 864 καὶ

432 895 685 951 Πλάτωνι
713 894 811 963 τὴν
841 896 1226 967 προσήκουσαν
1280 896 1446 967 τιμὴν
1471 896 1765 967 ἀπένειμα,
1832 897 1927 950 καὶ
1968 896 2081 958 τοῖς
2119 895 2345 966 ἀνδράσι
2388 897 2456 950 τά
2500 896 2782 969 πρέποντα
2811 897 3109 970 ἐϐοήθησα,
3147 897 3243 952 καὶ
3290 897 3409 969 οὐχὶ
3445 904 3674 971 προηκά-

435 1010 563 1064 μην.
604 992 668 1045 Ei
729 989 786 1042 δέ
832 1007 917 1053 τις
993 993 1039 1024 ⁸⁸
1064 991 1341 1045 ἀντειπεῖν
1409 991 1524 1061 ἔχει
1564 990 1799 1055 τούτοις,
1851 988 2134 1058 φυλάττων
2189 989 2314 1060 ἐμοὶ
2361 990 2462 1062 τὴν
2519 991 2642 1063 ἴσην
2687 991 2962 1063 εὐφημίαν
3009 992 3248 1062 ὁσηνπερ
3286 989 3396 1060 ἐγὼ
3422 990 3672 1061 Πλάτωνι,

431 1082 643 1147 τοῦτον,
685 1081 928 1150 ἐγὼλκαὶ
963 1081 1058 1136 νῦν
1118 1082 1213 1135 καὶ
1272 1079 1501 1152 ὕστερον
1540 1081 1712 1150 φίλον,
1765 1081 1864 1133 οὐκ
1898 1078 2090 1150 ἐχθρὸν
2128 1081 2298 1151 κρίνω
2319 1081 2388 1136 ⁵⁷.

1087 1196 1364 1254 CCXLIX.

805 1310 1067 1377 Excerpta
1092 1325 1123 1362 e
1159 1306 1283 1363 Vita
1317 1307 1656 1379 Pythagorw.

504 1421 760 1492 Legimus
782 1430 838 1475 et
885 1417 1056 1474 Vitam
1085 1418 1434 1489 Pythagoras.

503 1532 752 1602 Excepit,
810 1532 1009 1601 inquit,
1073 1531 1301 1587 docendi
1357 1546 1588 1587 munere
1654 1532 2015 1604 Pythagoram

2796 1201 2978 1257 ΣΜΘ¹.

2617 1315 2967 1383 Πυθαγόρου
2990 1314 3158 1379 βίος.

2204 1422 2548 1493 Ἀνεγνώσθη
2581 1427 2930 1495 Πυθαγόρου
2960 1426 3122 1493 βίος.

2191 1536 2313 1589 Ὅτι
2347 1535 2532 1600 ἔνατος
2549 1538 2597 1570 ⁸⁸
2643 1538 2753 1592 ἀπὸ
2809 1539 3129 1612 Πυθαγόρου
3192 1541 3434 1614 διάδοχος
3480 1543 3674 1613 γέγονε,

436 1623 592 1679 Plato
619 1637 797 1678 nonus
823 1635 1128 1689 successor,
1152 1621 1404 1693 Archytae
1434 1622 1670 1678 senioris
1696 1621 2012 1689 discipulus,

2132 1626 2272 1694 ρησὶ,
2309 1625 2558 1693 Πλάτων,
2593 1628 2855 1700 Ἀρχύτου
2881 1630 2978 1685 τοῦ
3021 1631 3403 1703 πρεσϐυτέρου
3451 1633 3676 1704 μαθητής

436 1717 680 1772 decimus
721 1714 1066 1770 Aristoteles.
1133 1711 1455 1785 Pythagora:
1500 1724 1682 1769 autem
1743 1712 2016 1782 discipuli,

2132 1713 2430 1784 γενόμενος,
2451 1716 2678 1782 δέκατος
2705 1717 2763 1772 δὲ
2799 1719 3208 1792 Ἀριστοτέλης.
3266 1721 3386 1776 Τῶν
3418 1723 3474 1776 δέ
3515 1723 3678 1776 Πυθα-

434 1808 525 1877 qui
582 1805 1022 1877 contemplationi
1069 1805 1240 1860 dediti
1291 1816 1472 1869 erant,
1513 1803 1778 1860 Sebastici
1824 1802 1902 1875 [id
1936 1811 2020 1858 est

2132 1805 2283 1876 γὸρου
2311 1807 2360 1859 οἱ
2392 1807 2492 1876 μὲν
2509 1803 2651 1879 ἦσαν
2679 1811 2810 1880 περὶ
2846 1811 2947 1882 τὴν
2979 1811 3217 1883 Θεωρίαν
3262 1813 3676 1883 καταγινόμενοι,

432 1897 531 1970 pii]
576 1898 752 1953 vocati
811 1905 971 1962 sunt;
1017 1897 1110 1966 qui
1163 1895 1308 1951 circa
1361 1896 1600 1950 humana
1643 1904 2015 1958 versarentur,

2132 1896 2291 1968 οἵπερ
2347 1899 2639 1953 ἐκαλοῦντο
2672 1900 3014 1966 Σεδαστικοὶ,
3049 1905 3099 1956 oi
3123 1903 3182 1957 δέ
3206 1905 3340 1976 περὶ
3384 1903 3453 1958 τὰ
3486 1903 3679 1975 ἀνθρώ-

434 1993 689 2060 l’olitici;
738 1994 829 2062 qui
880 1991 1173 2056 mathesin,
1224 1987 1599 2058 geometriam,
1628 1985 2018 2041 astronomiam

2132 2003 2276 2052 πινα,
2317 1989 2478 2059 οἵπερ
2503 1990 2797 2046 ἐκαλοῦντο
2821 1993 3126 2060 Πολιτικοὶ,
3150 1995 3202 2047 oi
3231 1994 3290 2048 δέ
3333 1996 3461 2065 περὶ
3494 1994 3561 2049 τά
3587 2012 3680 2064 μα-

435 2093 705 2150 amarent,
759 2081 1166 2147 Mathematici;
1213 2081 1308 2150 qui
1365 2079 1662 2134 familiares
1710 2079 1759 2133 ei
1809 2084 2019 2141 essent,

2132 2076 2364 2147 θήματα,
2413 2081 2766 2152 γεωμετρικά
2815 2082 2910 2135 καὶ
2942 2082 3340 2155 ἀστρονομικά.
3380 2083 3533 2154 οἵπερ
3565 2084 3678 2137 ἐκα-

434 2173 823 2247 Pythagorici:
858 2174 1170 2242 horumque
1211 2170 1454 2240 discipuli
1503 2169 1862 2241 Pythagorei;
1899 2169 2022 2238 qui-

2132 2168 2312 2224 λοῦντο
2339 2170 2754 2242 Μαθηματικοί.
2783 2175 2896 2228 Kal.
2928 2177 2977 2230 οἱ
3013 2176 3112 2247 μὲν
3138 2176 3184 2209 ⁸⁹
3214 2174 3370 2246 αὑτῷ
3405 2175 3480 2246 τῷ
3520 2175 3682 2230 Πυθα-

435 2281 543 2336 que
589 2265 749 2320 aliter
780 2265 1121 2321 extrinsecus
1153 2278 1277 2319 eum
1329 2263 1700 2328 imitarentur,
1742 2261 2022 2332 Pythago-

2132 2264 2264 2335 τόρᾳ
2300 2267 2687 2336 συγγενόμενοι
2703 2269 2749 2300 ⁶⁰
2792 2269 3085 2325 ἐκαλοῦντο
3129 2269 3521 2344 Πυθαγορικοὶ,
3549 2272 3594 2324 oi
3629 2269 3681 2324 δὲ

436 2359 607 2412 ristre.
633 2355 835 2412 Omnes
868 2356 922 2410 hi
955 2355 1283 2410 animalibus
1312 2353 1676 2421 abstinentes,
1709 2363 1861 2408 certo
1885 2362 2023 2407 tem-

2132 2354 2331 2410 τούτων
2376 2359 2620 2428 μαθηταὶ
2651 2358 3036 2429 Πυθαγόρειοι,
3088 2363 3138 2416 οἱ
3187 2361 3247 2414 δέ
3284 2361 3454 2425 άλλως
3503 2360 3682 2426 ἔξωθεν

439 2465 568 2518 pore
595 2465 627 2505 e
677 2448 916 2504 victimis
942 2449 1077 2504 solis
1109 2447 1417 2518 gustabant.
1446 2447 1674 2501 Centum
1707 2455 1761 2500 et
1789 2454 2026 2514 quatuor

2132 2446 2369 2520 ζηλωταὶ
2439 2450 2868 2522 Πυθαγορισταί,
2935 2452 3255 2524 Ἀπείχοντο
3318 2453 3377 2508 δέ
3447 2451 3683 2524 ἐμψύχων

438 2541 644 2596 vixisse
699 2540 858 2594 annis
914 2538 1087 2594 fertur
1156 2537 1520 2608 Pythagoras,
1570 2545 1626 2592 et
1673 2535 2026 2591 Mnesarchus

2132 2540 2221 2592 καὶ
2272 2537 2414 2592 κατά
2479 2539 2672 2610 καιρὸν
2708 2540 2892 2611 [μόνον
2913 2541 2955 2572 ⁶¹
3011 2541 3213 2596 θυσιῶν
3265 2541 3527 2611 ἐγεύοντο.
3574 2541 3684 2593 Ὅτι

438 2637 736 2691 etiamnum
763 2633 983 2702 juvenis
1033 2648 1174 2688 unus
1220 2631 1454 2686 ﬂliorum
1501 2630 1733 2696 obiisse;
1765 2632 2026 2687 successit

2132 2629 2322 2683 ἑκατὸν
2355 2630 2449 2684 καὶ
2477 2631 2762 2703 τεσσάρων
2791 2632 3010 2701 λέγεται
3045 2633 3182 2690 ἐτῶν
3205 2634 3254 2666 ⁸⁸
3306 2633 3552 2706 ἐζηκέναι
3602 2631 3685 2686 τὸν

441 2727 570 2782 huic
592 2725 886 2796 Telauges,
922 2724 1166 2794 Saraque
1193 2732 1248 2779 et
1272 2721 1414 2794 Myia
1447 2722 1591 2777 illius
1622 2723 1767 2787 tiliae,
1806 2722 2026 2792 ipsaque

2137 2719 2483 2792 Πυθαγόραν.
2538 2722 2650 2775 Kal.
2700 2724 2730 2776 6
2783 2723 2880 2794 μὲν
2913 2724 3247 2795 Μνήσαρχος
3299 2719 3380 2786 εἷς
3432 2722 3536 2777 τῶν
3565 2720 3685 2775 υίῶν

441 2818 686 2886 Theano,
729 2831 834 2873 non
868 2816 1134 2887 discipula
1173 2817 1361 2881 modo,
1396 2831 1586 2870 verum
1627 2824 1682 2871 et
1718 2815 1828 2868 lilia
1861 2814 2026 2870 fuisse

2132 2811 2294 2865 αὐτοῦ
2325 2811 2545 2881 λέγεται
2579 2813 2846 2886 νεώτερος
2873 2815 3222 2887 τελευτῆσαι,
3262 2815 3548 2887 Τηλαυγὴς
3590 2813 3688 2868 δέὁ

439 2918 835 2966 memorantur.
884 2907 1174 2973 Diﬂerunt,
1219 2915 1280 2962 ut
1317 2907 1472 2960 aiunt
1521 2905 1871 2976 Pythagorei,
1909 2905 2026 2958 uni-

2132 2901 2321 2974 ἐτερος
2350 2903 2643 2971 διεδέξατο,
2675 2905 2772 2959 καὶ
2795 2906 3009 2978 Αίσάρα
3027 2907 3073 2939 ⁸³
3101 2908 3198 2962 καὶ
3245 2909 3399 2963 Μυῖα
3435 2909 3490 2964 αι
3536 2907 3688 2976 θυγα-

441 3011 528 3059 tas
557 3009 613 3056 et
655 3015 823 3056 unum
851 3017 865 3054 :
894 2999 1075 3072 unitas
1107 2999 1322 3069 quidem
1371 2999 1425 3051 in
1457 2997 1617 3053 rebus
1646 3012 1766 3066 quae
1797 2995 1897 3051 sub
1939 2996 2025 3050 ln-

2132 2993 2306 3064 τέρες.
2336 2995 2447 3048 Kal.
2472 2997 2506 3066 ἡ
2539 2995 2727 3050 Θεανὼ
2754 2997 2812 3051 δέ
2858 2998 3082 3068 λέγεται
3114 3000 3176 3054 οὐ
3233 3000 3513 3073 μαθήτρια
3550 3000 3691 3071 μόνον

441 3095 721 3149 tellectum
768 3091 992 3157 cadunt,
1046 3091 1114 3145 ab
1146 3091 1213 3146 iis
1242 3089 1572 3158 collocatur;
1605 3103 1770 3143 unum
1807 3103 1937 3144 vero
1969 3088 2025 3143 in

2132 3085 2266 3140 ἀλλά
2291 3087 2386 3140 καὶ⁵
2419 3087 2517 3158 μία
2541 3088 2651 3142 τῶν
2682 3088 3002 3162 θυγατέρων
3028 3091 3196 3146 αὐτοῦ
3233 3087 3405 3148 εἶναι.
3428 3092 3548 3146 "01s
3588 3091 3692 3144 δια-

441 3186 576 3254 ipsis
610 3183 873 3250 numeris,
921 3190 979 3238 et
1017 3183 1206 3238 eodem
1253 3181 1414 3237 modo
1459 3181 1565 3236 duo
1621 3180 1674 3234 in
1725 3179 2027 3234 numeratis

443 3276 759 3332 dualitatem
813 3273 1084 3329 infinitam
1123 3273 1436 3343 perhibent.
1474 3271 1666 3327 Unitas
1696 3272 1913 3341 quidem
1941 3285 2028 3326 se-

445 3368 678 3423 cundum
715 3365 1086 3435 aequalitatem
1119 3373 1175 3420 et
1205 3365 1441 3420 medium
1469 3364 1704 3419 sumitur
1739 3385 1753 3420 :
1790 3364 2028 3419 dualitas

443 3468 626 3513 autem
678 3458 976 3514 secundum
1028 3456 1495 3526 exsuperantiam,
1554 3456 1606 3510 id
1651 3455 1794 3525 quod
1847 3455 2026 3508 minus

443 3562 547 3608 est.
579 3551 775 3622 Itaque
799 3550 1034 3606 medium
1077 3558 1129 3604 ct
1160 3548 1356 3603 modus
1391 3563 1495 3602 non
1539 3556 1767 3616 possunt
1797 3545 1913 3616 plus
1936 3553 2030 3599 aut

442 3643 623 3699 minus
651 3641 788 3709 lieri,
818 3641 913 3698 sed
937 3655 1191 3696 excessus
1208 3638 1406 3712 L39a
1436 3649 1490 3694 et
1516 3638 1782 3701 defectus,
1821 3653 1942 3692 cum
1973 3637 2027 3690 in

443 3733 717 3809 infinitum
758 3731 1078 3802 procedant,
1120 3740 1283 3799 atque
1314 3729 1442 3784 ideo
1469 3737 1820 3784 asseruerunt
1850 3727 2027 3781 duali-

446 3835 611 3881 tatcm
643 3825 932 3880 infinitam.
965 3825 1034 3880 Et
1060 3823 1191 3880 licet
1234 3823 1419 3880 omnia
1451 3837 1482 3876 e
1507 3821 1738 3876 monade
1768 3830 1822 3876 et
1848 3819 2027 3876 duali-

445 3927 558 3971 tate
614 3917 666 3971 in
717 3930 973 3970 numeros
1013 3916 1272 3980 referant,
1319 3915 1614 3984 omniaque
1647 3928 1768 3984 quae
1808 3920 2028 3966 exstant

445 4022 732 4062 numerum
773 4007 1066 4076 appellent,
1117 4007 1329 4062 decimo
1372 4017 1550 4061 tamen
1582 4018 1841 4060 numerus
1873 4017 2027 4058 com-

445 4101 648 4171 pletur.
710 4099 966 4154 Decimus
1015 4113 1145 4154 vero
1188 4098 1247 4153 lit
1297 4114 1325 4152 a
1365 4106 1600 4167 quatuor
1633 4096 1789 4150 nobis
1836 4094 2028 4150 ordine

444 4188 866 4245 numerantibus
909 4187 1172 4242 numeris.
1232 4185 1440 4241 Idcirco
1475 4199 1690 4240 omnem
1741 4197 2025 4238 numerum

444 4281 854 4354 quaternarium
886 4278 1178 4349 appellant.
1221 4279 1420 4334 Tribus
1456 4291 1672 4347 quoque
1705 4273 2029 4330 asserebant

444 4373 624 4428 modis
655 4370 838 4440 seipso
888 4369 1167 4426 hominem
1201 4368 1478 4424 meliorem
1509 4366 1646 4422 fieri.
1684 4365 1871 4420 Primo
1901 4381 2023 4421 cum

448 4469 553 4524 diis
596 4465 955 4536 colloquendo
998 4480 1015 4518 :
1053 4465 1407 4519 accedentem
1444 4463 1590 4516 enim
1643 4461 1709 4515 ad
1747 4474 1842 4516 eos
1899 4471 2026 4516 tunc

448 4558 794 4627 potissimum
824 4555 894 4611 ab
922 4555 1070 4611 omni
1102 4568 1161 4610 se
1194 4553 1463 4608 maleficio
1489 4552 1768 4607 abstinere
1799 4565 2025 4607 necesse

448 4659 555 4715 est,
579 4658 632 4705 et
657 4649 836 4719 quoad
859 4647 976 4714 ejus
1001 4647 1115 4703 ﬁeri
1149 4653 1325 4716 potest
1347 4643 1457 4698 Deo
1485 4640 1796 4697 assimilari.
1822 4639 2027 4695 Deinde

445 4741 584 4798 bene
619 4741 684 4796 de
709 4739 832 4795 aliis
863 4737 1125 4795 merendo
1151 4753 1167 4791 :
1203 4736 1294 4790 Dei
1327 4735 1470 4789 enim
1514 4736 1616 4789 hoc
1643 4733 1919 4803 proprium
1945 4743 2027 4786 est

446 4836 501 4889 in
532 4847 705 4902 eoque
734 4831 904 4887 Deum
936 4830 1199 4885 imitatur.
1231 4826 1417 4882 Tertio
1443 4823 1679 4894 denique
1702 4824 1978 4880 moriendo
2013 4842 2024 4876 :

447 4925 495 4981 si
531 4923 676 4980 enim
722 4923 956 4987 animus,
1007 4921 1100 4990 qui
1150 4920 1203 4974 in
1255 4919 1365 4973 vita
1418 4917 1533 4987 ipsa
1563 4926 1650 4971 est
1693 4916 1819 4970 vita:
1848 4929 2031 4978 causa,

2131 3179 2321 3250 φέρειν
2355 3179 2543 3249 ἔλεγον
2575 3182 2626 3234 οἱ
2652 3182 2760 3236 ἀπὸ
2790 3183 3109 3256 Πυθαγόρου
3131 3185 3345 3256 μονάδα
3370 3186 3462 3240 καὶ
3487 3183 3562 3238 ἓν.
3590 3183 3690 3238 Mo-

2128 3270 2226 3333 νὰς
2246 3271 2345 3341 μὲν
2368 3274 2477 3342 γὰρ
2507 3273 2641 3344 παρ’
2669 3273 2855 3339 αὐτοῖς
2880 3275 3168 3347 ἐνομίζετο
3195 3278 3230 3348 ἡ
3255 3278 3320 3330 ἐν
3353 3281 3466 3342 τοῖς
3504 3279 3692 3349 νοητοῖς

2129 3363 2285 3426 οὖσα,
2315 3363 2373 3417 ἐν
2391 3365 2450 3418 δέ
2478 3365 2537 3418 τὸ
2563 3367 2621 3418 ἐν
2655 3369 2765 3430 τοῖς
2789 3367 3045 3438 ἀριθμοῖς
3069 3385 3083 3398 ·
3117 3369 3327 3438 ὁμοίως
3347 3371 3403 3425 δέ
3421 3369 3513 3426 καὶ
3531 3369 3618 3424 δύο
3639 3367 3694 3421 τὸ

2129 3455 2189 3506 ἐν
2204 3457 2317 3518 τοῖς
2347 3454 2471 3525 ἀριθ
2481 3458 2692 3526 μητοῖς.
2729 3457 2955 3526 Ἔλεγον
2977 3459 3155 3529 δὲτὴν
3176 3459 3351 3516 δυάδα
3368 3461 3414 3494 ⁵⁸
3440 3461 3692 3532 ἀόριστον,

2129 3543 2263 3614 δτιὴ
2287 3543 2387 3615 μὲν
2415 3546 2583 3616 μονάς
2599 3547 2743 3601 κατά
2757 3547 2856 3620 τὴν
2891 3547 3113 3620 ἰσότητα
3143 3550 3326 3607 καὶτὸ
3344 3553 3539 3624 μέτρον
3563 3551 3694 3621 λαμ-

2132 3636 2378 3701 ϐάνεται,
2392 3638 2426 3706 ἡ
2440 3636 2496 3690 δέ
2515 3637 2648 3704 δυὰς
2674 3640 2795 3694 καθ’
2809 3641 2912 3694 ὐπε
2921 3640 3120 3712 ρσολὴν
3137 3642 3234 3697 καὶ
3251 3641 3511 3714 ἔλλειψιν.
3529 3643 3693 3698 Μεσό-

2131 3746 2230 3800 της
2247 3729 2346 3799 μὲν
2365 3723 2460 3783 οὖν
2485 3731 2581 3784 καὶ
2623 3731 2823 3803 μέτρον
2841 3733 2902 3786 ού
2924 3731 3147 3787 δύναται
3177 3734 3383 3805 μᾶλλον
3427 3736 3520 3790 καὶ
3548 3730 3694 3806 ἦττον

2131 3819 2420 3890 γενέσθαι·
2457 3821 2490 3890 ἡ
2521 3821 2580 3874 δέ
2629 3821 2904 3894 ὑπερϐολὴ
2957 3824 3053 3878 καὶ
3100 3823 3344 3894 ἔλλειψις
3391 3823 3574 3894 ἐπειδὴ
3615 3821 3693 3877 ἐπ’

2131 3914 2358 3984 ἄπειρον
2391 3915 2706 3985 προχωρεῖ,
2741 3913 2832 3968 διὰ
2860 3913 3020 3969 τοῦτο
3044 3915 3302 3990 ἀόριστον
3331 3916 3501 3988 αὐτὴν
3526 3916 3694 3982 ελεγον

2129 4003 2318 4058 δυάδα.
2350 4005 2464 4059 Καὶ
2487 4004 2673 4076 ἐπειδὴ
2705 4006 2884 4060 πάντα
2918 4008 2998 4069 είς
3024 4007 3150 4069 τοὺς
3195 4006 3468 4079 ἀριθμοὺς
3509 4005 3696 4076 ἀνῆγον

2131 4092 2194 4146 ἐκ
2249 4111 2309 4147 τε
2353 4095 2452 4164 τῆς
2491 4095 2722 4165 μονάδος
2771 4096 2866 4150 καὶ
2913 4098 3015 4168 τῆς
3057 4097 3271 4164 δυάδος,
3320 4099 3414 4153 καὶ
3463 4100 3530 4152 τά
3578 4097 3695 4150 ὄντα

2131 4185 2311 4241 πάντα
2374 4187 2706 4257 άριθμοὺς⁶⁵
2763 4188 3214 4259 προσηγόρευον,
3287 4189 3317 4242 ὁ
3375 4188 3431 4242 δὲ
3484 4186 3697 4260 ἀριθμὸς

2134 4277 2554 4348 συμπληροῦται
2590 4280 2702 4358 τοῖς
2731 4277 2885 4343 δέκα,
2935 4279 3070 4358 ὁῌδὲ
3119 4279 3254 4333 δέκα
3311 4279 3560 4342 σύνθεσις
3597 4277 3694 4331 τῶν

2133 4368 2422 4440 τεσσάρων
2451 4353 2696 4423 κατὰτὸ
2729 4368 2858 4440 ἐξῆς
2891 4353 3271 4442 ἀριθμούντων
3297 4369 3479 4442 ήμῶν,
3507 4369 3596 4424 καὶ
3616 4365 3696 4420 διά

2132 4461 2293 4516 τοῦτο
2324 4459 2416 4513 τὸν
2446 4459 2681 4531 ἀριθμὸν
2717 4459 2898 4514 πάντα
2929 4462 3234 4533 τετρακτὺν
3266 4458 3694 4530 ελεγον.Ἐλεγον

2131 4552 2190 4606 δέ
2226 4553 2320 4606 τδν
2353 4551 2641 4624 ἄνθρωπον
2670 4551 2837 4607 αὑτὸν
2887 4552 3084 4607 ἐαυτοῦ
3142 4552 3336 4622 βελτίω
3374 4550 3516 4606 κατά
3558 4549 3696 4619 τρεῖς

2133 4643 2370 4715 τρόπους
2408 4643 2676 4712 γίνεσθαι,
2711 4643 2928 4714 πρῶτον
2974 4644 3074 4716 μὲν
3103 4648 3169 4717 τῇ
3205 4644 3391 4717 ὁμιλίᾳ
3408 4644 3452 4676 ⁸⁸
3479 4643 3542 4713 τῇ
3571 4639 3698 4711 πρὸς

2138 4735 2266 4797 τοὺς
2301 4734 2456 4798 θεοὺς
2498 4735 2733 4807 (ἀνάγκη
2769 4735 2878 4807 γὰρ
2932 4735 3318 4808 προσίοντας⁶⁷
3362 4736 3542 4799 αὐτοῖς
3587 4729 3697 4786 κατ’

2139 4825 2319 4876 ἐκεῖνο
2357 4824 2552 4895 καιροῦ
2583 4823 2916 4896 χωρίζεσθαι
2939 4826 3138 4889 αὐτοὺς
3167 4827 3350 4898 πάσης
3383 4826 3598 4890 κακίας,
3626 4820 3699 4883 εἰς

2141 4914 2370 4984 δύναμιν
2392 4915 2712 4988 ὁμοιοῦντας
2730 4915 2776 4948 ⁸⁸
2807 4919 3038 4982 ἑαυτοὺς
3064 4916 3143 4989 τῷ
3166 4916 3343 4990 Θεῷ),
3379 4915 3622 4986 δεύτερον
3644 4913 3698 4967 ἐν

1759 5027 1995 5084 VARIA‘J
2036 5027 2441 5086 LECTIONES.

518 5127 774 5202 “(1&th
795 5130 968 5202 κάτω.
995 5126 1299 5202 σάτυρος-δ’
1327 5125 1498 5202 ὅστις·
1523 5124 1598 5202 ού.
1615 5123 1725 5194 γὰρ
1745 5123 1849 5202 ,τὸν
1872 5122 2275 5202 δαίμονα-λέγει
2296 5123 2390 5176 τοῦ
2415 5124 2684 5202 διονυσίου
2719 5125 2784 5180 Α.
2836 5127 2904 5202 με’-ξ
2929 5143 3029 5202 μοι.Δ
3049 5125 3403 5202 δοκοῦσι-91η.
3549 5121 3700 5202 ’διὶέ-

445 5199 602 5325 γεινέ
636 5193 857 5269 λέγὸυσι
907 5201 972 5254 Α.
1033 5200 1078 5231 ⁵⁵
1116 5193 1332 5319 ξ’γὼΙᾹρ.
1367 5194 1493 5250 524.
1553 5193 1702 5257 ητις
1731 5193 1775 5247 Α
1809 5212 1823 5246 :
1854 5210 1908 5246 τι
1947 5210 2006 5256 ς.

445 5291 516 5328 τα
605 5271 842 5342 εγόμενα
899 5270 1184 5342 ζδιωτικως
1270 5263 1557 5342 ου-κανικᾲ,
1605 5279 1714 5319 om.
1768 5264 1890 5342 .AC.
1959 5264 2006 5342 ἐξ

2082 5195 2124 5226 ⁸⁷
2159 5210 2280 5262 qua:
2331 5205 2454 5262 post
2495 5195 2668 5264 κρίνω
2711 5212 2751 5260 ς
2781 5192 2951 5261 addit,
2978 5197 3400 5264 ἀλλαντοπώλης
3445 5196 3475 5248 ὁ
3514 5192 3699 5264 πωλῶν

1279 5213 1332 5265 p.
1367 5213 1493 5250 οτι.
1553 5213 1599 5226 ’ν
1617 5213 1702 5257 τις
1731 5213 1775 5247 Α
1809 5213 1823 5246 :
1854 5213 1908 5246 τι
1947 5213 2006 5256 ς.
2082 5213 2121 5226 ν’
2159 5213 2280 5262 qua:
2331 5213 2454 5262 ροει
2495 5213 2668 5264 κρινω
2711 5213 2751 5260 ς
2781 5213 2951 5261 anan,
2978 5213 3329 5252 αλλαντοπωλ
3371 5215 3384 5258 ς

1270 5263 1557 5327 ουκανικά,
1605 5279 1714 5319 om.
1780 5264 1890 5319 AC.
1959 5264 2004 5294 ⁵⁸
2036 5263 2257 5327 ἐννατος
2314 5279 2377 5326 ς.
2432 5265 2478 5296 ⁸⁸
2501 5267 2549 5318 oi
2589 5265 2689 5327 μὲν
2712 5281 2798 5327 ap.
2845 5265 2908 5321 L.
2948 5266 3285 5323 Holstenium
3319 5213 3384 5327 (ἲ)

2589 5265 2689 5338 μὲν
2712 5281 2798 5338 ap.
2845 5265 2908 5321 L.
2948 5266 3285 5338 Holstenium
3319 5261 3606 5338 (Porphyr.
3636 5261 3698 5315 de

445 5346 559 5398 vita
593 5333 822 5443 Pithag.
851 5340 939 5397 ed.
973 5339 1190 5394 Kuster.
1226 5353 1279 5406 p,
1481 5335 1526 5365 ⁸ο
1559 5334 1938 5404 συγγινόμενοι
2001 5333 2197 5388 Suidas
2227 5349 2278 5388 ν.
2329 5333 2620 5416 Πυθαγόρα
2664 5333 2794 5404 (vol.
2840 5338 2892 5392 5.
2915 5352 2967 5405 p.
2992 5337 3117 5404 255,
3145 5336 3260 5408 l3),
3307 5333 3692 5413 fndamento:

448 5413 672 5443 ιιηιοοηη
804 5413 821 5443 ι
869 5410 1046 5443 "Au.-."
1076 5426 1115 5443 ρ
1229 5409 1272 5440 ω
1303 5409 1438 5443 ξιτ-..ιν
1468 5403 1682 5443 Have-em
1717 5421 1756 5443 ε-
1859 5405 1905 5436 ω
1940 5403 2143 5443 Αίηήτλη
2179 5403 2453 5443 Πριιιιμιιια
2501 5421 2724 5443 rncnnnc
2779 5407 2840 5443 ml
2879 5407 3007 5443 nnul
3059 5423 3090 5443 n
3145 5407 3252 5443 ους
3277 5407 3490 5443 [.mmnn
3533 5421 3546 5435 ο
3581 5401 3692 5443 ΙιΙιη

448 5403 696 5468 Ιιοιειοῖι.
769 5403 821 5443 ’ίι
868 5410 1046 5481 μόνων
1076 5426 1136 5473 ς.
1160 5477 1199 5481 __
1228 5403 1272 5440 ⁸³
1301 5403 1687 5481 ἐτῶνῌλέγεται
1717 5421 1777 5481 gl.

451 5483 612 5550 σάρα.
674 5481 719 5514 ⁸⁸
745 5477 912 5535 δυάδα
941 5480 1007 5550 Α.
1041 5477 1246 5550 μονάδα
1285 5494 1346 5541 ς.

448 5543 636 5630 ὁμιλίᾳ
663 5553 730 5630 τῇ
761 5552 898 5630 πρὸς
925 5543 1056 5630 Dein}
1113 5549 1306 5630 Suidas
1338 5562 1390 5600 ν.
1419 5543 1742 5630 ᾏνθρωπος
1797 5543 1977 5606 αὐτὸς.

451 5615 828 5686 -ὲὸμοιοῦντά
861 5620 1057 5678 Suidas
1087 5629 1162 5687 ct,
1197 5619 1400 5674 omisso
1431 5615 1520 5668 τὸν
1557 5631 1617 5678 ςο

1830 5405 1905 5486 33
1934 5403 2146 5486 Δῑσάρα
2167 5403 2465 5486 petttleius
2493 5397 2746 5486 're'spons.
2777 5397 3029 5486 ad‘B'oy].
3058 5397 3115 5478 ρ.
3121 5397 3256 5486 313
3273 5397 3511 5486 LetlpéP-
3529 5397 3694 5486 λυθῇ

1425 5475 1468 5508 ⁸⁸
1490 5471 1945 5596 ἀριθμὸνὸυἰάοε
1971 5489 2023 5528 v.
2044 5469 2310 5545 ’Ᾰριθμῶ,
2342 5474 2577 5548 ἀριθμὸν
2590 5469 2914 5547 ’τετρακτὺν
2937 5469 3102 5534 idem.
3121 5469 3473 5550 Τετρακτύς.’
3528 5469 3572 5506 ⁸⁸
3603 5469 3695 5542 μιν

1425 5545 1519 5616 "Av
1561 5560 1742 5615 ρωπος
1797 5543 1977 5606 αὐτὸς.
2058 5545 2101 5577 ⁸⁷
2129 5545 2477 5616 προσιόντας.
2557 5547 2602 5579 ⁸⁸
2635 5547 2956 5616 ὁμοιοῦντας
2989 5564 3136 5607 corr.
3167 5549 3217 5604 A
3250 5566 3265 5605 :
3294 5545 3388 5604 τὸν
3409 5541 3693 5616 προσιόντι

2557 5547 2602 5579 ⁸⁸
2635 5541 2956 5618 ὁμοιοῦντας
2989 5564 3136 5607 corr.
3167 5541 3265 5605 ΑΞ
3294 5545 3388 5604 τὸν
3409 5541 3693 5618 προσιόντι
