4012 6236
383 196 520 265 1581

1459 203 1985 265 BlBLIOTHECA.
2048 229 2095 238 -
2133 205 2298 267 COD.
2344 205 2639 266 CCXLIX.

3498 203 3517 267 ι
3530 206 3632 270 582

367 314 449 385 τῷ
476 307 537 369 εῦ
563 312 738 369 ποιεῖν
783 313 944 386 (Θεοῦ
971 316 1080 390 γὰρ
1114 318 1273 375 τοῦτο
1301 318 1396 373 καὶ
1430 318 1580 383 θείας
1611 321 1942 391 μιμήσεως),

2078 320 2328 376 μουιυὶιιιη
2384 337 2413 376 a
2471 333 2698 391 corpore
2776 327 3078 389 Separalus,
3153 321 3332 393 seipso
3390 326 3633 380 reuditur

367 407 553 477 τρίτον
589 409 647 461 ὲν
679 407 760 477 τῷ
791 407 1158 479 ἀποθνήσκειν
1179 427 1192 440 ·
1221 412 1271 463 εἰ
1301 411 1411 480 γὰρ
1441 413 1586 466 κατὰ
1629 413 1792 465 ποσόν
1823 429 1876 464 τι
1914 412 1948 481 ἡ

368 497 518 570 ψυχὴ
561 499 657 552 τοῦ
709 498 964 570 σώματος
1004 505 1063 557 ὲν
1107 504 1185 575 τῷ
1218 505 1317 576 ζῇν
1340 505 1400 557 τὸ
1434 504 1598 570 ζῶον,
1652 504 1817 577 [1516
1854 502 1950 576 IL]

371 591 717 662 χωριζομένη
777 591 1005 663 βελτίων
1055 596 1262 664 γίνεται
1311 597 1514 666 ἑαυτῆς
1539 637 1553 662 ,
1610 597 1668 650 ἐν
1725 614 1786 650 τε
1840 597 1955 660 τοῖς

374 680 566 745 ὕπνοις
613 684 756 737 κατὰ
792 684 921 749 τοὺς
967 685 1212 751 ὀνείρους
1252 687 1347 742 καὶ
1397 688 1454 741 ὲν
1499 688 1620 749 ταῖς
1665 687 1956 741 ὲκστάσεσι

374 771 484 826 τῶν
515 774 689 828 νόσων
728 778 965 847 μαντικὴ
994 778 1227 846 γίνεται,
1259 778 1440 849 πολλῷ
1471 778 1602 850 [715
1625 778 1720 850 Η.]
1755 779 1955 850 μᾶλλον

379 867 710 937 βελτιοῦται,
739 870 869 924 ὅταν
898 871 1082 925 τέλεον
1111 872 1358 944 χωρισθῇ
1389 874 1497 928 ἀπὸ
1547 872 1644 926 τοῦ
1681 871 1952 942 σώματος.

377 960 500 1014 Ὀτι
532 960 632 1032 τὴν
669 961 876 1031 μονάδα
902 963 1123 1017 πάντων
1157 964 1331 1036 ἀρχὴν
1361 965 1547 1034 ἔλεγον
1571 963 1955 1034 Πυθαγόρειοι,

375 1052 500 1106 ἐπεὶ
528 1052 590 1106 τὸ
624 1054 724 1123 μὲν
752 1057 980 1126 σημεῖον
1011 1056 1190 1127 ἀρχὴν
1222 1057 1408 1126 ἔλεγον
1442 1056 1742 1127 γραμμῆς,
1777 1054 1875 1124 τὴν
1901 1053 1958 1106 δὲ

376 1142 657 1210 ἐπιπέδου,
694 1145 756 1198 τὸ
780 1145 836 1199 δὲ
866 1145 962 1200 τοῦ
993 1147 1158 1218 τριχῆ
1195 1147 1487 1202 διαστατοῦ
1520 1147 1639 1217 ἦτοι
1683 1145 1957 1216 σώματος.

379 1233 490 1288 Τοῦ
528 1235 585 1288 δὲ
616 1237 850 1304 σημείου
878 1241 1340 1309 προεπινοεῖταιὴ
1373 1238 1562 1308 μονάς,
1597 1235 1739 1290 ὥστε
1758 1237 1801 1268 ⁸⁸
1819 1235 1961 1306 ἀρχὴ

377 1325 488 1380 τῶν
522 1329 794 1397 σωμάτων
826 1332 857 1400 ή
891 1330 1058 1399 μονάς
1079 1347 1095 1363 ο
1131 1330 1273 1384 ὥστε
1304 1331 1372 1385 τὰ
1417 1329 1647 1399 σώματα
1688 1329 1868 1382 πάντα
1899 1331 1963 1381 ὲκ

378 1419 476 1486 τῆς
527 1419 756 1486 μονάδος
803 1421 1118 1492 γεγένηται.
1173 1421 1295 1475 Ὅτι
1347 1421 1397 1472 οί
1443 1419 1805 1490 Πυθαγόρειοι
1855 1419 1964 1471 τῶν

380 1506 642 1580 ἐμψύχων
667 1511 984 1581 ἀπείχοντο,
1011 1514 1108 1583 τὴν
1146 1511 1570 1582 μετεμψύχωσιν
1597 1510 1852 1580 ἀφρόνως
1888 1509 1963 1572 ὡς

2058 411 2292 467 melior:
2342 413 2610 483 siquidem
2645 413 2697 467 in
2749 412 2956 467 somnis
3005 428 3103 483 per
3145 413 3440 481 Insomnia,
3482 426 3536 472 et
3572 417 3628 472 in

2055 504 2367 560 exstasibus
2413 504 2744 570 morborum,
2800 504 3070 559 divinator
3128 505 3205 574 ﬁt,
3261 507 3438 561 multo
3499 523 3632 562 sane

2058 605 2187 651 tunc
2235 597 2582 667 praestantior
2625 596 2805 666 seipso
2851 596 2932 662 ﬁt,
2985 612 3110 652 cum
3139 597 3250 666 jam
3293 608 3570 668 postremo
3603 615 3635 655 e

2057 703 2288 760 corpore
2340 691 2615 762 migravit.
2660 690 2835 761 Apud.
2867 691 3085 748 eosdem
3115 691 3398 746 exordium
3446 686 3633 747 rerum

2059 782 2301 836 omnium
2335 792 2418 837 est
2445 782 2648 848 unitas,
2686 783 2883 839 deinde
2914 794 3170 854 punctum
3204 783 3418 838 initium
3455 783 3632 850 linete,

2059 874 2198 928 linea
2229 874 2559 944 superliciei,
2595 885 2651 930 et
2691 875 3009 945 superﬁcies
3056 876 3286 945 triplicis
3325 876 3377 930 in
3417 877 3636 946 quanti-

2061 971 2173 1018 tate
2211 963 2591 1028 dimensionis,
2620 963 2727 1029 vel,
2771 972 2830 1017 ut
2865 973 3082 1030 vocant,
3129 965 3399 1035 corporis.
3435 963 3635 1020 Verum

2063 1063 2192 1109 ante
2220 1062 2478 1123 punctum
2526 1054 2905 1124 cognoscimus
2936 1056 3251 1110 monadem.
3303 1057 3483 1122 Quare
3514 1069 3640 1111 cor-

2063 1159 2254 1214 porum
2309 1147 2528 1202 initium
2571 1154 2655 1203 est
2707 1149 2912 1214 unitas,
2963 1149 3104 1205 sicut
3131 1150 3316 1204 omnia
3342 1163 3569 1218 corpora
3608 1163 3640 1204 e

2066 1238 2293 1290 monade
2320 1248 2736 1304 componuntur.
2766 1238 2987 1303 Adhaec,
3039 1249 3258 1308 propter
3283 1237 3642 1306 transmigra-

2068 1327 2267 1382 tionem
2301 1327 2624 1391 animarum,
2678 1342 2839 1398 quam
2893 1330 3061 1384 stulto
3106 1343 3237 1383 sane
3281 1327 3513 1382 consilio
3550 1342 3642 1381 ve-

2067 1432 2179 1470 ram
2240 1427 2451 1484 putant,
2493 1417 2558 1471 ab
2604 1419 2860 1475 animatis
2921 1420 3226 1484 abstinent;
3278 1418 3474 1473 deinde
3518 1418 3641 1487 quia

2069 1505 2340 1576 ingenium
2374 1517 2624 1576 gravant,
2659 1509 2729 1563 ob
2777 1509 3002 1565 nimium
3048 1510 3439 1566 nutrimentum
3485 1516 3539 1564 et
3565 1507 3647 1561 di-

380 1598 558 1670 ἀληθῆ
614 1600 1115 1672 ὑπολαμϐάνοντες,
1173 1604 1266 1656 καὶ
1321 1604 1405 1656 ὅτι
1456 1602 1526 1654 τά
1570 1601 1795 1656 τοιαῦτα
1855 1601 1965 1654 τῶν

2078 1598 2393 1666 gestionem.
2451 1597 2594 1664 Quin
2625 1610 2678 1654 et
2726 1599 2878 1655 fabas
2910 1616 3018 1656 non
3055 1602 3251 1666 edunt,
3284 1599 3510 1654 nimium
3555 1612 3646 1653 se-

384 1665 696 1763 βρωμάτων
732 1665 966 1764 παχύνει
998 1665 1110 1748 τὸν.
1130 1694 1275 1759 νοῦν,
1307 1691 1694 1764 τροφιμώτερα
1717 1691 1846 1746 ὄντα
1870 1691 1965 1744 καὶ

2078 1689 2308 1743 cundum
2353 1705 2450 1744 eos
2490 1690 2754 1744 iullationi
2800 1691 3090 1756 obnoxias,
3135 1704 3189 1747 et
3219 1691 3382 1746 nimis
3413 1691 3644 1752 alentes,

384 1783 586 1856 πολλὴν
610 1785 862 1840 ἀνάδοσιν
891 1785 1172 1841 ποιοῦντα.
1196 1786 1294 1840 Διά
1318 1783 1480 1838 τοῦτο
1509 1782 1718 1836 καὶτοῦ
1751 1782 1964 1852 κυάμου

385 1876 679 1946 ἀπείχοντο
699 1918 714 1942 ,
745 1878 826 1932 ὅτι
863 1877 1115 1950 φυσώδης
1140 1877 1237 1931 καὶ
1261 1876 1694 1948 τροφιμώτατος.
1731 1874 1842 1928 Καὶ
1871 1873 1967 1927 ἀλ-

383 1964 484 2030 λας
517 1965 576 2018 δέ
601 1983 756 2028 τινας
787 1966 971 2030 αίτίας
1005 1967 1227 2030 πλείους
1257 1965 1630 2027 ἀποδιδόασιν,
1675 1965 1731 2016 αἳ
1769 1962 1967 2021 αὐτοὺς

386 2057 581 2126 ἐνῆγον
608 2058 909 2129 ἀπέχεσθαι
938 2059 1049 2113 τῶν
1074 2063 1322 2130 κυάμων.
1358 2059 1482 2112 Ὀτι
1512 2057 1604 2111 τὸν
1634 2055 1966 2127 Πυθαγόραν

388 2147 559 2203 πολλά
604 2167 737 2218 φασι
755 2151 802 2182 '°
849 2155 1154 2223 προειπεῖν,
1192 2153 1288 2205 καὶ
1331 2151 1511 2206 πάντα
1562 2149 1813 2220 ἐκϐῆναι.
1847 2148 1971 2202 Ὀτι

389 2239 489 2311 τὴν
538 2242 636 2312 μὲν
685 2243 1028 2314 θεωρητικὴν
1084 2245 1179 2298 καὶ
1222 2244 1461 2314 φυσικὴν
1513 2241 1782 2296 Πλάτωνά
1835 2257 1970 2310 φασι

390 2333 540 2400 παρά
572 2333 682 2388 τῶν
714 2337 772 2388 ἐν
814 2334 1016 2408 Ἰταλίᾳ
1039 2335 1428 2407 Πυθαγορείων
1461 2332 1750 2404 ἐκμαθεῖν,
1779 2333 1881 2404 τὴν
1911 2331 1970 2385 δὲ

2073 1779 2303 1846 aliisque
2365 1781 2432 1834 de
2483 1782 2682 1845 causis,
2751 1797 2872 1852 quae
2925 1781 3175 1837 fabarum
3245 1795 3395 1836 esum
3465 1779 3650 1849 prohi-

2075 1872 2238 1923 beant
2267 1869 2398 1940 (10).
2433 1870 2672 1925 Plurima
2716 1871 3056 1942 Pythagoras
3097 1871 3415 1942 praedixisse
3456 1868 3649 1930 fertur.

2076 1972 2129 2018 et
2174 1965 2354 2018 omnia
2412 1965 2701 2021 accidisse.
2764 1965 3044 2022 Platonem
3105 1981 3133 2020 a
3189 1963 3546 2036 Pythagoreis
3597 1963 3650 2016 in

2077 2053 2225 2107 italia
2256 2056 2652 2124 speculativam
2685 2066 2738 2126 et
2761 2058 3042 2127 physicam
3071 2059 3243 2122 aiunt,
3277 2064 3332 2111 et
3362 2070 3392 2110 a
3430 2054 3657 2110 Socrate

2076 2145 2308 2200 ethicam
2339 2147 2635 2214 didicisse;
2671 2148 2813 2218 apud
2853 2147 3129 2202 Zenonem
3161 2161 3312 2210 vero,
3347 2154 3404 2202 et
3430 2145 3656 2200 Parme-

2077 2236 2256 2290 nidem
2287 2237 2510 2297 Eleatas
2534 2239 2884 2294 fundamenta
2924 2237 3126 2308 logices
3149 2237 3371 2307 iecisse,
3419 2236 3513 2306 qui
3541 2249 3657 2292 om-

2077 2342 2172 2382 nes
2203 2343 2234 2383 e
2263 2328 2580 2401 Pythagorae
2604 2331 2787 2387 schola
2815 2329 3045 2402 profecti
3075 2337 3226 2385 sunt.

391 2426 585 2496 ἠθικὴν
630 2429 864 2499 μάλιστα
911 2431 1064 2502 παρά
1112 2430 1458 2501 Σωκράτους.
1488 2429 1601 2502 Τῆς
1631 2428 1689 2480 δὲ
1738 2425 1966 2494 λογικῆς
2006 2422 2300 2493 σπέρματα
2346 2424 2678 2480 καταϐαλεῖν
2727 2424 2876 2495 αὐτῷ
2931 2424 3155 2494 Ζήνωνα
3222 2421 3316 2476 καὶ
3380 2419 3659 2491 Παρμενί-

392 2517 490 2588 δην
507 2520 549 2551 ⁷¹
579 2521 706 2583 τοὺς
748 2522 1033 2586 Ἑλεάτας·
1069 2522 1165 2576 καὶ
1205 2517 1350 2577 οὗτοι
1374 2523 1431 2576 δὲ
1455 2523 1555 2592 τῆς
1598 2516 1970 2589 Πυθαγορείου
2006 2510 2150 2586 ἦσαν
2175 2514 2480 2586 διατριϐῆς.

469 2609 593 2662 Ὅτι
638 2613 671 2678 ὴ
717 2609 863 2680 ὄψις,
913 2609 1058 2665 κατά
1101 2610 1430 2681 Πυθαγόραν
1458 2611 1554 2663 καὶ
1590 2609 1854 2663 Πλάτωνα
1884 2605 1978 2660 καὶ⁸

409 2699 811 2771 Ἀριστοτέλην,
841 2700 950 2754 τῶν
977 2699 1191 2755 δώδεκα
1224 2700 1532 2772 χρωμάτων
1580 2701 1698 2752 ἐστὶ
1733 2696 1973 2769 κριτική,

396 2790 590 2844 λευκοῦ
621 2793 718 2846 καὶ
745 2792 976 2862 μέλανος
1001 2795 1097 2847 καὶ
1129 2793 1240 2846 τῶν
1281 2792 1510 2864 μεταξὺ,
1539 2789 1757 2857 ξανθοῦ,
1791 2789 1975 2860 φαιοῦ,

394 2879 601 2951 ὠχροῦ,
620 2880 878 2951 ἐρυθροῦ,
908 2883 1134 2945 κυανοῦ,
1167 2880 1458 2953 ἁλουργοῦ,
1483 2880 1760 2952 λαμπροῦ,
1787 2879 1978 2951 ὀρφνί-

2158 2603 2324 2660 Juxta
2355 2605 2700 2679 Pythagorae,
2744 2608 3009 2673 Platonis,
3042 2617 3096 2664 et
3119 2607 3424 2664 Aristotelis
3450 2608 3663 2679 opinio-

2087 2711 2230 2762 nem,
2279 2699 2561 2755 duodecim
2614 2701 2886 2758 coluribus
2919 2702 3115 2774 439!)
3176 2701 3364 2757 oculus
3428 2701 3661 2771 judicat,

2087 2787 2153 2841 de
2187 2787 2334 2853 albo,
2375 2797 2428 2842 et
2469 2789 2646 2861 nigro,
2683 2800 2739 2845 et
2767 2791 2834 2846 de
2870 2793 3085 2846 caeteris
3125 2790 3454 2857 interjectis,
3495 2787 3661 2852 ﬂavo,

2086 2878 2260 2946 fusco,
2312 2881 2533 2950 pallido,
2572 2883 2758 2950 rubro,
2813 2883 3067 2952 caeruleo,
3117 2896 3420 2954 purpureo,
3474 2881 3662 2944 rutilo,

397 2974 573 3029 von".
614 2974 681 3027 'H
717 2973 777 3026 δὲ
807 2974 947 3045 ἀκοὴ
999 2978 1220 3046 κριτική
1258 2975 1408 3028 ἐστιν
1439 2972 1588 3039 ὀξέος
1640 2973 1734 3026 καὶ
1784 2970 1973 3042 βαρέος

2085 2983 2138 3028 et
2171 2975 2333 3031 luteo.
2376 2977 2454 3033 De
2505 2989 2662 3032 acuta
2694 2988 2749 3034 et
2781 2979 2932 3049 gravi
2960 2992 3096 3033 voce
3130 2976 3394 3049 judicium
3432 2975 3539 3030 fert
3571 2990 3666 3029 au-

396 3065 660 3135 φθόγγου.
694 3065 760 3119 'H
793 3064 850 3118 δὲ
879 3065 1146 3137 ὄσφρησις
1177 3067 1398 3156 κριέτικὴ
1451 3066 1668 3122 εὐωδῶν
1712 3066 1806 3120 καὶ
1851 3065 1979 3118 δυσ-

398 3158 550 3213 ωδῶν
573 3159 761 3229 ὀσμῶν
788 3158 1016 3213 καὶτῶν
1049 3160 1254 3230 μεταξὺ
1287 3161 1352 3213 ὲκ
1369 3161 1417 3192 ⁷³
1447 3160 1775 3231 σηπομένων
1804 3175 1864 3212 τε
1886 3160 1983 3211 καὶ

404 3248 822 3321 βρεχομένων,ἣ
859 3249 1181 3320 τηκομένων
1214 3250 1248 3320 ἢ
1285 3248 1707 3320 θυμιαζομένων
1723 3247 1788 3302 ⁷⁸.
1837 3249 1902 3300 Ἠ
1927 3248 1984 3300 δὲ

400 3341 588 3409 γεῦσις
621 3344 841 3414 κριτική
868 3343 1044 3396 sem"
1069 3342 1316 3410 γλυκέων
1339 3360 1400 3396 τε
1431 3343 1527 3397 καὶ
1554 3341 1770 3412 πικρῶν
1793 3340 1984 3412 χυμῶν

401 3431 497 3485 καὶ
533 3433 640 3486 τῶν
677 3432 882 3503 μεταξὺ
926 3434 1121 3488 πέντε*
1155 3433 1296 3488 ὲπτά
1348 3435 1456 3505 γάρ
1510 3434 1651 3488 εἰσιν
1704 3433 1756 3486 oi
1821 3431 1986 3503 χυμοὶ

400 3523 624 3590 πάντες,
674 3524 903 3592 γλυκὺς,
950 3525 1169 3596 πικρὸς,
1220 3525 1367 3591 ὀξὺς,
1424 3525 1645 3597 δριμὺς,
1689 3523 1984 3596 σομφὸςπ.

400 3613 620 3679 ἀλυκδς,
647 3617 938 3687 στρυφνός.
973 3617 1041 3671 Ἦ
1070 3616 1128 3670 δὲ
1162 3617 1276 3688 ἁφὴ
1303 3617 1566 3670 πλειόνων
1597 3617 1714 3670 ἐστὶ
1737 3615 1982 3688 κριτικὴ,

399 3701 513 3760 οἷον
553 3705 767 3778 βαρέων
797 3709 892 3762 καὶ
907 3707 952 3742 ⁷⁷
980 3707 1202 3778 κούφων
1247 3707 1474 3762 καὶτῶν
1508 3706 1735 3778 μεταξὺ,
1766 3707 1986 3778 θερμῶν

401 3814 460 3852 τε
489 3799 586 3852 καὶ
612 3797 841 3870 ψυχρῶν
871 3800 966 3853 καὶ
998 3801 1108 3854 τῶν
1133 3799 1362 3871 μεταξὺ,
1382 3799 1632 3870 τραχέων
1647 3799 1692 3831 ⁷⁸
1707 3801 1802 3853 καὶ
1826 3799 1986 3853 λείων

405 3890 501 3942 καὶ
530 3888 641 3943 τῶν
676 3889 881 3959 μεταξὺ
900 3889 967 3955 ⁷⁸,
1001 3890 1183 3962 ξηρῶν
1209 3892 1306 3945 καὶ
1337 3891 1522 3962 ὑγρῶν
1550 3892 1646 3946 καὶ
1675 3892 1786 3945 τῶν
1819 3909 1986 3962 μετα-

407 3979 491 4042 ξύ.
526 3979 638 4033 Kal.
670 3981 725 4033 αἱ
764 3979 862 4050 μὲν
893 3978 941 4032 δ’
971 3981 1258 4050 αἰσθήσεις
1289 3979 1345 4032 έν
1375 3981 1496 4034 τε⁸⁰
1527 3982 1594 4052 τῇ
1626 3980 1838 4050 κεφαλῇ
1883 3983 1988 4033 εἰσι

404 4071 502 4126 καὶ
551 4068 816 4136 ίδιάζουσι
863 4072 1329 4142 περικλείονταιθι
1373 4072 1662 4142 ὀργάνοις·
1706 4073 1742 4141 ὴ
1784 4070 1841 4124 δὲ
1877 4070 1988 4142 ἁφὴ

409 4163 500 4216 καὶ
529 4163 619 4218 διά
648 4163 750 4233 τῆς
776 4165 1026 4236 κεφαλῆς
1056 4166 1153 4220 καὶ
1180 4165 1249 4218 δι’
1273 4165 1398 4218 ὅλου
1417 4164 1463 4198 ⁸³
1491 4163 1588 4218 τοῦ
1614 4163 1866 4234 σώματος
1901 4180 1991 4217 κε-

408 4252 649 4324 χώρηκε,
697 4253 792 4307 καὶ
818 4253 934 4307 ἐστι
979 4254 1134 4326 κοινὴ
1179 4255 1363 4326 πάσης
1401 4253 1732 4325 αἰσθήσεως,
1787 4253 1988 4324 μᾶλλον

2086 3068 2181 3124 ris.
2218 3067 2490 3126 Odoratus
2516 3071 2690 3128 bonos
2724 3082 2778 3128 et
2803 3072 2973 3127 malos
2993 3071 3161 3128 sentit
3191 3071 3413 3136 odores,
3450 3077 3504 3125 et
3531 3069 3667 3122 alios

2084 3160 2350 3230 putridos,
2411 3163 2689 3227 humidos,
2757 3164 3009 3234 liquidos,
3090 3169 3406 3234 vaporatos.
3473 3159 3666 3216 Gustui

2087 3249 2263 3305 dulcia
2312 3254 2532 3322 sapiunt
2583 3263 2639 3310 et
2678 3269 2892 3319 amara,
2943 3263 2998 3309 et
3042 3253 3149 3308 alia
3195 3253 3436 3324 quinque
3463 3251 3664 3308 media.

2086 3338 2143 3394 In
2175 3341 2490 3397 universum
2539 3352 2718 3399 autem
2761 3355 2964 3415 septem
3021 3351 3146 3398 sunt
3177 3355 3419 3413 sapores,
3470 3339 3668 3407 dulcis,

2088 3444 2326 3497 amarus,
2386 3445 2569 3501 asper,
2631 3433 2842 3498 acidus,
2899 3432 3080 3486 mollis
3134 3431 3332 3497 salsus,
3392 3437 3672 3484 austeras.

2088 3522 2458 3580 Plurimorum
2501 3539 2701 3580 censor
2728 3534 2813 3581 est
2845 3533 3043 3581 tactus.
3087 3523 3285 3595 Tangit
3309 3522 3453 3578 enim
3484 3520 3672 3592 gravia

2088 3627 2144 3671 et
2165 3604 2330 3683 levia,
2366 3624 2421 3671 et
2447 3633 2569 3687 quae
2601 3621 2744 3672 inter
2782 3619 2895 3672 haec
2926 3627 3094 3682 sunt;
3127 3615 3299 3671 calida
3335 3615 3466 3669 item
3493 3621 3548 3668 et
3575 3611 3673 3666 fri-

2088 3709 2233 3778 gida,
2259 3717 2313 3764 et
2347 3723 2469 3778 quae
2493 3707 2855 3777 interiacent;
2903 3709 3037 3764 dura
3070 3717 3126 3764 et
3156 3706 3358 3769 mollia.
3397 3712 3452 3760 et
3478 3703 3675 3758 horum

2090 3800 2301 3868 media;
2343 3801 2508 3866 sicca,
2559 3810 2616 3857 et
2653 3801 2899 3867 humida,
2941 3810 2998 3855 et
3035 3814 3156 3870 quae
3187 3799 3480 3854 intersunt.
3527 3795 3677 3850 Reli-

2090 3895 2181 3963 qui
2233 3893 2452 3963 quidem
2499 3902 2736 3962 quatuor
2779 3905 2971 3946 sensus
3017 3892 3068 3946 in
3100 3889 3235 3945 solo
3263 3888 3444 3958 capite
3479 3886 3676 3942 statio-

2091 4003 2212 4042 nem
2247 3986 2468 4050 habent,
2512 3993 2567 4040 et
2611 3983 2831 4053 propria
2889 3991 3161 4052 occupant
3189 3995 3418 4054 organa.
3444 3977 3553 4035 Sed
3580 3992 3678 4047 per

2092 4087 2275 4147 caput,
2328 4085 2382 4132 et
2431 4085 2602 4130 totum
2656 4090 2861 4145 corpus
2923 4073 3134 4130 habitat
3189 4081 3390 4139 tactus,
3445 4069 3676 4139 aliisque

2093 4170 2348 4226 sensibus
2376 4167 2686 4223 communis
2711 4175 2794 4222 est
2824 4183 2838 4219 :
2888 4167 2944 4220 in
2971 4165 3219 4221 manibus
3243 4171 3421 4219 autem
3447 4173 3675 4231 praeser-

2095 4268 2191 4322 tim
2234 4264 2315 4317 vis
2347 4261 2492 4314 illius
2521 4259 2743 4313 emicat.

405 4345 462 4400 δὲ
511 4346 654 4400 κατά
714 4347 813 4408 τάς
867 4349 1056 4417 χεῖρας
1108 4347 1403 4420 δηλοτέραν
1419 4347 1465 4380 ⁸⁸
1522 4347 1822 4418 παρέχεται
1889 4346 1988 4416 τὴν
2023 4375 2066 4430 D

410 4436 612 4491 κρίσιν.

487 4452 612 4491 ισιν.

448 4452 604 4580 ρὍτι
641 4526 849 4582 δώδεκα
882 4527 1062 4596 τάξεις
1104 4530 1268 4601 φησὶν
1311 4526 1450 4585 εἶναι
1484 4533 1541 4584 ὲν
1572 4530 1649 4601 τῷ
1694 4528 1968 4602 οὐρανῷεδ

2166 4531 2438 4584 Asserunt
2479 4527 2704 4595 insuper
2742 4520 3024 4578 duodecim
3068 4521 3232 4576 orbes
3264 4521 3318 4575 in
3368 4518 3506 4575 ctelo
3537 4531 3677 4580 esse,

410 4617 637 4691 πρώτην
679 4623 774 4676 καὶ
819 4623 1140 4688 ὲξωτάτω⁸⁸
1168 4625 1266 4695 τὴν
1301 4625 1516 4696 ἀπλανῆ
1559 4626 1817 4695 σφαῖραν,
1869 4624 1926 4676 ὲν

2093 4630 2148 4678 et
2179 4621 2417 4691 primum
2454 4617 2670 4686 quidem
2699 4627 2755 4670 et
2788 4614 3215 4671 remmissimum
3245 4611 3672 4670 ﬁrmamentum,

409 4713 560 4766 ἐστιν
588 4713 617 4766 ὅ
641 4730 702 4767 τε
731 4714 949 4785 πρῶτος
979 4715 1113 4780 Θεὸς
1140 4716 1236 4771 καὶ
1261 4717 1310 4770 οἱ
1343 4717 1524 4787 νοητοὶ
1555 4717 1690 4781 θεοὶ,
1718 4717 1795 4780 ὡς
1833 4715 1973 4786 Ἀρι-

2093 4713 2183 4768 ubi
2222 4721 2276 4767 et
2312 4724 2558 4765 summus
2602 4708 2762 4770 Deus,
2795 4705 3087 4775 exterique
3135 4701 3492 4772 intelligentia
3540 4713 3683 4769 prte-

412 4805 650 4859 στοτέλει
678 4805 846 4870 δοκεῖ,
883 4807 1024 4861 κατά
1053 4808 1111 4861 δὲ
1143 4809 1401 4862 Πλάτωνα
1444 4809 1498 4860 al
1534 4807 1668 4863 ἰδέαι
1692 4824 1704 4837 ·
1743 4807 1883 4878 μετὰ
1927 4804 1973 4858 δὲ

2093 4805 2191 4860 diti
2232 4804 2328 4870 dii,
2365 4813 2428 4857 ut
2469 4809 2625 4856 vocat
2665 4797 3006 4864 Aristoteles,
3041 4805 3134 4851 aut
3161 4794 3460 4850 secundum
3486 4791 3674 4847 Plato-

1661 4957 1892 5014 VARIIE
1943 4955 2352 5012 LECTIONES.

481 5067 688 5143 ⁸⁸-ῶστε
723 5069 891 5143 μονάς
919 5083 1038 5143 om.
1072 5071 1134 5143 Β.
1177 5071 1254 5143 *⁷ο
1282 5086 1417 5143 φησι
1448 5070 1515 5126 Α.
1563 5071 2067 5143 -ντίγπαραμενείδην
2097 5070 2161 5125 Α.
2193 5142 2199 5143 ί
2241 5071 2284 5101 ⁷³
2314 5067 2537 5143 ὀρφνίου
2597 5065 2797 5143 Suidas
2823 5081 2874 5143 _v.
2919 5065 3100 5143 Ὄφις.
3205 5065 3252 5143 ⁷⁵⁸
3278 5064 3351 5143 ἐκ
3378 5063 3420 5115 Β
3442 5071 3494 5143 et
3527 5075 3680 5117 corr.

407 5141 489 5215 A_:
519 5138 578 5215 Eg
601 5156 663 5215 ς.
693 5131 803 5194 οἰη.
826 5131 1055 5215 §uidas.
1098 5141 1146 5172 7"
1172 5131 1532 5215 θυμιωμένων
1557 5131 1779 5215 διιὶιιειέζ
1819 5131 1838 5215 '_
1860 5142 1903 5215 '_"
1922 5131 2039 5194 ἐστὶ
2061 5151 2126 5215 _et
2154 5142 2204 5194 οἱ
2237 5151 2298 5215 et
2323 5131 2525 5215 πάντες
2557 5152 2667 5215 om_.
2704 5134 2918 5215 Suidas.
2956 5205 2967 5215 _
2998 5131 3043 5166 π
3068 5131 3298 5215 σομφὺς]
3327 5134 3532 5215 σευφὺς
3555 5149 3690 5215 σομ-

409 5209 510 5286 φὸς
535 5201 748 5286 Suidas.
825 5209 995 5286 71-3w).
1022 5220 1147 5286 ante
1176 5201 1393 5278 κούφων
1435 5212 1636 5286 sumpsi
1675 5225 1705 5265 a
1725 5211 1959 5286 ‘Suida.,
1985 5211 2214 5286 quinm.
2243 5204 2445 5286 oigvet
2477 5205 2696 5286 θερμῶν
2728 5223 2788 5258 τε
2814 5201 3164 5286 καὶηψυχρῶν
3187 5201 3297 5286 καῖ
3316 5203 3426 5256 τῶν
3443 5201 3683 5286 pango:

411 5272 456 5310 ’⁷⁸
475 5278 726 5350 τραχέων
753 5281 849 5334 καὶ
874 5280 925 5334 λ.
949 5279 1044 5333 xal.
1073 5281 1180 5333 τῶν
1209 5299 1268 5350 μ.
1291 5272 1414 5334 ὀηλ
1442 5281 1506 5335 Α.
1559 5272 1626 5313 ’⁷³
1653 5281 1749 5334 καὶ
1782 5280 1890 5333 τῶν
1918 5272 2119 5350 μεταξὺ
2142 5296 2250 5334 om.
2286 5279 2506 5350 Suidas.
2541 5272 2552 5279 ’
2581 5272 2630 5309 ⁸ο
2663 5293 2722 5328 τε
2745 5291 2860 5350 om.
2906 5272 3122 5350 Sttidas.
3204 5273 3268 5350 3‘_
3283 5272 3530 5346 περικλ.]
3573 5273 3688 5350 ,καὶ

298 5378 300 5380 τ
409 5337 632 5421 περικλ.
659 5416 672 5421 _
693 5346 911 5406 Suidas.
957 5350 1032 5421 ﬂ"
1065 5352 1188 5404 ὅλου
1209 5337 1346 5404 ὀιιι.
1400 5350 1618 5406 Suidas.
1695 5351 1740 5383 ⁸³
1773 5337 2140 5421 δηλοὲἐρανἈ
2168 5370 2180 5404 :
2207 5348 2599 5418 ὲπιδηλοτέραν
2627 5365 2686 5412 ς.
2764 5345 2808 5376 ³⁸
2846 5347 2904 5398 ὲν
2937 5343 3014 5416 τῷ
3063 5344 3278 5416 οὐρανῷ
3335 5337 3688 5413 ιρησινέἶνα.

418 5416 515 5474 καὶ
562 5416 788 5490 πρώτην
818 5437 880 5483 ς.
949 5420 995 5453 ⁸⁸
1031 5421 1310 5492 ὲξωτάτην
1333 5438 1401 5486 ς’.

1932 5513 2161 5569 NOTAE.

488 5632 600 5706 (10)
625 5634 708 5692 Ab
732 5635 990 5693 animatis
1013 5646 1066 5694 et
1098 5636 1234 5694 {abis
1257 5651 1352 5694 cur
1374 5635 1702 5702 abstineant,
1733 5633 1860 5690 vide
1884 5631 2240 5701 Porphyrium
2283 5638 2336 5688 et
2363 5628 2631 5700 Agellium
2660 5628 2755 5684 lib.
2790 5643 2862 5694 tv,
2895 5641 3012 5697 cap.
3044 5625 3126 5680 ll.
