4012 6236
405 246 541 312 1553

1550 247 1811 307 PHOTII
1853 248 2354 314 ΡΑΤΒΙΑΒΟΗίΕ
2394 255 2502 314 CP.

3513 252 3650 320 1584

402 379 552 426 nem,
604 361 758 419 ideae.
814 359 1016 416 Deinde
1081 369 1288 430 septem
1357 361 1586 431 planetae
1643 374 1968 433 sequuntur,

2074 363 2169 434 τὴν
2215 366 2427 438 ἀπλανῆ
2477 368 2507 420 6
2551 368 2644 422 τοῦ
2680 368 2888 439 Κρόνου
2935 367 3196 422 τέτακται
3241 366 3417 439 ἀστὴρ
3449 368 3545 421 καὶ
3593 367 3644 422 ot

405 455 648 522 Saturni,
702 453 877 518 lovis,
914 453 1097 509 Martis
1143 451 1394 509 Veneris.
1440 453 1713 522 Mercurii,
1762 457 1893 512 solis
1920 467 1976 514 et

403 551 576 614 quat;
611 557 730 618 post
760 548 1001 615 planetas
1029 547 1186 617 ignis,
1219 561 1342 601 mox
1383 561 1498 611 aer,
1535 563 1696 616 quem
1726 551 1973 618 sequitur

405 657 568 711 aqua,
603 639 854 694 omnibus
888 637 1076 693 ultima
1120 639 1308 694 subest
1338 639 1517 694 tellus.
1554 641 1846 697 Duodecim
1881 657 1972 698 or-

403 733 550 788 bium
603 732 1000 786 ﬁrmamentum
1045 745 1208 786 causa
1252 739 1338 785 est
1378 732 1547 801 prima
1587 751 1600 787 :
1662 743 1714 787 et
1769 744 1976 802 quanto

401 824 654 894 quodque
720 823 793 877 illi
859 823 1109 886 vicinius,
1186 831 1335 876 tanto
1395 823 1562 877 etiatn
1615 823 1827 881 ﬁrmius
1921 833 1979 880 et

403 916 599 971 melius
639 929 758 969 esse
808 915 1067 969 aiunt-et
1125 929 1246 982 quae
1305 913 1512 985 longius
1575 913 1804 980 absunt,
1867 931 1975 971 non

405 1008 478 1062 ita
511 1006 663 1060 ﬁrma
704 1015 867 1072 sunt;
923 1015 977 1060 et
1024 1021 1194 1075 usque
1251 1006 1316 1060 ad
1348 1005 1528 1060 lunam
1562 1007 1650 1062 hic
1701 1008 1832 1061 ordo
1862 1022 1978 1062 ser-

402 1109 596 1164 vatur,
654 1099 798 1154 infra
865 1098 1048 1152 lunam
1134 1097 1377 1155 minime.
1429 1097 1765 1154 Necessaria
1848 1113 1978 1153 vero

401 1191 582 1246 omnia
616 1190 754 1244 mala
796 1202 937 1246 terra
986 1191 1246 1254 sustinet,
1302 1190 1740 1260 quandoquidem
1801 1190 1978 1245 instar

401 1278 550 1334 fundi
604 1291 775 1334 totum
822 1280 1079 1333 mundum
1102 1279 1339 1334 sustinet
1372 1289 1426 1332 et
1459 1279 1856 1346 receptaculum
1883 1295 1977 1334 ne-

400 1369 698 1425 cessarium
723 1379 807 1424 est
835 1384 1020 1423 eorum
1046 1385 1166 1440 quae
1193 1371 1243 1423 in
1282 1370 1389 1423 itno
1414 1369 1740 1424 subsistunt.
1784 1370 1850 1424 Et
1880 1371 1977 1425 has

411 1477 602 1517 omnes
645 1471 827 1531 partes
877 1461 1246 1531 providentia,
1302 1462 1568 1529 ﬁrmaque
1614 1461 1976 1528 ordinatione,

405 1567 463 1612 et
501 1554 680 1609 divina
714 1553 942 1623 quadam
997 1553 1322 1608 necessitate
1377 1554 1486 1607 Deo
1544 1555 1780 1622 propria,
1829 1555 1981 1609 aiunt

397 1646 711 1717 gubernari.
749 1645 853 1700 Sed
883 1660 1003 1715 quae
1051 1644 1186 1698 intra
1243 1644 1420 1697 lunam
1467 1653 1699 1713 quatuor
1747 1649 1974 1702 causis:

397 1738 527 1802 Deo,
565 1737 696 1802 l'ato,
721 1746 906 1792 nostro
938 1737 1184 1803 consilio,
1225 1745 1276 1790 et
1324 1737 1555 1790 fortuna.
1587 1735 1746 1792 Verbi
1777 1739 1971 1807 gratia,

393 1847 586 1886 navem
644 1831 813 1900 ipsam
857 1829 1243 1894 conscendere,
1279 1838 1334 1884 et
1387 1844 1513 1892 non,
1551 1830 1602 1883 in
1665 1841 1844 1882 nostra
1891 1841 1976 1886 est

395 1929 694 1992 potestate;
733 1929 972 1988 tempore
999 1934 1190 1974 sereno
1227 1921 1488 1988 procellas
1514 1929 1568 1974 et
1591 1919 1788 1992 44.οη
1841 1931 1976 1976 tetu-

397 2022 662 2084 pestatem
701 2013 882 2068 subito
909 2011 1062 2077 oriri,
1110 2009 1340 2066 fortuna:
1364 2020 1478 2078 est;
1512 2028 1699 2066 navem
1740 2027 1971 2068 mersam

396 2112 595 2177 prater
652 2119 802 2175 spem
857 2104 1199 2169 conservari,
1253 2104 1436 2159 divina
1494 2103 1554 2157 ﬁt
1606 2103 1969 2160 Providentia.

397 2196 579 2257 multis
601 2205 781 2252 autem
831 2203 885 2252 et
913 2196 1144 2252 diversis
1166 2197 1338 2251 modis
1365 2195 1565 2251 accidit
1596 2195 1790 2263 fatum,
1819 2206 1873 2250 et
1894 2197 1973 2251 sic

393 2285 575 2343 diﬁ‘ert
605 2300 634 2340 a
669 2283 886 2341 fortuna
916 2304 930 2340 :
964 2287 1220 2356 quoniam
1251 2286 1394 2343 serie
1433 2285 1665 2358 quadam
1699 2289 1970 2354 ordinate,

393 2390 449 2431 et
501 2386 896 2446 consequenter
953 2376 1031 2444 ﬁt,
1075 2393 1198 2434 cum
1253 2377 1466 2435 fortuna
1523 2388 1714 2450 suapte
1767 2378 1876 2446 ﬁat,
1917 2389 1973 2436 et

392 2480 553 2542 prout
574 2470 869 2540 contingat.
904 2466 975 2524 Ut
1009 2484 1039 2524 e
1068 2483 1234 2539 puero
1267 2469 1640 2538 iuvenescere,
1674 2478 1728 2523 et
1750 2470 1816 2523 ad
1847 2470 1970 2524 reli-

392 2578 525 2630 quas
579 2576 750 2631 usque
797 2570 984 2616 aetates
1033 2560 1314 2616 commode
1359 2561 1676 2625 ascendere,
1720 2577 1827 2616 uno
1874 2560 1968 2617 fati

393 2657 552 2712 modo
573 2655 790 2710 accidit.
822 2653 1112 2718 Zodiacus,
1142 2663 1200 2707 ut
1221 2653 1418 2722 placuit
1440 2652 1715 2708 Aristoteli
1741 2653 1970 2722 diligen-

396 2761 477 2804 ter
514 2745 881 2816 investigauti,
927 2755 1144 2814 propter
1187 2745 1586 2815 generationem
1621 2760 1806 2800 eorum
1848 2761 1968 2816 qua:

393 2841 445 2895 in
511 2851 652 2894 terra
711 2840 779 2894 ad
839 2837 1078 2893 universi
1131 2837 1584 2906 complementum
1649 2839 1966 2908 gignuntur,

390 2931 608 3000 oblique
635 2939 901 2985 movetur.
923 2926 1058 2983 Nam
1086 2929 1276 2999 aequali
1301 2930 1344 2984 si
1369 2929 1618 2985 distantia
1645 2940 1967 2999 verteretur,

2076 454 2275 526 ἐφεξῆς
2294 457 2566 528 πλάνητες
2581 457 2626 492 ⁸⁸
2643 458 2722 526 ἓξ,
2741 461 2770 512 ό
2796 459 2890 514 τοῦ
2915 458 3037 523 Διός
3057 476 3220 531 φημι,
3250 460 3280 513 6
3305 457 3401 512 τοῦ
3431 459 3647 530 Ἀροος,

2075 548 2104 599 ό
2129 547 2228 617 τῆς
2267 549 2606 621 Ἀφροδίτης,
2639 552 2668 603 ό
2701 550 2796 604 τοῦ
2836 551 3060 622 Ἑρμοῦ,
3093 552 3124 605 6
3155 547 3250 604 τοῦ
3284 548 3466 621 ἡλίου,
3495 549 3525 602 6
3552 550 3652 620 τῆς

2080 637 2331 710 σελήνης,
2379 635 2499 694 εἶτα
2542 642 2576 712 ἡ
2603 641 2698 696 τοῦ
2730 641 2901 712 πυρὸς
2929 643 3134 713 σφαῖρα
3156 682 3172 709 ,
3208 641 3336 712 ἑξῆς
3363 641 3398 712 ἡ
3426 639 3522 694 τοῦ
3552 640 3650 695 ἀέ-

2080 746 2192 799 ρος,
2223 733 2340 801 μετ’
2368 732 2532 788 αὑτὸν
2555 735 2587 804 ὴ
2613 732 2708 787 τοῦ
2744 733 2955 797 ὓδατος.
2985 733 3163 802 Aemi)
3185 734 3281 788 xci.
3306 733 3401 786 επὶ
3426 734 3594 786 πᾶσιν
3613 734 3648 801 ἡ

2078 823 2171 890 γῆ.
2221 819 2443 878 Δώδεκα
2492 821 2549 878 δὲ
2594 822 2802 888 τάξεων
2849 824 3026 878 οὐσῶν
3077 825 3136 879 ὲν
3190 826 3258 895 τῇ
3316 823 3549 876 ἀπλανεῖ
3590 821 3653 875 τὺ

2077 913 2296 983 πρῶτον
2330 914 2502 968 αἴτιόν
2551 915 2702 968 ἐστι·
2748 914 2875 986 [714
2902 913 2997 987 Η.]
3044 914 3137 968 καὶ
3165 915 3194 968 ὅ
3219 931 3274 967 τι
3309 913 3374 968 ἂν
3485 912 3651 981 ἐγγὺς

2078 1004 2243 1058 αὐτοῦ
2268 1045 2284 1070 ,
2313 1005 2468 1058 τοῦτό
2485 1006 2529 1038 ⁸⁷
2563 1023 2695 1074 φασι
2725 1006 2979 1077 τετάχθαι
3011 1005 3245 1076 βεϐαίως
3272 1004 3366 1058 καὶ
3390 1003 3649 1074 ἀρίστως,

2078 1103 2146 1158 τὰ
2176 1102 2232 1156 δὲ
2267 1100 2550 1173 πόρρωθεν
2579 1095 2776 1171 ἦττονο
2823 1097 2922 1169 τὴν
2953 1097 3011 1150 δὲ
3041 1095 3195 1160 τάξιν
3227 1094 3389 1166 μέχρι
3420 1093 3652 1164 σελήνης

2081 1191 2375 1256 σώζεσθαι,
2427 1191 2499 1245 τὰ
2543 1190 2600 1244 δὲ
2649 1191 2755 1244 ὑπὸ
2802 1188 3032 1260 σελήνην
3074 1187 3258 1242 οὐκέτι
3303 1185 3524 1256 ὁμοίως.
3561 1183 3652 1249 Ἐξ

2079 1284 2324 1352 ἀνάγκης
2353 1282 2408 1336 δέ
2445 1283 2562 1336 ἐστι
2591 1282 2684 1335 καὶ
2712 1283 2745 1352 ἡ
2780 1281 2946 1335 κακία
2974 1281 3055 1343 εἰς
3072 1278 3166 1333 τδν
3196 1278 3328 1349 περὶ
3354 1277 3459 1345 γῆν
3486 1276 3653 1330 τόπον

2080 1377 2176 1430 ἆτε
2223 1375 2287 1446 δὴ
2340 1373 2611 1444 πυθμένος
2654 1373 2814 1440 λόγον
2861 1371 3166 1442 ἐπεχούσης
3226 1372 3325 1440 τῆς
3368 1368 3473 1438 γῆς
3517 1365 3653 1436 πρὸς

2081 1465 2258 1519 πάντα
2284 1465 2376 1517 τόν
2402 1463 2628 1531 κόσμον,
2671 1461 2767 1514 καὶ
2806 1461 2943 1530 πρὸς
2986 1459 3255 1531 ὑποδοχὴν
3300 1456 3651 1528 ύποστάθμης

2080 1554 2245 1625 οὔσης
2297 1554 2627 1624 ἐπιτηδείας.
2676 1553 2785 1606 Καὶ
2833 1552 3012 1606 πάντα
3073 1552 3173 1621 μὲν
3214 1550 3286 1604 τὰ
3322 1551 3456 1604 ἄλλα
3509 1547 3652 1620 μέρη

2081 1647 2221 1700 κατὰ
2247 1645 2344 1716 τὴν
2375 1646 2652 1716 πρόνοιαν,
2679 1646 2774 1700 καὶ
2801 1645 2900 1714 τὴν
2931 1643 3155 1714 βεϐαίαν
3180 1642 3356 1710 τάξιν,
3377 1641 3537 1713 [1317
3556 1639 3652 1710 Β.]

2004 1700 2052 1758 Β
2078 1739 2173 1794 καὶ
2211 1700 2312 1807 τὴν
2353 1700 2692 1810 εἱμαρμένην
2723 1737 2817 1790 τοῦ
2851 1700 2988 1791 θεοῦ
3023 1700 3302 1806 ἑπομένην
3339 1700 3491 1803 αύτῷ
3521 1700 3653 1801 φασί

2074 1831 2414 1894 διοικεῖσθαι,
2461 1831 2530 1884 τὰ
2573 1829 2630 1884 δὲ
2667 1831 2806 1900 μετὰ
2849 1830 2948 1900 τὴν
2980 1827 3270 1900 σελήνην⁸⁸
3301 1827 3591 1898 τέσσαρσιν
3605 1825 3652 1856 ⁸⁹

2075 1924 2302 1988 αἰτίαις,
2329 1922 2474 1977 κατὰ
2495 1922 2652 1986 Θεὸν,
2675 1923 2799 1976 καθ’
2830 1921 3192 1993 εἱμαρμένην,
3218 1919 3360 1974 κατὰ
3391 1917 3654 1989 προαίρε-

2077 2035 2162 2072 σιν
2220 2015 2520 2089 ἡμετέραν,
2579 2015 2722 2068 κατὰ
2767 2015 2972 2085 τύχην·
3009 2009 3120 2068 οἷον
3165 2012 3227 2065 τὸ
3259 2011 3359 2082 μὲν
3388 2007 3655 2063 εἰσελθεῖν

2075 2111 2154 2174 εἰς
2197 2107 2358 2179 τὴν⁶⁰
2405 2105 2537 2162 ναῦν
2591 2106 2624 2178 ἢ
2676 2104 2754 2176 μὴ
2800 2103 3062 2158 εἰσελθεῖν
3110 2104 3194 2172 ἐφ’
3219 2104 3353 2172 ἡμῖν
3396 2101 3537 2166 ἐστι,
3589 2097 3654 2150 τὸ

2076 2201 2258 2273 μέντοι
2298 2201 2357 2254 ὲν
2399 2199 2554 2270 εὐδίᾳ
2597 2196 2844 2269 χειμῶνα
2882 2196 2978 2251 καὶ
3009 2195 3200 2267 ζάλην,
3229 2194 3488 2264 ἐξαίφνης
3526 2193 3653 2246 ἑπι-

2073 2292 2382 2363 γενέσθαι⁹¹
2417 2291 2483 2345 ἐκ
2526 2290 2720 2360 τύχης,
2765 2289 2829 2343 τὸ
2861 2288 3049 2360 μέντοι
3103 2285 3509 2358 βαπτιζομένην
3550 2283 3654 2354 τὴν

2072 2383 2204 2438 ναῦν
2228 2383 2358 2456 παρ’
2386 2381 2575 2436 ἐλπίδα
2606 2379 2851 2452 σωθῆναι
2886 2379 3146 2450 προνοίας
3177 2377 3334 2432 Θεοῦ.
3367 2377 3479 2448 Τῆς
3503 2375 3549 2428 δ’
3573 2375 3655 2428 εἰ-

2077 2474 2363 2546 μαρμένης
2393 2473 2578 2527 πολλοί
2611 2474 2717 2526 εἰσι
2745 2471 2940 2543 τρόποι
2967 2471 3063 2526 καὶ
3093 2467 3374 2540 διαφοραὶ,
3399 2465 3651 2537 διαφέρει

2070 2566 2129 2620 δὲ
2173 2566 2274 2636 τῆς
2313 2547 2507 2636 τύχης,
2537 2565 2618 2618 ὃτι
2653 2566 2686 2634 ή
2719 2563 2818 2634 μὲν
2864 2563 3058 2634 εἱρμὸν
3097 2561 3211 2632 ἔχει
3241 2560 3337 2615 καὶ
3368 2559 3523 2626 τάξιν
3553 2558 3653 2613 καὶ

2075 2655 2437 2722 ἀκολουθίαν,
2492 2658 2526 2727 ὴ
2570 2655 2626 2710 δὲ
2673 2655 2812 2725 τύχη
2863 2654 2925 2708 τὸ
2969 2654 3278 2723 αὐτόματον
3326 2652 3420 2705 καὶ
3464 2650 3525 2704 τὸ
3572 2649 3654 2712 ὠς

2074 2752 2265 2822 ἔτυχεν
2287 2767 2300 2783 ο
2325 2747 2438 2804 οἷον
2461 2747 2522 2804 τὸ
2545 2748 2612 2803 ἐκ
2638 2747 2829 2807 παιδὸς
2849 2747 2895 2779 ⁹¹
2919 2747 2998 2810 εἰς
3035 2745 3323 2816 μειράκιον
3347 2741 3523 2796 ἐλθεῖν
3554 2741 3654 2796 καὶ

2070 2845 2170 2909 τὰς
2199 2842 2320 2897 καθ’
2347 2841 2474 2912 ἑξῆς
2505 2841 2723 2911 ἡλικίας
2750 2839 2964 2901 οἰκείως
2980 2840 3028 2872 ’³
3057 2837 3310 2902 διελθεῖν,
3339 2833 3498 2889 τοῦτο
3530 2833 3654 2896 ἐνὸς

2071 2939 2277 3010 τρόπου
2325 2935 2426 3005 τῆς
2465 2933 2831 3006 εἰμαρμένης.
2864 2931 2988 2985 Ὅτι
3021 2931 3050 2983 ό
3079 2928 3346 2996 ζωδιακὸς
3369 2927 3538 2994 λοξῶς
3564 2942 3656 2980 κι-

391 3039 558 3078 unum
593 3036 810 3092 semper
839 3023 964 3077 anui
996 3020 1248 3093 idemque
1272 3031 1480 3090 tempus
1500 3033 1664 3087 esset,
1697 3024 1778 3079 vel
1807 3035 1968 3079 aesta-

2074 3036 2286 3098 νεῖται,
2331 3030 2407 3094 ὦς
2459 3029 2701 3099 ζητήσας
2750 3027 2932 3097 εὑρεῖν
2988 3023 3166 3089 ἔδοξεν
3233 3022 3654 3094 Ἀριστοτέλης,

393 3117 482 3181 tis,
523 3115 609 3171 vel
656 3117 870 3182 hiemis,
922 3125 1017 3171 aut
1055 3115 1296 3186 cujusvis
1346 3117 1588 3172 alterius.
1648 3117 1800 3172 Nunc
1843 3132 1968 3172 vero

389 3207 647 3279 quoniam
664 3209 745 3264 sol
779 3207 978 3278 aliique
1008 3209 1235 3280 planetae
1260 3223 1290 3264 e
1313 3210 1470 3279 signo
1490 3211 1544 3264 in
1581 3208 1724 3264 aliud
1755 3211 1966 3280 signum

393 3305 763 3373 egrediuntur,
785 3311 1016 3374 quatuor
1052 3302 1106 3356 in
1129 3316 1271 3355 anno
1305 3309 1656 3371 tempestates
1687 3312 1835 3368 sunt,
1861 3319 1970 3373 quo

395 3393 455 3448 ﬁt
480 3403 538 3448 ut
555 3400 775 3464 propter
792 3392 931 3446 hanc
947 3391 998 3446 in
1022 3390 1125 3445 alia
1149 3391 1298 3460 signa
1320 3395 1669 3447 mutationem
1689 3403 1742 3446 et
1769 3393 1972 3450 fructus

395 3487 735 3557 proveniant,
779 3484 1003 3555 aliaeque
1031 3483 1342 3539 animalium
1380 3485 1754 3553 generationes
1782 3485 1969 3540 orian-

397 3589 508 3633 tur.
543 3577 634 3633 Sol
665 3577 905 3648 quidem,
943 3586 1000 3631 ut
1033 3577 1286 3646 privatim
1311 3577 1426 3646 ipse
1447 3584 1504 3632 et
1547 3591 1694 3641 vere,
1725 3586 1781 3632 ut
1822 3588 1970 3647 puto,

393 3670 586 3736 sensit,
615 3671 823 3725 centies
845 3668 1210 3740 magnitudine
1237 3678 1437 3724 terram
1469 3669 1701 3731 excedit,
1729 3671 1973 3736 quamvis

393 3762 482 3817 alii
529 3771 734 3816 tantum
776 3761 958 3816 tricies
992 3771 1262 3816 asseram.
1299 3759 1436 3814 Sunt
1467 3759 1558 3829 qui
1592 3775 1843 3830 magnum
1876 3776 1974 3815 an-

397 3871 524 3908 num
572 3853 790 3908 Saturni
832 3852 1095 3909 ambitum
1127 3866 1248 3906 esse
1296 3852 1525 3907 doceant
1569 3870 1583 3906 :
1619 3853 1742 3920 quia
1790 3852 1971 3906 caeteri

397 3955 493 3994 sex
522 3950 767 3993 errantes
791 3937 1022 3993 breviori
1056 3948 1298 4007 tempore
1334 3954 1554 3992 cursum
1601 3954 1756 3993 suum
1799 3940 1972 3993 conli-

396 4030 568 4086 ciant.
603 4027 873 4084 Saturnus
897 4030 1042 4084 enim
1069 4029 1284 4098 triginta
1314 4028 1494 4091 annis,
1526 4027 1742 4098 Jupiter
1774 4030 1878 4081 duo
1902 4033 1974 4084 ‘e-

396 4122 525 4187 cim,
573 4119 781 4177 duobus
815 4119 979 4186 Mars,
1025 4120 1105 4176 sol
1139 4135 1268 4183 uno,
1297 4128 1436 4174 utet
1466 4119 1763 4175 Mercurius
1786 4131 1838 4175 et
1865 4117 1974 4178 Ve-

396 4229 516 4280 nus,
547 4212 810 4269 circulum
836 4211 1090 4268 absolvit.
1132 4209 1202 4266 At
1251 4215 1376 4268 luna
1407 4213 1534 4282 quia
1567 4213 1751 4268 inﬁma
1788 4227 1891 4278 est,
1921 4225 1976 4271 et

394 4305 674 4360 minimum
706 4305 897 4360 sortita
936 4303 1144 4368 orbem,
1198 4319 1306 4358 uno
1349 4320 1554 4361 mense.
1601 4304 1816 4360 Primus
1866 4305 1970 4378 Py-

2068 3132 2258 3186 ἕνεκεν
2290 3125 2392 3195 τῆς
2420 3121 2687 3192 γενέσεως
2715 3121 2826 3174 τῶν
2856 3118 2986 3189 περί
3001 3117 3106 3188 γῆν
3137 3117 3319 3170 τόπων
3349 3114 3487 3186 πρὸς
3524 3116 3661 3167 ἁνα-

2073 3223 2354 3294 πλήρωσιν
2412 3215 2506 3269 τοῦ
2557 3213 2780 3276 παντός.
2838 3211 2902 3264 Εἰ
2966 3211 3077 3282 γὰρ
3146 3206 3662 3278 καταπαραλλήλως

2072 3315 2323 3374 ἐκινεῖτο,
2354 3309 2441 3363 ἀεὶ
2479 3305 2546 3361 ἂν
2577 3305 2674 3376 μία
2704 3303 2823 3376 ὥρα
2850 3298 2922 3374 ἦν
2951 3303 3046 3356 τοῦ
3077 3303 3250 3365 ἔτους,
3281 3301 3400 3371 ἡτοι
3431 3299 3588 3371 θέρος
3621 3297 3660 3368 ἢ

2072 3401 2284 3477 χειμὼν
2313 3401 2347 3470 ἦ
2377 3398 2511 3468 ἄλλη
2541 3411 2648 3459 τις.
2682 3393 2798 3447 Νῦν
2821 3393 2880 3447 δὲ
2907 3394 2972 3446 ὲκ
2996 3391 3088 3445 τοῦ
3111 3391 3206 3445 τὸν
3234 3390 3386 3460 ἥλιον
3408 3388 3508 3442 καὶ
3529 3388 3664 3450 τοὺς

2073 3499 2270 3560 ἄλλους
2291 3492 2570 3562 πλάνητας
2601 3487 2952 3559 μεταῦαίνειν
2975 3485 3084 3539 ἀπὸ
3112 3483 3307 3550 ξωδίου
3341 3483 3434 3535 ἐπὶ
3465 3480 3664 3546 {eam

2075 3589 2321 3660 γίνονται
2353 3585 2411 3638 αἰ
2445 3579 2743 3654 μεταϐολαὶ
2770 3578 2878 3631 τῶν
2906 3577 3066 3648 ὡρῶν
3116 3577 3406 3646 τέσσαρες,
3454 3573 3546 3625 καὶ
3587 3575 3663 3624 ἐκ

2073 3681 2176 3750 τῆς
2224 3676 2434 3730 τούτων
2478 3672 2556 3735 εἰς
2600 3669 2864 3741 ἄλληλαοί⁵
2898 3667 3203 3738 μεταϐολῆς
3247 3666 3302 3719 οῖ
3344 3682 3406 3718 τε
3451 3665 3663 3733 καρποὶ

2075 3770 2302 3837 φύονται
2335 3764 2427 3818 καί
2452 3763 2509 3817 αἰ
2531 3763 2577 3794 ⁸⁵
2609 3759 2766 3815 ἄλλαι
2796 3758 3042 3827 γενέσεις
3070 3756 3179 3809 τῶν
3209 3754 3362 3820 ζώων
3389 3755 3656 3822 γίνονται.

2077 3859 2200 3913 Ὅτι
2239 3859 2267 3911 6
2319 3856 2417 3926 μὲν
2443 3855 2616 3926 ἥλιος,
2647 3853 2722 3916 ὡς
2751 3843 2909 3914 οὗτος
2940 3849 3148 3904 οίκείαν
3179 3850 3543 3916 ἀποφαίνεται
3563 3847 3662 3899 δό-

2076 3951 2194 4017 ξαν,
2227 3948 2295 4019 ἢν
2330 3947 2424 4000 καὶ
2444 3943 2618 4015 ἀληθῆ
2648 3942 2821 4011 λέγει,
2863 3938 3378 3996 ὲκατονταπλασίων
3402 3937 3520 3990 ἐστὶ
3551 3936 3662 4007 τῆς

2074 4043 2200 4112 γῆς.
2230 4041 2294 4093 Oi
2325 4038 2384 4092 δὲ
2413 4036 2600 4090 πολλοί
2629 4036 2727 4088 οὐκ
2757 4034 3016 4089 ἐλάττονα
3083 4028 3178 4086 τοῦ
3220 4028 3664 4100 τριακονταπλαο

2077 4131 2227 4184 σίονα
2253 4129 2424 4198 αὐτῆς
2455 4143 2647 4197 φασιν.
2674 4126 2799 4180 Ὅτι
2836 4125 3010 4195 μέγαν
3043 4121 3290 4176 ἐνιαυτὸν
3313 4121 3410 4174 καὶ
3439 4121 3538 4191 τὴν
3559 4120 3660 4174 τοῦ

2076 4222 2285 4293 Κρόνου
2334 4217 2581 4289 περίοδόν
2627 4234 2814 4287 φασιν,
2851 4215 2995 4269 ὄτιθ⁸
3037 4213 3147 4267 τῶν
3177 4211 3384 4266 λοιπῶν
3431 4212 3491 4279 ἓξ
3521 4211 3663 4265 πλα-

2075 4314 2334 4384 νωμένων
2353 4313 2397 4345 θ’
2429 4314 2488 4365 ὲν
2515 4310 2760 4364 ἐλάττονι
2790 4308 2970 4380 χρόνῳ
2997 4301 3153 4370 οὗτος
3182 4308 3242 4360 ὲν
3269 4305 3316 4339 ’⁸
3360 4305 3662 4376 τριάκοντα

395 4398 650 4466 tltagoras
680 4395 876 4452 coelum
909 4409 1029 4452 esse
1057 4397 1312 4450 mundum
1336 4397 1490 4463 dixit,
1515 4397 1640 4465 quia
1670 4397 1965 4465 perfectum

2074 4402 2164 4456 τὸν
2194 4404 2394 4455 οἰκεῖον
2427 4401 2628 4472 δρόμον
2683 4399 2999 4471 ἀπαρτίζει.
3032 4399 3140 4452 Καὶ
3165 4397 3334 4468 γὰρ⁹⁹
3366 4399 3394 4450 6
3431 4397 3531 4467 μὲν
3559 4394 3660 4448 τοῦ

392 4499 500 4551 est,
562 4487 923 4556 omnibusque
962 4486 1334 4540 animantibus
1374 4501 1438 4541 ac
1509 4487 1679 4555 signis
1733 4487 1970 4556 pulchris

392 4584 702 4638 decoratur.
731 4579 886 4636 Plato
919 4587 974 4635 et
1025 4578 1344 4634 Aristoteles
1386 4592 1494 4632 uno
1540 4593 1808 4632 consensu
1862 4579 1967 4631 im-

394 4672 678 4728 mortalem
704 4673 889 4728 dicunt
923 4671 1184 4734 animum,
1218 4671 1466 4740 quamvis
1497 4667 1587 4724 alii
1613 4667 1776 4723 altam
1811 4684 1957 4724 men-

395 4777 504 4820 tem
545 4763 852 4819 Aristotelis
890 4756 1010 4817 'non
1058 4759 1450 4826 intelligentcs,
1510 4759 1792 4814 mortalent
1846 4773 1967 4814 esse

393 4857 630 4910 animam
649 4869 771 4909 eum
791 4853 971 4909 dicere
994 4852 1326 4906 existiment.
1358 4850 1564 4904 Dicitur
1594 4851 1753 4904 homo
1777 4849 1970 4918 μικρό-

392 4963 598 5018 κοσμος
629 4946 705 5016 (id
737 4953 821 5000 est
864 4945 1047 4999 mundi
1089 4943 1496 5010 compendium)
1530 4955 1633 4994 non
1673 4941 1798 5010 quia
1835 4956 1969 5010 qua-

394 5049 517 5093 tuor
569 5045 628 5091 ut
677 5035 886 5105 reliqua
936 5033 1189 5090 animalia
1245 5033 1405 5086 etiam
1473 5033 1694 5086 minima
1757 5041 1968 5086 constet

391 5129 717 5186 elementis:
753 5141 939 5183 verum
973 5127 1095 5195 quia
1129 5140 1317 5180 omnes
1349 5125 1534 5180 mundi
1583 5125 1806 5182 virtutes
1843 5142 1974 5180 con-

2075 4493 2198 4556 Διδς
2242 4494 2300 4546 ὲν
2346 4493 2411 4563 ιβ’
2438 4491 2583 4545 έτεσι
2627 4491 2720 4544 τὸν
2767 4490 2898 4544 ῐδιον
2943 4489 3284 4560 διαπεραίνει
3328 4487 3551 4552 κύκλον,
3597 4487 3662 4538 ὲν

2073 4583 2193 4638 δυσὶ
2221 4584 2278 4638 δὲ
2306 4588 2334 4639 ό
2362 4585 2557 4656 Ἀρης,
2586 4584 2616 4637 6
2639 4583 2697 4636 δὲ
2729 4582 2882 4653 ἥλιος
2921 4579 3157 4652 ὲνιαυτῷ
3175 4593 3194 4612 ο
3237 4579 3445 4650 Ἐρμῆς
3477 4577 3536 4631 δὲ
3561 4577 3663 4632 καὶ

2086 4675 2411 4747 Ἀφροδίτη⁸
2466 4675 2774 4746 ἰσοταχεῖς²
2806 4673 2886 4746 τῷ
2931 4673 3104 4744 ἡλίῳ·
3150 4671 3351 4744 σελήνη
3397 4671 3458 4724 δὲ
3488 4686 3665 4742 προσ-

2079 4768 2332 4840 γειοτάτη
2382 4768 2476 4822 καὶ
2521 4767 2806 4838 ἐλάχιστον
2851 4766 3051 4820 κύκλον
3083 4762 3376 4836 περιιοῦσα
3408 4762 3468 4815 ὲν
3500 4760 3659 4832 μηνί.

2080 4859 2209 4914 Ὀτι
2253 4859 2473 4930 πρῶτος
2506 4858 2834 4929 Πυθαγόρας
2857 4857 2949 4912 τὸν
2974 4855 3204 4928 οὐρανὸν
3243 4856 3449 4926 κόσμον
3479 4870 3662 4926 προσ-

2075 4951 2346 5021 ηγόρευσε
2388 4950 2478 5005 διὰ
2526 4950 2588 5004 τὸ
2621 4950 2824 5003 τέλειον
2875 4945 3015 5002 εἰναι
3057 4952 3152 5003 καὶ
3196 4949 3332 5001 πᾶσι
3379 4949 3662 5015 κεκοσμῆ-

2079 5042 2241 5095 σθαι³
2285 5045 2398 5105 τοῖς
2451 5059 2512 5097 τε
2561 5041 2722 5108 ζώοις
2768 5042 3058 5106 καὶστοῖςδ
3106 5041 3313 5105 καλοῖς.
3346 5039 3471 5092 Ὀτι
3519 5040 3663 5092 καῖ’

2079 5134 2326 5202 Πλάτων,
2378 5133 2535 5206 φησὶ,
2584 5136 2678 5189 καὶ
2716 5134 3092 5206 Ἀριστοτέλης
3139 5134 3411 5190 ἀθάνατον
3451 5130 3663 5204 ὁμοίως

1677 5263 1908 5320 νΑιιιΑζ
1951 5267 2356 5326 LECTIONES.

456 5361 504 5394 ⁸⁸
530 5357 800 5434 πλανῆται
820 5375 894 5434 ᾐς.
973 5355 1205 5434 {causa
1233 5355 1294 5410 Β.
1445 5355 1500 5408 δὲ
1527 5365 1644 5434 post
1675 5357 1967 5434 σιλημοιιίι
1997 5363 2093 5434 A._
2135 5361 2181 5395 ”
2201 5361 2506 5434 τέσσαρσιν
2550 5364 2616 5418 Α.
2643 5378 2765 5419 cum
2794 5362 2962 5418 Snida
2991 5378 3040 5417 v.
3070 5361 3494 5434 Εἱμαρμένητά
3530 5363 3635 5416 ττέ

389 5447 582 5511 ταρσιν
695 5425 900 5511 Suidas
931 5425 1074 5511 πίεόξῦ
1108 5426 1301 5507 legisse
1335 5427 1548 5511 videtur
1570 5425 1897 5511 διακεῖσθαι.
1973 5433 2019 5464 ’⁸
2051 5432 2131 5511 εἰς
2161 5432 2331 5511 τὴνιΛ
2359 5425 2412 5488 et
2434 5434 2638 5511 Sttidas
2674 5452 2686 5487 ε
2720 5435 2884 5486 αὐτὸν
2927 5452 2998 5511 ς.-
3061 5436 3106 5466 ³⁸
3135 5425 3481 5511 ἐπιγίνεσθαι
3511 5435 3664 5511 κατά

389 5495 560 5566 τύχην
619 5498 836 5553 Suidas.
941 5499 988 5529 "
1017 5499 1084 5566 εκ
1112 5495 1205 5566 τοῦ
1239 5495 1428 5558 παιδὸς
1460 5514 1519 5560 ς.

1615 5497 1912 5580 ⁹³μοίκςείως
1942 5518 2050 5580 out.
2083 5502 2142 5580 B_.
2217 5497 2283 5580 ’ξι
2317 5508 2396 5580 εἰς
2425 5504 2633 5580 ᾇλληλα
2662 5518 2770 5580 oin.
2817 5509 2878 5580 A_.
2911 5497 3111 5580 illique
3134 5497 3258 5580 leg.
3279 5501 3661 5580 εἰς-ἀλλήλαις.

391 5569 436 5598 ⁸⁵
462 5555 527 5620 ἀἰ
557 5567 681 5622 add.
712 5569 776 5622 A.
851 5567 898 5600 "
922 5565 1028 5637 ὅτι]
1071 5567 1145 5629 ὼς
1195 5565 1232 5619 Β
1257 5578 1310 5619 et
1340 5555 1483 5619 corr.
1517 5566 1580 5619 Α.
1658 5567 1702 5597 ’⁷
1736 5555 2088 5640 πλανωμένου
2118 5555 2174 5624 ἐν
2207 5555 2414 5626 πλείονι
2434 5555 2505 5628 Β.
2531 5555 2558 5574 θ’
2586 5555 2636 5606 δέ
2661 5555 2941 5696 οῦτοςένὲ
2967 5555 3035 5627 ἐξ
3288 5555 3297 5556 7
3336 5555 3381 5605 δ’
3413 5555 3664 5640 καί’γά’ρ

392 5637 514 5690 add.
537 5639 604 5691 A.
683 5640 698 5668 ⁸
748 5635 1061 5696 Ἀφροδίτηι
1089 5638 1170 5689 ὅτι
1193 5637 1255 5689 Α.
1326 5637 1345 5666 ’
1372 5635 1620 5696 (comitia;
1655 5636 1711 5689 Β.
1777 5638 1798 5668 ³
1827 5643 2338 5696 γατακεκοσμῆσθαι
2375 5646 2436 5696 Β.
2513 5646 2533 5675 ⁸
2562 5649 2670 5696 τοῖς
2694 5656 2820 5696 ante
2849 5661 2919 5696 κα
2942 5647 3032 5696 ,οῖς
3065 5661 3174 5696 om.
3217 5645 3283 5696 Α.
3361 5643 3382 5674 ⁵
3412 5644 3502 5696 καὶ
3532 5650 3663 5696 post

392 5637 514 5690 add.
537 5639 604 5691 Α.
683 5640 698 5668 ⁸

391 5709 475 5759 ὅτι
507 5707 632 5760 add.
656 5708 722 5760 Α.

748 5635 1062 5707 ἈφροδίτῆῘ
1089 5638 1170 5689 δτι
1193 5637 1255 5689 Α·
1326 5637 1345 5666 ’
1372 5635 1620 5706 ἰσοτακὴς
1655 5636 1711 5689 Β·
1777 5638 1798 5668 ³
1827 5635 2338 5713 κατακεκοσμῆσθαι
2375 5646 2436 5699 Β.
2513 5646 2533 5675 ⁸
2562 5649 2670 5709 τοῖς
2694 5635 2820 5698 ante
2849 5635 3032 5708 καλοῖς
3061 5635 3174 5700 om.
3217 5645 3283 5700 Α.
3361 5643 3382 5674 ⁵
3412 5644 3502 5696 καὶ
3531 5635 3663 5708 μυσὶ
