  <div class='ocr_page' id='page_1' title='image "/cluster/home/n/w/nwhite01/storage/ocr_20150623/103 pt.3/mdp.39015061933738/812.png"; bbox 0 0 4012 6236; ppageno 0'>
   <div class='ocr_carea' id='block_1_1' title="bbox 401 258 538 326">
    <p class='ocr_par' dir='ltr' id='par_1_1' title="bbox 401 258 538 326">
     <span class='ocr_line' id='line_1_1' title="bbox 401 258 538 326; baseline 0.015 -2"><span class='ocrx_word' id='word_1_1' title='bbox 401 258 538 326; x_wconf 82' lang='grc'>1585</span> 
     </span>
    </p>
   </div>
   <div class='ocr_carea' id='block_1_2' title="bbox 1436 251 2569 317">
    <p class='ocr_par' dir='ltr' id='par_1_2' title="bbox 1436 251 2569 317">
     <span class='ocr_line' id='line_1_2' title="bbox 1436 251 2569 317; baseline -0.004 0"><span class='ocrx_word' id='word_1_2' title='bbox 1436 252 1959 317; x_wconf 86' lang='lat' dir='ltr'><strong>BIBLIOTHECA.</strong></span> <span class='ocrx_word' id='word_1_3' title='bbox 1987 273 2054 286; x_wconf 86' lang='grc'><strong>-·</strong></span> <span class='ocrx_word' id='word_1_4' title='bbox 2083 251 2244 312; x_wconf 89' lang='lat' dir='ltr'><strong>COD.</strong></span> <span class='ocrx_word' id='word_1_5' title='bbox 2276 253 2569 312; x_wconf 82' lang='lat' dir='ltr'><strong>CCXLIX.</strong></span> 
     </span>
    </p>
   </div>
   <div class='ocr_carea' id='block_1_3' title="bbox 3496 259 3635 325">
    <p class='ocr_par' dir='ltr' id='par_1_3' title="bbox 3496 259 3635 325">
     <span class='ocr_line' id='line_1_3' title="bbox 3496 259 3635 325; baseline 0.029 -4"><span class='ocrx_word' id='word_1_6' title='bbox 3496 259 3635 325; x_wconf 82' lang='lat'><strong>1586</strong></span> 
     </span>
    </p>
   </div>
   <div class='ocr_carea' id='block_1_4' title="bbox 395 367 1964 446">
    <p class='ocr_par' dir='ltr' id='par_1_4' title="bbox 395 370 1962 446">
     <span class='ocr_line' id='line_1_4' title="bbox 395 370 1962 446; baseline -0.005 -17"><span class='ocrx_word' id='word_1_7' title='bbox 395 375 614 445; x_wconf 74' lang='grc' dir='ltr'>λέγουσι</span> <span class='ocrx_word' id='word_1_8' title='bbox 642 373 743 446; x_wconf 82' lang='grc' dir='ltr'>τὴν</span> <span class='ocrx_word' id='word_1_9' title='bbox 771 372 968 444; x_wconf 80' lang='grc' dir='ltr'>ψυχὴν,</span> <span class='ocrx_word' id='word_1_10' title='bbox 1005 372 1107 428; x_wconf 80' lang='grc' dir='ltr'><strong>κάν</strong></span> <span class='ocrx_word' id='word_1_11' title='bbox 1134 388 1279 436; x_wconf 88' lang='grc' dir='ltr'>τινες</span> <span class='ocrx_word' id='word_1_12' title='bbox 1325 372 1405 436; x_wconf 81' lang='grc' dir='ltr'><strong>είς</strong></span> <span class='ocrx_word' id='word_1_13' title='bbox 1431 372 1523 425; x_wconf 83' lang='grc' dir='ltr'>τὸν</span> <span class='ocrx_word' id='word_1_14' title='bbox 1559 370 1962 443; x_wconf 81' lang='grc' dir='ltr'>Ἀριστοτέλους</span> 
     </span>
    </p>
   </div>
   <div class='ocr_carea' id='block_1_5' title="bbox 2066 367 3629 446">
    <p class='ocr_par' dir='ltr' id='par_1_5' title="bbox 2067 367 3629 444">
     <span class='ocr_line' id='line_1_5' title="bbox 2067 367 3629 444; baseline 0.007 -21"><span class='ocrx_word' id='word_1_15' title='bbox 2067 368 2218 424; x_wconf 88' lang='lat' dir='ltr'><strong>tinet.</strong></span> <span class='ocrx_word' id='word_1_16' title='bbox 2259 367 2397 422; x_wconf 86' lang='lat' dir='ltr'><strong>Nam</strong></span> <span class='ocrx_word' id='word_1_17' title='bbox 2446 378 2574 424; x_wconf 88' lang='lat' dir='ltr'><strong>sunt</strong></span> <span class='ocrx_word' id='word_1_18' title='bbox 2604 370 2658 424; x_wconf 95' lang='lat' dir='ltr'><strong>in</strong></span> <span class='ocrx_word' id='word_1_19' title='bbox 2696 372 2894 427; x_wconf 90' lang='lat' dir='ltr'><strong>mundo</strong></span> <span class='ocrx_word' id='word_1_20' title='bbox 2934 371 3032 440; x_wconf 90' lang='lat' dir='ltr'><strong>dii,</strong></span> <span class='ocrx_word' id='word_1_21' title='bbox 3072 382 3306 444; x_wconf 91' lang='lat' dir='ltr'><strong>quatuor</strong></span> <span class='ocrx_word' id='word_1_22' title='bbox 3337 377 3629 444; x_wconf 89' lang='lat' dir='ltr'><strong>elementa,</strong></span> 
     </span>
    </p>
   </div>
   <div class='ocr_carea' id='block_1_6' title="bbox 392 461 1961 538">
    <p class='ocr_par' dir='ltr' id='par_1_6' title="bbox 392 461 1961 538">
     <span class='ocr_line' id='line_1_6' title="bbox 392 461 1961 538; baseline -0.006 -15"><span class='ocrx_word' id='word_1_23' title='bbox 392 471 518 523; x_wconf 82' lang='grc' dir='ltr'>νοῦν</span> <span class='ocrx_word' id='word_1_24' title='bbox 546 469 648 522; x_wconf 86' lang='grc' dir='ltr'><strong>οῦκ</strong></span> <span class='ocrx_word' id='word_1_25' title='bbox 679 462 1114 538; x_wconf 74' lang='grc' dir='ltr'>ὲμϐιίθύνοντεςθ</span> <span class='ocrx_word' id='word_1_26' title='bbox 1159 464 1361 536; x_wconf 74' lang='grc' dir='ltr'>θνητὴν</span> <span class='ocrx_word' id='word_1_27' title='bbox 1403 462 1607 534; x_wconf 76' lang='grc' dir='ltr'>αύτὴντ</span> <span class='ocrx_word' id='word_1_28' title='bbox 1648 461 1961 533; x_wconf 76' lang='grc' dir='ltr'><strong>νομίζουσιν</strong></span> 
     </span>
    </p>
   </div>
   <div class='ocr_carea' id='block_1_7' title="bbox 395 552 1962 626">
    <p class='ocr_par' dir='ltr' id='par_1_7' title="bbox 395 552 1962 626">
     <span class='ocr_line' id='line_1_7' title="bbox 395 552 1962 626; baseline -0.006 -13"><span class='ocrx_word' id='word_1_29' title='bbox 395 559 556 614; x_wconf 80' lang='grc' dir='ltr'>αὐτὸν</span> <span class='ocrx_word' id='word_1_30' title='bbox 584 559 784 626; x_wconf 85' lang='grc' dir='ltr'>λέγειν.</span> <span class='ocrx_word' id='word_1_31' title='bbox 821 556 942 610; x_wconf 77' lang='grc' dir='ltr'>ὀτι</span> <span class='ocrx_word' id='word_1_32' title='bbox 971 557 1000 609; x_wconf 98' lang='lat'><strong>6</strong></span> <span class='ocrx_word' id='word_1_33' title='bbox 1026 555 1310 626; x_wconf 75' lang='grc' dir='ltr'>ἄνθρωπος</span> <span class='ocrx_word' id='word_1_34' title='bbox 1341 555 1536 626; x_wconf 76' lang='grc' dir='ltr'>μικρὸς</span> <span class='ocrx_word' id='word_1_35' title='bbox 1567 553 1771 624; x_wconf 87' lang='grc' dir='ltr'>κόσμος</span> <span class='ocrx_word' id='word_1_36' title='bbox 1804 552 1962 620; x_wconf 82' lang='grc' dir='ltr'>λέγε-</span> 
     </span>
    </p>
   </div>
   <div class='ocr_carea' id='block_1_8' title="bbox 392 643 1963 720">
    <p class='ocr_par' dir='ltr' id='par_1_8' title="bbox 392 643 1963 720">
     <span class='ocr_line' id='line_1_8' title="bbox 392 643 1963 720; baseline -0.007 -14"><span class='ocrx_word' id='word_1_37' title='bbox 392 668 484 706; x_wconf 90' lang='grc' dir='ltr'><strong>ται</strong></span> <span class='ocrx_word' id='word_1_38' title='bbox 520 649 619 720; x_wconf 81' lang='grc' dir='ltr'>οὐχ</span> <span class='ocrx_word' id='word_1_39' title='bbox 657 649 775 702; x_wconf 78' lang='grc' dir='ltr'><strong>ὅτι⁸</strong></span> <span class='ocrx_word' id='word_1_40' title='bbox 809 649 874 702; x_wconf 82' lang='grc' dir='ltr'>ὲκ</span> <span class='ocrx_word' id='word_1_41' title='bbox 902 647 1011 700; x_wconf 83' lang='grc' dir='ltr'><strong>τῶν</strong></span> <span class='ocrx_word' id='word_1_42' title='bbox 1049 647 1326 717; x_wconf 80' lang='grc' dir='ltr'><strong>τεσσάρων</strong></span> <span class='ocrx_word' id='word_1_43' title='bbox 1360 645 1639 716; x_wconf 79' lang='grc' dir='ltr'><strong>στοιχείων</strong></span> <span class='ocrx_word' id='word_1_44' title='bbox 1682 643 1963 711; x_wconf 87' lang='grc' dir='ltr'>σύγκειται</span> 
     </span>
    </p>
   </div>
   <div class='ocr_carea' id='block_1_9' title="bbox 395 734 1964 814">
    <p class='ocr_par' dir='ltr' id='par_1_9' title="bbox 395 734 1964 814">
     <span class='ocr_line' id='line_1_9' title="bbox 395 734 1964 814; baseline -0.006 -20"><span class='ocrx_word' id='word_1_45' title='bbox 395 741 574 814; x_wconf 83' lang='grc' dir='ltr'>(τοῦτο</span> <span class='ocrx_word' id='word_1_46' title='bbox 596 739 706 810; x_wconf 86' lang='grc' dir='ltr'><strong>γὰρ</strong></span> <span class='ocrx_word' id='word_1_47' title='bbox 729 738 824 793; x_wconf 79' lang='grc' dir='ltr'>καὶ</span> <span class='ocrx_word' id='word_1_48' title='bbox 855 739 1086 794; x_wconf 70' lang='grc' dir='ltr'>ἕκαστον</span> <span class='ocrx_word' id='word_1_49' title='bbox 1111 737 1220 790; x_wconf 83' lang='grc' dir='ltr'><strong>τῶν</strong></span> <span class='ocrx_word' id='word_1_50' title='bbox 1253 735 1407 800; x_wconf 78' lang='grc' dir='ltr'>ζώων</span> <span class='ocrx_word' id='word_1_51' title='bbox 1450 738 1544 789; x_wconf 75' lang='grc' dir='ltr'>καὶ</span> <span class='ocrx_word' id='word_1_52' title='bbox 1578 735 1721 789; x_wconf 84' lang='grc' dir='ltr'><strong>τῶν⁹</strong></span> <span class='ocrx_word' id='word_1_53' title='bbox 1752 734 1964 787; x_wconf 80' lang='grc' dir='ltr'>εὐτελε-</span> 
     </span>
    </p>
   </div>
   <div class='ocr_carea' id='block_1_10' title="bbox 396 825 1962 902">
    <p class='ocr_par' dir='ltr' id='par_1_10' title="bbox 396 825 1962 902">
     <span class='ocr_line' id='line_1_10' title="bbox 396 825 1962 902; baseline -0.005 -16"><span class='ocrx_word' id='word_1_54' title='bbox 396 833 650 901; x_wconf 82' lang='grc' dir='ltr'>στάτων),</span> <span class='ocrx_word' id='word_1_55' title='bbox 681 830 795 884; x_wconf 82' lang='grc' dir='ltr'>ἀλλ’</span> <span class='ocrx_word' id='word_1_56' title='bbox 818 831 900 884; x_wconf 80' lang='grc' dir='ltr'>ὅτι</span> <span class='ocrx_word' id='word_1_57' title='bbox 929 827 1058 902; x_wconf 80' lang='grc'><strong>[715</strong></span> <span class='ocrx_word' id='word_1_58' title='bbox 1096 827 1185 901; x_wconf 79' lang='lat' dir='ltr'><strong>H.j</strong></span> <span class='ocrx_word' id='word_1_59' title='bbox 1223 829 1402 892; x_wconf 83' lang='grc' dir='ltr'>πάσας</span> <span class='ocrx_word' id='word_1_60' title='bbox 1435 828 1548 897; x_wconf 70' lang='grc' dir='ltr'>ἔχει</span> <span class='ocrx_word' id='word_1_61' title='bbox 1574 827 1674 891; x_wconf 88' lang='grc' dir='ltr'><strong>τὰς</strong></span> <span class='ocrx_word' id='word_1_62' title='bbox 1721 825 1818 880; x_wconf 88' lang='grc' dir='ltr'><strong>τοῦ</strong></span> <span class='ocrx_word' id='word_1_63' title='bbox 1866 825 1962 878; x_wconf 91' lang='grc' dir='ltr'>κό-</span> 
     </span>
    </p>
   </div>
   <div class='ocr_carea' id='block_1_11' title="bbox 397 915 1964 994">
    <p class='ocr_par' dir='ltr' id='par_1_11' title="bbox 397 915 1964 994">
     <span class='ocr_line' id='line_1_11' title="bbox 397 915 1964 994; baseline -0.006 -16"><span class='ocrx_word' id='word_1_64' title='bbox 397 941 535 994; x_wconf 87' lang='grc' dir='ltr'>σμου</span> <span class='ocrx_word' id='word_1_65' title='bbox 565 922 841 992; x_wconf 86' lang='grc' dir='ltr'>δυνάμεις,</span> <span class='ocrx_word' id='word_1_66' title='bbox 883 921 972 974; x_wconf 82' lang='grc' dir='ltr'>Ἐν</span> <span class='ocrx_word' id='word_1_67' title='bbox 1016 921 1124 991; x_wconf 78' lang='grc' dir='ltr'><strong>γάρ</strong></span> <span class='ocrx_word' id='word_1_68' title='bbox 1168 919 1245 986; x_wconf 80' lang='grc' dir='ltr'>τῷ</span> <span class='ocrx_word' id='word_1_69' title='bbox 1289 918 1479 988; x_wconf 85' lang='grc' dir='ltr'>κόσμῳ</span> <span class='ocrx_word' id='word_1_70' title='bbox 1510 918 1616 971; x_wconf 67' lang='lat' dir='ltr'><strong>sict</strong></span> <span class='ocrx_word' id='word_1_71' title='bbox 1667 916 1813 982; x_wconf 81' lang='grc' dir='ltr'>θεοὶ,</span> <span class='ocrx_word' id='word_1_72' title='bbox 1849 915 1964 970; x_wconf 75' lang='grc' dir='ltr'>ἔστι</span> 
     </span>
    </p>
   </div>
   <div class='ocr_carea' id='block_1_12' title="bbox 395 1008 1961 1085">
    <p class='ocr_par' dir='ltr' id='par_1_12' title="bbox 395 1008 1961 1085">
     <span class='ocr_line' id='line_1_12' title="bbox 395 1008 1961 1085; baseline -0.005 -16"><span class='ocrx_word' id='word_1_73' title='bbox 395 1017 488 1070; x_wconf 82' lang='grc' dir='ltr'>καὶ</span> <span class='ocrx_word' id='word_1_74' title='bbox 509 1014 580 1068; x_wconf 82' lang='grc' dir='ltr'><strong>τά</strong></span> <span class='ocrx_word' id='word_1_75' title='bbox 611 1013 854 1085; x_wconf 80' lang='grc' dir='ltr'>τέσσαρα</span> <span class='ocrx_word' id='word_1_76' title='bbox 899 1015 1159 1083; x_wconf 85' lang='grc' dir='ltr'>στοιχεῖα,</span> <span class='ocrx_word' id='word_1_77' title='bbox 1190 1011 1304 1064; x_wconf 81' lang='grc' dir='ltr'>ἔστι</span> <span class='ocrx_word' id='word_1_78' title='bbox 1333 1011 1428 1064; x_wconf 72' lang='grc' dir='ltr'>καὶ</span> <span class='ocrx_word' id='word_1_79' title='bbox 1452 1011 1521 1064; x_wconf 82' lang='grc' dir='ltr'><strong>τά</strong></span> <span class='ocrx_word' id='word_1_80' title='bbox 1541 1011 1587 1043; x_wconf 84' lang='grc'><strong>¹⁹</strong></span> <span class='ocrx_word' id='word_1_81' title='bbox 1630 1010 1800 1078; x_wconf 78' lang='grc' dir='ltr'>ἄλογα</span> <span class='ocrx_word' id='word_1_82' title='bbox 1827 1008 1961 1075; x_wconf 79' lang='grc' dir='ltr'>ζῶα,</span> 
     </span>
    </p>
   </div>
   <div class='ocr_carea' id='block_1_13' title="bbox 394 1100 1963 1174">
    <p class='ocr_par' dir='ltr' id='par_1_13' title="bbox 394 1100 1963 1174">
     <span class='ocr_line' id='line_1_13' title="bbox 394 1100 1963 1174; baseline -0.006 -13"><span class='ocrx_word' id='word_1_83' title='bbox 394 1108 511 1160; x_wconf 73' lang='grc' dir='ltr'>ἔστι</span> <span class='ocrx_word' id='word_1_84' title='bbox 543 1107 640 1160; x_wconf 63' lang='grc' dir='ltr'><strong>καί⁵</strong></span> <span class='ocrx_word' id='word_1_85' title='bbox 669 1105 812 1174; x_wconf 88' lang='grc' dir='ltr'>φυτά</span> <span class='ocrx_word' id='word_1_86' title='bbox 831 1120 846 1137; x_wconf 79' lang='grc'><em>’</em></span> <span class='ocrx_word' id='word_1_87' title='bbox 888 1104 1067 1164; x_wconf 89' lang='grc' dir='ltr'>πάσας</span> <span class='ocrx_word' id='word_1_88' title='bbox 1093 1103 1150 1155; x_wconf 82' lang='grc' dir='ltr'>δὲ</span> <span class='ocrx_word' id='word_1_89' title='bbox 1175 1103 1380 1166; x_wconf 88' lang='grc' dir='ltr'>ταύτας</span> <span class='ocrx_word' id='word_1_90' title='bbox 1410 1101 1507 1164; x_wconf 79' lang='grc' dir='ltr'>τὰς</span> <span class='ocrx_word' id='word_1_91' title='bbox 1550 1101 1806 1171; x_wconf 85' lang='grc' dir='ltr'>δυνάμεις</span> <span class='ocrx_word' id='word_1_92' title='bbox 1851 1100 1963 1170; x_wconf 83' lang='grc' dir='ltr'>ἔχει</span> 
     </span>
    </p>
   </div>
   <div class='ocr_carea' id='block_1_14' title="bbox 396 1191 1965 1266">
    <p class='ocr_par' dir='ltr' id='par_1_14' title="bbox 396 1191 1965 1266">
     <span class='ocr_line' id='line_1_14' title="bbox 396 1191 1965 1266; baseline -0.004 -16"><span class='ocrx_word' id='word_1_93' title='bbox 396 1198 425 1250; x_wconf 89' lang='lat'><strong>6</strong></span> <span class='ocrx_word' id='word_1_94' title='bbox 451 1195 763 1266; x_wconf 78' lang='grc' dir='ltr'>ἄνθρωπος.</span> <span class='ocrx_word' id='word_1_95' title='bbox 792 1194 946 1264; x_wconf 86' lang='grc' dir='ltr'>Ἔχει</span> <span class='ocrx_word' id='word_1_96' title='bbox 972 1195 1081 1264; x_wconf 81' lang='grc' dir='ltr'><strong>γάρ</strong></span> <span class='ocrx_word' id='word_1_97' title='bbox 1119 1193 1271 1246; x_wconf 82' lang='grc' dir='ltr'>Θείαν</span> <span class='ocrx_word' id='word_1_98' title='bbox 1304 1193 1400 1264; x_wconf 83' lang='grc' dir='ltr'>μὲν</span> <span class='ocrx_word' id='word_1_99' title='bbox 1423 1193 1650 1263; x_wconf 87' lang='grc' dir='ltr'>δύναμιν</span> <span class='ocrx_word' id='word_1_100' title='bbox 1683 1191 1780 1262; x_wconf 81' lang='grc' dir='ltr'>τὴν</span> <span class='ocrx_word' id='word_1_101' title='bbox 1817 1191 1965 1259; x_wconf 82' lang='grc' dir='ltr'>λογι-</span> 
     </span>
    </p>
   </div>
   <div class='ocr_carea' id='block_1_15' title="bbox 397 1280 1962 1356">
    <p class='ocr_par' dir='ltr' id='par_1_15' title="bbox 397 1280 1962 1356">
     <span class='ocr_line' id='line_1_15' title="bbox 397 1280 1962 1356; baseline -0.004 -17"><span class='ocrx_word' id='word_1_102' title='bbox 397 1287 520 1356; x_wconf 81' lang='grc' dir='ltr'>κὴν,</span> <span class='ocrx_word' id='word_1_103' title='bbox 554 1284 668 1356; x_wconf 74' lang='grc' dir='ltr'>ἔχει</span> <span class='ocrx_word' id='word_1_104' title='bbox 694 1284 794 1353; x_wconf 75' lang='grc' dir='ltr'>τὴν</span> <span class='ocrx_word' id='word_1_105' title='bbox 819 1283 929 1337; x_wconf 87' lang='grc' dir='ltr'>τῶν</span> <span class='ocrx_word' id='word_1_106' title='bbox 967 1282 1246 1351; x_wconf 84' lang='grc' dir='ltr'><strong>στοιχείων</strong></span> <span class='ocrx_word' id='word_1_107' title='bbox 1274 1281 1457 1350; x_wconf 87' lang='grc' dir='ltr'>φύσιν,</span> <span class='ocrx_word' id='word_1_108' title='bbox 1479 1282 1578 1351; x_wconf 79' lang='grc' dir='ltr'><strong>τὴν</strong></span> <span class='ocrx_word' id='word_1_109' title='bbox 1601 1280 1899 1352; x_wconf 79' lang='grc' dir='ltr'>θρεπτικὴν</span> <span class='ocrx_word' id='word_1_110' title='bbox 1919 1280 1962 1311; x_wconf 80' lang='grc'>¹¹</span> 
     </span>
    </p>
   </div>
   <div class='ocr_carea' id='block_1_16' title="bbox 397 1374 1964 1446">
    <p class='ocr_par' dir='ltr' id='par_1_16' title="bbox 397 1374 1964 1446">
     <span class='ocr_line' id='line_1_16' title="bbox 397 1374 1964 1446; baseline -0.003 -16"><span class='ocrx_word' id='word_1_111' title='bbox 397 1380 490 1433; x_wconf 78' lang='grc' dir='ltr'>καὶ</span> <span class='ocrx_word' id='word_1_112' title='bbox 514 1376 816 1446; x_wconf 79' lang='grc' dir='ltr'><strong>αὐξητικὴν</strong></span> <span class='ocrx_word' id='word_1_113' title='bbox 836 1377 929 1430; x_wconf 77' lang='grc' dir='ltr'>καὶ</span> <span class='ocrx_word' id='word_1_114' title='bbox 956 1375 1050 1428; x_wconf 78' lang='grc' dir='ltr'><strong>τοῦ</strong></span> <span class='ocrx_word' id='word_1_115' title='bbox 1074 1375 1259 1446; x_wconf 82' lang='grc' dir='ltr'>ὁμοίου</span> <span class='ocrx_word' id='word_1_116' title='bbox 1283 1376 1630 1445; x_wconf 78' lang='grc' dir='ltr'>γεννητικὴν.</span> <span class='ocrx_word' id='word_1_117' title='bbox 1649 1375 1736 1428; x_wconf 86' lang='grc' dir='ltr'>Ἐν</span> <span class='ocrx_word' id='word_1_118' title='bbox 1758 1374 1964 1444; x_wconf 77' lang='grc' dir='ltr'>ἑκάστῃ</span> 
     </span>
    </p>
   </div>
   <div class='ocr_carea' id='block_1_17' title="bbox 394 1463 1965 1535">
    <p class='ocr_par' dir='ltr' id='par_1_17' title="bbox 394 1463 1965 1535">
     <span class='ocr_line' id='line_1_17' title="bbox 394 1463 1965 1535; baseline -0.002 -16"><span class='ocrx_word' id='word_1_119' title='bbox 394 1464 451 1519; x_wconf 83' lang='grc' dir='ltr'><strong>δὲ</strong></span> <span class='ocrx_word' id='word_1_120' title='bbox 477 1464 684 1519; x_wconf 80' lang='grc' dir='ltr'>τούτων</span> <span class='ocrx_word' id='word_1_121' title='bbox 713 1464 978 1532; x_wconf 84' lang='grc' dir='ltr'>λείπεται,</span> <span class='ocrx_word' id='word_1_122' title='bbox 1013 1466 1106 1518; x_wconf 79' lang='grc' dir='ltr'><strong>καὶ</strong></span> <span class='ocrx_word' id='word_1_123' title='bbox 1150 1463 1339 1535; x_wconf 85' lang='grc' dir='ltr'>ὥσπερ</span> <span class='ocrx_word' id='word_1_124' title='bbox 1389 1466 1417 1517; x_wconf 91' lang='lat'><strong>6</strong></span> <span class='ocrx_word' id='word_1_125' title='bbox 1460 1464 1754 1527; x_wconf 81' lang='grc' dir='ltr'>πένταθλος</span> <span class='ocrx_word' id='word_1_126' title='bbox 1785 1465 1965 1526; x_wconf 85' lang='grc' dir='ltr'>πάσας</span> 
     </span>
    </p>
   </div>
   <div class='ocr_carea' id='block_1_18' title="bbox 396 1556 1966 1628">
    <p class='ocr_par' dir='ltr' id='par_1_18' title="bbox 396 1556 1966 1628">
     <span class='ocr_line' id='line_1_18' title="bbox 396 1556 1966 1628; baseline -0.001 -17"><span class='ocrx_word' id='word_1_127' title='bbox 396 1557 535 1628; x_wconf 67' lang='grc' dir='ltr'>ἔχων</span> <span class='ocrx_word' id='word_1_128' title='bbox 561 1557 661 1622; x_wconf 86' lang='grc' dir='ltr'><strong>τὰς</strong></span> <span class='ocrx_word' id='word_1_129' title='bbox 705 1557 962 1628; x_wconf 86' lang='grc' dir='ltr'>δυνάμεις</span> <span class='ocrx_word' id='word_1_130' title='bbox 993 1557 1102 1610; x_wconf 84' lang='grc' dir='ltr'>τῶν</span> <span class='ocrx_word' id='word_1_131' title='bbox 1131 1556 1461 1627; x_wconf 83' lang='grc' dir='ltr'><strong>ἀθλημάτων</strong></span> <span class='ocrx_word' id='word_1_132' title='bbox 1479 1558 1522 1589; x_wconf 79' lang='grc'><strong>¹⁹</strong></span> <span class='ocrx_word' id='word_1_133' title='bbox 1549 1557 1607 1610; x_wconf 83' lang='grc' dir='ltr'>ἐν</span> <span class='ocrx_word' id='word_1_134' title='bbox 1633 1557 1836 1628; x_wconf 80' lang='grc' dir='ltr'>ἑκάστῃ</span> <span class='ocrx_word' id='word_1_135' title='bbox 1867 1557 1966 1626; x_wconf 80' lang='grc' dir='ltr'><strong>ἦτ-</strong></span> 
     </span>
    </p>
   </div>
   <div class='ocr_carea' id='block_1_19' title="bbox 395 1645 1962 1717">
    <p class='ocr_par' dir='ltr' id='par_1_19' title="bbox 395 1645 1962 1717">
     <span class='ocr_line' id='line_1_19' title="bbox 395 1645 1962 1717; baseline -0.003 -15"><span class='ocrx_word' id='word_1_136' title='bbox 395 1665 505 1702; x_wconf 89' lang='grc' dir='ltr'><strong>των</strong></span> <span class='ocrx_word' id='word_1_137' title='bbox 530 1649 648 1702; x_wconf 68' lang='grc' dir='ltr'>ἐστὶ</span> <span class='ocrx_word' id='word_1_138' title='bbox 671 1647 766 1701; x_wconf 91' lang='grc' dir='ltr'><strong>τοῦ</strong></span> <span class='ocrx_word' id='word_1_139' title='bbox 809 1648 869 1701; x_wconf 80' lang='grc' dir='ltr'>ἒν</span> <span class='ocrx_word' id='word_1_140' title='bbox 899 1664 953 1701; x_wconf 90' lang='grc' dir='ltr'><strong>τι</strong></span> <span class='ocrx_word' id='word_1_141' title='bbox 999 1647 1444 1717; x_wconf 72' lang='grc' dir='ltr'>ὲπιτηδεύοντος,</span> <span class='ocrx_word' id='word_1_142' title='bbox 1473 1647 1616 1700; x_wconf 80' lang='grc' dir='ltr'>οὕτω</span> <span class='ocrx_word' id='word_1_143' title='bbox 1657 1647 1752 1700; x_wconf 75' lang='grc' dir='ltr'>καὶ</span> <span class='ocrx_word' id='word_1_144' title='bbox 1800 1647 1829 1698; x_wconf 89' lang='lat'><strong>6</strong></span> <span class='ocrx_word' id='word_1_145' title='bbox 1871 1645 1962 1698; x_wconf 83' lang='grc' dir='ltr'>άν-</span> 
     </span>
    </p>
   </div>
   <div class='ocr_carea' id='block_1_20' title="bbox 395 1705 2034 1810">
    <p class='ocr_par' dir='ltr' id='par_1_20' title="bbox 395 1705 2034 1810">
     <span class='ocr_line' id='line_1_20' title="bbox 395 1705 2034 1810; baseline -0.004 -16"><span class='ocrx_word' id='word_1_146' title='bbox 395 1739 614 1810; x_wconf 82' lang='grc' dir='ltr'>θρωπος</span> <span class='ocrx_word' id='word_1_147' title='bbox 657 1739 838 1800; x_wconf 88' lang='grc' dir='ltr'>πάσας</span> <span class='ocrx_word' id='word_1_148' title='bbox 870 1738 1010 1810; x_wconf 71' lang='grc' dir='ltr'>ἔχων</span> <span class='ocrx_word' id='word_1_149' title='bbox 1043 1705 1512 1808; x_wconf 51' lang='grc' dir='ltr'>τὰς’δυνάμειςὲν</span> <span class='ocrx_word' id='word_1_150' title='bbox 1543 1739 1746 1808; x_wconf 78' lang='grc' dir='ltr'>ἑκάστῃ</span> <span class='ocrx_word' id='word_1_151' title='bbox 1779 1736 1961 1790; x_wconf 86' lang='grc' dir='ltr'>λείπε-</span> <span class='ocrx_word' id='word_1_152' title='bbox 1991 1705 2034 1758; x_wconf 74' lang='grc' dir='ltr'>Β</span> 
     </span>
    </p>
   </div>
   <div class='ocr_carea' id='block_1_21' title="bbox 395 1819 1964 1901">
    <p class='ocr_par' dir='ltr' id='par_1_21' title="bbox 395 1819 1964 1901">
     <span class='ocr_line' id='line_1_21' title="bbox 395 1819 1964 1901; baseline -0.003 -16"><span class='ocrx_word' id='word_1_153' title='bbox 395 1849 505 1886; x_wconf 85' lang='grc' dir='ltr'>ται.</span> <span class='ocrx_word' id='word_1_154' title='bbox 536 1819 742 1884; x_wconf 84' lang='grc' dir='ltr'>Ἦττον</span> <span class='ocrx_word' id='word_1_155' title='bbox 763 1831 808 1862; x_wconf 85' lang='grc'><strong>¹³</strong></span> <span class='ocrx_word' id='word_1_156' title='bbox 833 1831 932 1901; x_wconf 83' lang='grc' dir='ltr'>μὲν</span> <span class='ocrx_word' id='word_1_157' title='bbox 969 1830 1079 1901; x_wconf 86' lang='grc' dir='ltr'><strong>γὰρ</strong></span> <span class='ocrx_word' id='word_1_158' title='bbox 1107 1829 1301 1900; x_wconf 76' lang='grc' dir='ltr'>ἔχομεν</span> <span class='ocrx_word' id='word_1_159' title='bbox 1342 1829 1442 1901; x_wconf 81' lang='grc' dir='ltr'>τὴν</span> <span class='ocrx_word' id='word_1_160' title='bbox 1482 1829 1708 1899; x_wconf 85' lang='grc' dir='ltr'>λογικὴν</span> <span class='ocrx_word' id='word_1_161' title='bbox 1736 1829 1964 1898; x_wconf 87' lang='grc' dir='ltr'>δύναμιν</span> 
     </span>
    </p>
   </div>
   <div class='ocr_carea' id='block_1_22' title="bbox 396 1915 1962 1994">
    <p class='ocr_par' dir='ltr' id='par_1_22' title="bbox 396 1915 1962 1994">
     <span class='ocr_line' id='line_1_22' title="bbox 396 1915 1962 1994; baseline -0.001 -18"><span class='ocrx_word' id='word_1_162' title='bbox 396 1924 541 1994; x_wconf 74' lang='grc' dir='ltr'>ἥπερ</span> <span class='ocrx_word' id='word_1_163' title='bbox 567 1925 616 1976; x_wconf 81' lang='lat' dir='ltr'><strong>oi</strong></span> <span class='ocrx_word' id='word_1_164' title='bbox 646 1922 778 1988; x_wconf 77' lang='grc' dir='ltr'>θεοὶ,</span> <span class='ocrx_word' id='word_1_165' title='bbox 827 1923 924 1976; x_wconf 74' lang='grc' dir='ltr'>καὶ</span> <span class='ocrx_word' id='word_1_166' title='bbox 947 1923 1015 1976; x_wconf 77' lang='grc' dir='ltr'>τὰ</span> <span class='ocrx_word' id='word_1_167' title='bbox 1042 1921 1151 1975; x_wconf 86' lang='grc' dir='ltr'><strong>τῶν</strong></span> <span class='ocrx_word' id='word_1_168' title='bbox 1179 1922 1457 1992; x_wconf 76' lang='grc' dir='ltr'>στοιχείων</span> <span class='ocrx_word' id='word_1_169' title='bbox 1504 1921 1704 1990; x_wconf 84' lang='grc' dir='ltr'>ὁμοίως</span> <span class='ocrx_word' id='word_1_170' title='bbox 1734 1915 1896 1992; x_wconf 83' lang='grc' dir='ltr'>ἦττον</span> <span class='ocrx_word' id='word_1_171' title='bbox 1929 1920 1962 1991; x_wconf 81' lang='grc' dir='ltr'>ἢ</span> 
     </span>
    </p>
   </div>
   <div class='ocr_carea' id='block_1_23' title="bbox 395 2011 1966 2084">
    <p class='ocr_par' dir='ltr' id='par_1_23' title="bbox 395 2011 1966 2084">
     <span class='ocr_line' id='line_1_23' title="bbox 395 2011 1966 2084; baseline -0.002 -16"><span class='ocrx_word' id='word_1_172' title='bbox 395 2017 596 2079; x_wconf 67' lang='grc' dir='ltr'>ἐκεῖνα,</span> <span class='ocrx_word' id='word_1_173' title='bbox 626 2014 722 2068; x_wconf 80' lang='grc' dir='ltr'>καὶ</span> <span class='ocrx_word' id='word_1_174' title='bbox 748 2015 840 2068; x_wconf 73' lang='grc' dir='ltr'>τὸν</span> <span class='ocrx_word' id='word_1_175' title='bbox 863 2013 1032 2084; x_wconf 81' lang='grc' dir='ltr'>θυμὸν</span> <span class='ocrx_word' id='word_1_176' title='bbox 1058 2013 1155 2066; x_wconf 72' lang='grc' dir='ltr'>καὶ</span> <span class='ocrx_word' id='word_1_177' title='bbox 1183 2012 1480 2083; x_wconf 87' lang='grc' dir='ltr'>ὲπιθυμίαν</span> <span class='ocrx_word' id='word_1_178' title='bbox 1511 2012 1827 2083; x_wconf 84' lang='grc' dir='ltr'>ἐνδεέστερα</span> <span class='ocrx_word' id='word_1_179' title='bbox 1856 2011 1966 2066; x_wconf 83' lang='grc' dir='ltr'><strong>τῶν</strong></span> 
     </span>
    </p>
   </div>
   <div class='ocr_carea' id='block_1_24' title="bbox 395 2101 1964 2172">
    <p class='ocr_par' dir='ltr' id='par_1_24' title="bbox 395 2101 1964 2172">
     <span class='ocr_line' id='line_1_24' title="bbox 395 2101 1964 2172; baseline -0.001 -16"><span class='ocrx_word' id='word_1_180' title='bbox 395 2105 453 2157; x_wconf 79' lang='grc' dir='ltr'>ὲν</span> <span class='ocrx_word' id='word_1_181' title='bbox 476 2105 588 2166; x_wconf 85' lang='grc' dir='ltr'>τοῖς</span> <span class='ocrx_word' id='word_1_182' title='bbox 615 2102 855 2170; x_wconf 80' lang='grc' dir='ltr'><strong>ἀλόγοις,</strong></span> <span class='ocrx_word' id='word_1_183' title='bbox 906 2103 1001 2157; x_wconf 55' lang='grc' dir='ltr'><strong>καί⁵</strong></span> <span class='ocrx_word' id='word_1_184' title='bbox 1041 2101 1142 2172; x_wconf 83' lang='grc' dir='ltr'>τὴν</span> <span class='ocrx_word' id='word_1_185' title='bbox 1187 2101 1488 2172; x_wconf 81' lang='grc' dir='ltr'>θρεπτικὴν</span> <span class='ocrx_word' id='word_1_186' title='bbox 1533 2103 1630 2154; x_wconf 77' lang='grc' dir='ltr'>καὶ</span> <span class='ocrx_word' id='word_1_187' title='bbox 1661 2101 1964 2172; x_wconf 79' lang='grc' dir='ltr'><strong>αὐξητικὴν</strong></span> 
     </span>
    </p>
   </div>
   <div class='ocr_carea' id='block_1_25' title="bbox 393 2192 1966 2264">
    <p class='ocr_par' dir='ltr' id='par_1_25' title="bbox 393 2192 1966 2264">
     <span class='ocr_line' id='line_1_25' title="bbox 393 2192 1966 2264; baseline -0.001 -16"><span class='ocrx_word' id='word_1_188' title='bbox 393 2195 624 2264; x_wconf 83' lang='grc' dir='ltr'>δύναμιν</span> <span class='ocrx_word' id='word_1_189' title='bbox 643 2192 1045 2264; x_wconf 75' lang='grc' dir='ltr'>ὲλαττουμὲνας</span> <span class='ocrx_word' id='word_1_190' title='bbox 1075 2193 1184 2247; x_wconf 86' lang='grc' dir='ltr'><strong>τῶν</strong></span> <span class='ocrx_word' id='word_1_191' title='bbox 1227 2195 1284 2247; x_wconf 77' lang='grc' dir='ltr'>ὲν</span> <span class='ocrx_word' id='word_1_192' title='bbox 1309 2195 1422 2256; x_wconf 88' lang='grc' dir='ltr'>τοῖς</span> <span class='ocrx_word' id='word_1_193' title='bbox 1453 2195 1660 2262; x_wconf 81' lang='grc' dir='ltr'>φυτοῖς.</span> <span class='ocrx_word' id='word_1_194' title='bbox 1707 2192 1870 2244; x_wconf 85' lang='grc' dir='ltr'>Ὅθεν</span> <span class='ocrx_word' id='word_1_195' title='bbox 1901 2194 1966 2246; x_wconf 88' lang='grc' dir='ltr'>ὲκ</span> 
     </span>
    </p>
   </div>
   <div class='ocr_carea' id='block_1_26' title="bbox 397 2282 1963 2356">
    <p class='ocr_par' dir='ltr' id='par_1_26' title="bbox 397 2282 1963 2356">
     <span class='ocr_line' id='line_1_26' title="bbox 397 2282 1963 2356; baseline -0.003 -16"><span class='ocrx_word' id='word_1_196' title='bbox 397 2285 656 2340; x_wconf 85' lang='grc' dir='ltr'>ποικίλων</span> <span class='ocrx_word' id='word_1_197' title='bbox 684 2285 965 2356; x_wconf 81' lang='grc' dir='ltr'>δυνάμεων</span> <span class='ocrx_word' id='word_1_198' title='bbox 994 2283 1327 2356; x_wconf 74' lang='grc' dir='ltr'>συνεστῶτες</span> <span class='ocrx_word' id='word_1_199' title='bbox 1358 2283 1694 2355; x_wconf 83' lang='grc' dir='ltr'><strong>δύσχρηστον</strong></span> <span class='ocrx_word' id='word_1_200' title='bbox 1723 2284 1814 2336; x_wconf 85' lang='grc' dir='ltr'>τὸν</span> <span class='ocrx_word' id='word_1_201' title='bbox 1849 2282 1963 2352; x_wconf 88' lang='grc' dir='ltr'>βίον</span> 
     </span>
    </p>
   </div>
   <div class='ocr_carea' id='block_1_27' title="bbox 396 2374 1966 2450">
    <p class='ocr_par' dir='ltr' id='par_1_27' title="bbox 396 2374 1966 2450">
     <span class='ocr_line' id='line_1_27' title="bbox 396 2374 1966 2450; baseline -0.003 -20"><span class='ocrx_word' id='word_1_202' title='bbox 396 2379 613 2450; x_wconf 72' lang='grc' dir='ltr'>ἔχομεν.</span> <span class='ocrx_word' id='word_1_203' title='bbox 644 2376 915 2430; x_wconf 85' lang='grc' dir='ltr'>Ἕκαστον</span> <span class='ocrx_word' id='word_1_204' title='bbox 943 2375 1053 2450; x_wconf 83' lang='grc' dir='ltr'><strong>γάρ</strong></span> <span class='ocrx_word' id='word_1_205' title='bbox 1082 2375 1194 2429; x_wconf 85' lang='grc' dir='ltr'><strong>τῶν</strong></span> <span class='ocrx_word' id='word_1_206' title='bbox 1223 2375 1400 2429; x_wconf 78' lang='grc' dir='ltr'>ἄλλων</span> <span class='ocrx_word' id='word_1_207' title='bbox 1446 2375 1551 2428; x_wconf 84' lang='grc' dir='ltr'><strong>ὑπὸ</strong></span> <span class='ocrx_word' id='word_1_208' title='bbox 1585 2376 1716 2445; x_wconf 83' lang='grc' dir='ltr'>μιᾶς</span> <span class='ocrx_word' id='word_1_209' title='bbox 1751 2374 1966 2444; x_wconf 88' lang='grc' dir='ltr'>φύσεως</span> 
     </span>
    </p>
   </div>
   <div class='ocr_carea' id='block_1_28' title="bbox 395 2467 1965 2539">
    <p class='ocr_par' dir='ltr' id='par_1_28' title="bbox 395 2467 1965 2539">
     <span class='ocr_line' id='line_1_28' title="bbox 395 2467 1965 2539; baseline -0.002 -17"><span class='ocrx_word' id='word_1_210' title='bbox 395 2471 718 2534; x_wconf 79' lang='grc' dir='ltr'>οίακίζεται,</span> <span class='ocrx_word' id='word_1_211' title='bbox 767 2471 930 2539; x_wconf 82' lang='grc' dir='ltr'><strong>ἡμεῖς</strong></span> <span class='ocrx_word' id='word_1_212' title='bbox 974 2469 1032 2522; x_wconf 81' lang='grc' dir='ltr'>δὲ</span> <span class='ocrx_word' id='word_1_213' title='bbox 1079 2469 1183 2522; x_wconf 81' lang='grc' dir='ltr'><strong>ὑπὸ</strong></span> <span class='ocrx_word' id='word_1_214' title='bbox 1223 2467 1332 2521; x_wconf 86' lang='grc' dir='ltr'><strong>τῶν</strong></span> <span class='ocrx_word' id='word_1_215' title='bbox 1375 2468 1648 2536; x_wconf 78' lang='grc' dir='ltr'>διαφόρων</span> <span class='ocrx_word' id='word_1_216' title='bbox 1682 2467 1965 2536; x_wconf 84' lang='grc' dir='ltr'>δυνάμεων</span> 
     </span>
    </p>
   </div>
   <div class='ocr_carea' id='block_1_29' title="bbox 399 2553 1962 2634">
    <p class='ocr_par' dir='ltr' id='par_1_29' title="bbox 399 2553 1962 2634">
     <span class='ocr_line' id='line_1_29' title="bbox 399 2553 1962 2634; baseline -0.003 -20"><span class='ocrx_word' id='word_1_217' title='bbox 399 2560 664 2634; x_wconf 65' lang='grc' dir='ltr'><strong>[152ίῌὶ.]</strong></span> <span class='ocrx_word' id='word_1_218' title='bbox 689 2559 1094 2628; x_wconf 83' lang='grc' dir='ltr'>άντισπώμεθα,</span> <span class='ocrx_word' id='word_1_219' title='bbox 1122 2553 1234 2612; x_wconf 74' lang='grc' dir='ltr'>οἷον</span> <span class='ocrx_word' id='word_1_220' title='bbox 1257 2557 1386 2610; x_wconf 84' lang='grc' dir='ltr'>ποτὲ</span> <span class='ocrx_word' id='word_1_221' title='bbox 1420 2557 1517 2627; x_wconf 86' lang='grc' dir='ltr'>μὲν</span> <span class='ocrx_word' id='word_1_222' title='bbox 1549 2557 1653 2609; x_wconf 75' lang='grc' dir='ltr'>ὑπὸ</span> <span class='ocrx_word' id='word_1_223' title='bbox 1681 2558 1774 2610; x_wconf 88' lang='grc' dir='ltr'><strong>τοῦ</strong></span> <span class='ocrx_word' id='word_1_224' title='bbox 1803 2557 1962 2610; x_wconf 85' lang='grc' dir='ltr'>Θείου</span> 
     </span>
    </p>
   </div>
   <div class='ocr_carea' id='block_1_30' title="bbox 396 2647 1965 2724">
    <p class='ocr_par' dir='ltr' id='par_1_30' title="bbox 396 2647 1965 2724">
     <span class='ocr_line' id='line_1_30' title="bbox 396 2647 1965 2724; baseline -0.005 -16"><span class='ocrx_word' id='word_1_225' title='bbox 396 2653 711 2724; x_wconf 79' lang='grc' dir='ltr'>ἁναγόμεθα</span> <span class='ocrx_word' id='word_1_226' title='bbox 741 2652 834 2704; x_wconf 75' lang='grc' dir='ltr'><strong>ἐπὶ</strong></span> <span class='ocrx_word' id='word_1_227' title='bbox 861 2652 928 2704; x_wconf 80' lang='grc' dir='ltr'><strong>τὰ</strong></span> <span class='ocrx_word' id='word_1_228' title='bbox 949 2651 992 2681; x_wconf 77' lang='grc'><strong>¹⁵</strong></span> <span class='ocrx_word' id='word_1_229' title='bbox 1013 2649 1268 2724; x_wconf 86' lang='grc' dir='ltr'>κρείττω,</span> <span class='ocrx_word' id='word_1_230' title='bbox 1298 2648 1427 2702; x_wconf 84' lang='grc' dir='ltr'>ποτὲ</span> <span class='ocrx_word' id='word_1_231' title='bbox 1457 2648 1511 2701; x_wconf 81' lang='grc' dir='ltr'><strong>δὲ</strong></span> <span class='ocrx_word' id='word_1_232' title='bbox 1541 2649 1635 2700; x_wconf 91' lang='grc' dir='ltr'><strong>τοῦ</strong></span> <span class='ocrx_word' id='word_1_233' title='bbox 1663 2647 1965 2719; x_wconf 85' lang='grc' dir='ltr'>Θηριὼδους</span> 
     </span>
    </p>
   </div>
   <div class='ocr_carea' id='block_1_31' title="bbox 394 2739 1964 2814">
    <p class='ocr_par' dir='ltr' id='par_1_31' title="bbox 394 2739 1964 2814">
     <span class='ocr_line' id='line_1_31' title="bbox 394 2739 1964 2814; baseline -0.001 -18"><span class='ocrx_word' id='word_1_234' title='bbox 394 2743 859 2814; x_wconf 80' lang='grc' dir='ltr'>ἐπικρατήσαντος</span> <span class='ocrx_word' id='word_1_235' title='bbox 908 2741 1002 2794; x_wconf 76' lang='grc' dir='ltr'><strong>ἐπὶ</strong></span> <span class='ocrx_word' id='word_1_236' title='bbox 1033 2741 1102 2794; x_wconf 83' lang='grc' dir='ltr'><strong>τά</strong></span> <span class='ocrx_word' id='word_1_237' title='bbox 1135 2741 1333 2810; x_wconf 82' lang='grc' dir='ltr'>χείρω·</span> <span class='ocrx_word' id='word_1_238' title='bbox 1386 2739 1590 2810; x_wconf 77' lang='grc' dir='ltr'>ὁμοίιος</span> <span class='ocrx_word' id='word_1_239' title='bbox 1639 2740 1697 2793; x_wconf 83' lang='grc' dir='ltr'><strong>δὲ</strong></span> <span class='ocrx_word' id='word_1_240' title='bbox 1731 2742 1826 2794; x_wconf 80' lang='grc' dir='ltr'>καὶ</span> <span class='ocrx_word' id='word_1_241' title='bbox 1871 2742 1964 2794; x_wconf 77' lang='grc' dir='ltr'><strong>ἐπὶ</strong></span> 
     </span>
    </p>
   </div>
   <div class='ocr_carea' id='block_1_32' title="bbox 395 2825 1966 2902">
    <p class='ocr_par' dir='ltr' id='par_1_32' title="bbox 395 2825 1966 2902">
     <span class='ocr_line' id='line_1_32' title="bbox 395 2825 1966 2902; baseline -0.001 -16"><span class='ocrx_word' id='word_1_242' title='bbox 395 2832 503 2886; x_wconf 86' lang='grc' dir='ltr'><strong>τῶν</strong></span> <span class='ocrx_word' id='word_1_243' title='bbox 531 2831 702 2886; x_wconf 71' lang='grc' dir='ltr'>ἄλλων</span> <span class='ocrx_word' id='word_1_244' title='bbox 727 2830 1031 2900; x_wconf 87' lang='grc' dir='ltr'>δυνάμεων.</span> <span class='ocrx_word' id='word_1_245' title='bbox 1071 2829 1198 2883; x_wconf 82' lang='grc' dir='ltr'>Ἐάν</span> <span class='ocrx_word' id='word_1_246' title='bbox 1224 2825 1316 2882; x_wconf 85' lang='grc' dir='ltr'>οὖν</span> <span class='ocrx_word' id='word_1_247' title='bbox 1348 2846 1431 2892; x_wconf 86' lang='grc' dir='ltr'><strong>τις</strong></span> <span class='ocrx_word' id='word_1_248' title='bbox 1469 2829 1781 2902; x_wconf 82' lang='grc' dir='ltr'>θεραπεύσῃ</span> <span class='ocrx_word' id='word_1_249' title='bbox 1813 2830 1874 2884; x_wconf 84' lang='grc' dir='ltr'>τὸ</span> <span class='ocrx_word' id='word_1_250' title='bbox 1907 2832 1966 2885; x_wconf 81' lang='grc' dir='ltr'>ὲν</span> 
     </span>
    </p>
   </div>
   <div class='ocr_carea' id='block_1_33' title="bbox 396 2922 1964 2996">
    <p class='ocr_par' dir='ltr' id='par_1_33' title="bbox 396 2922 1964 2996">
     <span class='ocr_line' id='line_1_33' title="bbox 396 2922 1964 2996; baseline -0.004 -17"><span class='ocrx_word' id='word_1_251' title='bbox 396 2928 528 2996; x_wconf 78' lang='grc' dir='ltr'>ἡμῖν</span> <span class='ocrx_word' id='word_1_252' title='bbox 557 2924 735 2989; x_wconf 82' lang='grc' dir='ltr'>Θεϊον,</span> <span class='ocrx_word' id='word_1_253' title='bbox 765 2923 954 2995; x_wconf 84' lang='grc' dir='ltr'>ὥσπερ</span> <span class='ocrx_word' id='word_1_254' title='bbox 992 2922 1206 2993; x_wconf 82' lang='grc' dir='ltr'>ήνίοχον</span> <span class='ocrx_word' id='word_1_255' title='bbox 1235 2924 1580 2992; x_wconf 76' lang='grc' dir='ltr'>ἐγρηγορότα</span> <span class='ocrx_word' id='word_1_256' title='bbox 1612 2923 1705 2975; x_wconf 73' lang='grc' dir='ltr'>καὶ</span> <span class='ocrx_word' id='word_1_257' title='bbox 1737 2924 1964 2992; x_wconf 74' lang='grc' dir='ltr'>ἐπιστή-</span> 
     </span>
    </p>
   </div>
   <div class='ocr_carea' id='block_1_34' title="bbox 2063 459 3634 537">
    <p class='ocr_par' dir='ltr' id='par_1_34' title="bbox 2063 459 3634 537">
     <span class='ocr_line' id='line_1_34' title="bbox 2063 459 3634 537; baseline 0.008 -24"><span class='ocrx_word' id='word_1_258' title='bbox 2063 459 2241 525; x_wconf 90' lang='lat' dir='ltr'><strong>bruta,</strong></span> <span class='ocrx_word' id='word_1_259' title='bbox 2266 462 2484 528; x_wconf 70' lang='lat' dir='ltr'><strong>plantae.</strong></span> <span class='ocrx_word' id='word_1_260' title='bbox 2527 459 2636 515; x_wconf 84' lang='lat' dir='ltr'><strong>Has</strong></span> <span class='ocrx_word' id='word_1_261' title='bbox 2663 476 2851 518; x_wconf 91' lang='lat' dir='ltr'><strong>omnes</strong></span> <span class='ocrx_word' id='word_1_262' title='bbox 2880 465 3148 532; x_wconf 79' lang='lat' dir='ltr'><strong>potentias</strong></span> <span class='ocrx_word' id='word_1_263' title='bbox 3188 467 3423 534; x_wconf 88' lang='lat' dir='ltr'><strong>possidet</strong></span> <span class='ocrx_word' id='word_1_264' title='bbox 3452 469 3634 537; x_wconf 88' lang='lat' dir='ltr'><strong>homo,</strong></span> 
     </span>
    </p>
   </div>
   <div class='ocr_carea' id='block_1_35' title="bbox 2062 552 3637 630">
    <p class='ocr_par' dir='ltr' id='par_1_35' title="bbox 2062 552 3637 630">
     <span class='ocr_line' id='line_1_35' title="bbox 2062 552 3637 630; baseline 0.008 -23"><span class='ocrx_word' id='word_1_265' title='bbox 2062 552 2221 607; x_wconf 89' lang='lat' dir='ltr'><strong>habet</strong></span> <span class='ocrx_word' id='word_1_266' title='bbox 2247 553 2505 608; x_wconf 90' lang='lat' dir='ltr'><strong>rationem</strong></span> <span class='ocrx_word' id='word_1_267' title='bbox 2539 570 2634 622; x_wconf 91' lang='lat' dir='ltr'><strong>pro</strong></span> <span class='ocrx_word' id='word_1_268' title='bbox 2669 555 2846 610; x_wconf 87' lang='lat' dir='ltr'><strong>divina</strong></span> <span class='ocrx_word' id='word_1_269' title='bbox 2873 559 3091 627; x_wconf 86' lang='lat' dir='ltr'><strong>virtute,</strong></span> <span class='ocrx_word' id='word_1_270' title='bbox 3123 558 3283 613; x_wconf 80' lang='lat' dir='ltr'><strong>habet</strong></span> <span class='ocrx_word' id='word_1_271' title='bbox 3316 576 3414 630; x_wconf 89' lang='lat' dir='ltr'><strong>pro</strong></span> <span class='ocrx_word' id='word_1_272' title='bbox 3447 575 3637 618; x_wconf 86' lang='lat' dir='ltr'><strong>natura</strong></span> 
     </span>
    </p>
   </div>
   <div class='ocr_carea' id='block_1_36' title="bbox 2061 643 3639 722">
    <p class='ocr_par' dir='ltr' id='par_1_36' title="bbox 2061 643 3639 722">
     <span class='ocr_line' id='line_1_36' title="bbox 2061 643 3639 722; baseline 0.005 -26"><span class='ocrx_word' id='word_1_273' title='bbox 2061 643 2447 700; x_wconf 82' lang='lat' dir='ltr'><strong>elementorum</strong></span> <span class='ocrx_word' id='word_1_274' title='bbox 2473 647 2716 700; x_wconf 79' lang='lat' dir='ltr'><strong>movendi</strong></span> <span class='ocrx_word' id='word_1_275' title='bbox 2742 648 2868 716; x_wconf 84' lang='lat' dir='ltr'><strong>vim,</strong></span> <span class='ocrx_word' id='word_1_276' title='bbox 2888 649 3051 722; x_wconf 62' lang='grc'><strong>440</strong></span> <span class='ocrx_word' id='word_1_277' title='bbox 3071 651 3098 704; x_wconf 87' lang='lat' dir='ltr'><strong><em>b</em></strong></span> <span class='ocrx_word' id='word_1_278' title='bbox 3126 654 3424 716; x_wconf 82' lang='lat' dir='ltr'><strong>crescendi,</strong></span> <span class='ocrx_word' id='word_1_279' title='bbox 3448 655 3639 722; x_wconf 83' lang='lat' dir='ltr'><strong>suique</strong></span> 
     </span>
    </p>
   </div>
   <div class='ocr_carea' id='block_1_37' title="bbox 2063 735 3638 807">
    <p class='ocr_par' dir='ltr' id='par_1_37' title="bbox 2063 735 3638 807">
     <span class='ocr_line' id='line_1_37' title="bbox 2063 735 3638 807; baseline 0.006 -17"><span class='ocrx_word' id='word_1_280' title='bbox 2063 735 2293 790; x_wconf 86' lang='lat' dir='ltr'><strong>similem</strong></span> <span class='ocrx_word' id='word_1_281' title='bbox 2327 737 2724 806; x_wconf 82' lang='lat' dir='ltr'><strong>productricem</strong></span> <span class='ocrx_word' id='word_1_282' title='bbox 2762 756 2778 794; x_wconf 90' lang='lat'><strong>:</strong></span> <span class='ocrx_word' id='word_1_283' title='bbox 2809 741 3034 807; x_wconf 74' lang='lat' dir='ltr'><strong>singulis</strong></span> <span class='ocrx_word' id='word_1_284' title='bbox 3066 743 3149 798; x_wconf 88' lang='lat' dir='ltr'><strong>his</strong></span> <span class='ocrx_word' id='word_1_285' title='bbox 3177 743 3400 799; x_wconf 80' lang='lat' dir='ltr'><strong>inferior</strong></span> <span class='ocrx_word' id='word_1_286' title='bbox 3426 756 3528 799; x_wconf 90' lang='lat' dir='ltr'><strong>est.</strong></span> <span class='ocrx_word' id='word_1_287' title='bbox 3559 746 3638 800; x_wconf 83' lang='lat' dir='ltr'><strong>Ac</strong></span> 
     </span>
    </p>
   </div>
   <div class='ocr_carea' id='block_1_38' title="bbox 2063 828 3634 900">
    <p class='ocr_par' dir='ltr' id='par_1_38' title="bbox 2063 828 3634 900">
     <span class='ocr_line' id='line_1_38' title="bbox 2063 828 3634 900; baseline 0.004 -19"><span class='ocrx_word' id='word_1_288' title='bbox 2063 828 2514 897; x_wconf 87' lang='lat' dir='ltr'><strong>quemadmodum</strong></span> <span class='ocrx_word' id='word_1_289' title='bbox 2557 831 2865 895; x_wconf 87' lang='lat' dir='ltr'><strong>pentathlus</strong></span> <span class='ocrx_word' id='word_1_290' title='bbox 2895 848 3082 886; x_wconf 80' lang='lat' dir='ltr'><strong>omnes</strong></span> <span class='ocrx_word' id='word_1_291' title='bbox 3138 835 3342 889; x_wconf 88' lang='lat' dir='ltr'><strong>habens</strong></span> <span class='ocrx_word' id='word_1_292' title='bbox 3383 837 3634 900; x_wconf 76' lang='lat' dir='ltr'><strong>virtutes,</strong></span> 
     </span>
    </p>
   </div>
   <div class='ocr_carea' id='block_1_39' title="bbox 2065 919 3626 993">
    <p class='ocr_par' dir='ltr' id='par_1_39' title="bbox 2065 919 3626 993">
     <span class='ocr_line' id='line_1_39' title="bbox 2065 919 3626 993; baseline 0.004 -21"><span class='ocrx_word' id='word_1_293' title='bbox 2065 920 2120 972; x_wconf 92' lang='lat' dir='ltr'><strong>ln</strong></span> <span class='ocrx_word' id='word_1_294' title='bbox 2150 919 2375 981; x_wconf 81' lang='lat' dir='ltr'><strong>singulis</strong></span> <span class='ocrx_word' id='word_1_295' title='bbox 2409 929 2588 973; x_wconf 90' lang='lat' dir='ltr'><strong>tamen</strong></span> <span class='ocrx_word' id='word_1_296' title='bbox 2629 921 2803 972; x_wconf 91' lang='lat' dir='ltr'><strong>minor</strong></span> <span class='ocrx_word' id='word_1_297' title='bbox 2831 930 2914 976; x_wconf 91' lang='lat' dir='ltr'><strong>est</strong></span> <span class='ocrx_word' id='word_1_298' title='bbox 2955 937 3038 986; x_wconf 90' lang='lat' dir='ltr'><strong>eo,</strong></span> <span class='ocrx_word' id='word_1_299' title='bbox 3075 925 3167 992; x_wconf 87' lang='lat' dir='ltr'><strong>qui</strong></span> <span class='ocrx_word' id='word_1_300' title='bbox 3206 939 3372 978; x_wconf 91' lang='lat' dir='ltr'><strong>unum</strong></span> <span class='ocrx_word' id='word_1_301' title='bbox 3409 924 3626 993; x_wconf 85' lang='lat' dir='ltr'><strong>aliquod</strong></span> 
     </span>
    </p>
   </div>
   <div class='ocr_carea' id='block_1_40' title="bbox 2065 1007 3636 1097">
    <p class='ocr_par' dir='ltr' id='par_1_40' title="bbox 2065 1007 3636 1097">
     <span class='ocr_line' id='line_1_40' title="bbox 2065 1007 3636 1097; baseline 0.003 -37"><span class='ocrx_word' id='word_1_302' title='bbox 2065 1018 2338 1061; x_wconf 84' lang='lat' dir='ltr'><strong>certamen</strong></span> <span class='ocrx_word' id='word_1_303' title='bbox 2370 1007 2532 1061; x_wconf 86' lang='lat' dir='ltr'><strong>callet</strong></span> <span class='ocrx_word' id='word_1_304' title='bbox 2562 1025 2574 1061; x_wconf 90' lang='lat'><strong>:</strong></span> <span class='ocrx_word' id='word_1_305' title='bbox 2603 1009 2673 1061; x_wconf 88' lang='lat' dir='ltr'><strong>ita</strong></span> <span class='ocrx_word' id='word_1_306' title='bbox 2707 1018 2759 1061; x_wconf 90' lang='lat' dir='ltr'><strong>et</strong></span> <span class='ocrx_word' id='word_1_307' title='bbox 2791 1008 2950 1063; x_wconf 92' lang='lat' dir='ltr'><strong>homo</strong></span> <span class='ocrx_word' id='word_1_308' title='bbox 2993 1027 3180 1067; x_wconf 84' lang='lat' dir='ltr'><strong>omnes</strong></span> <span class='ocrx_word' id='word_1_309' title='bbox 3213 1013 3416 1097; x_wconf 66' lang='lat' dir='ltr'><strong>habens</strong></span> <span class='ocrx_word' id='word_1_310' title='bbox 3463 1015 3636 1066; x_wconf 79' lang='lat' dir='ltr'><strong>virtu-</strong></span> 
     </span>
    </p>
   </div>
   <div class='ocr_carea' id='block_1_41' title="bbox 2067 1099 3632 1170">
    <p class='ocr_par' dir='ltr' id='par_1_41' title="bbox 2067 1099 3632 1170">
     <span class='ocr_line' id='line_1_41' title="bbox 2067 1099 3632 1170; baseline 0.004 -19"><span class='ocrx_word' id='word_1_311' title='bbox 2067 1107 2166 1165; x_wconf 87' lang='lat' dir='ltr'><strong>tes,</strong></span> <span class='ocrx_word' id='word_1_312' title='bbox 2205 1099 2505 1167; x_wconf 84' lang='lat' dir='ltr'><strong>in&#39;singulis</strong></span> <span class='ocrx_word' id='word_1_313' title='bbox 2549 1099 2818 1169; x_wconf 85' lang='lat' dir='ltr'><strong>sigillatim</strong></span> <span class='ocrx_word' id='word_1_314' title='bbox 2850 1113 3154 1170; x_wconf 87' lang='lat' dir='ltr'><strong>superatur.</strong></span> <span class='ocrx_word' id='word_1_315' title='bbox 3199 1103 3454 1158; x_wconf 90' lang='lat' dir='ltr'><strong>Minorem</strong></span> <span class='ocrx_word' id='word_1_316' title='bbox 3489 1105 3632 1158; x_wconf 87' lang='lat' dir='ltr'><strong>enim</strong></span> 
     </span>
    </p>
   </div>
   <div class='ocr_carea' id='block_1_42' title="bbox 2065 1190 3637 1262">
    <p class='ocr_par' dir='ltr' id='par_1_42' title="bbox 2065 1190 3637 1262">
     <span class='ocr_line' id='line_1_42' title="bbox 2065 1190 3637 1262; baseline 0.006 -19"><span class='ocrx_word' id='word_1_317' title='bbox 2065 1190 2288 1243; x_wconf 78' lang='lat' dir='ltr'><strong>rationis</strong></span> <span class='ocrx_word' id='word_1_318' title='bbox 2322 1207 2474 1244; x_wconf 87' lang='lat' dir='ltr'><strong>usum</strong></span> <span class='ocrx_word' id='word_1_319' title='bbox 2510 1192 2767 1246; x_wconf 84' lang='lat' dir='ltr'><strong>habemus</strong></span> <span class='ocrx_word' id='word_1_320' title='bbox 2793 1209 2950 1261; x_wconf 87' lang='lat' dir='ltr'><strong>quam</strong></span> <span class='ocrx_word' id='word_1_321' title='bbox 2987 1195 3085 1262; x_wconf 83' lang='lat' dir='ltr'><strong>ipsi</strong></span> <span class='ocrx_word' id='word_1_322' title='bbox 3134 1196 3228 1259; x_wconf 89' lang='lat' dir='ltr'><strong>dii,</strong></span> <span class='ocrx_word' id='word_1_323' title='bbox 3262 1205 3316 1250; x_wconf 89' lang='lat' dir='ltr'><strong>et</strong></span> <span class='ocrx_word' id='word_1_324' title='bbox 3363 1197 3538 1250; x_wconf 91' lang='lat' dir='ltr'><strong>minus</strong></span> <span class='ocrx_word' id='word_1_325' title='bbox 3567 1197 3637 1252; x_wconf 91' lang='lat' dir='ltr'><strong>de</strong></span> 
     </span>
    </p>
   </div>
   <div class='ocr_carea' id='block_1_43' title="bbox 2064 1277 3634 1353">
    <p class='ocr_par' dir='ltr' id='par_1_43' title="bbox 2064 1277 3634 1353">
     <span class='ocr_line' id='line_1_43' title="bbox 2064 1277 3634 1353; baseline 0.003 -19"><span class='ocrx_word' id='word_1_326' title='bbox 2064 1277 2345 1336; x_wconf 86' lang='lat' dir='ltr'><strong>elementis</strong></span> <span class='ocrx_word' id='word_1_327' title='bbox 2367 1295 2525 1348; x_wconf 88' lang='lat' dir='ltr'><strong>quam</strong></span> <span class='ocrx_word' id='word_1_328' title='bbox 2557 1283 2666 1349; x_wconf 88' lang='lat' dir='ltr'><strong>ipsa</strong></span> <span class='ocrx_word' id='word_1_329' title='bbox 2697 1283 2982 1338; x_wconf 88' lang='lat' dir='ltr'><strong>elementa.</strong></span> <span class='ocrx_word' id='word_1_330' title='bbox 3015 1284 3293 1353; x_wconf 83' lang='lat' dir='ltr'><strong>Cupiditas</strong></span> <span class='ocrx_word' id='word_1_331' title='bbox 3323 1295 3376 1339; x_wconf 88' lang='lat' dir='ltr'><strong>et</strong></span> <span class='ocrx_word' id='word_1_332' title='bbox 3413 1286 3634 1340; x_wconf 74' lang='lat' dir='ltr'><strong>iracun-</strong></span> 
     </span>
    </p>
   </div>
   <div class='ocr_carea' id='block_1_44' title="bbox 2065 1373 3630 1444">
    <p class='ocr_par' dir='ltr' id='par_1_44' title="bbox 2065 1373 3630 1444">
     <span class='ocr_line' id='line_1_44' title="bbox 2065 1373 3630 1444; baseline 0.001 -18"><span class='ocrx_word' id='word_1_333' title='bbox 2065 1373 2150 1426; x_wconf 86' lang='lat' dir='ltr'><strong>dia</strong></span> <span class='ocrx_word' id='word_1_334' title='bbox 2199 1379 2380 1425; x_wconf 89' lang='lat' dir='ltr'><strong>nostra</strong></span> <span class='ocrx_word' id='word_1_335' title='bbox 2433 1374 2607 1426; x_wconf 89' lang='lat' dir='ltr'><strong>minor</strong></span> <span class='ocrx_word' id='word_1_336' title='bbox 2660 1389 2818 1441; x_wconf 85' lang='lat' dir='ltr'><strong>quam</strong></span> <span class='ocrx_word' id='word_1_337' title='bbox 2871 1375 3251 1428; x_wconf 78' lang='lat' dir='ltr'><strong>brutorumza</strong></span> <span class='ocrx_word' id='word_1_338' title='bbox 3303 1375 3503 1444; x_wconf 89' lang='lat' dir='ltr'><strong>plantis</strong></span> <span class='ocrx_word' id='word_1_339' title='bbox 3528 1393 3630 1428; x_wconf 90' lang='lat' dir='ltr'><strong>uu-</strong></span> 
     </span>
    </p>
   </div>
   <div class='ocr_carea' id='block_1_45' title="bbox 2069 1463 3634 1534">
    <p class='ocr_par' dir='ltr' id='par_1_45' title="bbox 2069 1463 3634 1534">
     <span class='ocr_line' id='line_1_45' title="bbox 2069 1463 3634 1534; baseline 0.001 -16"><span class='ocrx_word' id='word_1_340' title='bbox 2069 1463 2261 1518; x_wconf 90' lang='lat' dir='ltr'><strong>triendi</strong></span> <span class='ocrx_word' id='word_1_341' title='bbox 2300 1473 2356 1517; x_wconf 90' lang='lat' dir='ltr'><strong>et</strong></span> <span class='ocrx_word' id='word_1_342' title='bbox 2382 1464 2726 1519; x_wconf 85' lang='lat' dir='ltr'><strong>accrescendi</strong></span> <span class='ocrx_word' id='word_1_343' title='bbox 2758 1466 3018 1534; x_wconf 90' lang='lat' dir='ltr'><strong>qualitate</strong></span> <span class='ocrx_word' id='word_1_344' title='bbox 3046 1467 3335 1520; x_wconf 86' lang='lat' dir='ltr'><strong>vincimur.</strong></span> <span class='ocrx_word' id='word_1_345' title='bbox 3364 1464 3542 1532; x_wconf 87' lang='lat' dir='ltr'><strong>Quare</strong></span> <span class='ocrx_word' id='word_1_346' title='bbox 3576 1476 3634 1519; x_wconf 89' lang='lat' dir='ltr'><strong>ut</strong></span> 
     </span>
    </p>
   </div>
   <div class='ocr_carea' id='block_1_46' title="bbox 2064 1557 3637 1627">
    <p class='ocr_par' dir='ltr' id='par_1_46' title="bbox 2064 1557 3637 1627">
     <span class='ocr_line' id='line_1_46' title="bbox 2064 1557 3637 1627; baseline 0.001 -17"><span class='ocrx_word' id='word_1_347' title='bbox 2064 1571 2095 1610; x_wconf 89' lang='lat' dir='ltr'><strong>e</strong></span> <span class='ocrx_word' id='word_1_348' title='bbox 2119 1557 2282 1612; x_wconf 86' lang='lat' dir='ltr'><strong>variis</strong></span> <span class='ocrx_word' id='word_1_349' title='bbox 2317 1557 2596 1624; x_wconf 90' lang='lat' dir='ltr'><strong>compositi</strong></span> <span class='ocrx_word' id='word_1_350' title='bbox 2635 1557 2816 1619; x_wconf 87' lang='lat' dir='ltr'><strong>rebus,</strong></span> <span class='ocrx_word' id='word_1_351' title='bbox 2847 1559 3008 1611; x_wconf 86' lang='lat' dir='ltr'><strong>vitam</strong></span> <span class='ocrx_word' id='word_1_352' title='bbox 3051 1571 3170 1627; x_wconf 64' lang='lat' dir='ltr'><strong>quae</strong></span> <span class='ocrx_word' id='word_1_353' title='bbox 3199 1573 3340 1626; x_wconf 67' lang='lat' dir='ltr'><strong>argre</strong></span> <span class='ocrx_word' id='word_1_354' title='bbox 3374 1560 3637 1612; x_wconf 85' lang='lat' dir='ltr'><strong>traduca-</strong></span> 
     </span>
    </p>
   </div>
   <div class='ocr_carea' id='block_1_47' title="bbox 2069 1649 3634 1704">
    <p class='ocr_par' dir='ltr' id='par_1_47' title="bbox 2069 1649 3634 1704">
     <span class='ocr_line' id='line_1_47' title="bbox 2069 1649 3634 1704; baseline 0.001 -3"><span class='ocrx_word' id='word_1_355' title='bbox 2069 1657 2156 1702; x_wconf 90' lang='lat' dir='ltr'><strong>tur</strong></span> <span class='ocrx_word' id='word_1_356' title='bbox 2198 1649 2478 1704; x_wconf 90' lang='lat' dir='ltr'><strong>habemus.</strong></span> <span class='ocrx_word' id='word_1_357' title='bbox 2537 1649 2658 1702; x_wconf 83' lang='lat' dir='ltr'><strong>Alia</strong></span> <span class='ocrx_word' id='word_1_358' title='bbox 2718 1650 2862 1702; x_wconf 90' lang='lat' dir='ltr'><strong>enim</strong></span> <span class='ocrx_word' id='word_1_359' title='bbox 2919 1651 3100 1702; x_wconf 82' lang='lat' dir='ltr'><strong>omnia</strong></span> <span class='ocrx_word' id='word_1_360' title='bbox 3155 1651 3222 1704; x_wconf 90' lang='lat' dir='ltr'><strong>ab</strong></span> <span class='ocrx_word' id='word_1_361' title='bbox 3271 1665 3374 1704; x_wconf 89' lang='lat' dir='ltr'><strong>una</strong></span> <span class='ocrx_word' id='word_1_362' title='bbox 3425 1659 3634 1703; x_wconf 84' lang='lat' dir='ltr'><strong>tantum</strong></span> 
     </span>
    </p>
   </div>
   <div class='ocr_carea' id='block_1_48' title="bbox 2068 1740 3636 1809">
    <p class='ocr_par' dir='ltr' id='par_1_48' title="bbox 2068 1740 3636 1809">
     <span class='ocr_line' id='line_1_48' title="bbox 2068 1740 3636 1809; baseline 0 -17"><span class='ocrx_word' id='word_1_363' title='bbox 2068 1749 2255 1793; x_wconf 90' lang='lat' dir='ltr'><strong>natura</strong></span> <span class='ocrx_word' id='word_1_364' title='bbox 2290 1751 2570 1809; x_wconf 89' lang='lat' dir='ltr'><strong>reguntur,</strong></span> <span class='ocrx_word' id='word_1_365' title='bbox 2602 1756 2700 1794; x_wconf 89' lang='lat' dir='ltr'><strong>nos</strong></span> <span class='ocrx_word' id='word_1_366' title='bbox 2735 1755 2859 1794; x_wconf 85' lang='lat' dir='ltr'><strong>vero</strong></span> <span class='ocrx_word' id='word_1_367' title='bbox 2891 1741 3137 1795; x_wconf 85' lang='lat' dir='ltr'><strong>homines</strong></span> <span class='ocrx_word' id='word_1_368' title='bbox 3171 1742 3336 1795; x_wconf 87' lang='lat' dir='ltr'><strong>variis</strong></span> <span class='ocrx_word' id='word_1_369' title='bbox 3362 1740 3636 1809; x_wconf 90' lang='lat' dir='ltr'><strong>qualitati-</strong></span> 
     </span>
    </p>
   </div>
   <div class='ocr_carea' id='block_1_49' title="bbox 2065 1829 3636 1896">
    <p class='ocr_par' dir='ltr' id='par_1_49' title="bbox 2065 1829 3636 1896">
     <span class='ocr_line' id='line_1_49' title="bbox 2065 1829 3636 1896; baseline -0.001 -14"><span class='ocrx_word' id='word_1_370' title='bbox 2065 1829 2210 1883; x_wconf 88' lang='lat' dir='ltr'><strong>tibus</strong></span> <span class='ocrx_word' id='word_1_371' title='bbox 2232 1830 2602 1896; x_wconf 88' lang='lat' dir='ltr'><strong>distrahitnur,</strong></span> <span class='ocrx_word' id='word_1_372' title='bbox 2644 1838 2721 1894; x_wconf 84' lang='grc' dir='ltr'>ιιι,</span> <span class='ocrx_word' id='word_1_373' title='bbox 2751 1846 2894 1884; x_wconf 85' lang='lat' dir='ltr'><strong>nunc</strong></span> <span class='ocrx_word' id='word_1_374' title='bbox 2928 1846 2955 1882; x_wconf 88' lang='lat' dir='ltr'><strong>a</strong></span> <span class='ocrx_word' id='word_1_375' title='bbox 2995 1832 3092 1884; x_wconf 86' lang='lat' dir='ltr'><strong>deo</strong></span> <span class='ocrx_word' id='word_1_376' title='bbox 3123 1831 3388 1884; x_wconf 80' lang='lat' dir='ltr'><strong>trahimur</strong></span> <span class='ocrx_word' id='word_1_377' title='bbox 3419 1832 3482 1884; x_wconf 88' lang='lat' dir='ltr'><strong>ad</strong></span> <span class='ocrx_word' id='word_1_378' title='bbox 3522 1846 3636 1882; x_wconf 87' lang='lat' dir='ltr'><strong>me-</strong></span> 
     </span>
    </p>
   </div>
   <div class='ocr_carea' id='block_1_50' title="bbox 2066 1919 3637 1986">
    <p class='ocr_par' dir='ltr' id='par_1_50' title="bbox 2066 1919 3637 1986">
     <span class='ocr_line' id='line_1_50' title="bbox 2066 1919 3637 1986; baseline 0.001 -14"><span class='ocrx_word' id='word_1_379' title='bbox 2066 1919 2220 1986; x_wconf 79' lang='lat' dir='ltr'><strong>liora,</strong></span> <span class='ocrx_word' id='word_1_380' title='bbox 2258 1935 2398 1974; x_wconf 87' lang='lat' dir='ltr'><strong>nunc</strong></span> <span class='ocrx_word' id='word_1_381' title='bbox 2447 1922 2694 1974; x_wconf 67' lang='lat' dir='ltr'><strong>vincente</strong></span> <span class='ocrx_word' id='word_1_382' title='bbox 2725 1921 2772 1974; x_wconf 92' lang='lat' dir='ltr'><strong>vi</strong></span> <span class='ocrx_word' id='word_1_383' title='bbox 2830 1921 3049 1974; x_wconf 89' lang='lat' dir='ltr'><strong>animali</strong></span> <span class='ocrx_word' id='word_1_384' title='bbox 3084 1923 3150 1974; x_wconf 88' lang='lat' dir='ltr'><strong>ad</strong></span> <span class='ocrx_word' id='word_1_385' title='bbox 3203 1921 3512 1986; x_wconf 85' lang='lat' dir='ltr'><strong>deteriora;</strong></span> <span class='ocrx_word' id='word_1_386' title='bbox 3556 1921 3637 1974; x_wconf 89' lang='lat' dir='ltr'><strong>sic</strong></span> 
     </span>
    </p>
   </div>
   <div class='ocr_carea' id='block_1_51' title="bbox 2063 2014 3637 2083">
    <p class='ocr_par' dir='ltr' id='par_1_51' title="bbox 2063 2014 3637 2083">
     <span class='ocr_line' id='line_1_51' title="bbox 2063 2014 3637 2083; baseline -0.001 -15"><span class='ocrx_word' id='word_1_387' title='bbox 2063 2023 2118 2068; x_wconf 91' lang='lat' dir='ltr'><strong>et</strong></span> <span class='ocrx_word' id='word_1_388' title='bbox 2150 2015 2202 2067; x_wconf 94' lang='lat' dir='ltr'><strong>in</strong></span> <span class='ocrx_word' id='word_1_389' title='bbox 2227 2015 2436 2068; x_wconf 75' lang='lat' dir='ltr'><strong>czeteris</strong></span> <span class='ocrx_word' id='word_1_390' title='bbox 2469 2015 2746 2083; x_wconf 87' lang='lat' dir='ltr'><strong>potentiis.</strong></span> <span class='ocrx_word' id='word_1_391' title='bbox 2783 2014 2841 2068; x_wconf 90' lang='lat' dir='ltr'><strong>Si</strong></span> <span class='ocrx_word' id='word_1_392' title='bbox 2883 2016 3002 2082; x_wconf 87' lang='lat' dir='ltr'><strong>quis</strong></span> <span class='ocrx_word' id='word_1_393' title='bbox 3043 2015 3204 2082; x_wconf 82' lang='lat' dir='ltr'><strong>igitur</strong></span> <span class='ocrx_word' id='word_1_394' title='bbox 3237 2014 3464 2068; x_wconf 87' lang='lat' dir='ltr'><strong>coluerit</strong></span> <span class='ocrx_word' id='word_1_395' title='bbox 3495 2014 3637 2082; x_wconf 89' lang='lat' dir='ltr'><strong>quod</strong></span> 
     </span>
    </p>
   </div>
   <div class='ocr_carea' id='block_1_52' title="bbox 2065 2105 3639 2176">
    <p class='ocr_par' dir='ltr' id='par_1_52' title="bbox 2065 2105 3639 2176">
     <span class='ocr_line' id='line_1_52' title="bbox 2065 2105 3639 2176; baseline -0.003 -14"><span class='ocrx_word' id='word_1_396' title='bbox 2065 2109 2118 2162; x_wconf 91' lang='lat' dir='ltr'><strong>in</strong></span> <span class='ocrx_word' id='word_1_397' title='bbox 2148 2107 2299 2160; x_wconf 90' lang='lat' dir='ltr'><strong>nobis</strong></span> <span class='ocrx_word' id='word_1_398' title='bbox 2322 2107 2450 2174; x_wconf 86' lang='lat' dir='ltr'><strong>ipsis</strong></span> <span class='ocrx_word' id='word_1_399' title='bbox 2479 2106 2716 2160; x_wconf 88' lang='lat' dir='ltr'><strong>divinum</strong></span> <span class='ocrx_word' id='word_1_400' title='bbox 2747 2115 2849 2168; x_wconf 89' lang='lat' dir='ltr'><strong>est,</strong></span> <span class='ocrx_word' id='word_1_401' title='bbox 2897 2107 3072 2159; x_wconf 88' lang='lat' dir='ltr'><strong>instar</strong></span> <span class='ocrx_word' id='word_1_402' title='bbox 3114 2107 3314 2176; x_wconf 58' lang='lat' dir='ltr'><strong>aurigae</strong></span> <span class='ocrx_word' id='word_1_403' title='bbox 3361 2105 3539 2172; x_wconf 82' lang='lat' dir='ltr'><strong>vigilis</strong></span> <span class='ocrx_word' id='word_1_404' title='bbox 3573 2118 3639 2157; x_wconf 88' lang='lat' dir='ltr'><strong>ac</strong></span> 
     </span>
    </p>
   </div>
   <div class='ocr_carea' id='block_1_53' title="bbox 2066 2197 3639 2270">
    <p class='ocr_par' dir='ltr' id='par_1_53' title="bbox 2066 2197 3639 2270">
     <span class='ocr_line' id='line_1_53' title="bbox 2066 2197 3639 2270; baseline -0.003 -16"><span class='ocrx_word' id='word_1_405' title='bbox 2066 2201 2242 2270; x_wconf 91' lang='lat' dir='ltr'><strong>periti,</strong></span> <span class='ocrx_word' id='word_1_406' title='bbox 2285 2201 2482 2268; x_wconf 91' lang='lat' dir='ltr'><strong>poterit</strong></span> <span class='ocrx_word' id='word_1_407' title='bbox 2519 2198 2748 2268; x_wconf 74' lang='lat' dir='ltr'><strong>singulis</strong></span> <span class='ocrx_word' id='word_1_408' title='bbox 2781 2199 3096 2264; x_wconf 87' lang='lat' dir='ltr'><strong>virtutibus,</strong></span> <span class='ocrx_word' id='word_1_409' title='bbox 3144 2198 3519 2266; x_wconf 87' lang='lat' dir='ltr'><strong>permistione,</strong></span> <span class='ocrx_word' id='word_1_410' title='bbox 3558 2197 3639 2250; x_wconf 92' lang='lat' dir='ltr'><strong>in-</strong></span> 
     </span>
    </p>
   </div>
   <div class='ocr_carea' id='block_1_54' title="bbox 2064 2289 3641 2360">
    <p class='ocr_par' dir='ltr' id='par_1_54' title="bbox 2064 2289 3641 2360">
     <span class='ocr_line' id='line_1_54' title="bbox 2064 2289 3641 2360; baseline -0.001 -18"><span class='ocrx_word' id='word_1_411' title='bbox 2064 2306 2247 2360; x_wconf 86' lang='lat' dir='ltr'><strong>quam,</strong></span> <span class='ocrx_word' id='word_1_412' title='bbox 2276 2291 2685 2353; x_wconf 90' lang='lat' dir='ltr'><strong>elementorum,</strong></span> <span class='ocrx_word' id='word_1_413' title='bbox 2723 2291 2823 2353; x_wconf 89' lang='lat' dir='ltr'><strong>ira,</strong></span> <span class='ocrx_word' id='word_1_414' title='bbox 2865 2290 3182 2359; x_wconf 86' lang='lat' dir='ltr'><strong>cupiditate,</strong></span> <span class='ocrx_word' id='word_1_415' title='bbox 3215 2289 3513 2357; x_wconf 86' lang='lat' dir='ltr'><strong>habituque</strong></span> <span class='ocrx_word' id='word_1_416' title='bbox 3553 2301 3641 2340; x_wconf 85' lang='lat' dir='ltr'><strong>ra-</strong></span> 
     </span>
    </p>
   </div>
   <div class='ocr_carea' id='block_1_55' title="bbox 2066 2380 3644 2451">
    <p class='ocr_par' dir='ltr' id='par_1_55' title="bbox 2066 2380 3644 2451">
     <span class='ocr_line' id='line_1_55' title="bbox 2066 2380 3644 2451; baseline -0.003 -15"><span class='ocrx_word' id='word_1_417' title='bbox 2066 2382 2229 2437; x_wconf 90' lang='lat' dir='ltr'><strong>tionis</strong></span> <span class='ocrx_word' id='word_1_418' title='bbox 2263 2394 2500 2451; x_wconf 79' lang='lat' dir='ltr'><strong>experte,</strong></span> <span class='ocrx_word' id='word_1_419' title='bbox 2533 2383 2708 2450; x_wconf 86' lang='lat' dir='ltr'><strong>quoad</strong></span> <span class='ocrx_word' id='word_1_420' title='bbox 2753 2397 2849 2450; x_wconf 88' lang='lat' dir='ltr'><strong>par</strong></span> <span class='ocrx_word' id='word_1_421' title='bbox 2889 2390 2966 2435; x_wconf 90' lang='lat' dir='ltr'><strong>est</strong></span> <span class='ocrx_word' id='word_1_422' title='bbox 3007 2381 3103 2434; x_wconf 87' lang='lat' dir='ltr'><strong>uti.</strong></span> <span class='ocrx_word' id='word_1_423' title='bbox 3141 2380 3516 2432; x_wconf 81' lang='lat' dir='ltr'><strong>llitlicillimum</strong></span> <span class='ocrx_word' id='word_1_424' title='bbox 3557 2387 3644 2432; x_wconf 75' lang='lat' dir='ltr'><strong>es:</strong></span> 
     </span>
    </p>
   </div>
   <div class='ocr_carea' id='block_1_56' title="bbox 2065 2473 3642 2546">
    <p class='ocr_par' dir='ltr' id='par_1_56' title="bbox 2065 2473 3642 2546">
     <span class='ocr_line' id='line_1_56' title="bbox 2065 2473 3642 2546; baseline -0.004 -14"><span class='ocrx_word' id='word_1_425' title='bbox 2065 2481 2300 2546; x_wconf 83' lang='lat' dir='ltr'><strong>seipsum</strong></span> <span class='ocrx_word' id='word_1_426' title='bbox 2339 2493 2514 2541; x_wconf 82' lang='lat' dir='ltr'><strong>nosse,</strong></span> <span class='ocrx_word' id='word_1_427' title='bbox 2553 2477 2797 2545; x_wconf 88' lang='lat' dir='ltr'><strong>quamvis</strong></span> <span class='ocrx_word' id='word_1_428' title='bbox 2837 2474 2996 2529; x_wconf 85' lang='lat' dir='ltr'><strong>lacilc</strong></span> <span class='ocrx_word' id='word_1_429' title='bbox 3037 2475 3321 2527; x_wconf 85' lang='lat' dir='ltr'><strong>videatur:</strong></span> <span class='ocrx_word' id='word_1_430' title='bbox 3353 2473 3494 2542; x_wconf 90' lang='lat' dir='ltr'><strong>quod</strong></span> <span class='ocrx_word' id='word_1_431' title='bbox 3540 2473 3642 2542; x_wconf 79' lang='lat' dir='ltr'><strong>Py-</strong></span> 
     </span>
    </p>
   </div>
   <div class='ocr_carea' id='block_1_57' title="bbox 2067 2563 3639 2636">
    <p class='ocr_par' dir='ltr' id='par_1_57' title="bbox 2067 2563 3639 2636">
     <span class='ocr_line' id='line_1_57' title="bbox 2067 2563 3639 2636; baseline -0.006 -14"><span class='ocrx_word' id='word_1_432' title='bbox 2067 2569 2162 2622; x_wconf 94' lang='lat' dir='ltr'><strong>thii</strong></span> <span class='ocrx_word' id='word_1_433' title='bbox 2191 2567 2452 2636; x_wconf 84' lang='lat' dir='ltr'><strong>Apollinis</strong></span> <span class='ocrx_word' id='word_1_434' title='bbox 2481 2582 2602 2621; x_wconf 89' lang='lat' dir='ltr'><strong>esse</strong></span> <span class='ocrx_word' id='word_1_435' title='bbox 2629 2567 2832 2629; x_wconf 88' lang='lat' dir='ltr'><strong>dicunt,</strong></span> <span class='ocrx_word' id='word_1_436' title='bbox 2881 2565 3006 2619; x_wconf 87' lang='lat' dir='ltr'><strong>licet</strong></span> <span class='ocrx_word' id='word_1_437' title='bbox 3042 2565 3106 2616; x_wconf 88' lang='lat' dir='ltr'><strong>ad</strong></span> <span class='ocrx_word' id='word_1_438' title='bbox 3138 2563 3421 2619; x_wconf 71' lang='lat' dir='ltr'><strong>Chilonem</strong></span> <span class='ocrx_word' id='word_1_439' title='bbox 3471 2575 3639 2615; x_wconf 89' lang='lat' dir='ltr'><strong>unum</strong></span> 
     </span>
    </p>
   </div>
   <div class='ocr_carea' id='block_1_58' title="bbox 2065 2651 3641 2726">
    <p class='ocr_par' dir='ltr' id='par_1_58' title="bbox 2065 2651 3641 2726">
     <span class='ocr_line' id='line_1_58' title="bbox 2065 2651 3641 2726; baseline -0.01 -13"><span class='ocrx_word' id='word_1_440' title='bbox 2065 2673 2095 2713; x_wconf 92' lang='lat' dir='ltr'><strong>e</strong></span> <span class='ocrx_word' id='word_1_441' title='bbox 2120 2666 2323 2726; x_wconf 83' lang='lat' dir='ltr'><strong>septem</strong></span> <span class='ocrx_word' id='word_1_442' title='bbox 2355 2657 2692 2726; x_wconf 88' lang='lat' dir='ltr'><strong>sapientibus</strong></span> <span class='ocrx_word' id='word_1_443' title='bbox 2721 2655 2980 2710; x_wconf 82' lang='lat' dir='ltr'><strong>referant.</strong></span> <span class='ocrx_word' id='word_1_444' title='bbox 3016 2653 3124 2708; x_wconf 85' lang='lat' dir='ltr'><strong>Nos</strong></span> <span class='ocrx_word' id='word_1_445' title='bbox 3161 2661 3341 2706; x_wconf 88' lang='lat' dir='ltr'><strong>autem</strong></span> <span class='ocrx_word' id='word_1_446' title='bbox 3371 2651 3641 2709; x_wconf 83' lang='lat' dir='ltr'><strong>hortatur,</strong></span> 
     </span>
    </p>
   </div>
   <div class='ocr_carea' id='block_1_59' title="bbox 2068 2741 3758 2819">
    <p class='ocr_par' dir='ltr' id='par_1_59' title="bbox 2068 2741 3758 2819">
     <span class='ocr_line' id='line_1_59' title="bbox 2068 2741 3758 2819; baseline -0.008 -14"><span class='ocrx_word' id='word_1_447' title='bbox 2068 2760 2127 2805; x_wconf 94' lang='lat' dir='ltr'><strong>ut</strong></span> <span class='ocrx_word' id='word_1_448' title='bbox 2165 2751 2414 2819; x_wconf 89' lang='lat' dir='ltr'><strong>quisque,</strong></span> <span class='ocrx_word' id='word_1_449' title='bbox 2457 2751 2584 2819; x_wconf 78' lang='lat' dir='ltr'><strong>quid</strong></span> <span class='ocrx_word' id='word_1_450' title='bbox 2625 2749 2818 2818; x_wconf 88' lang='lat' dir='ltr'><strong>possit,</strong></span> <span class='ocrx_word' id='word_1_451' title='bbox 2879 2755 3190 2815; x_wconf 86' lang='lat' dir='ltr'><strong>cognoscat.</strong></span> <span class='ocrx_word' id='word_1_452' title='bbox 3239 2743 3344 2798; x_wconf 89' lang='lat' dir='ltr'><strong>Sed</strong></span> <span class='ocrx_word' id='word_1_453' title='bbox 3386 2741 3516 2796; x_wconf 90' lang='lat' dir='ltr'><strong>nihil</strong></span> <span class='ocrx_word' id='word_1_454' title='bbox 3559 2747 3644 2794; x_wconf 87' lang='lat' dir='ltr'><strong>est</strong></span> <span class='ocrx_word' id='word_1_455' title='bbox 3755 2745 3758 2748; x_wconf 82' lang='grc'><strong>’</strong></span> 
     </span>
    </p>
   </div>
   <div class='ocr_carea' id='block_1_60' title="bbox 2069 2836 3635 2910">
    <p class='ocr_par' dir='ltr' id='par_1_60' title="bbox 2069 2836 3635 2910">
     <span class='ocr_line' id='line_1_60' title="bbox 2069 2836 3635 2910; baseline -0.008 -14"><span class='ocrx_word' id='word_1_456' title='bbox 2069 2843 2232 2908; x_wconf 88' lang='lat' dir='ltr'><strong>aliud,</strong></span> <span class='ocrx_word' id='word_1_457' title='bbox 2265 2859 2414 2897; x_wconf 78' lang='lat' dir='ltr'><strong>nosse</strong></span> <span class='ocrx_word' id='word_1_458' title='bbox 2448 2858 2502 2895; x_wconf 78' lang='lat' dir='ltr'><strong>se</strong></span> <span class='ocrx_word' id='word_1_459' title='bbox 2530 2843 2721 2908; x_wconf 73' lang='lat' dir='ltr'><strong>ipsum,</strong></span> <span class='ocrx_word' id='word_1_460' title='bbox 2762 2855 2922 2910; x_wconf 92' lang='lat' dir='ltr'><strong>quam</strong></span> <span class='ocrx_word' id='word_1_461' title='bbox 2961 2839 3124 2892; x_wconf 89' lang='lat' dir='ltr'><strong>totius</strong></span> <span class='ocrx_word' id='word_1_462' title='bbox 3169 2836 3350 2890; x_wconf 87' lang='lat' dir='ltr'><strong>mundi</strong></span> <span class='ocrx_word' id='word_1_463' title='bbox 3389 2843 3635 2888; x_wconf 83' lang='lat' dir='ltr'><strong>naturam</strong></span> 
     </span>
    </p>
   </div>
   <div class='ocr_carea' id='block_1_61' title="bbox 2070 2924 3644 3004">
    <p class='ocr_par' dir='ltr' id='par_1_61' title="bbox 2070 2924 3644 3004">
     <span class='ocr_line' id='line_1_61' title="bbox 2070 2924 3644 3004; baseline -0.009 -16"><span class='ocrx_word' id='word_1_464' title='bbox 2070 2949 2250 2996; x_wconf 83' lang='lat' dir='ltr'><strong>nosse,</strong></span> <span class='ocrx_word' id='word_1_465' title='bbox 2283 2935 2422 3002; x_wconf 90' lang='lat' dir='ltr'><strong>quod</strong></span> <span class='ocrx_word' id='word_1_466' title='bbox 2452 2935 2569 2988; x_wconf 88' lang='lat' dir='ltr'><strong>sine</strong></span> <span class='ocrx_word' id='word_1_467' title='bbox 2595 2932 2929 3004; x_wconf 81' lang='lat' dir='ltr'><strong>philoSOphia</strong></span> <span class='ocrx_word' id='word_1_468' title='bbox 2963 2930 3076 2984; x_wconf 86' lang='lat' dir='ltr'><strong>ﬁeri</strong></span> <span class='ocrx_word' id='word_1_469' title='bbox 3112 2945 3215 2982; x_wconf 93' lang='lat' dir='ltr'><strong>non</strong></span> <span class='ocrx_word' id='word_1_470' title='bbox 3251 2936 3446 2997; x_wconf 86' lang='lat' dir='ltr'><strong>potest,</strong></span> <span class='ocrx_word' id='word_1_471' title='bbox 3472 2924 3644 2995; x_wconf 80' lang='lat' dir='ltr'><strong>quod-</strong></span> 
     </span>
    </p>
   </div>
   <div class='ocr_carea' id='block_1_62' title="bbox 397 3013 1964 3098">
    <p class='ocr_par' dir='ltr' id='par_1_62' title="bbox 397 3013 1964 3089">
     <span class='ocr_line' id='line_1_62' title="bbox 397 3013 1964 3089; baseline -0.004 -17"><span class='ocrx_word' id='word_1_472' title='bbox 397 3035 537 3089; x_wconf 91' lang='grc' dir='ltr'>μονα</span> <span class='ocrx_word' id='word_1_473' title='bbox 567 3017 908 3086; x_wconf 74' lang='grc' dir='ltr'>ὶπιστήσας,</span> <span class='ocrx_word' id='word_1_474' title='bbox 943 3015 1230 3085; x_wconf 86' lang='grc' dir='ltr'>δυνήσεται</span> <span class='ocrx_word' id='word_1_475' title='bbox 1279 3015 1486 3086; x_wconf 75' lang='grc' dir='ltr'>ἑκάστῃ</span> <span class='ocrx_word' id='word_1_476' title='bbox 1519 3013 1628 3066; x_wconf 83' lang='grc' dir='ltr'><strong>τῶν</strong></span> <span class='ocrx_word' id='word_1_477' title='bbox 1664 3013 1838 3068; x_wconf 78' lang='grc' dir='ltr'>ἄλλων</span> <span class='ocrx_word' id='word_1_478' title='bbox 1878 3015 1964 3067; x_wconf 86' lang='grc' dir='ltr'><strong>δυ-</strong></span> 
     </span>
    </p>
   </div>
   <div class='ocr_carea' id='block_1_63' title="bbox 2066 3013 3640 3098">
    <p class='ocr_par' dir='ltr' id='par_1_63' title="bbox 2072 3022 3640 3096">
     <span class='ocr_line' id='line_1_63' title="bbox 2072 3022 3640 3096; baseline -0.007 -18"><span class='ocrx_word' id='word_1_479' title='bbox 2072 3041 2176 3096; x_wconf 87' lang='lat' dir='ltr'><strong>que</strong></span> <span class='ocrx_word' id='word_1_480' title='bbox 2207 3026 2348 3078; x_wconf 87' lang='lat' dir='ltr'><strong>Deus</strong></span> <span class='ocrx_word' id='word_1_481' title='bbox 2370 3041 2471 3078; x_wconf 91' lang='lat' dir='ltr'><strong>nos</strong></span> <span class='ocrx_word' id='word_1_482' title='bbox 2507 3032 2709 3078; x_wconf 87' lang='lat' dir='ltr'><strong>monet.</strong></span> <span class='ocrx_word' id='word_1_483' title='bbox 2737 3022 3072 3091; x_wconf 86' lang='lat' dir='ltr'><strong>Cognitionis</strong></span> <span class='ocrx_word' id='word_1_484' title='bbox 3102 3029 3225 3075; x_wconf 89' lang='lat' dir='ltr'><strong>octo</strong></span> <span class='ocrx_word' id='word_1_485' title='bbox 3247 3027 3368 3073; x_wconf 89' lang='lat' dir='ltr'><strong>sunt</strong></span> <span class='ocrx_word' id='word_1_486' title='bbox 3397 3031 3592 3083; x_wconf 89' lang='lat' dir='ltr'><strong>organa</strong></span> <span class='ocrx_word' id='word_1_487' title='bbox 3625 3033 3640 3068; x_wconf 89' lang='lat'><strong>:</strong></span> 
     </span>
    </p>
   </div>
   <div class='ocr_carea' id='block_1_64' title="bbox 394 3104 1965 3180">
    <p class='ocr_par' dir='ltr' id='par_1_64' title="bbox 394 3104 1965 3180">
     <span class='ocr_line' id='line_1_64' title="bbox 394 3104 1965 3180; baseline -0.004 -16"><span class='ocrx_word' id='word_1_488' title='bbox 394 3111 614 3180; x_wconf 84' lang='grc' dir='ltr'>νάμεων</span> <span class='ocrx_word' id='word_1_489' title='bbox 643 3108 725 3171; x_wconf 85' lang='grc' dir='ltr'>εις</span> <span class='ocrx_word' id='word_1_490' title='bbox 767 3107 888 3160; x_wconf 80' lang='grc' dir='ltr'>δέον</span> <span class='ocrx_word' id='word_1_491' title='bbox 913 3104 1241 3178; x_wconf 79' lang='grc' dir='ltr'>χρήσασθαι,</span> <span class='ocrx_word' id='word_1_492' title='bbox 1270 3107 1336 3176; x_wconf 83' lang='grc' dir='ltr'>τῇ</span> <span class='ocrx_word' id='word_1_493' title='bbox 1361 3121 1420 3158; x_wconf 92' lang='grc' dir='ltr'><strong>τε</strong></span> <span class='ocrx_word' id='word_1_494' title='bbox 1446 3106 1640 3176; x_wconf 85' lang='grc' dir='ltr'>κράσει</span> <span class='ocrx_word' id='word_1_495' title='bbox 1673 3105 1819 3176; x_wconf 77' lang='grc' dir='ltr'>φημὶ</span> <span class='ocrx_word' id='word_1_496' title='bbox 1856 3105 1965 3159; x_wconf 86' lang='grc' dir='ltr'><strong>τῶν</strong></span> 
     </span>
    </p>
   </div>
   <div class='ocr_carea' id='block_1_65' title="bbox 397 3195 1966 3272">
    <p class='ocr_par' dir='ltr' id='par_1_65' title="bbox 397 3195 1966 3272">
     <span class='ocr_line' id='line_1_65' title="bbox 397 3195 1966 3272; baseline -0.005 -16"><span class='ocrx_word' id='word_1_497' title='bbox 397 3200 678 3272; x_wconf 82' lang='grc' dir='ltr'>στοιχείων</span> <span class='ocrx_word' id='word_1_498' title='bbox 699 3200 798 3254; x_wconf 82' lang='grc' dir='ltr'>καὶ</span> <span class='ocrx_word' id='word_1_499' title='bbox 821 3197 900 3268; x_wconf 79' lang='grc' dir='ltr'>τῷ</span> <span class='ocrx_word' id='word_1_500' title='bbox 921 3195 1078 3269; x_wconf 84' lang='grc' dir='ltr'>θυμῷ</span> <span class='ocrx_word' id='word_1_501' title='bbox 1106 3197 1203 3250; x_wconf 76' lang='grc' dir='ltr'>καὶ</span> <span class='ocrx_word' id='word_1_502' title='bbox 1226 3199 1291 3267; x_wconf 80' lang='grc' dir='ltr'><strong>τῇ</strong></span> <span class='ocrx_word' id='word_1_503' title='bbox 1326 3196 1593 3267; x_wconf 75' lang='grc' dir='ltr'>ἐπιθυμίᾳ</span> <span class='ocrx_word' id='word_1_504' title='bbox 1626 3199 1720 3250; x_wconf 76' lang='grc' dir='ltr'>καὶ</span> <span class='ocrx_word' id='word_1_505' title='bbox 1742 3200 1808 3268; x_wconf 79' lang='grc' dir='ltr'>τῇ</span> <span class='ocrx_word' id='word_1_506' title='bbox 1841 3195 1966 3268; x_wconf 79' lang='grc' dir='ltr'><strong>ὀρέ-</strong></span> 
     </span>
    </p>
   </div>
   <div class='ocr_carea' id='block_1_66' title="bbox 397 3286 1962 3363">
    <p class='ocr_par' dir='ltr' id='par_1_66' title="bbox 397 3286 1962 3363">
     <span class='ocr_line' id='line_1_66' title="bbox 397 3286 1962 3363; baseline -0.003 -15"><span class='ocrx_word' id='word_1_507' title='bbox 397 3295 498 3359; x_wconf 79' lang='grc' dir='ltr'>ξει.</span> <span class='ocrx_word' id='word_1_508' title='bbox 539 3295 614 3348; x_wconf 79' lang='grc' dir='ltr'><strong>Τὸ</strong></span> <span class='ocrx_word' id='word_1_509' title='bbox 656 3291 788 3362; x_wconf 90' lang='grc' dir='ltr'>γοῦν</span> <span class='ocrx_word' id='word_1_510' title='bbox 816 3289 995 3362; x_wconf 77' lang='grc' dir='ltr'>γνῶθι</span> <span class='ocrx_word' id='word_1_511' title='bbox 1023 3292 1272 3353; x_wconf 74' lang='grc' dir='ltr'>σαυτὸν,</span> <span class='ocrx_word' id='word_1_512' title='bbox 1319 3290 1509 3344; x_wconf 83' lang='grc' dir='ltr'>δοκοῦν</span> <span class='ocrx_word' id='word_1_513' title='bbox 1554 3293 1754 3363; x_wconf 72' lang='grc' dir='ltr'>ῥᾷστον</span> <span class='ocrx_word' id='word_1_514' title='bbox 1803 3286 1962 3356; x_wconf 76' lang='grc' dir='ltr'>εἶναι,</span> 
     </span>
    </p>
   </div>
   <div class='ocr_carea' id='block_1_67' title="bbox 399 3379 1963 3450">
    <p class='ocr_par' dir='ltr' id='par_1_67' title="bbox 399 3379 1963 3450">
     <span class='ocr_line' id='line_1_67' title="bbox 399 3379 1963 3450; baseline -0.003 -13"><span class='ocrx_word' id='word_1_515' title='bbox 399 3383 615 3437; x_wconf 84' lang='grc' dir='ltr'>πάντων</span> <span class='ocrx_word' id='word_1_516' title='bbox 642 3382 759 3434; x_wconf 68' lang='grc' dir='ltr'>ἐστὶ</span> <span class='ocrx_word' id='word_1_517' title='bbox 788 3379 1206 3450; x_wconf 85' lang='grc' dir='ltr'>χαλεπώτατον·</span> <span class='ocrx_word' id='word_1_518' title='bbox 1251 3379 1278 3433; x_wconf 84' lang='lat'><strong>6</strong></span> <span class='ocrx_word' id='word_1_519' title='bbox 1327 3379 1419 3432; x_wconf 87' lang='grc' dir='ltr'><strong>καί</strong></span> <span class='ocrx_word' id='word_1_520' title='bbox 1452 3397 1584 3449; x_wconf 89' lang='grc' dir='ltr'>φασι</span> <span class='ocrx_word' id='word_1_521' title='bbox 1627 3381 1722 3433; x_wconf 89' lang='grc' dir='ltr'><strong>τοῦ</strong></span> <span class='ocrx_word' id='word_1_522' title='bbox 1762 3380 1963 3434; x_wconf 83' lang='grc' dir='ltr'>Πυθίου</span> 
     </span>
    </p>
   </div>
   <div class='ocr_carea' id='block_1_68' title="bbox 399 3470 1967 3543">
    <p class='ocr_par' dir='ltr' id='par_1_68' title="bbox 399 3470 1967 3543">
     <span class='ocr_line' id='line_1_68' title="bbox 399 3470 1967 3543; baseline 0.001 -17"><span class='ocrx_word' id='word_1_523' title='bbox 399 3470 540 3528; x_wconf 80' lang='grc' dir='ltr'>εἶναι</span> <span class='ocrx_word' id='word_1_524' title='bbox 556 3473 903 3538; x_wconf 79' lang='grc' dir='ltr'>Ἀπόλλωνος,</span> <span class='ocrx_word' id='word_1_525' title='bbox 927 3471 980 3525; x_wconf 85' lang='grc' dir='ltr'><strong>εί</strong></span> <span class='ocrx_word' id='word_1_526' title='bbox 1009 3472 1104 3526; x_wconf 81' lang='grc' dir='ltr'>καὶ</span> <span class='ocrx_word' id='word_1_527' title='bbox 1130 3471 1210 3535; x_wconf 86' lang='grc' dir='ltr'><strong>είς</strong></span> <span class='ocrx_word' id='word_1_528' title='bbox 1236 3472 1452 3528; x_wconf 85' lang='grc' dir='ltr'>Χίλωνα</span> <span class='ocrx_word' id='word_1_529' title='bbox 1481 3472 1590 3525; x_wconf 87' lang='grc' dir='ltr'><strong>τῶν</strong></span> <span class='ocrx_word' id='word_1_530' title='bbox 1615 3473 1754 3527; x_wconf 78' lang='grc' dir='ltr'>ἑπτὰ</span> <span class='ocrx_word' id='word_1_531' title='bbox 1783 3473 1967 3543; x_wconf 83' lang='grc' dir='ltr'>σοφῶν</span> 
     </span>
    </p>
   </div>
   <div class='ocr_carea' id='block_1_69' title="bbox 397 3563 1968 3636">
    <p class='ocr_par' dir='ltr' id='par_1_69' title="bbox 397 3563 1968 3636">
     <span class='ocr_line' id='line_1_69' title="bbox 397 3563 1968 3636; baseline 0 -18"><span class='ocrx_word' id='word_1_532' title='bbox 397 3566 492 3619; x_wconf 76' lang='grc' dir='ltr'>ινα</span> <span class='ocrx_word' id='word_1_533' title='bbox 522 3565 584 3619; x_wconf 86' lang='grc' dir='ltr'>τὸ</span> <span class='ocrx_word' id='word_1_534' title='bbox 622 3564 953 3634; x_wconf 81' lang='grc' dir='ltr'>ἀπόφθεγμα</span> <span class='ocrx_word' id='word_1_535' title='bbox 997 3563 1352 3635; x_wconf 79' lang='grc' dir='ltr'>ἀναφέρουσι.</span> <span class='ocrx_word' id='word_1_536' title='bbox 1418 3565 1682 3636; x_wconf 83' lang='grc' dir='ltr'>Παραινεϊ</span> <span class='ocrx_word' id='word_1_537' title='bbox 1733 3565 1780 3619; x_wconf 87' lang='grc' dir='ltr'><strong>δ’</strong></span> <span class='ocrx_word' id='word_1_538' title='bbox 1829 3566 1968 3635; x_wconf 73' lang='grc' dir='ltr'>ἡμῖν</span> 
     </span>
    </p>
   </div>
   <div class='ocr_carea' id='block_1_70' title="bbox 397 3654 1966 3728">
    <p class='ocr_par' dir='ltr' id='par_1_70' title="bbox 397 3654 1966 3728">
     <span class='ocr_line' id='line_1_70' title="bbox 397 3654 1966 3728; baseline 0.001 -18"><span class='ocrx_word' id='word_1_539' title='bbox 397 3658 598 3726; x_wconf 85' lang='grc' dir='ltr'>γνῶναι</span> <span class='ocrx_word' id='word_1_540' title='bbox 637 3655 736 3728; x_wconf 77' lang='grc' dir='ltr'>τὴν</span> <span class='ocrx_word' id='word_1_541' title='bbox 778 3655 988 3710; x_wconf 78' lang='grc' dir='ltr'>ἑαυτῶν</span> <span class='ocrx_word' id='word_1_542' title='bbox 1015 3654 1266 3727; x_wconf 84' lang='grc' dir='ltr'>δύναμιν.</span> <span class='ocrx_word' id='word_1_543' title='bbox 1300 3655 1372 3709; x_wconf 82' lang='lat' dir='ltr'><strong>T6</strong></span> <span class='ocrx_word' id='word_1_544' title='bbox 1399 3656 1458 3709; x_wconf 80' lang='grc' dir='ltr'><strong>δὲ</strong></span> <span class='ocrx_word' id='word_1_545' title='bbox 1491 3655 1715 3725; x_wconf 74' lang='grc' dir='ltr'>γνῶναι</span> <span class='ocrx_word' id='word_1_546' title='bbox 1747 3657 1966 3711; x_wconf 77' lang='grc' dir='ltr'>ἑαυτὸν</span> 
     </span>
    </p>
   </div>
   <div class='ocr_carea' id='block_1_71' title="bbox 393 3747 1958 3820">
    <p class='ocr_par' dir='ltr' id='par_1_71' title="bbox 393 3747 1958 3820">
     <span class='ocr_line' id='line_1_71' title="bbox 393 3747 1958 3820; baseline -0.001 -16"><span class='ocrx_word' id='word_1_547' title='bbox 393 3749 547 3804; x_wconf 80' lang='grc' dir='ltr'>οὐδὲν</span> <span class='ocrx_word' id='word_1_548' title='bbox 575 3749 702 3804; x_wconf 73' lang='grc' dir='ltr'>ἄλλο</span> <span class='ocrx_word' id='word_1_549' title='bbox 730 3747 932 3820; x_wconf 65' lang='grc' dir='ltr'>ἐστὶνῆ</span> <span class='ocrx_word' id='word_1_550' title='bbox 961 3749 1059 3819; x_wconf 78' lang='grc' dir='ltr'>τὴν</span> <span class='ocrx_word' id='word_1_551' title='bbox 1077 3749 1120 3780; x_wconf 81' lang='grc'><strong>¹³</strong></span> <span class='ocrx_word' id='word_1_552' title='bbox 1151 3748 1246 3801; x_wconf 88' lang='grc' dir='ltr'><strong>τοῦ</strong></span> <span class='ocrx_word' id='word_1_553' title='bbox 1275 3747 1589 3818; x_wconf 85' lang='grc' dir='ltr'>σύμπαντος</span> <span class='ocrx_word' id='word_1_554' title='bbox 1615 3751 1822 3819; x_wconf 88' lang='grc' dir='ltr'>κόσμου</span> <span class='ocrx_word' id='word_1_555' title='bbox 1855 3749 1958 3819; x_wconf 88' lang='grc' dir='ltr'>φύ-</span> 
     </span>
    </p>
   </div>
   <div class='ocr_carea' id='block_1_72' title="bbox 397 3837 1959 3911">
    <p class='ocr_par' dir='ltr' id='par_1_72' title="bbox 397 3837 1959 3911">
     <span class='ocr_line' id='line_1_72' title="bbox 397 3837 1959 3911; baseline -0.002 -16"><span class='ocrx_word' id='word_1_556' title='bbox 397 3858 482 3895; x_wconf 89' lang='grc' dir='ltr'><strong>σιν</strong></span> <span class='ocrx_word' id='word_1_557' title='bbox 505 3839 731 3911; x_wconf 86' lang='grc' dir='ltr'>γνῶναι.</span> <span class='ocrx_word' id='word_1_558' title='bbox 760 3839 933 3892; x_wconf 91' lang='grc' dir='ltr'>Τοῦτο</span> <span class='ocrx_word' id='word_1_559' title='bbox 961 3838 1019 3894; x_wconf 70' lang='grc' dir='ltr'><strong>δὲ</strong></span> <span class='ocrx_word' id='word_1_560' title='bbox 1047 3837 1307 3892; x_wconf 78' lang='grc' dir='ltr'>ἀδύνατον</span> <span class='ocrx_word' id='word_1_561' title='bbox 1338 3838 1466 3894; x_wconf 81' lang='grc' dir='ltr'>ἄνευ</span> <span class='ocrx_word' id='word_1_562' title='bbox 1499 3839 1593 3891; x_wconf 89' lang='grc' dir='ltr'><strong>τοῦ</strong></span> <span class='ocrx_word' id='word_1_563' title='bbox 1626 3840 1959 3910; x_wconf 77' lang='grc' dir='ltr'>φιλοσοφεῖν·</span> 
     </span>
    </p>
   </div>
   <div class='ocr_carea' id='block_1_73' title="bbox 392 3928 1966 4006">
    <p class='ocr_par' dir='ltr' id='par_1_73' title="bbox 392 3928 1966 4006">
     <span class='ocr_line' id='line_1_73' title="bbox 392 3928 1966 4006; baseline -0.003 -18"><span class='ocrx_word' id='word_1_564' title='bbox 392 3935 534 4006; x_wconf 78' lang='grc' dir='ltr'>ὅπερ</span> <span class='ocrx_word' id='word_1_565' title='bbox 561 3934 697 4005; x_wconf 77' lang='grc' dir='ltr'>ἡμῖν</span> <span class='ocrx_word' id='word_1_566' title='bbox 721 3934 750 3986; x_wconf 93' lang='lat'><strong>6</strong></span> <span class='ocrx_word' id='word_1_567' title='bbox 771 3931 904 3996; x_wconf 72' lang='grc' dir='ltr'>Θεὸς</span> <span class='ocrx_word' id='word_1_568' title='bbox 938 3933 1212 4002; x_wconf 86' lang='grc' dir='ltr'>παραινεῖ.</span> <span class='ocrx_word' id='word_1_569' title='bbox 1245 3931 1368 3984; x_wconf 87' lang='grc' dir='ltr'>Ὅτι</span> <span class='ocrx_word' id='word_1_570' title='bbox 1398 3928 1650 4000; x_wconf 80' lang='grc' dir='ltr'>γνώσεως</span> <span class='ocrx_word' id='word_1_571' title='bbox 1683 3931 1828 3985; x_wconf 84' lang='grc' dir='ltr'>ὀκτώ</span> <span class='ocrx_word' id='word_1_572' title='bbox 1862 3949 1966 3999; x_wconf 76' lang='grc' dir='ltr'>φα·</span> 
     </span>
    </p>
   </div>
   <div class='ocr_carea' id='block_1_74' title="bbox 395 4024 1962 4100">
    <p class='ocr_par' dir='ltr' id='par_1_74' title="bbox 395 4024 1962 4100">
     <span class='ocr_line' id='line_1_74' title="bbox 395 4024 1962 4100; baseline -0.003 -17"><span class='ocrx_word' id='word_1_573' title='bbox 395 4045 481 4083; x_wconf 90' lang='grc' dir='ltr'><strong>σιν</strong></span> <span class='ocrx_word' id='word_1_574' title='bbox 526 4028 752 4100; x_wconf 77' lang='grc' dir='ltr'>δργανα,</span> <span class='ocrx_word' id='word_1_575' title='bbox 803 4026 1081 4098; x_wconf 85' lang='grc' dir='ltr'>αίσθησιν,</span> <span class='ocrx_word' id='word_1_576' title='bbox 1131 4024 1448 4096; x_wconf 86' lang='grc' dir='ltr'>φαντασίαν,</span> <span class='ocrx_word' id='word_1_577' title='bbox 1495 4025 1711 4096; x_wconf 82' lang='grc' dir='ltr'>τέχνην,</span> <span class='ocrx_word' id='word_1_578' title='bbox 1780 4026 1962 4093; x_wconf 78' lang='grc' dir='ltr'>δόξαν,</span> 
     </span>
    </p>
   </div>
   <div class='ocr_carea' id='block_1_75' title="bbox 395 4116 1966 4192">
    <p class='ocr_par' dir='ltr' id='par_1_75' title="bbox 395 4116 1966 4192">
     <span class='ocr_line' id='line_1_75' title="bbox 395 4116 1966 4192; baseline -0.003 -18"><span class='ocrx_word' id='word_1_579' title='bbox 395 4121 679 4192; x_wconf 85' lang='grc' dir='ltr'>φρόνησιν,</span> <span class='ocrx_word' id='word_1_580' title='bbox 722 4121 1058 4190; x_wconf 73' lang='grc' dir='ltr'>ἐπιστήμην,</span> <span class='ocrx_word' id='word_1_581' title='bbox 1112 4119 1325 4188; x_wconf 85' lang='grc' dir='ltr'>σοφίαν,</span> <span class='ocrx_word' id='word_1_582' title='bbox 1357 4117 1502 4170; x_wconf 89' lang='grc' dir='ltr'>νοῦν.</span> <span class='ocrx_word' id='word_1_583' title='bbox 1548 4117 1764 4171; x_wconf 87' lang='grc' dir='ltr'>Τούτων</span> <span class='ocrx_word' id='word_1_584' title='bbox 1809 4116 1966 4171; x_wconf 83' lang='grc' dir='ltr'>κοινὰ</span> 
     </span>
    </p>
   </div>
   <div class='ocr_carea' id='block_1_76' title="bbox 397 4208 1964 4282">
    <p class='ocr_par' dir='ltr' id='par_1_76' title="bbox 397 4208 1964 4282">
     <span class='ocr_line' id='line_1_76' title="bbox 397 4208 1964 4282; baseline -0.003 -17"><span class='ocrx_word' id='word_1_585' title='bbox 397 4213 498 4282; x_wconf 75' lang='grc' dir='ltr'>μέν</span> <span class='ocrx_word' id='word_1_586' title='bbox 523 4213 671 4265; x_wconf 72' lang='grc' dir='ltr'>ἐστιν</span> <span class='ocrx_word' id='word_1_587' title='bbox 703 4212 838 4282; x_wconf 81' lang='grc' dir='ltr'>ἡμῖν</span> <span class='ocrx_word' id='word_1_588' title='bbox 869 4211 1006 4282; x_wconf 81' lang='grc' dir='ltr'>πρὸς</span> <span class='ocrx_word' id='word_1_589' title='bbox 1029 4210 1098 4264; x_wconf 84' lang='grc' dir='ltr'><strong>τά</strong></span> <span class='ocrx_word' id='word_1_590' title='bbox 1123 4210 1242 4264; x_wconf 82' lang='grc' dir='ltr'>θεῖα</span> <span class='ocrx_word' id='word_1_591' title='bbox 1267 4211 1431 4280; x_wconf 84' lang='grc' dir='ltr'>τέχνη</span> <span class='ocrx_word' id='word_1_592' title='bbox 1465 4209 1558 4262; x_wconf 74' lang='grc' dir='ltr'>καὶ</span> <span class='ocrx_word' id='word_1_593' title='bbox 1578 4210 1845 4281; x_wconf 85' lang='grc' dir='ltr'>φρόνησις</span> <span class='ocrx_word' id='word_1_594' title='bbox 1866 4208 1964 4263; x_wconf 73' lang='grc' dir='ltr'>καὶ</span> 
     </span>
    </p>
   </div>
   <div class='ocr_carea' id='block_1_77' title="bbox 393 4301 1958 4373">
    <p class='ocr_par' dir='ltr' id='par_1_77' title="bbox 393 4301 1958 4373">
     <span class='ocr_line' id='line_1_77' title="bbox 393 4301 1958 4373; baseline -0.001 -17"><span class='ocrx_word' id='word_1_595' title='bbox 393 4302 671 4373; x_wconf 65' lang='grc' dir='ltr'>ἐπιστήμη</span> <span class='ocrx_word' id='word_1_596' title='bbox 700 4303 795 4355; x_wconf 76' lang='grc' dir='ltr'>καὶ</span> <span class='ocrx_word' id='word_1_597' title='bbox 821 4304 965 4368; x_wconf 85' lang='grc' dir='ltr'>νοῦς,</span> <span class='ocrx_word' id='word_1_598' title='bbox 1015 4301 1153 4373; x_wconf 80' lang='grc' dir='ltr'>πρὸς</span> <span class='ocrx_word' id='word_1_599' title='bbox 1185 4301 1241 4354; x_wconf 74' lang='grc' dir='ltr'><strong>δὲ</strong></span> <span class='ocrx_word' id='word_1_600' title='bbox 1269 4302 1339 4354; x_wconf 83' lang='grc' dir='ltr'><strong>τά</strong></span> <span class='ocrx_word' id='word_1_601' title='bbox 1371 4301 1539 4368; x_wconf 75' lang='grc' dir='ltr'>ἄλογα</span> <span class='ocrx_word' id='word_1_602' title='bbox 1572 4301 1822 4370; x_wconf 70' lang='grc' dir='ltr'>αἴσθησις</span> <span class='ocrx_word' id='word_1_603' title='bbox 1862 4301 1958 4356; x_wconf 74' lang='grc' dir='ltr'>καὶ</span> 
     </span>
    </p>
   </div>
   <div class='ocr_carea' id='block_1_78' title="bbox 2069 3107 3642 3185">
    <p class='ocr_par' dir='ltr' id='par_1_78' title="bbox 2069 3107 3642 3185">
     <span class='ocr_line' id='line_1_78' title="bbox 2069 3107 3642 3185; baseline -0.009 -15"><span class='ocrx_word' id='word_1_604' title='bbox 2069 3131 2282 3179; x_wconf 88' lang='lat' dir='ltr'><strong>sensus,</strong></span> <span class='ocrx_word' id='word_1_605' title='bbox 2312 3115 2646 3185; x_wconf 85' lang='lat' dir='ltr'><strong>imaginatio,</strong></span> <span class='ocrx_word' id='word_1_606' title='bbox 2677 3126 2788 3179; x_wconf 88' lang='lat' dir='ltr'><strong>ars,</strong></span> <span class='ocrx_word' id='word_1_607' title='bbox 2817 3112 3022 3182; x_wconf 91' lang='lat' dir='ltr'><strong>opinio,</strong></span> <span class='ocrx_word' id='word_1_608' title='bbox 3060 3109 3364 3181; x_wconf 86' lang='lat' dir='ltr'><strong>prudentia,</strong></span> <span class='ocrx_word' id='word_1_609' title='bbox 3391 3107 3642 3167; x_wconf 85' lang='lat' dir='ltr'><strong>scientia,</strong></span> 
     </span>
    </p>
   </div>
   <div class='ocr_carea' id='block_1_79' title="bbox 2070 3199 3643 3275">
    <p class='ocr_par' dir='ltr' id='par_1_79' title="bbox 2070 3199 3643 3275">
     <span class='ocr_line' id='line_1_79' title="bbox 2070 3199 3643 3275; baseline -0.009 -14"><span class='ocrx_word' id='word_1_610' title='bbox 2070 3207 2353 3275; x_wconf 88' lang='lat' dir='ltr'><strong>sapientia,</strong></span> <span class='ocrx_word' id='word_1_611' title='bbox 2410 3223 2581 3260; x_wconf 89' lang='lat' dir='ltr'><strong>mens.</strong></span> <span class='ocrx_word' id='word_1_612' title='bbox 2639 3206 2849 3267; x_wconf 81' lang='lat' dir='ltr'><strong>Artem,</strong></span> <span class='ocrx_word' id='word_1_613' title='bbox 2905 3203 3271 3273; x_wconf 89' lang='lat' dir='ltr'><strong>prudentiam,</strong></span> <span class='ocrx_word' id='word_1_614' title='bbox 3335 3199 3643 3264; x_wconf 80' lang='lat' dir='ltr'><strong>scientiam,</strong></span> 
     </span>
    </p>
   </div>
   <div class='ocr_carea' id='block_1_80' title="bbox 2071 3291 3648 3362">
    <p class='ocr_par' dir='ltr' id='par_1_80' title="bbox 2071 3291 3648 3362">
     <span class='ocr_line' id='line_1_80' title="bbox 2071 3291 3648 3362; baseline -0.006 -12"><span class='ocrx_word' id='word_1_615' title='bbox 2071 3307 2325 3362; x_wconf 89' lang='lat' dir='ltr'><strong>mentem,</strong></span> <span class='ocrx_word' id='word_1_616' title='bbox 2361 3312 2701 3350; x_wconf 87' lang='lat' dir='ltr'><strong>communem</strong></span> <span class='ocrx_word' id='word_1_617' title='bbox 2735 3311 2855 3350; x_wconf 91' lang='lat' dir='ltr'><strong>cum</strong></span> <span class='ocrx_word' id='word_1_618' title='bbox 2889 3295 2991 3349; x_wconf 86' lang='lat' dir='ltr'><strong>diis</strong></span> <span class='ocrx_word' id='word_1_619' title='bbox 3023 3294 3302 3348; x_wconf 82' lang='lat' dir='ltr'><strong>habemus.</strong></span> <span class='ocrx_word' id='word_1_620' title='bbox 3336 3291 3562 3346; x_wconf 88' lang='lat' dir='ltr'><strong>Sensum</strong></span> <span class='ocrx_word' id='word_1_621' title='bbox 3588 3299 3648 3342; x_wconf 89' lang='lat' dir='ltr'><strong>et</strong></span> 
     </span>
    </p>
   </div>
   <div class='ocr_carea' id='block_1_81' title="bbox 2071 3381 3644 3458">
    <p class='ocr_par' dir='ltr' id='par_1_81' title="bbox 2071 3381 3644 3458">
     <span class='ocr_line' id='line_1_81' title="bbox 2071 3381 3644 3458; baseline -0.007 -16"><span class='ocrx_word' id='word_1_622' title='bbox 2071 3389 2509 3458; x_wconf 81' lang='lat' dir='ltr'><strong>imaginationem</strong></span> <span class='ocrx_word' id='word_1_623' title='bbox 2550 3403 2668 3440; x_wconf 84' lang='lat' dir='ltr'><strong>cum</strong></span> <span class='ocrx_word' id='word_1_624' title='bbox 2721 3387 2927 3441; x_wconf 88' lang='lat' dir='ltr'><strong>bestiis.</strong></span> <span class='ocrx_word' id='word_1_625' title='bbox 2983 3385 3149 3438; x_wconf 88' lang='lat' dir='ltr'><strong>Nobis</strong></span> <span class='ocrx_word' id='word_1_626' title='bbox 3208 3392 3388 3436; x_wconf 90' lang='lat' dir='ltr'><strong>autem</strong></span> <span class='ocrx_word' id='word_1_627' title='bbox 3437 3381 3644 3436; x_wconf 81' lang='lat' dir='ltr'><strong>solum-</strong></span> 
     </span>
    </p>
   </div>
   <div class='ocr_carea' id='block_1_82' title="bbox 2070 3473 3646 3547">
    <p class='ocr_par' dir='ltr' id='par_1_82' title="bbox 2070 3473 3646 3547">
     <span class='ocr_line' id='line_1_82' title="bbox 2070 3473 3646 3547; baseline -0.005 -13"><span class='ocrx_word' id='word_1_628' title='bbox 2070 3482 2229 3534; x_wconf 88' lang='lat' dir='ltr'><strong>modo</strong></span> <span class='ocrx_word' id='word_1_629' title='bbox 2261 3479 2473 3547; x_wconf 86' lang='lat' dir='ltr'><strong>propria</strong></span> <span class='ocrx_word' id='word_1_630' title='bbox 2497 3489 2577 3532; x_wconf 91' lang='lat' dir='ltr'><strong>est</strong></span> <span class='ocrx_word' id='word_1_631' title='bbox 2603 3479 2806 3546; x_wconf 85' lang='lat' dir='ltr'><strong>opinio.</strong></span> <span class='ocrx_word' id='word_1_632' title='bbox 2851 3475 3055 3530; x_wconf 91' lang='lat' dir='ltr'><strong>Sensus</strong></span> <span class='ocrx_word' id='word_1_633' title='bbox 3089 3485 3173 3530; x_wconf 89' lang='lat' dir='ltr'><strong>est</strong></span> <span class='ocrx_word' id='word_1_634' title='bbox 3205 3473 3368 3528; x_wconf 78' lang='lat' dir='ltr'><strong>fallax</strong></span> <span class='ocrx_word' id='word_1_635' title='bbox 3406 3473 3646 3542; x_wconf 87' lang='lat' dir='ltr'><strong>cognitio</strong></span> 
     </span>
    </p>
   </div>
   <div class='ocr_carea' id='block_1_83' title="bbox 2067 3565 3642 3643">
    <p class='ocr_par' dir='ltr' id='par_1_83' title="bbox 2067 3565 3642 3643">
     <span class='ocr_line' id='line_1_83' title="bbox 2067 3565 3642 3643; baseline -0.006 -15"><span class='ocrx_word' id='word_1_636' title='bbox 2067 3589 2164 3643; x_wconf 90' lang='lat' dir='ltr'><strong>per</strong></span> <span class='ocrx_word' id='word_1_637' title='bbox 2187 3587 2400 3639; x_wconf 89' lang='lat' dir='ltr'><strong>corpus.</strong></span> <span class='ocrx_word' id='word_1_638' title='bbox 2433 3568 2752 3640; x_wconf 84' lang='lat' dir='ltr'><strong>lmaginatio</strong></span> <span class='ocrx_word' id='word_1_639' title='bbox 2777 3577 2954 3622; x_wconf 88' lang='lat' dir='ltr'><strong>motus</strong></span> <span class='ocrx_word' id='word_1_640' title='bbox 2978 3569 3194 3638; x_wconf 87' lang='lat' dir='ltr'><strong>quidam</strong></span> <span class='ocrx_word' id='word_1_641' title='bbox 3225 3570 3278 3620; x_wconf 93' lang='lat' dir='ltr'><strong>in</strong></span> <span class='ocrx_word' id='word_1_642' title='bbox 3311 3568 3511 3622; x_wconf 89' lang='lat' dir='ltr'><strong>animo.</strong></span> <span class='ocrx_word' id='word_1_643' title='bbox 3537 3565 3642 3619; x_wconf 83' lang='lat' dir='ltr'><strong>Ars</strong></span> 
     </span>
    </p>
   </div>
   <div class='ocr_carea' id='block_1_84' title="bbox 2067 3657 3642 3724">
    <p class='ocr_par' dir='ltr' id='par_1_84' title="bbox 2067 3657 3642 3724">
     <span class='ocr_line' id='line_1_84' title="bbox 2067 3657 3642 3724; baseline -0.005 -6"><span class='ocrx_word' id='word_1_644' title='bbox 2067 3674 2150 3718; x_wconf 87' lang='lat' dir='ltr'><strong>est</strong></span> <span class='ocrx_word' id='word_1_645' title='bbox 2176 3664 2389 3717; x_wconf 85' lang='lat' dir='ltr'><strong>habitus</strong></span> <span class='ocrx_word' id='word_1_646' title='bbox 2417 3678 2540 3716; x_wconf 91' lang='lat' dir='ltr'><strong>cum</strong></span> <span class='ocrx_word' id='word_1_647' title='bbox 2575 3662 2784 3716; x_wconf 89' lang='lat' dir='ltr'><strong>ratione</strong></span> <span class='ocrx_word' id='word_1_648' title='bbox 2808 3660 3057 3715; x_wconf 84' lang='lat' dir='ltr'><strong>laborans</strong></span> <span class='ocrx_word' id='word_1_649' title='bbox 3084 3677 3098 3724; x_wconf 91' lang='lat'><strong>;</strong></span> <span class='ocrx_word' id='word_1_650' title='bbox 3125 3657 3345 3712; x_wconf 84' lang='lat' dir='ltr'><strong>additur</strong></span> <span class='ocrx_word' id='word_1_651' title='bbox 3371 3658 3496 3721; x_wconf 88' lang='lat' dir='ltr'><strong>hoc,</strong></span> <span class='ocrx_word' id='word_1_652' title='bbox 3520 3673 3642 3710; x_wconf 85' lang='lat' dir='ltr'><strong>cum</strong></span> 
     </span>
    </p>
   </div>
   <div class='ocr_carea' id='block_1_85' title="bbox 2068 3753 3643 3822">
    <p class='ocr_par' dir='ltr' id='par_1_85' title="bbox 2068 3753 3643 3822">
     <span class='ocr_line' id='line_1_85' title="bbox 2068 3753 3643 3822; baseline -0.003 -14"><span class='ocrx_word' id='word_1_653' title='bbox 2068 3756 2286 3817; x_wconf 75' lang='lat' dir='ltr'><strong>ratione,</strong></span> <span class='ocrx_word' id='word_1_654' title='bbox 2319 3755 2442 3822; x_wconf 90' lang='lat' dir='ltr'><strong>quia</strong></span> <span class='ocrx_word' id='word_1_655' title='bbox 2495 3753 2657 3807; x_wconf 88' lang='lat' dir='ltr'><strong>etiam</strong></span> <span class='ocrx_word' id='word_1_656' title='bbox 2702 3767 2900 3807; x_wconf 82' lang='lat' dir='ltr'><strong>aranea</strong></span> <span class='ocrx_word' id='word_1_657' title='bbox 2936 3761 3219 3822; x_wconf 88' lang='lat' dir='ltr'><strong>operatur,</strong></span> <span class='ocrx_word' id='word_1_658' title='bbox 3272 3760 3643 3804; x_wconf 85' lang='lat' dir='ltr'><strong>verumtamen</strong></span> 
     </span>
    </p>
   </div>
   <div class='ocr_carea' id='block_1_86' title="bbox 2066 3841 3643 3912">
    <p class='ocr_par' dir='ltr' id='par_1_86' title="bbox 2066 3841 3643 3912">
     <span class='ocr_line' id='line_1_86' title="bbox 2066 3841 3643 3912; baseline -0.005 -11"><span class='ocrx_word' id='word_1_659' title='bbox 2066 3847 2185 3901; x_wconf 90' lang='lat' dir='ltr'><strong>sine</strong></span> <span class='ocrx_word' id='word_1_660' title='bbox 2234 3848 2460 3900; x_wconf 88' lang='lat' dir='ltr'><strong>ratione.</strong></span> <span class='ocrx_word' id='word_1_661' title='bbox 2503 3843 2794 3899; x_wconf 86' lang='lat' dir='ltr'><strong>Prudentia</strong></span> <span class='ocrx_word' id='word_1_662' title='bbox 2836 3854 2918 3900; x_wconf 88' lang='lat' dir='ltr'><strong>est</strong></span> <span class='ocrx_word' id='word_1_663' title='bbox 2963 3845 3199 3908; x_wconf 89' lang='lat' dir='ltr'><strong>habitus,</strong></span> <span class='ocrx_word' id='word_1_664' title='bbox 3247 3844 3337 3912; x_wconf 91' lang='lat' dir='ltr'><strong>qui</strong></span> <span class='ocrx_word' id='word_1_665' title='bbox 3389 3843 3439 3896; x_wconf 92' lang='lat' dir='ltr'><strong>in</strong></span> <span class='ocrx_word' id='word_1_666' title='bbox 3481 3841 3643 3895; x_wconf 86' lang='lat' dir='ltr'><strong>rebus</strong></span> 
     </span>
    </p>
   </div>
   <div class='ocr_carea' id='block_1_87' title="bbox 2069 3934 3642 4008">
    <p class='ocr_par' dir='ltr' id='par_1_87' title="bbox 2069 3934 3642 4008">
     <span class='ocr_line' id='line_1_87' title="bbox 2069 3934 3642 4008; baseline -0.006 -15"><span class='ocrx_word' id='word_1_667' title='bbox 2069 3952 2216 3994; x_wconf 91' lang='lat' dir='ltr'><strong>recte</strong></span> <span class='ocrx_word' id='word_1_668' title='bbox 2261 3939 2580 4008; x_wconf 83' lang='lat' dir='ltr'><strong>peragendis</strong></span> <span class='ocrx_word' id='word_1_669' title='bbox 2631 3939 2962 3992; x_wconf 90' lang='lat' dir='ltr'><strong>continetur.</strong></span> <span class='ocrx_word' id='word_1_670' title='bbox 3016 3935 3254 3990; x_wconf 85' lang='lat' dir='ltr'><strong>Scientia</strong></span> <span class='ocrx_word' id='word_1_671' title='bbox 3306 3943 3388 3989; x_wconf 88' lang='lat' dir='ltr'><strong>est</strong></span> <span class='ocrx_word' id='word_1_672' title='bbox 3427 3934 3642 3987; x_wconf 91' lang='lat' dir='ltr'><strong>habitus</strong></span> 
     </span>
    </p>
   </div>
   <div class='ocr_carea' id='block_1_88' title="bbox 2065 4019 3644 4100">
    <p class='ocr_par' dir='ltr' id='par_1_88' title="bbox 2065 4019 3644 4100">
     <span class='ocr_line' id='line_1_88' title="bbox 2065 4019 3644 4100; baseline -0.006 -14"><span class='ocrx_word' id='word_1_673' title='bbox 2065 4046 2251 4086; x_wconf 90' lang='lat' dir='ltr'><strong>eorum</strong></span> <span class='ocrx_word' id='word_1_674' title='bbox 2281 4047 2400 4100; x_wconf 66' lang='lat' dir='ltr'><strong>quae</strong></span> <span class='ocrx_word' id='word_1_675' title='bbox 2427 4046 2642 4100; x_wconf 86' lang='lat' dir='ltr'><strong>semper</strong></span> <span class='ocrx_word' id='word_1_676' title='bbox 2671 4039 2726 4084; x_wconf 89' lang='lat' dir='ltr'><strong>et</strong></span> <span class='ocrx_word' id='word_1_677' title='bbox 2758 4019 3011 4084; x_wconf 87' lang='lat' dir='ltr'><strong>similiter</strong></span> <span class='ocrx_word' id='word_1_678' title='bbox 3042 4029 3230 4082; x_wconf 90' lang='lat' dir='ltr'><strong>eadem</strong></span> <span class='ocrx_word' id='word_1_679' title='bbox 3262 4026 3494 4081; x_wconf 78' lang='lat' dir='ltr'><strong>fuerunt.</strong></span> <span class='ocrx_word' id='word_1_680' title='bbox 3543 4023 3644 4079; x_wconf 81' lang='lat' dir='ltr'><strong>Sa-</strong></span> 
     </span>
    </p>
   </div>
   <div class='ocr_carea' id='block_1_89' title="bbox 2066 4117 3644 4196">
    <p class='ocr_par' dir='ltr' id='par_1_89' title="bbox 2066 4117 3644 4196">
     <span class='ocr_line' id='line_1_89' title="bbox 2066 4117 3644 4196; baseline -0.006 -19"><span class='ocrx_word' id='word_1_681' title='bbox 2066 4125 2264 4196; x_wconf 89' lang='lat' dir='ltr'><strong>pientia</strong></span> <span class='ocrx_word' id='word_1_682' title='bbox 2300 4125 2650 4194; x_wconf 89' lang='lat' dir='ltr'><strong>plurimarum</strong></span> <span class='ocrx_word' id='word_1_683' title='bbox 2700 4137 2990 4178; x_wconf 88' lang='lat' dir='ltr'><strong>causarum</strong></span> <span class='ocrx_word' id='word_1_684' title='bbox 3038 4121 3297 4191; x_wconf 89' lang='lat' dir='ltr'><strong>cognitio.</strong></span> <span class='ocrx_word' id='word_1_685' title='bbox 3341 4117 3489 4174; x_wconf 76' lang='lat' dir='ltr'><strong>Mens</strong></span> <span class='ocrx_word' id='word_1_686' title='bbox 3541 4118 3644 4171; x_wconf 90' lang='lat' dir='ltr'><strong>ini-</strong></span> 
     </span>
    </p>
   </div>
   <div class='ocr_carea' id='block_1_90' title="bbox 2068 4211 3644 4277">
    <p class='ocr_par' dir='ltr' id='par_1_90' title="bbox 2068 4211 3644 4277">
     <span class='ocr_line' id='line_1_90' title="bbox 2068 4211 3644 4277; baseline -0.006 -8"><span class='ocrx_word' id='word_1_687' title='bbox 2068 4217 2201 4269; x_wconf 91' lang='lat' dir='ltr'><strong>tium</strong></span> <span class='ocrx_word' id='word_1_688' title='bbox 2227 4227 2280 4268; x_wconf 91' lang='lat' dir='ltr'><strong>et</strong></span> <span class='ocrx_word' id='word_1_689' title='bbox 2309 4216 2428 4270; x_wconf 83' lang='lat' dir='ltr'><strong>fons</strong></span> <span class='ocrx_word' id='word_1_690' title='bbox 2456 4217 2632 4271; x_wconf 90' lang='lat' dir='ltr'><strong>omnis</strong></span> <span class='ocrx_word' id='word_1_691' title='bbox 2662 4214 2808 4268; x_wconf 90' lang='lat' dir='ltr'><strong>boni.</strong></span> <span class='ocrx_word' id='word_1_692' title='bbox 2841 4213 2978 4268; x_wconf 86' lang='lat' dir='ltr'><strong>Tres</strong></span> <span class='ocrx_word' id='word_1_693' title='bbox 3021 4224 3146 4269; x_wconf 88' lang='lat' dir='ltr'><strong>sunt</strong></span> <span class='ocrx_word' id='word_1_694' title='bbox 3183 4211 3474 4266; x_wconf 88' lang='lat' dir='ltr'><strong>docilitatis</strong></span> <span class='ocrx_word' id='word_1_695' title='bbox 3521 4223 3644 4277; x_wconf 92' lang='lat' dir='ltr'><strong>par-</strong></span> 
     </span>
    </p>
   </div>
   <div class='ocr_carea' id='block_1_91' title="bbox 2069 4301 3641 4373">
    <p class='ocr_par' dir='ltr' id='par_1_91' title="bbox 2069 4301 3641 4373">
     <span class='ocr_line' id='line_1_91' title="bbox 2069 4301 3641 4373; baseline -0.006 -14"><span class='ocrx_word' id='word_1_696' title='bbox 2069 4317 2196 4360; x_wconf 88' lang='lat' dir='ltr'><strong>tes:</strong></span> <span class='ocrx_word' id='word_1_697' title='bbox 2235 4305 2477 4370; x_wconf 88' lang='lat' dir='ltr'><strong>solertia,</strong></span> <span class='ocrx_word' id='word_1_698' title='bbox 2543 4307 2798 4360; x_wconf 68' lang='lat' dir='ltr'><strong>memoria</strong></span> <span class='ocrx_word' id='word_1_699' title='bbox 2855 4315 2909 4358; x_wconf 88' lang='lat' dir='ltr'><strong>et</strong></span> <span class='ocrx_word' id='word_1_700' title='bbox 2979 4303 3179 4373; x_wconf 86' lang='lat' dir='ltr'><strong>ingenii</strong></span> <span class='ocrx_word' id='word_1_701' title='bbox 3236 4304 3336 4356; x_wconf 77' lang='lat' dir='ltr'><strong>vis.</strong></span> <span class='ocrx_word' id='word_1_702' title='bbox 3388 4301 3641 4354; x_wconf 85' lang='lat' dir='ltr'><strong>Memoria</strong></span> 
     </span>
    </p>
   </div>
   <div class='ocr_carea' id='block_1_92' title="bbox 395 4385 1964 4470">
    <p class='ocr_par' dir='ltr' id='par_1_92' title="bbox 395 4392 1960 4466">
     <span class='ocr_line' id='line_1_92' title="bbox 395 4392 1960 4466; baseline -0.002 -18"><span class='ocrx_word' id='word_1_703' title='bbox 395 4393 700 4466; x_wconf 78' lang='grc' dir='ltr'>φαντασία·</span> <span class='ocrx_word' id='word_1_704' title='bbox 728 4392 859 4446; x_wconf 85' lang='grc' dir='ltr'>ῐδιον</span> <span class='ocrx_word' id='word_1_705' title='bbox 885 4393 942 4446; x_wconf 80' lang='grc' dir='ltr'><strong>δὲ</strong></span> <span class='ocrx_word' id='word_1_706' title='bbox 977 4392 1134 4464; x_wconf 79' lang='grc' dir='ltr'>ἡμῶν</span> <span class='ocrx_word' id='word_1_707' title='bbox 1164 4393 1380 4464; x_wconf 81' lang='grc' dir='ltr'>μόνονή</span> <span class='ocrx_word' id='word_1_708' title='bbox 1411 4392 1560 4459; x_wconf 83' lang='grc' dir='ltr'>δόξα.</span> <span class='ocrx_word' id='word_1_709' title='bbox 1595 4394 1748 4446; x_wconf 80' lang='grc' dir='ltr'>Ἔστι</span> <span class='ocrx_word' id='word_1_710' title='bbox 1783 4393 1840 4448; x_wconf 78' lang='grc' dir='ltr'><strong>δὲ</strong></span> <span class='ocrx_word' id='word_1_711' title='bbox 1872 4394 1960 4446; x_wconf 81' lang='grc' dir='ltr'><strong>αῖ-</strong></span> 
     </span>
    </p>
   </div>
   <div class='ocr_carea' id='block_1_93' title="bbox 2066 4385 3644 4470">
    <p class='ocr_par' dir='ltr' id='par_1_93' title="bbox 2066 4385 3644 4470">
     <span class='ocr_line' id='line_1_93' title="bbox 2066 4385 3644 4470; baseline -0.006 -21"><span class='ocrx_word' id='word_1_712' title='bbox 2066 4396 2261 4470; x_wconf 62' lang='grc' dir='ltr'><strong>Μια</strong></span> <span class='ocrx_word' id='word_1_713' title='bbox 2307 4395 2541 4450; x_wconf 84' lang='lat' dir='ltr'><strong>custodit</strong></span> <span class='ocrx_word' id='word_1_714' title='bbox 2572 4409 2633 4446; x_wconf 90' lang='lat' dir='ltr'><strong>ea</strong></span> <span class='ocrx_word' id='word_1_715' title='bbox 2675 4408 2794 4462; x_wconf 76' lang='lat' dir='ltr'><strong>quae</strong></span> <span class='ocrx_word' id='word_1_716' title='bbox 2845 4393 3116 4460; x_wconf 88' lang='lat' dir='ltr'><strong>quondam</strong></span> <span class='ocrx_word' id='word_1_717' title='bbox 3144 4391 3264 4459; x_wconf 90' lang='lat' dir='ltr'><strong>quis</strong></span> <span class='ocrx_word' id='word_1_718' title='bbox 3309 4389 3516 4443; x_wconf 89' lang='lat' dir='ltr'><strong>didicit.</strong></span> <span class='ocrx_word' id='word_1_719' title='bbox 3553 4385 3644 4440; x_wconf 76' lang='lat' dir='ltr'><strong>Vis</strong></span> 
     </span>
    </p>
   </div>
   <div class='ocr_carea' id='block_1_94' title="bbox 395 4484 1962 4562">
    <p class='ocr_par' dir='ltr' id='par_1_94' title="bbox 395 4484 1962 4562">
     <span class='ocr_line' id='line_1_94' title="bbox 395 4484 1962 4562; baseline -0.003 -19"><span class='ocrx_word' id='word_1_720' title='bbox 395 4489 584 4559; x_wconf 84' lang='grc' dir='ltr'>σθησις</span> <span class='ocrx_word' id='word_1_721' title='bbox 617 4487 718 4562; x_wconf 79' lang='grc' dir='ltr'>μὲν</span> <span class='ocrx_word' id='word_1_722' title='bbox 745 4485 946 4555; x_wconf 81' lang='grc' dir='ltr'>γνῶσις</span> <span class='ocrx_word' id='word_1_723' title='bbox 969 4485 1170 4556; x_wconf 82' lang='grc' dir='ltr'>ψευδὴς</span> <span class='ocrx_word' id='word_1_724' title='bbox 1191 4485 1280 4539; x_wconf 84' lang='grc' dir='ltr'><strong>διὰ</strong></span> <span class='ocrx_word' id='word_1_725' title='bbox 1310 4484 1584 4554; x_wconf 84' lang='grc' dir='ltr'>σώματος,</span> <span class='ocrx_word' id='word_1_726' title='bbox 1611 4487 1884 4554; x_wconf 88' lang='grc' dir='ltr'>φαντασία</span> <span class='ocrx_word' id='word_1_727' title='bbox 1905 4485 1962 4538; x_wconf 79' lang='grc' dir='ltr'><strong>δὲ</strong></span> 
     </span>
    </p>
   </div>
   <div class='ocr_carea' id='block_1_95' title="bbox 394 4576 1962 4651">
    <p class='ocr_par' dir='ltr' id='par_1_95' title="bbox 394 4576 1962 4651">
     <span class='ocr_line' id='line_1_95' title="bbox 394 4576 1962 4651; baseline -0.005 -15"><span class='ocrx_word' id='word_1_728' title='bbox 394 4581 606 4651; x_wconf 87' lang='grc' dir='ltr'>κίνησις</span> <span class='ocrx_word' id='word_1_729' title='bbox 627 4580 684 4634; x_wconf 65' lang='grc' dir='ltr'>ἂν</span> <span class='ocrx_word' id='word_1_730' title='bbox 703 4580 851 4650; x_wconf 79' lang='grc' dir='ltr'>ψυχῇ</span> <span class='ocrx_word' id='word_1_731' title='bbox 875 4619 889 4644; x_wconf 94' lang='grc'><strong>,</strong></span> <span class='ocrx_word' id='word_1_732' title='bbox 932 4577 1097 4648; x_wconf 80' lang='grc' dir='ltr'>τέχνη</span> <span class='ocrx_word' id='word_1_733' title='bbox 1123 4576 1181 4629; x_wconf 74' lang='grc' dir='ltr'><strong>δὲ</strong></span> <span class='ocrx_word' id='word_1_734' title='bbox 1205 4576 1320 4642; x_wconf 68' lang='grc' dir='ltr'>ἕξις</span> <span class='ocrx_word' id='word_1_735' title='bbox 1349 4576 1609 4648; x_wconf 78' lang='grc' dir='ltr'>ποιητικὴ</span> <span class='ocrx_word' id='word_1_736' title='bbox 1635 4576 1776 4646; x_wconf 86' lang='grc' dir='ltr'>μετὰ</span> <span class='ocrx_word' id='word_1_737' title='bbox 1804 4576 1962 4644; x_wconf 87' lang='grc' dir='ltr'>λόγου</span> 
     </span>
    </p>
   </div>
   <div class='ocr_carea' id='block_1_96' title="bbox 395 4668 1963 4744">
    <p class='ocr_par' dir='ltr' id='par_1_96' title="bbox 395 4668 1963 4744">
     <span class='ocr_line' id='line_1_96' title="bbox 395 4668 1963 4744; baseline -0.004 -18"><span class='ocrx_word' id='word_1_738' title='bbox 395 4674 480 4744; x_wconf 75' lang='grc' dir='ltr'><strong>(τὸ</strong></span> <span class='ocrx_word' id='word_1_739' title='bbox 500 4673 558 4728; x_wconf 83' lang='grc' dir='ltr'><strong>δὲ</strong></span> <span class='ocrx_word' id='word_1_740' title='bbox 581 4671 734 4742; x_wconf 79' lang='grc' dir='ltr'>μετὰ</span> <span class='ocrx_word' id='word_1_741' title='bbox 751 4673 939 4742; x_wconf 72' lang='grc' dir='ltr'>λόγου</span> <span class='ocrx_word' id='word_1_742' title='bbox 957 4671 1001 4703; x_wconf 86' lang='grc'><strong>¹⁶</strong></span> <span class='ocrx_word' id='word_1_743' title='bbox 1032 4669 1354 4741; x_wconf 87' lang='grc' dir='ltr'>πρόσκειται</span> <span class='ocrx_word' id='word_1_744' title='bbox 1377 4711 1391 4737; x_wconf 91' lang='grc'><strong>,</strong></span> <span class='ocrx_word' id='word_1_745' title='bbox 1425 4670 1507 4722; x_wconf 80' lang='grc' dir='ltr'>ὅτι</span> <span class='ocrx_word' id='word_1_746' title='bbox 1537 4670 1631 4722; x_wconf 76' lang='grc' dir='ltr'>καὶ</span> <span class='ocrx_word' id='word_1_747' title='bbox 1663 4671 1691 4723; x_wconf 90' lang='lat'><strong>6</strong></span> <span class='ocrx_word' id='word_1_748' title='bbox 1717 4668 1963 4738; x_wconf 82' lang='grc' dir='ltr'>ἀράχνης</span> 
     </span>
    </p>
   </div>
   <div class='ocr_carea' id='block_1_97' title="bbox 395 4759 1963 4836">
    <p class='ocr_par' dir='ltr' id='par_1_97' title="bbox 395 4759 1963 4836">
     <span class='ocr_line' id='line_1_97' title="bbox 395 4759 1963 4836; baseline -0.004 -17"><span class='ocrx_word' id='word_1_749' title='bbox 395 4767 560 4831; x_wconf 77' lang='grc' dir='ltr'>ποιεί,</span> <span class='ocrx_word' id='word_1_750' title='bbox 593 4766 709 4820; x_wconf 82' lang='grc' dir='ltr'>ἀλλ’</span> <span class='ocrx_word' id='word_1_751' title='bbox 738 4764 801 4818; x_wconf 84' lang='grc' dir='ltr'>οὐ</span> <span class='ocrx_word' id='word_1_752' title='bbox 839 4763 978 4836; x_wconf 84' lang='grc' dir='ltr'>μετὰ</span> <span class='ocrx_word' id='word_1_753' title='bbox 1005 4761 1190 4834; x_wconf 86' lang='grc' dir='ltr'>λόγου)</span> <span class='ocrx_word' id='word_1_754' title='bbox 1211 4800 1226 4825; x_wconf 94' lang='grc'><strong>,</strong></span> <span class='ocrx_word' id='word_1_755' title='bbox 1257 4762 1516 4833; x_wconf 83' lang='grc' dir='ltr'>φρόνησις</span> <span class='ocrx_word' id='word_1_756' title='bbox 1542 4763 1600 4815; x_wconf 71' lang='grc' dir='ltr'><strong>δὲ</strong></span> <span class='ocrx_word' id='word_1_757' title='bbox 1625 4759 1737 4827; x_wconf 67' lang='grc' dir='ltr'>ἕξις</span> <span class='ocrx_word' id='word_1_758' title='bbox 1769 4776 1963 4830; x_wconf 90' lang='grc' dir='ltr'>προαι-</span> 
     </span>
    </p>
   </div>
   <div class='ocr_carea' id='block_1_98' title="bbox 396 4851 1966 4932">
    <p class='ocr_par' dir='ltr' id='par_1_98' title="bbox 396 4851 1966 4932">
     <span class='ocr_line' id='line_1_98' title="bbox 396 4851 1966 4932; baseline -0.003 -22"><span class='ocrx_word' id='word_1_759' title='bbox 396 4858 586 4932; x_wconf 81' lang='grc' dir='ltr'>ρετικὴ</span> <span class='ocrx_word' id='word_1_760' title='bbox 613 4858 714 4930; x_wconf 82' lang='grc' dir='ltr'><strong>τῆς</strong></span> <span class='ocrx_word' id='word_1_761' title='bbox 740 4858 802 4912; x_wconf 72' lang='grc' dir='ltr'>ἑν</span> <span class='ocrx_word' id='word_1_762' title='bbox 827 4859 940 4920; x_wconf 73' lang='grc' dir='ltr'>τοῖς</span> <span class='ocrx_word' id='word_1_763' title='bbox 968 4859 1235 4929; x_wconf 76' lang='grc' dir='ltr'>πρακτοῖς</span> <span class='ocrx_word' id='word_1_764' title='bbox 1265 4855 1581 4927; x_wconf 82' lang='grc' dir='ltr'>ὀρθότητος,</span> <span class='ocrx_word' id='word_1_765' title='bbox 1606 4855 1883 4923; x_wconf 75' lang='grc' dir='ltr'>ἐπιστήμη</span> <span class='ocrx_word' id='word_1_766' title='bbox 1907 4851 1966 4905; x_wconf 73' lang='grc' dir='ltr'><strong>δὲ</strong></span> 
     </span>
    </p>
   </div>
   <div class='ocr_carea' id='block_1_99' title="bbox 391 4945 1963 5014">
    <p class='ocr_par' dir='ltr' id='par_1_99' title="bbox 391 4945 1963 5014">
     <span class='ocr_line' id='line_1_99' title="bbox 391 4945 1963 5014; baseline -0.004 -12"><span class='ocrx_word' id='word_1_767' title='bbox 391 4947 505 5014; x_wconf 63' lang='grc' dir='ltr'>ἕξις</span> <span class='ocrx_word' id='word_1_768' title='bbox 546 4948 658 5003; x_wconf 89' lang='grc' dir='ltr'><strong>τῶν</strong></span> <span class='ocrx_word' id='word_1_769' title='bbox 685 4948 774 5003; x_wconf 77' lang='grc' dir='ltr'><strong>ἀεὶ</strong></span> <span class='ocrx_word' id='word_1_770' title='bbox 817 4947 962 5002; x_wconf 78' lang='grc' dir='ltr'>κατὰ</span> <span class='ocrx_word' id='word_1_771' title='bbox 1003 4947 1073 5002; x_wconf 84' lang='grc' dir='ltr'>τὰ</span> <span class='ocrx_word' id='word_1_772' title='bbox 1105 4948 1246 5002; x_wconf 82' lang='grc' dir='ltr'>αὐτά</span> <span class='ocrx_word' id='word_1_773' title='bbox 1277 4947 1374 5001; x_wconf 77' lang='grc' dir='ltr'>καὶ</span> <span class='ocrx_word' id='word_1_774' title='bbox 1414 4945 1676 5007; x_wconf 85' lang='grc' dir='ltr'>ὡσαύτως</span> <span class='ocrx_word' id='word_1_775' title='bbox 1708 4945 1963 5014; x_wconf 79' lang='grc' dir='ltr'>ἐχόντων,</span> 
     </span>
    </p>
   </div>
   <div class='ocr_carea' id='block_1_100' title="bbox 395 5033 1963 5110">
    <p class='ocr_par' dir='ltr' id='par_1_100' title="bbox 395 5033 1963 5110">
     <span class='ocr_line' id='line_1_100' title="bbox 395 5033 1963 5110; baseline -0.004 -18"><span class='ocrx_word' id='word_1_776' title='bbox 395 5041 559 5110; x_wconf 91' lang='grc' dir='ltr'>σοφία</span> <span class='ocrx_word' id='word_1_777' title='bbox 608 5039 668 5092; x_wconf 77' lang='grc' dir='ltr'><strong>δὲ</strong></span> <span class='ocrx_word' id='word_1_778' title='bbox 711 5041 991 5110; x_wconf 72' lang='grc' dir='ltr'>ἐπιστήμη</span> <span class='ocrx_word' id='word_1_779' title='bbox 1037 5039 1147 5092; x_wconf 84' lang='grc' dir='ltr'>τῶν</span> <span class='ocrx_word' id='word_1_780' title='bbox 1191 5039 1424 5109; x_wconf 85' lang='grc' dir='ltr'>πρώτων</span> <span class='ocrx_word' id='word_1_781' title='bbox 1474 5037 1684 5100; x_wconf 89' lang='grc' dir='ltr'>αίτίων,</span> <span class='ocrx_word' id='word_1_782' title='bbox 1738 5034 1865 5098; x_wconf 88' lang='grc' dir='ltr'>νοῦς</span> <span class='ocrx_word' id='word_1_783' title='bbox 1905 5033 1963 5086; x_wconf 81' lang='grc' dir='ltr'><strong>δὲ</strong></span> 
     </span>
    </p>
   </div>
   <div class='ocr_carea' id='block_1_101' title="bbox 392 5125 1961 5202">
    <p class='ocr_par' dir='ltr' id='par_1_101' title="bbox 392 5125 1961 5202">
     <span class='ocr_line' id='line_1_101' title="bbox 392 5125 1961 5202; baseline -0.005 -16"><span class='ocrx_word' id='word_1_784' title='bbox 392 5131 535 5202; x_wconf 83' lang='grc' dir='ltr'>αρχὴ</span> <span class='ocrx_word' id='word_1_785' title='bbox 563 5131 658 5184; x_wconf 78' lang='grc' dir='ltr'>καὶ</span> <span class='ocrx_word' id='word_1_786' title='bbox 686 5129 839 5202; x_wconf 81' lang='grc' dir='ltr'>πηγὴ</span> <span class='ocrx_word' id='word_1_787' title='bbox 883 5131 1102 5184; x_wconf 88' lang='grc' dir='ltr'>πάντων</span> <span class='ocrx_word' id='word_1_788' title='bbox 1128 5129 1239 5183; x_wconf 85' lang='grc' dir='ltr'><strong>τῶν</strong></span> <span class='ocrx_word' id='word_1_789' title='bbox 1269 5127 1471 5182; x_wconf 83' lang='grc' dir='ltr'>καλῶν.</span> <span class='ocrx_word' id='word_1_790' title='bbox 1503 5127 1626 5180; x_wconf 85' lang='grc' dir='ltr'>’Ότι</span> <span class='ocrx_word' id='word_1_791' title='bbox 1654 5125 1783 5197; x_wconf 86' lang='grc' dir='ltr'>τρία</span> <span class='ocrx_word' id='word_1_792' title='bbox 1819 5127 1961 5195; x_wconf 88' lang='grc' dir='ltr'>μέρη</span> 
     </span>
    </p>
   </div>
   <div class='ocr_carea' id='block_1_102' title="bbox 392 5215 1959 5296">
    <p class='ocr_par' dir='ltr' id='par_1_102' title="bbox 392 5215 1959 5296">
     <span class='ocr_line' id='line_1_102' title="bbox 392 5215 1959 5296; baseline -0.004 -18"><span class='ocrx_word' id='word_1_793' title='bbox 392 5223 678 5295; x_wconf 86' lang='grc' dir='ltr'>εὐμαθίας,</span> <span class='ocrx_word' id='word_1_794' title='bbox 711 5223 987 5296; x_wconf 84' lang='grc' dir='ltr'>ἀγχίνοια,</span> <span class='ocrx_word' id='word_1_795' title='bbox 1019 5223 1233 5292; x_wconf 80' lang='grc' dir='ltr'>μνήμη,</span> <span class='ocrx_word' id='word_1_796' title='bbox 1266 5219 1704 5292; x_wconf 81' lang='grc' dir='ltr'>όξύτης.Μνήμη</span> <span class='ocrx_word' id='word_1_797' title='bbox 1731 5219 1832 5289; x_wconf 85' lang='grc' dir='ltr'>μὲν</span> <span class='ocrx_word' id='word_1_798' title='bbox 1866 5215 1959 5273; x_wconf 77' lang='grc' dir='ltr'>οὖν</span> 
     </span>
    </p>
   </div>
   <div class='ocr_carea' id='block_1_103' title="bbox 2070 4481 3643 4559">
    <p class='ocr_par' dir='ltr' id='par_1_103' title="bbox 2070 4481 3643 4559">
     <span class='ocr_line' id='line_1_103' title="bbox 2070 4481 3643 4559; baseline -0.009 -16"><span class='ocrx_word' id='word_1_799' title='bbox 2070 4489 2269 4559; x_wconf 85' lang='lat' dir='ltr'><strong>ingenii</strong></span> <span class='ocrx_word' id='word_1_800' title='bbox 2294 4499 2378 4542; x_wconf 84' lang='lat' dir='ltr'><strong>est</strong></span> <span class='ocrx_word' id='word_1_801' title='bbox 2409 4486 2737 4556; x_wconf 85' lang='lat' dir='ltr'><strong>intelligendi</strong></span> <span class='ocrx_word' id='word_1_802' title='bbox 2763 4485 3042 4538; x_wconf 85' lang='lat' dir='ltr'><strong>velocitas.</strong></span> <span class='ocrx_word' id='word_1_803' title='bbox 3081 4482 3312 4537; x_wconf 85' lang='lat' dir='ltr'><strong>Solertia</strong></span> <span class='ocrx_word' id='word_1_804' title='bbox 3345 4489 3430 4536; x_wconf 90' lang='lat' dir='ltr'><strong>est</strong></span> <span class='ocrx_word' id='word_1_805' title='bbox 3459 4495 3525 4534; x_wconf 85' lang='lat' dir='ltr'><strong>ex</strong></span> <span class='ocrx_word' id='word_1_806' title='bbox 3556 4481 3643 4543; x_wconf 69' lang='lat' dir='ltr'><strong>iis,</strong></span> 
     </span>
    </p>
   </div>
   <div class='ocr_carea' id='block_1_104' title="bbox 2067 4568 3644 4652">
    <p class='ocr_par' dir='ltr' id='par_1_104' title="bbox 2067 4568 3644 4652">
     <span class='ocr_line' id='line_1_104' title="bbox 2067 4568 3644 4652; baseline -0.006 -19"><span class='ocrx_word' id='word_1_807' title='bbox 2067 4597 2187 4652; x_wconf 64' lang='lat' dir='ltr'><strong>quae</strong></span> <span class='ocrx_word' id='word_1_808' title='bbox 2211 4581 2335 4650; x_wconf 86' lang='lat' dir='ltr'><strong>quis</strong></span> <span class='ocrx_word' id='word_1_809' title='bbox 2368 4568 2578 4643; x_wconf 73' lang='lat' dir='ltr'><strong>didicit,</strong></span> <span class='ocrx_word' id='word_1_810' title='bbox 2629 4591 2691 4631; x_wconf 85' lang='lat' dir='ltr'><strong>ea</strong></span> <span class='ocrx_word' id='word_1_811' title='bbox 2733 4577 3060 4645; x_wconf 86' lang='lat' dir='ltr'><strong>investigare</strong></span> <span class='ocrx_word' id='word_1_812' title='bbox 3109 4589 3228 4644; x_wconf 70' lang='lat' dir='ltr'><strong>qua:</strong></span> <span class='ocrx_word' id='word_1_813' title='bbox 3281 4587 3384 4627; x_wconf 90' lang='lat' dir='ltr'><strong>non</strong></span> <span class='ocrx_word' id='word_1_814' title='bbox 3438 4571 3644 4626; x_wconf 89' lang='lat' dir='ltr'><strong>didicit.</strong></span> 
     </span>
    </p>
   </div>
   <div class='ocr_carea' id='block_1_105' title="bbox 2069 4661 3648 4738">
    <p class='ocr_par' dir='ltr' id='par_1_105' title="bbox 2069 4661 3648 4738">
     <span class='ocr_line' id='line_1_105' title="bbox 2069 4661 3648 4738; baseline -0.008 -14"><span class='ocrx_word' id='word_1_815' title='bbox 2069 4670 2195 4724; x_wconf 89' lang='lat' dir='ltr'><strong>Tria</strong></span> <span class='ocrx_word' id='word_1_816' title='bbox 2243 4676 2371 4725; x_wconf 89' lang='lat' dir='ltr'><strong>sunt</strong></span> <span class='ocrx_word' id='word_1_817' title='bbox 2403 4683 2524 4738; x_wconf 68' lang='lat' dir='ltr'><strong>quae</strong></span> <span class='ocrx_word' id='word_1_818' title='bbox 2566 4667 2686 4721; x_wconf 73' lang='grc' dir='ltr'>εωιί</span> <span class='ocrx_word' id='word_1_819' title='bbox 2741 4666 2958 4720; x_wconf 89' lang='lat' dir='ltr'><strong>nomine</strong></span> <span class='ocrx_word' id='word_1_820' title='bbox 3001 4665 3254 4721; x_wconf 91' lang='lat' dir='ltr'><strong>dicuntur</strong></span> <span class='ocrx_word' id='word_1_821' title='bbox 3295 4681 3310 4718; x_wconf 93' lang='lat'><strong>:</strong></span> <span class='ocrx_word' id='word_1_822' title='bbox 3349 4661 3522 4731; x_wconf 91' lang='lat' dir='ltr'><strong>primo</strong></span> <span class='ocrx_word' id='word_1_823' title='bbox 3555 4661 3648 4714; x_wconf 80' lang='lat' dir='ltr'><strong>tir-</strong></span> 
     </span>
    </p>
   </div>
   <div class='ocr_carea' id='block_1_106' title="bbox 2070 4752 3650 4823">
    <p class='ocr_par' dir='ltr' id='par_1_106' title="bbox 2070 4752 3650 4823">
     <span class='ocr_line' id='line_1_106' title="bbox 2070 4752 3650 4823; baseline -0.007 -9"><span class='ocrx_word' id='word_1_824' title='bbox 2070 4767 2399 4814; x_wconf 89' lang='lat' dir='ltr'><strong>mamentum</strong></span> <span class='ocrx_word' id='word_1_825' title='bbox 2424 4773 2439 4823; x_wconf 92' lang='lat'><strong>;</strong></span> <span class='ocrx_word' id='word_1_826' title='bbox 2477 4757 2718 4812; x_wconf 84' lang='lat' dir='ltr'><strong>secundo</strong></span> <span class='ocrx_word' id='word_1_827' title='bbox 2748 4755 3002 4810; x_wconf 90' lang='lat' dir='ltr'><strong>distantia</strong></span> <span class='ocrx_word' id='word_1_828' title='bbox 3032 4756 3120 4809; x_wconf 88' lang='lat' dir='ltr'><strong>illa</strong></span> <span class='ocrx_word' id='word_1_829' title='bbox 3147 4769 3266 4823; x_wconf 64' lang='lat' dir='ltr'><strong>quae</strong></span> <span class='ocrx_word' id='word_1_830' title='bbox 3297 4763 3382 4808; x_wconf 89' lang='lat' dir='ltr'><strong>est</strong></span> <span class='ocrx_word' id='word_1_831' title='bbox 3403 4768 3431 4804; x_wconf 91' lang='lat' dir='ltr'><strong>a</strong></span> <span class='ocrx_word' id='word_1_832' title='bbox 3466 4752 3650 4805; x_wconf 83' lang='lat' dir='ltr'><strong>lirma-</strong></span> 
     </span>
    </p>
   </div>
   <div class='ocr_carea' id='block_1_107' title="bbox 2070 4845 3644 4918">
    <p class='ocr_par' dir='ltr' id='par_1_107' title="bbox 2070 4845 3644 4918">
     <span class='ocr_line' id='line_1_107' title="bbox 2070 4845 3644 4918; baseline -0.008 -12"><span class='ocrx_word' id='word_1_833' title='bbox 2070 4859 2250 4906; x_wconf 88' lang='lat' dir='ltr'><strong>mento</strong></span> <span class='ocrx_word' id='word_1_834' title='bbox 2301 4864 2472 4918; x_wconf 86' lang='lat' dir='ltr'><strong>usque</strong></span> <span class='ocrx_word' id='word_1_835' title='bbox 2493 4849 2559 4903; x_wconf 89' lang='lat' dir='ltr'><strong>ad</strong></span> <span class='ocrx_word' id='word_1_836' title='bbox 2608 4847 2822 4912; x_wconf 87' lang='lat' dir='ltr'><strong>lunam;</strong></span> <span class='ocrx_word' id='word_1_837' title='bbox 2875 4848 3037 4900; x_wconf 91' lang='lat' dir='ltr'><strong>tertio</strong></span> <span class='ocrx_word' id='word_1_838' title='bbox 3069 4846 3354 4901; x_wconf 84' lang='lat' dir='ltr'><strong>universus</strong></span> <span class='ocrx_word' id='word_1_839' title='bbox 3393 4845 3644 4907; x_wconf 88' lang='lat' dir='ltr'><strong>mundus,</strong></span> 
     </span>
    </p>
   </div>
   <div class='ocr_carea' id='block_1_108' title="bbox 2066 4937 3649 5014">
    <p class='ocr_par' dir='ltr' id='par_1_108' title="bbox 2066 4937 3649 5014">
     <span class='ocr_line' id='line_1_108' title="bbox 2066 4937 3649 5014; baseline -0.009 -13"><span class='ocrx_word' id='word_1_840' title='bbox 2066 4945 2290 5009; x_wconf 60' lang='lat' dir='ltr'><strong>caelum,</strong></span> <span class='ocrx_word' id='word_1_841' title='bbox 2324 4944 2566 5014; x_wconf 90' lang='lat' dir='ltr'><strong>inquam,</strong></span> <span class='ocrx_word' id='word_1_842' title='bbox 2614 4952 2670 4998; x_wconf 92' lang='lat' dir='ltr'><strong>et</strong></span> <span class='ocrx_word' id='word_1_843' title='bbox 2701 4953 2862 4996; x_wconf 88' lang='lat' dir='ltr'><strong>terra.</strong></span> <span class='ocrx_word' id='word_1_844' title='bbox 2908 4939 3123 5008; x_wconf 86' lang='lat' dir='ltr'><strong>Optima</strong></span> <span class='ocrx_word' id='word_1_845' title='bbox 3162 4949 3217 4994; x_wconf 91' lang='lat' dir='ltr'><strong>et</strong></span> <span class='ocrx_word' id='word_1_846' title='bbox 3255 4937 3489 5008; x_wconf 87' lang='lat' dir='ltr'><strong>pessima</strong></span> <span class='ocrx_word' id='word_1_847' title='bbox 3523 4945 3649 4988; x_wconf 87' lang='lat' dir='ltr'><strong>nata</strong></span> 
     </span>
    </p>
   </div>
   <div class='ocr_carea' id='block_1_109' title="bbox 2067 5014 3652 5104">
    <p class='ocr_par' dir='ltr' id='par_1_109' title="bbox 2067 5014 3652 5104">
     <span class='ocr_line' id='line_1_109' title="bbox 2067 5014 3652 5104; baseline -0.006 -14"><span class='ocrx_word' id='word_1_848' title='bbox 2067 5014 2220 5100; x_wconf 69' lang='lat' dir='ltr'><strong>sunt:</strong></span> <span class='ocrx_word' id='word_1_849' title='bbox 2255 5037 2450 5104; x_wconf 86' lang='lat' dir='ltr'><strong>inquit,</strong></span> <span class='ocrx_word' id='word_1_850' title='bbox 2503 5037 2568 5089; x_wconf 91' lang='lat' dir='ltr'><strong>ad</strong></span> <span class='ocrx_word' id='word_1_851' title='bbox 2612 5048 2826 5103; x_wconf 88' lang='lat' dir='ltr'><strong>semper</strong></span> <span class='ocrx_word' id='word_1_852' title='bbox 2854 5033 3212 5100; x_wconf 81' lang='lat' dir='ltr'><strong>operandam,</strong></span> <span class='ocrx_word' id='word_1_853' title='bbox 3257 5033 3397 5086; x_wconf 84' lang='lat' dir='ltr'><strong>Deus</strong></span> <span class='ocrx_word' id='word_1_854' title='bbox 3437 5029 3652 5084; x_wconf 87' lang='lat' dir='ltr'><strong>scilicet</strong></span> 
     </span>
    </p>
   </div>
   <div class='ocr_carea' id='block_1_110' title="bbox 2068 5125 3650 5196">
    <p class='ocr_par' dir='ltr' id='par_1_110' title="bbox 2068 5125 3650 5196">
     <span class='ocr_line' id='line_1_110' title="bbox 2068 5125 3650 5196; baseline -0.008 -13"><span class='ocrx_word' id='word_1_855' title='bbox 2068 5136 2125 5183; x_wconf 93' lang='lat' dir='ltr'><strong>et</strong></span> <span class='ocrx_word' id='word_1_856' title='bbox 2178 5128 2391 5196; x_wconf 67' lang='lat' dir='ltr'><strong>plantae.</strong></span> <span class='ocrx_word' id='word_1_857' title='bbox 2437 5126 2578 5182; x_wconf 89' lang='lat' dir='ltr'><strong>Deus</strong></span> <span class='ocrx_word' id='word_1_858' title='bbox 2625 5127 2791 5190; x_wconf 90' lang='lat' dir='ltr'><strong>enim,</strong></span> <span class='ocrx_word' id='word_1_859' title='bbox 2831 5139 2886 5180; x_wconf 88' lang='lat' dir='ltr'><strong>et</strong></span> <span class='ocrx_word' id='word_1_860' title='bbox 2918 5141 3038 5195; x_wconf 76' lang='lat' dir='ltr'><strong>qua:</strong></span> <span class='ocrx_word' id='word_1_861' title='bbox 3089 5125 3176 5178; x_wconf 87' lang='lat' dir='ltr'><strong>illa</strong></span> <span class='ocrx_word' id='word_1_862' title='bbox 3227 5125 3469 5193; x_wconf 81' lang='lat' dir='ltr'><strong>proxima</strong></span> <span class='ocrx_word' id='word_1_863' title='bbox 3501 5131 3650 5183; x_wconf 87' lang='lat' dir='ltr'><strong>sunt,</strong></span> 
     </span>
    </p>
   </div>
   <div class='ocr_carea' id='block_1_111' title="bbox 2069 5219 3648 5291">
    <p class='ocr_par' dir='ltr' id='par_1_111' title="bbox 2069 5219 3648 5291">
     <span class='ocr_line' id='line_1_111' title="bbox 2069 5219 3648 5291; baseline -0.005 -15"><span class='ocrx_word' id='word_1_864' title='bbox 2069 5231 2251 5279; x_wconf 88' lang='lat' dir='ltr'><strong>mente</strong></span> <span class='ocrx_word' id='word_1_865' title='bbox 2285 5231 2338 5278; x_wconf 90' lang='lat' dir='ltr'><strong>et</strong></span> <span class='ocrx_word' id='word_1_866' title='bbox 2365 5222 2574 5278; x_wconf 88' lang='lat' dir='ltr'><strong>ratione</strong></span> <span class='ocrx_word' id='word_1_867' title='bbox 2622 5235 2834 5291; x_wconf 89' lang='lat' dir='ltr'><strong>semper</strong></span> <span class='ocrx_word' id='word_1_868' title='bbox 2878 5229 3212 5290; x_wconf 88' lang='lat' dir='ltr'><strong>operantur;</strong></span> <span class='ocrx_word' id='word_1_869' title='bbox 3260 5219 3499 5286; x_wconf 88' lang='lat' dir='ltr'><strong>itemque</strong></span> <span class='ocrx_word' id='word_1_870' title='bbox 3532 5232 3648 5286; x_wconf 83' lang='lat' dir='ltr'><strong>ger-</strong></span> 
     </span>
    </p>
   </div>
   <div class='ocr_carea' id='block_1_112' title="bbox 1640 5406 2312 5464">
    <p class='ocr_par' dir='ltr' id='par_1_112' title="bbox 1640 5406 2312 5464">
     <span class='ocr_line' id='line_1_112' title="bbox 1640 5406 2312 5464; baseline 0.001 -3"><span class='ocrx_word' id='word_1_871' title='bbox 1640 5407 1725 5463; x_wconf 79' lang='lat' dir='ltr'><strong>VA</strong></span> <span class='ocrx_word' id='word_1_872' title='bbox 1739 5408 1872 5463; x_wconf 69' lang='lat' dir='ltr'><strong>lll/E</strong></span> <span class='ocrx_word' id='word_1_873' title='bbox 1910 5406 2312 5464; x_wconf 84' lang='lat' dir='ltr'><strong>LECTIONES.</strong></span> 
     </span>
    </p>
   </div>
   <div class='ocr_carea' id='block_1_113' title="bbox 463 5511 3640 5620">
    <p class='ocr_par' dir='ltr' id='par_1_113' title="bbox 463 5511 3640 5620">
     <span class='ocr_line' id='line_1_113' title="bbox 463 5511 3640 5620; baseline 0 -22"><span class='ocrx_word' id='word_1_874' title='bbox 463 5539 738 5620; x_wconf 57' lang='lat' dir='ltr'><strong>‘_ip.6a_0.]</strong></span> <span class='ocrx_word' id='word_1_875' title='bbox 758 5511 1108 5620; x_wconf 50' lang='grc' dir='ltr'>ἐμϐαίνοντες</span> <span class='ocrx_word' id='word_1_876' title='bbox 1138 5547 1204 5601; x_wconf 84' lang='grc' dir='ltr'>Λ.</span> <span class='ocrx_word' id='word_1_877' title='bbox 1235 5547 1302 5620; x_wconf 32' lang='lat' dir='ltr'><strong>ﬁ&quot;</strong></span> <span class='ocrx_word' id='word_1_878' title='bbox 1330 5545 1499 5616; x_wconf 81' lang='grc' dir='ltr'>αὐτὴν</span> <span class='ocrx_word' id='word_1_879' title='bbox 1531 5547 1656 5620; x_wconf 78' lang='lat' dir='ltr'><strong>add.</strong></span> <span class='ocrx_word' id='word_1_880' title='bbox 1682 5547 1744 5620; x_wconf 74' lang='grc' dir='ltr'>Α.</span> <span class='ocrx_word' id='word_1_881' title='bbox 1833 5547 1976 5620; x_wconf 48' lang='grc' dir='ltr'>έούχ</span> <span class='ocrx_word' id='word_1_882' title='bbox 2003 5547 2085 5602; x_wconf 80' lang='grc' dir='ltr'>ὅτι</span> <span class='ocrx_word' id='word_1_883' title='bbox 2118 5549 2159 5602; x_wconf 84' lang='grc' dir='ltr'>Α</span> <span class='ocrx_word' id='word_1_884' title='bbox 2200 5566 2211 5601; x_wconf 90' lang='lat'><strong>:</strong></span> <span class='ocrx_word' id='word_1_885' title='bbox 2240 5548 2340 5620; x_wconf 86' lang='grc' dir='ltr'><strong>ούκ</strong></span> <span class='ocrx_word' id='word_1_886' title='bbox 2376 5548 2485 5618; x_wconf 79' lang='grc' dir='ltr'><strong>ἄρα</strong></span> <span class='ocrx_word' id='word_1_887' title='bbox 2528 5565 2595 5620; x_wconf 15' lang='grc' dir='ltr'>νς.</span> <span class='ocrx_word' id='word_1_888' title='bbox 2636 5547 2807 5620; x_wconf 71' lang='lat' dir='ltr'><strong>_apud_</strong></span> <span class='ocrx_word' id='word_1_889' title='bbox 2857 5547 3192 5620; x_wconf 85' lang='lat' dir='ltr'><strong>Holstenium</strong></span> <span class='ocrx_word' id='word_1_890' title='bbox 3228 5548 3328 5602; x_wconf 77' lang='grc' dir='ltr'>οὐκ</span> <span class='ocrx_word' id='word_1_891' title='bbox 3381 5548 3489 5620; x_wconf 81' lang='grc' dir='ltr'>ἄρα</span> <span class='ocrx_word' id='word_1_892' title='bbox 3546 5547 3640 5600; x_wconf 81' lang='grc' dir='ltr'>ὅτι.</span> 
     </span>
    </p>
   </div>
   <div class='ocr_carea' id='block_1_114' title="bbox 393 5615 1902 5684">
    <p class='ocr_par' dir='ltr' id='par_1_114' title="bbox 393 5615 1902 5684">
     <span class='ocr_line' id='line_1_114' title="bbox 393 5615 1902 5684; baseline 0.001 -16"><span class='ocrx_word' id='word_1_893' title='bbox 393 5619 414 5648; x_wconf 83' lang='grc'>⁹</span> <span class='ocrx_word' id='word_1_894' title='bbox 439 5615 555 5668; x_wconf 87' lang='grc' dir='ltr'><strong>τῶν</strong></span> <span class='ocrx_word' id='word_1_895' title='bbox 604 5615 735 5671; x_wconf 65' lang='lat' dir='ltr'><strong>add.</strong></span> <span class='ocrx_word' id='word_1_896' title='bbox 760 5615 825 5670; x_wconf 76' lang='grc' dir='ltr'>Α.</span> <span class='ocrx_word' id='word_1_897' title='bbox 904 5617 949 5648; x_wconf 86' lang='grc'><strong>¹⁹</strong></span> <span class='ocrx_word' id='word_1_898' title='bbox 981 5618 1051 5670; x_wconf 84' lang='grc' dir='ltr'>τὰ</span> <span class='ocrx_word' id='word_1_899' title='bbox 1073 5625 1197 5670; x_wconf 88' lang='lat' dir='ltr'><strong>ante</strong></span> <span class='ocrx_word' id='word_1_900' title='bbox 1227 5615 1396 5684; x_wconf 79' lang='grc' dir='ltr'>ἄλογα</span> <span class='ocrx_word' id='word_1_901' title='bbox 1423 5615 1569 5669; x_wconf 81' lang='lat' dir='ltr'><strong>deest</strong></span> <span class='ocrx_word' id='word_1_902' title='bbox 1604 5619 1902 5672; x_wconf 77' lang='lat' dir='ltr'><strong>Holstenio.</strong></span> 
     </span>
    </p>
   </div>
   <div class='ocr_carea' id='block_1_115' title="bbox 397 5685 1012 5757">
    <p class='ocr_par' dir='ltr' id='par_1_115' title="bbox 397 5685 1012 5757">
     <span class='ocr_line' id='line_1_115' title="bbox 397 5685 1012 5757; baseline 0 -17"><span class='ocrx_word' id='word_1_903' title='bbox 397 5687 543 5754; x_wconf 87' lang='lat' dir='ltr'><strong>ponit</strong></span> <span class='ocrx_word' id='word_1_904' title='bbox 575 5701 636 5752; x_wconf 79' lang='grc' dir='ltr'><strong>ς.</strong></span> <span class='ocrx_word' id='word_1_905' title='bbox 713 5685 756 5720; x_wconf 82' lang='grc'><strong>¹³</strong></span> <span class='ocrx_word' id='word_1_906' title='bbox 784 5687 930 5757; x_wconf 73' lang='grc' dir='ltr'>ἥττω</span> <span class='ocrx_word' id='word_1_907' title='bbox 954 5704 1012 5751; x_wconf 81' lang='grc' dir='ltr'><strong>ς.</strong></span> 
     </span>
    </p>
   </div>
   <div class='ocr_carea' id='block_1_116' title="bbox 1983 5619 2441 5689">
    <p class='ocr_par' dir='ltr' id='par_1_116' title="bbox 1983 5619 2441 5689">
     <span class='ocr_line' id='line_1_116' title="bbox 1983 5619 2441 5689; baseline 0.004 -19"><span class='ocrx_word' id='word_1_908' title='bbox 1983 5620 2039 5689; x_wconf 85' lang='lat'><strong>”_</strong></span> <span class='ocrx_word' id='word_1_909' title='bbox 2057 5619 2355 5689; x_wconf 80' lang='grc' dir='ltr'>τρεπτικὴν</span> <span class='ocrx_word' id='word_1_910' title='bbox 2381 5636 2441 5682; x_wconf 86' lang='grc' dir='ltr'><strong>ς.</strong></span> 
     </span>
    </p>
   </div>
   <div class='ocr_carea' id='block_1_117' title="bbox 1093 5685 2325 5758">
    <p class='ocr_par' dir='ltr' id='par_1_117' title="bbox 1093 5685 2325 5758">
     <span class='ocr_line' id='line_1_117' title="bbox 1093 5685 2325 5758; baseline -0.001 -17"><span class='ocrx_word' id='word_1_911' title='bbox 1093 5687 1136 5718; x_wconf 72' lang='grc'><strong>⁸⁸</strong></span> <span class='ocrx_word' id='word_1_912' title='bbox 1163 5685 1230 5741; x_wconf 77' lang='grc' dir='ltr'><strong>τὰ</strong></span> <span class='ocrx_word' id='word_1_913' title='bbox 1274 5697 1328 5740; x_wconf 84' lang='lat' dir='ltr'><strong>et</strong></span> <span class='ocrx_word' id='word_1_914' title='bbox 1360 5701 1482 5741; x_wconf 79' lang='lat' dir='ltr'><strong>mox</strong></span> <span class='ocrx_word' id='word_1_915' title='bbox 1517 5687 1611 5743; x_wconf 72' lang='grc' dir='ltr'><strong>ἐπὶ</strong></span> <span class='ocrx_word' id='word_1_916' title='bbox 1647 5688 1748 5742; x_wconf 83' lang='lat' dir='ltr'><strong>add</strong></span> <span class='ocrx_word' id='word_1_917' title='bbox 1781 5689 1846 5740; x_wconf 76' lang='grc' dir='ltr'>Α.</span> <span class='ocrx_word' id='word_1_918' title='bbox 1923 5688 1966 5721; x_wconf 72' lang='grc'><strong>⁸⁸</strong></span> <span class='ocrx_word' id='word_1_919' title='bbox 1992 5685 2106 5758; x_wconf 78' lang='grc' dir='ltr'>τῆν’</span> <span class='ocrx_word' id='word_1_920' title='bbox 2127 5703 2234 5743; x_wconf 90' lang='lat' dir='ltr'><strong>om.</strong></span> <span class='ocrx_word' id='word_1_921' title='bbox 2263 5685 2325 5741; x_wconf 74' lang='grc' dir='ltr'>Α.</span> 
     </span>
    </p>
   </div>
   <div class='ocr_carea' id='block_1_118' title="bbox 2521 5617 3651 5692">
    <p class='ocr_par' dir='ltr' id='par_1_118' title="bbox 2521 5617 3651 5692">
     <span class='ocr_line' id='line_1_118' title="bbox 2521 5617 3651 5692; baseline -0.004 -19"><span class='ocrx_word' id='word_1_922' title='bbox 2521 5619 2564 5692; x_wconf 62' lang='grc' dir='ltr'><strong>ξ’</strong></span> <span class='ocrx_word' id='word_1_923' title='bbox 2585 5618 2700 5692; x_wconf 71' lang='grc' dir='ltr'><strong>τῶν</strong></span> <span class='ocrx_word' id='word_1_924' title='bbox 2726 5617 3055 5692; x_wconf 75' lang='grc' dir='ltr'>ἀθλημάτων</span> <span class='ocrx_word' id='word_1_925' title='bbox 3089 5629 3211 5692; x_wconf 83' lang='lat' dir='ltr'><strong>post</strong></span> <span class='ocrx_word' id='word_1_926' title='bbox 3242 5617 3651 5692; x_wconf 75' lang='grc' dir='ltr'>ἐπιτηδεύοντος</span> 
     </span>
    </p>
   </div>
   <div class='ocr_carea' id='block_1_119' title="bbox 2406 5687 3252 5760">
    <p class='ocr_par' dir='ltr' id='par_1_119' title="bbox 2406 5687 3252 5760">
     <span class='ocr_line' id='line_1_119' title="bbox 2406 5687 3252 5760; baseline 0.007 -19"><span class='ocrx_word' id='word_1_927' title='bbox 2406 5689 2449 5720; x_wconf 81' lang='grc'><strong>¹⁶</strong></span> <span class='ocrx_word' id='word_1_928' title='bbox 2486 5688 2548 5742; x_wconf 75' lang='grc' dir='ltr'>τὸ</span> <span class='ocrx_word' id='word_1_929' title='bbox 2579 5687 2633 5742; x_wconf 82' lang='grc' dir='ltr'><strong>δὲ</strong></span> <span class='ocrx_word' id='word_1_930' title='bbox 2669 5689 2806 5759; x_wconf 79' lang='grc' dir='ltr'>μετὰ</span> <span class='ocrx_word' id='word_1_931' title='bbox 2835 5689 2990 5760; x_wconf 83' lang='grc' dir='ltr'>λόγου</span> <span class='ocrx_word' id='word_1_932' title='bbox 3040 5704 3150 5746; x_wconf 90' lang='lat' dir='ltr'><strong>om.</strong></span> <span class='ocrx_word' id='word_1_933' title='bbox 3186 5690 3252 5747; x_wconf 77' lang='grc' dir='ltr'>Α.</span> 
     </span>
    </p>
   </div>
  </div>
