4012 6236
417 216 553 283 1587

963 215 1229 280 PHOTII
1266 219 1773 280 PATRIARCH/E
1812 221 1921 281 CP.
1960 221 2463 284 BIBLIOTHECA
2509 245 2578 257 —
2606 216 2772 280 COD.
2807 216 3101 278 CCXLIX.

3514 225 3633 294 1588

415 336 562 388 mina
601 351 616 389 :
653 345 778 388 nam
810 338 970 388 nocte
1015 338 1069 387 et
1114 332 1203 389 die
1241 333 1574 389 nutriuntur.
1619 333 1734 390 Non
1787 349 1996 405 semper

2100 336 2217 390 ἐστὶ
2240 337 2470 407 τήρησις
2515 326 2590 388 ὧν
2623 331 2793 402 ἔμαθέ
2826 347 2932 395 τις,
2960 329 3157 401 ὀξύτης
3185 327 3244 383 δὲ
3266 328 3306 361 ¹⁷
3355 332 3382 402 ἡ
3424 338 3638 407 ταχύτης

417 433 601 479 autem
644 423 806 479 homo
837 424 891 478 in
921 437 1107 495 opere,
1131 439 1307 493 neque
1334 424 1495 479 bruta
1543 425 1864 491 animantia,
1899 428 1992 483 sed

415 516 598 570 medio
637 529 775 586 pene
801 523 1043 585 tempore
1090 514 1385 580 dormiunt,
1418 526 1472 570 et
1501 515 1811 586 quiescunt.
1845 516 1997 573 Grae-

417 620 513 663 cos
562 607 638 660 ait
689 606 930 662 moribus
978 606 1241 662 barbaros
1290 620 1503 677 semper
1560 622 1882 678 superasse.
1925 608 1994 664 ob

417 701 736 767 temperiem
761 698 903 753 aeris
928 713 1035 768 quo
1058 697 1279 766 vivunt;
1307 698 1537 769 Scythas
1553 713 1682 755 vero
1705 708 1761 755 et
1781 698 1995 754 IEthio-

417 803 537 859 pes,
588 789 708 845 illos
753 788 955 861 frigore
996 790 1205 845 scilicet
1257 799 1505 855 vexatos,
1570 791 1669 845 bos
1712 805 1840 846 vero
1872 798 1995 846 cute

418 892 550 936 testu
585 887 807 936 exustos
849 890 905 936 et
956 881 1229 950 ingentem
1263 880 1403 936 inter
1432 880 1671 936 calorem
1709 889 1764 937 et
1798 882 1993 938 humo-

418 987 533 1029 rem
571 971 803 1036 alentes,
830 973 957 1043 quia
1004 973 1145 1031 male
1192 982 1550 1041 temperatum
1581 972 1777 1028 coelum
1814 973 1992 1029 sortiti

419 1072 568 1128 sunt,
597 1063 867 1120 violentos
886 1073 942 1118 et
965 1064 1197 1119 audaces
1223 1078 1439 1133 semper
1474 1063 1769 1120 exstitisse.
1796 1062 1886 1120 Sic
1915 1063 1995 1118 vi-

418 1157 606 1212 cissim
635 1172 729 1212 eos
758 1158 847 1226 qui
888 1156 1077 1212 mediae
1098 1172 1249 1212 zonae
1278 1165 1333 1212 ct
1358 1157 1635 1213 montibus
1658 1156 1821 1211 vicini
1845 1163 1992 1221 sunt,

420 1251 486 1305 de
538 1252 799 1319 temperie
852 1250 954 1305 loci
991 1249 1152 1315 illius,
1198 1250 1286 1303 cui
1337 1251 1584 1314 subsunt,
1644 1248 1989 1318 participare.

419 1339 652 1408 Ideoque
675 1339 748 1394 ait
773 1338 947 1405 Plato,
981 1338 1203 1395 Grmcos
1241 1340 1554 1409 disciplinas
1578 1354 1714 1409 quas
1741 1353 1771 1392 a
1796 1337 1996 1393 Barba-

418 1428 496 1484 ris
557 1431 888 1499 acceperint,
946 1446 1038 1486 eas
1096 1431 1286 1485 melius
1337 1430 1597 1499 proferre,
1659 1440 1714 1486 et
1763 1432 1995 1489 maxime

418 1522 803 1578 Athenienses.
864 1522 1205 1591 Quapropter
1265 1523 1339 1575 rei
1396 1522 1604 1577 bellica:
1653 1531 1709 1577 et
1767 1525 1990 1593 picturae

418 1614 579 1681 primi
611 1614 924 1668 inventores
962 1612 1244 1673 exstitere.
1283 1621 1338 1664 et
1365 1611 1542 1666 omnis
1598 1613 1730 1667 artis
1773 1614 1994 1668 mecha-

418 1705 552 1760 nica:
594 1717 648 1760 et
678 1703 950 1767 militaris,
992 1704 1264 1768 oratoriae,
1307 1713 1362 1758 et
1395 1702 1832 1771 disciplinarum.
1872 1703 1991 1760 Non

416 1797 601 1865 igitur,
628 1806 687 1851 ut
712 1796 843 1860 dixi,
873 1795 1179 1850 adventitiae
1202 1795 1426 1850 Athenis
1462 1806 1585 1849 sunt
1612 1795 1874 1859 scientiae,
1898 1797 1991 1851 sed

417 1890 614 1943 ibidem
657 1899 848 1943 natura
896 1886 1091 1950 insitae,
1137 1886 1298 1952 idque
1326 1900 1394 1941 ex
1425 1901 1550 1941 aere
1582 1887 1727 1940 tenui
1758 1894 1813 1941 et
1839 1901 1991 1955 puro,

416 1990 474 2033 ut
510 1996 614 2035 non
663 1982 838 2037 solum
883 1994 1082 2037 terram
1137 1990 1384 2038 attenuet
1424 1982 1610 2051 (quam
1661 1982 1731 2036 ob
1774 1996 1993 2036 causam

415 2072 578 2126 etiam
606 2073 812 2128 sterilis
842 2083 927 2128 est
972 2073 1195 2140 Attica),
1231 2073 1326 2127 sed
1370 2081 1425 2128 et
1454 2073 1672 2143 ingenia
1716 2073 1993 2129 hominum

414 2164 631 2217 subtilia
662 2164 871 2220 reddet.
907 2164 1036 2220 Inde
1065 2164 1337 2235 contingit
1375 2174 1592 2220 tenuem
1624 2165 1840 2234 quidem
1867 2179 1993 2219 aera

416 2264 576 2308 terrae
607 2269 824 2323 nocere,
857 2255 1091 2326 ingeniis
1120 2269 1247 2310 vero
1279 2255 1561 2325 prodesse.
1607 2253 1802 2311 Etesiae
1846 2254 1989 2310 venti

414 2343 793 2400 ardentissimo
832 2344 1037 2400 mstatis
1092 2353 1332 2412 tempore
1364 2342 1515 2409 ﬂant,
1546 2343 1649 2397 hac
1678 2343 1745 2399 de
1775 2356 1942 2397 causa
1975 2357 1990 2395 :

413 2436 492 2491 sol
517 2436 627 2505 jam
675 2437 944 2502 sublimis,
989 2446 1044 2492 et
1075 2452 1105 2491 a
1159 2437 1292 2492 locis
1333 2435 1777 2490 meridionalibns
1810 2435 1876 2489 ad
1902 2449 1992 2488 se-

412 2528 779 2593 ptentrionem
828 2543 1146 2592 conversus,
1173 2527 1336 2583 solvit
1377 2527 1599 2581 bnmida
1634 2528 1698 2581 ad
1749 2529 1991 2591 boream,

413 2632 535 2686 quae
563 2619 741 2674 soluta
777 2635 983 2683 aerem,
1019 2620 1214 2676 deinde
1258 2628 1452 2674 ventos
1500 2618 1726 2688 gignunt
1757 2639 1769 2674 :
1797 2632 1828 2673 e
1859 2633 1994 2687 quo-

415 2725 798 2778 rutunumero
817 2723 871 2767 et
891 2713 1075 2767 etesiae
1104 2721 1251 2778 sunt,
1282 2726 1312 2766 e
1332 2710 1529 2781 spiritu
1557 2709 1788 2772 scilicet,
1815 2710 1904 2778 qui
1927 2724 1994 2763 ex

416 2802 652 2858 humidis
677 2803 869 2858 solutis
900 2804 963 2857 ad
990 2804 1412 2873 septentrionem
1461 2801 1657 2874 M16
1689 2802 1885 2856 oritur.
1915 2802 1994 2856 Ad

415 2897 690 2964 appositas
718 2911 846 2951 vero
879 2896 1066 2966 plagas
1094 2896 1483 2952 mcridionales
1524 2895 1794 2958 feruntur,
1824 2908 1996 2963 eoque

416 2985 591 3039 delata
642 2986 699 3040 in
759 2987 1058 3043 altissimos
1106 2985 1400 3055 [Ethiopiae
1450 2994 1661 3041 montes
1720 2984 1992 3040 decidunt.
2022 3030 2063 3055 η

416 3077 548 3129 Cum
577 3085 756 3132 autem
778 3077 1097 3135 condensati
1119 3086 1174 3133 et
1198 3076 1513 3147 frequentes
1540 3075 1762 3138 fuerint,
1788 3074 1996 3143 pluvias

418 3178 628 3234 creant,
662 3185 695 3225 e
739 3171 936 3238 quibus
984 3171 1172 3226 aestivo
1218 3180 1460 3240 tempore
1490 3167 1774 3239 Nilus(ll)
1809 3174 1999 3221 auctus

416 3260 672 3324 exundat,
709 3277 773 3317 ex
823 3263 1151 3318 australibus
1194 3262 1352 3329 locis,
1394 3270 1449 3317 et
1483 3260 1652 3316 aridis
1706 3258 1997 3329 proﬂuens,

418 3353 673 3423 idemque
732 3340 1051 3411 Aristoteles
1102 3355 1473 3425 investigando
1533 3352 1817 3423 comperit.
1880 3351 2001 3419 Ipse

415 3446 558 3499 enim
617 3447 814 3517 ingenii
873 3448 1191 3519 praestantia
1245 3449 1350 3502 hoc
1406 3444 1812 3517 deprehendit,
1875 3458 1997 3498 cum

418 3552 629 3608 asquum
659 3550 902 3609 putasset
927 3540 1291 3596 Alexandrum
1322 3538 1669 3594 Macedonem
1699 3538 1765 3592 ad
1795 3550 1858 3591 ea
1883 3536 2000 3590 loca

421 3630 658 3696 mittere,
696 3640 753 3684 ut
786 3630 960 3685 oculis
1001 3644 1219 3685 causam
1257 3626 1578 3685 incrementi
1617 3624 1720 3680 Nili
1762 3624 2001 3679 ﬂuminis

415 3734 791 3791 cognosceret.
821 3723 1119 3793 Propterea
1148 3721 1349 3778 asserit
1378 3720 1482 3774 hoc
1511 3734 1619 3773 non
1644 3716 1875 3787 amplius
1903 3716 2002 3769 du-

416 3814 562 3867 bium
596 3828 737 3870 esse.
780 3814 939 3870 Clare
984 3814 1131 3869 enim
1164 3821 1311 3882 patet
1359 3826 1390 3866 e
1439 3809 1638 3880 pluviis
1681 3808 1889 3878 augeri.
1937 3805 2002 3861 Et

416 3920 549 3959 sane
582 3907 778 3960 mirum
804 3905 949 3974 quod
986 3906 1039 3959 in
1068 3904 1201 3960 locis
1234 3902 1526 3972 Ailthiopiae
1556 3900 1793 3955 maxime
1814 3898 1999 3965 siccis,

418 3997 507 4051 ubi
567 4010 841 4067 ntmquam
891 3998 1065 4052 hiems
1123 4005 1208 4052 est
1263 4008 1437 4064 neque
1480 3993 1698 4062 pluvia,
1762 4001 2002 4059 tempore

417 4085 622 4141 aestatis
652 4088 956 4142 densissimi
994 4087 1248 4141 oriuntur
1276 4086 1501 4140 imbres.

2092 429 2193 499 τῆς
2239 429 2505 494 διανοίας,
2537 424 2788 495 ἀγχίνοια
2827 424 2906 487 δέ,
2941 423 3001 488 ἐξ
3044 416 3119 477 ὧν
3161 421 3329 494 ἔμαθέ
3370 443 3467 490 τις,
3491 429 3525 483 ἀ
3571 433 3639 503 μὴ

2094 520 2263 592 ἔμαθε
2292 520 2542 592 θηρεύων
2559 518 2757 575 ¹⁸.”οτι
2784 518 2813 571 6
2839 516 3069 587 οὐρανὸς
3100 515 3303 587 τριχῶς
3346 516 3564 587 λέγεται,
3590 522 3641 575 ἐν

2098 612 2196 683 μὲν
2225 612 2361 682 αὑτὴ
2383 611 2425 643 ¹⁹
2456 612 2490 681 ἡ
2523 608 2769 679 ἀπλανὴς
2799 609 3023 679 σφαῖρα,
3050 606 3301 678 δεύτερον
3332 606 3452 680 [716
3481 610 3643 683 H.116

2092 701 2203 757 ἀπὸ
2233 703 2335 773 τῆς
2364 700 2641 765 ἀπλανοῦς
2672 698 2912 770 σφαίρας
2944 697 3108 770 μέχρι
3149 700 3248 769 τῆς
3293 698 3510 770 σελήνης
3537 702 3646 756 διά-

2096 810 2303 865 στημα,
2337 792 2520 864 τρίτον
2551 794 2581 846 6
2610 792 2833 862 σύμπας
2860 790 3086 861 κόσμος,
3112 790 3142 843 6
3169 791 3392 861 οὐρανός
3414 809 3545 863 φημι
3563 797 3645 851 καὶ

2094 887 2230 959 ήγῆ
2263 886 2529 958 ἆμα.”οτι
2572 884 2784 953 πέφυκέ
2834 899 2969 953 φησι
3015 883 3088 936 τά
3127 882 3426 937 τελεώτατα
3464 886 3553 939 καὶ
3585 889 3647 942 τὰ

2097 979 2343 1051 χείριστα
2365 979 2450 1032 ἀεὶ
2481 977 2744 1050 ἐνεργεῖν.
2772 975 2957 1031 Ταῦτα
2993 974 3050 1029 δέ
3080 975 3196 1028 ἐστι
3227 975 3358 1039 Θεὸς
3386 978 3476 1031 ml
3497 982 3644 1049 φυτά.

2100 1072 2167 1127 '0
2190 1090 2249 1127 τε
2270 1070 2380 1142 γὰρ
2405 1071 2538 1136 Θεὸς
2562 1070 2703 1126 κατὰ
2726 1070 2819 1125 τὸν
2841 1070 2964 1124 νοῦν
2993 1068 3090 1124 ml
3114 1070 3205 1123 τὸν
3227 1069 3382 1138 λόγον
3409 1073 3490 1127 ἀεὶ
3513 1075 3648 1146 ἐνερ-

2096 1168 2202 1233 γεῖ,
2231 1166 2325 1219 καὶ
2355 1164 2425 1219 τά
2452 1163 2681 1236 πλησίον
2710 1160 2875 1217 αὑτοῦ
2914 1162 3064 1229 ὄντα,
3114 1161 3209 1216 καὶ
3242 1162 3400 1216 πάλιν
3428 1164 3496 1219 τὰ
3521 1167 3648 1235 φυτά

2096 1254 2185 1307 ἀεὶ
2219 1255 2457 1324 ἐνεργεῖ·
2493 1253 2755 1324 τρέφεται
2787 1253 2898 1323 γάρ
2930 1251 3149 1322 νύκτωρ
3180 1269 3240 1305 τε
3270 1252 3363 1306 ml
3393 1254 3646 1327 μεθ’ὴμέ.

2098 1360 2215 1413 ραν.
2232 1344 2291 1396 ’0
2322 1343 2380 1397 δὲ
2412 1343 2698 1414 ἄνθρωπος
2730 1343 2830 1396 οὑκ
2866 1342 2955 1397 ἀεὶ
3000 1344 3230 1413 ἐνεργεῖ,
3256 1342 3377 1397 οὑδέ
3405 1345 3472 1400 τὰ
3498 1345 3650 1417 ἀλογα

2097 1433 2239 1499 ζῶα,
2273 1435 2410 1488 ἀλλὰ
2442 1435 2628 1506 σχεδὸν
2673 1433 2765 1488 τὸν
2820 1435 2992 1506 ἡμίση
3012 1434 3060 1465 ’°
3087 1436 3280 1506 χρόνον
3326 1436 3560 1493 καθεύδει
3597 1457 3651 1494 τε

2095 1526 2191 1581 ml
2216 1526 2631 1598 ἡσυχάζει.’¹οτι
2676 1526 2727 1579 oi
2759 1525 3019 1595 Ἕλληνες
3063 1526 3153 1580 ἀεὶ⁵
3189 1526 3442 1596 ἀμείνους
3466 1528 3530 1582 τὰ
3554 1529 3648 1601 ἢθη

2095 1618 2201 1672 τῶν
2233 1617 2545 1689 βαρϐάρων,
2573 1618 2649 1683 ὡς
2697 1618 2797 1688 τὴν
2843 1616 3113 1689 εὔκρατον
3142 1616 3438 1683 οἰκοῦντες.
3464 1619 3650 1674 Σκύθαι

2024 1693 2063 1747 Β
2093 1708 2149 1762 δὲ
2181 1710 2274 1762 καὶ
2302 1707 2581 1773 Αἰθίοπες,
2611 1709 2660 1761 οἱ
2700 1708 2800 1778 μὲν
2827 1707 2933 1760 ὑπὸ
2957 1709 3159 1779 κρύους
3190 1708 3585 1779 ἐνοχλούμενοι,
3609 1711 3653 1763 οί
3768 1710 3781 1717 ”

2094 1796 2152 1850 δὲ
2206 1797 2309 1850 ὑπὸ
2351 1797 2588 1860 θάλπους
2637 1797 3021 1868 πυκνουμένης
3066 1797 3168 1867 τῆς
3214 1798 3531 1867 ἐπιφανείας
3570 1797 3653 1850 τοῦ

2097 1889 2348 1960 σώματος
2372 1930 2387 1954 ,
2437 1891 2531 1943 ml
2572 1889 3095 1960 άπολαμϐανομένου
3145 1890 3299 1954 ἐντὸς
3342 1889 3434 1945 τοῦ
3470 1890 3655 1961 θερμοῦ

2094 1981 2290 2035 πολλοῦ
2324 1980 2536 2035 καὶτοῦ
2568 1980 2734 2053 ὑγροῦ
2754 2024 2768 2048 ,
2797 1981 2859 2035 τὸ
2901 1981 3201 2053 δύσκρατον
3247 1981 3351 2035 ἐκλ
3375 1978 3653 2052 ,ρώσαντοο

2095 2070 2384 2141 συμϐαίνει
2410 2068 2504 2126 οὖν
2532 2073 2809 2144 ίτητικοὺς
2853 2074 2950 2128 καὶ
2993 2073 3215 2145 θρασεῖς
3243 2066 3389 2126 εῖναι
3434 2071 3551 2135 τοὺς
3588 2071 3658 2123 oi-

2094 2162 2327 2223 κοῦντας
2341 2163 2401 2216 ἐν
2425 2163 2659 2228 ἐκείνοις
2683 2166 2799 2228 τοῖς
2823 2165 3030 2230 τόποις.
3048 2164 3361 2232 ’Δναλόγως
3382 2162 3439 2217 δέ
3457 2163 3544 2216 καὶ
3563 2162 3656 2216 oi“

2094 2252 2187 2306 τοῦ
2234 2251 2400 2323 μέσου
2444 2253 2540 2307 ml.
2564 2253 2674 2306 τῶν
2702 2253 2888 2325 ἄκρων
2915 2254 3195 2325 ἐγγυτέρω
3224 2252 3383 2317 ὄντες
3413 2253 3511 2322 τῆς
3540 2251 3659 2323 κρά-

2096 2361 2234 2409 σεως
2264 2345 2375 2398 τῶν
2404 2347 2826 2417 παρακειμένων
2864 2349 3049 2412 αὑτοῖς
3094 2349 3407 2419 μετέχουσι.
3437 2347 3523 2402 Διὸ
3549 2348 3651 2410 ml,

2094 2435 2167 2499 ὼς
2197 2435 2226 2488 6
2262 2435 2485 2489 Πλάτων
2534 2436 2729 2505 φησιν,
2755 2437 2784 2489 ὅ
2815 2455 2869 2490 τι
2916 2436 2983 2491 ἂν
3033 2438 3127 2493 καὶ
3176 2438 3334 2509 παρά
3380 2436 3658 2509 Βαρϐάρων

2100 2526 2331 2597 μάθημα
2379 2527 2618 2581 λάϐωσιν
2662 2530 2713 2582 οί
2747 2530 3038 2599 Ἕλληνες,
3070 2529 3226 2584 τοῦτο
3259 2531 3482 2601 ἄμεινον
3509 2529 3661 2598 ἐκφέ-

2100 2633 2250 2686 ρουσι
2272 2657 2287 2681 ,
2316 2617 2553 2687 μάλιστα
2579 2618 2635 2673 δὲ
2662 2618 2770 2671 τῶν
2799 2619 2976 2673 ἄλλων
3011 2620 3280 2691 Ἐλλήνων
3313 2622 3360 2674 oi
3383 2620 3655 2690 Ἀθηναῖοι.

2096 2709 2294 2778 Διόπερ
2352 2711 2449 2763 καὶ
2502 2712 2860 2781 στρατηγικοὶ
2918 2710 3240 2781 γεγένηνται
3302 2711 3531 2783 ἀρχῆθεν
3575 2710 3659 2764 καὶ

2096 2801 2378 2871 γραφικῆς
2405 2802 2679 2870 εὑρετικοὶ
2724 2803 2821 2855 καὶ
2866 2804 3046 2873 πάσης
3085 2802 3282 2873 τέχνης
3322 2800 3579 2873 βαναύσου
3606 2815 3660 2853 τε

2096 2890 2192 2942 ml
2244 2890 2571 2960 πολεμικῆς,
2617 2891 2698 2943 ἔτι
2737 2891 2794 2945 δὲ
2845 2893 2939 2946 ml
2980 2892 3155 2960 λόγων
3183 2893 3282 2947 ml
3323 2892 3661 2963 μαθημάτων.

2098 2982 2188 3034 Διὸ
2216 2983 2310 3036 ml.
2337 2983 2444 3036 οὐδ’
2471 2985 2796 3045 ἐπείσακτος
2830 2985 3000 3047 ἐστιν,
3048 2983 3125 3049 ῶς
3156 2986 3337 3039 εἰπεῖν
3361 3025 3378 3050 ,
3410 2986 3442 3053 ἡ
3475 2981 3670 3037 παιδεία

2104 3074 2161 3124 ἐν
2196 3075 2316 3135 ταῖς
2339 3072 2611 3144 Ἀθήναις,
2662 3075 2779 3128 ἀλλ’
2804 3075 2870 3128 ἐκ
2917 3075 3135 3144 φύσεως
3191 3075 3545 3148 ὑπάρχουσα,
3586 3072 3670 3126 τοῦ

2104 3162 2344 3216 τοιούτου
2398 3165 2560 3236 ἀέρος
2610 3165 2924 3237 ίσχνοτάτου
2952 3167 3106 3232 ὄντος
3135 3168 3229 3220 ml
3272 3166 3667 3238 καθαρωτάτου.

2102 3254 2178 3318 ὼς
2219 3254 2294 3325 μὴ
2349 3257 2518 3325 μόνην
2568 3256 2666 3327 τὴν
2713 3259 2817 3328 γῆν
2862 3258 3147 3312 λεπτύνειν
3176 3258 3265 3328 (δι’
3298 3261 3366 3330 ἢν
3394 3258 3567 3312 αἰτίαν
3588 3253 3672 3309 καὶ

2102 3343 2514 3417 λεπτόγεως¹²ὴ
2536 3345 2799 3418 ’Δττικὴ),
2820 3346 2977 3420 [1521
3006 3347 3097 3421 8.]
3118 3349 3255 3403 ἀλλά
3280 3349 3378 3404 καὶ
3400 3349 3493 3412 τάς
3512 3344 3673 3418 ψυχὰς

2102 3436 2211 3490 τῶν
2239 3436 2545 3509 ἀνθρώπων
2568 3456 2581 3470 ·
2613 3440 3042 3512 συμϐαίνει-γάρ
3067 3440 3159 3495 τὸν
3184 3441 3387 3496 λεπτὸν
3418 3441 3552 3512 ἀέρα
3587 3438 3677 3509 τὴν

2106 3529 2205 3600 μὲν
2228 3531 2331 3601 γῆν
2368 3531 2648 3601 βλάπτειν,
2675 3534 2774 3597 τὰς
2795 3534 2854 3587 δέ
2880 3533 3059 3605 ψυχάς
3083 3534 3468 3605 ὠφελεῖν.⁸’οτι
3493 3533 3538 3587 οἱ
3560 3530 3676 3599 ἐτή-

2106 3622 2279 3674 σιαι¹³
2327 3623 2551 3677 πνέουσι
2597 3625 2741 3679 κατὰ
2785 3625 2879 3680 τὸν
2926 3627 3120 3698 καιρὸν
3172 3626 3269 3680 τοῦ
3329 3623 3678 3697 ἀκμαιοτάτω

2104 3712 2295 3785 θέρους
2339 3716 2405 3769 δι’
2437 3717 2623 3771 αἰτίαν
2678 3716 2961 3790 τοιαύτην.
2996 3720 3055 3773 ’0
3086 3720 3240 3791 ἠλιος
3290 3718 3680 3791 μετεωρότερος

2106 3808 2203 3862 καὶ
2234 3809 2343 3863 ἀπὸ
2370 3808 2478 3862 τῶν
2514 3811 2901 3882 μεσημϐρινῶν
2946 3811 3130 3867 τύπων
3167 3812 3575 3884 ἀρκτικώτερος
3598 3823 3677 3875 γι·

2103 3900 2324 3971 νόμενος
2350 3902 2468 3956 λύει
2496 3903 2564 3957 τά
2598 3904 2740 3977 ὑγρά
2771 3905 2841 3959 τά
2863 3906 2921 3959 ἐν
2943 3908 3064 3969 ταῖς
3087 3906 3312 3977 ἄρκτοις
3329 3923 3344 3937 ν
3378 3905 3607 3974 λυόμενα
3625 3898 3676 3951 δὲ

2104 3992 2282 4046 ταῦτα
2334 3993 2670 4066 ἐξαεροῦται,
2726 3996 3097 4069 ἐξαερουμένα
3139 3998 3196 4051 δὲ
3250 3994 3681 4068 πνευματοῐπαι,

2102 4084 2196 4138 ml
2243 4086 2309 4138 ἐκ
2359 4087 2564 4141 τούτων
2603 4090 2845 4158 γίνονται
2891 4090 2941 4143 οἱ
2989 4091 3202 4161 ἐτήσιαι
3232 4090 3466 4160 ἄνεμοι,
3497 4089 3560 4140 ἐκ
3583 4083 3683 4137 τῶν

420 4176 747 4248 πνευμάτων
795 4177 903 4229 τῶν
921 4176 965 4207 ’⁸⁵
1006 4175 1114 4229 ἀπὸ
1164 4174 1262 4245 τῆς
1314 4172 1522 4236 λύσεως
1568 4171 1676 4224 τῶν
1708 4169 1999 4242 ’ἀρκτικῶν
2039 4172 2223 4245 ὑγρῶν
2266 4177 2586 4247 γινομένων.
2614 4177 2873 4251 Φέρονται
2902 4178 3032 4247 γοῦν
3072 4181 3167 4234 ἐπὶ
3230 4182 3361 4245 τοὺς
3428 4175 3687 4237 ἐναντίους

416 4270 651 4335 τόπους,
684 4269 812 4332 τοὺς
844 4264 1432 4339 μεσημϐρινούς.Ἐκεῖ
1458 4263 1527 4334 δὴ
1553 4260 1729 4316 ταῦτα
1772 4261 2117 4333 ἐκφερόμενα
2160 4267 2497 4336 προσπίπτει
2554 4271 2669 4333 τοῖς
2737 4268 3095 4341 ὑψηλοτάτοις
3140 4269 3293 4338 ὄρεσι
3353 4270 3453 4339 τῆς
3514 4264 3687 4321 Alete-

418 4359 571 4425 πίας,
604 4362 697 4415 ml
744 4359 914 4413 πολλὰ
959 4359 1056 4411 καὶ
1103 4357 1273 4428 ἀθρόα
1321 4355 1582 4425 γινόμενα
1627 4352 1999 4421 ἀπεργάζεται
2039 4354 2261 4419 ὑετούςο
2291 4356 2387 4410 ml
2415 4360 2480 4413 ἐκ
2507 4359 2615 4413 τῶν
2658 4360 2831 4414 ὑετῶν
2854 4360 3061 4415 τούτων
3091 4362 3120 4415 6
3162 4361 3363 4424 Νεῖλος
3428 4360 3687 4430 πλημμυ-

421 4458 509 4526 ρεῖ
535 4452 630 4508 τοῦ
661 4454 874 4523 θέρους,
921 4450 1029 4505 ἀπὸ
1074 4449 1183 4503 τῶν
1235 4444 1629 4517 μεσημϐρινῶν
1681 4443 1776 4496 ml
1828 4441 2008 4514 ξηρῶν
2046 4443 2226 4499 τόπων
2276 4446 2437 4514 ῥέων.
2480 4450 2591 4503 Καὶ
2640 4449 2802 4504 τοῦτο
2857 4450 3241 4522 Ἀριστοτέλης
3308 4445 3689 4522 ἐπραγματεύ-

423 4565 587 4604 σατοο
620 4545 781 4608 αὑτὸς
830 4544 940 4615 γάρ
986 4543 1092 4597 ἀπὸ
1139 4541 1239 4610 τῆς
1272 4539 1487 4607 φύσεως
1518 4536 1665 4608 ἔργῳ
1694 4537 2035 4604 κατενόησεν,
2079 4536 2319 4603 ἀξιώσας
2352 4539 2569 4611 πέμψαι
2613 4541 2706 4596 τὸν
2748 4540 3100 4614 Ἀλέξανδρον
3155 4542 3247 4596 τὸν
3280 4541 3571 4597 Μακεδόνα
3613 4536 3690 4601 εἰς

421 4641 664 4703 ἐκείνους
696 4639 823 4700 τοὺς
863 4637 1063 4699 τόπους
1108 4635 1201 4687 ml
1244 4631 1365 4701 ὄψει
1411 4630 1512 4698 τὴν
1561 4627 1739 4682 αἰτίαν
1769 4627 1870 4696 τῆς
1910 4626 2004 4680 τοῦ
2043 4629 2241 4683 Νείλου
2287 4632 2570 4704 αὐξήσεως
2642 4636 3004 4706 παραλαϐεῖν,
3072 4634 3164 4688 Διό
3206 4651 3377 4706 φησιν
3424 4635 3501 4697 ὡς
3541 4629 3692 4684 τοῦτο

421 4735 605 4789 οὑκέτι
651 4731 946 4804 πρόϐλημά
982 4732 1162 4784 ἐστιν’
1192 4725 1349 4797 ὤφθη
1394 4725 1504 4796 γὰρ
1550 4720 1801 4794 φανερῶς
1833 4721 1916 4774 ὅτι
1943 4721 2003 4787 ἐξ
2041 4724 2211 4778 ὑετῶν
2260 4724 2390 4798 [717
2419 4727 2514 4801 H.]
2564 4728 2750 4795 αὔξει,
2787 4731 2883 4785 καὶ
2924 4730 2986 4783 τὸ
3028 4729 3356 4801 παράδοξον,
3431 4725 3578 4782 ὄτι¹⁸
3639 4724 3693 4777 ἐν

422 4830 537 4891 uti;
583 4827 899 4900 ξηροτάτοις
942 4823 1129 4887 τόποις
1171 4821 1273 4891 τῆς
1318 4816 1634 4882 Αἰθιοπίας,
1665 4817 1725 4868 ἐν
1756 4807 1839 4878 οἷς
1876 4812 2007 4867 οὔτε
2048 4814 2255 4887 χειμὼν
2282 4817 2409 4873 οὔτε
2451 4820 2593 4894 ὕδωρ
2638 4823 2780 4892 ἐστὶ,
2804 4821 3093 4894 ξυμϐαίνει
3127 4822 3222 4877 τοῦ
3298 4820 3494 4893 θέρους
3554 4816 3699 4870 πλεί.

429 4937 587 4985 στους
623 4918 815 4980 ὑετοὺς
854 4915 1121 4985 γίνεσθαι.

1695 4997 1928 5053 νΑιίΙλΕ
1983 4995 2277 5053 LECTION
2286 4997 2387 5053 ES.

512 5125 673 5197 "se.
745 5122 1119 5197 ’δῃθρηνεύων
1144 5118 1371 5197 Δγεοιῑιιεξ
1412 5116 1616 5197 _Suidas
1643 5130 1693 5169 ν.
1729 5112 2046 5197 ΑἈγχίνους
2078 5121 2146 5197 et
2198 5113 2411 5197 μνήμη
2469 5111 2593 5197 εηδέ,
2640 5112 2700 5165 τὸ
2755 5112 2816 5177 ἐξ
2867 5106 2944 5197 ἦν
3000 5110 3172 5197 έμαθε
3225 5098 3696 5197 θηρεύεενκκερ-ιᾶ

434 5171 765 5270 μὴᾼέμαθεν.
1141 5171 1283 5270 ὄέντὸ
1312 5187 1373 5270 ἐξ
1395 5185 1560 5270 ,ἀκμὴ
1574 5185 1685 5268 ⁴ἐμ.
1727 5171 2040 5270 θηρεύειν(
2078 5171 2411 5270 ’θιαῦτηιῖςξ
2558 5182 2733 5270 ἣμισυ
2765 5171 2825 5248 ς’.
2904 5184 2945 5217 ²¹
2981 5171 3045 5237 οί’
3067 5186 3132 5238 A.
3169 5204 3182 5236 :
3226 5171 3364 5252 ήῖῖ.
3442 5180 3488 5210 ⁸³
3510 5171 3694 5233 λεπτότ

430 5253 587 5337 γεῶξ
608 5269 756 5320 ἐστιν
786 5267 819 5335 ἡ
856 5283 916 5330 ς.
994 5262 1041 5292 ’³
1073 5261 1280 5330 ἐτήσιοι
1315 5253 1405 5312 Δί
1459 5253 1504 5288 ’³
1531 5253 1639 5310 τῶν
1671 5253 1930 5309 antedmb
1968 5268 2077 5307 om.
2120 5255 2185 5306 A.
2263 5253 2308 5284 ’⁵
2341 5253 2421 5306 ὅτι
2456 5268 2567 5309 om.
2599 5253 2664 5306 A.

1911 5366 2140 5424 ΝΟΤᾸῚ.

510 5494 622 5562 (ll)
656 5492 788 5547 Vide
847 5489 1314 5562 Tltenphylactum
1356 5485 1733 5553 Simocattam,
1790 5483 1859 5539 De
1899 5484 2005 5537 vita
2051 5479 2295 5539 Mauriu‘i
2335 5484 2485 5553 imp.,
2535 5482 2626 5538 lin.
2683 5481 2736 5549 7,
2787 5490 3050 5550 extremo,
3094 5479 3456 5544 Herodotum,
3514 5470 3693 5529 Melum

440 5573 493 5621 et
523 5561 695 5613 άνὼνυ
706 5578 824 5631 μον.
