3974 6202
1191 359 1881 462 ἸῙΒΑΒΙΤΙΟ
1981 358 2810 456 CATHOLICA.

1409 643 1829 711 SECULUM
1863 645 1980 709 IX.
2021 645 2307 711 ANNUS
2341 645 2603 712 820-21.

1634 915 2378 1034 ELENCHUS

596 1228 1108 1300 Αυοτοιιυιι
1148 1230 1268 1292 εἰ·
1309 1226 1700 1290 omnum
1734 1226 1890 1304 om
1923 1225 2028 1286 ne
2059 1222 2165 1285 ac

1923 1225 2028 1286 ne
2059 1222 2244 1287 Hoc
2275 1221 2540 1286 τοιιιο
2567 1223 2734 1290 om
2763 1203 3459 1287 00mm.

1796 1502 2195 1530 w—

1692 1721 2069 1789 SEDULIUS
2117 1721 2442 1786 SCOTUS.

393 1899 790 1964 Collectanea
835 1892 901 1955 in
939 1905 1165 1957 omnes
1211 1892 1282 1956 Β.
1321 1888 1496 1952 Pauli
1537 1888 1881 1970 Epistolas.
2193 1963 2196 1966 λ
3293 1892 3418 1958 col.
3619 1897 3657 1960 9

391 2000 716 2084 Expositio
758 1997 963 2062 brevis
993 1999 1058 2061 in
1091 1993 1452 2076 Evangelia,
1485 2011 1565 2057 ex
1596 1993 1750 2057 edit.
1789 1996 1952 2073 Aug.
1987 1993 2130 2058 Mai.
3538 1999 3654 2065 271

393 2111 486 2173 De
530 2105 887 2171 rectoribus
931 2101 1296 2166 Christianis
1331 2107 1394 2164 et
1437 2099 1960 2164 convenientibus
1992 2099 2232 2178 regulis
2260 2099 2500 2180 quibus
2531 2105 2626 2164 est
2667 2119 2769 2165 res
2814 2102 3070 2185 publica
3116 2103 3234 2168 rite
3266 2120 3382 2184 gu-

516 2210 870 2281 bernanda,
905 2208 984 2273 ad
1016 2207 1309 2271 Carolum
1343 2208 1644 2284 Magnum
1674 2203 1770 2266 vel
1803 2204 2189 2267 Ludovicum
2219 2205 2426 2277 Pium.
2462 2206 2688 2270 eodem
2717 2208 2990 2273 editore.
3541 2208 3655 2274 291

394 2315 890 2398 Explanationes
916 2314 983 2376 in
1012 2313 1426 2377 Praefationes
1467 2315 1532 2376 3.
1573 2309 1950 2390 Hieronymi
1992 2309 2072 2373 ad
2109 2309 2470 2389 Evangelia.
3544 2314 3655 2377 331

1356 2483 1420 2546 S.
1457 2479 1951 2544 BENEDICTUS
1993 2479 2248 2545 ABBAS
2280 2479 2781 2542 ANIANENSIS.

404 2656 548 2724 Vita
575 2653 643 2716 S.
678 2650 1007 2715 Benedicti
1031 2657 1286 2712 auctore
1314 2648 1569 2712 Ardone
1605 2666 1715 2710 seu
1743 2646 2122 2727 Smaragdo,
2157 2647 2289 2728 ejus
2318 2643 2646 2724 discipulo.
3549 2648 3658 2711 351

393 2754 734 2836 Appendix
769 2756 1000 2834 prima.
1055 2785 1134 2800 --
1165 2753 1253 2814 De
1291 2750 1534 2833 synodo
1560 2748 2059 2831 Aquisgranensi
2081 2793 2098 2824 ,
2145 2747 2338 2828 deque
2368 2746 2768 2811 monasterii:
2803 2744 3062 2809 Aniena:
3091 2747 3385 2829 subjectis

515 2869 624 2922 aut
657 2878 776 2940 per
815 2858 1224 2921 Benedictum
1254 2854 1590 2919 ordinatis.
3548 2854 3663 2918 383

397 2965 740 3046 Appendix
765 2964 1062 3026 secunda.
1099 2997 1173 3009 —
1199 2964 1290 3024 De
1339 2961 1545 3026 tribus
1577 2959 1961 3034 Benedictis,
2004 2957 2378 3032 Anianemi,
2425 2959 2784 3021 Fossatensi
2829 2966 2887 3020 et
2927 2956 3386 3022 Mediolanensi

516 3068 878 3132 abbatibus.
3546 3066 3658 3127 391

397 3177 610 3240 Codex
643 3174 1054 3255 Regularum,
1091 3189 1171 3236 ex
1203 3172 1487 3240 editione
1515 3175 1595 3236 Β.
1627 3177 1695 3238 P.
1729 3172 1999 3238 Mai-iani
2033 3172 2325 3238 Brockie.
3550 3173 3667 3240 393

395 3282 753 3346 Concordia
782 3281 1168 3360 Regularum
1203 3296 1282 3343 ex
1315 3278 1599 3343 editione
1628 3281 1704 3342 R.
1745 3282 1810 3345 P.
1844 3280 2130 3360 Hugonis
2161 3280 2476 3342 Menardi.
3550 3279 3663 3342 701

399 3393 464 3452 S.
499 3387 827 3451 Benedicti
861 3385 1145 3467 Epistola
1171 3385 1247 3449 ad
1279 3386 1629 3450 monachos
1660 3387 2070 3450 Anianenses.
2107 3387 2355 3466 Scripta
2387 3386 2451 3449 in
2485 3385 2811 3450 extremis.
3519 3386 3670 3449 I379

402 3491 684 3571 lipistola
722 3490 801 3553 ad
834 3488 1191 3553 Nibridium
1228 3489 1709 3553 Narbonensem
1743 3488 2326 3569 archiepiscopum.
3519 3488 3662 3551 1381

400 3593 792 3659 Testimonia
841 3593 922 3658 de
964 3594 1412 3660 Incarnatione
1465 3595 1740 3671 Domini,
1801 3595 1883 3658 de
1927 3596 2036 3659 SS.
2094 3593 2418 3670 Trinitate,
2477 3599 2541 3655 et
2599 3591 2938 3657 iteratione
2991 3592 3390 3674 baptismatis

523 3698 886 3764 devitanda.
3519 3695 3664 3760 1381

404 3803 722 3868 Adversus
758 3803 989 3869 Felicis
1019 3803 1339 3869 haeresim.
3518 3802 3670 3864 1399

415 3909 709 3973 Formula
740 3911 888 3974 ﬁdei
919 3911 999 3974 ad
1031 3912 1450 3977 Guarnarium
1491 3911 1714 3976 tilium.
3521 3907 3665 3972 1411

407 4014 737 4077 Confessio
767 4014 938 4076 fidei.
2923 4064 2941 4090 ,
3523 4014 3674 4076 1314

409 4117 879 4182 Pmnitentiales
919 4119 1092 4182 modi
1123 4112 1301 4183 varii.
3523 4118 3674 4181 1417

415 4225 662 4288 Charta
689 4224 1098 4290 Anianenses.
1130 4225 1348 4291 Caroli
1382 4226 1609 4306 Magni
1649 4234 1708 4289 et
1744 4226 2045 4290 Ludovici
2078 4227 2345 4304 Augusti
2371 4227 2739 4291 donationes
2763 4232 2906 4310 pia.
3521 4224 3672 4289 1419

1766 5268 1783 5283 ⁸
1829 5275 1845 5289 ο
1874 5260 1948 5296 ’θ’
1988 5279 2067 5309 ο.-

2417 5707 2668 5765 Parisiis.
2699 5732 2766 5749 —
2801 5707 2878 5763 ες
2910 5701 3242 5774 [vniat-1’.
3266 5701 3503 5761 manu.
3542 5656 3544 5658 ’
