3974 6202
403 339 457 395 ti
1780 333 2047 390 SEDELll
2087 332 2282 391 SCOTI
3600 340 3672 396 12

400 456 568 509 rimus
602 452 744 506 binis
790 452 1095 507 nominibus
1125 460 1363 505 vocatos.
1410 449 1517 504 Sed
1564 463 1662 504 nec
1692 448 1981 519 Evangelia
2009 450 2060 511 Α
2088 448 2140 503 in
2163 450 2632 511 benedictionibus
2660 450 2964 523 Benjamin,
2993 461 3049 508 ct
3074 453 3128 508 in
3152 454 3234 508 via
3264 456 3535 524 Damasci,
3566 466 3672 519 sie-

397 545 542 599 hunc
581 557 786 597 morem
822 550 1098 596 renuunt:
1127 555 1253 595 nam
1283 540 1590 605 Mattlnens,
1635 540 1778 595 sicut
1806 539 1983 595 Lucas

395 635 663 701 ostendit,
708 642 764 688 et
812 633 938 688 Levi
994 633 1292 704 appellatus
1343 642 1448 688 est.
1482 632 1790 689 Secundum
1841 631 1982 687 hanc

394 743 524 799 ergo
552 726 998 782 consuetudinem
1026 726 1241 781 videtur
1274 725 1429 782 nobis
1457 735 1513 780 et
1553 725 1751 780 Paulus
1782 725 1981 795 duplici

393 834 515 873 esse
552 817 850 873 vocabulo:
880 833 1002 871 nam
1046 817 1235 872 ethoc
1282 818 1455 886 ipsum
1502 819 1647 888 quod
1697 815 1980 888 Scriptura

391 908 560 963 dicit:
599 906 797 963 Saulus
827 917 1022 972 autem,
1050 908 1141 979 qui
1186 917 1235 961 et
1271 906 1470 962 Paulus
1507 907 1645 977 (Act.
1672 911 1837 979 xm),
1867 909 1979 963 evi-

348 1000 351 1003 ’
390 1002 584 1057 denter
609 1016 715 1055 non
741 999 952 1055 eitnnc
980 1000 1212 1070 primum
1250 999 1401 1054 Pauli
1439 1016 1634 1056 nomen
1664 1002 1978 1070 impositum

389 1091 648 1156 ostendit,
673 1091 767 1146 sed
798 1091 997 1145 veteris
1022 1090 1402 1161 appellationis
1428 1090 1481 1145 id
1513 1090 1681 1147 fuisse
1705 1092 1974 1163 designat.

390 1182 496 1239 Sed
528 1181 912 1252 requirendum
934 1190 1018 1237 est
1046 1182 1157 1248 hic,
1185 1198 1284 1238 cur
1307 1198 1505 1239 nomen
1527 1199 1686 1238 suum
1714 1184 1773 1239 in
1799 1184 1977 1240 fronte

388 1276 639 1345 Epistolas
668 1276 934 1347 posuerit.
963 1275 1046 1331 Ad
1071 1276 1217 1346 qhod
1242 1276 1674 1346 respondendum
1698 1285 1782 1332 est
1811 1293 1975 1333 causa

387 1367 730 1422 auctoritatis
764 1366 1073 1437 apostolicae
1100 1368 1207 1423 hoc
1233 1383 1356 1424 esse
1386 1368 1583 1423 factum
1611 1388 1624 1422 :
1651 1371 1791 1425 sicut
1827 1371 1973 1425 enim

387 1477 542 1534 reges
568 1479 764 1519 nomen
788 1479 946 1518 suum
972 1464 1026 1518 in
1052 1464 1334 1536 principiis
1359 1464 1711 1533 epistularum
1742 1473 1971 1534 ponunt,

383 1563 654 1625 quatenus
683 1556 854 1627 magis
895 1563 1189 1610 vereantur
1219 1555 1274 1610 hi
1325 1556 1525 1625 quibus
1573 1556 1701 1626 ipsa:
1731 1556 1973 1625 epistola:

382 1646 851 1712 transmittuntur,
896 1646 967 1700 ita
1014 1654 1070 1701 et
1115 1646 1317 1701 Paulus
1348 1648 1647 1718 apostolus,
1677 1649 1803 1718 quia
1830 1663 1974 1703 unus

381 1752 448 1790 ex
488 1736 593 1791 illis
622 1738 842 1809 regibus
869 1736 1047 1792 fuerat
1074 1736 1142 1792 de
1170 1738 1367 1807 quibus
1408 1738 1867 1810 Psalmographus
1890 1740 1973 1794 di-

2087 547 2148 594 ut
2175 539 2433 611 scriptum
2464 548 2548 597 est
2584 559 2597 596 :
2631 539 2814 607 Saule,
2860 540 3045 609 Saule,
3076 544 3201 616 quid
3236 562 3319 600 me
3346 553 3669 621 persequeris

2084 628 2223 701 (Aet.
2251 630 2364 702 rx)?
2409 630 2525 687 Hoc
2550 647 2746 689 nomen
2770 674 2785 699 ,
2829 635 2975 704 quod
3016 643 3104 690 est
3134 646 3376 703 vocatus,
3412 641 3670 710 generale

2081 728 2262 787 potest
2286 720 2480 788 videri,
2508 722 2651 791 quod
2681 724 2916 793 pertinet
2942 725 3023 779 ad
3049 739 3242 797 omnes
3268 728 3358 797 qui
3389 727 3665 785 Christum

2082 809 2308 864 credunt
2331 828 2345 864 :
2379 809 2538 865 Multi
2564 821 2684 865 sunt
2706 813 2896 878 vocati,
2921 814 3079 885 pauci
3101 832 3217 870 vero
3238 815 3405 872 electi.
3430 818 3669 875 Vocatus

2080 906 2165 954 est
2191 898 2380 961 Judas.
2403 910 2462 955 at
2484 917 2593 956 non
2622 910 2742 957 erat
2768 903 2974 960 electus
2999 924 3012 960 :
3041 906 3166 976 quia
3188 907 3344 962 electi
3366 911 3606 979 separari
3635 928 3663 964 a

2083 991 2326 1046 Dco‘non
2356 1000 2604 1062 possunt.
2633 993 2938 1056 Ἀπόσ-τολος
2960 994 3169 1062 Grtcce,
3192 981 3341 1058 τήνω
3375 998 3662 1064 Hebraice,

2078 1082 2277 1137 missus
2306 1082 2499 1138 Latine
2527 1084 2746 1141 dicitur.
2773 1085 2910 1140 Nam
2936 1088 3077 1142 sicut
3104 1086 3306 1161 ἄγγελοι
3330 1089 3536 1158 (ἔντερα,
3561 1091 3664 1146 La-

2078 1170 2191 1226 tine
2216 1173 2391 1228 nuntii
2437 1174 2799 1243 appellantur,
2823 1177 2897 1232 ita
2936 1176 3124 1234 Grzece
3150 1182 3440 1247 ἀπόστολοι,
3470 1183 3665 1240 Latine

2076 1261 2228 1318 missi
2276 1272 2573 1319 vocantur:
2618 1265 2765 1335 ipsos
2812 1268 2957 1323 enim
2987 1270 3136 1324 misit
3164 1272 3538 1342 evangelizare
3562 1291 3664 1346 per

2073 1352 2389 1408 universum
2420 1355 2699 1410 mundum.

2146 1443 2459 1516 Segregatus
2485 1446 2540 1500 in
2590 1446 2912 1517 evangelium
2956 1448 3075 1503 Dei.
3106 1452 3423 1524 Eia-nilus,
3457 1452 3657 1510 bonum

2075 1538 2322 1591 nuntium
2352 1538 2759 1608 interpretatur,
2785 1556 2894 1610 quo
2921 1550 3240 1612 peccatores
3279 1544 3349 1599 ad
3380 1545 3660 1617 indulgen-

2075 1628 2205 1683 tiam
2247 1640 2634 1687 convocantur.
2683 1632 2975 1704 Apostolus
3020 1645 3201 1691 autem
3254 1652 3362 1707 quo
3410 1639 3570 1694 modo
3605 1640 3658 1695 in

2071 1717 2349 1776 Judaismo
2392 1721 2569 1776 locum
2609 1723 2850 1778 doctoris
2891 1725 3151 1789 habebat,
3196 1735 3257 1782 ut
3299 1737 3425 1798 pote
3463 1728 3660 1785 Phari-

380 1829 492 1883 cit:
521 1828 661 1883 Dum
695 1829 945 1883 discernit
990 1827 1209 1883 caelestis
1244 1845 1386 1899 reges
1432 1845 1589 1900 super
1630 1846 1745 1882 eam
1787 1828 1960 1899 (Psal.

2070 1824 2231 1876 smus,
2283 1810 2356 1865 ita
2407 1827 2439 1866 a
2491 1810 2753 1867 Judaismi
2806 1815 3192 1884 praulicatione
3240 1827 3553 1889 separatum
3599 1834 3661 1876 se

381 1927 570 1990 uvn),
598 1935 757 1974 suum
782 1935 980 1974 nomen
1008 1920 1136 1974 huic
1168 1918 1429 1989 epistolae,
1460 1935 1567 1973 non
1598 1919 1833 1991 ignobile
1873 1919 1967 1975 de-

379 2024 495 2073 cus,
527 2008 778 2079 prsellxit.
803 2009 860 2063 In
888 2008 1128 2079 Epistula
1157 2024 1289 2064 vero
1310 2024 1430 2079 qua:
1451 2008 1517 2063 ad
1548 2008 1804 2064 Hebraeos
1828 2024 1966 2079 prte-

380 2098 643 2165 titulatur,
687 2098 946 2169 quoniam
993 2101 1134 2170 apud
1178 2098 1529 2154 Hebraeorum
1571 2098 1829 2155 ecclesias
1865 2101 1964 2156 de-

375 2196 614 2244 structor
644 2188 780 2260 tegis
826 2188 961 2244 falsa
990 2189 1297 2261 suspicione
1328 2190 1650 2254 habebatur,
1678 2190 1846 2246 voluit
1882 2198 1965 2246 ta-

376 2279 487 2334 cito
516 2281 736 2335 nomine
762 2280 830 2337 de
858 2280 1046 2353 ﬁguris
1075 2281 1209 2353 legis
1249 2290 1305 2336 et
1331 2282 1559 2337 veritate
1593 2282 1796 2337 Christi
1843 2282 1963 2338 red-

376 2374 504 2429 dere
546 2373 831 2439 mtionem,
861 2390 928 2430 nc
954 2376 1079 2431 odio
1110 2374 1346 2430 nominis
1388 2373 1564 2429 fronte
1592 2375 1826 2445 praelati,
1856 2375 1963 2430 uti-

377 2466 581 2523 litatem
625 2468 937 2524 excluderet
993 2468 1258 2524 lectionis.
1309 2468 1503 2524 Servus
1564 2465 1763 2522 Christi
1808 2467 1958 2522 Jesu.

376 2557 603 2612 Servum
636 2567 818 2614 autem
846 2558 1048 2614 Christi
1078 2557 1205 2614 Jesu
1231 2574 1290 2614 sc
1317 2557 1599 2628 profiteris,
1629 2574 1658 2612 a
1696 2558 1811 2629 lege
1840 2574 1964 2613 exu-

376 2661 488 2702 tum
524 2648 781 2704 ostendit.
826 2648 1192 2719 Requiramus
1224 2664 1365 2705 nunc
1395 2665 1493 2704 cur
1529 2665 1721 2704 servus
1750 2649 1962 2703 dicatur

374 2738 419 2793 is
444 2738 537 2808 Qui
565 2738 691 2792 alibi
719 2739 909 2794 scribit
933 2758 945 2793 :
979 2739 1101 2794 Non
1123 2739 1260 2794 enim
1286 2740 1558 2811 accepistis
1584 2740 1825 2810 spiritum
1854 2736 1962 2792 ser-4

372 2830 548 2883 ritutis
597 2826 738 2900 (Gal.
771 2830 856 2902 v);
905 2831 1151 2901 itemque
1184 2832 1239 2886 in
1274 2844 1399 2887 eum
1445 2832 1665 2887 modum
1708 2830 1962 2887 Salvator

370 2921 484 2976 ait:
513 2917 640 2974 lam
667 2937 772 2975 non
797 2924 918 2977 dico
948 2937 1034 2976 vos
1061 2938 1254 2985 servos,
1283 2921 1375 2976 sed
1401 2922 1597 2976 amicos
1639 2921 1820 2993 (Joan.
1843 2920 1955 2992 xv).

368 3010 512 3082 Ergo
553 3010 607 3065 id
644 3010 758 3066 sive
806 3012 1104 3066 secundum
1158 3012 1303 3066 illam
1351 3013 1715 3067 humilitatem
1749 3013 1956 3067 dictum

368 3111 640 3171 putemus,
686 3116 848 3171 quam
884 3101 1147 3158 Dominus
1194 3103 1380 3159 docuit
1417 3103 1604 3158 dicens
1640 3122 1652 3157 :
1689 3088 1885 3157 Discite
1924 3121 1956 3156 α

2064 1900 2196 1955 dicit
2222 1901 2275 1956 in
2306 1903 2640 1974 evangelimn
2673 1903 2789 1971 Dei,
2823 1912 2885 1959 ut
2910 1920 2941 1960 a
2972 1905 3091 1976 lege
3119 1906 3465 1965 dissimulans
3500 1910 3659 1965 Chri-

2064 2000 2206 2047 stum
2226 1992 2569 2062 praadicaret.
2598 1994 2801 2049 Aliter:
2825 1994 3166 2067 Segregatus,
3191 1998 3292 2056 hoc
3315 2008 3416 2065 est,
3442 2015 3473 2054 a
3497 2016 3662 2072 grege

2062 2083 2363 2155 apostolico
2395 2094 2700 2157 separatus,
2729 2096 2789 2142 ut
2825 2089 3078 2159 gentibus
3118 2092 3461 2161 praedicaret.
3507 2094 3662 2150 Sient

2062 2174 2117 2229 in
2158 2173 2387 2231 Actibus
2423 2177 2793 2246 apostolorum
2824 2177 3062 2250 Spiritus
3092 2190 3315 2238 sanctus
3355 2184 3526 2240 dicit:
3561 2185 3659 2241 Se-

2060 2277 2270 2338 gregate
2298 2269 2428 2324 mihi
2456 2268 2683 2326 Saulum
2721 2280 2767 2326 et
2805 2270 3129 2341 Barnabam,
3170 2275 3226 2329 in
3251 2293 3381 2347 opus
3410 2278 3480 2332 ad
3517 2281 3657 2350 quod

2060 2359 2189 2430 elegi
2213 2378 2300 2415 eos
2329 2361 2629 2435 (Act.xut).
2656 2362 2987 2437 Segregatns
3017 2367 3217 2422 dicitur
3239 2369 3292 2422 in
3316 2369 3656 2439 evangelium

2061 2453 2178 2520 Dei,
2209 2456 2351 2510 sicut
2380 2456 2509 2512 alibi
2542 2457 2657 2527 ipse
2692 2458 2759 2513 de
2787 2472 2845 2514 se
2875 2459 3044 2515 dicit:
3083 2459 3216 2514 Cum
3255 2472 3429 2516 autem
3456 2463 3657 2533 placuit

2060 2544 2191 2612 Deo,
2219 2547 2310 2617 qui
2346 2563 2428 2600 me
2455 2548 2741 2619 segregavit
2768 2547 2833 2602 de
2861 2558 3011 2604 utero
3037 2550 3222 2605 matris
3253 2568 3403 2618 metu,
3435 2561 3491 2606 ut
3516 2569 3658 2607 rere-

2060 2636 2192 2691 laret
2240 2636 2440 2692 Filium
2487 2654 2642 2693 suum
2671 2640 2725 2694 in
2756 2656 2836 2693 me
2865 2637 3007 2711 (Gal.
3036 2640 3090 2713 1)
3118 2657 3228 2697 :‘ex
3260 2657 3368 2712 quo
3399 2643 3659 2717 intelligi-

2060 2742 2200 2794 mus,
2226 2728 2371 2798 quod
2388 2728 2522 2798 justi
2552 2741 2874 2798 separentur
2894 2745 2925 2783 a
2956 2739 3167 2787 ventre.
3197 2732 3341 2803 Ergo
3369 2741 3426 2788 et
3452 2734 3655 2789 Paulus

2059 2820 2276 2890 quidem
2300 2831 2619 2892 segregatus
2638 2823 2694 2877 in
2716 2821 3069 2893 Evangelium
3092 2824 3312 2890 dicitur,
3339 2837 3657 2899 segregatus

2059 2927 2091 2965 a
2121 2920 2309 2968 ventre
2334 2913 2529 2989 matris
2557 2929 2688 2968 sua}.
2723 2913 2930 2970 Causas
2965 2915 3021 2969 in
3057 2931 3124 2971 eo
3148 2923 3205 2971 et
3232 2918 3427 2973 merita
3456 2918 3658 2988 quibus

2061 3003 2116 3056 in
2151 3003 2253 3058 hoc
2285 3006 2556 3075 segregari
2592 3005 2864 3072 debuerit,
2890 3006 3028 3062 vidit
3062 3006 3150 3062 ille
3185 3023 3347 3077 quem
3376 3024 3483 3063 non
3523 3007 3656 3063 latet

2060 3109 2252 3149 mens:
2288 3097 2538 3167 praavidit
2577 3097 2900 3168 'enim’quod
2937 3097 3304 3153 abundantius
3342 3114 3507 3169 quam
3540 3116 3650 3155 cm-

371 3210 451 3248 me
470 3195 596 3266 quia
617 3194 758 3248 mitis
783 3210 899 3248 sum
925 3202 972 3248 et
999 3192 1212 3248 humilis
1234 3194 1390 3248 corde
1411 3194 1627 3267 (Matth.
1645 3194 1754 3265 x1);
1782 3209 1957 3263 neque

2064 3185 2164 3239 teri
2191 3201 2381 3241 omnes
2419 3187 2764 3243 laboraturus
2805 3196 2952 3244 esset
2997 3189 3055 3244 in
3084 3189 3387 3260 evangelio,
3420 3191 3651 3261 quodin

368 3300 468 3354 per
510 3287 616 3341 hoc
660 3284 874 3340 laeditur
922 3284 1125 3339 veritas
1174 3284 1442 3340 libertatis
1489 3287 1545 3340 in
1590 3284 1787 3352 Paulo,
1822 3285 1960 3340 dixit

369 3376 557 3432 enini:
590 3375 733 3430 Nam
768 3393 888 3430 cum
933 3375 1065 3430 liber
1093 3377 1193 3430 sim
1236 3376 1301 3430 ab
1335 3377 1595 3440 omnibus,
1629 3392 1709 3431 me
1756 3390 1959 3431 servum

369 3465 549 3540 feci'(l
577 3466 699 3523 Cor.
725 3467 825 3539 ix).
858 3467 1040 3523 Servit
1081 3482 1212 3537 ergo
1241 3468 1485 3535 Christo,
1522 3484 1630 3525 non
1667 3469 1720 3524 in
1764 3468 1960 3538 spiritu

370 3559 667 3624 servitutis,
705 3560 798 3613 sed
826 3559 882 3613 in
923 3558 1115 3629 spiritu
1162 3559 1492 3630 adoptionis,
1520 3561 1648 3631 quia
1694 3560 1844 3615 omni
1890 3560 1956 3614 Ii-

369 3651 579 3706 bertate
611 3650 844 3706 nobilior
868 3658 952 3705 est
978 3650 1211 3707 sct'vitus
1237 3650 1471 3716 Christi;
1502 3653 1618 3706 sive
1650 3652 1808 3723 quasi
1838 3652 1960 3707 imi-

372 3750 516 3798 tator
545 3740 662 3811 ejus
689 3742 1029 3813 pronuntiat,
1056 3743 1149 3814 qui
1196 3743 1445 3798 dixerat:
1480 3742 1594 3814 Ego
1619 3761 1735 3797 sum
1765 3744 1819 3798 in
1850 3761 1959 3800 me-

368 3834 456 3887 dio
486 3844 745 3899 vestrum,
778 3850 879 3888 non
924 3836 1057 3888 sicut
1096 3834 1445 3902 discumbens,
1488 3836 1578 3890 sed
1615 3837 1751 3890 sicut
1796 3837 1953 3891 mini-

367 3935 542 3981 strans
575 3925 725 3998 (Luc.
756 3926 915 3998 χχιι),
945 3936 994 3981 et
1020 3927 1139 3996 ejus
1164 3928 1255 3997 qui
1281 3928 1612 3998 semetipsum
1645 3930 1950 3995 exinanivit,

369 4020 594 4090 [armant
621 4019 753 4073 servi
783 4020 1039 4089 accipiens
1066 4016 1234 4090 (Phil.
1258 4019 1340 4091 ιι).
1365 4019 1505 4086 Quid
1529 4029 1617 4074 est
1640 4028 1820 4074 autem
1847 4035 1957 4076 ser-

366 4125 494 4165 vum
533 4125 655 4166 esse
683 4109 918 4173 Christi,
944 4123 1106 4178 quam
1143 4124 1361 4163 servum
1387 4122 1509 4165 esse
1539 4108 1687 4163 verbi
1718 4109 1834 4173 Dei,
1866 4124 1954 4163 sa-

366 4202 604 4272 pientiae,
631 4200 877 4270 justitiaa,
910 4200 1182 4266 veritatis,
1221 4208 1276 4255 et
1321 4201 1543 4255 omnino
1576 4199 1816 4255 omnium
1848 4200 1954 4255 vir-

368 4301 542 4347 tutum
569 4307 689 4362 quae
708 4292 763 4345 in
785 4292 1004 4347 Christo
1026 4301 1169 4347 sunt.
1197 4291 1348 4347 Sicut
1374 4301 1554 4347 autem
1581 4291 1807 4348 scientia
1830 4307 1950 4362 quae

365 4399 510 4439 nunc
533 4384 715 4450 datur,
742 4400 839 4455 per
865 4383 1146 4454 speculum
1175 4384 1360 4447 datur,
1390 4394 1444 4439 ct
1473 4384 1527 4439 in
1557 4383 1863 4455 aenigmate,
1893 4392 1950 4441 et

364 4476 667 4546 prophetia,
701 4476 774 4529 ita
801 4484 858 4530 et
900 4484 1097 4532 caetera
1135 4476 1277 4531 dona
1303 4475 1537 4546 Spiritus
1572 4476 1768 4543 sancti,
1796 4484 1857 4531 ut
1880 4476 1947 4532 li-

366 4568 568 4633 bertas,
602 4582 722 4636 qua:
750 4582 895 4622 nunc
931 4567 1137 4621 sanctis
1170 4574 1476 4637 praestatur,
1522 4565 1760 4621 nondum
1789 4566 1948 4637 plena

367 4659 591 4715 libertas
617 4666 721 4723 est,
742 4658 838 4713 sed
868 4659 1014 4713 velut
1042 4674 1140 4728 per
1166 4658 1444 4729 speculum
1471 4666 1528 4714 et
1556 4659 1611 4713 in
1638 4659 1945 4730 aenigmate.

366 4751 435 4808 Et
460 4752 583 4807 ideo
622 4751 794 4805 sancti
827 4766 1015 4806 servos
1059 4766 1118 4806 sc
1164 4765 1285 4806 esse
1314 4751 1520 4817 dicunt,
1550 4753 1620 4807 ad
1664 4768 1949 4823 compara-

366 4845 567 4899 tionem
590 4843 736 4898 illius
759 4842 1045 4907 libertatis,
1062 4858 1181 4912 qua:
1204 4841 1340 4897 facie
1356 4842 1422 4896 ad
1448 4843 1642 4898 faciem
1667 4843 1943 4899 tribuitur.

365 4932 562 4988 Christi
588 4934 739 4989 Iesu.
768 4931 896 4989 ldco
920 4941 1227 5002 utrumque,
1260 4932 1313 4987 id
1347 4943 1453 4997 est,
1483 4932 1687 4988 Christi
1712 4940 1767 4988 et
1794 4932 1945 4999 Jesu,

365 5024 493 5092 quia
515 5024 567 5077 in
593 5032 826 5094 utroque
845 5031 931 5080 est
954 5022 1234 5079 Dominus.
1251 5022 1488 5078 Dieendo
1507 5022 1729 5090 Christi,
1755 5032 1949 5079 contra

369 5112 698 5179 Marcionem
726 5115 859 5186 agit,
888 5114 982 5185 qui
1017 5114 1192 5184 ipsum
1223 5114 1510 5169 Dominum
1535 5128 1725 5169 verum
1755 5130 1951 5186 corpus

368 5204 572 5261 habere
598 5205 858 5275 denegat;
890 5203 1262 5277 subjungendo
1299 5203 1761 5270 Jesu,1udaeorum
1792 5204 1951 5276 perli-

367 5297 512 5356 diam
559 5297 866 5368 redarguit,
896 5297 988 5368 qui
1017 5297 1201 5355 Jesum
1248 5306 1448 5369 negant
1493 5296 1639 5366 quod
1682 5296 1827 5353 Deus
1853 5298 1946 5353 sit.

368 5387 567 5444 Paulus
590 5385 779 5445 (Eme
801 5389 1045 5444 scribens
1088 5388 1335 5445 Crtecum
1382 5403 1580 5444 nomen
1626 5388 1945 5459 anteponit:

367 5478 654 5537 Matthtaus
668 5490 845 5537 autem
863 5480 1144 5543 Hebraice,
1165 5481 1427 5538 liebraica
1448 5480 1666 5536 nomina
1688 5480 1947 5551 prmtulit,

363 5570 589 5627 dicens:
614 5571 765 5626 Liber
788 5572 1136 5643 generationis
1157 5573 1285 5628 Jesu
1306 5572 1522 5628 Christi.
1838 5572 1841 5573 ⁷

447 5657 673 5721 Vocatus
700 5662 995 5734 Apostolus.
1023 5659 1141 5716 Jam
1169 5661 1511 5732 prtescientia
1538 5662 1723 5726 divina
1747 5664 1815 5719 ad
1845 5664 1948 5720 hoc

369 5762 615 5821 vocatus,
646 5763 703 5810 ut
734 5765 877 5812 esset
907 5754 1202 5826 apostolus.
1246 5753 1378 5811 Item
1422 5766 1648 5814 vocatus
1674 5757 1947 5829 apostolus

2062 3280 2174 3345 siti,
2203 3289 2259 3336 et
2297 3280 2351 3335 in
2381 3281 2542 3348 tame,
2570 3293 2627 3337 et
2655 3282 2709 3337 in
2740 3281 2965 3353 frigore,
2997 3291 3053 3339 et
3080 3284 3136 3339 in
3167 3284 3431 3359 nuditate,
3469 3285 3525 3340 in
3558 3301 3654 3356 pe-

2061 3371 2248 3427 riculis
2276 3370 2569 3439 latronum,
2599 3373 2652 3428 in
2683 3374 2941 3449 periculis
2980 3372 3283 3441 ﬂuminum,
3315 3375 3368 3430 in
3397 3376 3653 3445 periculis

2060 3463 2227 3517 maris
2279 3464 2672 3533 praedicaturus
2721 3474 2867 3520 esset
2928 3467 3266 3538 evangelium
3308 3466 3532 3522 Christi.
3582 3466 3651 3521 In

2058 3553 2380 3626 evangelium
2403 3554 2520 3611 Dei.
2540 3555 2716 3612 Unum
2738 3565 2900 3627 atque
2922 3557 3065 3612 idem
3086 3567 3169 3614 est
3190 3559 3393 3625 dicere,
3408 3567 3464 3614 et
3486 3574 3652 3615 evan-

2059 3646 2261 3717 gelium
2288 3647 2417 3713 Dei,
2447 3648 2783 3719 evangelium
2816 3649 3039 3715 Christi,
3071 3652 3213 3721 quod
3243 3652 3359 3721 ipse
3388 3651 3651 3708 Dominus

2059 3738 2193 3793 dicit
2228 3757 2239 3792 :
2274 3738 2387 3809 Ego
2413 3748 2462 3792 et
2497 3737 2659 3793 Pater
2686 3755 2850 3793 unum
2874 3757 3076 3796 sumus.
3106 3741 3172 3796 Et
3197 3741 3395 3796 iterum
3422 3742 3553 3798 dicit
3578 3744 3649 3797 ad

2057 3828 2273 3885 Patrem
2299 3848 2311 3884 :
2343 3829 2535 3884 Omnia
2563 3846 2679 3885 mea
2703 3840 2797 3885 tua
2820 3840 2963 3897 sunt,
2992 3841 3041 3887 et
3071 3843 3164 3888 tua
3193 3849 3309 3887 mea
3343 3832 3530 3905 (Joan.
3553 3834 3645 3906 ι).

2057 3922 2201 3994 Ergo
2224 3923 2561 3995 evangelium
2584 3922 2782 3990 Patris,
2806 3924 3146 3997 evangelium
3170 3925 3294 3981 Filii
3320 3935 3423 3981 est.

2130 4017 2282 4083 Quod
2317 4028 2438 4073 ante
2463 4019 2772 4089 promiserat
2807 4035 2900 4089 per
2923 4019 3203 4091 prophetas
3236 4036 3381 4075 suos.
3421 4020 3491 4077 Ut
3516 4036 3646 4091 pro-

2052 4107 2146 4163 bet
2176 4116 2383 4164 rectam
2407 4117 2464 4163 et
2489 4110 2756 4181 integram
2786 4110 2970 4178 tidem,
2999 4119 3054 4167 et
3081 4126 3229 4182 spem
3254 4126 3375 4167 esse
3400 4112 3453 4166 in
3479 4111 3648 4167 Chri—

2053 4206 2163 4266 sto,
2190 4197 2303 4268 jam
2354 4199 2507 4270 prius
2547 4202 2884 4271 evangelium
2920 4203 3037 4274 ejus
3058 4203 3189 4258 dicit
3216 4220 3246 4258 a
3274 4202 3384 4258 Deo
3411 4204 3647 4273 promis-

2053 4306 2194 4357 sum,
2223 4300 2284 4346 ut
2331 4291 2502 4347 Isaias
2533 4292 2646 4348 ait:
2693 4291 3078 4348 Consummabo
3127 4311 3282 4366 super
3315 4295 3528 4349 domum
3557 4294 3646 4349 Is—

2053 4381 2182 4447 rael,
2250 4390 2301 4439 et
2358 4399 2514 4455 super
2562 4383 2779 4439 dontum
2826 4384 2971 4439 Iuda
3018 4395 3381 4441 testamentum
3428 4404 3639 4442 novum.

2052 4470 2220 4527 David
2246 4486 2461 4543 quoque
2490 4490 2502 4526 :
2535 4471 2815 4539 Dominus,
2846 4472 3036 4543 inquit,
3062 4472 3204 4528 dabit
3247 4474 3455 4529 verbum
3482 4492 3643 4530 eran-

2052 4563 2398 4635 gelizantibus
2444 4564 2617 4638 (Psal.
2684 4565 2876 4639 va'n).
2928 4566 2996 4621 Et
3048 4567 3243 4622 iterum
3275 4585 3288 4620 :
3319 4567 3387 4622 In
3431 4586 3637 4625 omnem

2049 4668 2245 4715 terram
2266 4660 2418 4714 exivit
2440 4676 2598 4714 sonus
2624 4675 2806 4715 eorum
2835 4657 3006 4730 (Psal.
3037 4659 3214 4729 xvtn).
3241 4659 3373 4714 Item
3407 4676 3421 4716 :
3454 4659 3640 4715 Faciet

2051 4751 2305 4807 Dominus
2348 4751 2554 4807 verbum
2590 4750 2945 4807 brevissimum
2991 4766 3148 4820 super
3175 4759 3389 4804 terram.
3442 4750 3637 4807 Utrum

2049 4844 2367 4915 simpliciter
2397 4844 2568 4915 accipi
2599 4842 2794 4900 debeat
2832 4842 3168 4914 evangelium
3197 4858 3294 4913 per
3323 4845 3632 4914 scripturas

2050 4935 2395 5005 propheticus
2420 4935 2830 5005 repromissum,
2859 4949 2927 4988 an
2979 4934 3361 4992 discretionem
3410 4935 3637 4991 alterius

2052 5026 2314 5096 evangelii
2342 5024 2483 5095 quod
2511 5034 2772 5081 :etcrnum
2789 5025 2922 5081 dicit
2945 5025 3183 5083 Joannes
3204 5027 3260 5085 in
3285 5026 3632 5099 Apocalypsi,

2052 5118 2195 5188 quod
2242 5127 2369 5173 tunc
2419 5118 2766 5174 revolandum
2805 5128 2913 5185 est,
2959 5135 3081 5176 eum
3105 5118 3295 5175 umbra
3332 5120 3634 5185 transierit,

2051 5220 2109 5269 et
2131 5211 2332 5266 veritas
2356 5210 2565 5265 venerit
2604 5208 2789 5283 (Apoc.
2832 5211 2968 5284 xxv),
3014 5211 3356 5268 considerato
3383 5211 3545 5266 etiam
3577 5220 3635 5265 tu

2052 5298 2146 5370 qui
2189 5297 2343 5369 legis,
2382 5298 2470 5353 cui
2509 5305 2715 5353 aeterno
2749 5297 3025 5369 evangelio
3051 5297 3341 5353 convenire
3373 5298 3626 5353 videbun-

2054 5398 2143 5444 tur
2170 5390 2334 5445 etiam
2357 5387 2433 5442 illi
2454 5388 2645 5445 aeterni
2676 5389 2823 5455 anni,
2855 5388 2920 5443 de
2941 5386 3136 5457 quibus
3157 5385 3424 5457 Propheta
3453 5387 3585 5444 dicit
3611 5401 3629 5442 :

2054 5479 2122 5535 Et
2182 5495 2346 5535 annos
2392 5489 2613 5535 wternos
2663 5480 2720 5534 in
2772 5488 2941 5533 mente
2988 5476 3151 5532 habui
3212 5476 3384 5549 (Psal.
3421 5476 3626 5550 Lxxvt).

2051 5572 2223 5643 Eique
2248 5572 2467 5643 adjungt
2505 5581 2684 5643 potest
2726 5578 2783 5627 et
2808 5569 2901 5627 ille
2923 5569 3061 5626 liber
3082 5571 3229 5636 vitae,
3274 5570 3330 5626 in
3366 5582 3474 5641 quo
3507 5584 3631 5627 san-

2050 5674 2261 5721 ctorum
2290 5666 2525 5720 'nomina
2562 5664 2762 5735 scripta
2810 5661 3101 5729 dicuntur;
3152 5660 3247 5717 sed
3292 5668 3347 5715 et
3396 5659 3472 5714 illi
3505 5659 3630 5715 libri

2053 5757 2141 5829 qui
2161 5756 2298 5828 apud
2316 5755 2614 5821 Daniclem,
2641 5769 2762 5810 cum
2787 5753 3051 5822 judicium
3078 5742 3430 5818 consedisset,
3456 5750 3628 5819 aperti

3415 5893 3630 6065 cm
