3974 6202
311 321 385 376 13
842 262 845 263 ν
1409 308 1739 368 COLLECT.
1779 309 1848 366 IN

1986 309 2103 366 |ST.
2146 311 2238 366 Al)
2278 300 2443 368 non.
2736 384 2737 391 Ν
3506 317 3571 371 ιι

307 424 442 485 sunt
484 410 654 499 (Dan:
691 425 810 497 vn).
861 423 958 480 Vel
983 420 1078 493 qui
1114 421 1253 492 apud
1286 420 1624 476 Ezechielem
1661 418 1891 488 propbc-
1918 421 1969 479 Α
1993 418 2084 488 qui
2115 420 2352 474 nondum
2405 427 2507 473 est.
2549 418 2725 486 Quare
2765 434 2870 475 non
2910 421 3062 487 dixit,
3086 423 3395 494 prarpositus
3447 428 3575 482 est?

306 531 423 576 tam
459 519 675 574 deintus
731 525 791 572 et
836 514 1039 571 deforis
1071 515 1325 571 dicuntur
1375 512 1620 584 inscripti
1668 509 1885 582 (Ezech.

305 609 397 679 ιι).
442 606 747 676 Omniaque
790 620 897 660 non
934 613 1258 668 atramento,
1292 603 1384 657 sed
1421 600 1625 672 Spiritu
1659 600 1754 656 Dei
1782 600 1890 655 vivi

306 698 512 769 scripta
570 704 962 752 memorantur.
1017 693 1122 749 Per
1168 694 1443 765 prophetas
1480 709 1624 747 suos.
1684 691 1798 747 Hoc
1823 692 1891 746 ad

307 789 522 844 laudem
569 786 839 856 evangelii
881 786 1159 855 pertinet:
1194 799 1356 839 nemo
1398 786 1541 838 enim
1572 798 1686 838 rem
1729 782 1891 836 vilem

305 880 519 949 magnis
542 878 970 949 praeursoribus
1003 876 1236 931 nuntiat.
1268 874 1437 929 Totus
1473 875 1561 929 hic
1584 874 1735 929 locus
1766 888 1893 928 con-

304 980 392 1025 tra
419 954 747 1023 Manichaeos
772 965 921 1031 facit,
948 966 1040 1020 ubi
1071 966 1205 1020 dicit
1233 966 1376 1034 quod
1402 972 1528 1020 ante
1553 964 1892 1035 evangelium

303 1063 379 1117 sit
412 1061 743 1132 promissum
780 1068 838 1114 et
879 1073 977 1129 per
1020 1058 1314 1127 prophetas
1355 1056 1450 1112 Dei
1503 1063 1558 1111 et
1588 1056 1641 1110 in
1688 1056 1891 1111 sanctis

307 1150 631 1219 Scripturis,
662 1156 720 1204 et
767 1148 915 1218 quod
938 1147 1188 1203 Christus
1228 1147 1524 1202 secundum
1560 1162 1779 1201 carnem
1823 1162 1891 1201 ex

307 1241 478 1296 David
525 1239 718 1308 stirpe,
751 1238 807 1293 id
836 1246 941 1303 est,
974 1237 1140 1291 Maria
1175 1236 1387 1307 virgine
1415 1237 1489 1291 sit
1516 1244 1751 1300 creatus,
1805 1251 1890 1290 se-

307 1331 541 1387 cundum
593 1329 739 1399 quod
780 1328 1107 1399 praedixerat
1132 1326 1338 1382 Isaias:
1383 1327 1518 1381 Ecce
1544 1327 1684 1395 virgo
1718 1327 1893 1380 conci-

305 1424 409 1493 piet
444 1422 501 1483 in
546 1430 718 1485 utero,
764 1428 817 1474 et
835 1419 1007 1489 pariet
1056 1418 1229 1487 ﬁlium
1296 1428 1346 1472 et
1390 1418 1658 1472 vocabitur
1703 1433 1891 1470 nomen

304 1511 420 1581 ejus
482 1508 801 1564 Emmanuel
851 1507 1005 1580 (Isai.
1050 1510 1170 1577 vn).
1217 1507 1286 1562 In
1330 1506 1619 1578 Scripturis
1675 1508 1886 1560 sanctis.

307 1600 420 1656 Hoc
448 1602 517 1655 ad
540 1604 817 1655 cumulum
845 1599 1250 1668 protestationis
1272 1598 1487 1668 adjecit,
1527 1605 1589 1651 ut
1630 1597 1891 1667 majorem

304 1688 559 1745 ﬁduciam
587 1689 924 1744 credentium
954 1687 1176 1752 faceret,
1200 1696 1252 1742 et
1273 1687 1443 1757 legem
1465 1688 1885 1743 commendaret.

1990 506 2136 561 Inter
2162 507 2685 577 praedestinationem
2716 518 2895 565 autem
2932 520 2985 565 et
3013 513 3440 583 propositionem
3463 516 3571 571 hoc

1992 593 2240 662 interest,
2280 597 2421 666 quod
2449 600 2847 667 pnedestinatio
2882 601 3110 672 alicujus
3139 606 3217 659 rei
3247 606 3417 662 multo
3445 619 3571 663 ante
3620 648 3623 649 ν

1992 687 2046 741 in
2077 693 2255 740 mente
2282 687 2399 756 ejus
2417 688 2509 757 qui
2539 689 2788 754 destinet,
2822 692 2950 759 quid
2994 690 3235 748 futurmn
3273 696 3345 750 sit
3393 697 3571 767 prtuli-

1990 784 2144 846 guret
2171 795 2183 806 ·
2212 779 2543 848 propositum
2568 790 2745 835 autem
2766 798 2886 835 cum
2907 783 3082 838 vicina
3121 785 3192 840 sit
3219 788 3566 854 machinatio,

1992 874 2047 920 et
2072 880 2206 935 pene
2220 867 2599 936 cogitationem
2615 878 2870 940 sequatur
2895 871 3138 928 effectus.
3183 873 3286 940 Qui
3300 879 3573 948 prtrdestiL-

1992 969 2145 1011 natus
2159 966 2232 1012 est
2244 958 2420 1013 Filius
2438 959 2533 1013 Dei
2545 962 2597 1014 in
2612 962 3087 1017 virtutesecundum
3103 964 3355 1037 Spiritum
3376 973 3573 1024 sancti"-

1990 1046 2253 1115 ﬁcationis
2305 1065 2371 1102 ex
2408 1051 2784 1106 resurrectione
2830 1063 3154 1110 mortuorum
3209 1058 3338 1113 Jesu
3376 1060 3573 1118 Christi

1990 1137 2204 1193 Domini
2234 1142 2421 1194 nostri.
2446 1142 2725 1212 Tanquam
2751 1144 2817 1199 de
2854 1144 2960 1200 alio
2984 1162 3143 1218 supra
3172 1150 3378 1207 diceret
3407 1156 3573 1225 :quid

1991 1241 2075 1288 est
2115 1235 2259 1288 enim
2290 1233 2458 1291 Filius
2486 1236 2578 1290 Dei
2606 1237 3043 1305 praedestinalns,
3077 1256 3145 1295 ex
3171 1246 3571 1302 resurrectione

1992 1329 2325 1376 mortuorum
2353 1321 2481 1378 Jesu
2509 1324 2709 1380 Christi
2733 1326 2944 1382 Domini
2966 1331 3161 1396 nostri,
3194 1332 3296 1387 nisi
3330 1332 3568 1402 ejusdem

1990 1410 2118 1467 Jesu
2148 1411 2369 1480 Christi,
2392 1416 2480 1485 qui
2511 1418 2921 1486 pracdestinatus
2949 1429 3031 1476 est
3068 1422 3239 1480 Filius
3263 1426 3403 1482 Dei?
3429 1428 3571 1498 Erga

1993 1507 2261 1575 quomodo
2298 1508 2386 1561 hic
2434 1524 2557 1562 cum
2594 1510 2862 1576 andimus‘,
2919 1512 3090 1569 Filius
3135 1514 3236 1571 Dei
3287 1518 3341 1574 in
3386 1522 3573 1578 virtute

1991 1592 2120 1648 Jesu
2160 1593 2375 1659 Christi,
2417 1611 2486 1649 an
2531 1606 2592 1650 ut
2628 1596 2798 1652 Filius
2842 1600 2937 1655 Dei
2989 1604 3275 1660 secundum
3311 1608 3569 1680 Spiritum

1992 1684 2426 1753 sanctiﬁcationis
2446 1684 2574 1738 Jesu
2597 1685 2812 1752 Christi,
2853 1698 2944 1745 aut
2971 1691 3141 1748 Filius
3173 1695 3267 1750 Dei
3295 1713 3360 1751 ea:
3398 1716 3571 1754 resur—

308 1777 523 1833 Sanctze
570 1786 754 1832 autem
788 1775 1085 1845 Scriptum:
1139 1784 1287 1840 sunt,
1317 1775 1443 1844 quia
1472 1784 1529 1829 et
1557 1775 1689 1828 vitia
1735 1776 1884 1830 dam-
1912 1780 1960 1838 B
1990 1776 2213 1829 rectione
2242 1784 2565 1830 mortuorum
2588 1776 2715 1830 Jesu
2757 1778 2969 1845 Christi,
2999 1797 3121 1836 cum
3146 1784 3248 1840 dici
3282 1789 3568 1857 potuisset,

306 1879 456 1936 nant,
487 1878 545 1924 et
578 1876 983 1925 sacramentum
1010 1865 1118 1922 illic
1146 1866 1306 1922 unius
1333 1866 1427 1920 Dei
1449 1865 1759 1921 continetur
1789 1881 1888 1936 pro

308 1960 477 2016 salute
509 1962 773 2016 humana.

378 2050 454 2104 De
475 2050 592 2119 ﬁlio
634 2065 754 2105 suo.
789 2047 943 2103 Multi
981 2047 1075 2110 ﬁlii
1121 2048 1316 2119 gratia,
1345 2047 1432 2103 hic
1478 2057 1692 2115 natura,
1732 2047 1887 2117 cujus

319 2142 483 2199 etiam
505 2141 806 2197 secundum
831 2155 1050 2195 carnem
1075 2139 1335 2195 nativitas
1370 2140 1648 2196 dissimilis
1671 2141 1887 2195 caneris

317 2231 609 2286 invenitur.
649 2230 753 2296 Qui
789 2230 964 2300 factus
1005 2238 1080 2284 est
1121 2230 1170 2284 ei
1220 2246 1283 2284 ex
1317 2232 1510 2285 semine
1558 2229 1745 2284 David.
1785 2230 1888 2285 Fa-

311 2332 427 2379 ctus
470 2332 557 2380 est
591 2338 693 2394 per
739 2323 1002 2393 Spiritum
1045 2334 1288 2379 sanctum
1336 2325 1623 2380 secundum
1650 2342 1881 2380 carnem.

311 2415 567 2470 Addenda
618 2414 908 2469 secundum
972 2431 1181 2469 carnem
1261 2413 1437 2471 factus
1494 2422 1577 2470 est
1605 2455 1620 2481 ,
1694 2429 1886 2470 secun-

315 2507 435 2560 dum
480 2505 655 2561 Verbi
707 2506 893 2575 utique
939 2506 1294 2561 substantiam
1352 2524 1458 2563 non
1538 2516 1621 2565 est
1686 2509 1881 2566 factus.

315 2593 504 2649 Factus
551 2605 648 2649 est.
688 2593 804 2649 Non
841 2595 975 2651 dicit
1005 2596 1220 2667 genitus
1261 2607 1363 2653 est.
1410 2599 1569 2655 Aliud
1604 2600 1751 2656 enim
1803 2609 1888 2658 est

312 2684 357 2738 si
398 2684 619 2747 dixeris,
647 2699 716 2739 ex
741 2685 949 2740 semine
981 2687 1212 2742 admisto
1252 2690 1568 2759 sanguinem
1601 2691 1886 2762 coagulare
1908 2736 1923 2742 ,

311 2784 365 2829 et
399 2790 683 2846 generare,
712 2783 768 2830 et
804 2775 952 2831 aliud
986 2785 1069 2831 est
1091 2792 1197 2831 non
1235 2779 1613 2847 permixtione,
1648 2781 1743 2835 sed
1778 2781 1886 2835 vir-

312 2873 422 2921 tute
449 2880 762 2936 procreare.
802 2865 924 2921 Ideo
959 2866 1160 2936 factum
1205 2865 1337 2922 dicit
1359 2883 1465 2922 nou
1500 2869 1762 2939 genitum,
1788 2870 1884 2925 ob-

319 2969 541 3010 servans
580 2954 992 3025 proprietatem,
1043 2955 1172 3025 quia
1217 2953 1394 3011 factus
1451 2965 1538 3033 est
1583 2958 1882 3013 secundum

311 3043 715 3111 humanitatem,
779 3045 994 3115 genitus
1039 3053 1124 3100 est
1182 3048 1475 3101 secundum
1528 3048 1878 3105 divinitatem.

1989 1864 2210 1918 visitare
2236 1864 2289 1918 in
2318 1865 2518 1919 virtute
2541 1881 2660 1931 sua,
2708 1876 2800 1921 aut
2828 1870 3121 1925 secundum
3150 1873 3409 1945 Spiritum
3443 1894 3569 1934 san.

1990 1953 2335 2009 etiticationis
2382 1971 2493 2010 sum
2538 1964 2631 2010 aut
2667 1973 2733 2012 es
2775 1962 3173 2019 resurrectione
3227 1977 3567 2025 mortuarum

1988 2044 2126 2114 ejus,
2155 2044 2240 2099 vel
2292 2054 2628 2101 mortuorum
2661 2062 2903 2113 suorum,
2948 2066 3054 2106 non
3083 2040 3332 2126 ‘cogimur
3368 2058 3568 2115 intelli-

1989 2153 2115 2208 gere
2134 2139 2291 2193 aliam
2320 2156 2626 2210 personam,
2653 2144 2745 2198 sed
2774 2160 2934 2199 unam
2963 2146 3334 2218 eamdemque,
3360 2150 3568 2205 scilicet

1988 2226 2110 2283 Filii
2134 2230 2251 2295 Dei,
2300 2231 2511 2286 Domini
2553 2235 2721 2288 nostri
2751 2233 2877 2289 Jesu
2919 2236 3164 2294 Christi?
3196 2239 3273 2295 Ita
3309 2256 3430 2296 cum
3473 2258 3569 2296 an-

1987 2317 2202 2374 dimus:
2273 2317 2421 2374 Fecit
2470 2320 2614 2376 Deus
2672 2323 2933 2379 hominem
2976 2327 3046 2380 ad
3098 2329 3378 2401 imaginem
3445 2332 3564 2398 Dei,

1987 2408 2234 2477 quamvis
2274 2410 2527 2466 usitatius
2575 2412 2679 2468 dici
2731 2414 2798 2468 ad
2838 2414 3128 2487 imaginem
3181 2435 3333 2476 suam
3373 2425 3565 2494 possit,

1987 2517 2094 2556 non
2136 2509 2314 2557 tamen
2354 2504 2599 2574 cogimur
2620 2506 2780 2561 aliam
2818 2520 3106 2577 personam
3160 2511 3459 2584 intelligere
3509 2518 3563 2571 in

1989 2591 2289 2659 Triuitate,
2332 2594 2424 2649 sed
2476 2596 2647 2665 ipsam
2697 2613 2859 2653 unam
2924 2603 3279 2675 eamdemque
3333 2606 3570 2662 Trinita-

1989 2691 2119 2747 tem,
2154 2684 2244 2754 qui
2267 2693 2351 2739 est
2398 2702 2537 2741 unus
2568 2687 2729 2754 Deus,
2771 2689 2840 2744 ad
2868 2690 3022 2759 cujus
3074 2692 3360 2764 imaginem
3392 2695 3568 2751 factus

1987 2778 2071 2826 est
2115 2773 2293 2830 homo.
2347 2772 2645 2830 Secundum
2709 2776 2963 2847 Spiritum
3014 2782 3462 2850 sanctiﬁcationis.
3497 2787 3570 2842 Ut

1985 2874 2097 2930 pra:
2143 2863 2393 2918 omnibus
2441 2863 2496 2918 in
2549 2865 3070 2936 incorruptibilitatis
3093 2869 3291 2926 virtute
3320 2889 3567 2946 resurge-

1988 2957 2090 3015 ret,
2143 2960 2198 3006 ct
2229 2946 2395 3007 vitam
2432 2957 2851 3013 resurrectionis
2882 2957 2977 3013 Dei
3008 2959 3132 3015 filiis
3172 2962 3453 3033 aperiret:
3497 2966 3564 3020 de

1987 3043 2184 3113 quibus
2214 3044 2329 3113 ipse
2357 3044 2489 3100 dicit
2518 3063 2531 3100 :
2573 3045 2678 3113 Qui
2711 3048 2817 3117 ﬁlii
2857 3049 2958 3105 Dei
2998 3061 3153 3119 sunt,
3196 3070 3312 3108 cum
3338 3055 3441 3109 sint
3466 3056 3567 3125 ﬁlii

312 3130 607 3188 Secundum
632 3150 864 3189 carnem,
1052 3138 1390 3207 synecdoche
1432 3147 1535 3204 est,
1591 3156 1716 3195 nan]
1758 3156 1879 3195 car.
1906 3121 1954 3184 Ο
1987 3135 2399 3189 resurrectionis.
2458 3133 2919 3196 SﬂﬂCliﬁCﬂlIOﬂIS
2942 3156 3071 3197 νει-ο
3104 3141 3338 3213 Spiritus
3367 3121 3565 3201 dicitur

312 3237 428 3277 nem
469 3237 571 3294 pro
634 3231 750 3278 toto
801 3224 1020 3307 homine
1060 3226 1260 3296 posuit.
1326 3225 1434 3282 Sed
1476 3230 1883 3299 requirendum,

1985 3219 2173 3288 Filius,
2226 3225 2521 3280 secundum
2563 3228 2668 3284 hoc
2705 3229 2850 3299 quod
2898 3233 3104 3301 praebet
3142 3234 3395 3290 omnibus
3433 3251 3561 3290 san-

308 3329 471 3384 ςυιη
514 3330 622 3371 non
656 3317 951 3371 secundum
985 3319 1223 3373 animam
1251 3319 1391 3374 dixit
1417 3324 1510 3378 ἀνά
1549 3326 1724 3380 κοινὸν,
1777 3324 1887 3381 Nec
1985 3310 2246 3367 ctitatem.
2274 3312 2400 3370 Ideo
2424 3331 2530 3371 non
2550 3317 2708 3384 dixit,
2730 3334 2798 3374 ex
2826 3322 3225 3379 resurrectione
3251 3323 3379 3379 Iesu
3403 3326 3563 3382 Chri-

270 3388 273 3389 7
309 3404 615 3474 intelligunt
666 3404 785 3461 ideo
827 3420 1044 3461 carnem
1075 3407 1245 3463 solam
1289 3410 1619 3464 nominatam
1657 3426 1795 3478 esse,
1830 3412 1883 3467 in
1984 3400 2075 3467 sti,
2124 3401 2219 3457 sed
2271 3420 2337 3457 ea:
2370 3410 2749 3464 resurrectione
2794 3421 3120 3467 mortuorum
3169 3415 3297 3469 Iesu
3340 3415 3559 3483 Christi,

307 3511 373 3552 eo
400 3497 546 3568 quod
598 3498 805 3553 dictum
856 3507 981 3553 est;
1038 3497 1264 3554 Verbum
1312 3518 1435 3556 caro
1485 3503 1708 3572 factum,
1757 3503 1884 3574 quia
1983 3494 2109 3566 quia
2153 3499 2481 3555 resurrectio
2507 3498 2706 3555 Christi
2756 3504 3059 3573 generalem
3102 3507 3558 3565 resurrectionem

307 3589 583 3645 hominum
634 3589 826 3654 oculis,
856 3598 1078 3660 propter
1118 3605 1254 3659 quos
1308 3590 1450 3646 facta
1496 3601 1584 3648 est
1633 3593 1722 3649 illa
1765 3611 1881 3651 sus.
1980 3587 2232 3654 praebuit.
2292 3586 2627 3645 Mortuorum
2683 3587 2810 3646 Jesu
2859 3591 3095 3659 Christi,
3155 3610 3263 3649 non
3320 3598 3559 3651 omnium

304 3682 497 3751 captio,
521 3696 653 3737 caro
670 3682 786 3736 sola
810 3682 988 3752 potuit
1011 3697 1291 3751 apparere,
1321 3697 1421 3738 nec
1449 3697 1661 3755 semper
1684 3684 1883 3753 factum
1983 3680 2400 3750 resurgentium,
2427 3681 2521 3735 sed
2550 3683 2618 3736 ad
2638 3681 2909 3739 Christum
2938 3686 3323 3754 pertinentium
3356 3689 3409 3743 in
3447 3690 3563 3759 ipso

301 3787 412 3825 esse
454 3772 524 3827 ad
556 3772 888 3827 creationem
931 3770 1211 3826 refertur:
1253 3773 1512 3844 scriptum
1555 3776 1698 3830 enim
1747 3783 1877 3832 est:
1981 3768 2197 3827 Christo
2228 3772 2643 3827 resurrectionis
2666 3772 2836 3828 forma
2872 3776 3228 3844 portenditur.

302 3863 1009 3935 panguﬂefugiumfacm,
1036 3884 1089 3921 ε,
1114 3869 1262 3922 nobis
1291 3865 1464 3939 (Ρεαι,
1488 3867 1729 3941 una)
1763 3869 1831 3924 Ει
1863 3885 1876 3920 ε
2053 3860 2160 3915 Per
2180 3877 2330 3930 quem
2363 3862 2656 3929 accepimus
2686 3862 2941 3931 ’gratiam.
2979 3862 3371 3922 Remissionem
3412 3869 3561 3925 vidc-

300 3951 563 4008 Dominus
597 3954 765 4021 {actus
795 3966 865 4007 est
888 3954 1019 4008 mihi
1054 3955 1109 4010 in
1135 3955 1358 4010 salutem
1385 3955 1541 4026 (Isai.
1597 3956 1738 4029 (xu).

1986 3950 2106 4006 licet
2166 3957 2508 4021 peccatorum
2560 3949 2615 4004 in
2666 3951 2934 4022 baptismo
2958 3994 2974 4020 ,
3027 3970 3127 4011 nec
3170 3972 3276 4013 non
3323 3960 3563 4018 caelestis

368 4044 477 4110 Qui
512 4044 911 4116 prcedeslinatus
937 4056 1012 4103 est
1044 4046 1218 4103 Filius
1262 4048 1380 4103 Dei.
1421 4047 1618 4105 Filium
1663 4049 1761 4106 Dei
1802 4051 1883 4108 di-
1982 4042 2280 4112 sapientim,
2339 4041 2784 4112 diversarumque
2814 4043 3120 4115 linguarum
3167 4051 3552 4121 cognitionem,

295 4152 447 4201 ceris,
532 4136 746 4209 Patrem
816 4139 1141 4210 signiﬁcavit
1201 4141 1389 4206 Deum,
1448 4140 1632 4197 addito
1688 4149 1868 4198 autem
1980 4135 2207 4205 gratiam
2241 4134 2503 4189 nominat.
2535 4133 2824 4207 Apostolus
2870 4151 3002 4193 vero
3039 4138 3106 4193 ad
3161 4142 3559 4211 praedicationis

296 4229 512 4300 δρίιιίιιι
555 4229 1025 4298 sanctiﬁcationis,
1054 4232 1294 4288 ostendi;
1336 4234 1657 4304 mysterium
1705 4233 1880 4289 Τι-ίηε.
1982 4226 2355 4282 auctoritatem
2390 4226 2775 4282 comitantibus
2831 4228 2999 4297 signis
3045 4232 3295 4300 pertinet,
3349 4235 3472 4304 quia
3504 4246 3561 4291 et

296 4321 451 4375 uiis.
490 4318 590 4376 Hic
624 4335 754 4394 ergo
785 4322 878 4392 qui
920 4323 1233 4379 incarnatus
1269 4325 1488 4393 quidem
1535 4323 1758 4389 latebat,
1800 4326 1880 4381 sic
1981 4318 2096 4388 ipse
2146 4316 2394 4373 Christus
2454 4318 2730 4388 apostolus
2773 4318 2990 4384 dicitur,
3039 4320 3092 4374 id
3132 4332 3232 4386 est,
3298 4325 3556 4383 missusa

293 4411 718 4480 predestinatus
755 4420 840 4468 est
868 4415 1163 4470 secundum
1191 4413 1453 4485 Spiritum
1494 4416 1878 4473 sanctificatio—
1904 4457 1956 4517 Β
1980 4407 2157 4512 Patre.
2196 4408 2410 4517 auippf
2446 4408 2645 4517 .qui‘m}
2693 4408 3169 4517 ςνεξξιεεξίιειηξιιξιξι
3207 4417 3551 4517 pauperibus

292 4506 387 4562 nis
438 4507 495 4561 in
548 4507 749 4562 virtute
794 4508 1080 4564 ministerii
1129 4508 1252 4564 Filii
1301 4509 1416 4575 Dei,
1461 4524 1582 4565 cum
1621 4510 1796 4582 surgit
1843 4527 1875 4565 a

293 4596 549 4662 mortuis,
588 4598 728 4652 sicut
781 4597 1042 4668 scriptum
1074 4606 1196 4654 est:
1252 4595 1451 4654 Veritas
1498 4598 1563 4653 de
1589 4608 1731 4654 terra
1759 4610 1876 4655 orta

291 4696 375 4741 est
414 4686 587 4758 (Psat.
612 4685 781 4757 unt).
814 4687 1002 4744 Omnis
1039 4689 1181 4744 enim
1205 4689 1530 4761 ambiguitas
1567 4689 1875 4749 difﬁdentia:

292 4775 365 4831 de
392 4777 793 4834 resurrectione
823 4776 941 4847 ejus
973 4779 1179 4835 calcata
1205 4786 1288 4835 est
1317 4787 1372 4837 et
1395 4794 1726 4852 compressa,
1746 4781 1873 4852 quia

294 4868 713 4937 przedestinatus
733 4879 835 4926 est.
867 4871 1034 4927 Recte
1061 4872 1258 4944 quippe
1285 4870 1452 4927 Filius
1473 4872 1568 4929 Dei
1600 4888 1707 4928 non
1736 4889 1876 4944 pra:-

293 4958 604 5015 destinatus
640 4968 743 5027 est,
773 4961 1064 5017 secundum
1087 4962 1142 5018 id
1180 4960 1324 5031 quod
1356 4962 1589 5019 Verbum
1628 4963 1724 5019 Dei
1767 4972 1870 5029 est,

295 5049 444 5107 Deus
467 5053 611 5123 apud
632 5052 803 5109 Deum
833 5071 847 5107 :
876 5054 1005 5125 quid
1033 5054 1177 5110 enim
1206 5055 1704 5125 prmdestinaretur,
1728 5056 1872 5127 quod

292 5139 419 5194 sine
436 5140 592 5198 initio
614 5150 670 5196 et
692 5143 812 5199 sine
838 5144 1072 5200 termino
1097 5143 1240 5202 Deus
1264 5160 1478 5219 semper
1498 5155 1734 5203 internus
1753 5149 1874 5203 est?

291 5229 432 5284 Illud
458 5231 604 5286 enim
642 5232 1083 5303 prtedestinatum
1121 5242 1205 5289 est
1242 5236 1387 5306 quod
1416 5236 1656 5291 nondum
1696 5235 1876 5290 fuerat

288 5326 357 5374 ut
388 5318 528 5377 sicut
560 5322 615 5377 in
638 5337 739 5379 suo
774 5331 1020 5395 tempore
1050 5322 1225 5391 ﬂeret,
1264 5323 1717 5395 quemadmodum
1751 5328 1877 5387 ante

288 5410 478 5464 omnia
514 5417 750 5483 tempora
776 5412 1218 5485 praedestinatum
1264 5422 1382 5468 erat
1416 5422 1476 5468 ut
1503 5413 1679 5470 fleret.
1737 5414 1880 5490 Lege

287 5518 417 5572 cap.
456 5503 494 5557 3
524 5505 578 5560 in
604 5505 980 5573 Enchiridion,
1019 5508 1113 5563 ubi
1137 5521 1243 5562 non
1267 5506 1440 5563 solum
1480 5506 1653 5564 bonos
1689 5509 1743 5564 in
1764 5508 1876 5580 glo—

289 5594 456 5659 riam,
512 5596 606 5651 sed
646 5606 703 5652 et
726 5598 925 5670 impios
975 5597 1142 5654 Deum
1194 5599 1326 5654 dicit
1371 5599 1784 5670 prtedestinasse
1805 5600 1873 5656 ad

289 5696 532 5753 pinnam.
591 5684 908 5745 Destinatnr
948 5688 1034 5744 ille
1077 5688 1168 5758 qui
1208 5698 1328 5745 est:
1367 5690 1776 5761 prtedestinatur
1825 5690 1873 5745 is

1981 4500 2211 4556 missum'
2256 4513 2314 4555 se
2355 4499 2503 4555 dicit.
2550 4497 2632 4554 Ad
2660 4500 2999 4556 obedientium
3029 4503 3156 4574 ﬁdei
3199 4506 3255 4561 in
3314 4509 3554 4563 omnibus

1978 4592 2234 4663 gentibus.
2261 4592 2453 4649 Missos
2490 4608 2620 4667 ergo
2640 4595 2910 4666 apostolos
2938 4596 3087 4658 dicit,
3115 4607 3173 4654 ut
3197 4601 3554 4670 praedicarent

1980 4684 2137 4740 fidem
2166 4685 2425 4741 omnibus
2464 4686 2728 4756 gentibus,
2781 4697 2841 4743 ut
2875 4689 3154 4744 obcdirent
3182 4698 3237 4746 et
3282 4694 3556 4748 salvari-n-

1979 4783 2085 4839 tur,
2117 4783 2177 4830 ut
2220 4776 2420 4832 donum
2475 4775 2571 4831 Dei
2620 4792 2726 4832 non
2753 4778 2864 4850 jam
2915 4778 3043 4835 solis
3092 4778 3311 4848 Iudaeis,
3363 4799 3549 4839 verum

1976 4868 2140 4925 etiam
2185 4866 2437 4923 omnibus
2483 4869 2732 4939 gentibus
2769 4886 3087 4927 concessum
3139 4872 3434 4940 videretur,
3484 4878 3550 4930 ad

1978 4957 2333 5014 obediendum
2363 4955 2511 5023 fidei,
2538 4972 2645 5013 non
2674 4956 2799 5030 legi.
2858 4957 2961 5013 Pro
3001 4961 3207 5014 nomine
3257 4962 3393 5031 ejus.
3439 4963 3551 5020 Hoc

1979 5057 2085 5113 est,
2112 5048 2230 5103 vice
2254 5046 2489 5104 nominis
2531 5045 2648 5118 ejus
2673 5048 2968 5121 fungimur,
3000 5058 3061 5105 ut
3090 5051 3202 5121 ipse
3234 5054 3313 5108 ait
3339 5072 3353 5106 :
3404 5053 3549 5111 Sient

1980 5138 2119 5195 misit
2142 5154 2223 5196 me
2252 5135 2434 5205 Pater,
2477 5148 2525 5193 et
2567 5154 2661 5208 ego
2703 5138 2849 5193 mitto
2913 5155 3002 5195 vos
3055 5139 3236 5213 (Joan.
3291 5142 3430 5217 vni).
3486 5146 3552 5212 Et

1982 5231 2181 5286 iterum
2207 5247 2221 5283 :
2259 5227 2365 5296 Qui
2387 5245 2476 5284 vos
2504 5227 2681 5300 recipit
2716 5244 2797 5283 me
2828 5229 3008 5302 recipit
3036 5226 3251 5305 (Matth.
3276 5234 3390 5307 xv).
3424 5233 3551 5293 Slve

1982 5337 2078 5392 pro
2119 5321 2328 5375 nomine
2375 5320 2508 5390 ejus,
2548 5319 2601 5374 id
2633 5326 2736 5385 est,
2765 5318 2832 5373 ad
2867 5319 3093 5391 gloriam
3132 5324 3367 5381 nominis
3408 5325 3546 5398 ejus.

1984 5408 2273 5482 In‘quibus
2314 5419 2361 5464 et
2401 5427 2487 5464 vos
2537 5409 2702 5464 vocati
2737 5410 2880 5467 estis.
2912 5412 3047 5483 Quia
3096 5415 3303 5472 scilicet
3332 5416 3551 5474 donum

1983 5499 2079 5555 Dei
2110 5499 2361 5555 omnibus
2389 5497 2610 5553 missum
2648 5508 2753 5566 est,
2798 5508 2858 5555 ut
2896 5516 3017 5558 cum
3053 5503 3279 5559 audiunt
3320 5506 3552 5563 seinter

1981 5598 2206 5646 actores
2245 5599 2483 5656 vocatos,
2516 5591 2719 5647 scirent
2754 5607 2812 5647 se
2834 5593 2933 5648 sub
2955 5593 3072 5664 lege
3117 5608 3276 5665 agere
3299 5612 3403 5651 non
3452 5600 3545 5652 de-

1980 5685 2125 5740 bere.
2167 5684 2317 5752 ltem,
2349 5684 2402 5737 in
2437 5682 2621 5755 quibus
2651 5684 2773 5737 estis
2816 5693 2861 5737 et
2883 5700 2969 5739 vos
3011 5687 3173 5739 vocati
3197 5702 3214 5740 :
3241 5702 3363 5740 nam
3403 5697 3455 5743 et
3495 5690 3549 5744 in
