3974 6202
387 342 451 396 is
1770 316 2042 404 SEDULII
2072 322 2272 405 ‘SCOTI
3575 361 3637 415 is

385 463 558 528 vobis,
590 462 643 517 id
695 475 799 529 est,
828 461 1082 516 Romanis
1113 462 1470 532 apostolatum
1512 457 1957 529 accepimus.i’o-
1986 467 2033 524 Α
2060 462 2326 516 mirantur
2349 462 2414 516 de
2441 462 2848 517 conversatione
2882 463 3143 533 gentium,
3176 472 3231 520 et
3257 467 3399 536 quod
3428 468 3483 523 in
3513 485 3633 524 om-

383 556 515 609 cutis
562 554 775 608 sanctis.
822 552 935 607 lloc
965 560 1073 618 est,
1123 552 1327 608 sanctis
1368 552 1652 607 vocatione
1683 550 1801 616 Dei,
1848 567 1955 605 non

383 645 579 700 merito
620 642 771 697 facti.

451 738 636 794 Gratia
683 738 821 793 vobis
855 747 901 791 st
945 752 1049 808 pa}:
1093 753 1124 790 a
1165 734 1271 790 Deo
1310 732 1494 799 Patre,
1524 745 1571 789 et
1612 733 1837 788 Domino
1865 750 1958 787 no-

379 840 486 885 stro
520 828 648 883 Iesu
678 827 903 882 Christo.
930 826 1058 880 illud
1094 822 1630 880 animadvertendum
1670 833 1773 887 est,
1814 821 1958 892 quod

378 932 434 976 et
462 921 515 975 in
544 919 911 990 superioribus
946 926 1001 973 et
1033 918 1086 971 in
1114 917 1364 987 praesenti
1402 924 1668 971 commate
1706 914 1953 985 eclipses,

381 1012 432 1067 id
468 1020 570 1075 est,
601 1009 844 1065 defectus
874 1009 1303 1063 necessariarum
1346 1006 1641 1062 dictionum
1669 1020 1791 1060 esse
1834 1020 1958 1059 nos-

377 1110 592 1155 cuntur.
627 1100 813 1168 itaque
858 1099 1088 1169 utplena
1114 1099 1442 1154 constructio
1484 1105 1737 1153 constare
1769 1104 1954 1165 queat,

377 1197 494 1265 ipsa
534 1194 819 1249 verborum
872 1193 1043 1247 series
1090 1192 1142 1245 in
1178 1191 1420 1245 ordinem
1468 1191 1547 1246 sic
1589 1189 1951 1258 disponatur:

375 1284 490 1355 Ego
521 1281 724 1337 Paulus
758 1299 935 1337 servus
976 1280 1169 1336 Christi
1204 1280 1354 1346 Jesu,
1385 1289 1597 1334 vocatus
1651 1279 1952 1350 Apostolus,

375 1382 431 1425 ct
467 1380 663 1426 caetera
696 1385 814 1439 qua:
843 1371 1271 1449 subsequuntur,
1301 1378 1679 1438 postremoque
1723 1366 1957 1421 subinl‘e-

380 1473 536 1518 ratur
567 1479 580 1516 :
611 1478 804 1532 precor
826 1461 909 1516 vel
935 1471 1151 1530 exopto,
1175 1459 1602 1529 multiplicentur
1654 1460 1825 1528 gratia
1862 1475 1952 1511 vo-

375 1555 455 1608 bis
514 1564 560 1607 et
603 1570 708 1622 pax
755 1570 785 1604 a
843 1552 948 1605 Deo
997 1548 1158 1603 Patre
1205 1560 1403 1611 nostra,
1469 1557 1516 1602 et
1561 1547 1784 1601 Domino
1822 1546 1951 1601 Jesu

374 1646 613 1701 Christo.
652 1628 890 1699 Gratiam
937 1652 993 1697 et
1029 1657 1215 1712 pacem
1247 1657 1368 1696 eum
1400 1641 1485 1695 his
1517 1640 1648 1693 dicit
1682 1654 1822 1703 esse,
1859 1639 1951 1708 qui

376 1744 522 1791 recte
542 1735 768 1789 credunt
794 1751 806 1786 :
838 1733 1033 1804 gratia,
1061 1748 1166 1800 qua
1196 1747 1225 1783 a
1253 1730 1490 1799 peccatis
1530 1727 1757 1783 absoluti
1785 1738 1945 1782 sunt:

2058 568 2179 607 nem
2226 551 2425 606 terram
2455 552 2621 606 exivit
2664 552 3028 620 apostolorum
3064 553 3266 610 Christi
3294 559 3629 626 praedicatio.

2056 641 2239 697 Potest
2277 650 2456 695 tamen
2499 650 2553 695 et
2595 642 2666 695 ita
2697 641 2944 719 intelligi,
2987 644 3129 712 quod
3163 645 3295 700 ﬁdes
3342 648 3441 702 ista
3472 664 3631 718 quam

2057 731 2283 785 Romani
2313 732 2528 797 habent,
2555 731 2668 801 ipsa
2697 733 2993 802 eademque
3020 734 3109 798 sit,
3140 743 3195 789 et
3224 752 3329 791 non
3359 740 3488 804 alia,
3515 757 3633 810 qua:

2057 822 2113 877 in
2158 823 2409 877 universo
2468 823 2670 877 mundo
2702 824 3057 877 annuntiatnr
3098 834 3153 879 et
3205 828 3463 895 creditur,
3513 847 3630 900 qum

2058 927 2166 965 non
2191 911 2363 965 solum
2395 911 2445 964 in
2480 912 2658 973 terris,
2686 912 2780 966 sed
2806 921 2861 966 et
2886 912 2938 965 in
2966 912 3119 967 ctelis
3149 916 3490 984 prmdicatnr.
3521 918 3633 972 Deo

2057 1019 2190 1056 meo.
2232 1003 2567 1059 Blandientis
2596 1003 2820 1075 aﬁectns
2852 1013 2961 1069 est,
2985 1007 3125 1074 quod
3154 1013 3492 1064 communem
3528 1011 3631 1065 Do—

2057 1094 2263 1148 minum
2292 1094 2563 1160 omnium,
2597 1094 2783 1165 gratiae
2817 1095 3186 1165 magnitudine
3215 1113 3366 1151 suum
3395 1108 3450 1152 et
3477 1098 3633 1167 quasi

2054 1188 2331 1257 proprium
2372 1188 2605 1243 senserit
2650 1187 2841 1243 Deum.
2887 1188 3288 1244 Observandum
3330 1206 3464 1247 sane
3505 1202 3626 1258 est,

2055 1278 2179 1347 quia
2208 1278 2274 1331 ad
2305 1279 2406 1333 hoc
2431 1278 2573 1348 quod
2603 1278 2759 1343 dixit,
2793 1295 3019 1349 prunam
3040 1280 3247 1350 quidem
3279 1283 3479 1351 gratias
3507 1301 3628 1354 ago,

2054 1384 2391 1439 consequens
2419 1379 2538 1424 erat
2577 1378 2638 1423 ut
2663 1369 2903 1424 diceret:
2935 1369 3203 1425 Secundo.
3234 1372 3339 1427 Sed
3374 1376 3623 1443 μιξεόίπί-

2055 1477 2176 1517 mus
2199 1463 2263 1517 de
2295 1463 2654 1517 locationibus
2679 1462 2856 1517 minus
2888 1463 3071 1525 ﬁnitis,
3094 1465 3199 1517 nisi
3226 1463 3364 1523 forte
3390 1466 3632 1521 videatur

2055 1552 2109 1606 in
2139 1567 2203 1606 eo
2244 1552 2426 1618 reddi,
2465 1569 2587 1608 cum
2619 1553 2747 1608 dicit
2782 1571 2796 1608 :
2838 1553 2977 1607 Nolo
3022 1565 3194 1609 autem
3239 1557 3481 1626 ignorare
3523 1575 3626 1622 ros,

2056 1643 2266 1712 fratres.
2872 1635 2883 1641 ’
2996 1682 2999 1685 ρ
3460 1640 3479 1651 “

2127 1734 2289 1789 Testis
2317 1736 2457 1789 enim
2482 1736 2608 1789 milii
2631 1745 2705 1789 est
2733 1735 2871 1790 Deus
2899 1738 2983 1790 cui
3005 1738 3169 1791 servio
3194 1737 3249 1791 in
3278 1738 3463 1808 spiritu
3493 1755 3625 1791 meo.

372 1843 475 1897 pax
517 1841 669 1903 vero,
708 1825 832 1894 quia
863 1839 926 1878 ex
974 1822 1155 1892 impiis
1178 1819 1503 1875 reconciliati
1535 1830 1659 1874 sunt
1686 1817 1954 1873 Creatori-
1981 1811 2026 1869 Β
2055 1823 2112 1877 in
2155 1824 2346 1894 Spiritu
2383 1840 2521 1889 meo,
2552 1825 2745 1894 inquit,
2773 1841 2876 1879 non
2907 1826 2960 1880 in
2999 1827 3410 1881 circumcisione
3444 1843 3630 1881 manu-

368 1917 515 1973 Bene
543 1915 773 1986 gratiam
793 1923 847 1966 et
874 1927 1060 1983 pacem
1087 1911 1378 1976 connectit,
1411 1925 1534 1963 nam
1562 1925 1731 1963 vacua
1774 1908 1949 1979 prima

372 2009 490 2063 sine
525 2007 727 2072 altera;
766 2021 874 2075 pax
899 2004 1042 2058 enim
1070 2004 1320 2058 olservat
1363 2003 1612 2073 gratiam.
1646 2001 1686 2054 Α
1711 2001 1819 2054 Deo
1850 2000 1952 2054 Pa-

373 2112 452 2155 tre
483 2110 681 2155 nostra.
707 2099 876 2153 Deum
909 2095 1125 2151 Patrem
1162 2102 1405 2149 nostrum
1438 2093 1566 2159 dicit
1590 2103 1807 2163 propter
1842 2091 1953 2145 ori-

369 2195 549 2265 ginem
585 2199 848 2255 nostram,
899 2188 991 2257 qui
1016 2188 1085 2241 ab
1121 2186 1235 2256 ipso
1261 2186 1426 2240 creati
1456 2199 1660 2265 sumus,
1708 2191 1765 2237 et
1792 2181 1949 2250 cujus

371 2260 471 2337 nos
511 2280 601 2335 ﬁlii
635 2293 819 2336 sumus
845 2277 1151 2346 adoptione.
1186 2274 1249 2328 Et
1292 2275 1511 2327 Domino
1550 2260 1677 2327 Iesu
1718 2270 1946 2326 Christo.

370 2372 645 2429 Christum
687 2378 867 2424 autem
914 2369 1223 2431 Dominum,
1267 2365 1390 2436 quia
1424 2363 1540 2432 ejus
1574 2365 1834 2435 sanguine
1859 2379 1950 2418 re-

371 2464 572 2534 dempti
599 2477 784 2518 sumus
819 2459 913 2514 lilii
952 2460 1067 2514 Dei.
1098 2456 1282 2513 Gratia
1314 2457 1457 2511 dicta
1493 2464 1574 2510 est
1603 2456 1671 2510 ab
1742 2460 1950 2524 etymo-

372 2558 537 2629 logia,
567 2556 763 2624 gratim
784 2554 930 2610 enim
974 2553 1361 2622 interpretatur
1388 2548 1687 2619 plenitudo,
1715 2546 1856 2617 quod
1879 2546 1950 2600 si-

371 2646 591 2716 gniﬁcat
610 2645 950 2707 charitatem,
969 2643 1094 2712 quia
1116 2640 1395 2711 plenitudo
1420 2639 1553 2710 legis
1576 2638 1813 2693 Charitas
1834 2645 1943 2693 est.

444 2732 704 2798 Primum,
724 2732 930 2805 quidem
951 2732 1150 2802 gratias
1181 2747 1278 2801 ago
1329 2729 1433 2783 Deo
1456 2746 1585 2783 meo.
1611 2727 1786 2782 Finita
1813 2742 1950 2797 pne-

368 2828 570 2883 fatione
598 2834 722 2881 aute
743 2824 923 2880 omnia
947 2823 1199 2894 gaudium
1244 2838 1397 2877 suum
1451 2829 1697 2886 testatur,
1738 2827 1797 2873 ut
1823 2827 1948 2889 pote

362 2920 611 2990 gentium
648 2916 958 2987 Apostolus,
1005 2914 1152 2984 quod
1186 2928 1308 2968 cum
1338 2912 1566 2966 Romani
1628 2918 1855 2981 regnent
1891 2910 1943 2964 in

370 3010 589 3073 mundo,
622 3005 965 3074 subjeeerunt
993 3019 1051 3059 se
1079 3004 1200 3058 ﬁdei
1239 3002 1560 3059 Christianae
1593 3020 1606 3054 :
1636 3016 1758 3055 nam
1801 2998 1945 3054 fama

369 3098 495 3153 ﬁdei
535 3098 748 3152 illorum
772 3095 1049 3166 prolectus
1068 3102 1185 3150 crat
1211 3093 1521 3156 multorum,
1564 3092 1654 3162 qui
1692 3091 1945 3146 videbant

367 3190 640 3261 principes
677 3202 805 3242 suos
831 3185 1002 3241 factos
1040 3199 1162 3241 esse
1186 3182 1538 3239 Christianos.
1567 3181 1780 3237 Gratias
1815 3197 1945 3254 ergo

369 3293 430 3333 se
480 3278 609 3333 dicit
677 3277 788 3332 Deo
854 3291 951 3330 suo
1001 3289 1159 3345 agere
1219 3274 1515 3339 duntaxat,
1579 3274 1708 3343 quia
1768 3272 1945 3327 adhuc

368 3367 580 3423 illorum
615 3380 722 3420 non
742 3373 861 3420 erat
882 3364 1057 3435 plene.
1103 3363 1212 3418 Deo
1260 3380 1393 3418 meo.
1437 3362 1637 3417 Natura
1661 3363 1803 3417 Deus
1829 3378 1945 3417 om-

369 3460 517 3515 nium
548 3466 652 3523 est,
686 3458 879 3513 merito
897 3465 952 3512 et
971 3456 1246 3525 voluntate
1272 3470 1588 3525 paucorum,
1608 3462 1670 3508 ut
1688 3448 1777 3508 ‘est
1803 3451 1944 3508 Deus

365 3550 661 3615 Abraham,
690 3548 986 3603 secundum
1021 3547 1163 3616 quod
1186 3547 1274 3602 hic
1295 3561 1451 3601 suum
1480 3545 1726 3599 nominat
1751 3545 1939 3598 Deum.

368 3641 551 3697 Prima
582 3657 682 3697 vox
720 3639 913 3710 incipit
934 3655 965 3693 a
997 3639 1296 3710 gratiarum
1320 3637 1561 3703 actione;
1602 3637 1711 3706 agit
1751 3643 1930 3689 autem

369 3737 480 3790 Deo
501 3736 702 3806 gratias
720 3750 818 3805 per
843 3733 1137 3797 Christum,
1160 3729 1625 3801 velutpontiﬁccm
1649 3743 1898 3799 magnum
1926 3747 1938 3783 :

368 3834 585 3898 oportet
600 3826 742 3881 enim
769 3825 911 3881 scire
930 3838 1072 3887 eum,
1106 3823 1197 3893 qui
1224 3821 1338 3877 vult
1361 3820 1560 3876 offerre
1606 3817 1934 3875 sacriﬁcium

371 3917 505 3980 Deo,
532 3914 674 3984 quod
696 3928 792 3982 per
818 3928 1009 3968 manus
1034 3910 1308 3982 pontiﬁcis
1327 3900 1486 3964 debet
1514 3908 1729 3964 offerre.
1761 3907 1868 3962 Sed
1888 3916 1940 3962 et

367 4011 469 4065 hoc
513 4007 654 4078 quod
685 4006 857 4062 dixit:
893 4004 1002 4058 Deo
1032 4019 1168 4067 meo,
1209 4017 1315 4056 non
1353 4010 1436 4055 est
1462 4001 1634 4054 otiose
1677 3999 1944 4066 accipien—

364 4099 489 4154 dum
517 4118 528 4152 :
558 4114 662 4151 non
686 4095 956 4155 enim,vox
981 4093 1084 4146 ista
1109 4098 1286 4159 potest
1311 4103 1454 4153 esse,
1479 4088 1579 4141 nisi
1607 4094 1940 4148 sanctorum,

364 4202 593 4259 quorum
623 4186 765 4239 Deus
784 4182 1003 4247 dicitur,
1029 4181 1168 4235 sicut
1190 4180 1331 4234 Deus
1349 4176 1643 4240 Abraham,
1661 4175 1745 4230 vel
1766 4173 1938 4238 Isaac,

363 4277 446 4331 vel
491 4272 687 4338 Jacob;
718 4287 823 4326 non
862 4271 1004 4325 enim
1032 4276 1212 4338 potest
1248 4268 1416 4322 Deum
1460 4280 1615 4319 suum
1644 4263 1825 4318 dicere
1869 4262 1937 4326 is,

362 4367 449 4421 cui
478 4373 668 4420 venter
694 4363 832 4416 Deus
878 4368 981 4424 est,
1006 4368 1098 4413 aut
1125 4359 1210 4413 cui
1247 4356 1413 4427 gloria
1457 4354 1635 4410 saeculi
1663 4363 1718 4408 et
1746 4364 1938 4424 pompa

361 4456 655 4519 mundana,
683 4460 776 4506 aut
801 4449 1043 4521 potentia
1085 4464 1266 4503 rerum
1297 4446 1622 4502 caducarum
1665 4445 1808 4499 Deus
1834 4453 1937 4498 est.

360 4544 631 4613 Quidquid
678 4540 1045 4610 unusquisque
1086 4554 1242 4609 supra
1291 4544 1486 4592 extera
1534 4535 1695 4601 colit,
1727 4536 1829 4590 hoc
1860 4535 1934 4589 illi

361 4636 502 4689 Deus
540 4642 641 4687 est.
676 4630 781 4705 Sed
810 4630 1087 4683 videamus
1127 4628 1341 4698 quidem
1378 4642 1476 4699 pro
1504 4641 1610 4696 quo
1649 4626 1937 4697 Apostolus

358 4725 560 4795 gratias
587 4732 709 4794 agat
738 4722 846 4776 Deo
893 4735 1011 4775 suo.
1049 4718 1337 4785 Quoniam,
1370 4718 1563 4787 inquit,
1590 4717 1720 4787 ﬁdes
1768 4728 1935 4771 vestra

359 4816 705 4871 annuntiatur
734 4815 787 4866 in
817 4813 1053 4865 universo
1082 4810 1298 4863 mundo.
1347 4808 1402 4863 Si
1434 4798 1749 4879 simpliciter
1789 4808 1934 4863 acci-

356 4909 599 4977 piamus,
651 4905 753 4959 hoc
801 4902 1014 4956 videtur
1065 4900 1346 4970 designare
1392 4899 1534 4968 quod
1585 4898 1769 4952 multis
1802 4897 1935 4953 locis

358 4995 564 5058 mundi,
596 4995 698 5049 hoc
726 5002 827 5057 est,
860 5000 1039 5055 terrm,
1070 5004 1255 5042 eorum
1283 4988 1372 5057 qui
1404 4990 1585 5041 Romae
1629 4996 1755 5041 sunt
1800 4987 1933 5042 ﬁdes

356 5092 408 5136 et
438 5082 623 5152 religio
670 5083 1012 5152 praedicetur.
1049 5077 1104 5132 Si
1144 5093 1272 5132 vero
1307 5078 1359 5130 in
1390 5076 1493 5131 hoc
1536 5076 1655 5131 loco
1700 5076 1933 5132 mundus

356 5171 664 5242 designatur
688 5172 779 5241 qui
805 5187 866 5225 ex
897 5171 1035 5226 emlo
1070 5177 1280 5224 constat
1302 5176 1357 5222 et
1387 5175 1529 5222 terra
1571 5166 1932 5238 omnibusque

356 5276 475 5328 qua:
517 5260 567 5313 in
613 5260 691 5314 eis
731 5270 891 5325 sunt,
932 5267 1110 5329 potest
1140 5259 1309 5314 etiam“
1335 5256 1461 5311 illud
1493 5255 1745 5324 intelligi,
1788 5257 1931 5326 quod

358 5352 597 5407 Virtutes
642 5350 708 5404 de
753 5351 949 5418 quibus
984 5350 1198 5413 dicitur,
1242 5349 1367 5417 quia
1414 5346 1663 5418 gaudium
1708 5346 1931 5415 habeant

356 5458 509 5509 super
552 5456 656 5496 uno
698 5449 966 5511 peccatore
1012 5440 1366 5508 pwnitentium
1415 5446 1596 5507 agente
1642 5435 1793 5507 (Luc.
1819 5434 1932 5507 xv),

358 5528 523 5583 nnilto
554 5531 722 5602 magis
748 5512 813 5584 de
843 5529 1253 5583 conversatione
1280 5536 1335 5583 et
1362 5526 1465 5583 ﬁde
1494 5540 1705 5597 quoque
1739 5522 1937 5581 Roma-

360 5636 547 5673 norum
578 5620 848 5686 limantur,
877 5620 1250 5674 nuntiantibus
1271 5620 1370 5673 sibi
1388 5619 1719 5689 angelis,qui
1750 5632 1935 5672 ascen-

358 5711 490 5767 dunt
519 5722 573 5768 et
599 5712 927 5769 descendunt
958 5713 1022 5769 ad
1051 5713 1245 5770 Filium
1286 5713 1541 5778 hominis,
1578 5722 1629 5769 et
1661 5714 1758 5783 ipsi
1790 5714 1932 5769 enim

2050 1915 2215 1981 facta,
2241 1932 2414 1985 neque
2454 1917 2505 1971 in
2534 1918 2833 1973 neomeniis
2856 1926 2910 1972 et
2938 1920 3186 1983 sabbato,
3224 1930 3278 1974 et
3304 1921 3630 1976 discretione

2050 2021 2320 2071 escarum,
2350 2008 2446 2061 sed
2475 2008 2528 2062 in
2558 2008 2750 2077 spiritu
2782 2023 2923 2074 meo,
2955 2009 3009 2063 id
3037 2017 3138 2073 est,
3170 2009 3222 2062 in
3260 2018 3440 2065 mente
3465 2029 3478 2063 :
3504 2011 3627 2079 quia

2048 2097 2191 2151 enim
2238 2096 2382 2153 Deus
2413 2099 2634 2168 spiritus
2660 2106 2765 2163 est,
2803 2099 2993 2168 spiritu
3032 2099 3116 2153 vel
3144 2098 3324 2152 animo
3366 2099 3522 2154 debet
3554 2100 3626 2153 illi

2047 2188 2261 2243 serviri.
2292 2187 2359 2241 In
2402 2187 2663 2257 evangelio
2706 2185 2834 2241 Filii
2876 2188 3009 2257 ejus.
3039 2187 3151 2242 Hoc
3184 2198 3295 2253 est,
3327 2203 3433 2242 non
3478 2188 3531 2243 in
3564 2205 3629 2241 eo

2048 2276 2190 2347 quod
2218 2277 2424 2348 Moyses
2452 2293 2638 2331 servus
2664 2277 2904 2343 tradidit,
2928 2278 3021 2331 sed
3048 2278 3099 2331 in
3126 2293 3191 2331 eo
3222 2277 3365 2347 quod
3391 2278 3629 2333 dilectis—

2049 2369 2216 2424 simus
2240 2367 2403 2421 Filius
2431 2367 2632 2421 docuit.
2833 2371 2837 2375 ’

2121 2457 2274 2522 Quod
2308 2456 2419 2510 sine
2462 2457 2845 2511 intermissione
2882 2459 3191 2512 mentionem
3236 2459 3389 2513 rastri
3434 2459 3628 2529 faciant

2047 2562 2103 2599 in
2132 2545 2371 2599 omnibus
2414 2545 2739 2599 orationibus
2775 2548 2919 2600 meis.
2953 2548 3092 2602 Dicit
3120 2547 3443 2616 Apostolus:
3478 2549 3626 2605 Sem-

2046 2649 2140 2706 per
2167 2633 2406 2705 gaudete,
2431 2634 2542 2688 sine
2570 2633 2951 2690 intermissione
2977 2647 3139 2691 orate.
3167 2639 3297 2704 Quis
3321 2650 3499 2694 autem
3532 2656 3625 2711 po-

2049 2730 2156 2777 test
2192 2722 2261 2776 ita
2293 2736 2507 2793 semper
2546 2737 2726 2788 orare,
2756 2733 2810 2778 et
2837 2726 2953 2780 sine
2994 2725 3207 2781 deiectu
3233 2727 3317 2781 vel
3353 2727 3625 2783 intermis-

2047 2812 2200 2867 sione
2227 2816 2478 2882 precibus
2510 2814 2784 2880 insisterc,
2813 2825 2874 2871 ut
2902 2831 3000 2870 nec
3028 2817 3296 2872 alimentis
3323 2820 3620 2881 sumendis,

2047 2912 2141 2957 aut
2174 2904 2471 2959 dormiendi
2517 2911 2727 2974 tempus
2765 2906 2999 2960 habeat?
3024 2906 3133 2960 Ant
3170 2922 3298 2978 ergo
3335 2907 3623 2963 dicendum

2046 3003 2149 3060 est,
2172 3009 2295 3049 eum
2322 3011 2535 3065 semper
2555 3011 2714 3051 orare
2738 3003 2789 3051 et
2819 3013 2922 3051 non
2952 2997 3201 3064 deﬁcere,
3229 2998 3318 3068 qui
3342 2998 3624 3054 canonicis

2046 3085 2378 3140 orationibus
2403 3086 2643 3155 quotidie
2665 3087 2820 3156 juxta
2850 3088 3012 3141 ritum
3044 3088 3428 3142 ecclesrasticaz
3458 3090 3622 3144 tradi-

1972 3156 2016 3217 Ο
2050 3178 2227 3241 tionis,
2264 3177 2596 3247 psalmodiis,
2638 3178 2995 3248 precibusque
3028 3179 3298 3234 consuetis
3338 3177 3623 3235 Dominum

2044 3272 2265 3327 laudare
2308 3281 2361 3327 et
2416 3287 2607 3342 rogare
2650 3288 2756 3326 non
2806 3273 3033 3328 disistit.
3088 3272 3156 3327 Et
3204 3272 3309 3328 hoc
3354 3282 3437 3329 est
3481 3274 3623 3343 quod

2042 3362 2329 3417 Psalniista
2375 3363 2632 3429 diccbat:
2678 3356 2988 3417 Benedicam
3042 3361 3323 3417 Dominum
3374 3364 3431 3416 in
3478 3378 3623 3415 omni

2043 3466 2289 3527 tempore,
2316 3474 2516 3527 semper
2543 3456 2659 3510 laus
2688 3456 2801 3526 ejus
2833 3458 2889 3510 in
2923 3473 3011 3510 ore
3040 3472 3151 3509 meo
3196 3454 3368 3524 (Psal.
3399 3452 3620 3525 χχχιιι).

2041 3548 2150 3603 Aut
2174 3556 2322 3603 certe
2348 3549 2529 3603 omnia
2577 3564 2695 3617 qua:
2718 3546 2897 3615 justus
2926 3547 3219 3602 secundum
3264 3547 3433 3600 Deum
3484 3545 3625 3617 gerit

2042 3651 2098 3697 et
2127 3642 2275 3706 dicit,
2315 3640 2384 3694 ad
2429 3640 2731 3694 orationem
2774 3654 2894 3693 esse
2939 3638 3230 3709 reputanda
3274 3656 3287 3690 :
3335 3638 3426 3707 qui
3473 3638 3619 3691 enim

2035 3732 2215 3803 justus
2241 3741 2342 3798 est,
2372 3732 2489 3787 sine
2530 3731 2928 3785 intermissione
2972 3727 3258 3798 quasjusta
3307 3738 3433 3783 sunt
3477 3729 3620 3800 agit,

2040 3838 2139 3893 per
2184 3823 2287 3877 hoc
2330 3823 2445 3877 sine
2490 3819 2891 3875 intermissione
2913 3817 3094 3888 justus
3138 3819 3344 3882 orabit,
3377 3832 3476 3872 nec
3519 3834 3620 3873 uu-

2043 3927 2204 3980 qnam
2253 3912 2320 3965 ab
2374 3910 2619 3965 oratione
2664 3908 2932 3975 cessabit,
2990 3907 3103 3963 sive
3150 3906 3328 3979 justus
3372 3922 3495 3962 esse
3525 3906 3619 3962 de-

2044 4002 2220 4055 sistet.
2788 3998 2797 4003 “

2115 4090 2428 4154 Obsecrans,
2472 4091 2518 4143 si
2552 4090 2833 4160 quomodo.
2863 4089 2920 4145 Id
2955 4096 3071 4155 est,
3115 4088 3293 4159 aliqua
3322 4105 3500 4153 causa,
3531 4090 3615 4143 vel

2042 4177 2280 4247 qualibet
2309 4179 2595 4232 occasione
2620 4180 2704 4233 vel
2740 4180 2969 4234 ratione.
2998 4179 3183 4249 Itaque
3214 4180 3471 4235 voluntati
3499 4181 3618 4251 ejus

2043 4268 2183 4322 sicut
2210 4269 2420 4323 occasio
2449 4269 2572 4323 data
2612 4278 2724 4334 est,
2765 4281 2821 4323 ut
2854 4278 3075 4324 coactus
3114 4271 3410 4341 appellaret
3446 4271 3617 4326 Caesa-

2043 4373 2176 4423 rem,
2213 4358 2291 4413 sic
2332 4358 2592 4428 dirigetur
2630 4373 2696 4412 ex
2730 4359 2908 4428 aliqua
2940 4373 3124 4424 causa,
3157 4360 3268 4415 Deo
3299 4361 3525 4426 volente,
3559 4370 3616 4413 ut

2044 4448 2290 4519 impleret
2347 4448 2681 4519 propositum
2735 4448 3025 4504 voluntatis
3089 4466 3218 4505 suae.
3274 4450 3514 4520 Denique
3562 4448 3615 4505 in

2043 4536 2322 4609 naufragio
2366 4538 2542 4608 posito
2580 4538 2754 4592 astitit
2794 4538 3072 4603 Dominus,
3115 4541 3300 4595 dicens
3334 4559 3347 4594 :
3380 4540 3509 4593 Noli
3544 4541 3615 4593 ti-

2041 4646 2210 4695 mere,
2255 4631 2387 4683 sicut
2424 4631 2559 4684 enim
2604 4629 2910 4699 testiﬁcatus
2941 4647 2994 4685 es
3035 4631 3091 4684 in
3135 4630 3509 4703 Hierosolymis
3552 4632 3617 4684 de

2039 4738 2143 4786 me,
2182 4722 2257 4774 ita
2289 4732 2336 4775 et
2374 4721 2572 4777 Roman
2617 4722 2906 4779 Videamus
2945 4733 3124 4779 autem
3171 4724 3312 4794 quod
3343 4724 3493 4788 dicit,
3530 4724 3615 4777 cui

2038 4813 2204 4867 servio
2235 4814 2290 4866 in
2317 4814 2501 4884 spiritu
2532 4828 2663 4867 meo.
2696 4813 2913 4869 Servire
2937 4815 2989 4869 in
3024 4814 3241 4884 spiritu,
3271 4814 3447 4869 simile
3480 4813 3611 4869 mihi

2037 4900 2253 4955 videtur
2278 4916 2420 4965 esse,
2454 4902 2561 4957 imo
2588 4910 2643 4956 et
2680 4903 2911 4972 amplius
2954 4903 3169 4973 aliquod
3197 4919 3355 4973 quam
3385 4904 3614 4959 adorare

2039 4995 2093 5049 iu
2122 4993 2345 5063 spiritu;
2373 5006 2496 5046 nam
2532 4994 2759 5047 adorare
2786 4995 2906 5063 quis
2931 5002 3107 5064 potest
3132 4996 3247 5050 sine
3274 4993 3490 5056 aﬁ‘ectu,
3521 4993 3612 5047 de-

2040 5084 2243 5139 servire
2269 5098 2401 5139 vero
2426 5081 2544 5151 ejus
2570 5092 2675 5150 est,
2700 5099 2858 5153 quem
2891 5086 3211 5155 constringit
3238 5084 3479 5137 affectus.
3509 5083 3613 5139 De—

2040 5173 2206 5227 servit
2240 5186 2369 5244 ergo
2395 5170 2682 5241 Apostolus
2714 5173 2825 5227 Deo
2860 5189 2963 5228 non
2994 5186 3236 5240 corpore,
3266 5187 3367 5226 nec
3404 5171 3609 5237 anima,

2041 5263 2133 5317 sed
2164 5262 2385 5317 meliore
2416 5263 2498 5317 sui
2524 5271 2696 5332 parte,
2727 5262 2778 5317 id
2809 5274 2909 5327 est,
2942 5264 3154 5332 spiritu.
3185 5262 3309 5319 Hice
3336 5265 3479 5319 enim
3508 5266 3611 5321 tria

2038 5367 2159 5407 esse
2197 5352 2250 5406 in
2294 5352 2511 5407 homine
2552 5352 2797 5423 designat
2835 5353 2901 5407 ad
2936 5353 3448 5409 Thessalonicenscs
3477 5355 3612 5408 scri-

2036 5443 2193 5508 bens,
2231 5457 2350 5497 cum
2401 5443 2533 5499 dicit
2568 5458 2582 5498 :
2619 5442 2686 5498 Ut
2732 5446 2987 5514 integrum
3022 5459 3210 5514 corpus
3243 5456 3477 5499 nostrum
3499 5485 3512 5509 ,
3560 5454 3631 5521 et‘

2039 5533 2236 5597 anima,
2268 5541 2314 5586 et
2346 5534 2580 5603 spiritus,
2622 5536 2676 5588 in
2705 5534 2789 5588 die
2818 5534 3031 5587 Domini
3063 5536 3227 5589 nostri
3255 5535 3384 5589 Iesu
3414 5533 3610 5588 Clariin

2036 5634 2284 5678 servetur.
2314 5625 2377 5679 Et
2404 5625 2591 5682 Daniel
2622 5627 2788 5682 dicit:
2825 5624 3082 5693 Laudate,
3113 5629 3326 5699 spiritus
3347 5637 3393 5680 et
3417 5628 3609 5679 αηὶηιίε

2037 5716 2317 5783 iustorum,
2340 5715 2636 5770 Dominum.
2666 5713 2970 5777 Prosperum
2994 5717 3094 5771 iter
3112 5718 3325 5770 habeam
3351 5717 3406 5769 in
3428 5714 3609 5769 rotun-
