  <div class='ocr_page' id='page_1' title='image "/cluster/home/n/w/nwhite01/storage/ocr_20150623/103/hvd.32044054759691/014.png"; bbox 0 0 3974 6202; ppageno 0'>
   <div class='ocr_carea' id='block_1_1' title="bbox 326 351 3592 418">
    <p class='ocr_par' dir='ltr' id='par_1_1' title="bbox 326 351 3592 418">
     <span class='ocr_line' id='line_1_1' title="bbox 326 351 3592 418; baseline 0 -11"><span class='ocrx_word' id='word_1_1' title='bbox 326 355 392 408; x_wconf 77' lang='lat' dir='ltr'><strong>l7</strong></span> <span class='ocrx_word' id='word_1_2' title='bbox 1419 355 1748 412; x_wconf 75' lang='lat' dir='ltr'><strong>COLLECT.</strong></span> <span class='ocrx_word' id='word_1_3' title='bbox 1791 353 1857 408; x_wconf 76' lang='lat' dir='ltr'><strong>IN</strong></span> <span class='ocrx_word' id='word_1_4' title='bbox 1898 351 2114 407; x_wconf 78' lang='lat' dir='ltr'><strong>EPlST.</strong></span> <span class='ocrx_word' id='word_1_5' title='bbox 2154 353 2246 407; x_wconf 82' lang='lat' dir='ltr'><strong>AD</strong></span> <span class='ocrx_word' id='word_1_6' title='bbox 2284 353 2427 407; x_wconf 76' lang='grc' dir='ltr'><strong>ιίΟΜ</strong></span> <span class='ocrx_word' id='word_1_7' title='bbox 3531 363 3592 418; x_wconf 63' lang='grc' dir='ltr'>Η</span> 
     </span>
    </p>
   </div>
   <div class='ocr_carea' id='block_1_2' title="bbox 320 470 3589 554">
    <p class='ocr_par' dir='ltr' id='par_1_2' title="bbox 320 470 3589 554">
     <span class='ocr_line' id='line_1_2' title="bbox 320 470 3589 554; baseline 0.006 -31"><span class='ocrx_word' id='word_1_8' title='bbox 320 481 432 524; x_wconf 82' lang='lat' dir='ltr'><strong>tate</strong></span> <span class='ocrx_word' id='word_1_9' title='bbox 457 471 554 525; x_wconf 88' lang='lat' dir='ltr'><strong>Dei</strong></span> <span class='ocrx_word' id='word_1_10' title='bbox 596 471 833 535; x_wconf 69' lang='lat' dir='ltr'><strong>veniendi</strong></span> <span class='ocrx_word' id='word_1_11' title='bbox 861 472 930 526; x_wconf 90' lang='lat' dir='ltr'><strong>ad</strong></span> <span class='ocrx_word' id='word_1_12' title='bbox 967 490 1070 527; x_wconf 79' lang='lat' dir='ltr'><strong>vos.</strong></span> <span class='ocrx_word' id='word_1_13' title='bbox 1113 473 1249 528; x_wconf 87' lang='lat' dir='ltr'><strong>Puto</strong></span> <span class='ocrx_word' id='word_1_14' title='bbox 1274 473 1417 542; x_wconf 89' lang='lat' dir='ltr'><strong>quod</strong></span> <span class='ocrx_word' id='word_1_15' title='bbox 1460 473 1626 528; x_wconf 87' lang='lat' dir='ltr'><strong>etiam</strong></span> <span class='ocrx_word' id='word_1_16' title='bbox 1669 474 1773 528; x_wconf 89' lang='lat' dir='ltr'><strong>hoc</strong></span> <span class='ocrx_word' id='word_1_17' title='bbox 1800 470 1914 525; x_wconf 99' lang='lat' dir='ltr'><strong>vult</strong></span> <span class='ocrx_word' id='word_1_18' title='bbox 1940 470 2317 536; x_wconf 80' lang='lat' dir='ltr'><strong>Apstenditur</strong></span> <span class='ocrx_word' id='word_1_19' title='bbox 2356 484 2454 538; x_wconf 90' lang='lat' dir='ltr'><strong>per</strong></span> <span class='ocrx_word' id='word_1_20' title='bbox 2492 471 2594 526; x_wconf 89' lang='lat' dir='ltr'><strong>hoc</strong></span> <span class='ocrx_word' id='word_1_21' title='bbox 2636 471 2688 526; x_wconf 92' lang='lat' dir='ltr'><strong>id</strong></span> <span class='ocrx_word' id='word_1_22' title='bbox 2725 473 2888 527; x_wconf 86' lang='lat' dir='ltr'><strong>etiam</strong></span> <span class='ocrx_word' id='word_1_23' title='bbox 2936 492 3079 531; x_wconf 78' lang='lat' dir='ltr'><strong>cum:</strong></span> <span class='ocrx_word' id='word_1_24' title='bbox 3121 476 3231 534; x_wconf 82' lang='lat' dir='ltr'><strong>Deo</strong></span> <span class='ocrx_word' id='word_1_25' title='bbox 3274 480 3440 539; x_wconf 79' lang='lat' dir='ltr'><strong>fuisse</strong></span> <span class='ocrx_word' id='word_1_26' title='bbox 3481 500 3589 554; x_wconf 87' lang='lat' dir='ltr'><strong>quo</strong></span> 
     </span>
    </p>
   </div>
   <div class='ocr_carea' id='block_1_3' title="bbox 324 562 1911 635">
    <p class='ocr_par' dir='ltr' id='par_1_3' title="bbox 324 562 1911 635">
     <span class='ocr_line' id='line_1_3' title="bbox 324 562 1911 635; baseline 0.001 -20"><span class='ocrx_word' id='word_1_27' title='bbox 324 562 587 630; x_wconf 83' lang='lat' dir='ltr'><strong>intelligi,</strong></span> <span class='ocrx_word' id='word_1_28' title='bbox 625 565 752 632; x_wconf 92' lang='lat' dir='ltr'><strong>quia</strong></span> <span class='ocrx_word' id='word_1_29' title='bbox 788 580 894 618; x_wconf 89' lang='lat' dir='ltr'><strong>non</strong></span> <span class='ocrx_word' id='word_1_30' title='bbox 932 581 1145 634; x_wconf 88' lang='lat' dir='ltr'><strong>semper</strong></span> <span class='ocrx_word' id='word_1_31' title='bbox 1189 565 1402 619; x_wconf 89' lang='lat' dir='ltr'><strong>itineris</strong></span> <span class='ocrx_word' id='word_1_32' title='bbox 1444 565 1774 635; x_wconf 73' lang='lat' dir='ltr'><strong>prosperitas</strong></span> <span class='ocrx_word' id='word_1_33' title='bbox 1817 562 1911 617; x_wconf 86' lang='lat' dir='ltr'><strong>Dei</strong></span> 
     </span>
    </p>
   </div>
   <div class='ocr_carea' id='block_1_4' title="bbox 329 655 1915 726">
    <p class='ocr_par' dir='ltr' id='par_1_4' title="bbox 329 655 1915 726">
     <span class='ocr_line' id='line_1_4' title="bbox 329 655 1915 726; baseline 0.001 -20"><span class='ocrx_word' id='word_1_34' title='bbox 329 655 605 709; x_wconf 72' lang='lat' dir='ltr'><strong>voluntate</strong></span> <span class='ocrx_word' id='word_1_35' title='bbox 632 655 934 724; x_wconf 75' lang='lat' dir='ltr'><strong>perﬁcitur.</strong></span> <span class='ocrx_word' id='word_1_36' title='bbox 965 656 1203 726; x_wconf 92' lang='lat' dir='ltr'><strong>Denique</strong></span> <span class='ocrx_word' id='word_1_37' title='bbox 1237 665 1292 710; x_wconf 90' lang='lat' dir='ltr'><strong>ct</strong></span> <span class='ocrx_word' id='word_1_38' title='bbox 1320 657 1539 710; x_wconf 86' lang='lat' dir='ltr'><strong>Balaam</strong></span> <span class='ocrx_word' id='word_1_39' title='bbox 1582 657 1687 712; x_wconf 90' lang='lat' dir='ltr'><strong>iter</strong></span> <span class='ocrx_word' id='word_1_40' title='bbox 1727 655 1915 711; x_wconf 87' lang='lat' dir='ltr'><strong>habuit</strong></span> 
     </span>
    </p>
   </div>
   <div class='ocr_carea' id='block_1_5' title="bbox 326 738 1912 818">
    <p class='ocr_par' dir='ltr' id='par_1_5' title="bbox 326 738 1912 818">
     <span class='ocr_line' id='line_1_5' title="bbox 326 738 1912 818; baseline 0 -17"><span class='ocrx_word' id='word_1_41' title='bbox 326 761 646 815; x_wconf 70' lang='lat' dir='ltr'><strong>prosperum</strong></span> <span class='ocrx_word' id='word_1_42' title='bbox 685 738 850 802; x_wconf 85' lang='lat' dir='ltr'><strong>eundi</strong></span> <span class='ocrx_word' id='word_1_43' title='bbox 880 749 948 802; x_wconf 89' lang='lat' dir='ltr'><strong>ad</strong></span> <span class='ocrx_word' id='word_1_44' title='bbox 971 747 1151 811; x_wconf 86' lang='lat' dir='ltr'><strong>Balac,</strong></span> <span class='ocrx_word' id='word_1_45' title='bbox 1178 757 1238 803; x_wconf 92' lang='lat' dir='ltr'><strong>ut</strong></span> <span class='ocrx_word' id='word_1_46' title='bbox 1272 748 1617 803; x_wconf 74' lang='lat' dir='ltr'><strong>malediceret</strong></span> <span class='ocrx_word' id='word_1_47' title='bbox 1659 746 1912 818; x_wconf 83' lang='lat' dir='ltr'><strong>populum</strong></span> 
     </span>
    </p>
   </div>
   <div class='ocr_carea' id='block_1_6' title="bbox 326 836 1912 908">
    <p class='ocr_par' dir='ltr' id='par_1_6' title="bbox 326 836 1912 908">
     <span class='ocr_line' id='line_1_6' title="bbox 326 836 1912 908; baseline 0.003 -19"><span class='ocrx_word' id='word_1_48' title='bbox 326 836 524 901; x_wconf 82' lang='lat' dir='ltr'><strong>Israel,</strong></span> <span class='ocrx_word' id='word_1_49' title='bbox 557 837 653 890; x_wconf 88' lang='lat' dir='ltr'><strong>sed</strong></span> <span class='ocrx_word' id='word_1_50' title='bbox 693 853 800 891; x_wconf 89' lang='lat' dir='ltr'><strong>non</strong></span> <span class='ocrx_word' id='word_1_51' title='bbox 851 837 953 893; x_wconf 77' lang='lat' dir='ltr'><strong>fuit</strong></span> <span class='ocrx_word' id='word_1_52' title='bbox 989 838 1075 894; x_wconf 92' lang='lat' dir='ltr'><strong>illa</strong></span> <span class='ocrx_word' id='word_1_53' title='bbox 1114 855 1181 895; x_wconf 81' lang='lat' dir='ltr'><strong>ex</strong></span> <span class='ocrx_word' id='word_1_54' title='bbox 1219 840 1492 894; x_wconf 87' lang='lat' dir='ltr'><strong>voluntate</strong></span> <span class='ocrx_word' id='word_1_55' title='bbox 1542 840 1637 894; x_wconf 91' lang='lat' dir='ltr'><strong>Dei</strong></span> <span class='ocrx_word' id='word_1_56' title='bbox 1683 853 1912 908; x_wconf 85' lang='lat' dir='ltr'><strong>prospe-</strong></span> 
     </span>
    </p>
   </div>
   <div class='ocr_carea' id='block_1_7' title="bbox 327 929 1911 1002">
    <p class='ocr_par' dir='ltr' id='par_1_7' title="bbox 327 929 1911 1002">
     <span class='ocr_line' id='line_1_7' title="bbox 327 929 1911 1002; baseline 0.001 -21"><span class='ocrx_word' id='word_1_57' title='bbox 327 929 497 994; x_wconf 86' lang='lat' dir='ltr'><strong>ritas;</strong></span> <span class='ocrx_word' id='word_1_58' title='bbox 548 937 607 985; x_wconf 88' lang='lat' dir='ltr'><strong>et</strong></span> <span class='ocrx_word' id='word_1_59' title='bbox 659 931 815 985; x_wconf 90' lang='lat' dir='ltr'><strong>multi</strong></span> <span class='ocrx_word' id='word_1_60' title='bbox 866 931 921 986; x_wconf 92' lang='lat' dir='ltr'><strong>in</strong></span> <span class='ocrx_word' id='word_1_61' title='bbox 966 930 1127 987; x_wconf 85' lang='lat' dir='ltr'><strong>rebus</strong></span> <span class='ocrx_word' id='word_1_62' title='bbox 1186 932 1368 987; x_wconf 74' lang='lat' dir='ltr'><strong>szeculi</strong></span> <span class='ocrx_word' id='word_1_63' title='bbox 1429 931 1704 1002; x_wconf 86' lang='lat' dir='ltr'><strong>prosperis</strong></span> <span class='ocrx_word' id='word_1_64' title='bbox 1755 938 1911 983; x_wconf 83' lang='lat' dir='ltr'><strong>utun—</strong></span> 
     </span>
    </p>
   </div>
   <div class='ocr_carea' id='block_1_8' title="bbox 330 1019 1913 1091">
    <p class='ocr_par' dir='ltr' id='par_1_8' title="bbox 330 1019 1913 1091">
     <span class='ocr_line' id='line_1_8' title="bbox 330 1019 1913 1091; baseline 0.002 -19"><span class='ocrx_word' id='word_1_65' title='bbox 330 1029 416 1073; x_wconf 87' lang='lat' dir='ltr'><strong>tur</strong></span> <span class='ocrx_word' id='word_1_66' title='bbox 469 1020 877 1085; x_wconf 56' lang='lat' dir='ltr'><strong>successibus,</strong></span> <span class='ocrx_word' id='word_1_67' title='bbox 910 1031 966 1076; x_wconf 88' lang='lat' dir='ltr'><strong>et</strong></span> <span class='ocrx_word' id='word_1_68' title='bbox 1021 1022 1296 1078; x_wconf 77' lang='lat' dir='ltr'><strong>exsultant</strong></span> <span class='ocrx_word' id='word_1_69' title='bbox 1346 1022 1401 1076; x_wconf 91' lang='lat' dir='ltr'><strong>in</strong></span> <span class='ocrx_word' id='word_1_70' title='bbox 1465 1019 1913 1091; x_wconf 84' lang='lat' dir='ltr'><strong>prosperitatibus</strong></span> 
     </span>
    </p>
   </div>
   <div class='ocr_carea' id='block_1_9' title="bbox 326 1109 1913 1183">
    <p class='ocr_par' dir='ltr' id='par_1_9' title="bbox 326 1109 1913 1183">
     <span class='ocr_line' id='line_1_9' title="bbox 326 1109 1913 1183; baseline 0.001 -20"><span class='ocrx_word' id='word_1_71' title='bbox 326 1112 468 1173; x_wconf 87' lang='lat' dir='ltr'><strong>suis,</strong></span> <span class='ocrx_word' id='word_1_72' title='bbox 509 1110 607 1166; x_wconf 86' lang='lat' dir='ltr'><strong>sed</strong></span> <span class='ocrx_word' id='word_1_73' title='bbox 663 1126 773 1166; x_wconf 88' lang='lat' dir='ltr'><strong>non</strong></span> <span class='ocrx_word' id='word_1_74' title='bbox 822 1119 908 1166; x_wconf 89' lang='lat' dir='ltr'><strong>est</strong></span> <span class='ocrx_word' id='word_1_75' title='bbox 967 1112 1087 1166; x_wconf 88' lang='lat' dir='ltr'><strong>talis</strong></span> <span class='ocrx_word' id='word_1_76' title='bbox 1146 1112 1479 1183; x_wconf 85' lang='lat' dir='ltr'><strong>prosperitas</strong></span> <span class='ocrx_word' id='word_1_77' title='bbox 1523 1126 1589 1166; x_wconf 79' lang='lat' dir='ltr'><strong>ex</strong></span> <span class='ocrx_word' id='word_1_78' title='bbox 1639 1109 1913 1165; x_wconf 87' lang='lat' dir='ltr'><strong>voluntate</strong></span> 
     </span>
    </p>
   </div>
   <div class='ocr_carea' id='block_1_10' title="bbox 332 1199 741 1269">
    <p class='ocr_par' dir='ltr' id='par_1_10' title="bbox 332 1199 741 1269">
     <span class='ocr_line' id='line_1_10' title="bbox 332 1199 741 1269; baseline -0.002 -16"><span class='ocrx_word' id='word_1_79' title='bbox 332 1199 443 1253; x_wconf 67' lang='grc' dir='ltr'>ιλιι.</span> <span class='ocrx_word' id='word_1_80' title='bbox 730 1267 741 1269; x_wconf 18' lang='grc' dir='ltr'><em>ᾼ</em></span> 
     </span>
    </p>
   </div>
   <div class='ocr_carea' id='block_1_11' title="bbox 398 1288 1914 1362">
    <p class='ocr_par' dir='ltr' id='par_1_11' title="bbox 398 1288 1914 1362">
     <span class='ocr_line' id='line_1_11' title="bbox 398 1288 1914 1362; baseline 0.003 -21"><span class='ocrx_word' id='word_1_81' title='bbox 398 1288 649 1343; x_wconf 76' lang='lat' dir='ltr'><strong>Desidero</strong></span> <span class='ocrx_word' id='word_1_82' title='bbox 677 1291 816 1345; x_wconf 83' lang='lat' dir='ltr'><strong>enim</strong></span> <span class='ocrx_word' id='word_1_83' title='bbox 843 1292 1016 1347; x_wconf 77' lang='lat' dir='ltr'><strong>uidere</strong></span> <span class='ocrx_word' id='word_1_84' title='bbox 1043 1308 1149 1346; x_wconf 75' lang='lat' dir='ltr'><strong>vos.</strong></span> <span class='ocrx_word' id='word_1_85' title='bbox 1181 1290 1320 1359; x_wconf 85' lang='lat' dir='ltr'><strong>Quid</strong></span> <span class='ocrx_word' id='word_1_86' title='bbox 1345 1302 1427 1348; x_wconf 89' lang='lat' dir='ltr'><strong>est</strong></span> <span class='ocrx_word' id='word_1_87' title='bbox 1455 1292 1597 1362; x_wconf 89' lang='lat' dir='ltr'><strong>quod</strong></span> <span class='ocrx_word' id='word_1_88' title='bbox 1628 1307 1751 1346; x_wconf 89' lang='lat' dir='ltr'><strong>cum</strong></span> <span class='ocrx_word' id='word_1_89' title='bbox 1778 1291 1914 1347; x_wconf 88' lang='lat' dir='ltr'><strong>scri-</strong></span> 
     </span>
    </p>
   </div>
   <div class='ocr_carea' id='block_1_12' title="bbox 328 1381 1909 1452">
    <p class='ocr_par' dir='ltr' id='par_1_12' title="bbox 328 1381 1909 1452">
     <span class='ocr_line' id='line_1_12' title="bbox 328 1381 1909 1452; baseline 0.001 -17"><span class='ocrx_word' id='word_1_90' title='bbox 328 1382 431 1450; x_wconf 84' lang='lat' dir='ltr'><strong>ptis</strong></span> <span class='ocrx_word' id='word_1_91' title='bbox 452 1381 571 1435; x_wconf 81' lang='lat' dir='ltr'><strong>illos</strong></span> <span class='ocrx_word' id='word_1_92' title='bbox 602 1382 839 1452; x_wconf 80' lang='lat' dir='ltr'><strong>corrigat</strong></span> <span class='ocrx_word' id='word_1_93' title='bbox 862 1390 916 1437; x_wconf 87' lang='lat' dir='ltr'><strong>et</strong></span> <span class='ocrx_word' id='word_1_94' title='bbox 950 1396 979 1436; x_wconf 73' lang='grc' dir='ltr'>ει</span> <span class='ocrx_word' id='word_1_95' title='bbox 1016 1384 1221 1439; x_wconf 86' lang='lat' dir='ltr'><strong>carnali</strong></span> <span class='ocrx_word' id='word_1_96' title='bbox 1251 1399 1411 1439; x_wconf 78' lang='lat' dir='ltr'><strong>sensu</strong></span> <span class='ocrx_word' id='word_1_97' title='bbox 1439 1383 1742 1447; x_wconf 85' lang='lat' dir='ltr'><strong>abstrahat,</strong></span> <span class='ocrx_word' id='word_1_98' title='bbox 1770 1397 1909 1452; x_wconf 75' lang='lat' dir='ltr'><strong>prte—</strong></span> 
     </span>
    </p>
   </div>
   <div class='ocr_carea' id='block_1_13' title="bbox 325 1473 1911 1532">
    <p class='ocr_par' dir='ltr' id='par_1_13' title="bbox 325 1473 1911 1532">
     <span class='ocr_line' id='line_1_13' title="bbox 325 1473 1911 1532; baseline 0.001 -5"><span class='ocrx_word' id='word_1_99' title='bbox 325 1473 552 1527; x_wconf 80' lang='lat' dir='ltr'><strong>sentiam</strong></span> <span class='ocrx_word' id='word_1_100' title='bbox 581 1488 740 1527; x_wconf 90' lang='lat' dir='ltr'><strong>suam</strong></span> <span class='ocrx_word' id='word_1_101' title='bbox 768 1475 1135 1532; x_wconf 83' lang='lat' dir='ltr'><strong>necessariam</strong></span> <span class='ocrx_word' id='word_1_102' title='bbox 1164 1477 1331 1532; x_wconf 85' lang='lat' dir='ltr'><strong>dicit?</strong></span> <span class='ocrx_word' id='word_1_103' title='bbox 1354 1475 1466 1530; x_wconf 76' lang='lat' dir='ltr'><strong>Nisi</strong></span> <span class='ocrx_word' id='word_1_104' title='bbox 1491 1476 1650 1530; x_wconf 83' lang='lat' dir='ltr'><strong>aliter</strong></span> <span class='ocrx_word' id='word_1_105' title='bbox 1678 1477 1821 1531; x_wconf 87' lang='lat' dir='ltr'><strong>dicta</strong></span> <span class='ocrx_word' id='word_1_106' title='bbox 1844 1476 1911 1530; x_wconf 88' lang='lat' dir='ltr'><strong>ad</strong></span> 
     </span>
    </p>
   </div>
   <div class='ocr_carea' id='block_1_14' title="bbox 326 1564 1911 1637">
    <p class='ocr_par' dir='ltr' id='par_1_14' title="bbox 326 1564 1911 1637">
     <span class='ocr_line' id='line_1_14' title="bbox 326 1564 1911 1637; baseline 0.002 -18"><span class='ocrx_word' id='word_1_107' title='bbox 326 1566 469 1620; x_wconf 86' lang='lat' dir='ltr'><strong>aliud</strong></span> <span class='ocrx_word' id='word_1_108' title='bbox 498 1564 676 1621; x_wconf 87' lang='lat' dir='ltr'><strong>solent</strong></span> <span class='ocrx_word' id='word_1_109' title='bbox 720 1567 868 1637; x_wconf 85' lang='lat' dir='ltr'><strong>rapi,</strong></span> <span class='ocrx_word' id='word_1_110' title='bbox 908 1568 1051 1623; x_wconf 89' lang='lat' dir='ltr'><strong>sicut</strong></span> <span class='ocrx_word' id='word_1_111' title='bbox 1088 1568 1157 1623; x_wconf 85' lang='lat' dir='ltr'><strong>ab</strong></span> <span class='ocrx_word' id='word_1_112' title='bbox 1190 1568 1459 1624; x_wconf 77' lang='lat' dir='ltr'><strong>haereticis</strong></span> <span class='ocrx_word' id='word_1_113' title='bbox 1488 1568 1569 1631; x_wconf 88' lang='lat' dir='ltr'><strong>ﬁt,</strong></span> <span class='ocrx_word' id='word_1_114' title='bbox 1617 1568 1739 1622; x_wconf 89' lang='lat' dir='ltr'><strong>ideo</strong></span> <span class='ocrx_word' id='word_1_115' title='bbox 1767 1567 1911 1622; x_wconf 89' lang='lat' dir='ltr'><strong>desi-</strong></span> 
     </span>
    </p>
   </div>
   <div class='ocr_carea' id='block_1_15' title="bbox 341 1654 1908 1729">
    <p class='ocr_par' dir='ltr' id='par_1_15' title="bbox 341 1654 1908 1729">
     <span class='ocr_line' id='line_1_15' title="bbox 341 1654 1908 1729; baseline 0.004 -20"><span class='ocrx_word' id='word_1_116' title='bbox 341 1656 497 1710; x_wconf 84' lang='lat' dir='ltr'><strong>derat</strong></span> <span class='ocrx_word' id='word_1_117' title='bbox 515 1655 702 1710; x_wconf 84' lang='lat' dir='ltr'><strong>videre</strong></span> <span class='ocrx_word' id='word_1_118' title='bbox 719 1671 838 1722; x_wconf 89' lang='lat' dir='ltr'><strong>eos,</strong></span> <span class='ocrx_word' id='word_1_119' title='bbox 860 1665 923 1712; x_wconf 93' lang='lat' dir='ltr'><strong>ut</strong></span> <span class='ocrx_word' id='word_1_120' title='bbox 943 1673 1183 1728; x_wconf 69' lang='lat' dir='ltr'><strong>praesens</strong></span> <span class='ocrx_word' id='word_1_121' title='bbox 1202 1659 1500 1714; x_wconf 84' lang='lat' dir='ltr'><strong>doctrinam</strong></span> <span class='ocrx_word' id='word_1_122' title='bbox 1522 1654 1908 1729; x_wconf 79' lang='lat' dir='ltr'><strong>evangelicum,</strong></span> 
     </span>
    </p>
   </div>
   <div class='ocr_carea' id='block_1_16' title="bbox 324 1748 1910 1820">
    <p class='ocr_par' dir='ltr' id='par_1_16' title="bbox 324 1748 1910 1820">
     <span class='ocr_line' id='line_1_16' title="bbox 324 1748 1910 1820; baseline 0.003 -21"><span class='ocrx_word' id='word_1_123' title='bbox 324 1760 482 1800; x_wconf 84' lang='lat' dir='ltr'><strong>sensu</strong></span> <span class='ocrx_word' id='word_1_124' title='bbox 506 1762 618 1816; x_wconf 89' lang='lat' dir='ltr'><strong>quo</strong></span> <span class='ocrx_word' id='word_1_125' title='bbox 639 1748 852 1813; x_wconf 86' lang='lat' dir='ltr'><strong>scribit,</strong></span> <span class='ocrx_word' id='word_1_126' title='bbox 881 1749 1080 1815; x_wconf 81' lang='lat' dir='ltr'><strong>tradat,</strong></span> <span class='ocrx_word' id='word_1_127' title='bbox 1105 1758 1165 1805; x_wconf 91' lang='lat' dir='ltr'><strong>ut</strong></span> <span class='ocrx_word' id='word_1_128' title='bbox 1192 1750 1365 1820; x_wconf 85' lang='lat' dir='ltr'><strong>magis</strong></span> <span class='ocrx_word' id='word_1_129' title='bbox 1394 1749 1498 1804; x_wconf 91' lang='lat' dir='ltr'><strong>illis</strong></span> <span class='ocrx_word' id='word_1_130' title='bbox 1522 1750 1792 1818; x_wconf 90' lang='lat' dir='ltr'><strong>proﬁciat,</strong></span> <span class='ocrx_word' id='word_1_131' title='bbox 1819 1749 1910 1804; x_wconf 88' lang='lat' dir='ltr'><strong>ad-</strong></span> 
     </span>
    </p>
   </div>
   <div class='ocr_carea' id='block_1_17' title="bbox 2014 559 3592 630">
    <p class='ocr_par' dir='ltr' id='par_1_17' title="bbox 2014 559 3592 630">
     <span class='ocr_line' id='line_1_17' title="bbox 2014 559 3592 630; baseline 0.013 -20"><span class='ocrx_word' id='word_1_132' title='bbox 2014 559 2381 630; x_wconf 88' lang='lat' dir='ltr'><strong>unusquisque</strong></span> <span class='ocrx_word' id='word_1_133' title='bbox 2408 561 2771 629; x_wconf 87' lang='lat' dir='ltr'><strong>apostolorum</strong></span> <span class='ocrx_word' id='word_1_134' title='bbox 2798 565 2881 619; x_wconf 91' lang='lat' dir='ltr'><strong>vel</strong></span> <span class='ocrx_word' id='word_1_135' title='bbox 2910 564 3105 622; x_wconf 85' lang='lat' dir='ltr'><strong>debeat</strong></span> <span class='ocrx_word' id='word_1_136' title='bbox 3136 569 3233 628; x_wconf 90' lang='lat' dir='ltr'><strong>ire.</strong></span> <span class='ocrx_word' id='word_1_137' title='bbox 3262 571 3343 624; x_wconf 89' lang='lat' dir='ltr'><strong>vel</strong></span> <span class='ocrx_word' id='word_1_138' title='bbox 3365 588 3472 628; x_wconf 90' lang='lat' dir='ltr'><strong>non</strong></span> <span class='ocrx_word' id='word_1_139' title='bbox 3498 576 3592 630; x_wconf 88' lang='lat' dir='ltr'><strong>de-</strong></span> 
     </span>
    </p>
   </div>
   <div class='ocr_carea' id='block_1_18' title="bbox 2013 647 3586 730">
    <p class='ocr_par' dir='ltr' id='par_1_18' title="bbox 2013 647 3586 730">
     <span class='ocr_line' id='line_1_18' title="bbox 2013 647 3586 730; baseline 0.013 -29"><span class='ocrx_word' id='word_1_140' title='bbox 2013 650 2156 702; x_wconf 87' lang='lat' dir='ltr'><strong>beat.</strong></span> <span class='ocrx_word' id='word_1_141' title='bbox 2185 647 2295 702; x_wconf 86' lang='lat' dir='ltr'><strong>Cur</strong></span> <span class='ocrx_word' id='word_1_142' title='bbox 2319 658 2498 705; x_wconf 89' lang='lat' dir='ltr'><strong>autem</strong></span> <span class='ocrx_word' id='word_1_143' title='bbox 2535 653 2835 720; x_wconf 88' lang='lat' dir='ltr'><strong>prohibitus</strong></span> <span class='ocrx_word' id='word_1_144' title='bbox 2860 656 2977 710; x_wconf 82' lang='lat' dir='ltr'><strong>est?</strong></span> <span class='ocrx_word' id='word_1_145' title='bbox 3001 655 3125 712; x_wconf 86' lang='lat' dir='ltr'><strong>Ideo</strong></span> <span class='ocrx_word' id='word_1_146' title='bbox 3152 661 3281 730; x_wconf 85' lang='lat' dir='ltr'><strong>quia</strong></span> <span class='ocrx_word' id='word_1_147' title='bbox 3322 663 3586 722; x_wconf 81' lang='lat' dir='ltr'><strong>Dominus</strong></span> 
     </span>
    </p>
   </div>
   <div class='ocr_carea' id='block_1_19' title="bbox 2013 734 3589 815">
    <p class='ocr_par' dir='ltr' id='par_1_19' title="bbox 2013 734 3589 815">
     <span class='ocr_line' id='line_1_19' title="bbox 2013 734 3589 815; baseline 0.012 -23"><span class='ocrx_word' id='word_1_148' title='bbox 2013 738 2221 815; x_wconf 75' lang='lat' dir='ltr'><strong>sciebat</strong></span> <span class='ocrx_word' id='word_1_149' title='bbox 2252 740 2529 808; x_wconf 86' lang='lat' dir='ltr'><strong>imperitos</strong></span> <span class='ocrx_word' id='word_1_150' title='bbox 2554 744 2733 798; x_wconf 88' lang='lat' dir='ltr'><strong>adhuc</strong></span> <span class='ocrx_word' id='word_1_151' title='bbox 2763 745 3057 815; x_wconf 79' lang='lat' dir='ltr'><strong>ltomanos,</strong></span> <span class='ocrx_word' id='word_1_152' title='bbox 3087 758 3144 805; x_wconf 91' lang='lat' dir='ltr'><strong>et</strong></span> <span class='ocrx_word' id='word_1_153' title='bbox 3174 753 3418 809; x_wconf 87' lang='lat' dir='ltr'><strong>mittebat</strong></span> <span class='ocrx_word' id='word_1_154' title='bbox 3449 734 3589 812; x_wconf 35' lang='lat' dir='ltr'><strong>Paul—</strong></span> 
     </span>
    </p>
   </div>
   <div class='ocr_carea' id='block_1_20' title="bbox 2012 808 3592 915">
    <p class='ocr_par' dir='ltr' id='par_1_20' title="bbox 2012 808 3592 915">
     <span class='ocr_line' id='line_1_20' title="bbox 2012 808 3592 915; baseline 0.013 -35"><span class='ocrx_word' id='word_1_155' title='bbox 2012 827 2121 882; x_wconf 83' lang='lat' dir='ltr'><strong>lum</strong></span> <span class='ocrx_word' id='word_1_156' title='bbox 2152 808 2229 884; x_wconf 75' lang='lat' dir='ltr'><strong>ad</strong></span> <span class='ocrx_word' id='word_1_157' title='bbox 2249 830 2405 895; x_wconf 89' lang='lat' dir='ltr'><strong>alios,</strong></span> <span class='ocrx_word' id='word_1_158' title='bbox 2432 841 2490 885; x_wconf 86' lang='lat' dir='ltr'><strong>ut</strong></span> <span class='ocrx_word' id='word_1_159' title='bbox 2516 833 2734 889; x_wconf 87' lang='lat' dir='ltr'><strong>interim</strong></span> <span class='ocrx_word' id='word_1_160' title='bbox 2763 839 3082 906; x_wconf 85' lang='lat' dir='ltr'><strong>paratiores.</strong></span> <span class='ocrx_word' id='word_1_161' title='bbox 3115 839 3181 894; x_wconf 87' lang='lat' dir='ltr'><strong>Ut</strong></span> <span class='ocrx_word' id='word_1_162' title='bbox 3217 841 3445 915; x_wconf 82' lang='lat' dir='ltr'><strong>aliquem</strong></span> <span class='ocrx_word' id='word_1_163' title='bbox 3475 845 3592 914; x_wconf 76' lang='lat' dir='ltr'><strong>fru-</strong></span> 
     </span>
    </p>
   </div>
   <div class='ocr_carea' id='block_1_21' title="bbox 2011 922 3591 991">
    <p class='ocr_par' dir='ltr' id='par_1_21' title="bbox 2011 922 3591 991">
     <span class='ocr_line' id='line_1_21' title="bbox 2011 922 3591 991; baseline 0.011 -17"><span class='ocrx_word' id='word_1_164' title='bbox 2011 930 2151 974; x_wconf 82' lang='lat' dir='ltr'><strong>ctum</strong></span> <span class='ocrx_word' id='word_1_165' title='bbox 2174 922 2391 976; x_wconf 76' lang='lat' dir='ltr'><strong>habeant</strong></span> <span class='ocrx_word' id='word_1_166' title='bbox 2419 924 2473 977; x_wconf 89' lang='lat' dir='ltr'><strong>in</strong></span> <span class='ocrx_word' id='word_1_167' title='bbox 2503 925 2660 980; x_wconf 73' lang='lat' dir='ltr'><strong>nobis.</strong></span> <span class='ocrx_word' id='word_1_168' title='bbox 2691 926 2841 983; x_wconf 88' lang='lat' dir='ltr'><strong>Unde</strong></span> <span class='ocrx_word' id='word_1_169' title='bbox 2866 930 3011 984; x_wconf 85' lang='lat' dir='ltr'><strong>velut</strong></span> <span class='ocrx_word' id='word_1_170' title='bbox 3049 933 3341 990; x_wconf 87' lang='lat' dir='ltr'><strong>multarum</strong></span> <span class='ocrx_word' id='word_1_171' title='bbox 3377 936 3591 991; x_wconf 89' lang='lat' dir='ltr'><strong>divitia-</strong></span> 
     </span>
    </p>
   </div>
   <div class='ocr_carea' id='block_1_22' title="bbox 2012 1012 3584 1089">
    <p class='ocr_par' dir='ltr' id='par_1_22' title="bbox 2012 1012 3584 1089">
     <span class='ocr_line' id='line_1_22' title="bbox 2012 1012 3584 1089; baseline 0.011 -26"><span class='ocrx_word' id='word_1_172' title='bbox 2012 1025 2133 1064; x_wconf 90' lang='lat' dir='ltr'><strong>rum</strong></span> <span class='ocrx_word' id='word_1_173' title='bbox 2173 1012 2397 1081; x_wconf 90' lang='lat' dir='ltr'><strong>cupidus</strong></span> <span class='ocrx_word' id='word_1_174' title='bbox 2424 1013 2646 1079; x_wconf 84' lang='lat' dir='ltr'><strong>Paulus,</strong></span> <span class='ocrx_word' id='word_1_175' title='bbox 2680 1028 2970 1089; x_wconf 79' lang='lat' dir='ltr'><strong>congregat</strong></span> <span class='ocrx_word' id='word_1_176' title='bbox 3014 1020 3221 1078; x_wconf 79' lang='lat' dir='ltr'><strong>fructus</strong></span> <span class='ocrx_word' id='word_1_177' title='bbox 3258 1041 3324 1079; x_wconf 78' lang='lat' dir='ltr'><strong>ex</strong></span> <span class='ocrx_word' id='word_1_178' title='bbox 3360 1024 3584 1089; x_wconf 72' lang='lat' dir='ltr'><strong>Grteeis,</strong></span> 
     </span>
    </p>
   </div>
   <div class='ocr_carea' id='block_1_23' title="bbox 2011 1105 3589 1174">
    <p class='ocr_par' dir='ltr' id='par_1_23' title="bbox 2011 1105 3589 1174">
     <span class='ocr_line' id='line_1_23' title="bbox 2011 1105 3589 1174; baseline 0.01 -17"><span class='ocrx_word' id='word_1_179' title='bbox 2011 1112 2303 1174; x_wconf 79' lang='lat' dir='ltr'><strong>congregat</strong></span> <span class='ocrx_word' id='word_1_180' title='bbox 2338 1120 2403 1159; x_wconf 82' lang='lat' dir='ltr'><strong>ex</strong></span> <span class='ocrx_word' id='word_1_181' title='bbox 2434 1105 2703 1171; x_wconf 85' lang='lat' dir='ltr'><strong>barbaris,</strong></span> <span class='ocrx_word' id='word_1_182' title='bbox 2736 1117 2840 1163; x_wconf 89' lang='lat' dir='ltr'><strong>etc.</strong></span> <span class='ocrx_word' id='word_1_183' title='bbox 2871 1107 3073 1165; x_wconf 84' lang='lat' dir='ltr'><strong>Verum</strong></span> <span class='ocrx_word' id='word_1_184' title='bbox 3104 1113 3203 1168; x_wconf 89' lang='lat' dir='ltr'><strong>bos</strong></span> <span class='ocrx_word' id='word_1_185' title='bbox 3244 1130 3434 1172; x_wconf 86' lang='lat' dir='ltr'><strong>omnes</strong></span> <span class='ocrx_word' id='word_1_186' title='bbox 3477 1116 3589 1172; x_wconf 81' lang='lat' dir='ltr'><strong>fru-</strong></span> 
     </span>
    </p>
   </div>
   <div class='ocr_carea' id='block_1_24' title="bbox 2013 1191 3588 1278">
    <p class='ocr_par' dir='ltr' id='par_1_24' title="bbox 2013 1191 3588 1278">
     <span class='ocr_line' id='line_1_24' title="bbox 2013 1191 3588 1278; baseline 0.011 -32"><span class='ocrx_word' id='word_1_187' title='bbox 2013 1198 2130 1246; x_wconf 89' lang='lat' dir='ltr'><strong>ctus</strong></span> <span class='ocrx_word' id='word_1_188' title='bbox 2157 1191 2313 1248; x_wconf 85' lang='lat' dir='ltr'><strong>aﬁ&#39;ert</strong></span> <span class='ocrx_word' id='word_1_189' title='bbox 2337 1194 2557 1261; x_wconf 88' lang='lat' dir='ltr'><strong>Paulus,</strong></span> <span class='ocrx_word' id='word_1_190' title='bbox 2594 1198 2687 1267; x_wconf 86' lang='lat' dir='ltr'><strong>qui</strong></span> <span class='ocrx_word' id='word_1_191' title='bbox 2718 1206 2973 1269; x_wconf 87' lang='lat' dir='ltr'><strong>tanquam</strong></span> <span class='ocrx_word' id='word_1_192' title='bbox 3006 1202 3215 1269; x_wconf 86' lang='lat' dir='ltr'><strong>palmes</strong></span> <span class='ocrx_word' id='word_1_193' title='bbox 3254 1204 3426 1262; x_wconf 91' lang='lat' dir='ltr'><strong>bonus</strong></span> <span class='ocrx_word' id='word_1_194' title='bbox 3467 1223 3588 1278; x_wconf 89' lang='lat' dir='ltr'><strong>per-</strong></span> 
     </span>
    </p>
   </div>
   <div class='ocr_carea' id='block_1_25' title="bbox 2012 1283 3589 1373">
    <p class='ocr_par' dir='ltr' id='par_1_25' title="bbox 2012 1283 3589 1373">
     <span class='ocr_line' id='line_1_25' title="bbox 2012 1283 3589 1373; baseline 0.012 -39"><span class='ocrx_word' id='word_1_195' title='bbox 2012 1289 2193 1336; x_wconf 86' lang='lat' dir='ltr'><strong>manet</strong></span> <span class='ocrx_word' id='word_1_196' title='bbox 2237 1283 2293 1337; x_wconf 92' lang='lat' dir='ltr'><strong>in</strong></span> <span class='ocrx_word' id='word_1_197' title='bbox 2345 1285 2455 1340; x_wconf 91' lang='lat' dir='ltr'><strong>vite</strong></span> <span class='ocrx_word' id='word_1_198' title='bbox 2495 1301 2647 1353; x_wconf 87' lang='lat' dir='ltr'><strong>vera,</strong></span> <span class='ocrx_word' id='word_1_199' title='bbox 2674 1303 2811 1358; x_wconf 66' lang='lat' dir='ltr'><strong>qua:</strong></span> <span class='ocrx_word' id='word_1_200' title='bbox 2846 1299 2929 1345; x_wconf 89' lang='lat' dir='ltr'><strong>est</strong></span> <span class='ocrx_word' id='word_1_201' title='bbox 2976 1291 3247 1360; x_wconf 88' lang='lat' dir='ltr'><strong>Christus,</strong></span> <span class='ocrx_word' id='word_1_202' title='bbox 3291 1311 3449 1365; x_wconf 85' lang='lat' dir='ltr'><strong>quem</strong></span> <span class='ocrx_word' id='word_1_203' title='bbox 3483 1298 3589 1373; x_wconf 80' lang='lat' dir='ltr'><strong>fre-</strong></span> 
     </span>
    </p>
   </div>
   <div class='ocr_carea' id='block_1_26' title="bbox 2009 1371 3591 1460">
    <p class='ocr_par' dir='ltr' id='par_1_26' title="bbox 2009 1371 3591 1460">
     <span class='ocr_line' id='line_1_26' title="bbox 2009 1371 3591 1460; baseline 0.013 -36"><span class='ocrx_word' id='word_1_204' title='bbox 2009 1371 2266 1440; x_wconf 89' lang='lat' dir='ltr'><strong>quentius</strong></span> <span class='ocrx_word' id='word_1_205' title='bbox 2295 1372 2458 1430; x_wconf 90' lang='lat' dir='ltr'><strong>Pater</strong></span> <span class='ocrx_word' id='word_1_206' title='bbox 2488 1389 2682 1448; x_wconf 85' lang='lat' dir='ltr'><strong>purgat</strong></span> <span class='ocrx_word' id='word_1_207' title='bbox 2708 1380 2961 1450; x_wconf 82' lang='lat' dir='ltr'><strong>agricola,</strong></span> <span class='ocrx_word' id='word_1_208' title='bbox 2993 1392 3050 1437; x_wconf 91' lang='lat' dir='ltr'><strong>ct</strong></span> <span class='ocrx_word' id='word_1_209' title='bbox 3070 1384 3192 1442; x_wconf 87' lang='lat' dir='ltr'><strong>ideo</strong></span> <span class='ocrx_word' id='word_1_210' title='bbox 3218 1386 3448 1444; x_wconf 83' lang='lat' dir='ltr'><strong>fructum</strong></span> <span class='ocrx_word' id='word_1_211' title='bbox 3474 1371 3591 1460; x_wconf 75' lang='lat' dir='ltr'><strong>plu-</strong></span> 
     </span>
    </p>
   </div>
   <div class='ocr_carea' id='block_1_27' title="bbox 2010 1462 3587 1541">
    <p class='ocr_par' dir='ltr' id='par_1_27' title="bbox 2010 1462 3587 1541">
     <span class='ocr_line' id='line_1_27' title="bbox 2010 1462 3587 1541; baseline 0.013 -26"><span class='ocrx_word' id='word_1_212' title='bbox 2010 1462 2208 1517; x_wconf 89' lang='lat' dir='ltr'><strong>rimum</strong></span> <span class='ocrx_word' id='word_1_213' title='bbox 2248 1464 2427 1530; x_wconf 78' lang='lat' dir='ltr'><strong>aﬁ‘ert,</strong></span> <span class='ocrx_word' id='word_1_214' title='bbox 2466 1476 2664 1540; x_wconf 84' lang='lat' dir='ltr'><strong>purgat</strong></span> <span class='ocrx_word' id='word_1_215' title='bbox 2693 1485 2816 1525; x_wconf 90' lang='lat' dir='ltr'><strong>eum</strong></span> <span class='ocrx_word' id='word_1_216' title='bbox 2859 1471 2916 1526; x_wconf 90' lang='lat' dir='ltr'><strong>in</strong></span> <span class='ocrx_word' id='word_1_217' title='bbox 2942 1473 3239 1541; x_wconf 87' lang='lat' dir='ltr'><strong>laboribus,</strong></span> <span class='ocrx_word' id='word_1_218' title='bbox 3266 1477 3321 1533; x_wconf 93' lang='lat' dir='ltr'><strong>in</strong></span> <span class='ocrx_word' id='word_1_219' title='bbox 3358 1480 3587 1535; x_wconf 80' lang='lat' dir='ltr'><strong>tribula-</strong></span> 
     </span>
    </p>
   </div>
   <div class='ocr_carea' id='block_1_28' title="bbox 2013 1553 3583 1640">
    <p class='ocr_par' dir='ltr' id='par_1_28' title="bbox 2013 1553 3583 1640">
     <span class='ocr_line' id='line_1_28' title="bbox 2013 1553 3583 1640; baseline 0.015 -34"><span class='ocrx_word' id='word_1_220' title='bbox 2013 1553 2265 1620; x_wconf 88' lang='lat' dir='ltr'><strong>tionibus,</strong></span> <span class='ocrx_word' id='word_1_221' title='bbox 2292 1556 2345 1610; x_wconf 91' lang='lat' dir='ltr'><strong>in</strong></span> <span class='ocrx_word' id='word_1_222' title='bbox 2366 1560 2853 1626; x_wconf 90' lang='lat' dir='ltr'><strong>persecutionibus.</strong></span> <span class='ocrx_word' id='word_1_223' title='bbox 2870 1562 3009 1618; x_wconf 89' lang='lat' dir='ltr'><strong>Sunt</strong></span> <span class='ocrx_word' id='word_1_224' title='bbox 3032 1568 3176 1622; x_wconf 90' lang='lat' dir='ltr'><strong>enim</strong></span> <span class='ocrx_word' id='word_1_225' title='bbox 3197 1569 3287 1624; x_wconf 90' lang='lat' dir='ltr'><strong>alii</strong></span> <span class='ocrx_word' id='word_1_226' title='bbox 3311 1571 3583 1640; x_wconf 74' lang='lat' dir='ltr'><strong>palmites,</strong></span> 
     </span>
    </p>
   </div>
   <div class='ocr_carea' id='block_1_29' title="bbox 2010 1643 3587 1719">
    <p class='ocr_par' dir='ltr' id='par_1_29' title="bbox 2010 1643 3587 1719">
     <span class='ocr_line' id='line_1_29' title="bbox 2010 1643 3587 1719; baseline 0.015 -23"><span class='ocrx_word' id='word_1_227' title='bbox 2010 1644 2100 1711; x_wconf 86' lang='lat' dir='ltr'><strong>qui</strong></span> <span class='ocrx_word' id='word_1_228' title='bbox 2143 1643 2194 1697; x_wconf 91' lang='lat' dir='ltr'><strong>in</strong></span> <span class='ocrx_word' id='word_1_229' title='bbox 2238 1645 2347 1700; x_wconf 90' lang='lat' dir='ltr'><strong>vite</strong></span> <span class='ocrx_word' id='word_1_230' title='bbox 2390 1647 2608 1715; x_wconf 86' lang='lat' dir='ltr'><strong>quidem</strong></span> <span class='ocrx_word' id='word_1_231' title='bbox 2652 1660 3005 1719; x_wconf 86' lang='lat' dir='ltr'><strong>permanent,</strong></span> <span class='ocrx_word' id='word_1_232' title='bbox 3050 1654 3285 1713; x_wconf 81' lang='lat' dir='ltr'><strong>fructum</strong></span> <span class='ocrx_word' id='word_1_233' title='bbox 3320 1677 3448 1717; x_wconf 86' lang='lat' dir='ltr'><strong>vero</strong></span> <span class='ocrx_word' id='word_1_234' title='bbox 3478 1680 3587 1719; x_wconf 84' lang='lat' dir='ltr'><strong>non</strong></span> 
     </span>
    </p>
   </div>
   <div class='ocr_carea' id='block_1_30' title="bbox 2012 1731 3587 1825">
    <p class='ocr_par' dir='ltr' id='par_1_30' title="bbox 2012 1731 3587 1825">
     <span class='ocr_line' id='line_1_30' title="bbox 2012 1731 3587 1825; baseline 0.018 -41"><span class='ocrx_word' id='word_1_235' title='bbox 2012 1731 2210 1819; x_wconf 81' lang='lat' dir='ltr'><strong>ferunt,</strong></span> <span class='ocrx_word' id='word_1_236' title='bbox 2238 1735 2331 1789; x_wconf 87' lang='lat' dir='ltr'><strong>sed</strong></span> <span class='ocrx_word' id='word_1_237' title='bbox 2358 1745 2486 1791; x_wconf 89' lang='lat' dir='ltr'><strong>sunt</strong></span> <span class='ocrx_word' id='word_1_238' title='bbox 2506 1738 2666 1805; x_wconf 89' lang='lat' dir='ltr'><strong>aridi,</strong></span> <span class='ocrx_word' id='word_1_239' title='bbox 2696 1741 2788 1810; x_wconf 90' lang='lat' dir='ltr'><strong>qui</strong></span> <span class='ocrx_word' id='word_1_240' title='bbox 2812 1742 3065 1799; x_wconf 90' lang='lat' dir='ltr'><strong>dicuntur</strong></span> <span class='ocrx_word' id='word_1_241' title='bbox 3088 1761 3119 1800; x_wconf 87' lang='lat' dir='ltr'><strong>a</strong></span> <span class='ocrx_word' id='word_1_242' title='bbox 3143 1747 3303 1805; x_wconf 84' lang='lat' dir='ltr'><strong>Patre</strong></span> <span class='ocrx_word' id='word_1_243' title='bbox 3328 1751 3382 1807; x_wconf 90' lang='lat' dir='ltr'><strong>in</strong></span> <span class='ocrx_word' id='word_1_244' title='bbox 3406 1754 3587 1825; x_wconf 82' lang='lat' dir='ltr'><strong>ignem</strong></span> 
     </span>
    </p>
   </div>
   <div class='ocr_carea' id='block_1_31' title="bbox 323 1815 3590 1911">
    <p class='ocr_par' dir='ltr' id='par_1_31' title="bbox 323 1815 3590 1911">
     <span class='ocr_line' id='line_1_31' title="bbox 323 1815 3590 1911; baseline 0.011 -42"><span class='ocrx_word' id='word_1_245' title='bbox 323 1835 448 1891; x_wconf 65' lang='grc' dir='ltr'>ἀειξε</span> <span class='ocrx_word' id='word_1_246' title='bbox 474 1815 645 1907; x_wconf 49' lang='lat' dir='ltr'><strong>spanis</strong></span> <span class='ocrx_word' id='word_1_247' title='bbox 686 1838 949 1894; x_wconf 67' lang='grc' dir='ltr'><strong>νίηυιιηη</strong></span> <span class='ocrx_word' id='word_1_248' title='bbox 995 1854 1115 1909; x_wconf 55' lang='grc' dir='ltr'><strong>φη</strong></span> <span class='ocrx_word' id='word_1_249' title='bbox 1159 1815 1331 1911; x_wconf 49' lang='lat' dir='ltr'><strong>magis</strong></span> <span class='ocrx_word' id='word_1_250' title='bbox 1359 1815 1734 1898; x_wconf 57' lang='grc' dir='ltr'><strong>θυοσοίιειαιεη,</strong></span> <span class='ocrx_word' id='word_1_251' title='bbox 1778 1842 1908 1896; x_wconf 57' lang='lat' dir='ltr'><strong>dum</strong></span> <span class='ocrx_word' id='word_1_252' title='bbox 1936 1818 1982 1876; x_wconf 95' lang='lat' dir='ltr'><strong>B</strong></span> <span class='ocrx_word' id='word_1_253' title='bbox 2011 1815 2171 1877; x_wconf 86' lang='lat' dir='ltr'><strong>mitti.</strong></span> <span class='ocrx_word' id='word_1_254' title='bbox 2200 1822 2459 1880; x_wconf 79' lang='lat' dir='ltr'><strong>Fructum</strong></span> <span class='ocrx_word' id='word_1_255' title='bbox 2487 1828 2650 1896; x_wconf 90' lang='lat' dir='ltr'><strong>dicit,</strong></span> <span class='ocrx_word' id='word_1_256' title='bbox 2687 1831 2975 1889; x_wconf 86' lang='lat' dir='ltr'><strong>ministerii</strong></span> <span class='ocrx_word' id='word_1_257' title='bbox 3003 1837 3087 1892; x_wconf 88' lang='lat' dir='ltr'><strong>sui</strong></span> <span class='ocrx_word' id='word_1_258' title='bbox 3129 1840 3404 1899; x_wconf 70' lang='lat' dir='ltr'><strong>caelestem</strong></span> <span class='ocrx_word' id='word_1_259' title='bbox 3425 1815 3590 1904; x_wconf 47' lang='lat' dir='ltr'><strong>vlner-</strong></span> 
     </span>
    </p>
   </div>
   <div class='ocr_carea' id='block_1_32' title="bbox 324 1926 1910 2002">
    <p class='ocr_par' dir='ltr' id='par_1_32' title="bbox 324 1926 1910 2002">
     <span class='ocr_line' id='line_1_32' title="bbox 324 1926 1910 2002; baseline 0.004 -23"><span class='ocrx_word' id='word_1_260' title='bbox 324 1926 508 1995; x_wconf 78' lang='lat' dir='ltr'><strong>signis.</strong></span> <span class='ocrx_word' id='word_1_261' title='bbox 531 1926 672 1981; x_wconf 89' lang='lat' dir='ltr'><strong>Cum</strong></span> <span class='ocrx_word' id='word_1_262' title='bbox 704 1938 886 1983; x_wconf 90' lang='lat' dir='ltr'><strong>autem</strong></span> <span class='ocrx_word' id='word_1_263' title='bbox 919 1929 1089 1985; x_wconf 89' lang='lat' dir='ltr'><strong>dicit:</strong></span> <span class='ocrx_word' id='word_1_264' title='bbox 1119 1928 1188 1983; x_wconf 85' lang='lat' dir='ltr'><strong>Ut</strong></span> <span class='ocrx_word' id='word_1_265' title='bbox 1226 1930 1452 2001; x_wconf 81' lang='lat' dir='ltr'><strong>gratiam</strong></span> <span class='ocrx_word' id='word_1_266' title='bbox 1492 1932 1632 1985; x_wconf 79' lang='lat' dir='ltr'><strong>vobis</strong></span> <span class='ocrx_word' id='word_1_267' title='bbox 1660 1931 1910 2002; x_wconf 85' lang='lat' dir='ltr'><strong>spiritua-</strong></span> 
     </span>
    </p>
   </div>
   <div class='ocr_carea' id='block_1_33' title="bbox 323 2014 1908 2079">
    <p class='ocr_par' dir='ltr' id='par_1_33' title="bbox 323 2014 1908 2079">
     <span class='ocr_line' id='line_1_33' title="bbox 323 2014 1908 2079; baseline 0.006 -12"><span class='ocrx_word' id='word_1_268' title='bbox 323 2014 420 2069; x_wconf 77' lang='lat' dir='ltr'><strong>leus</strong></span> <span class='ocrx_word' id='word_1_269' title='bbox 464 2017 779 2073; x_wconf 76' lang='lat' dir='ltr'><strong>ininistrcm.</strong></span> <span class='ocrx_word' id='word_1_270' title='bbox 806 2018 1094 2076; x_wconf 86' lang='lat' dir='ltr'><strong>Camalem</strong></span> <span class='ocrx_word' id='word_1_271' title='bbox 1135 2021 1257 2076; x_wconf 92' lang='lat' dir='ltr'><strong>illos</strong></span> <span class='ocrx_word' id='word_1_272' title='bbox 1281 2036 1499 2076; x_wconf 88' lang='lat' dir='ltr'><strong>sensum</strong></span> <span class='ocrx_word' id='word_1_273' title='bbox 1529 2029 1806 2078; x_wconf 81' lang='lat' dir='ltr'><strong>assecutus</strong></span> <span class='ocrx_word' id='word_1_274' title='bbox 1836 2023 1908 2079; x_wconf 86' lang='lat' dir='ltr'><strong>si—</strong></span> 
     </span>
    </p>
   </div>
   <div class='ocr_carea' id='block_1_34' title="bbox 323 2105 1910 2181">
    <p class='ocr_par' dir='ltr' id='par_1_34' title="bbox 323 2105 1910 2181">
     <span class='ocr_line' id='line_1_34' title="bbox 323 2105 1910 2181; baseline 0.004 -23"><span class='ocrx_word' id='word_1_275' title='bbox 323 2105 567 2174; x_wconf 84' lang='lat' dir='ltr'><strong>gniﬁcat,</strong></span> <span class='ocrx_word' id='word_1_276' title='bbox 595 2108 725 2178; x_wconf 88' lang='lat' dir='ltr'><strong>quia</strong></span> <span class='ocrx_word' id='word_1_277' title='bbox 750 2109 852 2163; x_wconf 91' lang='lat' dir='ltr'><strong>sub</strong></span> <span class='ocrx_word' id='word_1_278' title='bbox 883 2111 1098 2164; x_wconf 87' lang='lat' dir='ltr'><strong>nomine</strong></span> <span class='ocrx_word' id='word_1_279' title='bbox 1122 2110 1326 2166; x_wconf 88' lang='lat' dir='ltr'><strong>Christi</strong></span> <span class='ocrx_word' id='word_1_280' title='bbox 1356 2127 1461 2165; x_wconf 91' lang='lat' dir='ltr'><strong>non</strong></span> <span class='ocrx_word' id='word_1_281' title='bbox 1492 2111 1579 2166; x_wconf 87' lang='lat' dir='ltr'><strong>illa</strong></span> <span class='ocrx_word' id='word_1_282' title='bbox 1606 2127 1725 2181; x_wconf 75' lang='lat' dir='ltr'><strong>qua:</strong></span> <span class='ocrx_word' id='word_1_283' title='bbox 1753 2111 1910 2167; x_wconf 89' lang='lat' dir='ltr'><strong>Chri-</strong></span> 
     </span>
    </p>
   </div>
   <div class='ocr_carea' id='block_1_35' title="bbox 320 2195 1911 2271">
    <p class='ocr_par' dir='ltr' id='par_1_35' title="bbox 320 2195 1911 2271">
     <span class='ocr_line' id='line_1_35' title="bbox 320 2195 1911 2271; baseline 0.006 -24"><span class='ocrx_word' id='word_1_284' title='bbox 320 2205 436 2250; x_wconf 82' lang='lat' dir='ltr'><strong>stus</strong></span> <span class='ocrx_word' id='word_1_285' title='bbox 462 2195 727 2252; x_wconf 85' lang='lat' dir='ltr'><strong>docuerat</strong></span> <span class='ocrx_word' id='word_1_286' title='bbox 769 2197 987 2253; x_wconf 76' lang='lat' dir='ltr'><strong>fuerant</strong></span> <span class='ocrx_word' id='word_1_287' title='bbox 1020 2201 1278 2265; x_wconf 87' lang='lat' dir='ltr'><strong>assecuti,</strong></span> <span class='ocrx_word' id='word_1_288' title='bbox 1309 2201 1403 2256; x_wconf 84' lang='lat' dir='ltr'><strong>sed</strong></span> <span class='ocrx_word' id='word_1_289' title='bbox 1438 2208 1501 2256; x_wconf 81' lang='lat' dir='ltr'><strong>ea</strong></span> <span class='ocrx_word' id='word_1_290' title='bbox 1543 2218 1663 2271; x_wconf 75' lang='lat' dir='ltr'><strong>qua:</strong></span> <span class='ocrx_word' id='word_1_291' title='bbox 1696 2200 1911 2257; x_wconf 81' lang='lat' dir='ltr'><strong>fuerant</strong></span> 
     </span>
    </p>
   </div>
   <div class='ocr_carea' id='block_1_36' title="bbox 322 2280 1907 2358">
    <p class='ocr_par' dir='ltr' id='par_1_36' title="bbox 322 2280 1907 2358">
     <span class='ocr_line' id='line_1_36' title="bbox 322 2280 1907 2358; baseline 0.008 -24"><span class='ocrx_word' id='word_1_292' title='bbox 322 2280 520 2340; x_wconf 66' lang='lat' dir='ltr'><strong>Judaais</strong></span> <span class='ocrx_word' id='word_1_293' title='bbox 565 2287 785 2342; x_wconf 85' lang='lat' dir='ltr'><strong>tradita.</strong></span> <span class='ocrx_word' id='word_1_294' title='bbox 838 2288 913 2341; x_wconf 72' lang='lat' dir='ltr'><strong>4d</strong></span> <span class='ocrx_word' id='word_1_295' title='bbox 957 2289 1347 2358; x_wconf 79' lang='lat' dir='ltr'><strong>conﬁrmandos</strong></span> <span class='ocrx_word' id='word_1_296' title='bbox 1392 2308 1497 2346; x_wconf 84' lang='lat' dir='ltr'><strong>ros.</strong></span> <span class='ocrx_word' id='word_1_297' title='bbox 1545 2291 1671 2347; x_wconf 74' lang='lat' dir='ltr'><strong>[huc</strong></span> <span class='ocrx_word' id='word_1_298' title='bbox 1705 2291 1907 2347; x_wconf 84' lang='lat' dir='ltr'><strong>conﬁr-</strong></span> 
     </span>
    </p>
   </div>
   <div class='ocr_carea' id='block_1_37' title="bbox 324 2377 1910 2450">
    <p class='ocr_par' dir='ltr' id='par_1_37' title="bbox 324 2377 1910 2450">
     <span class='ocr_line' id='line_1_37' title="bbox 324 2377 1910 2450; baseline 0.005 -20"><span class='ocrx_word' id='word_1_299' title='bbox 324 2377 487 2431; x_wconf 81' lang='lat' dir='ltr'><strong>matio</strong></span> <span class='ocrx_word' id='word_1_300' title='bbox 520 2384 632 2431; x_wconf 89' lang='lat' dir='ltr'><strong>tres</strong></span> <span class='ocrx_word' id='word_1_301' title='bbox 678 2392 945 2447; x_wconf 89' lang='lat' dir='ltr'><strong>personas</strong></span> <span class='ocrx_word' id='word_1_302' title='bbox 976 2380 1204 2448; x_wconf 88' lang='lat' dir='ltr'><strong>requirit</strong></span> <span class='ocrx_word' id='word_1_303' title='bbox 1237 2398 1250 2433; x_wconf 90' lang='lat'><strong>:</strong></span> <span class='ocrx_word' id='word_1_304' title='bbox 1293 2380 1599 2450; x_wconf 87' lang='lat' dir='ltr'><strong>adjuvantis</strong></span> <span class='ocrx_word' id='word_1_305' title='bbox 1642 2381 1770 2449; x_wconf 88' lang='lat' dir='ltr'><strong>Dei,</strong></span> <span class='ocrx_word' id='word_1_306' title='bbox 1811 2383 1910 2438; x_wconf 87' lang='lat' dir='ltr'><strong>mi-</strong></span> 
     </span>
    </p>
   </div>
   <div class='ocr_carea' id='block_1_38' title="bbox 324 2466 1908 2540">
    <p class='ocr_par' dir='ltr' id='par_1_38' title="bbox 324 2466 1908 2540">
     <span class='ocr_line' id='line_1_38' title="bbox 324 2466 1908 2540; baseline 0.006 -21"><span class='ocrx_word' id='word_1_307' title='bbox 324 2466 606 2521; x_wconf 88' lang='lat' dir='ltr'><strong>nistrantis</strong></span> <span class='ocrx_word' id='word_1_308' title='bbox 656 2467 936 2535; x_wconf 89' lang='lat' dir='ltr'><strong>apostoli,</strong></span> <span class='ocrx_word' id='word_1_309' title='bbox 989 2468 1305 2540; x_wconf 86' lang='lat' dir='ltr'><strong>accipientis</strong></span> <span class='ocrx_word' id='word_1_310' title='bbox 1358 2470 1561 2540; x_wconf 87' lang='lat' dir='ltr'><strong>populi.</strong></span> <span class='ocrx_word' id='word_1_311' title='bbox 1626 2472 1908 2528; x_wconf 85' lang='lat' dir='ltr'><strong>Consolari</strong></span> 
     </span>
    </p>
   </div>
   <div class='ocr_carea' id='block_1_39' title="bbox 322 2558 1907 2633">
    <p class='ocr_par' dir='ltr' id='par_1_39' title="bbox 322 2558 1907 2633">
     <span class='ocr_line' id='line_1_39' title="bbox 322 2558 1907 2633; baseline 0.004 -21"><span class='ocrx_word' id='word_1_312' title='bbox 322 2567 497 2613; x_wconf 78' lang='lat' dir='ltr'><strong>autem</strong></span> <span class='ocrx_word' id='word_1_313' title='bbox 537 2573 600 2614; x_wconf 89' lang='lat' dir='ltr'><strong>se</strong></span> <span class='ocrx_word' id='word_1_314' title='bbox 654 2558 788 2614; x_wconf 83' lang='lat' dir='ltr'><strong>dicit</strong></span> <span class='ocrx_word' id='word_1_315' title='bbox 836 2574 961 2615; x_wconf 90' lang='lat' dir='ltr'><strong>cum</strong></span> <span class='ocrx_word' id='word_1_316' title='bbox 1009 2559 1149 2626; x_wconf 91' lang='lat' dir='ltr'><strong>illis,</strong></span> <span class='ocrx_word' id='word_1_317' title='bbox 1199 2559 1247 2615; x_wconf 89' lang='lat' dir='ltr'><strong>si</strong></span> <span class='ocrx_word' id='word_1_318' title='bbox 1292 2561 1698 2631; x_wconf 83' lang='lat' dir='ltr'><strong>apprehendant</strong></span> <span class='ocrx_word' id='word_1_319' title='bbox 1746 2563 1907 2633; x_wconf 89' lang='lat' dir='ltr'><strong>spiri-</strong></span> 
     </span>
    </p>
   </div>
   <div class='ocr_carea' id='block_1_40' title="bbox 325 2648 508 2703">
    <p class='ocr_par' dir='ltr' id='par_1_40' title="bbox 325 2648 508 2703">
     <span class='ocr_line' id='line_1_40' title="bbox 325 2648 508 2703; baseline 0.011 -2"><span class='ocrx_word' id='word_1_320' title='bbox 325 2648 508 2703; x_wconf 85' lang='lat' dir='ltr'><strong>tualia.</strong></span> 
     </span>
    </p>
   </div>
   <div class='ocr_carea' id='block_1_41' title="bbox 392 2736 1909 2817">
    <p class='ocr_par' dir='ltr' id='par_1_41' title="bbox 392 2736 1909 2817">
     <span class='ocr_line' id='line_1_41' title="bbox 392 2736 1909 2817; baseline 0.007 -26"><span class='ocrx_word' id='word_1_321' title='bbox 392 2736 499 2793; x_wconf 88' lang='lat' dir='ltr'><strong>Per</strong></span> <span class='ocrx_word' id='word_1_322' title='bbox 522 2757 643 2795; x_wconf 79' lang='lat' dir='ltr'><strong>eam</strong></span> <span class='ocrx_word' id='word_1_323' title='bbox 669 2757 788 2811; x_wconf 79' lang='lat' dir='ltr'><strong>qua:</strong></span> <span class='ocrx_word' id='word_1_324' title='bbox 831 2741 1049 2796; x_wconf 85' lang='lat' dir='ltr'><strong>invicem</strong></span> <span class='ocrx_word' id='word_1_325' title='bbox 1078 2751 1152 2797; x_wconf 86' lang='lat' dir='ltr'><strong>est</strong></span> <span class='ocrx_word' id='word_1_326' title='bbox 1195 2742 1375 2811; x_wconf 84' lang='lat' dir='ltr'><strong>ﬁdem.</strong></span> <span class='ocrx_word' id='word_1_327' title='bbox 1419 2742 1532 2799; x_wconf 81' lang='lat' dir='ltr'><strong>Hoc</strong></span> <span class='ocrx_word' id='word_1_328' title='bbox 1576 2753 1682 2811; x_wconf 84' lang='lat' dir='ltr'><strong>est,</strong></span> <span class='ocrx_word' id='word_1_329' title='bbox 1711 2755 1771 2799; x_wconf 93' lang='lat' dir='ltr'><strong>ut</strong></span> <span class='ocrx_word' id='word_1_330' title='bbox 1812 2762 1909 2817; x_wconf 85' lang='lat' dir='ltr'><strong>per</strong></span> 
     </span>
    </p>
   </div>
   <div class='ocr_carea' id='block_1_42' title="bbox 325 2832 1906 2906">
    <p class='ocr_par' dir='ltr' id='par_1_42' title="bbox 325 2832 1906 2906">
     <span class='ocr_line' id='line_1_42' title="bbox 325 2832 1906 2906; baseline 0.006 -22"><span class='ocrx_word' id='word_1_331' title='bbox 325 2846 665 2887; x_wconf 75' lang='lat' dir='ltr'><strong>communem</strong></span> <span class='ocrx_word' id='word_1_332' title='bbox 695 2832 855 2887; x_wconf 88' lang='lat' dir='ltr'><strong>ﬁdem</strong></span> <span class='ocrx_word' id='word_1_333' title='bbox 887 2833 1119 2889; x_wconf 85' lang='lat' dir='ltr'><strong>invicem</strong></span> <span class='ocrx_word' id='word_1_334' title='bbox 1144 2836 1506 2892; x_wconf 90' lang='lat' dir='ltr'><strong>consolemur.</strong></span> <span class='ocrx_word' id='word_1_335' title='bbox 1540 2838 1691 2906; x_wconf 82' lang='lat' dir='ltr'><strong>Quod</strong></span> <span class='ocrx_word' id='word_1_336' title='bbox 1726 2847 1906 2895; x_wconf 87' lang='lat' dir='ltr'><strong>autem</strong></span> 
     </span>
    </p>
   </div>
   <div class='ocr_carea' id='block_1_43' title="bbox 323 2920 1909 2999">
    <p class='ocr_par' dir='ltr' id='par_1_43' title="bbox 323 2920 1909 2999">
     <span class='ocr_line' id='line_1_43' title="bbox 323 2920 1909 2999; baseline 0.008 -25"><span class='ocrx_word' id='word_1_337' title='bbox 323 2920 451 2975; x_wconf 85' lang='lat' dir='ltr'><strong>dicit</strong></span> <span class='ocrx_word' id='word_1_338' title='bbox 476 2940 490 2974; x_wconf 89' lang='lat'><strong>:</strong></span> <span class='ocrx_word' id='word_1_339' title='bbox 526 2920 593 2975; x_wconf 88' lang='lat' dir='ltr'><strong>Ut</strong></span> <span class='ocrx_word' id='word_1_340' title='bbox 635 2921 853 2994; x_wconf 76' lang='lat' dir='ltr'><strong>aliquod</strong></span> <span class='ocrx_word' id='word_1_341' title='bbox 879 2924 1088 2978; x_wconf 90' lang='lat' dir='ltr'><strong>tradam</strong></span> <span class='ocrx_word' id='word_1_342' title='bbox 1114 2926 1254 2981; x_wconf 83' lang='lat' dir='ltr'><strong>vobis</strong></span> <span class='ocrx_word' id='word_1_343' title='bbox 1279 2927 1475 2982; x_wconf 84' lang='lat' dir='ltr'><strong>donum</strong></span> <span class='ocrx_word' id='word_1_344' title='bbox 1503 2930 1801 2999; x_wconf 85' lang='lat' dir='ltr'><strong>spirituale,</strong></span> <span class='ocrx_word' id='word_1_345' title='bbox 1830 2931 1909 2986; x_wconf 88' lang='lat' dir='ltr'><strong>vi-</strong></span> 
     </span>
    </p>
   </div>
   <div class='ocr_carea' id='block_1_44' title="bbox 321 3008 1906 3089">
    <p class='ocr_par' dir='ltr' id='par_1_44' title="bbox 321 3008 1906 3089">
     <span class='ocr_line' id='line_1_44' title="bbox 321 3008 1906 3089; baseline 0.008 -26"><span class='ocrx_word' id='word_1_346' title='bbox 321 3008 478 3065; x_wconf 83' lang='lat' dir='ltr'><strong>detur</strong></span> <span class='ocrx_word' id='word_1_347' title='bbox 504 3012 749 3067; x_wconf 89' lang='lat' dir='ltr'><strong>indicare</strong></span> <span class='ocrx_word' id='word_1_348' title='bbox 778 3028 900 3068; x_wconf 89' lang='lat' dir='ltr'><strong>esse</strong></span> <span class='ocrx_word' id='word_1_349' title='bbox 925 3014 1130 3084; x_wconf 90' lang='lat' dir='ltr'><strong>aliquid</strong></span> <span class='ocrx_word' id='word_1_350' title='bbox 1158 3016 1302 3086; x_wconf 90' lang='lat' dir='ltr'><strong>quod</strong></span> <span class='ocrx_word' id='word_1_351' title='bbox 1328 3018 1527 3073; x_wconf 88' lang='lat' dir='ltr'><strong>donum</strong></span> <span class='ocrx_word' id='word_1_352' title='bbox 1571 3020 1785 3089; x_wconf 88' lang='lat' dir='ltr'><strong>quidem</strong></span> <span class='ocrx_word' id='word_1_353' title='bbox 1816 3021 1906 3086; x_wconf 89' lang='lat' dir='ltr'><strong>sit,</strong></span> 
     </span>
    </p>
   </div>
   <div class='ocr_carea' id='block_1_45' title="bbox 324 3104 1907 3177">
    <p class='ocr_par' dir='ltr' id='par_1_45' title="bbox 324 3104 1907 3177">
     <span class='ocr_line' id='line_1_45' title="bbox 324 3104 1907 3177; baseline 0.008 -22"><span class='ocrx_word' id='word_1_354' title='bbox 324 3117 425 3155; x_wconf 90' lang='lat' dir='ltr'><strong>non</strong></span> <span class='ocrx_word' id='word_1_355' title='bbox 448 3110 629 3158; x_wconf 88' lang='lat' dir='ltr'><strong>tamen</strong></span> <span class='ocrx_word' id='word_1_356' title='bbox 658 3104 963 3173; x_wconf 88' lang='lat' dir='ltr'><strong>spirituale,</strong></span> <span class='ocrx_word' id='word_1_357' title='bbox 986 3115 1044 3161; x_wconf 89' lang='lat' dir='ltr'><strong>ut</strong></span> <span class='ocrx_word' id='word_1_358' title='bbox 1076 3108 1297 3177; x_wconf 68' lang='lat' dir='ltr'><strong>nuptite,</strong></span> <span class='ocrx_word' id='word_1_359' title='bbox 1320 3108 1540 3176; x_wconf 68' lang='lat' dir='ltr'><strong>divitim,</strong></span> <span class='ocrx_word' id='word_1_360' title='bbox 1568 3119 1622 3164; x_wconf 92' lang='lat' dir='ltr'><strong>et</strong></span> <span class='ocrx_word' id='word_1_361' title='bbox 1646 3110 1907 3167; x_wconf 77' lang='lat' dir='ltr'><strong>fortitudo</strong></span> 
     </span>
    </p>
   </div>
   <div class='ocr_carea' id='block_1_46' title="bbox 319 3193 1907 3270">
    <p class='ocr_par' dir='ltr' id='par_1_46' title="bbox 319 3193 1907 3270">
     <span class='ocr_line' id='line_1_46' title="bbox 319 3193 1907 3270; baseline 0.006 -22"><span class='ocrx_word' id='word_1_362' title='bbox 319 3194 582 3264; x_wconf 78' lang='lat' dir='ltr'><strong>corporis,</strong></span> <span class='ocrx_word' id='word_1_363' title='bbox 626 3205 684 3250; x_wconf 91' lang='lat' dir='ltr'><strong>et</strong></span> <span class='ocrx_word' id='word_1_364' title='bbox 711 3193 1131 3263; x_wconf 72' lang='lat' dir='ltr'><strong>foranue‘deror,</strong></span> <span class='ocrx_word' id='word_1_365' title='bbox 1180 3214 1513 3270; x_wconf 77' lang='lat' dir='ltr'><strong>regnumque</strong></span> <span class='ocrx_word' id='word_1_366' title='bbox 1555 3209 1841 3258; x_wconf 86' lang='lat' dir='ltr'><strong>terrestre:</strong></span> <span class='ocrx_word' id='word_1_367' title='bbox 1874 3218 1907 3257; x_wconf 91' lang='lat' dir='ltr'><strong>a</strong></span> 
     </span>
    </p>
   </div>
   <div class='ocr_carea' id='block_1_47' title="bbox 321 3283 1913 3364">
    <p class='ocr_par' dir='ltr' id='par_1_47' title="bbox 321 3283 1913 3364">
     <span class='ocr_line' id='line_1_47' title="bbox 321 3283 1913 3364; baseline 0.007 -26"><span class='ocrx_word' id='word_1_368' title='bbox 321 3283 431 3339; x_wconf 83' lang='lat' dir='ltr'><strong>Deo</strong></span> <span class='ocrx_word' id='word_1_369' title='bbox 465 3286 615 3340; x_wconf 87' lang='lat' dir='ltr'><strong>enim</strong></span> <span class='ocrx_word' id='word_1_370' title='bbox 658 3288 824 3342; x_wconf 89' lang='lat' dir='ltr'><strong>etiam</strong></span> <span class='ocrx_word' id='word_1_371' title='bbox 855 3288 970 3342; x_wconf 60' lang='lat' dir='ltr'><strong>hare</strong></span> <span class='ocrx_word' id='word_1_372' title='bbox 997 3288 1286 3344; x_wconf 89' lang='lat' dir='ltr'><strong>donantur.</strong></span> <span class='ocrx_word' id='word_1_373' title='bbox 1315 3289 1470 3346; x_wconf 86' lang='lat' dir='ltr'><strong>Beati</strong></span> <span class='ocrx_word' id='word_1_374' title='bbox 1513 3300 1645 3347; x_wconf 89' lang='lat' dir='ltr'><strong>sunt</strong></span> <span class='ocrx_word' id='word_1_375' title='bbox 1671 3308 1804 3364; x_wconf 86' lang='lat' dir='ltr'><strong>ergo</strong></span> <span class='ocrx_word' id='word_1_376' title='bbox 1836 3293 1913 3349; x_wconf 90' lang='lat' dir='ltr'><strong>illi</strong></span> 
     </span>
    </p>
   </div>
   <div class='ocr_carea' id='block_1_48' title="bbox 321 3377 1914 3453">
    <p class='ocr_par' dir='ltr' id='par_1_48' title="bbox 321 3377 1914 3453">
     <span class='ocr_line' id='line_1_48' title="bbox 321 3377 1914 3453; baseline 0.006 -23"><span class='ocrx_word' id='word_1_377' title='bbox 321 3377 515 3444; x_wconf 83' lang='lat' dir='ltr'><strong>quibus</strong></span> <span class='ocrx_word' id='word_1_378' title='bbox 550 3378 890 3448; x_wconf 89' lang='lat' dir='ltr'><strong>spiritualem</strong></span> <span class='ocrx_word' id='word_1_379' title='bbox 936 3379 1169 3449; x_wconf 78' lang='lat' dir='ltr'><strong>gratiam</strong></span> <span class='ocrx_word' id='word_1_380' title='bbox 1211 3381 1427 3437; x_wconf 88' lang='lat' dir='ltr'><strong>tradere</strong></span> <span class='ocrx_word' id='word_1_381' title='bbox 1467 3382 1581 3436; x_wconf 92' lang='lat' dir='ltr'><strong>vult</strong></span> <span class='ocrx_word' id='word_1_382' title='bbox 1622 3382 1914 3453; x_wconf 84' lang='lat' dir='ltr'><strong>Apostolus</strong></span> 
     </span>
    </p>
   </div>
   <div class='ocr_carea' id='block_1_49' title="bbox 321 3469 1911 3544">
    <p class='ocr_par' dir='ltr' id='par_1_49' title="bbox 321 3469 1911 3544">
     <span class='ocr_line' id='line_1_49' title="bbox 321 3469 1911 3544; baseline 0.006 -21"><span class='ocrx_word' id='word_1_383' title='bbox 321 3469 390 3523; x_wconf 84' lang='lat' dir='ltr'><strong>ad</strong></span> <span class='ocrx_word' id='word_1_384' title='bbox 432 3470 903 3526; x_wconf 88' lang='lat' dir='ltr'><strong>conﬁrmationem</strong></span> <span class='ocrx_word' id='word_1_385' title='bbox 950 3470 1095 3536; x_wconf 88' lang='lat' dir='ltr'><strong>ﬁdei,</strong></span> <span class='ocrx_word' id='word_1_386' title='bbox 1128 3481 1187 3526; x_wconf 91' lang='lat' dir='ltr'><strong>ut</strong></span> <span class='ocrx_word' id='word_1_387' title='bbox 1217 3472 1360 3527; x_wconf 89' lang='lat' dir='ltr'><strong>ultra</strong></span> <span class='ocrx_word' id='word_1_388' title='bbox 1391 3474 1604 3544; x_wconf 83' lang='lat' dir='ltr'><strong>parvuli</strong></span> <span class='ocrx_word' id='word_1_389' title='bbox 1643 3491 1751 3531; x_wconf 92' lang='lat' dir='ltr'><strong>non</strong></span> <span class='ocrx_word' id='word_1_390' title='bbox 1782 3477 1911 3544; x_wconf 90' lang='lat' dir='ltr'><strong>sint,</strong></span> 
     </span>
    </p>
   </div>
   <div class='ocr_carea' id='block_1_50' title="bbox 322 3561 1914 3634">
    <p class='ocr_par' dir='ltr' id='par_1_50' title="bbox 322 3561 1914 3634">
     <span class='ocr_line' id='line_1_50' title="bbox 322 3561 1914 3634; baseline 0.005 -19"><span class='ocrx_word' id='word_1_391' title='bbox 322 3574 494 3630; x_wconf 84' lang='lat' dir='ltr'><strong>neque</strong></span> <span class='ocrx_word' id='word_1_392' title='bbox 539 3561 992 3617; x_wconf 76' lang='lat' dir='ltr'><strong>circumferuntur</strong></span> <span class='ocrx_word' id='word_1_393' title='bbox 1040 3562 1187 3617; x_wconf 90' lang='lat' dir='ltr'><strong>omni</strong></span> <span class='ocrx_word' id='word_1_394' title='bbox 1230 3571 1393 3618; x_wconf 87' lang='lat' dir='ltr'><strong>vento</strong></span> <span class='ocrx_word' id='word_1_395' title='bbox 1437 3563 1717 3620; x_wconf 64' lang='lat' dir='ltr'><strong>doctrinae.</strong></span> <span class='ocrx_word' id='word_1_396' title='bbox 1760 3566 1914 3634; x_wconf 86' lang='lat' dir='ltr'><strong>Quod</strong></span> 
     </span>
    </p>
   </div>
   <div class='ocr_carea' id='block_1_51' title="bbox 320 3640 1914 3730">
    <p class='ocr_par' dir='ltr' id='par_1_51' title="bbox 320 3640 1914 3730">
     <span class='ocr_line' id='line_1_51' title="bbox 320 3640 1914 3730; baseline 0.006 -24"><span class='ocrx_word' id='word_1_397' title='bbox 320 3668 444 3706; x_wconf 72' lang='lat' dir='ltr'><strong>utin</strong></span> <span class='ocrx_word' id='word_1_398' title='bbox 483 3653 577 3717; x_wconf 82' lang='lat' dir='ltr'><strong>sit,</strong></span> <span class='ocrx_word' id='word_1_399' title='bbox 625 3652 827 3709; x_wconf 89' lang='lat' dir='ltr'><strong>Paulus</strong></span> <span class='ocrx_word' id='word_1_400' title='bbox 873 3661 930 3708; x_wconf 91' lang='lat' dir='ltr'><strong>et</strong></span> <span class='ocrx_word' id='word_1_401' title='bbox 972 3655 1084 3724; x_wconf 62' lang='lat' dir='ltr'><strong>ipse.</strong></span> <span class='ocrx_word' id='word_1_402' title='bbox 1112 3655 1539 3712; x_wconf 88' lang='lat' dir='ltr'><strong>consolationem</strong></span> <span class='ocrx_word' id='word_1_403' title='bbox 1584 3658 1747 3729; x_wconf 86' lang='lat' dir='ltr'><strong>capit,</strong></span> <span class='ocrx_word' id='word_1_404' title='bbox 1778 3640 1914 3730; x_wconf 73' lang='lat' dir='ltr'><strong>opus</strong></span> 
     </span>
    </p>
   </div>
   <div class='ocr_carea' id='block_1_52' title="bbox 325 3745 1909 3819">
    <p class='ocr_par' dir='ltr' id='par_1_52' title="bbox 325 3745 1909 3819">
     <span class='ocr_line' id='line_1_52' title="bbox 325 3745 1909 3819; baseline 0.006 -20"><span class='ocrx_word' id='word_1_405' title='bbox 325 3761 482 3800; x_wconf 85' lang='lat' dir='ltr'><strong>suum</strong></span> <span class='ocrx_word' id='word_1_406' title='bbox 517 3745 741 3801; x_wconf 88' lang='lat' dir='ltr'><strong>ﬁrmum</strong></span> <span class='ocrx_word' id='word_1_407' title='bbox 768 3757 823 3801; x_wconf 88' lang='lat' dir='ltr'><strong>et</strong></span> <span class='ocrx_word' id='word_1_408' title='bbox 853 3747 1047 3804; x_wconf 86' lang='lat' dir='ltr'><strong>stabile</strong></span> <span class='ocrx_word' id='word_1_409' title='bbox 1075 3748 1285 3816; x_wconf 89' lang='lat' dir='ltr'><strong>videns,</strong></span> <span class='ocrx_word' id='word_1_410' title='bbox 1326 3757 1383 3805; x_wconf 91' lang='lat' dir='ltr'><strong>et</strong></span> <span class='ocrx_word' id='word_1_411' title='bbox 1426 3749 1501 3805; x_wconf 92' lang='lat' dir='ltr'><strong>illi</strong></span> <span class='ocrx_word' id='word_1_412' title='bbox 1538 3752 1909 3819; x_wconf 90' lang='lat' dir='ltr'><strong>consolantur,</strong></span> 
     </span>
    </p>
   </div>
   <div class='ocr_carea' id='block_1_53' title="bbox 322 3837 1484 3913">
    <p class='ocr_par' dir='ltr' id='par_1_53' title="bbox 322 3837 1484 3913">
     <span class='ocr_line' id='line_1_53' title="bbox 322 3837 1484 3913; baseline 0.007 -24"><span class='ocrx_word' id='word_1_413' title='bbox 322 3837 445 3905; x_wconf 80' lang='lat' dir='ltr'><strong>quia</strong></span> <span class='ocrx_word' id='word_1_414' title='bbox 469 3838 786 3906; x_wconf 69' lang='lat' dir='ltr'><strong>apostolicae</strong></span> <span class='ocrx_word' id='word_1_415' title='bbox 809 3840 1000 3910; x_wconf 72' lang='lat' dir='ltr'><strong>gratiae</strong></span> <span class='ocrx_word' id='word_1_416' title='bbox 1021 3848 1147 3896; x_wconf 91' lang='lat' dir='ltr'><strong>sunt</strong></span> <span class='ocrx_word' id='word_1_417' title='bbox 1170 3841 1484 3913; x_wconf 89' lang='lat' dir='ltr'><strong>participes.</strong></span> 
     </span>
    </p>
   </div>
   <div class='ocr_carea' id='block_1_54' title="bbox 394 3926 1914 4006">
    <p class='ocr_par' dir='ltr' id='par_1_54' title="bbox 394 3926 1914 4006">
     <span class='ocr_line' id='line_1_54' title="bbox 394 3926 1914 4006; baseline 0.007 -26"><span class='ocrx_word' id='word_1_418' title='bbox 394 3926 541 3981; x_wconf 77' lang='lat' dir='ltr'><strong>Nolo</strong></span> <span class='ocrx_word' id='word_1_419' title='bbox 585 3937 763 3981; x_wconf 83' lang='lat' dir='ltr'><strong>autem</strong></span> <span class='ocrx_word' id='word_1_420' title='bbox 801 3947 885 3985; x_wconf 84' lang='lat' dir='ltr'><strong>ros</strong></span> <span class='ocrx_word' id='word_1_421' title='bbox 925 3931 1191 4002; x_wconf 89' lang='lat' dir='ltr'><strong>ignorare,</strong></span> <span class='ocrx_word' id='word_1_422' title='bbox 1218 3931 1434 4001; x_wconf 78' lang='lat' dir='ltr'><strong>fratres,</strong></span> <span class='ocrx_word' id='word_1_423' title='bbox 1462 3935 1588 4005; x_wconf 88' lang='lat' dir='ltr'><strong>quia</strong></span> <span class='ocrx_word' id='word_1_424' title='bbox 1621 3951 1757 4006; x_wconf 74' lang='lat' dir='ltr'><strong>stupe</strong></span> <span class='ocrx_word' id='word_1_425' title='bbox 1792 3928 1914 4006; x_wconf 75' lang='lat' dir='ltr'><strong>pro-</strong></span> 
     </span>
    </p>
   </div>
   <div class='ocr_carea' id='block_1_55' title="bbox 320 4020 1913 4094">
    <p class='ocr_par' dir='ltr' id='par_1_55' title="bbox 320 4020 1913 4094">
     <span class='ocr_line' id='line_1_55' title="bbox 320 4020 1913 4094; baseline 0.006 -23"><span class='ocrx_word' id='word_1_426' title='bbox 320 4021 471 4087; x_wconf 75' lang='lat' dir='ltr'><strong>posui</strong></span> <span class='ocrx_word' id='word_1_427' title='bbox 495 4020 677 4075; x_wconf 73' lang='lat' dir='ltr'><strong>venire</strong></span> <span class='ocrx_word' id='word_1_428' title='bbox 702 4020 774 4074; x_wconf 85' lang='lat' dir='ltr'><strong>ad</strong></span> <span class='ocrx_word' id='word_1_429' title='bbox 796 4039 906 4089; x_wconf 80' lang='lat' dir='ltr'><strong>uos,</strong></span> <span class='ocrx_word' id='word_1_430' title='bbox 933 4032 981 4076; x_wconf 89' lang='lat' dir='ltr'><strong>et</strong></span> <span class='ocrx_word' id='word_1_431' title='bbox 1003 4023 1295 4094; x_wconf 78' lang='lat' dir='ltr'><strong>prohibitus</strong></span> <span class='ocrx_word' id='word_1_432' title='bbox 1318 4041 1435 4079; x_wconf 83' lang='lat' dir='ltr'><strong>sum</strong></span> <span class='ocrx_word' id='word_1_433' title='bbox 1454 4040 1616 4094; x_wconf 83' lang='lat' dir='ltr'><strong>usque</strong></span> <span class='ocrx_word' id='word_1_434' title='bbox 1635 4025 1829 4092; x_wconf 79' lang='lat' dir='ltr'><strong>adhuc,</strong></span> <span class='ocrx_word' id='word_1_435' title='bbox 1856 4034 1913 4080; x_wconf 87' lang='lat' dir='ltr'><strong>ut</strong></span> 
     </span>
    </p>
   </div>
   <div class='ocr_carea' id='block_1_56' title="bbox 320 4112 1912 4183">
    <p class='ocr_par' dir='ltr' id='par_1_56' title="bbox 320 4112 1912 4183">
     <span class='ocr_line' id='line_1_56' title="bbox 320 4112 1912 4183; baseline 0.004 -17"><span class='ocrx_word' id='word_1_436' title='bbox 320 4112 554 4182; x_wconf 69' lang='lat' dir='ltr'><strong>aliqua:</strong></span> <span class='ocrx_word' id='word_1_437' title='bbox 582 4113 816 4183; x_wconf 80' lang='lat' dir='ltr'><strong>fructum</strong></span> <span class='ocrx_word' id='word_1_438' title='bbox 854 4115 1073 4170; x_wconf 79' lang='lat' dir='ltr'><strong>habeam</strong></span> <span class='ocrx_word' id='word_1_439' title='bbox 1112 4116 1168 4169; x_wconf 89' lang='lat' dir='ltr'><strong>in</strong></span> <span class='ocrx_word' id='word_1_440' title='bbox 1195 4115 1356 4182; x_wconf 73' lang='lat' dir='ltr'><strong>vobis,</strong></span> <span class='ocrx_word' id='word_1_441' title='bbox 1381 4116 1514 4170; x_wconf 89' lang='lat' dir='ltr'><strong>sicut</strong></span> <span class='ocrx_word' id='word_1_442' title='bbox 1542 4125 1592 4171; x_wconf 89' lang='lat' dir='ltr'><strong>et</strong></span> <span class='ocrx_word' id='word_1_443' title='bbox 1622 4116 1677 4171; x_wconf 89' lang='lat' dir='ltr'><strong>in</strong></span> <span class='ocrx_word' id='word_1_444' title='bbox 1713 4118 1912 4172; x_wconf 74' lang='lat' dir='ltr'><strong>ca&#39;teris</strong></span> 
     </span>
    </p>
   </div>
   <div class='ocr_carea' id='block_1_57' title="bbox 316 4202 1912 4278">
    <p class='ocr_par' dir='ltr' id='par_1_57' title="bbox 316 4202 1912 4278">
     <span class='ocr_line' id='line_1_57' title="bbox 316 4202 1912 4278; baseline 0.005 -22"><span class='ocrx_word' id='word_1_445' title='bbox 316 4204 585 4274; x_wconf 77' lang='lat' dir='ltr'><strong>gentibus,</strong></span> <span class='ocrx_word' id='word_1_446' title='bbox 607 4202 804 4273; x_wconf 63' lang='lat' dir='ltr'><strong>Grafcis</strong></span> <span class='ocrx_word' id='word_1_447' title='bbox 850 4223 913 4260; x_wconf 86' lang='lat' dir='ltr'><strong>ac</strong></span> <span class='ocrx_word' id='word_1_448' title='bbox 940 4205 1202 4273; x_wconf 85' lang='lat' dir='ltr'><strong>barbaris,</strong></span> <span class='ocrx_word' id='word_1_449' title='bbox 1222 4206 1544 4277; x_wconf 72' lang='lat' dir='ltr'><strong>sapientibus</strong></span> <span class='ocrx_word' id='word_1_450' title='bbox 1574 4223 1637 4261; x_wconf 85' lang='lat' dir='ltr'><strong>ac</strong></span> <span class='ocrx_word' id='word_1_451' title='bbox 1663 4207 1912 4278; x_wconf 85' lang='lat' dir='ltr'><strong>insipien-</strong></span> 
     </span>
    </p>
   </div>
   <div class='ocr_carea' id='block_1_58' title="bbox 320 4292 1912 4368">
    <p class='ocr_par' dir='ltr' id='par_1_58' title="bbox 320 4292 1912 4368">
     <span class='ocr_line' id='line_1_58' title="bbox 320 4292 1912 4368; baseline 0.003 -22"><span class='ocrx_word' id='word_1_452' title='bbox 320 4294 464 4347; x_wconf 73' lang='lat' dir='ltr'><strong>tibus</strong></span> <span class='ocrx_word' id='word_1_453' title='bbox 485 4292 690 4347; x_wconf 75' lang='lat' dir='ltr'><strong>debitor</strong></span> <span class='ocrx_word' id='word_1_454' title='bbox 710 4311 843 4348; x_wconf 81' lang='lat' dir='ltr'><strong>sum.</strong></span> <span class='ocrx_word' id='word_1_455' title='bbox 873 4294 1061 4366; x_wconf 82' lang='lat' dir='ltr'><strong>Itaque</strong></span> <span class='ocrx_word' id='word_1_456' title='bbox 1078 4295 1220 4366; x_wconf 86' lang='lat' dir='ltr'><strong>quod</strong></span> <span class='ocrx_word' id='word_1_457' title='bbox 1245 4296 1300 4350; x_wconf 89' lang='lat' dir='ltr'><strong>in</strong></span> <span class='ocrx_word' id='word_1_458' title='bbox 1325 4312 1405 4351; x_wconf 85' lang='lat' dir='ltr'><strong>me</strong></span> <span class='ocrx_word' id='word_1_459' title='bbox 1429 4307 1722 4368; x_wconf 83' lang='lat' dir='ltr'><strong>promptum</strong></span> <span class='ocrx_word' id='word_1_460' title='bbox 1747 4306 1844 4362; x_wconf 82' lang='lat' dir='ltr'><strong>est,</strong></span> <span class='ocrx_word' id='word_1_461' title='bbox 1863 4306 1912 4353; x_wconf 87' lang='lat' dir='ltr'><strong>et</strong></span> 
     </span>
    </p>
   </div>
   <div class='ocr_carea' id='block_1_59' title="bbox 321 4383 1912 4459">
    <p class='ocr_par' dir='ltr' id='par_1_59' title="bbox 321 4383 1912 4459">
     <span class='ocr_line' id='line_1_59' title="bbox 321 4383 1912 4459; baseline 0.004 -22"><span class='ocrx_word' id='word_1_462' title='bbox 321 4384 462 4438; x_wconf 72' lang='lat' dir='ltr'><strong>tabis</strong></span> <span class='ocrx_word' id='word_1_463' title='bbox 485 4385 577 4454; x_wconf 80' lang='lat' dir='ltr'><strong>qui</strong></span> <span class='ocrx_word' id='word_1_464' title='bbox 605 4383 786 4440; x_wconf 77' lang='lat' dir='ltr'><strong>Roma:</strong></span> <span class='ocrx_word' id='word_1_465' title='bbox 804 4387 929 4441; x_wconf 80' lang='lat' dir='ltr'><strong>estis</strong></span> <span class='ocrx_word' id='word_1_466' title='bbox 950 4385 1327 4459; x_wconf 75' lang='lat' dir='ltr'><strong>cvangelizare.</strong></span> <span class='ocrx_word' id='word_1_467' title='bbox 1350 4386 1448 4442; x_wconf 86' lang='lat' dir='ltr'><strong>Est</strong></span> <span class='ocrx_word' id='word_1_468' title='bbox 1472 4387 1688 4456; x_wconf 88' lang='lat' dir='ltr'><strong>quidem</strong></span> <span class='ocrx_word' id='word_1_469' title='bbox 1716 4388 1912 4458; x_wconf 57' lang='lat' dir='ltr'><strong>hyper~</strong></span> 
     </span>
    </p>
   </div>
   <div class='ocr_carea' id='block_1_60' title="bbox 2008 1914 3586 2004">
    <p class='ocr_par' dir='ltr' id='par_1_60' title="bbox 2008 1914 3586 2004">
     <span class='ocr_line' id='line_1_60' title="bbox 2008 1914 3586 2004; baseline 0.017 -36"><span class='ocrx_word' id='word_1_470' title='bbox 2008 1914 2215 1970; x_wconf 80' lang='lat' dir='ltr'><strong>cedem.</strong></span> <span class='ocrx_word' id='word_1_471' title='bbox 2248 1915 2395 1972; x_wconf 81' lang='lat' dir='ltr'><strong>Sicut</strong></span> <span class='ocrx_word' id='word_1_472' title='bbox 2429 1930 2478 1974; x_wconf 82' lang='lat' dir='ltr'><strong>et</strong></span> <span class='ocrx_word' id='word_1_473' title='bbox 2514 1921 2569 1975; x_wconf 87' lang='lat' dir='ltr'><strong>in</strong></span> <span class='ocrx_word' id='word_1_474' title='bbox 2603 1924 2804 1979; x_wconf 73' lang='lat' dir='ltr'><strong>cmteris</strong></span> <span class='ocrx_word' id='word_1_475' title='bbox 2830 1927 3088 1995; x_wconf 80' lang='lat' dir='ltr'><strong>gentibus.</strong></span> <span class='ocrx_word' id='word_1_476' title='bbox 3126 1931 3386 2004; x_wconf 75' lang='lat' dir='ltr'><strong>Exemplo</strong></span> <span class='ocrx_word' id='word_1_477' title='bbox 3426 1948 3586 1995; x_wconf 69' lang='lat' dir='ltr'><strong>ctete-</strong></span> 
     </span>
    </p>
   </div>
   <div class='ocr_carea' id='block_1_61' title="bbox 2010 2008 3585 2090">
    <p class='ocr_par' dir='ltr' id='par_1_61' title="bbox 2010 2008 3585 2090">
     <span class='ocr_line' id='line_1_61' title="bbox 2010 2008 3585 2090; baseline 0.018 -33"><span class='ocrx_word' id='word_1_478' title='bbox 2010 2020 2192 2060; x_wconf 89' lang='lat' dir='ltr'><strong>rarum</strong></span> <span class='ocrx_word' id='word_1_479' title='bbox 2217 2008 2485 2077; x_wconf 86' lang='lat' dir='ltr'><strong>gentium;</strong></span> <span class='ocrx_word' id='word_1_480' title='bbox 2515 2014 2816 2083; x_wconf 88' lang='lat' dir='ltr'><strong>promptior</strong></span> <span class='ocrx_word' id='word_1_481' title='bbox 2835 2017 2981 2072; x_wconf 90' lang='lat' dir='ltr'><strong>enim</strong></span> <span class='ocrx_word' id='word_1_482' title='bbox 3012 2018 3074 2074; x_wconf 90' lang='lat' dir='ltr'><strong>ﬁt</strong></span> <span class='ocrx_word' id='word_1_483' title='bbox 3096 2022 3222 2090; x_wconf 87' lang='lat' dir='ltr'><strong>quis</strong></span> <span class='ocrx_word' id='word_1_484' title='bbox 3246 2025 3314 2079; x_wconf 88' lang='lat' dir='ltr'><strong>ad</strong></span> <span class='ocrx_word' id='word_1_485' title='bbox 3340 2041 3453 2082; x_wconf 87' lang='lat' dir='ltr'><strong>rem</strong></span> <span class='ocrx_word' id='word_1_486' title='bbox 3481 2030 3585 2085; x_wconf 85' lang='lat' dir='ltr'><strong>sibi</strong></span> 
     </span>
    </p>
   </div>
   <div class='ocr_carea' id='block_1_62' title="bbox 2009 2097 3585 2176">
    <p class='ocr_par' dir='ltr' id='par_1_62' title="bbox 2009 2097 3585 2176">
     <span class='ocr_line' id='line_1_62' title="bbox 2009 2097 3585 2176; baseline 0.018 -28"><span class='ocrx_word' id='word_1_487' title='bbox 2009 2097 2284 2164; x_wconf 82' lang='lat' dir='ltr'><strong>traditam,</strong></span> <span class='ocrx_word' id='word_1_488' title='bbox 2314 2098 2361 2154; x_wconf 90' lang='lat' dir='ltr'><strong>si</strong></span> <span class='ocrx_word' id='word_1_489' title='bbox 2399 2100 2474 2156; x_wconf 91' lang='lat' dir='ltr'><strong>illi</strong></span> <span class='ocrx_word' id='word_1_490' title='bbox 2503 2103 2702 2158; x_wconf 85' lang='lat' dir='ltr'><strong>multos</strong></span> <span class='ocrx_word' id='word_1_491' title='bbox 2744 2107 2924 2163; x_wconf 86' lang='lat' dir='ltr'><strong>videat</strong></span> <span class='ocrx_word' id='word_1_492' title='bbox 2956 2112 3243 2168; x_wconf 87' lang='lat' dir='ltr'><strong>assentire.</strong></span> <span class='ocrx_word' id='word_1_493' title='bbox 3270 2114 3348 2173; x_wconf 86' lang='lat' dir='ltr'><strong>De</strong></span> <span class='ocrx_word' id='word_1_494' title='bbox 3383 2115 3585 2176; x_wconf 68' lang='lat' dir='ltr'><strong>Iudaeis</strong></span> 
     </span>
    </p>
   </div>
   <div class='ocr_carea' id='block_1_63' title="bbox 2009 2189 3587 2268">
    <p class='ocr_par' dir='ltr' id='par_1_63' title="bbox 2009 2189 3587 2268">
     <span class='ocr_line' id='line_1_63' title="bbox 2009 2189 3587 2268; baseline 0.018 -31"><span class='ocrx_word' id='word_1_495' title='bbox 2009 2193 2197 2245; x_wconf 81' lang='lat' dir='ltr'><strong>autem</strong></span> <span class='ocrx_word' id='word_1_496' title='bbox 2223 2189 2410 2256; x_wconf 90' lang='lat' dir='ltr'><strong>tacuit,</strong></span> <span class='ocrx_word' id='word_1_497' title='bbox 2437 2192 2562 2260; x_wconf 90' lang='lat' dir='ltr'><strong>quia</strong></span> <span class='ocrx_word' id='word_1_498' title='bbox 2612 2195 2872 2264; x_wconf 88' lang='lat' dir='ltr'><strong>magister</strong></span> <span class='ocrx_word' id='word_1_499' title='bbox 2915 2199 3159 2268; x_wconf 86' lang='lat' dir='ltr'><strong>gentium</strong></span> <span class='ocrx_word' id='word_1_500' title='bbox 3183 2213 3321 2260; x_wconf 88' lang='lat' dir='ltr'><strong>erat.</strong></span> <span class='ocrx_word' id='word_1_501' title='bbox 3362 2207 3511 2264; x_wconf 86' lang='lat' dir='ltr'><strong>Sicut</strong></span> <span class='ocrx_word' id='word_1_502' title='bbox 3536 2220 3587 2264; x_wconf 86' lang='lat' dir='ltr'><strong>et</strong></span> 
     </span>
    </p>
   </div>
   <div class='ocr_carea' id='block_1_64' title="bbox 2009 2273 3599 2365">
    <p class='ocr_par' dir='ltr' id='par_1_64' title="bbox 2009 2273 3599 2365">
     <span class='ocr_line' id='line_1_64' title="bbox 2009 2273 3599 2365; baseline 0.018 -40"><span class='ocrx_word' id='word_1_503' title='bbox 2009 2273 2064 2326; x_wconf 90' lang='lat' dir='ltr'><strong>in</strong></span> <span class='ocrx_word' id='word_1_504' title='bbox 2107 2277 2309 2330; x_wconf 67' lang='lat' dir='ltr'><strong>caeteris</strong></span> <span class='ocrx_word' id='word_1_505' title='bbox 2350 2280 2587 2348; x_wconf 78' lang='lat' dir='ltr'><strong>gentibus</strong></span> <span class='ocrx_word' id='word_1_506' title='bbox 2618 2293 2638 2333; x_wconf 90' lang='lat'><strong><em>:</em></strong></span> <span class='ocrx_word' id='word_1_507' title='bbox 2674 2283 3026 2354; x_wconf 87' lang='lat' dir='ltr'><strong>subauditur,</strong></span> <span class='ocrx_word' id='word_1_508' title='bbox 3068 2290 3252 2365; x_wconf 79' lang='lat' dir='ltr'><strong>habeo.</strong></span> <span class='ocrx_word' id='word_1_509' title='bbox 3305 2292 3599 2365; x_wconf 38' lang='lat' dir='ltr'><strong>Sapientes»</strong></span> 
     </span>
    </p>
   </div>
   <div class='ocr_carea' id='block_1_65' title="bbox 2009 2358 3586 2454">
    <p class='ocr_par' dir='ltr' id='par_1_65' title="bbox 2009 2358 3586 2454">
     <span class='ocr_line' id='line_1_65' title="bbox 2009 2358 3586 2454; baseline 0.016 -35"><span class='ocrx_word' id='word_1_510' title='bbox 2009 2373 2188 2421; x_wconf 90' lang='lat' dir='ltr'><strong>autem</strong></span> <span class='ocrx_word' id='word_1_511' title='bbox 2220 2367 2341 2424; x_wconf 89' lang='lat' dir='ltr'><strong>illos</strong></span> <span class='ocrx_word' id='word_1_512' title='bbox 2370 2370 2533 2437; x_wconf 89' lang='lat' dir='ltr'><strong>dicit,</strong></span> <span class='ocrx_word' id='word_1_513' title='bbox 2576 2374 2669 2444; x_wconf 92' lang='lat' dir='ltr'><strong>qui</strong></span> <span class='ocrx_word' id='word_1_514' title='bbox 2698 2377 2988 2435; x_wconf 90' lang='lat' dir='ltr'><strong>mundanis</strong></span> <span class='ocrx_word' id='word_1_515' title='bbox 3027 2358 3330 2441; x_wconf 75' lang='lat' dir='ltr'><strong>rationibus</strong></span> <span class='ocrx_word' id='word_1_516' title='bbox 3353 2358 3586 2454; x_wconf 71' lang='lat' dir='ltr'><strong>eruditi,</strong></span> 
     </span>
    </p>
   </div>
   <div class='ocr_carea' id='block_1_66' title="bbox 2009 2458 3588 2550">
    <p class='ocr_par' dir='ltr' id='par_1_66' title="bbox 2009 2458 3588 2550">
     <span class='ocr_line' id='line_1_66' title="bbox 2009 2458 3588 2550; baseline 0.016 -39"><span class='ocrx_word' id='word_1_517' title='bbox 2009 2458 2282 2527; x_wconf 88' lang='lat' dir='ltr'><strong>sapientes</strong></span> <span class='ocrx_word' id='word_1_518' title='bbox 2310 2471 2573 2518; x_wconf 87' lang='lat' dir='ltr'><strong>vocantur</strong></span> <span class='ocrx_word' id='word_1_519' title='bbox 2598 2464 2654 2520; x_wconf 90' lang='lat' dir='ltr'><strong>in</strong></span> <span class='ocrx_word' id='word_1_520' title='bbox 2683 2468 2902 2533; x_wconf 66' lang='lat' dir='ltr'><strong>smeulo,</strong></span> <span class='ocrx_word' id='word_1_521' title='bbox 2930 2470 3059 2525; x_wconf 83' lang='lat' dir='ltr'><strong>dum</strong></span> <span class='ocrx_word' id='word_1_522' title='bbox 3087 2483 3182 2529; x_wconf 90' lang='lat' dir='ltr'><strong>aut</strong></span> <span class='ocrx_word' id='word_1_523' title='bbox 3207 2475 3443 2534; x_wconf 87' lang='lat' dir='ltr'><strong>siderum</strong></span> <span class='ocrx_word' id='word_1_524' title='bbox 3471 2495 3588 2550; x_wconf 86' lang='lat' dir='ltr'><strong>spe-</strong></span> 
     </span>
    </p>
   </div>
   <div class='ocr_carea' id='block_1_67' title="bbox 2009 2546 3585 2637">
    <p class='ocr_par' dir='ltr' id='par_1_67' title="bbox 2009 2546 3585 2637">
     <span class='ocr_line' id='line_1_67' title="bbox 2009 2546 3585 2637; baseline 0.014 -34"><span class='ocrx_word' id='word_1_525' title='bbox 2009 2546 2279 2607; x_wconf 86' lang='lat' dir='ltr'><strong>culatores</strong></span> <span class='ocrx_word' id='word_1_526' title='bbox 2306 2559 2450 2617; x_wconf 90' lang='lat' dir='ltr'><strong>sunt,</strong></span> <span class='ocrx_word' id='word_1_527' title='bbox 2480 2562 2573 2610; x_wconf 86' lang='lat' dir='ltr'><strong>aut</strong></span> <span class='ocrx_word' id='word_1_528' title='bbox 2596 2559 2904 2637; x_wconf 39' lang='lat' dir='ltr'><strong>omensuris,</strong></span> <span class='ocrx_word' id='word_1_529' title='bbox 2939 2569 3035 2616; x_wconf 89' lang='lat' dir='ltr'><strong>aut</strong></span> <span class='ocrx_word' id='word_1_530' title='bbox 3069 2565 3330 2633; x_wconf 86' lang='lat' dir='ltr'><strong>numeris,</strong></span> <span class='ocrx_word' id='word_1_531' title='bbox 3357 2578 3450 2624; x_wconf 90' lang='lat' dir='ltr'><strong>aut</strong></span> <span class='ocrx_word' id='word_1_532' title='bbox 3480 2546 3585 2627; x_wconf 80' lang='lat' dir='ltr'><strong>arti</strong></span> 
     </span>
    </p>
   </div>
   <div class='ocr_carea' id='block_1_68' title="bbox 2008 2642 3583 2722">
    <p class='ocr_par' dir='ltr' id='par_1_68' title="bbox 2008 2642 3583 2722">
     <span class='ocr_line' id='line_1_68' title="bbox 2008 2642 3583 2722; baseline 0.015 -29"><span class='ocrx_word' id='word_1_533' title='bbox 2008 2642 2373 2709; x_wconf 71' lang='lat' dir='ltr'><strong>grammatica:</strong></span> <span class='ocrx_word' id='word_1_534' title='bbox 2417 2645 2668 2713; x_wconf 86' lang='lat' dir='ltr'><strong>student,</strong></span> <span class='ocrx_word' id='word_1_535' title='bbox 2713 2659 2806 2705; x_wconf 88' lang='lat' dir='ltr'><strong>aut</strong></span> <span class='ocrx_word' id='word_1_536' title='bbox 2843 2652 3160 2722; x_wconf 66' lang='lat' dir='ltr'><strong>rhetoricae,</strong></span> <span class='ocrx_word' id='word_1_537' title='bbox 3200 2666 3294 2713; x_wconf 88' lang='lat' dir='ltr'><strong>aut</strong></span> <span class='ocrx_word' id='word_1_538' title='bbox 3347 2661 3583 2717; x_wconf 60' lang='lat' dir='ltr'><strong>musica).</strong></span> 
     </span>
    </p>
   </div>
   <div class='ocr_carea' id='block_1_69' title="bbox 2014 2731 3593 2815">
    <p class='ocr_par' dir='ltr' id='par_1_69' title="bbox 2014 2731 3593 2815">
     <span class='ocr_line' id='line_1_69' title="bbox 2014 2731 3593 2815; baseline 0.015 -31"><span class='ocrx_word' id='word_1_539' title='bbox 2014 2731 2416 2801; x_wconf 80' lang='lat' dir='ltr'><strong>Requirendum</strong></span> <span class='ocrx_word' id='word_1_540' title='bbox 2446 2745 2531 2791; x_wconf 90' lang='lat' dir='ltr'><strong>est</strong></span> <span class='ocrx_word' id='word_1_541' title='bbox 2555 2742 2827 2808; x_wconf 89' lang='lat' dir='ltr'><strong>quomodo</strong></span> <span class='ocrx_word' id='word_1_542' title='bbox 2847 2742 3137 2815; x_wconf 83' lang='lat' dir='ltr'><strong>Apostolus</strong></span> <span class='ocrx_word' id='word_1_543' title='bbox 3160 2746 3357 2805; x_wconf 62' lang='grc' dir='ltr'><strong>(ἐπιθεὶς</strong></span> <span class='ocrx_word' id='word_1_544' title='bbox 3388 2762 3455 2815; x_wconf 87' lang='lat' dir='ltr'><strong>et,</strong></span> <span class='ocrx_word' id='word_1_545' title='bbox 3474 2754 3593 2808; x_wconf 85' lang='lat' dir='ltr'><strong>bar-</strong></span> 
     </span>
    </p>
   </div>
   <div class='ocr_carea' id='block_1_70' title="bbox 2010 2820 3591 2910">
    <p class='ocr_par' dir='ltr' id='par_1_70' title="bbox 2010 2820 3591 2910">
     <span class='ocr_line' id='line_1_70' title="bbox 2010 2820 3591 2910; baseline 0.016 -36"><span class='ocrx_word' id='word_1_546' title='bbox 2010 2820 2171 2889; x_wconf 90' lang='lat' dir='ltr'><strong>baris,</strong></span> <span class='ocrx_word' id='word_1_547' title='bbox 2214 2826 2533 2895; x_wconf 83' lang='lat' dir='ltr'><strong>sapientibus</strong></span> <span class='ocrx_word' id='word_1_548' title='bbox 2577 2839 2626 2883; x_wconf 90' lang='lat' dir='ltr'><strong>et</strong></span> <span class='ocrx_word' id='word_1_549' title='bbox 2657 2830 3018 2903; x_wconf 85' lang='lat' dir='ltr'><strong>insipientibus</strong></span> <span class='ocrx_word' id='word_1_550' title='bbox 3061 2836 3265 2893; x_wconf 84' lang='lat' dir='ltr'><strong>debitor</strong></span> <span class='ocrx_word' id='word_1_551' title='bbox 3306 2850 3400 2896; x_wconf 83' lang='lat' dir='ltr'><strong>est.</strong></span> <span class='ocrx_word' id='word_1_552' title='bbox 3449 2842 3591 2910; x_wconf 83' lang='lat' dir='ltr'><strong>Quid</strong></span> 
     </span>
    </p>
   </div>
   <div class='ocr_carea' id='block_1_71' title="bbox 2009 2913 3585 2991">
    <p class='ocr_par' dir='ltr' id='par_1_71' title="bbox 2009 2913 3585 2991">
     <span class='ocr_line' id='line_1_71' title="bbox 2009 2913 3585 2991; baseline 0.016 -26"><span class='ocrx_word' id='word_1_553' title='bbox 2009 2913 2153 2967; x_wconf 88' lang='lat' dir='ltr'><strong>enim</strong></span> <span class='ocrx_word' id='word_1_554' title='bbox 2178 2916 2246 2970; x_wconf 88' lang='lat' dir='ltr'><strong>ab</strong></span> <span class='ocrx_word' id='word_1_555' title='bbox 2286 2917 2415 2986; x_wconf 83' lang='lat' dir='ltr'><strong>ipsis</strong></span> <span class='ocrx_word' id='word_1_556' title='bbox 2444 2930 2727 2991; x_wconf 87' lang='lat' dir='ltr'><strong>acceperat</strong></span> <span class='ocrx_word' id='word_1_557' title='bbox 2760 2926 2900 2980; x_wconf 90' lang='lat' dir='ltr'><strong>unde</strong></span> <span class='ocrx_word' id='word_1_558' title='bbox 2928 2927 3006 2982; x_wconf 92' lang='lat' dir='ltr'><strong>eis</strong></span> <span class='ocrx_word' id='word_1_559' title='bbox 3035 2928 3243 2984; x_wconf 90' lang='lat' dir='ltr'><strong>debitor</strong></span> <span class='ocrx_word' id='word_1_560' title='bbox 3271 2931 3462 2990; x_wconf 82' lang='lat' dir='ltr'><strong>ﬁeret?</strong></span> <span class='ocrx_word' id='word_1_561' title='bbox 3482 2934 3585 2990; x_wconf 87' lang='lat' dir='ltr'><strong>Ar-</strong></span> 
     </span>
    </p>
   </div>
   <div class='ocr_carea' id='block_1_72' title="bbox 2010 3003 3588 3095">
    <p class='ocr_par' dir='ltr' id='par_1_72' title="bbox 2010 3003 3588 3095">
     <span class='ocr_line' id='line_1_72' title="bbox 2010 3003 3588 3095; baseline 0.015 -38"><span class='ocrx_word' id='word_1_562' title='bbox 2010 3003 2182 3059; x_wconf 92' lang='lat' dir='ltr'><strong>bitror</strong></span> <span class='ocrx_word' id='word_1_563' title='bbox 2223 3006 2452 3064; x_wconf 87' lang='lat' dir='ltr'><strong>diversis</strong></span> <span class='ocrx_word' id='word_1_564' title='bbox 2494 3011 2709 3081; x_wconf 86' lang='lat' dir='ltr'><strong>quidem</strong></span> <span class='ocrx_word' id='word_1_565' title='bbox 2737 3016 2984 3085; x_wconf 87' lang='lat' dir='ltr'><strong>gentibus</strong></span> <span class='ocrx_word' id='word_1_566' title='bbox 3031 3019 3153 3074; x_wconf 89' lang='lat' dir='ltr'><strong>inde</strong></span> <span class='ocrx_word' id='word_1_567' title='bbox 3179 3020 3426 3078; x_wconf 83' lang='lat' dir='ltr'><strong>etl‘ectum</strong></span> <span class='ocrx_word' id='word_1_568' title='bbox 3466 3040 3588 3095; x_wconf 82' lang='lat' dir='ltr'><strong>esse</strong></span> 
     </span>
    </p>
   </div>
   <div class='ocr_carea' id='block_1_73' title="bbox 2010 3093 3588 3186">
    <p class='ocr_par' dir='ltr' id='par_1_73' title="bbox 2010 3093 3588 3186">
     <span class='ocr_line' id='line_1_73' title="bbox 2010 3093 3588 3186; baseline 0.016 -38"><span class='ocrx_word' id='word_1_569' title='bbox 2010 3093 2328 3162; x_wconf 88' lang='lat' dir='ltr'><strong>debitorem,</strong></span> <span class='ocrx_word' id='word_1_570' title='bbox 2358 3101 2484 3170; x_wconf 90' lang='lat' dir='ltr'><strong>quia</strong></span> <span class='ocrx_word' id='word_1_571' title='bbox 2514 3104 2753 3160; x_wconf 89' lang='lat' dir='ltr'><strong>omnium</strong></span> <span class='ocrx_word' id='word_1_572' title='bbox 2783 3108 3024 3176; x_wconf 80' lang='lat' dir='ltr'><strong>gentium</strong></span> <span class='ocrx_word' id='word_1_573' title='bbox 3064 3110 3261 3182; x_wconf 88' lang='lat' dir='ltr'><strong>linguis</strong></span> <span class='ocrx_word' id='word_1_574' title='bbox 3285 3115 3465 3186; x_wconf 90' lang='lat' dir='ltr'><strong>eloqui</strong></span> <span class='ocrx_word' id='word_1_575' title='bbox 3493 3093 3588 3174; x_wconf 81' lang='lat' dir='ltr'><strong>ac-</strong></span> 
     </span>
    </p>
   </div>
   <div class='ocr_carea' id='block_1_74' title="bbox 2012 3186 3587 3271">
    <p class='ocr_par' dir='ltr' id='par_1_74' title="bbox 2012 3186 3587 3271">
     <span class='ocr_line' id='line_1_74' title="bbox 2012 3186 3587 3271; baseline 0.015 -32"><span class='ocrx_word' id='word_1_576' title='bbox 2012 3186 2155 3256; x_wconf 90' lang='lat' dir='ltr'><strong>cepit</strong></span> <span class='ocrx_word' id='word_1_577' title='bbox 2179 3189 2410 3260; x_wconf 88' lang='lat' dir='ltr'><strong>gratiam</strong></span> <span class='ocrx_word' id='word_1_578' title='bbox 2441 3191 2673 3263; x_wconf 88' lang='lat' dir='ltr'><strong>Spiritus</strong></span> <span class='ocrx_word' id='word_1_579' title='bbox 2703 3198 2897 3252; x_wconf 87' lang='lat' dir='ltr'><strong>sancti.</strong></span> <span class='ocrx_word' id='word_1_580' title='bbox 2939 3199 3082 3271; x_wconf 85' lang='lat' dir='ltr'><strong>Ergo</strong></span> <span class='ocrx_word' id='word_1_581' title='bbox 3106 3202 3318 3259; x_wconf 88' lang='lat' dir='ltr'><strong>debitor</strong></span> <span class='ocrx_word' id='word_1_582' title='bbox 3339 3207 3587 3263; x_wconf 89' lang='lat' dir='ltr'><strong>onmibus</strong></span> 
     </span>
    </p>
   </div>
   <div class='ocr_carea' id='block_1_75' title="bbox 2014 3276 3590 3369">
    <p class='ocr_par' dir='ltr' id='par_1_75' title="bbox 2014 3276 3590 3369">
     <span class='ocr_line' id='line_1_75' title="bbox 2014 3276 3590 3369; baseline 0.015 -38"><span class='ocrx_word' id='word_1_583' title='bbox 2014 3276 2120 3333; x_wconf 91' lang='lat' dir='ltr'><strong>illis</strong></span> <span class='ocrx_word' id='word_1_584' title='bbox 2165 3278 2415 3347; x_wconf 83' lang='lat' dir='ltr'><strong>eﬂieitur,</strong></span> <span class='ocrx_word' id='word_1_585' title='bbox 2448 3301 2678 3355; x_wconf 88' lang='lat' dir='ltr'><strong>quorum</strong></span> <span class='ocrx_word' id='word_1_586' title='bbox 2728 3303 2891 3344; x_wconf 89' lang='lat' dir='ltr'><strong>causa</strong></span> <span class='ocrx_word' id='word_1_587' title='bbox 2923 3293 3131 3362; x_wconf 88' lang='lat' dir='ltr'><strong>accepit</strong></span> <span class='ocrx_word' id='word_1_588' title='bbox 3166 3308 3197 3348; x_wconf 90' lang='lat' dir='ltr'><strong>a</strong></span> <span class='ocrx_word' id='word_1_589' title='bbox 3244 3293 3354 3351; x_wconf 91' lang='lat' dir='ltr'><strong>Deo</strong></span> <span class='ocrx_word' id='word_1_590' title='bbox 3395 3295 3590 3369; x_wconf 68' lang='lat' dir='ltr'><strong>linguas</strong></span> 
     </span>
    </p>
   </div>
   <div class='ocr_carea' id='block_1_76' title="bbox 2014 3371 3590 3457">
    <p class='ocr_par' dir='ltr' id='par_1_76' title="bbox 2014 3371 3590 3457">
     <span class='ocr_line' id='line_1_76' title="bbox 2014 3371 3590 3457; baseline 0.012 -33"><span class='ocrx_word' id='word_1_591' title='bbox 2014 3371 2283 3426; x_wconf 89' lang='lat' dir='ltr'><strong>notitiam.</strong></span> <span class='ocrx_word' id='word_1_592' title='bbox 2329 3372 2676 3444; x_wconf 88' lang='lat' dir='ltr'><strong>Sapientibus</strong></span> <span class='ocrx_word' id='word_1_593' title='bbox 2715 3388 2898 3434; x_wconf 89' lang='lat' dir='ltr'><strong>autem</strong></span> <span class='ocrx_word' id='word_1_594' title='bbox 2948 3380 3180 3437; x_wconf 83' lang='lat' dir='ltr'><strong>eﬁieitur</strong></span> <span class='ocrx_word' id='word_1_595' title='bbox 3226 3385 3454 3452; x_wconf 83' lang='lat' dir='ltr'><strong>debitor,</strong></span> <span class='ocrx_word' id='word_1_596' title='bbox 3494 3402 3590 3457; x_wconf 86' lang='lat' dir='ltr'><strong>per</strong></span> 
     </span>
    </p>
   </div>
   <div class='ocr_carea' id='block_1_77' title="bbox 2014 3461 3592 3546">
    <p class='ocr_par' dir='ltr' id='par_1_77' title="bbox 2014 3461 3592 3546">
     <span class='ocr_line' id='line_1_77' title="bbox 2014 3461 3592 3546; baseline 0.012 -31"><span class='ocrx_word' id='word_1_597' title='bbox 2014 3461 2118 3521; x_wconf 91' lang='lat' dir='ltr'><strong>hoc</strong></span> <span class='ocrx_word' id='word_1_598' title='bbox 2147 3465 2289 3534; x_wconf 90' lang='lat' dir='ltr'><strong>quod</strong></span> <span class='ocrx_word' id='word_1_599' title='bbox 2328 3467 2538 3536; x_wconf 88' lang='lat' dir='ltr'><strong>accepit</strong></span> <span class='ocrx_word' id='word_1_600' title='bbox 2566 3469 2884 3539; x_wconf 83' lang='lat' dir='ltr'><strong>sapientiam</strong></span> <span class='ocrx_word' id='word_1_601' title='bbox 2929 3472 2981 3527; x_wconf 91' lang='lat' dir='ltr'><strong>in</strong></span> <span class='ocrx_word' id='word_1_602' title='bbox 3011 3468 3281 3546; x_wconf 71' lang='lat' dir='ltr'><strong>mysterio‘</strong></span> <span class='ocrx_word' id='word_1_603' title='bbox 3307 3479 3592 3533; x_wconf 84' lang='lat' dir='ltr'><strong>abscondi-</strong></span> 
     </span>
    </p>
   </div>
   <div class='ocr_carea' id='block_1_78' title="bbox 2015 3551 3589 3636">
    <p class='ocr_par' dir='ltr' id='par_1_78' title="bbox 2015 3551 3589 3636">
     <span class='ocr_line' id='line_1_78' title="bbox 2015 3551 3589 3636; baseline 0.011 -31"><span class='ocrx_word' id='word_1_604' title='bbox 2015 3551 2146 3618; x_wconf 78' lang='lat' dir='ltr'><strong>tam,</strong></span> <span class='ocrx_word' id='word_1_605' title='bbox 2182 3570 2345 3627; x_wconf 83' lang='lat' dir='ltr'><strong>qqam</strong></span> <span class='ocrx_word' id='word_1_606' title='bbox 2383 3558 2638 3627; x_wconf 83' lang='lat' dir='ltr'><strong>perfectis</strong></span> <span class='ocrx_word' id='word_1_607' title='bbox 2660 3568 2717 3615; x_wconf 88' lang='lat' dir='ltr'><strong>et</strong></span> <span class='ocrx_word' id='word_1_608' title='bbox 2748 3563 3079 3632; x_wconf 86' lang='lat' dir='ltr'><strong>sapientibus</strong></span> <span class='ocrx_word' id='word_1_609' title='bbox 3117 3565 3447 3636; x_wconf 88' lang='lat' dir='ltr'><strong>loqueretur.</strong></span> <span class='ocrx_word' id='word_1_610' title='bbox 3473 3567 3589 3636; x_wconf 88' lang='lat' dir='ltr'><strong>Qun</strong></span> 
     </span>
    </p>
   </div>
   <div class='ocr_carea' id='block_1_79' title="bbox 2012 3643 3591 3732">
    <p class='ocr_par' dir='ltr' id='par_1_79' title="bbox 2012 3643 3591 3732">
     <span class='ocr_line' id='line_1_79' title="bbox 2012 3643 3591 3732; baseline 0.013 -37"><span class='ocrx_word' id='word_1_611' title='bbox 2012 3643 2174 3697; x_wconf 84' lang='lat' dir='ltr'><strong>modo</strong></span> <span class='ocrx_word' id='word_1_612' title='bbox 2198 3655 2377 3700; x_wconf 90' lang='lat' dir='ltr'><strong>autem</strong></span> <span class='ocrx_word' id='word_1_613' title='bbox 2406 3656 2461 3702; x_wconf 91' lang='lat' dir='ltr'><strong>et</strong></span> <span class='ocrx_word' id='word_1_614' title='bbox 2501 3649 2912 3719; x_wconf 69' lang='lat' dir='ltr'><strong>insipientibus?</strong></span> <span class='ocrx_word' id='word_1_615' title='bbox 2940 3653 2995 3707; x_wconf 90' lang='lat' dir='ltr'><strong>ln</strong></span> <span class='ocrx_word' id='word_1_616' title='bbox 3026 3670 3133 3724; x_wconf 90' lang='lat' dir='ltr'><strong>quo</strong></span> <span class='ocrx_word' id='word_1_617' title='bbox 3171 3658 3447 3726; x_wconf 55' lang='lat' dir='ltr'><strong>patientia}</strong></span> <span class='ocrx_word' id='word_1_618' title='bbox 3470 3675 3591 3732; x_wconf 86' lang='lat' dir='ltr'><strong>gra-</strong></span> 
     </span>
    </p>
   </div>
   <div class='ocr_carea' id='block_1_80' title="bbox 2015 3733 3590 3821">
    <p class='ocr_par' dir='ltr' id='par_1_80' title="bbox 2015 3733 3590 3821">
     <span class='ocr_line' id='line_1_80' title="bbox 2015 3733 3590 3821; baseline 0.012 -35"><span class='ocrx_word' id='word_1_619' title='bbox 2015 3733 2144 3787; x_wconf 89' lang='lat' dir='ltr'><strong>tiam</strong></span> <span class='ocrx_word' id='word_1_620' title='bbox 2170 3742 2225 3788; x_wconf 88' lang='lat' dir='ltr'><strong>et</strong></span> <span class='ocrx_word' id='word_1_621' title='bbox 2264 3735 2687 3807; x_wconf 85' lang='lat' dir='ltr'><strong>longanimitatis</strong></span> <span class='ocrx_word' id='word_1_622' title='bbox 2724 3741 2963 3812; x_wconf 88' lang='lat' dir='ltr'><strong>accepit;</strong></span> <span class='ocrx_word' id='word_1_623' title='bbox 3005 3759 3227 3800; x_wconf 75' lang='lat' dir='ltr'><strong>summa:</strong></span> <span class='ocrx_word' id='word_1_624' title='bbox 3266 3747 3464 3802; x_wconf 87' lang='lat' dir='ltr'><strong>etenim</strong></span> <span class='ocrx_word' id='word_1_625' title='bbox 3495 3765 3590 3821; x_wconf 82' lang='lat' dir='ltr'><strong>pa-</strong></span> 
     </span>
    </p>
   </div>
   <div class='ocr_carea' id='block_1_81' title="bbox 2012 3822 3009 3897">
    <p class='ocr_par' dir='ltr' id='par_1_81' title="bbox 2012 3822 3009 3897">
     <span class='ocr_line' id='line_1_81' title="bbox 2012 3822 3009 3897; baseline 0.01 -21"><span class='ocrx_word' id='word_1_626' title='bbox 2012 3822 2217 3878; x_wconf 77' lang='lat' dir='ltr'><strong>tientia:</strong></span> <span class='ocrx_word' id='word_1_627' title='bbox 2243 3824 2387 3878; x_wconf 83' lang='lat' dir='ltr'><strong>ferre</strong></span> <span class='ocrx_word' id='word_1_628' title='bbox 2416 3826 2781 3897; x_wconf 77' lang='lat' dir='ltr'><strong>insipientium</strong></span> <span class='ocrx_word' id='word_1_629' title='bbox 2812 3838 3009 3886; x_wconf 90' lang='lat' dir='ltr'><strong>motus.</strong></span> 
     </span>
    </p>
   </div>
   <div class='ocr_carea' id='block_1_82' title="bbox 2086 3909 3585 3995">
    <p class='ocr_par' dir='ltr' id='par_1_82' title="bbox 2086 3909 3585 3995">
     <span class='ocr_line' id='line_1_82' title="bbox 2086 3909 3585 3995; baseline 0.013 -31"><span class='ocrx_word' id='word_1_630' title='bbox 2086 3909 2212 3966; x_wconf 87' lang='lat' dir='ltr'><strong>Non</strong></span> <span class='ocrx_word' id='word_1_631' title='bbox 2249 3914 2387 3969; x_wconf 86' lang='lat' dir='ltr'><strong>enim</strong></span> <span class='ocrx_word' id='word_1_632' title='bbox 2443 3915 2688 3971; x_wconf 88' lang='lat' dir='ltr'><strong>erubesco</strong></span> <span class='ocrx_word' id='word_1_633' title='bbox 2725 3935 2884 3989; x_wconf 85' lang='lat' dir='ltr'><strong>super</strong></span> <span class='ocrx_word' id='word_1_634' title='bbox 2927 3921 3271 3992; x_wconf 80' lang='lat' dir='ltr'><strong>evangelium.</strong></span> <span class='ocrx_word' id='word_1_635' title='bbox 3327 3925 3440 3983; x_wconf 86' lang='lat' dir='ltr'><strong>Hoc</strong></span> <span class='ocrx_word' id='word_1_636' title='bbox 3482 3937 3585 3995; x_wconf 90' lang='lat' dir='ltr'><strong>est,</strong></span> 
     </span>
    </p>
   </div>
   <div class='ocr_carea' id='block_1_83' title="bbox 2013 4003 3588 4086">
    <p class='ocr_par' dir='ltr' id='par_1_83' title="bbox 2013 4003 3588 4086">
     <span class='ocr_line' id='line_1_83' title="bbox 2013 4003 3588 4086; baseline 0.012 -29"><span class='ocrx_word' id='word_1_637' title='bbox 2013 4003 2157 4059; x_wconf 90' lang='lat' dir='ltr'><strong>sicut</strong></span> <span class='ocrx_word' id='word_1_638' title='bbox 2180 4005 2396 4075; x_wconf 90' lang='lat' dir='ltr'><strong>quidam</strong></span> <span class='ocrx_word' id='word_1_639' title='bbox 2425 4007 2675 4064; x_wconf 74' lang='lat' dir='ltr'><strong>doctores</strong></span> <span class='ocrx_word' id='word_1_640' title='bbox 2703 4004 3112 4080; x_wconf 81' lang='lat' dir='ltr'><strong>erubescebant,</strong></span> <span class='ocrx_word' id='word_1_641' title='bbox 3153 4016 3245 4086; x_wconf 90' lang='lat' dir='ltr'><strong>qui</strong></span> <span class='ocrx_word' id='word_1_642' title='bbox 3287 4017 3588 4076; x_wconf 90' lang='lat' dir='ltr'><strong>doctrinam</strong></span> 
     </span>
    </p>
   </div>
   <div class='ocr_carea' id='block_1_84' title="bbox 2012 4094 3586 4179">
    <p class='ocr_par' dir='ltr' id='par_1_84' title="bbox 2012 4094 3586 4179">
     <span class='ocr_line' id='line_1_84' title="bbox 2012 4094 3586 4179; baseline 0.011 -30"><span class='ocrx_word' id='word_1_643' title='bbox 2012 4094 2289 4150; x_wconf 77' lang='lat' dir='ltr'><strong>ccelestem</strong></span> <span class='ocrx_word' id='word_1_644' title='bbox 2336 4097 2601 4167; x_wconf 86' lang='lat' dir='ltr'><strong>adjunctis</strong></span> <span class='ocrx_word' id='word_1_645' title='bbox 2654 4099 2930 4157; x_wconf 89' lang='lat' dir='ltr'><strong>miraculis</strong></span> <span class='ocrx_word' id='word_1_646' title='bbox 2984 4104 3340 4163; x_wconf 85' lang='lat' dir='ltr'><strong>corroborate</strong></span> <span class='ocrx_word' id='word_1_647' title='bbox 3394 4109 3586 4179; x_wconf 84' lang='lat' dir='ltr'><strong>nequi-</strong></span> 
     </span>
    </p>
   </div>
   <div class='ocr_carea' id='block_1_85' title="bbox 2011 4185 3590 4265">
    <p class='ocr_par' dir='ltr' id='par_1_85' title="bbox 2011 4185 3590 4265">
     <span class='ocr_line' id='line_1_85' title="bbox 2011 4185 3590 4265; baseline 0.011 -26"><span class='ocrx_word' id='word_1_648' title='bbox 2011 4185 2164 4240; x_wconf 87' lang='lat' dir='ltr'><strong>bant.</strong></span> <span class='ocrx_word' id='word_1_649' title='bbox 2199 4185 2378 4243; x_wconf 86' lang='lat' dir='ltr'><strong>Virtus</strong></span> <span class='ocrx_word' id='word_1_650' title='bbox 2403 4192 2541 4243; x_wconf 83' lang='lat' dir='ltr'><strong>enim</strong></span> <span class='ocrx_word' id='word_1_651' title='bbox 2562 4189 2662 4245; x_wconf 87' lang='lat' dir='ltr'><strong>Dei</strong></span> <span class='ocrx_word' id='word_1_652' title='bbox 2691 4201 2911 4259; x_wconf 88' lang='lat' dir='ltr'><strong>est,etc.</strong></span> <span class='ocrx_word' id='word_1_653' title='bbox 2939 4193 3091 4250; x_wconf 83' lang='lat' dir='ltr'><strong>Nulla</strong></span> <span class='ocrx_word' id='word_1_654' title='bbox 3115 4195 3289 4265; x_wconf 86' lang='lat' dir='ltr'><strong>major</strong></span> <span class='ocrx_word' id='word_1_655' title='bbox 3308 4197 3483 4257; x_wconf 90' lang='lat' dir='ltr'><strong>virtus</strong></span> <span class='ocrx_word' id='word_1_656' title='bbox 3507 4212 3590 4258; x_wconf 89' lang='lat' dir='ltr'><strong>est</strong></span> 
     </span>
    </p>
   </div>
   <div class='ocr_carea' id='block_1_86' title="bbox 2012 4281 3591 4363">
    <p class='ocr_par' dir='ltr' id='par_1_86' title="bbox 2012 4281 3591 4363">
     <span class='ocr_line' id='line_1_86' title="bbox 2012 4281 3591 4363; baseline 0.011 -32"><span class='ocrx_word' id='word_1_657' title='bbox 2012 4292 2172 4347; x_wconf 89' lang='lat' dir='ltr'><strong>quam</strong></span> <span class='ocrx_word' id='word_1_658' title='bbox 2199 4295 2336 4348; x_wconf 70' lang='lat' dir='ltr'><strong>qum,</strong></span> <span class='ocrx_word' id='word_1_659' title='bbox 2365 4281 2573 4336; x_wconf 88' lang='lat' dir='ltr'><strong>devicta</strong></span> <span class='ocrx_word' id='word_1_660' title='bbox 2602 4291 2793 4350; x_wconf 90' lang='lat' dir='ltr'><strong>morte,</strong></span> <span class='ocrx_word' id='word_1_661' title='bbox 2826 4286 3029 4340; x_wconf 91' lang='lat' dir='ltr'><strong>homini</strong></span> <span class='ocrx_word' id='word_1_662' title='bbox 3056 4290 3323 4363; x_wconf 75' lang='lat' dir='ltr'><strong>perditam</strong></span> <span class='ocrx_word' id='word_1_663' title='bbox 3360 4292 3591 4348; x_wconf 85' lang='lat' dir='ltr'><strong>reddidit</strong></span> 
     </span>
    </p>
   </div>
   <div class='ocr_carea' id='block_1_87' title="bbox 2012 4372 3586 4442">
    <p class='ocr_par' dir='ltr' id='par_1_87' title="bbox 2012 4372 3586 4442">
     <span class='ocr_line' id='line_1_87' title="bbox 2012 4372 3586 4442; baseline 0.009 -18"><span class='ocrx_word' id='word_1_664' title='bbox 2012 4372 2203 4438; x_wconf 89' lang='lat' dir='ltr'><strong>vitam,</strong></span> <span class='ocrx_word' id='word_1_665' title='bbox 2228 4374 2477 4442; x_wconf 89' lang='lat' dir='ltr'><strong>quamvis</strong></span> <span class='ocrx_word' id='word_1_666' title='bbox 2504 4373 2795 4430; x_wconf 87' lang='lat' dir='ltr'><strong>incredulis</strong></span> <span class='ocrx_word' id='word_1_667' title='bbox 2828 4375 3111 4433; x_wconf 89' lang='lat' dir='ltr'><strong>inﬁrmitas</strong></span> <span class='ocrx_word' id='word_1_668' title='bbox 3141 4380 3456 4437; x_wconf 87' lang='lat' dir='ltr'><strong>videbatur?</strong></span> <span class='ocrx_word' id='word_1_669' title='bbox 3485 4383 3586 4438; x_wconf 83' lang='lat' dir='ltr'><strong>De-</strong></span> 
     </span>
    </p>
   </div>
   <div class='ocr_carea' id='block_1_88' title="bbox 322 4465 3587 4574">
    <p class='ocr_par' dir='ltr' id='par_1_88' title="bbox 322 4465 3587 4574">
     <span class='ocr_line' id='line_1_88' title="bbox 322 4465 3587 4574; baseline 0.004 -46"><span class='ocrx_word' id='word_1_670' title='bbox 322 4477 486 4530; x_wconf 82' lang='lat' dir='ltr'><strong>baton</strong></span> <span class='ocrx_word' id='word_1_671' title='bbox 517 4476 572 4529; x_wconf 92' lang='lat' dir='ltr'><strong>in</strong></span> <span class='ocrx_word' id='word_1_672' title='bbox 620 4476 724 4531; x_wconf 90' lang='lat' dir='ltr'><strong>hoc</strong></span> <span class='ocrx_word' id='word_1_673' title='bbox 757 4477 895 4544; x_wconf 90' lang='lat' dir='ltr'><strong>loco,</strong></span> <span class='ocrx_word' id='word_1_674' title='bbox 937 4486 1024 4533; x_wconf 88' lang='lat' dir='ltr'><strong>est</strong></span> <span class='ocrx_word' id='word_1_675' title='bbox 1046 4486 1100 4532; x_wconf 87' lang='lat' dir='ltr'><strong>et</strong></span> <span class='ocrx_word' id='word_1_676' title='bbox 1126 4478 1413 4534; x_wconf 88' lang='lat' dir='ltr'><strong>locutionis</strong></span> <span class='ocrx_word' id='word_1_677' title='bbox 1440 4477 1689 4534; x_wconf 82' lang='lat' dir='ltr'><strong>defectio.</strong></span> <span class='ocrx_word' id='word_1_678' title='bbox 1728 4478 1786 4535; x_wconf 89' lang='lat' dir='ltr'><strong>Si</strong></span> <span class='ocrx_word' id='word_1_679' title='bbox 1814 4481 1911 4552; x_wconf 88' lang='lat' dir='ltr'><strong>by-</strong></span> <span class='ocrx_word' id='word_1_680' title='bbox 1934 4513 1988 4574; x_wconf 67' lang='grc' dir='ltr'><strong>Β</strong></span> <span class='ocrx_word' id='word_1_681' title='bbox 2015 4465 2517 4574; x_wconf 28' lang='grc' dir='ltr'><strong>Ωιιξοιιῖθξεοιιιξιίι]</strong></span> <span class='ocrx_word' id='word_1_682' title='bbox 2554 4466 3012 4574; x_wconf 53' lang='grc' dir='ltr'><strong>ξξιςναηξξυξίυωι</strong></span> <span class='ocrx_word' id='word_1_683' title='bbox 3045 4471 3389 4574; x_wconf 31' lang='lat' dir='ltr'><strong>pronuntiat:</strong></span> <span class='ocrx_word' id='word_1_684' title='bbox 3412 4470 3587 4574; x_wconf 59' lang='lat' dir='ltr'><strong>l&#39;jrtuf</strong></span> 
     </span>
    </p>
   </div>
   <div class='ocr_carea' id='block_1_89' title="bbox 319 4567 1907 4640">
    <p class='ocr_par' dir='ltr' id='par_1_89' title="bbox 319 4567 1907 4640">
     <span class='ocr_line' id='line_1_89' title="bbox 319 4567 1907 4640; baseline 0.003 -20"><span class='ocrx_word' id='word_1_685' title='bbox 319 4569 602 4636; x_wconf 85' lang='lat' dir='ltr'><strong>perhaton,</strong></span> <span class='ocrx_word' id='word_1_686' title='bbox 636 4567 741 4623; x_wconf 85' lang='lat' dir='ltr'><strong>hoc</strong></span> <span class='ocrx_word' id='word_1_687' title='bbox 768 4569 930 4625; x_wconf 89' lang='lat' dir='ltr'><strong>modo</strong></span> <span class='ocrx_word' id='word_1_688' title='bbox 954 4570 1182 4626; x_wconf 89' lang='lat' dir='ltr'><strong>reddere</strong></span> <span class='ocrx_word' id='word_1_689' title='bbox 1207 4585 1496 4640; x_wconf 89' lang='lat' dir='ltr'><strong>possumus</strong></span> <span class='ocrx_word' id='word_1_690' title='bbox 1520 4588 1534 4624; x_wconf 89' lang='lat'><strong>:</strong></span> <span class='ocrx_word' id='word_1_691' title='bbox 1564 4569 1699 4627; x_wconf 85' lang='lat' dir='ltr'><strong>Nolo</strong></span> <span class='ocrx_word' id='word_1_692' title='bbox 1725 4579 1907 4626; x_wconf 88' lang='lat' dir='ltr'><strong>autem</strong></span> 
     </span>
    </p>
   </div>
   <div class='ocr_carea' id='block_1_90' title="bbox 323 4655 1906 4730">
    <p class='ocr_par' dir='ltr' id='par_1_90' title="bbox 323 4655 1906 4730">
     <span class='ocr_line' id='line_1_90' title="bbox 323 4655 1906 4730; baseline 0.005 -22"><span class='ocrx_word' id='word_1_693' title='bbox 323 4655 575 4725; x_wconf 84' lang='lat' dir='ltr'><strong>ignorare</strong></span> <span class='ocrx_word' id='word_1_694' title='bbox 604 4671 724 4721; x_wconf 89' lang='lat' dir='ltr'><strong>vos,</strong></span> <span class='ocrx_word' id='word_1_695' title='bbox 748 4656 966 4724; x_wconf 76' lang='lat' dir='ltr'><strong>fratres,</strong></span> <span class='ocrx_word' id='word_1_696' title='bbox 989 4659 1114 4729; x_wconf 88' lang='lat' dir='ltr'><strong>quia</strong></span> <span class='ocrx_word' id='word_1_697' title='bbox 1145 4675 1288 4730; x_wconf 66' lang='lat' dir='ltr'><strong>saepe</strong></span> <span class='ocrx_word' id='word_1_698' title='bbox 1314 4660 1571 4730; x_wconf 88' lang='lat' dir='ltr'><strong>proposui</strong></span> <span class='ocrx_word' id='word_1_699' title='bbox 1612 4661 1800 4716; x_wconf 91' lang='lat' dir='ltr'><strong>venire</strong></span> <span class='ocrx_word' id='word_1_700' title='bbox 1837 4661 1906 4716; x_wconf 89' lang='lat' dir='ltr'><strong>ad</strong></span> 
     </span>
    </p>
   </div>
   <div class='ocr_carea' id='block_1_91' title="bbox 324 4747 1908 4818">
    <p class='ocr_par' dir='ltr' id='par_1_91' title="bbox 324 4747 1908 4818">
     <span class='ocr_line' id='line_1_91' title="bbox 324 4747 1908 4818; baseline 0.007 -21"><span class='ocrx_word' id='word_1_701' title='bbox 324 4755 535 4809; x_wconf 76' lang='lat' dir='ltr'><strong>vos,,ut</strong></span> <span class='ocrx_word' id='word_1_702' title='bbox 562 4747 798 4818; x_wconf 82' lang='lat' dir='ltr'><strong>aliquem</strong></span> <span class='ocrx_word' id='word_1_703' title='bbox 826 4747 1065 4805; x_wconf 82' lang='lat' dir='ltr'><strong>fructum</strong></span> <span class='ocrx_word' id='word_1_704' title='bbox 1111 4750 1343 4806; x_wconf 87' lang='lat' dir='ltr'><strong>habeam</strong></span> <span class='ocrx_word' id='word_1_705' title='bbox 1385 4749 1439 4805; x_wconf 88' lang='lat' dir='ltr'><strong>in</strong></span> <span class='ocrx_word' id='word_1_706' title='bbox 1480 4750 1652 4813; x_wconf 87' lang='lat' dir='ltr'><strong>vobis,</strong></span> <span class='ocrx_word' id='word_1_707' title='bbox 1681 4751 1826 4806; x_wconf 89' lang='lat' dir='ltr'><strong>sicut</strong></span> <span class='ocrx_word' id='word_1_708' title='bbox 1852 4759 1908 4808; x_wconf 89' lang='lat' dir='ltr'><strong>et</strong></span> 
     </span>
    </p>
   </div>
   <div class='ocr_carea' id='block_1_92' title="bbox 322 4836 1905 4911">
    <p class='ocr_par' dir='ltr' id='par_1_92' title="bbox 322 4836 1905 4911">
     <span class='ocr_line' id='line_1_92' title="bbox 322 4836 1905 4911; baseline 0.005 -22"><span class='ocrx_word' id='word_1_709' title='bbox 322 4836 379 4889; x_wconf 90' lang='lat' dir='ltr'><strong>in</strong></span> <span class='ocrx_word' id='word_1_710' title='bbox 416 4838 630 4892; x_wconf 68' lang='lat' dir='ltr'><strong>caneris</strong></span> <span class='ocrx_word' id='word_1_711' title='bbox 660 4839 934 4910; x_wconf 87' lang='lat' dir='ltr'><strong>gentibus,</strong></span> <span class='ocrx_word' id='word_1_712' title='bbox 961 4839 1166 4896; x_wconf 65' lang='lat' dir='ltr'><strong>Graecis</strong></span> <span class='ocrx_word' id='word_1_713' title='bbox 1191 4848 1249 4896; x_wconf 89' lang='lat' dir='ltr'><strong>et</strong></span> <span class='ocrx_word' id='word_1_714' title='bbox 1273 4840 1545 4908; x_wconf 88' lang='lat' dir='ltr'><strong>barbaris,</strong></span> <span class='ocrx_word' id='word_1_715' title='bbox 1568 4841 1905 4911; x_wconf 85' lang='lat' dir='ltr'><strong>sapientibus</strong></span> 
     </span>
    </p>
   </div>
   <div class='ocr_carea' id='block_1_93' title="bbox 320 4926 1906 5003">
    <p class='ocr_par' dir='ltr' id='par_1_93' title="bbox 320 4926 1906 5003">
     <span class='ocr_line' id='line_1_93' title="bbox 320 4926 1906 5003; baseline 0.007 -23"><span class='ocrx_word' id='word_1_716' title='bbox 320 4935 377 4981; x_wconf 80' lang='lat' dir='ltr'><strong>et</strong></span> <span class='ocrx_word' id='word_1_717' title='bbox 408 4926 805 4999; x_wconf 86' lang='lat' dir='ltr'><strong>insipientibus,</strong></span> <span class='ocrx_word' id='word_1_718' title='bbox 831 4940 887 4987; x_wconf 93' lang='lat' dir='ltr'><strong>et</strong></span> <span class='ocrx_word' id='word_1_719' title='bbox 916 4932 1218 5003; x_wconf 88' lang='lat' dir='ltr'><strong>prohibitus</strong></span> <span class='ocrx_word' id='word_1_720' title='bbox 1244 4948 1365 4988; x_wconf 91' lang='lat' dir='ltr'><strong>sum</strong></span> <span class='ocrx_word' id='word_1_721' title='bbox 1392 4948 1563 5003; x_wconf 91' lang='lat' dir='ltr'><strong>usque</strong></span> <span class='ocrx_word' id='word_1_722' title='bbox 1584 4934 1777 4990; x_wconf 90' lang='lat' dir='ltr'><strong>adhuc.</strong></span> <span class='ocrx_word' id='word_1_723' title='bbox 1802 4934 1906 4991; x_wconf 89' lang='lat' dir='ltr'><strong>De-</strong></span> 
     </span>
    </p>
   </div>
   <div class='ocr_carea' id='block_1_94' title="bbox 321 5015 1905 5096">
    <p class='ocr_par' dir='ltr' id='par_1_94' title="bbox 321 5015 1905 5096">
     <span class='ocr_line' id='line_1_94' title="bbox 321 5015 1905 5096; baseline 0.006 -25"><span class='ocrx_word' id='word_1_724' title='bbox 321 5018 483 5074; x_wconf 77' lang='lat' dir='ltr'><strong>iectio</strong></span> <span class='ocrx_word' id='word_1_725' title='bbox 506 5035 640 5076; x_wconf 79' lang='lat' dir='ltr'><strong>vero</strong></span> <span class='ocrx_word' id='word_1_726' title='bbox 663 5015 995 5079; x_wconf 73' lang='lat' dir='ltr'><strong>elocutionis</strong></span> <span class='ocrx_word' id='word_1_727' title='bbox 1015 5024 1117 5080; x_wconf 88' lang='lat' dir='ltr'><strong>hoc</strong></span> <span class='ocrx_word' id='word_1_728' title='bbox 1140 5024 1301 5079; x_wconf 86' lang='lat' dir='ltr'><strong>modo</strong></span> <span class='ocrx_word' id='word_1_729' title='bbox 1327 5024 1728 5096; x_wconf 79' lang='lat' dir='ltr'><strong>adintplebitur,</strong></span> <span class='ocrx_word' id='word_1_730' title='bbox 1757 5026 1812 5080; x_wconf 91' lang='lat' dir='ltr'><strong>in</strong></span> <span class='ocrx_word' id='word_1_731' title='bbox 1838 5020 1905 5081; x_wconf 77' lang='lat' dir='ltr'><strong>eo</strong></span> 
     </span>
    </p>
   </div>
   <div class='ocr_carea' id='block_1_95' title="bbox 322 5110 1898 5186">
    <p class='ocr_par' dir='ltr' id='par_1_95' title="bbox 322 5110 1898 5186">
     <span class='ocr_line' id='line_1_95' title="bbox 322 5110 1898 5186; baseline 0.006 -24"><span class='ocrx_word' id='word_1_732' title='bbox 322 5110 413 5164; x_wconf 86' lang='lat' dir='ltr'><strong>ubi</strong></span> <span class='ocrx_word' id='word_1_733' title='bbox 438 5111 598 5167; x_wconf 87' lang='lat' dir='ltr'><strong>dicit:</strong></span> <span class='ocrx_word' id='word_1_734' title='bbox 622 5112 692 5166; x_wconf 82' lang='lat' dir='ltr'><strong>Et</strong></span> <span class='ocrx_word' id='word_1_735' title='bbox 718 5114 774 5167; x_wconf 89' lang='lat' dir='ltr'><strong>in</strong></span> <span class='ocrx_word' id='word_1_736' title='bbox 805 5115 1009 5170; x_wconf 68' lang='lat' dir='ltr'><strong>testeris</strong></span> <span class='ocrx_word' id='word_1_737' title='bbox 1028 5114 1289 5186; x_wconf 85' lang='lat' dir='ltr'><strong>gentibus,</strong></span> <span class='ocrx_word' id='word_1_738' title='bbox 1318 5112 1516 5170; x_wconf 75' lang='lat' dir='ltr'><strong>Cressis</strong></span> <span class='ocrx_word' id='word_1_739' title='bbox 1538 5131 1601 5169; x_wconf 89' lang='lat' dir='ltr'><strong>ac</strong></span> <span class='ocrx_word' id='word_1_740' title='bbox 1638 5114 1898 5181; x_wconf 88' lang='lat' dir='ltr'><strong>barbaris,</strong></span> 
     </span>
    </p>
   </div>
   <div class='ocr_carea' id='block_1_96' title="bbox 316 5200 1901 5278">
    <p class='ocr_par' dir='ltr' id='par_1_96' title="bbox 316 5200 1901 5278">
     <span class='ocr_line' id='line_1_96' title="bbox 316 5200 1901 5278; baseline 0.006 -23"><span class='ocrx_word' id='word_1_741' title='bbox 316 5203 639 5270; x_wconf 75' lang='lat' dir='ltr'><strong>sapientibus</strong></span> <span class='ocrx_word' id='word_1_742' title='bbox 682 5212 732 5258; x_wconf 83' lang='lat' dir='ltr'><strong>et</strong></span> <span class='ocrx_word' id='word_1_743' title='bbox 774 5203 1159 5276; x_wconf 85' lang='lat' dir='ltr'><strong>insipientibus,</strong></span> <span class='ocrx_word' id='word_1_744' title='bbox 1201 5206 1414 5262; x_wconf 88' lang='lat' dir='ltr'><strong>videtur</strong></span> <span class='ocrx_word' id='word_1_745' title='bbox 1460 5200 1679 5274; x_wconf 81' lang='lat' dir='ltr'><strong>deesse,</strong></span> <span class='ocrx_word' id='word_1_746' title='bbox 1714 5209 1901 5278; x_wconf 89' lang='lat' dir='ltr'><strong>quibus</strong></span> 
     </span>
    </p>
   </div>
   <div class='ocr_carea' id='block_1_97' title="bbox 316 5295 1905 5371">
    <p class='ocr_par' dir='ltr' id='par_1_97' title="bbox 316 5295 1905 5371">
     <span class='ocr_line' id='line_1_97' title="bbox 316 5295 1905 5371; baseline 0.005 -23"><span class='ocrx_word' id='word_1_747' title='bbox 316 5295 525 5350; x_wconf 81' lang='lat' dir='ltr'><strong>debitor</strong></span> <span class='ocrx_word' id='word_1_748' title='bbox 548 5314 666 5352; x_wconf 68' lang='lat' dir='ltr'><strong>sum</strong></span> <span class='ocrx_word' id='word_1_749' title='bbox 688 5313 707 5352; x_wconf 92' lang='lat'><strong><em>:</em></strong></span> <span class='ocrx_word' id='word_1_750' title='bbox 739 5307 800 5354; x_wconf 92' lang='lat' dir='ltr'><strong>ut</strong></span> <span class='ocrx_word' id='word_1_751' title='bbox 839 5298 913 5355; x_wconf 88' lang='lat' dir='ltr'><strong>sit</strong></span> <span class='ocrx_word' id='word_1_752' title='bbox 943 5298 1065 5354; x_wconf 89' lang='lat' dir='ltr'><strong>talis</strong></span> <span class='ocrx_word' id='word_1_753' title='bbox 1109 5299 1441 5355; x_wconf 89' lang='lat' dir='ltr'><strong>consuetudo</strong></span> <span class='ocrx_word' id='word_1_754' title='bbox 1478 5298 1609 5371; x_wconf 79' lang='lat' dir='ltr'><strong>[Al.,</strong></span> <span class='ocrx_word' id='word_1_755' title='bbox 1637 5300 1905 5371; x_wconf 88' lang='lat' dir='ltr'><strong>composi-</strong></span> 
     </span>
    </p>
   </div>
   <div class='ocr_carea' id='block_1_98' title="bbox 317 5389 1904 5463">
    <p class='ocr_par' dir='ltr' id='par_1_98' title="bbox 317 5389 1904 5463">
     <span class='ocr_line' id='line_1_98' title="bbox 317 5389 1904 5463; baseline 0.003 -19"><span class='ocrx_word' id='word_1_756' title='bbox 317 5389 425 5463; x_wconf 80' lang='lat' dir='ltr'><strong>tio]</strong></span> <span class='ocrx_word' id='word_1_757' title='bbox 451 5410 466 5445; x_wconf 88' lang='lat'><strong>:</strong></span> <span class='ocrx_word' id='word_1_758' title='bbox 500 5392 656 5448; x_wconf 77' lang='lat' dir='ltr'><strong>Sicut</strong></span> <span class='ocrx_word' id='word_1_759' title='bbox 697 5391 934 5449; x_wconf 76' lang='lat' dir='ltr'><strong>fructum</strong></span> <span class='ocrx_word' id='word_1_760' title='bbox 962 5394 1135 5449; x_wconf 87' lang='lat' dir='ltr'><strong>habeo</strong></span> <span class='ocrx_word' id='word_1_761' title='bbox 1162 5402 1217 5448; x_wconf 86' lang='lat' dir='ltr'><strong>et</strong></span> <span class='ocrx_word' id='word_1_762' title='bbox 1247 5392 1301 5447; x_wconf 91' lang='lat' dir='ltr'><strong>in</strong></span> <span class='ocrx_word' id='word_1_763' title='bbox 1327 5394 1561 5460; x_wconf 77' lang='lat' dir='ltr'><strong>ezeteris,</strong></span> <span class='ocrx_word' id='word_1_764' title='bbox 1602 5392 1807 5450; x_wconf 68' lang='lat' dir='ltr'><strong>Graecis</strong></span> <span class='ocrx_word' id='word_1_765' title='bbox 1848 5405 1904 5449; x_wconf 88' lang='lat' dir='ltr'><strong>et</strong></span> 
     </span>
    </p>
   </div>
   <div class='ocr_carea' id='block_1_99' title="bbox 318 5484 1903 5558">
    <p class='ocr_par' dir='ltr' id='par_1_99' title="bbox 318 5484 1903 5558">
     <span class='ocr_line' id='line_1_99' title="bbox 318 5484 1903 5558; baseline 0.001 -19"><span class='ocrx_word' id='word_1_766' title='bbox 318 5485 591 5550; x_wconf 82' lang='lat' dir='ltr'><strong>barbaris,</strong></span> <span class='ocrx_word' id='word_1_767' title='bbox 636 5487 975 5558; x_wconf 84' lang='lat' dir='ltr'><strong>sapientibus</strong></span> <span class='ocrx_word' id='word_1_768' title='bbox 1000 5495 1058 5541; x_wconf 90' lang='lat' dir='ltr'><strong>et</strong></span> <span class='ocrx_word' id='word_1_769' title='bbox 1094 5484 1491 5556; x_wconf 83' lang='lat' dir='ltr'><strong>insipientibus,</strong></span> <span class='ocrx_word' id='word_1_770' title='bbox 1531 5487 1727 5556; x_wconf 90' lang='lat' dir='ltr'><strong>quibus</strong></span> <span class='ocrx_word' id='word_1_771' title='bbox 1755 5486 1903 5542; x_wconf 88' lang='lat' dir='ltr'><strong>debi-</strong></span> 
     </span>
    </p>
   </div>
   <div class='ocr_carea' id='block_1_100' title="bbox 316 5577 1903 5648">
    <p class='ocr_par' dir='ltr' id='par_1_100' title="bbox 316 5577 1903 5648">
     <span class='ocr_line' id='line_1_100' title="bbox 316 5577 1903 5648; baseline 0.001 -19"><span class='ocrx_word' id='word_1_772' title='bbox 316 5585 405 5629; x_wconf 89' lang='lat' dir='ltr'><strong>tor</strong></span> <span class='ocrx_word' id='word_1_773' title='bbox 445 5593 563 5631; x_wconf 86' lang='lat' dir='ltr'><strong>sum</strong></span> <span class='ocrx_word' id='word_1_774' title='bbox 610 5596 622 5631; x_wconf 88' lang='lat'>:</span> <span class='ocrx_word' id='word_1_775' title='bbox 655 5579 734 5632; x_wconf 85' lang='lat' dir='ltr'><strong>ita</strong></span> <span class='ocrx_word' id='word_1_776' title='bbox 767 5577 911 5648; x_wconf 80' lang='lat' dir='ltr'><strong>quod</strong></span> <span class='ocrx_word' id='word_1_777' title='bbox 944 5578 1001 5632; x_wconf 89' lang='lat' dir='ltr'><strong>in</strong></span> <span class='ocrx_word' id='word_1_778' title='bbox 1036 5593 1118 5632; x_wconf 86' lang='lat' dir='ltr'><strong>me</strong></span> <span class='ocrx_word' id='word_1_779' title='bbox 1144 5586 1250 5640; x_wconf 87' lang='lat' dir='ltr'><strong>est,</strong></span> <span class='ocrx_word' id='word_1_780' title='bbox 1286 5586 1554 5647; x_wconf 87' lang='lat' dir='ltr'><strong>promptus</strong></span> <span class='ocrx_word' id='word_1_781' title='bbox 1590 5593 1706 5631; x_wconf 87' lang='lat' dir='ltr'><strong>sum</strong></span> <span class='ocrx_word' id='word_1_782' title='bbox 1743 5577 1903 5631; x_wconf 86' lang='lat' dir='ltr'><strong>etiam</strong></span> 
     </span>
    </p>
   </div>
   <div class='ocr_carea' id='block_1_101' title="bbox 318 5668 1902 5741">
    <p class='ocr_par' dir='ltr' id='par_1_101' title="bbox 318 5668 1902 5741">
     <span class='ocr_line' id='line_1_101' title="bbox 318 5668 1902 5741; baseline 0.001 -18"><span class='ocrx_word' id='word_1_783' title='bbox 318 5670 457 5723; x_wconf 74' lang='lat' dir='ltr'><strong>rubis</strong></span> <span class='ocrx_word' id='word_1_784' title='bbox 483 5672 574 5741; x_wconf 81' lang='lat' dir='ltr'><strong>qui</strong></span> <span class='ocrx_word' id='word_1_785' title='bbox 615 5670 801 5726; x_wconf 75' lang='lat' dir='ltr'><strong>Roma:</strong></span> <span class='ocrx_word' id='word_1_786' title='bbox 824 5672 970 5735; x_wconf 83' lang='lat' dir='ltr'><strong>estis,</strong></span> <span class='ocrx_word' id='word_1_787' title='bbox 1006 5668 1384 5739; x_wconf 78' lang='lat' dir='ltr'><strong>euangelizare,</strong></span> <span class='ocrx_word' id='word_1_788' title='bbox 1406 5678 1454 5722; x_wconf 88' lang='lat' dir='ltr'><strong>et</strong></span> <span class='ocrx_word' id='word_1_789' title='bbox 1483 5668 1753 5741; x_wconf 67' lang='lat' dir='ltr'><strong>[:\l.,&#39;sed]</strong></span> <span class='ocrx_word' id='word_1_790' title='bbox 1781 5684 1902 5739; x_wconf 83' lang='lat' dir='ltr'><strong>pra—</strong></span> 
     </span>
    </p>
   </div>
   <div class='ocr_carea' id='block_1_102' title="bbox 317 5759 1899 5839">
    <p class='ocr_par' dir='ltr' id='par_1_102' title="bbox 317 5759 1899 5839">
     <span class='ocr_line' id='line_1_102' title="bbox 317 5759 1899 5839; baseline 0.002 -27"><span class='ocrx_word' id='word_1_791' title='bbox 317 5760 511 5815; x_wconf 76' lang='lat' dir='ltr'><strong>bibims</strong></span> <span class='ocrx_word' id='word_1_792' title='bbox 565 5780 703 5819; x_wconf 83' lang='lat' dir='ltr'><strong>sum.</strong></span> <span class='ocrx_word' id='word_1_793' title='bbox 746 5763 1027 5839; x_wconf 63' lang='lat' dir='ltr'><strong>Siquidem</strong></span> <span class='ocrx_word' id='word_1_794' title='bbox 1076 5778 1105 5816; x_wconf 69' lang='grc' dir='ltr'>ει</span> <span class='ocrx_word' id='word_1_795' title='bbox 1155 5761 1262 5815; x_wconf 85' lang='lat' dir='ltr'><strong>Deo</strong></span> <span class='ocrx_word' id='word_1_796' title='bbox 1310 5766 1529 5829; x_wconf 86' lang='lat' dir='ltr'><strong>putetur</strong></span> <span class='ocrx_word' id='word_1_797' title='bbox 1575 5759 1899 5830; x_wconf 82' lang='lat' dir='ltr'><strong>prohibitus,</strong></span> 
     </span>
    </p>
   </div>
   <div class='ocr_carea' id='block_1_103' title="bbox 2011 4557 3586 4632">
    <p class='ocr_par' dir='ltr' id='par_1_103' title="bbox 2011 4557 3586 4632">
     <span class='ocr_line' id='line_1_103' title="bbox 2011 4557 3586 4632; baseline 0.004 -19"><span class='ocrx_word' id='word_1_798' title='bbox 2011 4559 2151 4613; x_wconf 83' lang='lat' dir='ltr'><strong>enim</strong></span> <span class='ocrx_word' id='word_1_799' title='bbox 2181 4557 2280 4612; x_wconf 87' lang='lat' dir='ltr'><strong>Dei</strong></span> <span class='ocrx_word' id='word_1_800' title='bbox 2307 4567 2406 4624; x_wconf 87' lang='lat' dir='ltr'><strong>est,</strong></span> <span class='ocrx_word' id='word_1_801' title='bbox 2435 4559 2628 4628; x_wconf 90' lang='lat' dir='ltr'><strong>inquit,</strong></span> <span class='ocrx_word' id='word_1_802' title='bbox 2653 4560 2708 4613; x_wconf 87' lang='lat' dir='ltr'><strong>in</strong></span> <span class='ocrx_word' id='word_1_803' title='bbox 2733 4559 2957 4615; x_wconf 81' lang='lat' dir='ltr'><strong>salutem</strong></span> <span class='ocrx_word' id='word_1_804' title='bbox 2991 4561 3133 4616; x_wconf 85' lang='lat' dir='ltr'><strong>omni</strong></span> <span class='ocrx_word' id='word_1_805' title='bbox 3160 4562 3408 4618; x_wconf 85' lang='lat' dir='ltr'><strong>credenti.</strong></span> <span class='ocrx_word' id='word_1_806' title='bbox 3434 4563 3586 4632; x_wconf 88' lang='lat' dir='ltr'><strong>Quod</strong></span> 
     </span>
    </p>
   </div>
   <div class='ocr_carea' id='block_1_104' title="bbox 2012 4648 3588 4721">
    <p class='ocr_par' dir='ltr' id='par_1_104' title="bbox 2012 4648 3588 4721">
     <span class='ocr_line' id='line_1_104' title="bbox 2012 4648 3588 4721; baseline 0.004 -19"><span class='ocrx_word' id='word_1_807' title='bbox 2012 4658 2191 4703; x_wconf 86' lang='lat' dir='ltr'><strong>autem</strong></span> <span class='ocrx_word' id='word_1_808' title='bbox 2226 4648 2363 4704; x_wconf 74' lang='lat' dir='ltr'><strong>dixit</strong></span> <span class='ocrx_word' id='word_1_809' title='bbox 2400 4651 2542 4719; x_wconf 91' lang='lat' dir='ltr'><strong>quod</strong></span> <span class='ocrx_word' id='word_1_810' title='bbox 2573 4652 2745 4706; x_wconf 88' lang='lat' dir='ltr'><strong>virtus</strong></span> <span class='ocrx_word' id='word_1_811' title='bbox 2772 4651 2867 4707; x_wconf 87' lang='lat' dir='ltr'><strong>Dei</strong></span> <span class='ocrx_word' id='word_1_812' title='bbox 2895 4664 2979 4707; x_wconf 90' lang='lat' dir='ltr'><strong>est</strong></span> <span class='ocrx_word' id='word_1_813' title='bbox 3007 4653 3058 4707; x_wconf 91' lang='lat' dir='ltr'><strong>in</strong></span> <span class='ocrx_word' id='word_1_814' title='bbox 3086 4653 3336 4721; x_wconf 84' lang='lat' dir='ltr'><strong>salutem,</strong></span> <span class='ocrx_word' id='word_1_815' title='bbox 3377 4656 3588 4710; x_wconf 87' lang='lat' dir='ltr'><strong>videtur</strong></span> 
     </span>
    </p>
   </div>
   <div class='ocr_carea' id='block_1_105' title="bbox 2010 4740 3585 4815">
    <p class='ocr_par' dir='ltr' id='par_1_105' title="bbox 2010 4740 3585 4815">
     <span class='ocr_line' id='line_1_105' title="bbox 2010 4740 3585 4815; baseline 0.004 -20"><span class='ocrx_word' id='word_1_816' title='bbox 2010 4740 2329 4807; x_wconf 85' lang='lat' dir='ltr'><strong>ostendere,</strong></span> <span class='ocrx_word' id='word_1_817' title='bbox 2361 4743 2505 4811; x_wconf 88' lang='lat' dir='ltr'><strong>quod</strong></span> <span class='ocrx_word' id='word_1_818' title='bbox 2553 4742 2624 4797; x_wconf 91' lang='lat' dir='ltr'><strong>sit</strong></span> <span class='ocrx_word' id='word_1_819' title='bbox 2660 4743 2842 4813; x_wconf 89' lang='lat' dir='ltr'><strong>aliqua</strong></span> <span class='ocrx_word' id='word_1_820' title='bbox 2872 4744 3041 4805; x_wconf 89' lang='lat' dir='ltr'><strong>virtus</strong></span> <span class='ocrx_word' id='word_1_821' title='bbox 3087 4745 3180 4800; x_wconf 90' lang='lat' dir='ltr'><strong>Dei</strong></span> <span class='ocrx_word' id='word_1_822' title='bbox 3218 4761 3338 4815; x_wconf 78' lang='lat' dir='ltr'><strong>qua:</strong></span> <span class='ocrx_word' id='word_1_823' title='bbox 3363 4761 3468 4801; x_wconf 92' lang='lat' dir='ltr'><strong>non</strong></span> <span class='ocrx_word' id='word_1_824' title='bbox 3513 4747 3585 4801; x_wconf 85' lang='lat' dir='ltr'><strong>sit</strong></span> 
     </span>
    </p>
   </div>
   <div class='ocr_carea' id='block_1_106' title="bbox 2011 4833 3586 4905">
    <p class='ocr_par' dir='ltr' id='par_1_106' title="bbox 2011 4833 3586 4905">
     <span class='ocr_line' id='line_1_106' title="bbox 2011 4833 3586 4905; baseline 0.004 -18"><span class='ocrx_word' id='word_1_825' title='bbox 2011 4834 2079 4889; x_wconf 90' lang='lat' dir='ltr'><strong>ad</strong></span> <span class='ocrx_word' id='word_1_826' title='bbox 2100 4833 2356 4899; x_wconf 84' lang='lat' dir='ltr'><strong>salutem,</strong></span> <span class='ocrx_word' id='word_1_827' title='bbox 2379 4834 2473 4889; x_wconf 84' lang='lat' dir='ltr'><strong>sed</strong></span> <span class='ocrx_word' id='word_1_828' title='bbox 2503 4835 2571 4888; x_wconf 92' lang='lat' dir='ltr'><strong>ad</strong></span> <span class='ocrx_word' id='word_1_829' title='bbox 2597 4836 2951 4905; x_wconf 90' lang='lat' dir='ltr'><strong>perditionem</strong></span> <span class='ocrx_word' id='word_1_830' title='bbox 2977 4850 2992 4890; x_wconf 90' lang='lat'><strong>:</strong></span> <span class='ocrx_word' id='word_1_831' title='bbox 3014 4837 3154 4891; x_wconf 87' lang='lat' dir='ltr'><strong>sicut</strong></span> <span class='ocrx_word' id='word_1_832' title='bbox 3181 4837 3235 4891; x_wconf 91' lang='lat' dir='ltr'><strong>in</strong></span> <span class='ocrx_word' id='word_1_833' title='bbox 3259 4836 3483 4893; x_wconf 87' lang='lat' dir='ltr'><strong>Psalmis</strong></span> <span class='ocrx_word' id='word_1_834' title='bbox 3511 4839 3586 4894; x_wconf 70' lang='lat' dir='ltr'><strong>le-&#39;-</strong></span> 
     </span>
    </p>
   </div>
   <div class='ocr_carea' id='block_1_107' title="bbox 2011 4922 3583 4996">
    <p class='ocr_par' dir='ltr' id='par_1_107' title="bbox 2011 4922 3583 4996">
     <span class='ocr_line' id='line_1_107' title="bbox 2011 4922 3583 4996; baseline 0.003 -18"><span class='ocrx_word' id='word_1_835' title='bbox 2011 4925 2156 4996; x_wconf 87' lang='lat' dir='ltr'><strong>gitur</strong></span> <span class='ocrx_word' id='word_1_836' title='bbox 2184 4942 2197 4979; x_wconf 88' lang='lat'><strong>:</strong></span> <span class='ocrx_word' id='word_1_837' title='bbox 2228 4922 2297 4980; x_wconf 88' lang='lat' dir='ltr'><strong>In</strong></span> <span class='ocrx_word' id='word_1_838' title='bbox 2323 4927 2511 4981; x_wconf 83' lang='lat' dir='ltr'><strong>virtute</strong></span> <span class='ocrx_word' id='word_1_839' title='bbox 2536 4936 2629 4980; x_wconf 89' lang='lat' dir='ltr'><strong>tua</strong></span> <span class='ocrx_word' id='word_1_840' title='bbox 2672 4926 2913 4996; x_wconf 83' lang='lat' dir='ltr'><strong>disperde</strong></span> <span class='ocrx_word' id='word_1_841' title='bbox 2947 4926 3100 4991; x_wconf 82' lang='lat' dir='ltr'><strong>illos;</strong></span> <span class='ocrx_word' id='word_1_842' title='bbox 3129 4927 3305 4983; x_wconf 89' lang='lat' dir='ltr'><strong>virtus</strong></span> <span class='ocrx_word' id='word_1_843' title='bbox 3336 4928 3482 4984; x_wconf 89' lang='lat' dir='ltr'><strong>enim</strong></span> <span class='ocrx_word' id='word_1_844' title='bbox 3527 4930 3583 4984; x_wconf 87' lang='lat' dir='ltr'><strong>in</strong></span> 
     </span>
    </p>
   </div>
   <div class='ocr_carea' id='block_1_108' title="bbox 2011 5015 3586 5091">
    <p class='ocr_par' dir='ltr' id='par_1_108' title="bbox 2011 5015 3586 5091">
     <span class='ocr_line' id='line_1_108' title="bbox 2011 5015 3586 5091; baseline 0.003 -21"><span class='ocrx_word' id='word_1_845' title='bbox 2011 5015 2234 5071; x_wconf 81' lang='lat' dir='ltr'><strong>dextera</strong></span> <span class='ocrx_word' id='word_1_846' title='bbox 2263 5025 2348 5071; x_wconf 87' lang='lat' dir='ltr'><strong>est</strong></span> <span class='ocrx_word' id='word_1_847' title='bbox 2373 5032 2477 5086; x_wconf 88' lang='lat' dir='ltr'><strong>qua</strong></span> <span class='ocrx_word' id='word_1_848' title='bbox 2516 5016 2806 5082; x_wconf 88' lang='lat' dir='ltr'><strong>salvamur,</strong></span> <span class='ocrx_word' id='word_1_849' title='bbox 2847 5024 2907 5070; x_wconf 93' lang='lat' dir='ltr'><strong>ut</strong></span> <span class='ocrx_word' id='word_1_850' title='bbox 2942 5015 3114 5072; x_wconf 88' lang='lat' dir='ltr'><strong>virtus</strong></span> <span class='ocrx_word' id='word_1_851' title='bbox 3145 5016 3198 5072; x_wconf 90' lang='lat' dir='ltr'><strong>in</strong></span> <span class='ocrx_word' id='word_1_852' title='bbox 3239 5032 3347 5087; x_wconf 88' lang='lat' dir='ltr'><strong>qua</strong></span> <span class='ocrx_word' id='word_1_853' title='bbox 3376 5018 3586 5091; x_wconf 85' lang='lat' dir='ltr'><strong>disper—</strong></span> 
     </span>
    </p>
   </div>
   <div class='ocr_carea' id='block_1_109' title="bbox 2011 5108 2618 5173">
    <p class='ocr_par' dir='ltr' id='par_1_109' title="bbox 2011 5108 2618 5173">
     <span class='ocr_line' id='line_1_109' title="bbox 2011 5108 2618 5173; baseline -0.002 -9"><span class='ocrx_word' id='word_1_854' title='bbox 2011 5108 2111 5173; x_wconf 91' lang='lat' dir='ltr'><strong>dit,</strong></span> <span class='ocrx_word' id='word_1_855' title='bbox 2139 5109 2357 5164; x_wconf 90' lang='lat' dir='ltr'><strong>sinistra</strong></span> <span class='ocrx_word' id='word_1_856' title='bbox 2392 5108 2618 5164; x_wconf 90' lang='lat' dir='ltr'><strong>dicatur.</strong></span> 
     </span>
    </p>
   </div>
   <div class='ocr_carea' id='block_1_110' title="bbox 2079 5199 3580 5271">
    <p class='ocr_par' dir='ltr' id='par_1_110' title="bbox 2079 5199 3580 5271">
     <span class='ocr_line' id='line_1_110' title="bbox 2079 5199 3580 5271; baseline 0.001 -15"><span class='ocrx_word' id='word_1_857' title='bbox 2079 5201 2300 5256; x_wconf 70' lang='lat' dir='ltr'><strong>Iustitia</strong></span> <span class='ocrx_word' id='word_1_858' title='bbox 2320 5203 2458 5256; x_wconf 86' lang='lat' dir='ltr'><strong>enim</strong></span> <span class='ocrx_word' id='word_1_859' title='bbox 2480 5201 2576 5257; x_wconf 84' lang='lat' dir='ltr'><strong>Dei</strong></span> <span class='ocrx_word' id='word_1_860' title='bbox 2619 5199 2876 5256; x_wconf 75' lang='lat' dir='ltr'><strong>reveletur</strong></span> <span class='ocrx_word' id='word_1_861' title='bbox 2898 5200 2953 5254; x_wconf 88' lang='lat' dir='ltr'><strong>in</strong></span> <span class='ocrx_word' id='word_1_862' title='bbox 2980 5215 3059 5264; x_wconf 90' lang='lat' dir='ltr'><strong>eo,</strong></span> <span class='ocrx_word' id='word_1_863' title='bbox 3091 5215 3155 5255; x_wconf 75' lang='lat' dir='ltr'><strong>ea:</strong></span> <span class='ocrx_word' id='word_1_864' title='bbox 3181 5200 3285 5270; x_wconf 83' lang='lat' dir='ltr'><strong>ﬁde</strong></span> <span class='ocrx_word' id='word_1_865' title='bbox 3321 5202 3377 5256; x_wconf 84' lang='lat' dir='ltr'><strong>in</strong></span> <span class='ocrx_word' id='word_1_866' title='bbox 3403 5202 3580 5271; x_wconf 81' lang='lat' dir='ltr'><strong>ﬁdem.</strong></span> 
     </span>
    </p>
   </div>
   <div class='ocr_carea' id='block_1_111' title="bbox 2010 5290 3581 5361">
    <p class='ocr_par' dir='ltr' id='par_1_111' title="bbox 2010 5290 3581 5361">
     <span class='ocr_line' id='line_1_111' title="bbox 2010 5290 3581 5361; baseline -0.001 -13"><span class='ocrx_word' id='word_1_867' title='bbox 2010 5290 2227 5348; x_wconf 67' lang='lat' dir='ltr'><strong>Iustitia</strong></span> <span class='ocrx_word' id='word_1_868' title='bbox 2265 5292 2358 5347; x_wconf 89' lang='lat' dir='ltr'><strong>Dei</strong></span> <span class='ocrx_word' id='word_1_869' title='bbox 2388 5301 2491 5357; x_wconf 91' lang='lat' dir='ltr'><strong>est,</strong></span> <span class='ocrx_word' id='word_1_870' title='bbox 2522 5291 2648 5361; x_wconf 89' lang='lat' dir='ltr'><strong>quia</strong></span> <span class='ocrx_word' id='word_1_871' title='bbox 2677 5290 2820 5360; x_wconf 88' lang='lat' dir='ltr'><strong>quod</strong></span> <span class='ocrx_word' id='word_1_872' title='bbox 2858 5290 3124 5361; x_wconf 90' lang='lat' dir='ltr'><strong>promisit,</strong></span> <span class='ocrx_word' id='word_1_873' title='bbox 3172 5291 3333 5347; x_wconf 87' lang='lat' dir='ltr'><strong>dedit.</strong></span> <span class='ocrx_word' id='word_1_874' title='bbox 3369 5291 3581 5347; x_wconf 71' lang='lat' dir='ltr'><strong>Judaro.</strong></span> 
     </span>
    </p>
   </div>
   <div class='ocr_carea' id='block_1_112' title="bbox 2011 5381 3581 5454">
    <p class='ocr_par' dir='ltr' id='par_1_112' title="bbox 2011 5381 3581 5454">
     <span class='ocr_line' id='line_1_112' title="bbox 2011 5381 3581 5454; baseline -0.003 -14"><span class='ocrx_word' id='word_1_875' title='bbox 2011 5384 2265 5440; x_wconf 88' lang='lat' dir='ltr'><strong>Credenti</strong></span> <span class='ocrx_word' id='word_1_876' title='bbox 2311 5383 2453 5453; x_wconf 91' lang='lat' dir='ltr'><strong>quod</strong></span> <span class='ocrx_word' id='word_1_877' title='bbox 2500 5382 2551 5437; x_wconf 91' lang='lat' dir='ltr'><strong>ei</strong></span> <span class='ocrx_word' id='word_1_878' title='bbox 2604 5381 2852 5451; x_wconf 88' lang='lat' dir='ltr'><strong>promisit</strong></span> <span class='ocrx_word' id='word_1_879' title='bbox 2904 5381 3048 5438; x_wconf 89' lang='lat' dir='ltr'><strong>Dens</strong></span> <span class='ocrx_word' id='word_1_880' title='bbox 3103 5382 3389 5454; x_wconf 87' lang='lat' dir='ltr'><strong>prophetas</strong></span> <span class='ocrx_word' id='word_1_881' title='bbox 3435 5399 3581 5439; x_wconf 86' lang='lat' dir='ltr'><strong>suos.</strong></span> 
     </span>
    </p>
   </div>
   <div class='ocr_carea' id='block_1_113' title="bbox 2008 5470 3582 5543">
    <p class='ocr_par' dir='ltr' id='par_1_113' title="bbox 2008 5470 3582 5543">
     <span class='ocr_line' id='line_1_113' title="bbox 2008 5470 3582 5543; baseline -0.004 -11"><span class='ocrx_word' id='word_1_882' title='bbox 2008 5476 2221 5532; x_wconf 87' lang='lat' dir='ltr'><strong>Justum</strong></span> <span class='ocrx_word' id='word_1_883' title='bbox 2268 5474 2528 5530; x_wconf 90' lang='lat' dir='ltr'><strong>Dominus</strong></span> <span class='ocrx_word' id='word_1_884' title='bbox 2557 5473 2751 5543; x_wconf 89' lang='lat' dir='ltr'><strong>probat</strong></span> <span class='ocrx_word' id='word_1_885' title='bbox 2797 5488 2861 5526; x_wconf 74' lang='lat' dir='ltr'><strong>ea:</strong></span> <span class='ocrx_word' id='word_1_886' title='bbox 2905 5471 3012 5542; x_wconf 83' lang='lat' dir='ltr'><strong>ﬁde</strong></span> <span class='ocrx_word' id='word_1_887' title='bbox 3052 5470 3146 5526; x_wconf 90' lang='lat' dir='ltr'><strong>Dei</strong></span> <span class='ocrx_word' id='word_1_888' title='bbox 3199 5471 3582 5541; x_wconf 89' lang='lat' dir='ltr'><strong>promittentis,</strong></span> 
     </span>
    </p>
   </div>
   <div class='ocr_carea' id='block_1_114' title="bbox 2010 5563 3577 5637">
    <p class='ocr_par' dir='ltr' id='par_1_114' title="bbox 2010 5563 3577 5637">
     <span class='ocr_line' id='line_1_114' title="bbox 2010 5563 3577 5637; baseline -0.004 -14"><span class='ocrx_word' id='word_1_889' title='bbox 2010 5571 2065 5623; x_wconf 87' lang='lat' dir='ltr'><strong>in</strong></span> <span class='ocrx_word' id='word_1_890' title='bbox 2092 5569 2249 5637; x_wconf 80' lang='lat' dir='ltr'><strong>ﬁdem</strong></span> <span class='ocrx_word' id='word_1_891' title='bbox 2279 5567 2516 5623; x_wconf 86' lang='lat' dir='ltr'><strong>hominis</strong></span> <span class='ocrx_word' id='word_1_892' title='bbox 2569 5567 2859 5622; x_wconf 79' lang='lat' dir='ltr'><strong>credentis.</strong></span> <span class='ocrx_word' id='word_1_893' title='bbox 2902 5564 3121 5618; x_wconf 74' lang='lat' dir='ltr'><strong>Iustitia</strong></span> <span class='ocrx_word' id='word_1_894' title='bbox 3173 5563 3269 5618; x_wconf 82' lang='lat' dir='ltr'><strong>Dei</strong></span> <span class='ocrx_word' id='word_1_895' title='bbox 3300 5564 3577 5619; x_wconf 74' lang='lat' dir='ltr'><strong>reveletur.</strong></span> 
     </span>
    </p>
   </div>
   <div class='ocr_carea' id='block_1_115' title="bbox 2010 5656 3585 5730">
    <p class='ocr_par' dir='ltr' id='par_1_115' title="bbox 2010 5656 3585 5730">
     <span class='ocr_line' id='line_1_115' title="bbox 2010 5656 3585 5730; baseline -0.003 -15"><span class='ocrx_word' id='word_1_896' title='bbox 2010 5661 2112 5730; x_wconf 90' lang='lat' dir='ltr'><strong>Qui</strong></span> <span class='ocrx_word' id='word_1_897' title='bbox 2156 5661 2332 5723; x_wconf 85' lang='lat' dir='ltr'><strong>credit</strong></span> <span class='ocrx_word' id='word_1_898' title='bbox 2358 5674 2608 5714; x_wconf 87' lang='lat' dir='ltr'><strong>veracem</strong></span> <span class='ocrx_word' id='word_1_899' title='bbox 2646 5659 2811 5713; x_wconf 88' lang='lat' dir='ltr'><strong>Deum</strong></span> <span class='ocrx_word' id='word_1_900' title='bbox 2862 5659 3074 5713; x_wconf 80' lang='lat' dir='ltr'><strong>dedisse</strong></span> <span class='ocrx_word' id='word_1_901' title='bbox 3123 5657 3265 5728; x_wconf 87' lang='lat' dir='ltr'><strong>quod</strong></span> <span class='ocrx_word' id='word_1_902' title='bbox 3314 5656 3585 5727; x_wconf 81' lang='lat' dir='ltr'><strong>promisit,</strong></span> 
     </span>
    </p>
   </div>
   <div class='ocr_carea' id='block_1_116' title="bbox 2009 5746 3580 5822">
    <p class='ocr_par' dir='ltr' id='par_1_116' title="bbox 2009 5746 3580 5822">
     <span class='ocr_line' id='line_1_116' title="bbox 2009 5746 3580 5822; baseline -0.007 -12"><span class='ocrx_word' id='word_1_903' title='bbox 2009 5756 2109 5811; x_wconf 86' lang='lat' dir='ltr'><strong>hoc</strong></span> <span class='ocrx_word' id='word_1_904' title='bbox 2136 5762 2323 5809; x_wconf 78' lang='lat' dir='ltr'><strong>contra</strong></span> <span class='ocrx_word' id='word_1_905' title='bbox 2344 5750 2557 5807; x_wconf 64' lang='lat' dir='ltr'><strong>Judzcos</strong></span> <span class='ocrx_word' id='word_1_906' title='bbox 2578 5751 2813 5822; x_wconf 81' lang='lat' dir='ltr'><strong>loquitur</strong></span> <span class='ocrx_word' id='word_1_907' title='bbox 2837 5750 2925 5821; x_wconf 88' lang='lat' dir='ltr'><strong>qui</strong></span> <span class='ocrx_word' id='word_1_908' title='bbox 2945 5758 3139 5820; x_wconf 76' lang='lat' dir='ltr'><strong>negant</strong></span> <span class='ocrx_word' id='word_1_909' title='bbox 3162 5763 3280 5803; x_wconf 88' lang='lat' dir='ltr'><strong>esse</strong></span> <span class='ocrx_word' id='word_1_910' title='bbox 3308 5746 3580 5804; x_wconf 85' lang='lat' dir='ltr'><strong>Christum</strong></span> 
     </span>
    </p>
   </div>
  </div>
