3974 6202
356 384 423 440 ιθ
1737 380 2006 438 suumn
2045 380 2239 441 soon
2533 456 2539 461 δ
3547 386 3617 444 ao

356 515 517 568 quem
543 499 813 571 promisit.
832 499 979 556 Sicut
1011 501 1262 569 scriptum
1294 507 1390 554 est.
1408 499 1466 553 In
1490 497 1745 553 Habacuc
1769 496 1924 551 vide-
1953 497 2001 555 Α
2029 494 2140 551 Deo
2178 506 2378 567 potest,
2409 512 2507 569 per
2529 500 2897 571 conjecturam
2921 506 3207 566 creatum,
3234 500 3385 556 verbi
3419 503 3613 573 gratia,

360 591 504 644 licet.
534 590 721 646 Justus
752 607 817 644 ea:
859 590 985 660 ﬁde,
1009 588 1061 644 id
1096 597 1200 655 est,
1247 605 1355 643 non
1384 604 1453 644 ex
1482 590 1736 660 operibus
1778 589 1932 661 legis,

369 678 764 753 Vivit-(Habac.
796 679 891 751 ιι),
920 680 1024 735 hoc
1066 688 1170 741 est,
1215 689 1537 751 praesentem
1568 682 1734 735 vitam
1762 680 1934 747 ducit,

360 773 442 828 vel
479 774 642 828 vitam
685 782 946 829 arternam
992 773 1247 844 acquirit.
1292 771 1465 827 Aliter
1497 771 1789 827 secundum
1831 770 1933 825 Pil.

360 865 401 932 ἰ’
425 861 645 917 Iustitia
673 861 774 916 Dei
791 872 888 917 est.
922 861 1074 929 Quod
1097 861 1306 931 justum
1332 861 1535 925 fuerat,
1567 868 1630 916 ut
1650 875 1758 932 quo
1779 860 1938 915 modo

359 955 637 1010 Abraham
683 954 913 1010 credens
969 969 1035 1009 ex
1086 953 1358 1025 gentibus,
1414 968 1512 1023 per
1561 952 1729 1007 solam
1776 950 1936 1006 ﬁdem

357 1044 683 1115 justiﬁcatus
709 1053 813 1109 est,
847 1045 922 1099 ita
949 1044 1130 1100 caeteri
1171 1042 1329 1098 ﬁdem
1356 1038 1471 1110 ejus
1512 1042 1805 1106 imitantes,
1829 1038 1937 1094 sal—

359 1144 640 1190 varentur.
674 1135 760 1190 Ex
785 1135 890 1205 ﬁde
917 1135 1191 1190 Abraham
1231 1152 1243 1187 ε
1273 1132 1339 1187 In
1367 1134 1525 1203 fidem
1554 1133 1789 1188 hominis
1816 1146 1937 1187 cre-

362 1229 571 1293 dentis;
599 1229 715 1284 sive
735 1245 800 1282 ex
815 1227 921 1297 ﬁde
944 1225 1134 1291 Judmi,
1171 1227 1227 1281 in
1255 1226 1359 1294 [ide
1389 1225 1606 1295 gentilis
1635 1244 1648 1279 :
1682 1225 1804 1279 ideo
1840 1240 1931 1279 au-

361 1329 472 1373 tem
514 1335 580 1372 ea:
608 1326 663 1373 et
690 1319 745 1373 in
775 1319 985 1388 posuit,
1030 1325 1090 1372 ut
1126 1317 1430 1389 tautologia:
1471 1316 1661 1370 vitium
1705 1316 1941 1371 declina-

365 1420 467 1463 ret.
510 1407 726 1462 Iustitia
756 1408 852 1463 Dei
887 1409 939 1462 in
966 1407 1245 1478 evangelio
1279 1407 1568 1472 revelatur,
1595 1422 1694 1476 per
1714 1405 1766 1461 id
1797 1406 1941 1476 quod

364 1500 433 1555 ad
463 1500 687 1555 salutem
731 1499 909 1554 nullus
952 1500 1221 1568 excipitur
1262 1500 1484 1565 venire,
1532 1500 1646 1554 sive
1702 1496 1937 1563 Iudaeus,

364 1594 478 1649 sive
498 1592 740 1656 Graecus,
769 1594 882 1648 sive
907 1593 1198 1659 barbarus;
1242 1607 1366 1647 nam
1397 1591 1648 1671 omnibus
1671 1589 1802 1645 dicit
1826 1588 1943 1644 Sal-

362 1690 520 1738 vator
544 1699 558 1737 :
591 1681 764 1737 Venite
789 1682 859 1736 ad
895 1698 999 1748 me,
1029 1698 1206 1736 omnes
1233 1680 1323 1753 qui
1361 1680 1633 1747 laboratis,
1657 1688 1703 1733 et
1731 1697 1824 1750 ego
1856 1696 1940 1733 re-

362 1772 541 1841 ﬁciam
581 1789 668 1826 vos
694 1770 907 1844 (Matth.
937 1772 1015 1843 ιιι)
1049 1790 1061 1825 :
1100 1770 1392 1825 Revelatur
1421 1768 1633 1838 justitia
1664 1769 1791 1835 Dei,
1822 1784 1942 1840 qum

2036 595 2178 662 quod
2205 591 2298 657 sit,
2339 601 2395 647 et
2434 592 2578 661 quod
2611 592 2787 662 justus
2820 591 2893 646 sit
2934 601 2989 646 et
3029 592 3413 671 omnipotens:
3445 601 3624 649 osten-

2037 685 2170 739 dens
2209 699 2331 740 esse
2354 684 2557 755 aliquid
2582 684 2679 740 Dei
2704 684 2850 765 quod
2878 692 3065 740 notum
3092 685 3163 739 sit
3194 694 3252 739 et
3272 685 3475 755 aliquid
3503 685 3621 755 ejus

2037 777 2181 847 quod
2209 776 2451 847 ignotum
2500 777 2589 832 sit.
2622 778 2868 847 Ignotum
2914 776 3020 832 hoc
3067 776 3162 832 Dei
3212 777 3620 849 intelligendum

2038 875 2141 932 est,
2181 882 2301 922 cum
2351 868 2491 923 ratio
2522 867 2844 923 substantiae
2894 868 3014 938 ejus
3043 867 3129 922 vel
3178 875 3418 934 natum,
3466 868 3622 939 cujus

2039 975 2158 1029 qute
2193 960 2264 1015 sit
2290 959 2619 1029 preprietas,
2644 967 2775 1030 puto
2804 958 2946 1029 quod
2972 975 3081 1014 non
3113 958 3285 1013 solum
3324 974 3425 1014 nos
3449 959 3624 1013 homi-

2038 1065 2157 1115 nes,
2191 1050 2284 1104 sed
2306 1057 2362 1104 et
2390 1065 2609 1105 omnem
2638 1049 2803 1104 lateat
2830 1059 3156 1105 creaturam.
3187 1050 3332 1105 Deus
3350 1052 3488 1106 enim
3513 1052 3621 1107 illis

2038 1140 2410 1210 manifestavit.
2439 1140 2495 1193 Id
2536 1147 2643 1204 est,
2666 1138 3037 1194 manifestavit
3059 1154 3140 1200 se.
3170 1140 3298 1195 dum
3327 1154 3464 1210 opus
3493 1140 3624 1195 fecit

2039 1248 2138 1303 per
2157 1232 2299 1302 quod
2332 1232 2504 1302 possit
2535 1232 2774 1302 agnosci.

2111 1322 2409 1378 Invisibilia
2453 1322 2591 1376 enim
2618 1323 2803 1389 ipsius,
2832 1340 2865 1376 a
2909 1332 3152 1377 creatura
3193 1323 3401 1387 mundi,
3429 1339 3522 1392 per
3559 1339 3620 1399 ea

2040 1429 2156 1484 qua:
2202 1413 2345 1482 facta
2400 1422 2553 1477 sunt,
2608 1411 2870 1466 intellecta
2914 1413 3320 1483 perspiciuntur.
3364 1413 3478 1468 Hoc
3512 1421 3613 1474 est,

2040 1503 2297 1573 mysteria
2325 1502 2555 1557 obscura
2604 1516 2715 1556 suae
2740 1502 2977 1557 virtutis.
3029 1502 3326 1557 Sciendum
3360 1511 3444 1559 est
3476 1501 3618 1573 quod

2040 1593 2130 1648 hic
2152 1592 2439 1647 invisibilia
2468 1608 2588 1662 qua:
2615 1593 2857 1647 nominat
2890 1593 2957 1647 de
2987 1594 3284 1660 creaturis,
3314 1593 3615 1663 spiritualia

2042 1683 2167 1739 alibi
2187 1682 2351 1750 dicit;
2384 1684 2610 1755 ideoque
2631 1684 2838 1739 addidit
2867 1703 2880 1738 :
2919 1682 3250 1755 Sempiterna
3287 1700 3492 1756 quoque
3520 1686 3625 1739 vir-

2044 1782 2126 1827 tus
2153 1774 2267 1844 ejus
2298 1791 2362 1828 ac
2402 1774 2670 1829 divinitas.
2711 1774 2898 1829 Virtus
2942 1784 3029 1830 est
3070 1791 3175 1845 qua
3224 1776 3459 1831 instituit
3502 1791 3623 1846 qua:

363 1865 576 1920 obtecta
603 1864 753 1935 prius
783 1863 1063 1918 velabatur
1089 1864 1144 1917 in
1191 1862 1339 1934 lege;
1388 1861 1661 1917 revelatur
1698 1861 1841 1916 enim
1887 1862 1940 1915 in
1971 1857 2018 1915 B
2047 1881 2152 1919 non
2175 1873 2351 1929 erant,
2380 1879 2594 1934 quaque
2633 1864 2816 1920 omnia
2846 1864 3016 1935 regit;
3067 1865 3321 1920 divinitas
3364 1873 3469 1930 est,
3516 1878 3622 1934 qua

358 1954 451 2010 his
488 1955 579 2023 qui
622 1969 690 2009 ex
730 1953 833 2009 ﬁde
875 1953 1089 2010 Veteris
1127 1952 1456 2008 Testamenti
1507 1951 1578 2006 ad
1617 1950 1776 2006 ﬁdem
1816 1950 1940 2005 novi

364 2044 642 2116 Evangelii
683 2045 934 2109 veniunt;
981 2051 1036 2099 et
1066 2059 1188 2098 cum
1239 2044 1294 2097 in
1326 2041 1670 2112 Evangelium
1697 2041 1941 2105 veniunt,

365 2150 433 2189 ex
460 2134 565 2191 ﬁde
590 2135 742 2207 legis,
771 2135 824 2188 in
857 2133 1020 2189 ﬁdem
1048 2132 1246 2189 Christi
1274 2133 1598 2202 diriguntur.
1628 2129 1815 2185 Justus
1850 2146 1945 2184 au-

367 2237 477 2283 tem
524 2241 677 2282 meus
711 2241 779 2281 es
806 2226 912 2281 ﬁde
936 2226 1086 2292 vivit,
1132 2226 1183 2280 id
1214 2232 1321 2290 est,
1358 2222 1570 2278 Veteris
1599 2231 1654 2278 et
1677 2220 1811 2277 Novi
1843 2213 1947 2277 Te-

369 2318 625 2373 stamenti
679 2336 692 2371 :
742 2333 871 2371 nam
920 2316 1149 2372 alterum
1192 2317 1310 2371 sine
1362 2315 1533 2369 altero
1579 2308 1946 2385 integritatem

368 2414 495 2467 vita:
515 2427 619 2467 non
636 2412 818 2468 habet.
849 2411 1022 2467 Aliter
1048 2428 1112 2468 ea:
1136 2411 1240 2481 ﬁde
1261 2410 1690 2481 pratdicantium,
1713 2410 1767 2463 in
1788 2408 1947 2478 ﬁdem

371 2503 726 2558 credentium.
779 2502 907 2558 Sive
940 2512 1003 2558 ut
1054 2502 1382 2572 Augustinus
1427 2502 1683 2573 exponit,
1736 2517 1800 2554 ex
1843 2500 1948 2571 ﬁde

368 2596 658 2650 verborum
694 2595 890 2666 quibus
927 2609 1070 2649 nunc
1116 2594 1385 2650 credimus
1417 2594 1560 2664 quod
1602 2592 1841 2647 nondum
1869 2591 1949 2646 vi-

370 2685 581 2749 demus,
608 2685 663 2738 in
692 2684 851 2753 ﬁdem
877 2699 1079 2751 rerum,
1107 2700 1210 2756 qua
1259 2685 1313 2739 in
1348 2692 1613 2740 internum
1641 2684 1787 2754 quod
1806 2698 1950 2738 nunc

372 2777 661 2844 credimus,
693 2778 1076 2834 obtinebimus.
1107 2776 1285 2846 Quare
1312 2793 1419 2833 non
1445 2778 1608 2832 homo
1637 2775 1720 2830 vel
1758 2774 1843 2828 vir
1883 2790 1948 2829 ex

375 2869 481 2925 ﬁde
507 2870 691 2926 vivere
725 2870 880 2936 dixit,
905 2870 1028 2927 ideo
1055 2887 1123 2926 ne
1143 2872 1459 2942 reprobaret
1477 2884 1641 2942 opera
1663 2870 1789 2925 dum
1820 2870 1951 2925 huc-

372 2979 544 3035 usque
569 2963 728 3020 ﬁdem
750 2973 805 3020 et
830 2966 1059 3036 gratiam
1087 2966 1503 3033 commendavit,
1529 2967 1618 3022 hic
1649 2981 1780 3021 vero
1817 2981 1950 3036 opus

374 3055 695 3121 ostenditur,
741 3056 963 3112 dicens:
991 3054 1175 3113 Justus
1210 3066 1313 3123 est,
1346 3058 1451 3114 ﬁde
1477 3057 1662 3124 vivet;
1699 3059 1826 3130 quia
1864 3057 1951 3129 ju-

375 3156 519 3203 stum
546 3147 766 3214 indicat,
794 3149 935 3205 bona
957 3164 1119 3220 opera
1146 3150 1454 3205 habentem.

2042 1955 2219 2027 replet
2248 1955 2519 2009 universa.
2555 1953 2680 2008 Non
2712 1954 3201 2026 magniﬁcaverunt.
3234 1954 3372 2022 Quia
3398 1970 3500 2010 nec
3536 1954 3621 2008 di-

2045 2063 2208 2117 gnum
2255 2049 2519 2103 honorem
2559 2046 2671 2102 Deo
2710 2047 2993 2102 dederunt.
3025 2045 3127 2100 Aut
3156 2048 3353 2118 gratias
3388 2057 3619 2117 egerunt.

2044 2139 2152 2194 Pro
2172 2155 2237 2195 eo
2257 2139 2401 2210 quod
2434 2138 2568 2194 tales
2605 2137 2735 2193 facti
2757 2146 2904 2204 sunt,
2936 2146 2998 2193 ut
3023 2140 3192 2194 Deum
3218 2147 3441 2211 possent
3461 2153 3623 2209 agno-

2047 2246 2217 2295 scere,
2249 2231 2295 2286 si
2340 2230 2555 2285 vellent.
2605 2227 2708 2284 Sed
2756 2238 3076 2285 evanuerunt
3116 2230 3171 2284 in
3218 2229 3623 2300 cogitationibus

2047 2322 2177 2377 suis.
2208 2322 2310 2376 Per
2338 2321 2722 2391 cogitationum
2747 2335 2971 2375 suarum
3011 2322 3307 2376 vanitatem
3350 2319 3476 2375 dum
3521 2319 3626 2374 for-

2047 2426 2167 2467 mas
2211 2418 2266 2466 et
2298 2412 2562 2482 imagines
2590 2425 2881 2480 corporeus
2906 2411 3192 2480 requirunt
3216 2411 3270 2465 in
3298 2410 3431 2475 Deo,
3462 2410 3514 2464 in
3540 2425 3626 2465 se.

2047 2498 2293 2573 metipsis
2321 2502 2419 2558 Dei
2454 2502 2742 2571 imaginem
2765 2502 3115 2572 peididerunt
3159 2520 3171 2555 :
3225 2516 3362 2572 quos
3390 2501 3627 2559 Anthro-

2047 2593 2424 2665 pomorphitas
2455 2592 2813 2648 ecclesiastici
2848 2593 2953 2648 viri
2984 2593 3160 2648 solent
3204 2593 3501 2649 nominare.
3526 2590 3630 2646 0h-

2049 2694 2301 2739 ctecatum
2340 2694 2417 2745 est
2460 2684 2711 2756 insipiens
2753 2701 2846 2739 cor
2885 2701 3086 2740 eorum.
3130 2684 3467 2740 Recedentes
3491 2698 3521 2736 a
3549 2683 3629 2737 lu-

2050 2777 2194 2832 mine
2219 2777 2465 2833 veritatis
2502 2777 2793 2847 sapientes,
2822 2778 2977 2848 quasi
3019 2777 3110 2848 qui
3140 2776 3473 2831 invenissent
3495 2789 3627 2845 quo-

2050 2870 2212 2925 modo
2256 2869 2541 2925 invisibilis
2568 2869 2713 2941 Deus
2745 2885 2844 2940 per
2883 2870 3236 2926 simulacrum
3278 2867 3491 2925 visibile
3539 2883 3629 2922 co-

2051 2959 2274 3016 leretur.
2324 2959 2489 3015 Stulti
2516 2960 2645 3031 facti
2683 2970 2825 3015 sunt.
2876 2960 2995 3017 Non
3024 2959 3384 3031 intelligentes
3428 2956 3626 3012 nullam

2051 3054 2459 3111 similitudinem
2497 3054 2700 3109 habere
2744 3061 3016 3108 mortuum
3058 3051 3396 3115 immortalis,
3429 3060 3481 3104 et
3509 3064 3630 3104 cor-

2053 3145 2307 3217 ruptibile
2351 3144 2665 3215 sempiterni
2707 3144 3020 3199 conditoris.
3054 3142 3312 3210 Quamvis
3337 3141 3405 3197 ad
3441 3154 3630 3195 omnes

446 3239 723 3295 Revelatur
763 3243 900 3296 enim
928 3218 1011 3297 in;
1050 3240 1150 3297 Dei
1182 3242 1247 3298 de
1272 3242 1417 3298 caelo.
1463 3243 1615 3300 Sicut
1640 3244 1695 3299 in
1737 3244 1828 3300 illo
1857 3245 1950 3316 qui
1979 3218 2028 3285 ο
2057 3237 2304 3293 homines
2327 3236 2521 3305 quibus
2550 3235 2693 3289 inest
2713 3233 2975 3289 naturalis
3001 3232 3158 3296 ratio,
3188 3230 3425 3316 maxime
3452 3237 3629 3284 tamen

377 3329 779 3401 creditjustitia
824 3332 920 3387 Dei
961 3332 1254 3399 revelatur,
1290 3342 1351 3388 ut
1405 3349 1566 3405 supra
1606 3336 1946 3403 memoravit,

375 3419 449 3475 ita
486 3428 541 3476 et
575 3421 630 3476 in
666 3435 731 3478 eo
786 3424 878 3492 qui
927 3439 1035 3479 non
1095 3426 1269 3480 credit
1306 3426 1387 3480 ira
1440 3426 1535 3482 Dei
1566 3426 1838 3483 revelatur
1885 3427 1952 3483 de

377 3511 535 3568 cutio.
583 3512 893 3570 Auctoritas
938 3515 1275 3573 celsitudinis
1311 3519 1415 3575 hoc
1466 3519 1585 3574 loco
1624 3520 1949 3587 oswnditur,

377 3605 459 3659 sic
479 3613 561 3660 est
595 3605 727 3662 illud
765 3621 780 3662 :
830 3605 994 3663 Pater
1016 3619 1210 3677 noster,
1238 3613 1328 3684 qui
1356 3629 1410 3667 es
1453 3614 1509 3669 in
1552 3613 1691 3669 caelis
1720 3612 1948 3687 (Matth.

298 3720 311 3725 σ
375 3712 429 3750 νι
446 3695 486 3767 ).
526 3696 618 3753 Sic
645 3716 659 3753 :
688 3697 853 3755 Omne
879 3700 1062 3756 datum
1089 3703 1336 3774 optimum
1361 3713 1409 3759 et
1439 3721 1591 3760 omne
1618 3706 1813 3761 donum
1833 3725 1952 3779 per-

377 3788 571 3856 fectum
622 3789 898 3847 desursunt
926 3802 1036 3860 est,
1076 3794 1391 3853 descendens
1428 3815 1461 3852 a
1502 3797 1663 3856 Patre
1692 3799 1950 3856 luminum

378 3877 587 3947 (Iacob.
617 3877 680 3950 ι).
727 3879 805 3935 Ita
833 3890 890 3937 et
912 3884 1058 3953 justa
1085 3887 1346 3953 vindicta,
1372 3889 1464 3959 qui
1498 3891 1580 3946 ira
1627 3891 1724 3948 Dei
1764 3892 1951 3963 appel-

360 3967 538 4032 latur,
569 3983 678 4024 non
721 3969 824 4025 uisi
851 3971 917 4027 de
956 3975 1177 4044 superni
1203 3973 1400 4042 iudicis
1427 3980 1623 4035 throno
1651 3981 1948 4036 descendit.

377 4058 460 4112 Ira
488 4058 585 4115 Dei
600 4060 815 4115 videtur
840 4062 1112 4118 interdum
1136 4065 1308 4120 virtus
1339 4066 1452 4137 ipsa
1480 4084 1599 4138 quae
1620 4079 1815 4139 prmest
1837 4084 1952 4141 pat-

378 4168 571 4206 narum
588 4152 872 4220 ministris,
887 4162 1071 4225 etqute
1090 4157 1348 4227 supplicia
1366 4157 1529 4214 infert
1552 4161 1951 4230 peccatoribus,

379 4243 504 4298 dici.
522 4241 799 4321 Interdum
813 4247 1125 4305 tentationis
1153 4247 1369 4306 atllictio
1399 4251 1481 4306 ira
1502 4251 1598 4306 Dei
1619 4253 1951 4321 nominatur,

379 4335 520 4390 sicut
545 4333 646 4393 Job
667 4336 832 4395 dicit:
855 4338 950 4394 Ira
974 4339 1074 4396 Dei
1101 4340 1155 4395 in
1176 4358 1391 4415 corpore
1419 4344 1572 4399 meo?
1598 4344 1668 4398 Et
1689 4345 1816 4416 quia
1843 4347 1954 4417 spi-

379 4427 593 4485 ritualia
643 4432 931 4501 nequitim,
979 4434 1266 4490 adversum
1301 4451 1422 4507 qua:
1465 4437 1622 4493 nobis
1675 4447 1953 4496 certamen

379 4525 484 4583 est,
516 4518 571 4572 in
608 4520 919 4577 caelestibus
961 4538 1082 4579 esse
1115 4524 1402 4594 dicuntur,
1453 4537 1847 4600 consequenter
1896 4530 1951 4587 in

380 4625 475 4665 eos
502 4610 595 4679 qui
624 4611 692 4666 ab
720 4612 806 4667 his
835 4623 1159 4684 separantur
1186 4617 1264 4673 ira
1315 4619 1411 4675 Dei
1466 4621 1533 4676 de
1581 4622 1718 4679 caelo
1755 4623 1952 4679 dicitur

374 4699 623 4768 jaeulari.
672 4700 738 4757 In
784 4718 986 4758 onmem
1015 4706 1350 4777 impietatem.
1382 4710 1459 4764 Idi
1480 4719 1601 4778 est,
1642 4711 1948 4769 Iudaeorum

379 4800 435 4846 et
471 4792 729 4865 gentium.
777 4793 1048 4864 Impietas,
1093 4798 1147 4852 in
1184 4796 1353 4853 Deum
1399 4816 1625 4873 peccare
1674 4812 1802 4859 est:
1847 4805 1948 4860 ini-

379 4886 593 4954 quitas,
657 4886 711 4941 in
758 4887 1006 4944 homines
1057 4907 1069 4943 :
1130 4890 1185 4944 in
1234 4891 1401 4947 Deum
1457 4910 1587 4966 ergo
1642 4904 1699 4951 et
1752 4896 1806 4951 in
1852 4898 1949 4952 ho-

378 4975 552 5029 mines
615 4987 843 5046 peecant
901 4981 991 5051 qui
1042 4979 1308 5036 veritatem
1370 4984 1423 5038 in
1491 4985 1764 5057 iniquitate
1819 4987 1951 5041 deti-

379 5074 520 5119 nent.
550 5064 666 5122 Non
713 5069 865 5135 dixit,
907 5071 1051 5141 quod
1087 5087 1195 5127 non
1247 5072 1446 5129 habent
1500 5077 1807 5145 veritatem,
1860 5081 1954 5135 sed

377 5157 661 5213 veritatem
718 5175 881 5231 quam
932 5165 1150 5231 sciunt,
1204 5167 1258 5221 in
1320 5168 1605 5238 iniquitate
1669 5169 1951 5239 detinent;

377 5263 504 5303 nam
561 5251 842 5308 veritatem
906 5258 1139 5313 nominis
1199 5259 1295 5314 Dei
1367 5259 1423 5314 in
1490 5259 1754 5330 injustitia
1814 5263 1953 5318 indi-

376 5357 494 5411 gnae
537 5344 780 5398 materiae
819 5345 1060 5403 detinent
1093 5349 1377 5407 idolorum.
1410 5351 1550 5418 Quia
1589 5352 1730 5425 quod
1770 5362 1950 5409 notum

374 5444 451 5488 est
476 5434 591 5490 Dei.
623 5434 826 5493 Notitia
851 5437 946 5493 Dei
973 5440 1254 5496 manifesta
1279 5452 1452 5498 estex
1481 5442 1686 5499 fabrica
1727 5443 1945 5510 mundi;

372 5535 433 5579 ut
458 5525 603 5580 enim
623 5526 786 5594 Deus,
810 5529 902 5600 qui
931 5538 1125 5586 natura
1159 5532 1443 5588 invisibilis
1466 5542 1582 5599 est,
1606 5533 1777 5604 possit
1799 5533 1945 5600 sciri,

372 5633 508 5686 opus
531 5615 730 5675 factum
759 5622 828 5676 ab
854 5637 919 5677 eo
940 5630 1041 5689 est,
1069 5623 1211 5694 quod
1235 5622 1483 5693 opiﬁcem
1513 5625 1827 5681 visibilitate
1848 5639 1945 5680 sua

372 5710 764 5780 manifestaret,
792 5722 852 5769 ut
876 5728 973 5785 per
1019 5716 1226 5770 certum
1254 5714 1519 5770 incertum
1566 5726 1749 5787 posset
1792 5716 1941 5772 sciri.

372 5800 511 5869 Quia
554 5805 692 5875 quod
738 5817 913 5861 notum
945 5815 1017 5861 est
1043 5804 1157 5860 Dei.
1186 5804 1243 5861 Id
1273 5813 1375 5874 est,
1407 5806 1549 5877 quod
1595 5809 1846 5878 cognosci
1878 5806 1945 5862 de

2054 3329 2169 3384 haec
2217 3335 2464 3398 spectant
2497 3327 2565 3382 ad
2600 3325 2871 3396 sapientes
2906 3324 3064 3395 hujus
3092 3322 3294 3387 mundi,
3324 3314 3379 3375 et
3414 3336 3508 3377 eos
3537 3320 3631 3390 qui

2051 3420 2356 3491 philosophi
2405 3418 2773 3483 nominantur,
2817 3417 3014 3486 quibus
3046 3414 3315 3485 praecipue
3348 3419 3629 3467 creaturas

2052 3512 2237 3568 mundi
2291 3520 2347 3567 et
2398 3510 2579 3565 omnia
2628 3524 2747 3578 qua:
2787 3508 2843 3561 in
2899 3523 2964 3562 eo
3009 3506 3150 3562 facta
3195 3514 3323 3560 sunt
3361 3504 3631 3560 discutere

2053 3601 2339 3672 disciplina
2369 3607 2474 3665 est,
2495 3608 2549 3654 et
2575 3615 2673 3670 per
2700 3599 2815 3653 haec
2840 3613 2960 3668 qua:
2989 3597 3240 3651 videntur
3260 3611 3324 3649 ea
3360 3609 3479 3664 qua:
3521 3608 3631 3647 non

2052 3694 2307 3749 videntur
2333 3690 2545 3745 ratione
2585 3689 2862 3758 colligere.
2906 3686 2976 3741 Et
3026 3694 3359 3765 mutaverunt
3405 3683 3630 3754 gloriam

2051 3783 2363 3840 immortalis
2401 3783 2521 3838 Dei.
2558 3781 2673 3837 Hoc
2734 3789 2841 3845 est,
2877 3794 3074 3836 nomen
3129 3786 3186 3833 et
3235 3777 3497 3833 honorem
3532 3773 3629 3829 Dei

2054 3880 2211 3938 idolis
2231 3879 2527 3942 dederunt;
2555 3892 2588 3931 a
2619 3875 2743 3930 vivo
2788 3873 2931 3929 enim
2971 3871 3081 3926 Deo
3108 3868 3455 3932 recedentes,
3486 3880 3633 3920 mor-

2055 3973 2163 4028 tuis
2192 3971 2394 4026 favent.
2458 3967 2627 4023 Primi
2668 3967 2813 4023 enim
2862 3961 3143 4034 Babylonii
3195 3959 3367 4016 Deum
3401 3972 3631 4014 vocave-

2053 4069 2183 4115 runt
2209 4059 2522 4130 ﬁgmentum
2558 4056 2721 4122 Belis,
2756 4053 2990 4110 hominis
3027 4050 3262 4116 mortui,
3307 4049 3400 4118 qui
3429 4047 3629 4119 princi-

2053 4157 2238 4222 patum
2261 4148 2463 4204 dicitur
2486 4147 2539 4202 in
2572 4148 2654 4202 eis
2682 4147 2878 4216 egisse.
2903 4143 3199 4199 Coluerunt
3219 4148 3276 4195 et
3301 4146 3625 4209 serpentem,

2054 4239 2378 4305 draconem,
2429 4252 2592 4307 quem
2639 4235 2839 4291 occidit
2864 4233 3084 4299 Daniel,
3114 4234 3274 4288 homo
3300 4231 3428 4297 Dei,
3478 4229 3631 4297 cujus

2055 4329 2468 4387 similitudinem
2493 4328 2714 4383 habent.
2763 4324 3006 4396 Egyptii
3039 4323 3290 4378 colebant
3318 4320 3620 4390 quadrupe-

2055 4423 2377 4491 dem,quem
2406 4419 2659 4475 dicebant
2680 4416 2861 4488 Apim,
2890 4418 2946 4471 in
2970 4416 3376 4471 similitudinem
3404 4427 3582 4468 vacca:
3612 4429 3626 4466 :

2057 4513 2201 4585 quod
2246 4511 2447 4567 malum
2487 4510 2731 4565 imitatus
2760 4517 2845 4564 est
2889 4507 3206 4572 Jeroboam;
3260 4515 3315 4561 et
3345 4505 3588 4560 volucres
3611 4544 3628 4569 ,

2055 4606 2180 4677 quia
2233 4604 2488 4660 chronica
2534 4617 2690 4658 sacra
2745 4601 3018 4656 habebant
3044 4599 3260 4670 pagani,
3301 4598 3354 4653 id
3404 4606 3516 4662 est,
3573 4604 3635 4651 ut

2057 4698 2236 4768 aquila
2265 4695 2437 4763 Iovis,
2469 4694 2721 4767 graculus
2750 4702 2807 4749 et
2845 4693 3031 4749 comis
3057 4692 3348 4748 diceretur.
3375 4689 3484 4745 Sed
3508 4690 3633 4744 bre-

2052 4790 2214 4855 viter,
2245 4798 2301 4843 et
2328 4789 2475 4844 omni
2502 4787 2555 4842 in
2575 4801 2743 4841 unum
2771 4785 2997 4842 collecta
3019 4782 3330 4839 deﬁnitione
3355 4783 3628 4837 dicamus:

2054 4884 2294 4940 Adorare
2342 4882 2508 4937 alium
2550 4881 2719 4936 Deum
2759 4886 2958 4949 praeter
2981 4878 3218 4943 Patrem,
3249 4884 3303 4932 et
3332 4875 3549 4942 Filium,
3577 4882 3635 4930 et

2056 4974 2315 5049 Spiritum
2350 4986 2617 5041 sanetum,
2652 4974 2947 5044 impietatis
2988 4974 3195 5029 crimen
3224 4978 3326 5027 est.

2127 5069 2352 5141 Propter
2369 5068 2506 5140 quod
2528 5066 2748 5121 tradidit
2776 5065 2895 5120 illos
2927 5065 3069 5120 Deus
3096 5065 3150 5118 in
3169 5061 3431 5116 desideria
3456 5061 3632 5114 cordis

2053 5178 2253 5217 eorum.
2276 5161 2373 5215 Isti
2394 5167 2574 5214 autem
2586 5165 2861 5213 vertentes
2888 5172 2947 5211 se
2963 5173 2993 5209 a
3022 5154 3154 5218 Deo,
3170 5151 3355 5206 traditi
3379 5159 3507 5206 sunt
3520 5150 3633 5205 dia-

2051 5253 2195 5310 bolo.
2227 5253 2467 5308 Tradere
2497 5252 2601 5306 hoc
2626 5260 2711 5306 est
2758 5249 3093 5321 permittere,
3122 5260 3232 5300 non
3258 5245 3509 5311 incitare,
3538 5251 3633 5298 aut

2051 5346 2363 5410 immittere,
2378 5352 2437 5399 ut
2453 5359 2517 5399 ea
2546 5358 2666 5412 qua:
2682 5343 2737 5397 in
2759 5340 3039 5398 desideriis
3061 5338 3432 5409 conciperent,
3447 5337 3632 5408 exple-

2054 5444 2178 5491 rent
2211 5436 2271 5490 in
2301 5449 2485 5504 opere.
2517 5433 2623 5490 Per
2651 5432 2754 5488 hoc
2781 5432 2923 5501 quod
2947 5430 3238 5495 deserunt,
3267 5430 3554 5484 traduntur
3575 5427 3628 5482 in

2054 5526 2322 5582 desideria
2336 5524 2516 5581 cordis
2545 5518 3036 5592 sui.Qualijudicio
3066 5534 3194 5591 erga
3222 5518 3522 5573 divinitatis
3545 5515 3631 5570 usi

2052 5619 2181 5681 sunt
2203 5617 2626 5682 venerationem,
2649 5614 2776 5669 dum
2806 5613 2901 5670 Dei
2928 5612 3350 5685 incorruptibilis
3379 5610 3628 5683 gloriam,

2052 5691 2331 5772 adifmdas
2360 5719 2414 5768 et
2443 5710 2693 5781 indignas
2726 5707 3001 5764 deducunt
3026 5706 3304 5763 hominum
3332 5715 3387 5759 et
3422 5704 3631 5758 anima-

2050 5809 2182 5866 lium
2218 5805 2435 5871 formas,
2493 5800 2584 5857 tali
2630 5799 2794 5856 etiam
2844 5814 2971 5872 erga
3029 5801 3348 5868 semetipsos
3404 5801 3628 5853 utantur
