3974 6202
292 368 359 424 at
537 420 547 431 ,
726 414 732 418 .
1116 350 1119 353 ’
1410 359 1741 420 COLLECT,
1786 358 1851 412 IN
1893 357 2111 415 EPIST.
2153 356 2244 412 AD
2284 357 2449 412 non.
3505 355 3582 410 ae

296 486 436 547 vice,
481 486 542 534 ut
569 477 933 544 rationabiles
976 476 1229 532 homines
1258 476 1443 530 vivant
1476 491 1629 530 more
1668 473 1887 528 irratio-
1916 474 1967 535 Α
1992 488 2109 525 sum
2148 470 2444 543 reprobum.
2482 469 2625 526 Deus
2653 469 2924 525 neminem
2958 470 3142 535 tradit,
3174 468 3266 524 sed
3300 468 3577 537 relinquit,

299 571 559 628 aabilium
613 568 946 623 belluarnm.
975 566 1109 621 Item
1163 565 1496 637 Augustinus
1546 564 1602 618 in
1652 564 1791 617 libro
1821 562 1888 617 de

299 662 485 719 Gratia
530 660 665 723 Dei,
696 667 754 714 et
797 660 972 714 libero
1019 656 1282 713 Arbitrio.
1338 654 1625 726 Pmpterea
1670 653 1891 709 tradidit

297 756 421 810 illos
443 755 584 809 Deus
614 754 671 808 in
690 736 961 806 desideria
983 752 1158 806 cordis
1181 765 1385 804 eorum.
1419 747 1692 817 Scriptum
1723 753 1808 801 est
1834 744 1890 799 in

301 846 618 906 Proverbiis
642 817 965 901 Ealomonis
1004 857 1020 897 :
1065 839 1214 896 Sicut
1259 841 1482 910 impetus
1517 854 1668 909 aqua:
1700 838 1778 891 sic
1802 850 1893 889 cor

302 942 439 1012 regis
482 939 540 992 in
580 953 747 990 manu
786 934 888 988 Dei
931 947 950 984 :
979 948 1287 1004 quocunque
1328 931 1572 995 voluerit,
1618 927 1892 983 inclinabit

302 1032 458 1088 illud.
486 1030 554 1084 Et
584 1029 640 1082 iu
668 1025 914 1097 Epistola
941 1022 1093 1079 Pauli
1142 1023 1212 1077 ad
1256 1021 1531 1077 Romanos
1563 1037 1579 1074 :
1610 1017 1892 1090 Propterea

304 1123 525 1181 tradidit
563 1119 687 1175 illos
714 1119 859 1173 Deus
904 1117 963 1172 in
1006 1115 1296 1182 desideria,
1321 1123 1428 1169 etc.
1477 1113 1574 1168 His
1612 1120 1667 1167 et
1696 1111 1896 1166 talibus

306 1215 639 1274 testimoniis
692 1212 1002 1269 divinorum
1035 1208 1396 1279 eloquiorum,
1451 1206 1606 1269 satis,
1632 1212 1895 1275 quantum

306 1308 580 1370 existimo,
596 1305 997 1366 manifestatur,
1015 1300 1231 1370 operari
1258 1298 1428 1354 Deum
1456 1298 1510 1353 in
1528 1296 1783 1352 cordibus
1800 1295 1896 1350 ho-

308 1401 517 1454 minum
544 1396 616 1451 ad
652 1380 996 1450 inclinandas
1020 1405 1206 1445 eorum
1237 1387 1545 1442 voluntates
1568 1397 1897 1455 quocunque

307 1489 560 1553 voluerit,
575 1488 693 1542 sive
717 1485 785 1541 ad
811 1485 954 1540 bona
970 1497 1070 1554 pro
1091 1496 1189 1536 sua
1207 1481 1473 1535 immensa
1498 1474 1894 1539 misericordia,

307 1583 423 1636 sive
446 1579 516 1635 ad
541 1577 688 1633 mala
705 1591 802 1648 pro
816 1574 1031 1631 meritis
1054 1587 1239 1629 eorum
1258 1589 1273 1625 :
1285 1570 1490 1642 judicio
1502 1585 1568 1625 au
1576 1577 1681 1624 tem
1696 1582 1795 1622 suo
1807 1566 1899 1625 alia

308 1670 530 1743 quando
548 1677 763 1741 aperto,
790 1667 1082 1737 aliquando
1104 1662 1340 1728 occulto,
1373 1648 1590 1732 semper
1615 1668 1796 1715 autem
1812 1657 1900 1727 ju-

308 1774 416 1818 sto.
430 1763 511 1817 Ae
532 1775 634 1830 per
644 1760 772 1826 hoc,
786 1756 1003 1828 quando
1028 1754 1207 1825 legitis
1223 1754 1279 1808 in
1294 1752 1495 1808 divinis
1519 1751 1716 1807 litteris
1741 1765 1772 1805 a
1793 1751 1901 1805 Deo

307 1850 497 1909 seduci
534 1822 822 1914 homines,
842 1855 935 1902 aut
954 1822 1212 1910 obtundi‘,
1240 1843 1595 1899 autobturan'
1620 1842 1784 1897 corda
1810 1855 1903 1897 eo-
1930 1822 1976 1883 Β
2006 1822 2300 1900 felicitatis.
2336 1844 2697 1899 Homicidium
2727 1852 2812 1899 est
2841 1844 3146 1901 innocentis
3191 1847 3414 1903 occisia.
3456 1846 3594 1903 Cano
3696 1852 3705 1875 ‘

314 1961 461 2011 rum,
476 1942 649 2000 nolite
674 1941 922 1998 dubitare
943 1938 1288 2010 praecessisse
1305 1936 1448 1991 mala
1465 1935 1660 1991 merita
1687 1948 1900 1999 eorum,

314 2048 373 2092 ut
386 2036 886 2107 justepaterentur.
904 2030 971 2085 In
1001 2027 1508 2095 immunditia.Qu:e
1534 2033 1621 2081 est
1645 2025 1701 2080 in
1730 2024 1901 2095 turpi-

310 2128 415 2184 bus
439 2125 741 2197 mysteriis,
770 2130 834 2177 ut
860 2119 1204 2177 contumeliis
1234 2116 1475 2173 atliciant
1501 2130 1730 2185 corpora
1781 2129 1902 2181 sua,

313 2225 441 2278 dum
480 2221 586 2278 sibi
616 2221 673 2275 in
721 2215 1079 2274 sacramentis
1110 2212 1375 2269 idolorum
1411 2210 1655 2266 cauteria
1704 2215 1759 2265 et
1805 2206 1904 2261 bu-

315 2315 522 2369 stiones
584 2307 881 2380 inﬂigunt,
928 2313 987 2361 ut
1053 2304 1209 2375 quasi
1271 2308 1517 2356 amentes
1572 2299 1676 2370 ipsi
1727 2298 1782 2352 in
1846 2310 1906 2352 se

312 2416 540 2459 suorum
578 2399 693 2455 sint
732 2398 977 2453 vindices
1012 2395 1353 2451 delictorum.
1406 2389 1512 2456 Qui
1557 2398 1907 2445 commutave-

317 2505 437 2571 runt
458 2495 732 2549 veritatem
755 2490 854 2546 Dei
872 2490 929 2545 in
949 2487 1302 2543 mendacium.
1328 2482 1442 2539 Hoc
1464 2488 1569 2547 est,
1588 2494 1785 2537 nomen
1806 2480 1904 2535 Dei

314 2587 409 2657 qui
443 2600 612 2641 verus
635 2592 745 2650 est,
774 2582 1041 2638 dederunt
1069 2579 1154 2635 his
1195 2576 1287 2648 qui
1338 2590 1448 2631 non
1492 2583 1619 2630 sunt
1646 2574 1742 2639 dii,
1774 2572 1908 2644 lapi-

318 2677 475 2733 dibus
523 2675 737 2731 scilicet
763 2680 817 2727 et
842 2672 1026 2744 lignis,
1051 2678 1214 2740 atque
1243 2665 1497 2723 metallis.
1541 2664 1645 2734 Qui
1688 2664 1908 2720 simula-

318 2783 469 2823 crum
499 2765 651 2832 colit,
693 2763 962 2821 convertit
987 2762 1272 2818 veritatem
1301 2759 1396 2815 Dei
1428 2759 1484 2812 in
1520 2757 1901 2837 mendacium;

322 2872 445 2910 nam
471 2870 626 2910 mare
638 2854 845 2909 veritas
864 2861 971 2918 est,
986 2852 1090 2907 hoc
1116 2859 1222 2917 est,
1240 2865 1368 2907 vera
1387 2856 1637 2905 creatura
1669 2867 1682 2902 :
1708 2848 1910 2918 Neptu-

316 2961 423 3001 nus
441 2954 622 3000 autem
650 2943 1015 3008 mendacium,
1046 2941 1246 2998 factum
1275 2943 1345 2997 ab
1374 2941 1613 3007 homine,
1647 2954 1909 2996 conversa

321 3036 550 3091 veritate
580 3035 675 3090 Dei
712 3035 767 3089 in
806 3033 1168 3099 mendacium,
1211 3033 1340 3104 quia
1372 3033 1516 3088 Deus
1549 3030 1680 3087 fecit
1734 3044 1903 3095 mare,

319 3128 485 3183 homo
519 3134 707 3181 autem
735 3124 1085 3181 simulacrum
1114 3123 1367 3195 Neptuni.
1407 3122 1479 3177 Et
1507 3121 1778 3178 coluerunt
1799 3163 1815 3188 ,
1858 3130 1907 3177 et

320 3223 610 3277 ssrrierunt
648 3230 907 3276 creatura:
955 3220 1128 3292 potius
1183 3235 1344 3290 quam
1400 3217 1661 3274 Creatori.
1691 3217 1751 3274 ιὰ
1799 3226 1904 3283 est,

320 3329 431 3368 non
465 3313 641 3369 solum
689 3312 1011 3377 dilexerunt,
1067 3311 1162 3366 sed
1211 3311 1375 3366 etiam
1414 3302 1740 3366 servierunt.
1801 3309 1909 3366 Sed

320 3405 631 3475 quicunque
649 3399 881 3469 alicujus
909 3408 1170 3456 creaturae
1198 3401 1493 3470 cupiditate
1518 3400 1773 3467 vincitur,
1806 3400 1908 3471 ipsi

321 3496 523 3561 servit;
556 3510 590 3548 a
612 3509 722 3565 quo
747 3494 895 3548 enim
923 3492 1047 3563 quis
1077 3504 1365 3565 superatus
1387 3501 1492 3560 est,
1520 3492 1681 3563 hujus
1706 3503 1762 3550 et
1788 3509 1907 3551 ser-

322 3605 423 3646 vus
448 3596 550 3645 est.
602 3585 708 3653 Qui
729 3594 805 3642 est
847 3585 1144 3641 benedictus
1173 3586 1227 3641 in
1255 3585 1471 3644 stecula.
1509 3586 1608 3644 Cui
1633 3588 1679 3644 si
1707 3588 1910 3645 servis-

321 3692 466 3748 sent,
495 3691 555 3739 et
583 3682 684 3754 ipsi
715 3681 835 3738 ﬁeri
861 3682 1131 3738 benedicti
1170 3682 1226 3737 in
1254 3683 1450 3739 saecula
1484 3684 1810 3755 potuissent.

393 3773 540 3828 Nam
556 3772 768 3843 {emine
788 3788 971 3827 eorum
983 3773 1388 3829 inmutaverunt
1411 3774 1707 3829 naturalem
1731 3793 1904 3841 usum,

322 3867 374 3919 in
402 3882 525 3919 eum
576 3880 734 3919 usum
764 3863 854 3935 qui
898 3872 974 3917 est
1016 3872 1199 3918 contra
1245 3874 1516 3920 naturam.
1551 3863 1744 3920 Omnia
1789 3881 1911 3935 per-

324 3949 609 4012 venerunt
633 3956 690 4009 in
728 3956 897 4010 Deum
938 3958 1214 4026 perversi;
1264 3971 1441 4029 neque
1475 3957 1623 4012 enim
1663 3955 1907 4013 ordinem

323 4058 533 4103 naturae
570 4061 791 4103 servare
814 4053 1091 4117 poterant,
1132 4047 1224 4116 qui
1253 4054 1463 4104 naturae
1507 4046 1910 4119 dereliquerant

322 4150 626 4194 auctorem.
658 4135 910 4193 Similiter
928 4147 1102 4193 autem
1131 4146 1179 4192 et
1200 4137 1445 4205 masculi,
1470 4136 1647 4194 relicto
1676 4137 1909 4193 naturali
1948 4125 1957 4131 ’

323 4247 421 4283 usu
449 4229 683 4299 femina
726 4228 904 4284 Aliam
931 4228 1061 4285 dare
1088 4227 1323 4284 Satanas
1354 4228 1523 4299 legem
1568 4245 1675 4286 non
1706 4236 1903 4300 potest,

322 4319 430 4373 nisi
455 4327 518 4373 ut
542 4332 801 4374 concessa
829 4324 885 4372 et
908 4316 1059 4372 licita
1084 4317 1140 4373 in
1167 4317 1331 4373 alium
1354 4319 1599 4374 ordinem
1630 4327 1823 4385 vertat,
1847 4326 1909 4374 ut

322 4411 453 4463 dum
484 4408 644 4463 aliter
679 4407 817 4463 ﬁunt
847 4423 1009 4478 quam
1038 4423 1295 4465 concessa
1331 4418 1476 4477 sunt,
1508 4418 1731 4481 peccata
1774 4412 1903 4466 sint.

1993 580 2093 619 nec
2121 563 2339 633 adjuvat
2363 579 2488 619 eum
2524 565 2619 634 qui
2675 570 2883 634 peccat.
2925 561 3164 635 Repletos
3205 562 3346 615 omni
3388 560 3579 630 iniqui‘

1990 666 2097 711 tate
2140 666 2189 712 et
2247 657 2474 711 malitia.
2536 656 2873 727 Principales
2925 670 3118 709 causas
3169 654 3406 710 ostendit
3457 670 3581 710 esse

1990 747 2233 803 omnium
2262 748 2536 803 vitiorum.
2574 746 2812 803 Joannes
2863 746 3308 816 Metropolitanus
3345 746 3461 800 haec
3505 746 3582 800 di-

1993 838 2118 893 cit:
2162 837 2426 910 Iniquitas
2462 846 2549 893 cst
2588 839 2840 908 generale
2892 853 3092 893 nomen
3148 838 3326 893 omnis
3371 838 3579 907 peccati

1990 929 2064 984 ab
2097 929 2339 1000 origine;
2387 944 2512 983 nam
2542 929 2791 999 quisquis
2837 929 2904 984 de
2950 929 3206 998 aequitate
3236 940 3466 993 natum,
3495 928 3579 1003 vel
3641 967 3644 969 λ

1993 1019 2373 1075 mandatorum
2398 1020 2493 1074 Dci
2533 1020 2751 1086 labitur,
2784 1019 2999 1088 iniquus
3028 1019 3229 1074 dicitur
3255 1036 3267 1071 :
3297 1020 3439 1074 unde
3480 1019 3584 1073 ini-

1993 1112 2175 1182 quitas
2194 1111 2339 1167 dicta
2361 1119 2464 1176 est,
2491 1111 2651 1180 quasi
2671 1110 2984 1179 inaequius:
3020 1107 3230 1162 Malitia
3252 1124 3400 1175 vero,
3429 1110 3581 1179 quasi

1996 1205 2170 1276 major
2194 1204 2324 1259 latio
2353 1221 2366 1256 :
2401 1203 2623 1259 molitur
2649 1203 2820 1269 enim,
2851 1202 2937 1259 vel
2967 1202 3138 1272 magis
3163 1202 3278 1257 vult
3297 1218 3460 1272 quam
3492 1216 3583 1259 ne-

1995 1312 2151 1354 cesse
2201 1307 2304 1353 est.
2344 1296 2657 1352 Fornicatio
2692 1298 2835 1353 dicta
2870 1306 2973 1363 est,
3011 1297 3166 1367 quasi
3203 1298 3391 1353 forma:
3423 1313 3585 1355 neca-

1997 1389 2093 1455 tio,
2124 1404 2221 1459 per
2240 1403 2402 1458 quam
2430 1387 2607 1443 forma
2639 1389 2779 1443 bona
2818 1388 3085 1444 naturalis
3117 1388 3313 1443 animm
3340 1397 3581 1445 necatur.

1998 1479 2312 1536 Fornicatio
2341 1486 2527 1534 autem
2546 1486 2632 1534 est
2654 1494 2687 1533 a
2713 1478 2955 1549 legitimo
2969 1477 3221 1550 coniugio
3243 1476 3387 1534 foras
3415 1480 3585 1536 exire.

2000 1568 2340 1639 impudicitia
2391 1577 2477 1626 est
2503 1577 2785 1640 peccatum
2812 1569 3106 1639 publicum,
3133 1577 3187 1625 et
3210 1584 3585 1643 perseverans.

2001 1660 2243 1716 Avaritia
2292 1661 2437 1717 dicta
2473 1670 2560 1717 est
2599 1662 2756 1731 quasi
2805 1662 2873 1716 ab
2914 1676 3048 1717 auro
3078 1672 3346 1733 respectu.
3378 1663 3599 1719 Avarus.

2004 1753 2224 1819 dicitur,
2254 1754 2410 1824 quasi
2442 1754 2631 1810 avidus
2657 1754 2793 1808 auri.
2831 1753 3045 1808 Invidia
3068 1763 3153 1809 est
3191 1753 3374 1811 odium
3402 1754 3592 1813 aliena:

2003 1937 2164 1993 tentia
2197 1946 2302 2004 est,
2345 1937 2435 1993 ubi
2464 1952 2572 1992 non
2601 1936 2814 1992 ratione
2838 1937 3067 2008 aliquid,
3096 1938 3191 1993 sed
3237 1938 3405 1993 animi
3433 1940 3595 2011 perti-

2004 2033 2159 2087 nacia
2184 2031 2518 2097 defenditur;
2548 2031 2639 2087 ubi
2679 2046 2787 2086 non
2825 2039 2932 2085 tam
2962 2031 3164 2087 veritas
3197 2032 3478 2102 quaeritur,
3500 2033 3595 2089 sed

2003 2123 2232 2178 intentio
2254 2121 2531 2195 fatigatur.
2557 2121 2936 2177 Contentiosus
2988 2130 3073 2177 cst
3105 2123 3199 2193 qui
3232 2122 3439 2193 aliquid
3465 2140 3594 2180 con-

2004 2222 2090 2268 tra
2118 2214 2510 2271 conscientiam
2539 2228 2695 2270 suam
2733 2213 2929 2268 nititur
2958 2211 3267 2269 defensare.
3315 2213 3484 2271 Dolus
3511 2202 3597 2272 est

2005 2305 2216 2361 occulta
2261 2304 2487 2370 malitia,
2535 2304 2750 2361 blandis
2778 2303 3122 2360 sermonibus
3148 2304 3412 2383 adornata
3477 2306 3596 2362 Ma-

2005 2392 2218 2464 lignitas
2246 2402 2331 2450 est
2367 2394 2589 2450 malitia;
2613 2409 2770 2465 opus,
2803 2393 2948 2453 dicta
2971 2412 3002 2451 a
3034 2395 3177 2452 male
3223 2395 3451 2467 agendo.
3489 2396 3596 2452 Su-

2005 2500 2272 2539 surrones.
2314 2485 2741 2543 Murmuratores
2766 2502 2874 2544 non
2922 2489 2977 2544 in
3030 2488 3247 2554 faciem,
3280 2488 3375 2545 sed
3420 2487 3472 2542 in
3502 2505 3597 2543 an-

2009 2593 2123 2633 rem
2145 2577 2449 2648 loquentes.
2481 2577 2591 2633 Deo
2619 2579 2858 2635 odibiles.
2883 2579 3032 2636 Nihil
3055 2581 3205 2636 enim
3231 2588 3316 2635 est
3349 2589 3458 2634 tam
3482 2579 3599 2635 odi-

2008 2670 2117 2726 bile
2146 2671 2258 2726 Deo
2297 2686 2459 2741 quam
2509 2670 2829 2727 idololatrac.
2875 2670 3255 2727 Contumeliosi
3310 2679 3458 2737 sunt,
3504 2670 3598 2739 qui

2009 2761 2223 2817 veloces
2274 2752 2401 2815 sunt
2444 2761 2499 2815 in
2528 2760 2709 2816 verbis
2756 2760 3290 2832 injuriae-Superbia
3318 2770 3403 2817 est
3444 2775 3601 2816 amor

2009 2853 2202 2909 aliena:
2253 2851 2610 2917 excellentia),
2645 2852 2739 2923 qui
2790 2852 2903 2930 vylt
2954 2852 3273 2924 supergredi
3324 2854 3471 2924 quod
3514 2862 3600 2909 est

2011 2963 2174 3019 super
2201 2962 2279 3002 se.
2307 2946 2611 3002 Inrentores
2634 2947 2917 3003 malorum.
2948 2949 3084 3016 Quia
3110 2964 3327 3021 semper
3349 2949 3599 3021 superbia

2011 3038 2284 3109 excogitat
2337 3045 2394 3091 et
2440 3037 2648 3093 invenit
2694 3038 2832 3094 mala
2867 3056 2881 3093 :
2925 3040 3069 3095 sicut
3119 3048 3307 3096 auctor
3336 3040 3601 3110 superbia:

2012 3145 2111 3200 per
2154 3128 2446 3185 elationem
2493 3144 2649 3184 suam
2682 3129 2890 3186 invenit
2936 3132 3040 3188 sibi
3071 3131 3272 3186 malum
3305 3132 3448 3202 quod
3474 3141 3600 3188 ante

2013 3233 2120 3274 non
2144 3218 2339 3274 fuerat.
2372 3216 2560 3274 Elatus
2599 3229 2776 3274 autem
2798 3220 3017 3287 dicitur,
3047 3221 3222 3291 quise
3244 3221 3415 3292 iactat
3438 3238 3601 3293 super

2011 3325 2324 3367 mensuram
2365 3324 2538 3365 suam.
2582 3311 2715 3368 Item
2743 3311 2871 3367 ela‘ti
2891 3320 3038 3385 sunt,
3065 3313 3158 3382 qui
3188 3327 3249 3369 se
3272 3315 3480 3385 jactant
3506 3315 3602 3369 lia-

2010 3404 2141 3460 berc
2173 3403 2316 3474 quod
2345 3418 2451 3458 non
2494 3405 2718 3460 habent.
2771 3384 3089 3461 Parentibus
3137 3423 3241 3461 non
3280 3384 3597 3462 obedientes.

2011 3495 2138 3551 Veri
2184 3504 2438 3567 parentes
2460 3504 2587 3552 sunt
2612 3497 2704 3567 qui
2728 3513 2828 3568 per
2866 3513 3051 3555 semen
3082 3499 3232 3554 verbi
3258 3506 3519 3570 generant
3547 3499 3599 3553 in

2009 3588 2184 3644 lucem
2214 3596 2270 3644 et
2303 3589 2469 3644 vitam
2496 3597 2777 3645 aeternam.
2809 3589 3145 3662 Insipientes.
3174 3589 3598 3659 lncompositos:

2009 3679 2369 3737 Inordinatos.
2411 3680 2740 3749 Quial‘onte
2784 3682 3067 3751 sapientia:
3097 3687 3465 3742 recesserunt,
3507 3694 3602 3732 ne-

2009 3787 2164 3828 cesse
2210 3780 2295 3828 est
2346 3781 2408 3828 ut
2436 3768 2769 3826 'inordinate
2808 3770 3077 3825 ferantur.
3130 3768 3260 3823 Sine
3297 3768 3595 3837 affectione.

2008 3861 2235 3916 Ali‘ectio
2264 3860 2348 3916 est
2370 3860 2687 3930 adimpletio
2713 3859 3021 3915 charitatis.
3054 3859 3183 3915 Sine
3211 3860 3595 3914 misericordia.

2010 3952 2290 4021 Quomodo
2318 3952 2465 4008 enim
2494 3951 2726 4008 aliorum
2765 3958 3024 4023 poterunt
3069 3951 3338 4019 misereri,
3366 3952 3456 4023 qui
3493 3952 3598 4008 sibi

2010 4043 2260 4101 crudeles
2287 4052 2433 4100 sunt.

2080 4134 2264 4201 Tertio
2308 4133 2613 4191 invenimus
2649 4132 2719 4190 ab
2743 4133 3002 4207 Apostolo
3041 4134 3277 4206 positum
3310 4153 3323 4191 :
3358 4135 3599 4191 Tradidit

2008 4229 2147 4284 illos.
2179 4228 2246 4283 Et
2274 4228 2463 4299 prima:
2505 4229 2723 4299 quidem
2756 4229 3065 4284 traditionis
3116 4244 3307 4285 causas
3351 4229 3594 4285 addidit:

2012 4320 2150 4388 Quia
2173 4335 2288 4373 cum
2316 4321 2674 4391 cognovissent
2697 4318 2887 4386 Deum,
2906 4337 3011 4374 non
3039 4321 3173 4374 sicut
3195 4320 3364 4374 Deum
3396 4323 3600 4390 magni-

2008 4410 2321 4478 ﬁcaverunt,
2351 4418 2457 4465 etc.
2504 4409 2729 4480 Propter
2764 4409 2906 4482 quod
2929 4450 2944 4476 ,
2973 4409 3149 4479 inquit
3170 4450 3185 4475 ,
3214 4409 3431 4464 tradidit
3480 4409 3599 4462 illos

325 4500 681 4553 Exarserunt.
712 4498 849 4565 Quia
901 4497 1167 4555 eﬂ‘renata
1205 4499 1372 4556 libido
1416 4502 1636 4556 modum
1689 4515 1906 4557 servare
1933 4536 1986 4597 Ι)
2011 4501 2152 4556 Deus
2188 4502 2244 4555 in
2268 4500 2528 4556 desideria
2553 4501 2726 4556 cordis
2746 4517 2959 4567 eorum,
3001 4509 3105 4557 etc.
3140 4499 3401 4556 Secundm
3434 4499 3601 4555 tradi.

324 4606 434 4644 non
481 4590 652 4645 novit.
682 4588 751 4643 Et
791 4588 1080 4644 mercedem
1130 4605 1289 4662 quam
1334 4591 1561 4660 oportuit
1590 4592 1782 4646 erroris
1826 4592 1910 4646 sui

324 4683 380 4732 in
423 4677 715 4747 semetipsis
770 4678 1097 4748 recipientes.
1149 4677 1481 4749 .Oportuisse
1532 4694 1639 4735 non
1688 4687 1771 4736 est
1820 4696 1910 4737 ve-

326 4772 463 4825 ritus
491 4769 675 4825 dicere
707 4767 1020 4839 Apostolus,
1060 4777 1120 4825 ut
1141 4771 1235 4841 qui
1260 4777 1525 4825 creaturae
1548 4770 1726 4840 potius
1747 4787 1910 4842 quam

324 4862 572 4918 Creatori
596 4861 927 4927 servierunt,
952 4862 1146 4916 erroris
1167 4861 1253 4917 sui
1273 4861 1559 4916 mercedem
1576 4902 1590 4925 ,
1618 4877 1725 4918 non
1756 4862 1911 4918 inviti

324 4952 444 5006 lucc
477 4952 655 5023 turpia
691 4951 968 5024 patiendo,
1000 4954 1096 5009 sed
1136 4953 1369 5009 libenter
1396 4952 1678 5022 faciendo,
1710 4973 1909 5029 recepe-

325 5051 447 5095 rant
467 5055 487 5093 :
507 5042 717 5112 judicio
745 5043 954 5099 scilicet
981 5059 1089 5098 non
1132 5043 1359 5113 alicujus
1398 5045 1635 5101 hominis
1668 5046 1907 5102 immun-

323 5132 530 5187 dissimi
547 5148 709 5202 quem
734 5133 864 5188 talia
881 5133 1230 5200 delectarent,
1259 5135 1353 5190 sed
1370 5135 1659 5207 justissimi
1696 5138 1791 5192 Dei
1817 5138 1911 5209 qui

322 5222 551 5279 tradidit
592 5224 783 5281 illosin
809 5224 1092 5295 passiones
1113 5226 1513 5297 ignominiarum
1543 5228 1776 5284 crimina
1805 5228 1913 5284 cri-

321 5313 565 5368 minibus
586 5315 1013 5383 vindicarentur,
1043 5326 1099 5372 et
1135 5300 1404 5386 supplicia.
1424 5320 1767 5388 peccantium
1801 5336 1911 5376 non

319 5408 433 5459 sint
460 5414 749 5473 tormenta,
775 5409 870 5464 sed
896 5409 1230 5466 incrementa
1252 5412 1528 5468 vitiorum.
1557 5411 1624 5467 Et
1648 5413 1784 5468 sicut
1806 5431 1910 5470 non

315 5497 666 5568 probauerunt
689 5498 861 5554 Deum
896 5500 1090 5556 habere
1111 5502 1165 5557 in
1187 5504 1395 5557 notitia.
1429 5504 1545 5560 Non
1573 5505 1906 5570 nescierunt,

319 5588 415 5642 sed
462 5589 687 5645 minime
734 5593 1151 5663 probaverunt:
1194 5593 1285 5649 ille
1322 5596 1465 5650 enim
1509 5596 1701 5667 probat
1737 5598 1906 5653 Deum

321 5680 521 5736 habere
551 5681 605 5736 in
643 5683 865 5751 notitia,
907 5685 1000 5755 qui
1039 5701 1255 5757 semper
1280 5685 1428 5741 illum
1455 5697 1776 5757 prccsentem
1812 5689 1907 5744 ba-

322 5773 473 5837 bens,
503 5788 729 5841 peccare
759 5791 868 5831 non
893 5776 1075 5832 audet.
1118 5775 1357 5831 Tradidit
1398 5775 1516 5832 illos
1541 5776 1683 5833 Deus
1716 5780 1769 5833 in
1790 5795 1906 5834 sen-

2013 4594 2176 4649 tionis
2203 4607 2423 4649 causam
2468 4592 2683 4649 videtur
2707 4594 3068 4665 praemittere,
3101 4610 3225 4649 cum
3255 4594 3388 4649 dicit
3415 4612 3426 4646 :
3460 4592 3601 4658 Quia

2011 4694 2458 4741 commutarerunt
2492 4686 2761 4741 veritatem
2813 4687 2912 4743 Dei
2963 4688 3020 4742 in
3057 4686 3408 4741 mendacium.
3465 4683 3602 4737 Pro-

2010 4787 2126 4849 pter
2153 4779 2273 4844 hoc,
2305 4777 2411 4845 ait,
2441 4777 2661 4832 tradidit
2687 4777 2807 4834 illos
2855 4779 2999 4834 Deus
3036 4779 3093 4833 in
3124 4778 3395 4850 passiones
3444 4777 3598 4847 igua-

2011 4871 2235 4925 minima:
2267 4884 2387 4940 qua:
2417 4877 2596 4925 tamen
2626 4869 2864 4925 secunda
2895 4868 3115 4924 traditio
3136 4866 3477 4941 gravioribus
3505 4866 3601 4921 lla-

2016 4960 2162 5033 gitiis
2212 4960 2427 5016 videtur
2479 4960 2713 5017 obnoxia
2767 4980 2780 5018 :
2836 4961 3037 5017 etenim
3081 4960 3326 5030 feminw,
3379 4959 3597 5030 inquit,

2016 5068 2197 5107 eorum
2258 5060 2587 5107 mutaverunt
2646 5052 2939 5106 naturalem
2996 5066 3180 5115 usum,
3235 5058 3340 5106 etc.
3398 5049 3598 5105 Tertia:

2017 5156 2232 5212 quoque
2254 5141 2564 5198 traditionis
2592 5156 2788 5197 causas
2823 5141 3038 5195 videtur
3066 5141 3221 5208 dare,
3248 5157 3372 5198 cum
3423 5142 3594 5198 dicit:

2016 5232 2090 5287 Et
2143 5233 2277 5289 sicut
2336 5250 2440 5289 non
2477 5233 2823 5304 probaverunt
2872 5230 3041 5286 Deum
3098 5233 3288 5289 habere
3341 5235 3397 5289 in
3458 5235 3598 5289 noti-

2017 5323 2121 5386 tia,
2163 5322 2382 5378 tradidit
2421 5320 2539 5377 illos
2587 5321 2729 5376 Deus
2777 5322 2834 5376 in
2892 5321 3165 5393 reprobum
3210 5338 3440 5386 sensum,
3485 5328 3594 5377 etc.

2016 5414 2221 5470 Verum
2268 5414 2640 5471 distinctiones
2692 5413 2808 5469 istae
2841 5430 3161 5481 causarum,
3200 5430 3307 5471 non
3344 5413 3477 5469 mihi
3515 5412 3597 5470 vi-

2017 5508 2214 5566 dentur
2238 5522 2536 5579 congruere
2562 5508 2698 5563 satis
2721 5510 2789 5564 ad
2812 5525 2876 5566 ea
2903 5525 3023 5580 quae
3049 5509 3275 5581 singulis
3293 5510 3595 5580 quibusque

2016 5599 2251 5668 subjecta
2272 5604 2398 5651 sunt
2417 5595 2663 5652 crimina.
2680 5596 2959 5666 Quomodo
2977 5600 3121 5653 enim
3142 5599 3471 5669 turpioribns
3487 5606 3595 5652 tra»-

2014 5689 2157 5743 ditur
2190 5685 2406 5758 ﬂagitiis
2436 5686 2482 5741 is
2507 5687 2597 5756 qui
2625 5697 2923 5744 creatorem
2956 5688 3213 5752 deseruit,
3238 5689 3408 5758 magis
3428 5703 3593 5758 quam

2014 5777 2100 5832 ille
2132 5776 2220 5846 qui
2270 5774 2494 5847 gloriam
2521 5770 2947 5849 incorruptibilis
2981 5777 3074 5834 Dei
3117 5778 3405 5833 mutaverit
3438 5778 3495 5833 in
3517 5776 3593 5831 si-
