3974 6202
396 365 468 423 25
1786 382 1927 435 SED1

2028 382 2060 438 ll
2098 383 2293 441 SCOTi
3212 384 3215 387 ’
3574 399 3642 455 24

399 484 753 541 militudinem
787 487 1036 559 imaginis
1065 490 1432 559 corruptibilis
1459 476 1729 557 hominis,
1775 503 1829 548 et
1873 509 1965 549 vo—
1995 498 2040 557 Α
2069 505 2321 565 peccator
2367 507 2707 568 pcccatorem
2760 502 2838 555 tui
2890 501 3120 559 similem
3165 503 3404 575 judicas,
3444 522 3646 580 qutato

396 574 626 644 lucrum,
660 587 712 632 et
743 579 1145 649 quadrupedum
1169 620 1183 643 ,
1231 590 1286 636 ct
1306 585 1675 652 “serpentum?
1701 585 1808 638 Aut
1840 600 1970 655 quo—
2071 587 2246 656 magis
2276 587 2417 643 Dens
2434 589 2616 657 justus
2644 600 2697 646 te
2719 592 2984 662 indicabit
3012 594 3317 663 injustam?
3344 574 3641 667 Secunsum

395 668 554 723 modo
578 682 741 737 supra
770 675 1058 738 utrumque
1080 669 1293 735 horum,
1321 670 1469 725 velut
1494 673 1727 727 examini
1751 673 1964 729 cuidam

392 759 682 813 traduntur
728 758 1013 825 malorum,
1044 759 1099 814 hi
1128 760 1220 831 qui
1263 777 1367 815 non
1403 762 1748 832 probaverunt
1796 764 1963 819 Deum

391 850 577 904 habere
598 850 653 903 in
689 850 919 905 notitia?
947 850 1113 922 Magis
1161 851 1343 922 itaque
1374 852 1507 907 mihi
1558 854 1810 909 videntur
1846 871 1962 911 om-

387 955 487 996 nes
522 940 606 996 hie
650 956 826 997 causae
854 956 974 1012 qua:
1002 942 1380 1000 traditionibus
1419 945 1651 1016 singulis
1680 946 1961 1015 proferun-

389 1042 504 1099 tur,
553 1033 607 1087 in
633 1050 799 1089 unum
848 1038 1254 1105 coacervandaa,
1283 1047 1339 1095 et
1368 1055 1585 1096 rursum
1612 1042 1956 1099 traditionum

385 1122 594 1190 species
628 1122 681 1177 in
708 1140 893 1190 unum,
926 1133 987 1180 ut
1011 1126 1161 1182 verbi
1191 1142 1355 1184 causa
1383 1130 1459 1185 ita
1486 1129 1730 1187 d'camus
1759 1149 1771 1184 :
1802 1131 1957 1199 Quod

382 1222 823 1268 commutaverunt
869 1215 1090 1286 gloriam
1132 1218 1541 1290 incorruptibilis
1588 1220 1684 1276 Dei
1722 1223 1775 1277 in
1804 1224 1954 1278 simi-

381 1303 656 1359 litudinem
711 1305 957 1377 imaginis
1001 1292 1357 1380 corruptibilis
1405 1312 1666 1379 hominis;
1691 1323 1745 1370 et
1771 1357 1785 1377 ,
1827 1317 1952 1388 quia

380 1404 823 1450 commutaverunt
859 1398 1126 1452 ueritatem
1173 1398 1273 1454 Dei
1324 1400 1378 1455 in
1430 1402 1761 1457 mendacium
1796 1418 1814 1457 :
1853 1413 1948 1471 et,

379 1501 472 1540 nec
518 1485 866 1555 probaverunt
910 1485 1075 1541 Deum
1129 1487 1320 1543 habere
1369 1490 1426 1545 in
1464 1492 1693 1557 notitia;
1739 1504 1950 1563 prapter

296 1640 305 1647 ἱ
375 1578 487 1632 lucc
508 1578 690 1632 omnia
719 1576 939 1631 tradidit
972 1593 1060 1631 eos
1085 1578 1226 1632 Deus
1270 1579 1325 1635 in
1367 1579 1630 1635 desideria
1654 1583 1829 1637 cordis
1854 1601 1945 1638 eo-

376 1683 528 1733 rum;
553 1675 607 1722 et
636 1667 854 1722 tradidit
880 1669 935 1722 in
977 1670 1246 1739 passiones
1291 1671 1612 1740 ignominiaa,
1647 1680 1702 1727 et
1727 1675 1946 1729 tradidit

371 1757 491 1813 illos
518 1758 657 1813 Deus
686 1760 741 1813 in
770 1758 1041 1829 reprobum
1067 1776 1294 1825 sensum,
1321 1768 1379 1814 ut
1425 1761 1657 1830 facerent
1696 1779 1813 1836 qua:
1839 1782 1941 1822 non

2067 677 2355 731 veritatem.
2405 677 2709 735 Humanum
2761 683 2908 738 enim
2949 683 3215 755 judicium
3264 690 3446 746 multis
3472 694 3645 750 modis

2062 767 2449 836 corrumpitur,
2494 783 2697 833 amore,
2736 771 2897 851 ’odio,
2936 773 3151 840 timore,
3205 779 3456 833 avaritia.
3488 779 3643 852 Saepe

2054 853 2300 941 iudicum
2332 858 2613 931 integritas
2659 861 2912 928 violatur,
2944 872 3001 920 et
3023 875 3213 923 contra
3232 868 3460 937 justitia:
3479 886 3639 944 regu‘

2062 944 2168 999 iam
2194 947 2467 1004 interdum
2487 950 2857 1008 misericordia
2886 954 3198 1011 inclinatur.
3229 957 3364 1014 illud
3392 963 3640 1031 estquod

2059 1035 2114 1090 in
2168 1038 2272 1093 hoc
2308 1037 2427 1096 loco
2471 1041 2685 1098 videtur
2727 1046 2937 1101 ostendi
2964 1047 3093 1117 quia
3117 1048 3288 1105 solius
3315 1051 3410 1107 Dei
3447 1054 3519 1109 sit
3548 1069 3637 1109 se-

2057 1131 2292 1217 cundum
2343 1134 2628 1191 veritatem
2656 1135 2942 1208 judicium.
2997 1138 3137 1197 Sunt
3183 1145 3326 1200 enim
3388 1149 3634 1217 quaedam

2053 1233 2176 1291 qua:
2197 1210 2608 1280 eorumittuntur
2633 1240 2797 1297 opere
2815 1230 3031 1298 quidem
3055 1232 3220 1299 malo,
3244 1210 3426 1290 animo
3449 1248 3634 1293 autem

2056 1326 2164 1365 non
2193 1310 2337 1367 malo
2368 1330 2381 1366 :
2410 1321 2471 1367 ut
2497 1314 2543 1368 si
2574 1316 2892 1384 quis,werbi
2929 1334 3112 1399 causa,
3145 1321 3496 1380 homicidium
3524 1342 3631 1384 non

2050 1398 2327 1455 voluntate
2374 1403 2740 1471 commiserit;
2794 1415 2854 1461 et
2899 1398 3177 1465 alia’liunt
3224 1426 3391 1481 opere
3416 1416 3629 1484 quidem

2049 1488 2218 1553 bono,
2258 1490 2354 1544 sed
2402 1491 2586 1547 animo
2611 1508 2722 1569 non
2751 1494 2892 1550 bono
2923 1509 2938 1549 :
2973 1505 3035 1552 ut
3059 1499 3106 1554 si
3155 1501 3281 1569 quis
3321 1503 3629 1561 misericor-

2047 1579 2193 1635 diam
2244 1596 2352 1635 non
2399 1597 2500 1652 pro
2545 1584 2799 1640 mandato
2843 1585 2960 1652 Dei,
2988 1590 3085 1644 sed
3140 1599 3201 1645 nt
3252 1590 3499 1650 laudetur
3559 1597 3628 1654 ab

2034 1660 2359 1726 hominibus
2388 1670 2588 1738 faciat;
2638 1673 2741 1728 alia
2772 1689 2903 1732 vero
2938 1686 3067 1732 sunt
3092 1679 3148 1733 in
3186 1681 3383 1751 quibus
3413 1685 3529 1741 sive
3572 1688 3624 1743 in

2048 1756 2210 1821 bono,
2241 1752 2354 1814 sive
2381 1761 2435 1815 in
2458 1761 2622 1828 malo,
2653 1762 2866 1819 animus
2887 1780 3012 1819 cum
3034 1781 3199 1837 opere
3219 1775 3510 1829 concordat
3530 1794 3545 1842 ε
3570 1785 3625 1831 et

372 1850 799 1920 conveniunt,qui
820 1857 968 1903 erant
991 1847 1171 1916 repleti
1194 1849 1335 1903 omni
1355 1848 1626 1920 iniquitate
1645 1860 1694 1907 et
1717 1853 1942 1920 malitia,
1972 1844 2018 1905 B
2045 1838 2173 1919 quia
2197 1849 2361 1904 corda
2390 1849 2668 1905 hominum
2695 1867 2855 1907 nosse
2881 1854 3051 1910 solius
3094 1855 3191 1913 Dei
3215 1868 3320 1925 est,
3342 1870 3399 1916 et
3426 1838 3624 1920 mentis

370 1945 428 1992 et
459 1937 673 1993 caeteris
712 1952 832 2008 qua:
851 1938 1052 2008 scripta
1081 1946 1207 1994 sunt
1229 1940 1404 1995 malis.
1429 1940 1488 1995 In
1519 1941 1604 1997 his
1632 1953 1811 1999 autem
1840 1947 1939 2001 tri-

368 2032 470 2086 bus
492 2030 774 2087 universas
801 2030 1098 2101 impietatis
1125 2032 1333 2102 species
1356 2049 1709 2091 enumerasse
1730 2037 1942 2094 videtur

368 2114 681 2191 Apostolus,
713 2120 797 2176 vel
818 2135 1007 2176 eorum
1053 2122 1145 2193 qui
1189 2122 1331 2178 idola
1379 2124 1584 2190 colunt,
1631 2126 1718 2181 vel
1751 2141 1938 2183 eorum

365 2215 458 2284 qui
482 2223 747 2270 creaturas
778 2215 1088 2270 deserviunt
1130 2215 1311 2285 potius
1347 2231 1509 2285 quam
1529 2215 1793 2284 Creatori,
1824 2219 1940 2277 sive

365 2319 575 2369 eorum,
604 2304 699 2374 qui
724 2319 833 2359 non
860 2305 1225 2374 probaverunt
1261 2304 1426 2360 Deum
1476 2306 1676 2363 habere
1706 2307 1760 2362 in
1798 2308 1939 2364 noti-

367 2398 461 2452 tia.
506 2396 564 2451 ln
604 2413 834 2469 quorum
862 2394 1041 2469 primo
1085 2397 1241 2453 titulo
1281 2398 1589 2467 promiscue
1618 2400 1844 2471 pagani;
1879 2401 1936 2457 in

364 2487 468 2543 alio
516 2489 786 2559 sapientes
838 2503 1028 2544 eorum
1084 2495 1140 2543 et
1185 2489 1490 2559 philosophi
1547 2490 1930 2562 designantur;

361 2587 492 2648 puto
512 2577 655 2647 quod
680 2577 784 2633 hoc
806 2578 965 2634 tertio
988 2578 1293 2633 iudicentur
1321 2578 1580 2645 haeretici,
1614 2579 1698 2635 vel
1725 2589 1934 2636 creato-

364 2680 478 2721 rem
524 2666 705 2721 Deum
743 2675 1026 2739 negantes,
1070 2667 1155 2723 vel
1200 2666 1439 2725 diversas
1469 2668 1835 2740 blasphemias
1878 2672 1933 2727 in

360 2755 646 2811 Excelsum
669 2755 968 2826 loquentes.
993 2755 1211 2813 Certum
1261 2766 1349 2814 est
1375 2765 1554 2814 autem
1584 2760 1726 2828 quod
1771 2759 1932 2829 siqui—

359 2847 482 2901 dem
510 2847 789 2904 tradiderit
817 2848 959 2905 Deus
982 2848 1069 2903 vel
1096 2850 1151 2904 in
1195 2849 1463 2905 desideria
1506 2850 1716 2917 cordis,
1746 2851 1830 2907 vel
1874 2852 1930 2909 in

357 2938 635 3008 passiones
661 2938 982 3009 ignominias,
1011 2938 1097 2995 vel
1122 2940 1176 2995 in
1199 2941 1485 3010 reprobum
1517 2955 1755 3007 sensum,
1794 2956 1927 2998 con-

356 3029 504 3084 tinuo
524 3029 579 3084 in
613 3043 679 3085 eo
703 3031 793 3099 qui
824 3031 1055 3085 traditur
1078 3045 1234 3102 seges
1271 3031 1560 3086 criminum
1590 3040 1798 3103 surgat.

425 3116 527 3184 Qui
551 3134 669 3172 cum
682 3118 948 3189 justitiam
969 3118 1067 3173 Dei
1092 3122 1382 3191 cognorint,
1413 3136 1518 3175 non
1540 3121 1923 3188 intellexerunt,

2042 1944 2251 1994 secreta
2278 1954 2594 2010 agnoscere,
2627 1940 2829 1997 idcirco
2858 1942 2974 2013 ipse
3002 1945 3150 2002 solus
3171 1955 3259 2005 est
3283 1952 3376 2021 qui
3425 1967 3619 2009 secun-

2040 2028 2166 2083 dum
2192 2029 2474 2084 veritatem
2496 2038 2674 2100 potest
2691 2031 2893 2088 habere
2908 2031 3192 2102 judicium.

2108 2119 2400 2175 Existimas
2422 2130 2621 2186 autem,
2653 2138 2684 2175 ο
2725 2123 2900 2177 homo.
2948 2122 3063 2179 Hoc
3103 2126 3208 2194 est,’
3248 2132 3491 2202 nunquid
3523 2135 3619 2190 tibi

2036 2221 2262 2262 examen
2289 2207 2475 2262 datum
2504 2216 2590 2263 est
2610 2208 2695 2264 vel
2724 2218 2966 2279 potestas
2984 2212 3265 2282 judicandi
3289 2218 3355 2272 de
3383 2220 3541 2278 malis
3565 2233 3620 2277 et

2036 2297 2256 2366 stupris,
2284 2312 2408 2352 eum
2456 2297 2645 2352 eadem
2692 2299 2828 2370 agis,
2865 2307 2920 2354 et
2955 2316 3062 2356 non
3114 2311 3198 2358 est
3225 2306 3318 2374 qui
3369 2308 3437 2362 de
3470 2318 3519 2365 te
3548 2312 3615 2366 ad

2033 2401 2272 2457 praesens
2288 2388 2532 2459 judicet?
2582 2388 2819 2460 Eﬁ‘ugies
2834 2389 3104 2459 judicium
3130 2393 3252 2449 Dei.
3284 2395 3401 2451 Non
3431 2400 3617 2471 utique

2033 2478 2088 2533 in
2117 2477 2301 2534 futuro
2346 2479 2561 2534 evades.
2609 2478 2690 2532 An
2736 2479 2946 2535 divitias
2978 2482 3224 2540 bonitatis
3270 2486 3408 2556 ejus,
3445 2499 3494 2543 et
3520 2508 3615 2562 pa-

2032 2569 2246 2634 tientiw,
2291 2578 2339 2624 et
2378 2569 2793 2640 longanimitatis
2848 2574 3181 2647 contemnis,9
3222 2575 3429 2633 Divitias
3460 2580 3613 2635 boni-

2032 2656 2160 2713 tatis
2201 2657 2318 2724 Dei,
2345 2657 2543 2727 quibus
2569 2656 2709 2713 bona
2733 2673 2832 2729 pro
2853 2659 3010 2716 malis
3050 2662 3161 2718 dat.
3190 2663 3457 2723 Patientia
3484 2685 3612 2725 vero

2029 2754 2134 2814 est,
2163 2762 2269 2817 qua
2298 2755 2613 2817 peccatores
2641 2747 2934 2819 impunitus
2972 2753 3238 2822 patienter
3260 2758 3501 2812 converti
3532 2769 3613 2814 to.

2029 2841 2185 2898 lerat.
2219 2842 2623 2913 Longanimitas
2667 2853 2772 2909 est,
2819 2861 2925 2916 qua
2956 2846 3173 2919 longum
3217 2851 3449 2920 spatium
3488 2868 3606 2923 pm-

2027 2931 2268 2989 nitentia:
2295 2933 2404 2988 dat.
2430 2934 2655 2990 Divitias
2679 2935 2942 2992 bonitatis
2971 2937 3060 2993 ille
3088 2955 3383 3010 agnoscere
3410 2952 3605 3014 potest,

2027 3020 2121 3090 qui
2148 3021 2458 3077 considerat
2493 3032 2695 3094 quanta
2737 3024 2792 3079 in
2819 3026 2980 3081 terris
3002 3027 3142 3082 mala
3172 3031 3410 3099 quotidie
3434 3033 3606 3087 homi—

2028 3126 2127 3167 nes
2178 3124 2391 3184 gerant,
2443 3124 2623 3170 tamen
2661 3116 2747 3170 his
2796 3116 2963 3171 Deum
3012 3118 3396 3187 producentem
3437 3122 3603 3178 solem

355 3210 460 3268 hoc
487 3220 594 3278 εει,
625 3188 811 3268 οέιιιοε
830 3213 1032 3271 habent
1053 3221 1110 3269 ει
1135 3188 1243 3270 lion
1268 3214 1487 3281 ﬁdem;
1527 3230 1635 3271 non
1671 3215 1816 3271 enim
1843 3214 1928 3272 in.
1953 3188 1998 3251 C
2030 3217 2188 3259 suum
2209 3203 2469 3274 quotidie,
2491 3213 2546 3259 et
2570 3205 2781 3275 pluvias
2809 3206 3231 3263 ministrantem.
3264 3208 3603 3268 Sustentatio

355 3301 678 3358 tellexerunt
706 3302 843 3359 tales
871 3317 903 3356 a
925 3303 1059 3369 Deo,
1081 3305 1184 3360 etsi
1207 3319 1313 3361 non
1360 3303 1414 3359 in
1438 3306 1720 3375 praesenti,
1744 3313 1924 3361 tamen

2028 3309 2176 3361 vero,
2223 3294 2310 3351 vel
2338 3281 2737 3366 longanimitas,
2771 3312 2835 3353 ac
2862 3299 3123 3368 patientia
3166 3299 3219 3354 in
3252 3301 3357 3356 hoc
3394 3302 3604 3359 videtur

354 3393 410 3447 in
434 3389 614 3447 futuro
635 3406 757 3448 esse
778 3393 1095 3463 puniendos.
1130 3391 1256 3449 Non
1275 3392 1445 3449 solum
1463 3394 1553 3464 qui
1582 3394 1804 3464 faciunt,
1833 3395 1925 3452 sed

2028 3385 2257 3450 diil‘erre,
2293 3387 2437 3457 quod
2465 3388 2557 3458 qui
2588 3388 2901 3446 inﬁrmitate
2935 3389 3107 3462 magis
3130 3406 3292 3460 quam
3328 3394 3602 3464 proposito

350 3487 509 3541 etiam
533 3486 624 3558 qui
652 3488 983 3541 consentiunt
1022 3485 1353 3557 facientibus.
1402 3484 1540 3542 Sunt
1586 3487 1805 3556 quidam
1830 3488 1923 3558 qui

351 3591 410 3632 se
462 3591 585 3632 reos
624 3590 732 3631 non
780 3582 990 3646 putant,
1020 3576 1068 3631 si
1118 3590 1225 3632 non
1275 3583 1568 3646 operentur
1614 3592 1735 3647 quae
1778 3578 1921 3633 mala

349 3674 509 3734 sunt,
536 3666 838 3749 assentiunt
864 3674 1044 3722 autem
1068 3664 1408 3722 facientibus.
1436 3666 1715 3723 Assentire
1742 3675 1922 3724 autem

348 3760 669 3816 facientibus
697 3767 800 3825 est,
823 3760 868 3816 si
889 3774 1012 3816 cum
1032 3760 1154 3831 quis
1181 3759 1354 3831 possit
1390 3759 1805 3830 reprehendere,
1835 3768 1918 3816 ta-

347 3861 504 3908 ceat:
549 3859 612 3907 nt
637 3852 860 3907 audiens
905 3849 1141 3915 fabulas,
1177 3849 1453 3917 aduletur;
1503 3857 1560 3905 et
1585 3848 1661 3904 ita
1709 3858 1815 3917 est,
1862 3859 1924 3906 ιιι

346 3942 440 4012 qui
477 3942 716 3998 fomitem
750 3942 993 4012 praebent
1038 3941 1251 3997 delictis
1302 3955 1513 4006 eorum,
1568 3940 1788 4011 dignum
1836 3950 1921 3998 est

346 4041 407 4086 ut
431 4031 548 4102 pari
595 4031 822 4087 crimine
861 4030 940 4085 rei
986 4029 1307 4084 habeantur.
1359 4028 1501 4083 Sunt
1525 4029 1657 4085 item
1693 4031 1785 4086 alii
1827 4033 1920 4102 qui

345 4136 455 4175 non
482 4119 655 4176 solum
678 4117 884 4173 faciunt
910 4116 1069 4182 mala,
1099 4117 1193 4172 sed
1214 4116 1379 4173 etiam
1409 4117 1753 4173 consentiunt
1778 4120 1919 4177 male

343 4208 670 4265 facientibus
708 4226 722 4264 :
753 4207 947 4279 duplex
983 4221 1111 4278 ergo
1153 4207 1348 4262 horum
1399 4206 1642 4277 nequitia
1692 4216 1806 4276 est;
1838 4210 1918 4266 illi

343 4297 489 4352 enim
538 4312 646 4352 non
672 4304 784 4351 tam
834 4296 959 4351 mali
999 4303 1124 4351 sunt
1152 4295 1244 4367 qui
1267 4293 1491 4361 faciunt,
1516 4304 1573 4351 et
1597 4294 1918 4355 facientibus

342 4388 741 4445 contradicunt.

962 4490 1188 4593 capur
1224 4537 1285 4592 ιι.

410 4670 634 4742 Propter
678 4670 816 4742 quod
859 4668 1229 4723 inexcusabilis
1251 4684 1325 4734 es,
1363 4685 1393 4723 ο
1434 4668 1587 4724 homo
1622 4671 1794 4726 omnis
1824 4672 1914 4742 qui

330 4765 563 4836 judicas.
590 4760 854 4829 Quoniam
882 4758 1169 4814 facientem
1198 4758 1431 4830 maligna
1476 4768 1533 4815 et
1564 4761 1911 4817 consentien-

337 4861 445 4912 tem
486 4852 807 4911 facientibus
854 4859 1028 4906 morte
1073 4851 1262 4921 dignos
1288 4851 1549 4918 ostendit,
1580 4866 1649 4921 ne
1696 4851 1835 4908 forte
1864 4852 1910 4909 is

335 4947 427 5018 qui
476 4946 607 5002 facit
632 4952 687 5001 et
717 4959 822 4999 non
865 4920 1151 4998 consentit,
1188 4939 1507 4996 facientibus
1548 4920 1798 4997 exéusari
1849 4957 1908 4998 se

335 5053 493 5110 posse
517 5046 751 5107 putaret,
778 5036 937 5093 docet
963 5032 1330 5102 hujuscemodi
1359 5032 1754 5090 inexcusabiles
1781 5048 1902 5091 esse

331 5138 639 5203 propterea,
676 5130 801 5199 quia
838 5145 943 5184 non
991 5124 1378 5183 consentiendo
1412 5123 1749 5191 facientibus,
1805 5126 1901 5183 sed

333 5223 504 5295 magis
530 5221 823 5292 judicando
874 5220 994 5276 illos
1042 5234 1102 5275 se
1133 5220 1187 5275 in
1238 5217 1323 5273 his
1360 5214 1588 5287 judicat,
1629 5218 1753 5287 quia
1785 5218 1900 5273 haec

331 5320 447 5389 ipse
474 5315 586 5387 agit
614 5327 734 5384 quae
759 5312 815 5367 in
846 5312 950 5365 illis
974 5313 1213 5367 damnat.

401 5406 610 5463 Scimus
631 5411 805 5458 autem
826 5401 1070 5471 quoniam
1104 5401 1365 5470 judicium
1391 5398 1485 5453 Dei
1513 5407 1586 5452 est
1611 5399 1892 5453 secundum

330 5496 615 5553 ueritatem.
645 5493 745 5548 Hic
765 5499 1032 5547 terrorem
1058 5488 1269 5554 incutit,
1296 5497 1355 5544 ut
1379 5502 1538 5558 quem
1562 5486 1892 5542 incuriosum

329 5588 406 5643 illi
433 5587 639 5650 dicunt,
671 5584 773 5639 iste
795 5579 967 5638 malos
997 5578 1288 5634 secundum
1320 5578 1601 5634 veritatem
1632 5577 1726 5632 Dei
1752 5577 1894 5633 dicat

320 5673 709 5747 iudicaturum,
738 5674 841 5729 hoc
865 5679 946 5726 est
985 5667 1323 5725 severissime
1354 5668 1575 5725 reddere
1600 5667 1890 5722 secundum

327 5778 634 5825 tuensuram
662 5759 1099 5831 uniuscujusque,
1138 5773 1242 5813 non
1287 5773 1525 5829 parcere.
1570 5757 1626 5813 Si
1660 5757 1801 5813 enim
1831 5766 1889 5813 tu

1935 4532 1989 4593 D

2025 3475 2363 3547 delinquunt,
2392 3478 2685 3533 sustentari
2729 3479 2981 3534 dicuntur
3010 3498 3024 3534 :
3054 3481 3147 3551 qui
3174 3498 3307 3537 vero
3332 3485 3597 3554 pertinaci
3648 3514 3655 3519 -

2022 3574 2206 3622 mente
2230 3567 2379 3622 velut
2408 3568 2668 3623 insultant
2709 3568 2761 3622 in
2785 3570 2996 3624 delictis
3017 3571 3153 3636 suis,
3179 3572 3447 3640 patienter
3470 3574 3599 3630 ferri

2022 3655 2236 3711 dicendi
2257 3666 2403 3712 sunt.
2430 3658 2535 3714 Sed
2557 3659 2700 3713 sicut
2718 3660 2898 3714 omnia
2924 3659 2977 3713 in
3002 3676 3255 3715 mensura
3284 3660 3411 3718 fecit
3434 3664 3594 3728 Deus,

2021 3757 2077 3804 et
2097 3750 2333 3819 pondere
2358 3757 2412 3805 et
2436 3765 2680 3815 numero,
2714 3750 2787 3804 ita
2813 3750 2974 3805 etiam
2999 3750 3276 3821 patientia:
3302 3754 3418 3822 ejus
3447 3746 3596 3811 certa

2019 3853 2274 3893 mensura
2300 3849 2404 3895 est.
2439 3839 2516 3893 Tu
2537 3850 2710 3894 autem
2746 3840 3031 3894 secundum
3052 3840 3324 3910 duritiam,
3351 3855 3398 3898 et
3416 3846 3596 3915 imprc-

2020 3928 2187 3983 nitens
2213 3945 2322 3983 cor.
2345 3927 2724 4000 lmpunitatem
2750 3944 2973 3999 sperans
2997 3940 3343 4001 peccatorum
3371 3949 3478 3988 non
3506 3951 3595 3990 so-

2017 4018 2127 4073 lum
2167 4021 2347 4087 durat,
2398 4021 2828 4076 iuconvcrsibilis
2862 4028 2917 4076 et
2967 4022 3427 4081 incontrectabilis
3478 4042 3593 4080 ma-

2016 4122 2171 4175 nens,
2200 4109 2294 4163 sed
2345 4112 2522 4165 adhuc
2554 4117 2762 4181 peccat,
2809 4125 3031 4166 securus
3058 4113 3199 4182 quod
3229 4130 3335 4169 non
3366 4115 3435 4169 sit
3458 4115 3590 4172 ultio

2015 4196 2214 4253 futura.
2264 4197 2371 4255 Cor
2411 4199 2602 4254 durum
2631 4201 2686 4254 in
2726 4199 3023 4270 Scripturis
3068 4203 3170 4259 dici
3203 4205 3432 4272 videtur,
3464 4223 3585 4263 cum

2015 4303 2168 4343 mens
2210 4289 2465 4353 humana,
2505 4288 2651 4343 velut
2696 4304 2821 4344 cera
2864 4304 2896 4343 a
2932 4288 3133 4361 frigore
3162 4292 3463 4363 iniquitatis
3490 4294 3588 4349 οι).

2013 4381 2223 4447 stricta,
2270 4381 2607 4450 signaculum
2660 4381 2911 4453 imaginis
2959 4382 3156 4439 divina:
3208 4402 3315 4441 non
3365 4389 3577 4459 recipit.

2016 4469 2361 4527 Thesaurizas
2411 4472 2504 4526 tibi
2544 4473 2701 4528 iram.
2752 4472 2924 4542 Hujus
2969 4476 3118 4530 verbi
3167 4476 3222 4530 in
3287 4476 3584 4548 Scripturis

2015 4564 2433 4632 signiﬁcantium
2478 4564 2747 4635 triplicem
2794 4565 3066 4637 legimus:
3103 4568 3301 4624 dicitur
3328 4572 3471 4626 enim
3526 4572 3580 4630 in

2014 4655 2304 4728 Evangelio
2330 4657 2613 4712 thesauros
2643 4671 2766 4712 esse
2806 4658 3067 4726 quosdam
3093 4658 3146 4712 in
3178 4659 3361 4725 terris,
3390 4661 3444 4715 in
3473 4676 3582 4731 quo

2011 4738 2263 4817 probib'et
2295 4747 2555 4803 Dominus
2597 4748 2983 4815 thesaurizari;
3023 4757 3078 4805 et
3118 4750 3252 4806 alios
3298 4752 3581 4809 thesauros

2011 4839 2065 4894 in
2108 4840 2248 4895 caelo
2269 4838 2424 4910 jubet
2471 4839 2657 4895 fideles
2684 4841 3013 4908 recondere;
3063 4852 3117 4898 et
3148 4842 3236 4899 hic
3270 4860 3415 4899 nunc
3443 4844 3579 4915 Apo-

2008 4931 2178 4987 stolus
2205 4931 2335 4987 dicit
2362 4933 2454 4988 ira‘.
2480 4933 2784 4989 thesauros.
2820 4931 2904 4987 Ira
2927 4942 3106 4990 autem
3133 4934 3226 4989 Dei
3259 4935 3391 4990 nihil
3432 4937 3575 4991 aliud

2005 5038 2167 5093 quam
2206 5023 2354 5095 justa
2403 5024 2641 5080 vindicta
2696 5023 3031 5096 intelligitur.
3078 5026 3391 5083 Crassitudo
3446 5043 3576 5082 vero

2003 5114 2183 5171 cordis
2208 5122 2310 5181 est,
2334 5115 2426 5170 ubi
2446 5115 2659 5170 subtilis
2682 5121 2737 5170 et
2758 5114 3053 5185 spiritualis
3081 5115 3443 5186 intelligentiae
3468 5132 3573 5172 non

2004 5208 2261 5279 recipitur
2285 5221 2494 5262 sensus.
2521 5205 2625 5273 Qui
2649 5207 2825 5261 reddet
2847 5206 3124 5276 unicuique
3148 5206 3432 5261 secundum
3454 5224 3574 5279 ope.

2005 5313 2063 5351 ra
2094 5314 2209 5351 sua.
2259 5296 2552 5352 Sciendum
2596 5298 2742 5366 quod
2769 5310 2835 5351 ex
2867 5294 3101 5350 Jeremia
3142 5293 3431 5365 Apostolus
3468 5299 3571 5353 hoc

2007 5386 2372 5442 testimonium
2394 5388 2687 5457 sumpserit
2705 5383 2839 5457 (Jer.
2864 5383 3014 5457 xxv).
3044 5384 3177 5440 Illud
3199 5386 3340 5455 quod
3369 5388 3421 5442 in
3438 5388 3569 5443 Eze-

2002 5477 2175 5534 chiele
2197 5478 2457 5548 scriptum
2473 5486 2575 5544 est,
2597 5477 2723 5531 huic
2737 5476 3017 5531 sententia:
3037 5475 3246 5531 videtur
3260 5478 3531 5534 adversari
3549 5492 3564 5539 :

2001 5568 2134 5623 dicit
2163 5568 2305 5622 enim
2353 5585 2367 5622 :
2414 5567 2545 5623 Cum
2574 5566 2755 5621 auertit
2784 5582 2837 5620 se
2858 5564 3036 5634 justus
3065 5583 3096 5619 a
3115 5566 3329 5637 justitia
3361 5585 3482 5633 sua,
3519 5575 3569 5621 et

2000 5658 2175 5727 fecerit
2214 5658 2537 5730 iniquitatem
2578 5654 2863 5710 secundum
2890 5669 3067 5708 omnes
3097 5655 3394 5726 iniquitates
3437 5671 3567 5725 quas

1998 5752 2116 5822 fecit
2142 5751 2366 5821 iniquus,
2392 5764 2566 5803 omnes
2580 5744 2803 5817 justitia’
2825 5744 2935 5814 ejus
2959 5762 3087 5817 quas
3109 5745 3286 5816 fecerit
3309 5762 3410 5799 non
3433 5760 3567 5799 com-
