3974 6202
293 389 356 445 25
995 382 1010 401 °
1194 342 1201 347 δ
1399 384 1730 446 COLLECT.
1773 385 1841 441 IN
1876 384 2094 444 EPIST.
2136 391 2228 447 AD
2268 392 2414 449 non

293 501 723 560 memorabuntur
771 502 827 557 in
857 498 1011 572 lapsu
1047 499 1182 571 ejus,
1209 517 1311 572 quo
1341 501 1521 571 lapsus
1547 510 1624 555 est
1651 517 1670 556 :
1700 501 1794 555 sed
1817 501 1875 555 in
1900 499 1955 559 A
1977 497 2179 556 bonum
2207 511 2309 570 est,
2333 503 2602 573 justitiam
2645 506 2853 579 diligat,
2901 508 3329 568 misericordiam
3350 521 3559 585 teneat,

290 594 514 667 peccatis
542 593 637 665 qui
659 592 913 661 peccavit,
937 593 993 646 in
1023 592 1147 661 ipsis
1177 590 1665 662 morietur(Ezech.
1695 590 1873 661 xvm).

291 686 348 740 ln
378 699 487 757 quo
527 682 746 736 videtur
775 681 1012 735 latenter
1040 679 1345 748 hnjusmodi
1378 679 1671 735 inseruisse
1720 679 1879 735 intel-

290 777 513 841 lectum,
542 781 604 828 nt
632 774 679 828 si
710 772 851 827 forte
877 787 983 826 non
1026 771 1320 827 secundum
1348 785 1539 825 omnes
1564 770 1878 840 iniquitates

289 884 426 939 quas
453 865 584 922 fecit
612 865 856 934 iniquus,
900 864 1091 919 fecerit
1115 863 1318 934 justus,
1355 879 1462 918 non
1510 878 1700 917 omnes
1721 861 1879 931 justi-

292 966 377 1019 tia:
406 962 527 1032 ejus
566 962 635 1016 de
669 960 933 1015 memoria
961 958 1294 1014 auferantur.
1326 956 1425 1012 His
1453 957 1661 1028 quidem
1683 958 1772 1028 qui
1797 971 1878 1010 se-

291 1055 519 1109 cundum
543 1034 1009 1123 patientiamboni
1044 1050 1213 1120 operis
1252 1047 1495 1117 gloriam,
1527 1058 1576 1102 et
1604 1048 1872 1111 honorem,

292 1155 338 1198 et
397 1142 845 1212 incorruptionem
892 1148 1158 1209 quwrunt,
1197 1139 1355 1193 vitam
1408 1147 1676 1192 internum.
1740 1134 1874 1191 Boni

293 1235 470 1305 operis
520 1248 738 1287 merces
765 1245 864 1302 per
907 1230 1222 1300 patientiam
1249 1237 1617 1299 exspectatur,
1650 1228 1875 1299 quodin

293 1324 542 1398 praesenti
585 1324 698 1377 vita
742 1338 850 1377 non
886 1319 1158 1384 redditur;
1189 1334 1288 1389 per
1316 1320 1478 1374 ﬁdem
1505 1320 1649 1373 enim
1680 1319 1873 1374 ambu-

294 1416 485 1479 lamus,
528 1424 587 1469 et
616 1429 724 1468 non
752 1428 852 1483 per
878 1412 1114 1483 speciem
1145 1428 1158 1464 :
1185 1410 1501 1481 patientiam
1536 1418 1716 1464 autem
1748 1409 1874 1465 boni

294 1507 473 1577 operis
513 1507 571 1560 in
604 1504 710 1559 illis
739 1517 862 1558 esse
897 1511 1107 1557 certum
1133 1509 1239 1567 est,
1267 1501 1358 1569 qui
1390 1515 1591 1570 agones
1615 1508 1671 1555 et
1699 1509 1877 1555 certa-

293 1598 438 1651 mina
488 1593 791 1664 perferunt.
824 1589 1081 1646 Gloriam.
1132 1590 1305 1645 Decus
1330 1588 1522 1646 forma:
1562 1604 1667 1659 qua
1703 1590 1875 1645 sancti

296 1687 575 1759 fulgebunt
624 1686 766 1740 sicut
809 1682 908 1739 sol.
950 1680 1238 1735 Honorem.
1289 1680 1549 1735 Filiorum
1605 1681 1725 1746 Dei,
1768 1695 1876 1749 quo

297 1783 423 1836 nihil
453 1789 541 1836 est
566 1778 761 1848 majus,
790 1792 889 1849 per
923 1790 1085 1846 quem
1112 1775 1277 1830 etiam
1305 1774 1527 1843 angelos
1550 1772 1875 1842 iudicabunt

296 1875 506 1945 (Hatth.
534 1871 683 1943 xm).
728 1867 1208 1939 Incorruptionem.
1259 1867 1397 1922 Vita:
1425 1865 1641 1922 scilicet
1676 1880 1870 1936 perpe-

296 1976 414 2021 tuat.
447 1963 740 2035 Signanter
762 1969 940 2016 autem
967 1952 1174 2014 addidit
1194 1959 1678 2029 incorruptionem,
1702 1973 1870 2029 prop-

299 2066 376 2110 ter
402 2053 849 2108 indiscretionem
879 2049 1156 2105 szecularis
1195 2047 1381 2119 gloria:
1424 2056 1587 2118 atque
1626 2047 1870 2113 honoris,

293 2146 379 2219 qui
402 2142 776 2214 corruptibilis
799 2150 901 2197 est.

362 2233 460 2289 His
484 2244 663 2289 autem
687 2234 778 2305 qui
810 2249 874 2287 ex
903 2231 1231 2286 contentione
1268 2238 1412 2284 sunt.
1457 2228 1720 2296 Subaudi,
1751 2229 1870 2283 erit.

290 2327 344 2383 ln
372 2325 571 2382 divinis
593 2323 893 2394 Scripturis
915 2321 1261 2393 mgritudines
1282 2321 1478 2375 anima:
1498 2328 1871 2385 numerantur,

292 2418 381 2475 sed
404 2433 548 2473 unus
591 2431 661 2472 ex
690 2415 904 2471 ueteris
951 2413 1174 2486 languor
1207 2420 1311 2477 est,
1351 2419 1407 2468 et
1431 2406 1625 2467 ani'ma:
1654 2412 1874 2483 quidem

292 2514 577 2584 pessimus.
625 2508 917 2566 Contentio
976 2509 1170 2563 animae
1222 2505 1569 2578 intelligenda
1619 2513 1723 2571 est,
1777 2520 1876 2575 per

292 2620 451 2674 quam
498 2616 661 2659 omne
708 2615 846 2671 opus
875 2614 1101 2670 pravum
1131 2598 1354 2671 geritur,
1387 2612 1485 2668 per
1513 2611 1677 2666 quam
1706 2596 1877 2651 hatre-

292 2710 377 2751 ses
405 2703 727 2759 nascuntur,
758 2707 856 2762 per
898 2705 1063 2761 quam
1097 2690 1389 2745 schismata
1418 2696 1473 2743 et
1508 2686 1689 2741 omnia
1720 2701 1875 2742 scan-

292 2783 410 2838 dala
439 2799 561 2852 qua:
585 2782 641 2836 in
678 2781 926 2836 ecclesiis
953 2779 1087 2834 ﬁunt
1118 2797 1131 2833 :
1166 2779 1290 2834 dum
1320 2778 1573 2834 videlicet
1604 2778 1696 2847 qui
1736 2779 1875 2849 apud

293 2875 611 2946 semetipsos
640 2873 940 2944 prudentes
970 2879 1116 2937 sunt,
1172 2878 1229 2926 et
1264 2871 1319 2926 in
1349 2879 1644 2941 conspectu
1671 2887 1768 2927 suo
1790 2886 1875 2927 sa-

294 2966 522 3036 pientes,
551 2964 816 3036 quidquid
845 2963 1064 3018 libuerit
1091 2977 1187 3033 pro
1224 2961 1348 3037 lege
1382 2960 1693 3035 defendunt.
1727 2960 1876 3033 υίπε.

293 3057 442 3110 dunt.
471 3054 582 3112 Hoc
607 3062 711 3123 est,
762 3070 873 3109 non
913 3053 1163 3117 credunt,
1211 3052 1294 3107 vel
1346 3068 1454 3107 non
1502 3052 1785 3118 obediunt,
1816 3059 1877 3107 ut

295 3147 555 3217 Origenes
584 3147 682 3201 ait.
757 3143 999 3199 Veritati.
1024 3144 1080 3199 ld
1106 3151 1207 3209 est,
1244 3143 1502 3199 doctrina:
1526 3143 1868 3215 evangelicae.

1980 593 2303 649 charitatem
2341 604 2397 650 et
2425 597 2810 651 continentiam
2841 608 3042 666 servet,
3079 603 3398 659 modestiam
3423 605 3563 663 leni-

1980 692 2257 755 tatemque
2291 688 2582 752 custodiat,
2608 680 2770 757 atque
2797 705 2957 745 omne
2981 705 3118 760 opus
3135 691 3335 748 bonum
3359 710 3556 765 opere-

1979 783 2087 839 tur,
2126 776 2216 831 hic
2243 776 2407 830 etiam
2445 776 2490 830 si
2546 778 2711 831 vitam
2754 792 2862 833 non
2909 780 3107 835 habeat
3148 790 3428 851 :eternam,
3464 788 3560 856 qui

1977 862 2208 917 credens
2251 864 2354 918 soli
2403 864 2512 919 Deo
2552 879 2704 929 vero,
2752 881 2858 920 non
2901 868 3075 922 credit
3113 868 3226 924 lilio
3265 868 3384 938 ejus
3427 873 3560 929 Jesu

1977 952 2199 1008 Christo
2244 968 2404 1023 quem
2439 954 2608 1020 misit,
2638 963 2816 1011 tamen
2867 957 3037 1026 gloria
3076 974 3300 1029 operum
3331 964 3466 1034 ejus,
3504 972 3562 1020 et

1976 1045 2359 1116 honoretan
2392 1048 2587 1115 poterit
2620 1062 2725 1100 non
2752 1048 2952 1116 perire.
2993 1048 3101 1104 Sed
3132 1059 3187 1105 et
3214 1050 3458 1121 Graecus,
3504 1055 3559 1111 id

1975 1143 2078 1199 est,
2109 1137 2347 1207 gentilis,
2384 1138 2475 1206 qui
2505 1152 2626 1191 cum
2672 1138 2844 1209 legem
2894 1155 3001 1194 non
3047 1140 3262 1209 habeat,
3300 1143 3415 1213 ipse
3452 1145 3558 1199 sibi

1974 1238 2058 1285 est
2100 1228 2209 1295 lex,
2239 1229 2532 1283 ostendens
2558 1244 2693 1299 opus
2720 1229 2853 1300 legis
2879 1232 2933 1285 in
2964 1233 3127 1287 corde
3155 1249 3276 1300 suo,
3304 1235 3409 1290 iste
3432 1236 3560 1292 licet

1975 1324 2185 1379 alienus
2236 1324 2485 1378 videatur
2517 1339 2546 1377 a
2574 1324 2687 1378 vita
2726 1334 2951 1390 aeterna,
2999 1326 3091 1396 qui
3120 1343 3227 1381 non
3265 1329 3561 1385 crediderit

1974 1414 2214 1479 Christo,
2238 1422 2291 1469 et
2314 1415 2519 1469 intrare
2547 1430 2654 1469 non
2682 1415 2852 1485 possit
2876 1417 2928 1470 in
2961 1432 3123 1487 regna
3154 1419 3435 1486 cmlorum,
3465 1422 3559 1492 qui

1976 1514 2198 1560 renatus
2235 1520 2340 1559 non
2381 1514 2465 1561 est
2499 1521 2567 1560 ex
2599 1521 2739 1575 aqua
2767 1514 2822 1561 et
2868 1506 3071 1578 Spiritu
3100 1522 3310 1576 sancto,
3343 1513 3558 1568 videtur

1975 1608 2156 1652 tamen
2185 1596 2326 1666 quod
2352 1611 2451 1666 per
2478 1597 2597 1651 haec
2627 1611 2748 1665 quae
2777 1597 3032 1651 dicuntur
3056 1599 3124 1653 ab
3152 1599 3425 1669 Apostolo,
3463 1602 3561 1658 bo-

1973 1704 2166 1743 norum
2199 1704 2420 1759 operum
2451 1687 2698 1758 gloriam,
2724 1697 2780 1745 et
2814 1690 3097 1755 honorem,
3133 1701 3188 1747 et
3218 1709 3405 1763 pacem
3434 1710 3558 1765 per-

1976 1779 2105 1832 dere
2131 1780 2344 1847 penitus
2378 1794 2481 1833 non
2531 1780 2720 1849 possit.
2775 1780 3018 1835 Dubitari
3052 1782 3217 1853 igitur
3266 1798 3371 1837 non
3401 1795 3554 1854 puto,

1975 1868 2119 1936 quod
2158 1869 2203 1922 is
2244 1869 2334 1937 qui
2374 1883 2473 1938 pro
2500 1869 2640 1923 malo
2673 1885 2836 1939 opere
2861 1873 3210 1927 condemnari
3246 1876 3552 1941 meruisset,

1975 1959 2118 2012 idem
2163 1959 2207 2014 si
2247 1969 2503 2029 operatus
2550 1970 2633 2015 est
2678 1977 2812 2030 Opus
2860 1962 3080 2028 bonum,
3116 1966 3557 2022 remuneratione

1975 2049 2100 2103 boni
2148 2051 2328 2119 operis
2375 2051 2569 2122 dignus
2616 2052 2865 2106 habetur.
2898 2051 3061 2109 Vides
3098 2056 3246 2110 enim
3286 2056 3554 2112 dicentem

1972 2139 2288 2211 Apostolum
2328 2158 2341 2195 :
2375 2142 2510 2210 Quia
2541 2159 2717 2197 omnes
2757 2160 2862 2198 non
2902 2154 3043 2199 stare
3068 2157 3267 2217 oportet
3306 2158 3426 2203 ante
3455 2151 3555 2204 tri-

1976 2231 2137 2285 bunal
2176 2230 2391 2299 Christi,
2433 2242 2490 2288 ut
2541 2244 2763 2305 reportet
2809 2237 3161 2308 unusquisque
3198 2240 3413 2311 prapria
3439 2257 3557 2295 cor-

1973 2325 2115 2396 poris
2136 2324 2240 2389 sui,
2261 2334 2415 2395 prout
2436 2327 2612 2397 gessit,
2636 2325 2740 2381 sive
2760 2326 2969 2393 bonum,
2993 2328 3102 2383 sive
3121 2328 3340 2384 malum.
3362 2329 3554 2386 Juda'o

1974 2415 2202 2486 primum
2227 2425 2273 2468 et
2298 2413 2500 2471 Gnaeo.
2536 2416 2763 2487 Semper
2783 2415 3025 2473 Judtenm
3057 2422 3332 2491 anteponit
3358 2437 3557 2491 praero-

1976 2505 2155 2577 gativa
2180 2515 2416 2575 patrum,
2448 2516 2510 2561 ut
2536 2515 2629 2561 aut
2658 2516 2949 2563 coronetur
2988 2510 3163 2579 prius,
3197 2518 3289 2565 aut
3330 2512 3557 2568 damne-

1975 2606 2087 2660 tur,
2111 2597 2201 2666 qui
2224 2596 2449 2651 credens
2472 2604 2690 2667 propter
2712 2598 2985 2654 Abraham
3015 2601 3422 2658 honoriﬁcatior
3448 2612 3550 2671 εει,

1976 2687 2220 2744 dillldens
2244 2688 2398 2759 pejus
2419 2688 2733 2744 tractandus
2759 2700 2863 2755 est,
2893 2692 2984 2761 qui
3007 2692 3206 2748 donum
3230 2695 3552 2767 promissum

1974 2779 2221 2849 patribus
2270 2778 2551 2850 relugavit.
2596 2778 2693 2834 Vel
2736 2777 2921 2836 Iudam
2966 2782 3199 2852 primum
3228 2785 3383 2851 dixit,
3428 2787 3554 2856 quia

1970 2870 2125 2941 prius
2153 2870 2355 2925 credita
2385 2878 2511 2925 sunt
2535 2870 2615 2925 eis
2654 2869 2868 2941 eloquia
2898 2871 3025 2937 Dei;
3054 2870 3301 2928 Graecum
3341 2890 3557 2946 quoque

1976 2959 2273 3031 subjunxit,
2305 2970 2526 3032 propter
2570 2962 2892 3032 sapientiam
2918 2962 3122 3019 Graecis
3151 2965 3423 3021 traditam.
3460 2966 3556 3021 Ira

1975 3062 2079 3121 est,
2107 3070 2213 3109 non
2245 3055 2293 3111 ei
2324 3056 2415 3126 qui
2437 3054 2672 3126 judicat,
2697 3055 2790 3111 sed
2822 3056 2872 3110 ei
2902 3050 3304 3127 qui'judicatur,
3335 3058 3460 3113 dum
3485 3059 3558 3115 sit

1977 3159 2125 3200 reus.
2163 3144 2329 3201 irasci
2357 3145 2500 3199 enim
2529 3145 2729 3200 dicitur
2754 3144 2921 3211 Deus,
2944 3155 3005 3202 ut
3038 3147 3409 3205 vindicaturus
3435 3166 3555 3207 cre-

296 3205 525 3293 Creitunt
572 3246 748 3291 autem
786 3234 1072 3306 iniquitati.
1100 3233 1216 3288 Hoc
1247 3241 1353 3297 est,
1383 3205 1718 3287 idololatriae.
1757 3231 1876 3303 lpse
1901 3205 1947 3268 Ο
1978 3236 2157 3290 datur.
2193 3234 2327 3290 Nam
2359 3235 2455 3290 Dei
2492 3244 2686 3290 natura
2725 3237 2794 3292 ab
2820 3237 2906 3291 his
2932 3222 3276 3306 passionibus
3303 3239 3559 3297 immunis

296 3331 586 3394 cruciatus,
615 3329 711 3399 qui
741 3344 809 3383 ex
838 3326 1092 3397 prtedicta
1119 3324 1450 3381 conscientia
1493 3325 1687 3379 animae
1725 3324 1879 3380 incu-

298 3427 445 3492 titur,
492 3427 574 3479 ira
604 3423 940 3496 appellatur;
972 3420 1262 3491 indignatio
1289 3419 1434 3474 enim
1467 3417 1637 3489 ipsius
1664 3419 1759 3474 ira:
1792 3426 1879 3475 tu-

301 3534 416 3573 uior
436 3517 659 3588 quidam
697 3523 802 3578 est,
832 3520 887 3568 et
921 3527 1021 3583 per
1048 3510 1256 3579 singula
1291 3524 1518 3582 qumque
1560 3509 1871 3575 commotio,

297 3611 450 3675 utsi,
489 3609 642 3665 verbi
684 3606 879 3679 gratia,
926 3603 1140 3674 aliquod
1181 3604 1477 3673 pessimum
1504 3601 1700 3658 vulnus
1736 3602 1875 3658 iram

297 3716 581 3772 ponamus,
610 3696 769 3766 hujus
797 3705 978 3751 autem
1007 3704 1185 3750 tumor
1212 3704 1265 3750 ει
1296 3693 1554 3749 distentio
1577 3693 1878 3765 indignatio

296 3792 535 3848 vulneris
559 3791 878 3863 appellatur.
910 3788 954 3843 Τ
956 3788 1203 3843 ribulatio
1228 3804 1378 3855 vero,
1406 3804 1569 3858 quam
1592 3789 1877 3859 subsequi-

300 3894 386 3938 tur
413 3885 686 3953 angustia,
725 3896 832 3935 non
882 3887 968 3934 est
1014 3879 1210 3934 similis
1254 3877 1493 3949 putanda
1527 3877 1604 3931 illi
1648 3877 1876 3931 tribula-

298 3976 451 4040 tioni,
483 3974 556 4028 de
581 3987 687 4043 qua
710 3973 835 4028 dicit
859 3970 1149 4044 Apostolus
1176 3986 1188 4024 :
1223 3969 1359 4037 Quia
1388 3967 1656 4023 tribulatio
1678 3969 1879 4038 patien-

295 4068 425 4119 tiam
455 4072 709 4134 operatur
741 4062 915 4135 (Rom.
963 4061 1063 4137 v):
1106 4060 1195 4116 illa
1238 4061 1383 4115 enim
1431 4058 1554 4114 talis
1599 4056 1878 4113 tribulatio

296 4153 608 4225 angustiam
634 4168 742 4207 non
770 4154 934 4207 habet
962 4153 1401 4222 subsequentem.
1438 4148 1505 4203 In
1533 4163 1734 4203 omnem
1762 4149 1879 4203 ani-

298 4257 460 4297 mam.
484 4241 681 4296 Anima
705 4257 804 4312 pro
826 4249 937 4296 toto
958 4242 1178 4296 homine
1199 4241 1418 4306 dicitur,
1444 4240 1583 4295 sicut
1604 4240 1657 4293 in
1679 4238 1879 4295 Genesi

297 4333 530 4404 legimus
582 4330 753 4388 Jacob
798 4347 920 4387 cum
970 4332 1307 4404 septuaginta
1345 4340 1401 4386 et
1447 4346 1542 4387 sex
1593 4330 1878 4385 animabus

298 4426 592 4497 Egyptum
623 4426 895 4481 introisse.
944 4421 1126 4479 Gloria
1152 4433 1348 4490 autem,
1380 4431 1487 4479 etc.
1537 4423 1636 4478 ilic
1661 4429 1881 4479 contra-

300 4517 385 4570 ria
433 4516 806 4585 superioribus
852 4522 1196 4585 Opponuntur
1241 4531 1254 4567 :
1304 4529 1429 4569 nam
1473 4508 1643 4585 g'oria
1686 4521 1875 4569 contra

298 4607 457 4670 iram,
478 4607 649 4660 honor
671 4612 755 4660 est
781 4612 965 4659 contra
996 4605 1430 4675 indignationem,
1458 4613 1513 4659 et
1537 4605 1680 4674 quod
1710 4620 1876 4676 supra

300 4696 763 4767 incorruptionem,
812 4694 899 4749 hic
925 4710 1104 4765 pacem
1148 4693 1399 4765 appellat.
1456 4692 1748 4749 Sciendum
1793 4701 1878 4749 est

299 4787 442 4858 quod
475 4787 672 4857 triplex
696 4787 890 4841 divisio
917 4787 969 4842 in
994 4787 1080 4842 bis
1104 4787 1387 4843 sententiis
1414 4785 1654 4855 Apostoli
1684 4786 1873 4841 claret.

300 4876 434 4931 Nam
466 4876 582 4932 veri
615 4875 909 4932 Christiani
942 4890 1065 4933 cum
1107 4877 1271 4945 bonis
1311 4877 1566 4947 operibus
1618 4875 1670 4930 in
1701 4875 1877 4946 primo

299 4970 490 5025 ordine
526 4978 822 5041 ponuntur,
850 4971 940 5026 ubi
983 4970 1156 5027 dicit:
1193 4969 1292 5025 His
1333 4970 1422 5041 qui
1473 4968 1758 5023 secundum
1783 4984 1879 5040 pa-

298 5063 538 5116 tientiam
583 5062 705 5116 boni
731 5064 919 5133 operis,
959 5072 1063 5119 etc.
1112 5063 1171 5118 In
1200 5063 1436 5119 secundo
1471 5078 1602 5118 vero
1628 5062 1767 5128 loco,
1795 5061 1878 5116 in-

300 5152 550 5208 credulos
575 5160 631 5207 et
675 5152 871 5224 impios
907 5155 1111 5225 absque
1167 5152 1323 5209 bonis
1347 5154 1602 5225 Operibus
1636 5168 1701 5208 ex
1730 5160 1879 5209 utro-

300 5258 408 5314 que
430 5285 446 5310 ,
470 5245 586 5299 sive
610 5258 673 5299 ex
696 5241 946 5311 Iudaico,
977 5246 1093 5300 sive
1131 5260 1196 5299 ex
1231 5245 1415 5316 gentili
1447 5245 1646 5317 populo
1674 5245 1875 5316 posuit,

300 5333 534 5390 dicens:
572 5334 675 5390 His
719 5345 895 5392 autem
934 5337 1026 5408 qui
1069 5351 1134 5391 ex
1162 5339 1509 5402 contentione,
1541 5346 1648 5392 etc.
1694 5336 1878 5393 Tertio

297 5433 484 5481 autem
524 5426 643 5482 loco
669 5426 1000 5492 incredulos,
1045 5442 1167 5482 cum
1194 5427 1351 5482 bonis
1392 5434 1571 5482 tamen
1600 5427 1873 5497 Operibus,

298 5527 371 5569 ex
395 5513 680 5583 Gentibus,
720 5516 806 5571 vel
848 5513 1050 5571 Judteis
1099 5515 1405 5581 collocavit,
1434 5516 1620 5571 dicens
1649 5534 1661 5568 :
1696 5514 1877 5570 Gloria

296 5612 479 5657 autem
522 5614 573 5658 et
614 5606 784 5660 honor
808 5614 857 5658 et
882 5622 1008 5677 pax,
1037 5614 1142 5661 etc.
1180 5605 1364 5660 Potest
1397 5606 1540 5660 enim
1570 5604 1687 5660 ﬁeri
1715 5614 1771 5660 ut
1809 5620 1877 5659 ex

298 5693 389 5753 his
426 5697 520 5767 qui
568 5697 620 5752 in
649 5698 767 5771 lege
801 5705 950 5762 sunt,
1006 5698 1053 5753 si
1097 5698 1218 5767 quis
1265 5698 1621 5769 persuasione
1661 5697 1877 5767 quidem

296 5793 572 5848 communi
606 5793 828 5851 Christo
861 5809 965 5848 non
1013 5793 1202 5859 credit,
1249 5802 1501 5865 operetur
1529 5802 1706 5848 tamen
1734 5793 1875 5865 quod

1902 4565 1957 4624 D

1975 3333 2079 3393 est,
2109 3334 2164 3381 et
2188 3334 2247 3381 ut
2272 3343 2379 3381 non
2407 3327 2579 3382 solum
2625 3327 2807 3395 irasci,
2839 3330 2932 3385 sed
2968 3337 3023 3384 et
3049 3330 3325 3388 vindicare
3364 3334 3550 3389 creda—

1976 3425 2086 3484 tur,
2118 3417 2332 3487 adjecit,
2375 3429 2425 3473 et
2464 3420 2777 3491 indignatio.
2810 3421 3083 3492 Angusta:
3114 3440 3239 3480 vero
3268 3434 3412 3491 sunt,
3442 3425 3560 3495 qui-

1976 3513 2077 3568 bus
2099 3513 2365 3568 sententia
2401 3514 2729 3570 constrictus
2759 3514 3105 3571 tribulabitur
3135 3517 3187 3571 in
3213 3531 3393 3588 paena.
3423 3517 3557 3583 Qui-

1977 3623 2178 3677 cunque
2220 3606 2356 3660 enim
2382 3608 2493 3661 sine
2513 3606 2622 3678 lege
2650 3617 3015 3677 peccaverunt.
3044 3609 3447 3679 Requirendum
3473 3618 3559 3666 est

1976 3705 2157 3753 utrum
2188 3697 2255 3753 de
2294 3698 2405 3753 sola
2454 3698 2624 3770 Moysi
2673 3699 2790 3771 lege
2828 3700 3235 3771 intelligendum
3270 3700 3362 3767 sit,
3394 3717 3462 3755 an
3492 3702 3559 3756 de

1975 3788 2095 3859 lege
2122 3789 2349 3853 Christi,
2378 3789 2464 3843 vel
2493 3790 2656 3844 etiam
2687 3790 2755 3845 de
2788 3805 3104 3858 quacunque
3142 3791 3378 3845 humana
3418 3790 3554 3863 lege,

1934 3948 1943 3955 Δ
1978 3880 2081 3933 sub
2122 3895 2226 3947 qua
2256 3893 2696 3947 unumquemque
2729 3877 3037 3931 mortalium
3061 3878 3242 3933 vivere
3272 3882 3556 3953 contingit,

1979 3985 2085 4040 quo
2107 3970 2402 4024 secundum
2426 3968 2594 4038 ipsam
2613 3966 2842 4035 judicari
2866 3968 3038 4037 possit
3056 3968 3148 4039 qui
3176 3970 3229 4023 in
3251 3984 3313 4025 ea
3339 3980 3556 4040 peccat;

1979 4077 2049 4115 an
2068 4061 2160 4132 qui
2189 4068 2346 4116 extra
2374 4057 2545 4116 solam
2578 4060 2745 4131 Moysi
2776 4059 2971 4131 legem,
2999 4061 3212 4117 etiamsi
3238 4062 3415 4133 aliqua
3442 4064 3561 4135 lege

1976 4153 2147 4217 vivat,
2195 4151 2344 4207 velut
2384 4160 2538 4206 extra
2584 4152 2755 4222 legem
2808 4154 3035 4223 positus,
3090 4169 3211 4209 cum
3253 4159 3568 4226 peccaverit

1976 4252 2186 4315 pereat.
2234 4241 2369 4296 Nam
2427 4241 2543 4312 ipse
2589 4241 2864 4312 apostolus
2892 4241 3109 4309 Paulus,
3144 4258 3268 4299 cum
3313 4244 3444 4301 dicit
3474 4246 3561 4301 his

1980 4333 2073 4404 qui
2102 4333 2217 4388 sine
2238 4332 2356 4405 lege
2380 4340 2561 4399 erant,
2595 4347 2652 4387 se
2681 4342 2939 4402 tanquam
2981 4335 3098 4389 sine
3128 4334 3246 4407 lege
3271 4351 3391 4392 esse
3417 4336 3560 4408 (cum

1979 4423 2096 4478 sine
2136 4422 2253 4493 lege
2297 4422 2391 4477 Dei
2418 4437 2523 4477 non
2555 4431 2717 4488 esset,
2742 4422 2836 4477 sed
2874 4422 2929 4477 in
2974 4422 3093 4494 lege
3136 4433 3283 4479 esset
3313 4424 3556 4496 Christi),

1982 4513 2218 4569 ostendit
2233 4529 2291 4568 se
2310 4513 2364 4568 in
2388 4513 2503 4584 lege
2524 4513 2741 4583 quidem
2762 4512 2927 4585 Moysi
2950 4529 3054 4569 non
3076 4529 3215 4579 esse,
3239 4529 3359 4570 esse
3379 4525 3558 4571 tamen

1982 4606 2037 4661 in
2062 4605 2178 4677 lege
2200 4604 2423 4660 Christi.
2448 4604 2554 4659 Per
2570 4603 2731 4675 legem
2744 4603 3146 4674 judicabantur.
3172 4605 3370 4676 Utique
3389 4608 3479 4678 ι]μί
3504 4608 3560 4665 in

1981 4695 2099 4767 lege
2126 4696 2326 4751 Christi
2360 4703 2467 4760 est,
2513 4709 2612 4764 per
2641 4694 2812 4765 legem
2860 4695 3082 4761 Christi,
3113 4703 3170 4751 et
3208 4698 3300 4767 qui
3342 4697 3396 4751 in
3445 4697 3561 4767 lege

1984 4783 2153 4854 Moysi
2176 4799 2275 4855 per
2299 4784 2470 4855 legem
2499 4783 2665 4855 Moysi
2680 4776 3033 4853 iudicabitur,
3059 4792 3121 4840 ut
3142 4794 3349 4856 pereat.
3378 4784 3561 4856 Neque

1984 4874 2076 4944 qui
2103 4875 2203 4929 sub
2224 4873 2341 4946 lege
2368 4874 2568 4930 Christi
2602 4881 2710 4940 est,
2731 4875 2976 4944 quamvis
3000 4876 3164 4930 etiam
3187 4875 3430 4932 subditus
3452 4875 3559 4948 legi

1985 4965 2153 5037 Moysi
2183 4965 2450 5031 videatur,
2494 4965 2726 5035 iudicari
2766 4974 2944 5020 tamen
2975 4967 3272 5021 secundum
3310 4982 3429 5022 eam
3460 4983 3559 5038 pu-

1983 5058 2180 5113 tandus
2214 5066 2320 5125 est,
2351 5073 2449 5112 cur
2475 5072 2580 5112 non
2611 5056 3086 5121 sitcircumcisus,
3118 5056 3204 5113 vel
3242 5072 3340 5113 cur
3365 5058 3559 5115 sabba-

1983 5156 2097 5202 tum
2127 5163 2235 5203 non
2266 5154 2447 5203 servet
2476 5165 2489 5200 :
2516 5148 2657 5217 quod
2697 5154 2753 5203 et
2784 5147 2828 5202 si
2867 5146 3023 5216 juxta
3049 5147 3217 5220 Moysi
3260 5148 3430 5221 legem
3460 5165 3559 5221 pu-

1985 5238 2180 5295 tandus
2215 5247 2300 5294 est
2336 5237 2594 5308 judicari,
2626 5238 2921 5293 secundum
2958 5238 3061 5293 hoc
3096 5239 3238 5309 quod
3267 5238 3352 5295 lex
3400 5241 3561 5311 spiri-

1982 5332 2145 5387 tualis
2198 5340 2282 5386 est
2306 5330 2657 5400 iudicabitur.
2706 5328 2779 5382 Hi
2824 5330 3063 5400 peribunt
3086 5341 3135 5385 et
3152 5330 3555 5401 judicabantur.

1986 5422 2165 5480 Unum
2193 5403 2363 5478 voluit
2405 5420 2651 5491 intelligi,
2692 5420 2817 5490 quia
2849 5421 2937 5492 qui
2969 5421 3129 5492 perit,
3159 5436 3258 5491 per
3292 5420 3558 5489 judicium

1984 5515 2081 5571 Dei
2107 5515 2270 5585 perit.
2299 5523 2354 5568 et
2381 5514 2470 5583 qui
2491 5512 2785 5583 iudicatur,
2812 5521 3063 5583 peccator
3090 5512 3252 5582 perit.

2054 5605 2186 5661 Cum
2210 5607 2345 5661 enim
2368 5616 2540 5677 gentes
2566 5623 2681 5677 quis
2704 5606 2864 5676 legem
2887 5624 2989 5660 non
3014 5607 3223 5671 habent,
3246 5606 3561 5661 naturaliter

1983 5716 2045 5751 ea
2059 5713 2175 5765 qua:
2187 5695 2313 5766 legis
2329 5705 2451 5749 sunt
2466 5695 2687 5765 faciunt,
2706 5695 2963 5765 ejusmodi
2982 5695 3143 5765 legem
3168 5712 3269 5750 non
3292 5697 3553 5761 habentes,

1982 5790 2083 5861 ipsi
2107 5787 2211 5844 sibi
2232 5796 2350 5843 sunt
2375 5789 2477 5843 lex.
2504 5787 2582 5844 Ne
2601 5788 2722 5859 quis
2748 5786 2889 5844 forte
2918 5787 3120 5845 diceret
3150 5807 3161 5843 :
3191 5787 3387 5860 Legem
3424 5803 3556 5860 gen-

3485 403 3623 462 26-

3619 5840 3649 5863 Ι
