3974 6202
368 353 434 408 27
1740 350 2008 407 senum
2047 348 2239 406 scen
3154 309 3157 312 ’
3546 349 3614 405 2s

369 479 450 525 tes
475 483 582 525 non
612 467 833 534 habent,
857 465 925 521 ad
943 481 1104 536 quam
1142 465 1372 521 formam
1402 469 1938 537 poteruntjudic’ari?
1964 469 2016 528 Α
2041 484 2161 524 rum
2196 468 2582 537 apostolorum,
2632 475 2688 523 et
2731 467 2970 521 omnium
3012 466 3251 522 tldelium
3277 467 3614 538 dispensato-

369 559 472 626 Qui
507 559 784 614 ostendunt
833 575 960 628 Opus
1009 557 1137 627 legis
1161 559 1411 628 scriptum
1454 559 1508 612 in
1535 559 1779 613 cordibus
1805 561 1935 614 suis.

368 653 588 720 Certum
639 656 726 705 est
767 647 910 718 quod
959 654 1146 716 gentes
1195 661 1316 716 qua:
1356 646 1532 717 legem
1560 661 1667 700 non
1721 647 1938 713 habent,

367 741 689 796 naturaliter
715 754 834 808 qua:
862 739 994 808 legis
1022 747 1148 794 sunt
1175 739 1378 803 facere,
1409 754 1515 793 non
1547 755 1642 808 pro
1680 739 1939 806 sabbatis,

365 832 451 886 vel
502 829 800 886 neomeniis
825 831 1094 894 dicuntur,
1127 829 1211 884 vel
1236 828 1522 883 sacriﬁciis
1551 844 1671 900 quae
1717 830 1771 884 in
1826 829 1944 900 lege

367 922 569 990 scripta
617 928 788 976 sunt:
826 919 943 974 Non
972 920 1116 973 enim
1161 920 1274 975 haec
1321 920 1408 973 lex
1440 920 1492 974 in
1521 920 1775 974 cordibus
1813 936 1944 992 gen-

371 1013 500 1065 tium
531 1011 728 1066 dicitur
753 1025 875 1065 esse
901 1010 1134 1079 scripta;
1166 1009 1261 1065 sed
1301 1011 1405 1065 hoc
1435 1018 1518 1065 est
1547 1012 1689 1080 quod
1718 1021 1941 1066 natura-

367 1101 490 1154 liter
539 1099 738 1154 sentire
766 1107 1010 1170 possunt,
1043 1099 1190 1153 verbi
1221 1100 1414 1169 gratia,
1458 1115 1526 1154 ne
1569 1099 1941 1166 homicidium,

367 1208 435 1246 ne
469 1191 793 1246 adulterium
821 1191 1044 1254 faciant,
1069 1206 1137 1245 ne
1167 1191 1432 1256 furentur,
1469 1208 1538 1246 ne
1561 1191 1756 1246 falsum
1789 1192 1942 1246 testi-

367 1282 607 1336 monium
653 1282 854 1346 dicant,
895 1290 954 1335 ut
980 1282 1245 1336 honorent
1268 1290 1476 1351 patrem
1522 1291 1579 1336 et
1608 1290 1858 1347 matrem,
1890 1290 1944 1337 et

368 1375 560 1427 horum
603 1372 816 1427 similia.
848 1371 1117 1426 Fortassis
1136 1381 1190 1426 et
1217 1376 1360 1441 quod
1389 1373 1531 1442 Deus
1555 1389 1693 1427 unus
1718 1374 1944 1428 Creator

368 1465 438 1518 sit
481 1464 742 1528 omnium,
783 1463 1040 1530 scriptum
1072 1463 1125 1515 in
1154 1463 1407 1518 cordibus
1453 1465 1726 1533 gentium;
1770 1465 1943 1533 magis

368 1565 549 1607 tamen
589 1553 722 1608 mihi
747 1553 997 1607 videntur
1019 1551 1155 1616 haec,
1179 1567 1298 1619 quae
1325 1553 1376 1604 in
1402 1552 1564 1606 corde
1591 1553 1792 1620 scripta
1821 1569 1943 1608 esse

368 1644 637 1707 dicuntur,
679 1641 1002 1711 evangelicis
1044 1639 1251 1710 legibus
1280 1641 1594 1706 convenire,
1627 1642 1716 1696 ubi
1747 1653 1940 1698 cuncta

366 1733 433 1787 ad
467 1731 768 1806 naturalem
796 1730 1105 1785 referuntur
1130 1730 1436 1799 mquitatem
1468 1749 1480 1783 :
1515 1731 1644 1800 quid
1674 1731 1818 1786 enim
1846 1748 1942 1785 na~

2041 573 2161 611 rum
2209 556 2344 610 tanti
2393 557 2740 610 sacramenti.
2785 557 2900 610 Non
2947 571 3135 610 omnes
3165 556 3239 610 illi
3282 558 3614 628 evangelium

2041 646 2501 716 conscripserunt,
2525 645 2619 700 sed
2647 654 2825 700 tamen
2851 659 3040 699 omnes
3062 645 3398 716 evangelium
3425 649 3617 716 praedi-

2041 745 2331 802 caverunt;
2389 743 2698 790 narratores
2745 736 2942 806 quippe
2975 735 3267 801 dictorum,
3327 735 3614 800 factorum,

2041 826 2309 896 passionis
2365 827 2887 895 resurrectionisque
2940 825 3165 891 Christi,
3221 829 3437 898 proprie
3488 828 3615 883 dicti

2043 925 2169 972 sunt
2191 917 2556 987 evangelista}.

2114 1005 2171 1062 Si
2193 1017 2367 1060 autem
2388 1018 2443 1060 tu
2467 1007 2690 1061 Judreus
2708 1008 3111 1078 cognominaris.
3138 1007 3271 1063 Hinc
3286 1010 3620 1064 convertitur

2042 1097 2111 1152 ad
2135 1095 2370 1162 Judaeos,
2391 1098 2590 1152 docens
2615 1112 2798 1167 opere,
2828 1115 2932 1153 non
2958 1097 3172 1151 nomine
3191 1107 3397 1152 tantum
3423 1099 3621 1154 debere

2043 1203 2162 1243 esse
2187 1186 2450 1252 Judaeum,
2475 1201 2705 1257 eumque
2727 1204 2848 1243 esse
2869 1204 3074 1251 verum,
3101 1187 3254 1257 cujus
3279 1189 3490 1243 occulta
3511 1189 3623 1243 sint

2041 1281 2202 1334 bona.
2254 1279 2560 1334 Notandum
2591 1279 2844 1348 estquod
2876 1295 2981 1332 non
3014 1278 3149 1334 dixit
3181 1295 3194 1330 :
3227 1278 3284 1331 Si
3328 1287 3382 1331 tu
3405 1275 3623 1332 Judmns

2043 1384 2141 1437 es;
2190 1371 2284 1426 sed
2329 1371 2550 1424 Judazus
2599 1369 3001 1439 cognominaris,
3052 1370 3179 1438 quia
3225 1386 3331 1424 non
3360 1368 3500 1424 idem
3540 1378 3623 1424 est

2043 1475 2166 1516 esse
2205 1460 2474 1526 Judzeum,
2503 1470 2557 1516 et
2585 1461 2956 1531 eognominari
3004 1459 3247 1514 Judaeum
3281 1479 3294 1514 :
3326 1462 3450 1530 quia
3495 1476 3622 1515 vere

2045 1549 2134 1604 ille
2158 1559 2240 1604 est
2271 1548 2509 1614 Judzeus,
2552 1550 2644 1619 qui
2672 1549 2726 1602 in
2762 1550 2974 1604 occulto
3003 1551 3357 1605 circumcisus
3396 1558 3480 1621 est
3505 1552 3618 1605 'cir—

2044 1640 2376 1695 cumcisione
2426 1641 2635 1705 cordis;
2670 1641 2763 1710 qui
2817 1641 3034 1710 spiritu,
3089 1657 3196 1695 non
3226 1641 3402 1696 littera
3448 1641 3621 1712 legem

2043 1731 2280 1786 custodit
2305 1747 2321 1796 ;
2352 1730 2506 1800 cujus
2547 1730 2664 1785 laus
2689 1746 2795 1785 non
2827 1732 2894 1786 ab
2931 1731 3256 1794 hominibus,
3285 1731 3380 1787 sed
3410 1747 3478 1786 ex
3507 1731 3618 1786 Deo

367 1823 632 1877 turalibus
661 1822 909 1878 sensibus
945 1821 1259 1892 proximius,
1296 1836 1456 1890 quam
1491 1830 1554 1876 ut
1588 1838 1708 1892 qua:
1755 1823 1943 1877 nolunt
1971 1815 2016 1872 B
2043 1830 2146 1878 est.
2180 1821 2248 1875 Et
2294 1822 2571 1892 requiescis
2596 1822 2650 1874 in
2680 1820 2808 1892 lege.
2838 1821 2896 1876 Id
2921 1830 3026 1888 est,
3059 1838 3279 1878 securus
3307 1837 3366 1877 es
3401 1823 3452 1876 in
3477 1823 3616 1893 lege.

367 1913 469 1967 sibi
503 1912 618 1968 ﬁeri
662 1913 928 1977 homines,
977 1912 1093 1966 haec
1131 1926 1199 1966 ne
1237 1909 1441 1966 faciant
1469 1910 1621 1965 aliis?
1650 1910 1778 1982 Legi
1814 1927 1944 1966 vero

367 2002 532 2073 Moysi
562 2002 892 2057 concordare
931 2001 1016 2056 lex
1042 2001 1307 2056 naturalis
1335 2000 1631 2055 secundum
1669 2001 1942 2069 spiritum,

365 2107 472 2146 non
535 2091 830 2147 secundum
879 2091 1119 2146 litteram
1168 2096 1347 2160 potest
1391 2089 1555 2145 :haee
1613 2100 1794 2144 autem
1857 2091 1945 2146 lex

365 2182 568 2252 scripta
599 2189 700 2247 est,
737 2197 841 2235 non
871 2189 1196 2246 atramento,
1227 2180 1322 2235 sed
1353 2178 1559 2249 Spiritu
1589 2180 1685 2234 Dei
1713 2180 1843 2234 vivi.
1875 2179 1945 2234 In

365 2272 627 2326 cordibus.
661 2271 952 2327 Sciendum
980 2280 1062 2327 est
1082 2279 1263 2325 autem
1288 2271 1603 2326 rationalem
1630 2271 1823 2326 animae
1843 2271 1946 2326 vir-

366 2372 536 2418 tutem
562 2378 658 2418 cor
679 2363 853 2419 solere
881 2364 1169 2418 nominari.
1196 2363 1342 2433 Opus
1364 2363 1500 2435 legis
1528 2371 1612 2418 est
1636 2364 1789 2430 ﬁdes,
1816 2365 1945 2435 quia

367 2455 510 2523 quod
540 2455 763 2510 mandat
789 2454 874 2510 lex
905 2454 1048 2509 ultro
1076 2453 1224 2520 facit,
1254 2463 1316 2508 ut
1348 2455 1536 2510 credat
1559 2455 1614 2509 in
1643 2453 1940 2510 Christum.

370 2547 741 2600 Testimonium
770 2547 895 2617 ipsis
926 2545 1170 2600 reddente
1184 2547 1500 2600 conscientia
1521 2562 1720 2610 eorum,
1747 2555 1795 2600 et
1811 2545 1947 2600 inter

363 2656 419 2693 se
441 2641 656 2692 invicem
667 2639 1065 2709 cogitationibus
1085 2640 1470 2705 accusantibus,
1493 2649 1584 2694 aut
1598 2641 1755 2695 etiam
1768 2641 1946 2710 defen-

365 2729 622 2783 dentibus.
641 2720 792 2796 Quod
813 2730 880 2784 ad
892 2731 1173 2798 praesentis
1193 2730 1318 2784 vitae
1333 2731 1688 2802 cogitationes
1709 2733 1946 2800 pertine-

365 2835 426 2874 re
456 2820 688 2885 videtur,
721 2834 842 2874 cum
870 2821 998 2888 quid
1038 2819 1358 2884 faciendum,
1390 2821 1476 2876 vel
1503 2836 1610 2876 non
1641 2821 1946 2877 faciendum

365 2909 460 2974 sit,
491 2909 697 2965 diutina
735 2909 1124 2964 deliberatione
1163 2911 1482 2981 cogitamus,
1525 2920 1582 2966 et
1625 2911 1856 2966 invicem
1886 2927 1947 2968 se

365 3000 780 3072 cogitationibus
803 3002 1200 3067 accusantibus,
1224 3002 1349 3072 quia
1371 3003 1725 3073 cogitationes
1747 3012 1946 3059 nostrze

365 3102 526 3149 erunt
579 3093 632 3148 in
677 3093 762 3148 die
807 3092 995 3164 judieii
1035 3102 1160 3148 ante
1195 3093 1382 3149 oculos
1421 3103 1658 3161 nostros,
1690 3102 1945 3165 tanquam

2041 1912 2112 1966 Et
2140 1911 2385 1982 gloriaris
2415 1912 2469 1964 in
2513 1910 2643 1964 Deo.
2676 1909 2937 1965 Gloriaris
2961 1920 3013 1966 te
3043 1910 3214 1966 solum
3243 1927 3400 1966 nosse
3426 1910 3620 1974 Deum,

2041 2000 2265 2070 ejusque
2291 2016 2584 2071 agnoscere
2613 2000 2963 2055 voluntatem.
2989 2000 3056 2055 Et
3083 2001 3272 2072 probas
3301 2019 3417 2073 quae
3442 2000 3622 2056 utilio-

2043 2108 2103 2144 ra
2131 2101 2273 2145 sunt.
2305 2090 2384 2145 Ita
2419 2100 2479 2146 ut
2521 2107 2626 2146 non
2677 2092 2849 2146 solum
2879 2109 2998 2162 qua:
3027 2095 3137 2148 sint
3165 2095 3304 2148 bona
3330 2093 3494 2159 scias,
3532 2109 3623 2148 ve-

2042 2199 2162 2239 rum
2189 2185 2355 2238 etiam
2381 2200 2500 2254 quae
2541 2185 2648 2239 sint
2679 2185 2904 2240 meliora
2949 2192 3005 2240 et
3055 2186 3273 2240 utiliora
3323 2184 3619 2240 discernas.

2043 2275 2278 2345 Conﬁdis
2307 2277 2526 2347 teipsum
2569 2292 2680 2331 esse
2719 2277 2904 2331 ducem
2945 2294 3219 2331 ccccorum.
3254 2276 3494 2344 Quorum
3523 2277 3621 2332 ob-

2042 2377 2320 2424 scuratum
2360 2379 2446 2424 est
2493 2369 2672 2424 lumen
2705 2369 2758 2423 in
2808 2369 3044 2424 tenebris
3099 2370 3432 2440 ignorantia}.
3481 2368 3625 2422 Insi-

2041 2459 2291 2529 pientium
2321 2458 2655 2513 eruditorem.
2680 2459 3028 2513 Erudientem
3075 2460 3257 2525 rudes,
3288 2459 3383 2529 qui
3413 2459 3623 2528 sapien-

2044 2551 2177 2607 tiam
2223 2567 2331 2606 non
2390 2551 2609 2607 habent.
2689 2551 3003 2622 Magistrum
3057 2551 3366 2620 infantium.
3414 2552 3471 2607 ld
3516 2561 3630 2617 est,

2043 2639 2410 2710 parvulorum,
2455 2648 2616 2695 :etate
2683 2639 2768 2695 vel
2817 2655 2999 2695 sensu.
3063 2639 3349 2695 [labentem
3397 2641 3623 2710 [orntum

2044 2730 2294 2783 scientiae.
2329 2727 2412 2783 Ad
2461 2745 2625 2800 quam
2664 2744 2878 2800 semper
2926 2731 3224 2801 respiciens
3274 2745 3460 2786 errare
3515 2747 3621 2787 non

2044 2819 2239 2890 possis.
2294 2818 2395 2885 Qui
2437 2836 2557 2890 ergo
2598 2821 2750 2874 doces
2795 2821 2959 2875 alium
2986 2862 3001 2887 ,
3049 2822 3269 2893 teipsum
3310 2838 3411 2875 non
3449 2822 3621 2876 doces.

2048 2909 2310 2966 Similiter
2337 2919 2393 2966 et
2425 2912 2672 2984 gentibus
2699 2911 2910 2968 dixerat
2938 2929 2952 2967 :
2982 2913 3086 2979 Qui
3117 2915 3251 2968 enim
3294 2914 3455 2968 alium
3477 2915 3628 2984 judi-

2045 3015 2156 3067 cas,
2196 3001 2418 3071 teipsum
2447 3001 2780 3057 condemnas.
2811 3003 2913 3072 Qui
2942 3003 2995 3058 in
3038 3003 3154 3076 lege
3182 3005 3435 3074 quiescis,
3465 3021 3498 3059 ο
3530 3004 3624 3058 Ju-

2049 3090 2182 3158 dzee,
2213 3108 2310 3147 cur
2340 3092 2735 3164 transgrederis
2759 3093 2976 3164 legem?
3000 3093 3100 3161 Qui
3138 3094 3387 3164 gloriaris
3415 3095 3467 3148 in
3491 3094 3624 3159 Deo,

364 3187 607 3257 quaadam
637 3186 876 3242 historia:
902 3190 1309 3259 cognoscendae,
1344 3190 1485 3245 sicut
1517 3191 1777 3262 scriptum
1811 3199 1897 3246 est
1926 3211 1939 3245 :
1970 3169 2014 3231 (ἶ
2046 3198 2215 3252 quare
2244 3183 2537 3238 inhonoras
2562 3185 2749 3250 Deum,
2781 3185 2908 3251 dum
2953 3184 3320 3240 testimonium
3345 3183 3460 3252 ejus
3481 3185 3625 3254 quod

367 3280 597 3347 Arguam
619 3286 689 3344 te,
716 3287 764 3332 et
788 3287 1017 3332 statuam
1047 3279 1197 3333 illum
1227 3290 1407 3334 contra
1430 3281 1618 3351 faciem
1645 3292 1810 3336 tuam.
1841 3282 1947 3338 Sed

367 3368 663 3422 notandum
685 3376 769 3423 est
791 3370 935 3438 quod
962 3370 1065 3425 hoe
1088 3370 1142 3424 in
1164 3370 1281 3425 loco
1303 3371 1540 3438 schema,
1572 3373 1716 3441 quod
1738 3394 1947 3451 χρονισ-

367 3459 459 3527 μός
487 3457 707 3524 dicitur,
748 3459 942 3524 elucet,
976 3475 1072 3529 per
1109 3476 1270 3530 quam
1296 3465 1530 3532 speciem
1563 3463 1776 3517 diversa
1811 3471 1947 3518 tem-

366 3563 498 3616 pora
529 3563 630 3618 pro
657 3549 777 3604 aliis
806 3551 1136 3621 temporibus
1162 3561 1468 3622 ponuntur;
1509 3569 1634 3608 nam
1663 3553 1946 3624 participia

367 3640 650 3709 praisentis
681 3642 937 3710 temporis
986 3657 1086 3712 pro
1123 3642 1288 3698 futuri
1347 3645 1605 3715 temporis
1649 3646 1947 3714 participiis

365 3731 566 3797 posuit,
622 3731 807 3786 dicens
856 3750 870 3786 :
927 3731 1342 3804 Cogitationibus
1401 3736 1788 3800 accusantibus,
1853 3746 1946 3791 aut

365 3819 524 3872 etiam
557 3819 974 3889 defendentibus,
1020 3840 1116 3894 pro
1147 3827 1473 3880 accusaturis
1524 3844 1586 3881 ac
1629 3827 1942 3898 defensuris.

438 3909 506 3962 In
544 3910 628 3964 die
656 3927 774 3965 cum
795 3912 1056 3981 judicabit
1098 3915 1353 3972 Dominus
1401 3919 1606 3973 occulta
1654 3921 1942 3977 hominum.

369 3999 497 4053 Dure
524 4000 877 4071 cogitationes
905 4003 959 4056 in
992 4005 1209 4059 homine
1245 4021 1303 4076 se
1334 4009 1666 4063 accusabunt
1692 4010 1942 4076 invicem,

368 4091 510 4146 bona
533 4099 587 4147 et
610 4093 751 4146 mala
775 4111 788 4145 :
815 4094 953 4148 bona
983 4105 1200 4150 accusat
1228 4097 1447 4164 malam,
1471 4101 1595 4168 quia
1618 4104 1948 4157 contradixit

368 4182 615 4248 veritati;
648 4181 789 4236 mala
833 4183 1030 4238 iterum
1060 4196 1281 4242 accusat
1307 4189 1526 4256 bonam,
1559 4192 1684 4260 quia
1715 4209 1821 4248 non
1855 4211 1944 4252 se-

368 4281 496 4328 cuta
538 4279 622 4327 est
662 4280 722 4327 ut
750 4275 939 4330 sensit.
975 4274 1201 4332 Rectum
1224 4279 1486 4348 judicium
1521 4282 1616 4337 Dei
1641 4284 1764 4353 quis
1793 4286 1948 4358 dubi-

370 4375 468 4433 tet,
505 4367 596 4422 ubi
648 4378 992 4424 accusatores
1033 4380 1088 4425 et
1135 4371 1444 4429 defensores
1496 4375 1842 4444 adhibentur,
1892 4387 1946 4434 et

371 4458 716 4513 conscientiae
752 4460 962 4515 testes?
1004 4459 1110 4516 Sed
1140 4463 1416 4518 sciendum
1455 4467 1597 4535 quod
1625 4483 1732 4521 non
1759 4469 1946 4538 utique

369 4548 473 4603 illa:
497 4550 852 4620 cogitationes
872 4566 992 4620 quae
1021 4560 1149 4606 tunc
1172 4563 1480 4622 nascentur,
1507 4556 1592 4611 vel
1613 4559 1946 4613 accusabunt

370 4637 625 4702 animam,
655 4639 740 4695 vel
783 4639 1091 4705 defendent,
1130 4642 1226 4697 sed
1257 4643 1374 4699 istae
1418 4661 1538 4715 quze
1566 4663 1709 4702 nunc
1734 4656 1862 4702 sunt
1887 4648 1943 4701 in

371 4731 558 4798 nobis;
597 4746 718 4786 cum
745 4732 911 4797 enim,
955 4733 1069 4788 sive
1095 4733 1255 4800 bona,
1291 4735 1403 4791 sive
1446 4739 1586 4792 mala
1623 4739 1945 4811 cogitamus,

369 4824 518 4879 velut
549 4824 602 4878 in
631 4824 862 4888 caeteris,
910 4826 984 4879 ita
1029 4824 1084 4879 in
1122 4827 1283 4882 corde
1312 4835 1500 4882 nostro
1544 4835 1656 4882 tam
1681 4830 1946 4885 bonarum

369 4933 534 4985 quam
570 4916 832 4971 malarum
859 4916 1244 4988 cogitationum
1273 4925 1414 4972 notae
1443 4917 1686 4988 quaedam
1714 4927 1769 4974 et
1792 4919 1948 4990 signa

372 5008 762 5077 relinquentur,
813 5024 934 5078 qua:
960 5009 1014 5063 in
1063 5007 1276 5064 occulto
1304 5025 1447 5064 nunc
1473 5011 1710 5080 pectoris
1748 5012 1946 5081 posita,

371 5099 425 5151 in
464 5097 553 5151 illa
585 5099 670 5154 die
696 5100 925 5154 revelari
953 5100 1226 5165 dicuntur,
1262 5115 1294 5154 a
1321 5100 1469 5155 nullo
1503 5101 1626 5164 alio,
1661 5101 1766 5154 nisi
1789 5102 1857 5156 ab
1881 5117 1948 5158 eo

369 5191 463 5259 qui
519 5190 664 5246 solus
707 5200 887 5260 potest
935 5193 1146 5248 occulta
1186 5193 1465 5248 hominum
1507 5193 1647 5247 seire
1677 5207 1691 5245 :
1718 5208 1948 5263 quorum

370 5281 647 5352 signorum
700 5298 893 5338 causas
947 5301 1054 5340 non
1107 5286 1273 5340 latere
1326 5286 1519 5350 Deum,
1555 5285 1718 5340 etiam
1761 5293 1948 5341 nostra

373 5373 705 5429 conscientia
757 5375 1072 5441 testabitur;
1147 5376 1288 5445 quod
1331 5375 1596 5445 judicium
1649 5376 1947 5431 secundum

371 5465 710 5535 evangelium
738 5463 912 5530 Pauli,
958 5465 1062 5519 hoc
1114 5478 1214 5530 est,
1245 5469 1388 5538 quod
1426 5467 1623 5522 Paulus
1663 5468 1951 5521 annuntiat

370 5572 469 5628 per
495 5553 678 5611 Jesum
705 5555 981 5612 Christum
1024 5556 1116 5612 [iet
1144 5574 1156 5608 :
1185 5556 1350 5612 Pater
1375 5560 1518 5614 enim
1573 5560 1827 5613 neminem
1848 5559 1947 5628 ju-

373 5648 537 5713 dicat,
567 5643 656 5701 sed
701 5663 850 5701 omne
881 5648 1144 5718 judicium
1195 5648 1337 5703 dedit
1378 5648 1541 5703 Filio.
1587 5649 1741 5716 Quod
1767 5657 1946 5704 autem

375 5747 494 5794 erat
531 5738 758 5812 apostoli
787 5737 937 5794 Pauli
968 5739 1322 5811 evangelium,
1377 5741 1477 5795 hoc
1526 5741 1686 5796 etiam
1727 5747 1949 5796 caetero-

2046 3275 2193 3330 dedit
2221 3275 2358 3330 Filio
2387 3292 2502 3341 suo,
2554 3292 2662 3332 non
2713 3277 2946 3346 recipis?
2979 3277 3097 3346 Ipse
3125 3277 3273 3332 enim
3319 3277 3490 3333 dixit:
3523 3277 3625 3333 Hic

2045 3376 2121 3420 est
2151 3365 2323 3421 Filius
2349 3384 2492 3422 meus
2517 3367 2735 3422 dilectus
2760 3369 2974 3440 (Matth.
3003 3368 3109 3440 ιιι).
3143 3369 3244 3437 Qui
3268 3370 3408 3426 nosti
3435 3371 3624 3425 volun—

2047 3466 2212 3512 tatem
2255 3456 2391 3526 ejus,
2428 3475 2597 3529 quare
2640 3477 2746 3514 non
2795 3460 3136 3531 obtemperas
3182 3462 3489 3516 voluntati?
3520 3461 3624 3528 Qui

2044 3550 2234 3621 probas
2285 3551 2522 3618 utiliora,
2553 3568 2720 3622 quare
2766 3554 2974 3608 inutilia
3007 3555 3264 3610 sectaris?
3314 3555 3430 3609 Dux
3455 3570 3624 3610 ceco-

2048 3656 2189 3705 rum,
2222 3643 2489 3712 quomodo
2519 3642 2658 3696 viam
2701 3659 2807 3697 non
2840 3643 2989 3698 vides
3032 3645 3276 3697 rectam?
3300 3644 3344 3698 si
3376 3645 3522 3698 enim
3550 3645 3628 3698 vi-

2049 3729 2209 3784 deres
2255 3746 2353 3800 per
2397 3731 2566 3800 ipsam
2620 3733 2808 3803 utique
2857 3733 3186 3789 ambulares.
3235 3733 3292 3788 Si
3333 3733 3512 3788 lumen
3565 3751 3628 3790 es

2047 3822 2296 3889 aliorum,
2335 3839 2503 3894 quare
2534 3840 2641 3881 non
2663 3825 2850 3894 abjicis
2876 3841 3039 3896 Opera
3068 3827 3454 3881 tenebrarum?
3478 3826 3625 3881 Eru-

2045 3918 2188 3972 ditor
2225 3920 2597 3990 insipientium,
2622 3930 2682 3976 ut
2706 3923 2835 3992 quill
2871 3924 3122 3977 timorem
3150 3923 3382 3986 Domini,
3428 3923 3518 3994 qui
3545 3931 3629 3978 est

2047 4007 2259 4062 initium
2303 4011 2601 4080 sapientiai,
2666 4013 2971 4083 reliquisti?
3017 4013 3272 4085 Magister
3321 4015 3626 4084 infantium,

2046 4100 2316 4166 quomodo
2347 4115 2481 4168 puer
2523 4116 2582 4156 es
2616 4104 2812 4158 sensu?
2861 4103 2965 4169 Qui
3009 4105 3167 4159 habes
3199 4106 3422 4176 formam
3465 4107 3627 4159 scien-

2046 4189 2152 4254 tiw,
2179 4199 2226 4244 et
2257 4191 2488 4245 veritatis
2518 4193 2572 4245 in
2614 4192 2742 4263 lege,
2771 4209 2939 4263 quare
2967 4209 3067 4250 nec
3094 4197 3207 4265 ipse
3233 4197 3495 4267 sequeris,
3524 4213 3627 4252 nec

2047 4280 2180 4335 alios
2215 4282 2452 4350 pessimo
2499 4283 2744 4353 exemplo
2787 4285 3052 4352 perimis?
3109 4286 3179 4340 Et
3234 4289 3322 4358 qui
3369 4289 3625 4358 pra’dicas

2048 4384 2152 4421 non
2190 4369 2497 4436 furandum,
2530 4378 2586 4425 tu
2612 4372 2900 4426 adventum
2945 4382 3000 4427 et
3027 4377 3371 4445 praesentiam
3401 4375 3626 4441 Christi,

2049 4460 2140 4528 qui
2178 4459 2234 4512 in
2261 4459 2513 4516 universo
2541 4463 2740 4518 mundo
2773 4463 2990 4531 eil'ulsit,
3047 4464 3266 4521 iuraris.
3322 4467 3621 4520 Max/caris.

1971 4517 2024 4575 Β
2049 4551 2163 4606 Non
2190 4559 2273 4607 est
2300 4560 2482 4607 autem
2521 4569 2626 4607 una
2655 4556 2868 4610 mmeha
2892 4572 2906 4621 ;
2935 4572 3061 4610 nam
3093 4566 3263 4612 totum
3295 4558 3437 4628 quod
3465 4558 3625 4613 debet

2048 4639 2160 4696 Deo
2198 4642 2402 4707 anima,
2437 4643 2480 4696 si
2511 4643 2672 4698 alicui
2709 4657 2907 4714 praeter
2949 4645 3120 4700 Deum
3149 4647 3458 4712 reddiderit,
3493 4663 3626 4703 mm-

2047 4731 2262 4785 ehatur.
2294 4731 2398 4796 Qui
2442 4750 2599 4804 negas
2640 4735 3020 4790 mneo/tandum.
3059 4736 3190 4790 Tam
3218 4753 3380 4807 grave
3419 4737 3626 4792 adulte-

2049 4819 2189 4871 rium
2213 4822 2528 4888 committis,
2559 4831 2617 4875 ut
2658 4823 2958 4877 adulterum
2983 4840 3201 4879 sensum
3228 4825 3422 4880 littera:
3450 4826 3625 4882 intro-

2053 4908 2219 4963 ducas
2264 4909 2330 4964 ad
2363 4927 2705 4983 synagogam,
2744 4922 2798 4968 et
2823 4914 3054 4970 collocas
3083 4931 3203 4970 eam
3233 4931 3355 4972 eum
3384 4916 3516 4988 legis
3541 4919 3628 4972 lit—

2052 5009 2166 5055 tera
2193 5017 2311 5071 quae
2347 5002 2478 5056 foris
2507 5014 2610 5069 est,
2635 5021 2756 5058 cum
2784 5005 3047 5074 scriptum
3077 5008 3142 5062 de
3171 5024 3232 5062 ea
3261 5008 3408 5079 legas
3441 5027 3453 5062 :
3487 5007 3626 5073 Quia

2051 5091 2220 5144 omnis
2252 5091 2420 5160 gloria
2453 5092 2580 5159 ﬁlia:
2623 5093 2756 5163 regis
2797 5094 3125 5148 intrinsecus.
3159 5095 3262 5160 Qui
3305 5095 3626 5150 abominaris

2049 5182 2216 5247 idola,
2275 5182 2604 5251 sacritcgium
2650 5184 2945 5237 committis.
2977 5185 3172 5239 Verum
3219 5185 3312 5240 Dei
3344 5185 3624 5256 templum,

2051 5272 2192 5340 quod
2220 5281 2302 5326 est
2323 5271 2571 5326 Christus
2594 5270 2768 5337 Jesns,
2793 5272 3030 5337 violans;
3063 5273 3299 5330 solvistis
3320 5276 3462 5330 enim
3494 5284 3626 5331 tem-

2051 5363 2197 5432 plum
2218 5361 2361 5431 quod
2383 5362 2437 5415 in
2458 5361 2631 5416 tribus
2653 5361 2839 5415 diebus
2861 5361 3293 5416 resuscitandum
3315 5372 3398 5419 est
3427 5364 3510 5419 his
3532 5365 3625 5436 qui

2053 5456 2299 5510 credunt.
2334 5453 2439 5509 Sed
2469 5462 2524 5508 et
2561 5453 2651 5524 qui
2689 5469 2753 5508 ex
2783 5452 2898 5523 lege
2926 5461 2981 5507 et
3013 5455 3291 5523 prophetis
3321 5471 3623 5512 sermonem
3676 5461 3686 5468 ”

2051 5545 2326 5600 Christum
2356 5546 2795 5616 pronuntiantem
2823 5541 3054 5609 furatur,
3085 5555 3138 5600 et
3160 5547 3394 5602 occultat
3422 5563 3487 5600 ne
3528 5563 3625 5618 po-

2051 5639 2210 5711 pulus
2255 5641 2458 5706 audiat,
2497 5650 2552 5696 et
2597 5642 2804 5706 credat,
2837 5642 3176 5712 sacrilegium
3223 5639 3528 5706 commitzit,
3574 5647 3628 5689 et

2034 5747 2180 5815 _vere
2230 5731 2486 5801 templum
2537 5732 2629 5787 Dei
2685 5734 2884 5801 violat;
2936 5733 3066 5788 item
3131 5747 3343 5800 quoque
3394 5730 3482 5783 hic.
3538 5729 3628 5800 qui
