  <div class='ocr_page' id='page_1' title='image "/cluster/home/n/w/nwhite01/storage/ocr_20150623/103/hvd.32044054759691/021.png"; bbox 0 0 3974 6202; ppageno 0'>
   <div class='ocr_carea' id='block_1_1' title="bbox 364 390 424 445">
    <p class='ocr_par' dir='ltr' id='par_1_1' title="bbox 364 390 424 445">
     <span class='ocr_line' id='line_1_1' title="bbox 364 390 424 445; baseline -0.1 0"><span class='ocrx_word' id='word_1_1' title='bbox 364 390 424 445; x_wconf 76' lang='grc'><strong>51</strong></span> 
     </span>
    </p>
   </div>
   <div class='ocr_carea' id='block_1_2' title="bbox 2051 318 3605 439">
    <p class='ocr_par' dir='ltr' id='par_1_2' title="bbox 2051 340 3605 423">
     <span class='ocr_line' id='line_1_2' title="bbox 2051 340 3605 423; baseline -0.016 0"><span class='ocrx_word' id='word_1_2' title='bbox 2051 340 2391 423; x_wconf 57' lang='grc' dir='ltr'>Βρὁηοὲξε</span> <span class='ocrx_word' id='word_1_3' title='bbox 2436 364 2454 411; x_wconf 75' lang='lat'><strong>2</strong></span> <span class='ocrx_word' id='word_1_4' title='bbox 2510 340 2553 410; x_wconf 51' lang='grc' dir='ltr'><strong>’Ξ</strong></span> <span class='ocrx_word' id='word_1_5' title='bbox 3534 365 3605 420; x_wconf 69' lang='lat'><strong>5.3</strong></span> 
     </span>
    </p>
   </div>
   <div class='ocr_carea' id='block_1_3' title="bbox 367 448 3614 561">
    <p class='ocr_par' dir='ltr' id='par_1_3' title="bbox 367 468 3614 561">
     <span class='ocr_line' id='line_1_3' title="bbox 367 468 3614 561; baseline -0.008 -10"><span class='ocrx_word' id='word_1_6' title='bbox 367 492 754 552; x_wconf 84' lang='lat' dir='ltr'><strong>cumeisionum</strong></span> <span class='ocrx_word' id='word_1_7' title='bbox 780 507 792 543; x_wconf 91' lang='lat'>:</span> <span class='ocrx_word' id='word_1_8' title='bbox 817 487 1001 543; x_wconf 83' lang='lat' dir='ltr'><strong>cordis</strong></span> <span class='ocrx_word' id='word_1_9' title='bbox 1047 483 1390 540; x_wconf 79' lang='lat' dir='ltr'><strong>circumcisio</strong></span> <span class='ocrx_word' id='word_1_10' title='bbox 1432 487 1536 543; x_wconf 88' lang='lat' dir='ltr'><strong>est,</strong></span> <span class='ocrx_word' id='word_1_11' title='bbox 1582 477 1718 532; x_wconf 86' lang='lat' dir='ltr'><strong>nihil</strong></span> <span class='ocrx_word' id='word_1_12' title='bbox 1757 475 1935 561; x_wconf 69' lang='lat' dir='ltr'><strong>sordi-</strong></span> <span class='ocrx_word' id='word_1_13' title='bbox 1960 471 2509 561; x_wconf 47' lang='lat' dir='ltr'><strong>A.ab_s.cin(.lerc.vitia</strong></span> <span class='ocrx_word' id='word_1_14' title='bbox 2534 479 2847 561; x_wconf 48' lang='grc' dir='ltr'><strong>βριεφεριο</strong></span> <span class='ocrx_word' id='word_1_15' title='bbox 2889 484 2921 523; x_wconf 92' lang='lat' dir='ltr'><strong>a</strong></span> <span class='ocrx_word' id='word_1_16' title='bbox 2952 468 3110 524; x_wconf 87' lang='lat' dir='ltr'><strong>malis</strong></span> <span class='ocrx_word' id='word_1_17' title='bbox 3146 469 3614 527; x_wconf 87' lang='lat' dir='ltr'><strong>circumcisionem</strong></span> 
     </span>
    </p>
   </div>
   <div class='ocr_carea' id='block_1_4' title="bbox 371 548 1952 656">
    <p class='ocr_par' dir='ltr' id='par_1_4' title="bbox 371 548 1935 656">
     <span class='ocr_line' id='line_1_4' title="bbox 371 548 1935 656; baseline -0.013 -17"><span class='ocrx_word' id='word_1_18' title='bbox 371 548 520 648; x_wconf 84' lang='lat' dir='ltr'><strong>dum,</strong></span> <span class='ocrx_word' id='word_1_19' title='bbox 549 548 681 636; x_wconf 81' lang='lat' dir='ltr'><strong>nihil</strong></span> <span class='ocrx_word' id='word_1_20' title='bbox 707 578 984 649; x_wconf 88' lang='lat' dir='ltr'><strong>indignum</strong></span> <span class='ocrx_word' id='word_1_21' title='bbox 1011 573 1213 628; x_wconf 86' lang='lat' dir='ltr'><strong>sentire</strong></span> <span class='ocrx_word' id='word_1_22' title='bbox 1239 566 1461 656; x_wconf 53' lang='lat' dir='ltr'><strong>deglgl&#39;e&#39;;</strong></span> 
     </span>
    </p>
   </div>
   <div class='ocr_carea' id='block_1_5' title="bbox 2051 548 3618 656">
    <p class='ocr_par' dir='ltr' id='par_1_5' title="bbox 2051 548 3618 656">
     <span class='ocr_line' id='line_1_5' title="bbox 2051 548 3618 656; baseline -0.011 -22"><span class='ocrx_word' id='word_1_23' title='bbox 2830 562 2970 616; x_wconf 90' lang='lat' dir='ltr'><strong>bona</strong></span> <span class='ocrx_word' id='word_1_24' title='bbox 3001 569 3127 617; x_wconf 90' lang='lat' dir='ltr'><strong>sunt</strong></span> <span class='ocrx_word' id='word_1_25' title='bbox 3160 573 3215 617; x_wconf 91' lang='lat' dir='ltr'><strong>et</strong></span> <span class='ocrx_word' id='word_1_26' title='bbox 3260 562 3471 618; x_wconf 86' lang='lat' dir='ltr'><strong>ellicere</strong></span> <span class='ocrx_word' id='word_1_27' title='bbox 3495 580 3618 634; x_wconf 67' lang='lat' dir='ltr'><strong>qua:</strong></span> 
     </span>
    </p>
   </div>
   <div class='ocr_carea' id='block_1_6' title="bbox 369 641 1939 736">
    <p class='ocr_par' dir='ltr' id='par_1_6' title="bbox 369 641 1939 736">
     <span class='ocr_line' id='line_1_6' title="bbox 369 641 1939 736; baseline -0.011 -6"><span class='ocrx_word' id='word_1_28' title='bbox 369 641 626 736; x_wconf 29' lang='lat' dir='ltr'><strong>cisio’est,</strong></span> <span class='ocrx_word' id='word_1_29' title='bbox 670 670 804 724; x_wconf 87' lang='lat' dir='ltr'><strong>nihil</strong></span> <span class='ocrx_word' id='word_1_30' title='bbox 822 641 1208 729; x_wconf 42' lang='lat' dir='ltr'><strong>vimmundum,</strong></span> <span class='ocrx_word' id='word_1_31' title='bbox 1253 641 1939 717; x_wconf 67' lang='grc' dir='ltr'><strong>ιιιὶιῖιιὲοἰιιέηἰιιὶυιαὶηείιι</strong></span> 
     </span>
    </p>
   </div>
   <div class='ocr_carea' id='block_1_7' title="bbox 368 748 1940 835">
    <p class='ocr_par' dir='ltr' id='par_1_7' title="bbox 368 748 1940 835">
     <span class='ocr_line' id='line_1_7' title="bbox 368 748 1940 835; baseline -0.011 -15"><span class='ocrx_word' id='word_1_32' title='bbox 368 777 530 835; x_wconf 89' lang='lat' dir='ltr'><strong>opere</strong></span> <span class='ocrx_word' id='word_1_33' title='bbox 559 760 831 831; x_wconf 87' lang='lat' dir='ltr'><strong>gestisque</strong></span> <span class='ocrx_word' id='word_1_34' title='bbox 872 755 1233 820; x_wconf 88' lang='lat' dir='ltr'><strong>committere,</strong></span> <span class='ocrx_word' id='word_1_35' title='bbox 1265 751 1559 808; x_wconf 86' lang='lat' dir='ltr'><strong>secundum</strong></span> <span class='ocrx_word' id='word_1_36' title='bbox 1605 748 1940 804; x_wconf 85' lang='lat' dir='ltr'><strong>Ezechielem</strong></span> 
     </span>
    </p>
   </div>
   <div class='ocr_carea' id='block_1_8' title="bbox 369 837 1939 925">
    <p class='ocr_par' dir='ltr' id='par_1_8' title="bbox 369 837 1939 925">
     <span class='ocr_line' id='line_1_8' title="bbox 369 837 1939 925; baseline -0.01 -19"><span class='ocrx_word' id='word_1_37' title='bbox 369 853 460 925; x_wconf 86' lang='lat' dir='ltr'><strong>qui</strong></span> <span class='ocrx_word' id='word_1_38' title='bbox 486 850 642 905; x_wconf 86' lang='lat' dir='ltr'><strong>dicit:</strong></span> <span class='ocrx_word' id='word_1_39' title='bbox 663 847 845 902; x_wconf 87' lang='lat' dir='ltr'><strong>Omnis</strong></span> <span class='ocrx_word' id='word_1_40' title='bbox 866 845 1012 914; x_wconf 79' lang='lat' dir='ltr'><strong>ﬁlius</strong></span> <span class='ocrx_word' id='word_1_41' title='bbox 1036 842 1327 912; x_wconf 71' lang='lat' dir='ltr'><strong>alienigena</strong></span> <span class='ocrx_word' id='word_1_42' title='bbox 1342 840 1741 895; x_wconf 74' lang='lat' dir='ltr'><strong>incircumcisus</strong></span> <span class='ocrx_word' id='word_1_43' title='bbox 1762 837 1939 901; x_wconf 81' lang='lat' dir='ltr'><strong>corde,</strong></span> 
     </span>
    </p>
   </div>
   <div class='ocr_carea' id='block_1_9' title="bbox 368 930 1942 1000">
    <p class='ocr_par' dir='ltr' id='par_1_9' title="bbox 368 930 1942 1000">
     <span class='ocr_line' id='line_1_9' title="bbox 368 930 1942 1000; baseline -0.011 -3"><span class='ocrx_word' id='word_1_44' title='bbox 368 954 417 999; x_wconf 87' lang='lat' dir='ltr'><strong>et</strong></span> <span class='ocrx_word' id='word_1_45' title='bbox 452 939 852 995; x_wconf 85' lang='lat' dir='ltr'><strong>incircumcisus</strong></span> <span class='ocrx_word' id='word_1_46' title='bbox 894 952 1072 1000; x_wconf 88' lang='lat' dir='ltr'><strong>carne,</strong></span> <span class='ocrx_word' id='word_1_47' title='bbox 1121 949 1225 987; x_wconf 86' lang='lat' dir='ltr'><strong>non</strong></span> <span class='ocrx_word' id='word_1_48' title='bbox 1254 931 1474 997; x_wconf 62' lang='lat' dir='ltr'><strong>intrabit</strong></span> <span class='ocrx_word' id='word_1_49' title='bbox 1516 930 1573 984; x_wconf 87' lang='lat' dir='ltr'><strong>in</strong></span> <span class='ocrx_word' id='word_1_50' title='bbox 1613 938 1799 983; x_wconf 83' lang='lat' dir='ltr'><strong>sancta</strong></span> <span class='ocrx_word' id='word_1_51' title='bbox 1824 943 1942 981; x_wconf 89' lang='lat' dir='ltr'><strong>mea</strong></span> 
     </span>
    </p>
   </div>
   <div class='ocr_carea' id='block_1_10' title="bbox 371 1021 1942 1103">
    <p class='ocr_par' dir='ltr' id='par_1_10' title="bbox 371 1021 1942 1103">
     <span class='ocr_line' id='line_1_10' title="bbox 371 1021 1942 1103; baseline -0.011 -14"><span class='ocrx_word' id='word_1_52' title='bbox 371 1033 586 1103; x_wconf 82' lang='lat' dir='ltr'><strong>(Ezech.</strong></span> <span class='ocrx_word' id='word_1_53' title='bbox 633 1028 807 1099; x_wconf 78' lang='lat' dir='ltr'><strong>xuv).</strong></span> <span class='ocrx_word' id='word_1_54' title='bbox 835 1026 1101 1083; x_wconf 84' lang='lat' dir='ltr'><strong>Jeremias</strong></span> <span class='ocrx_word' id='word_1_55' title='bbox 1145 1025 1223 1079; x_wconf 88' lang='lat' dir='ltr'><strong>ait</strong></span> <span class='ocrx_word' id='word_1_56' title='bbox 1249 1041 1263 1076; x_wconf 89' lang='lat'><strong>:</strong></span> <span class='ocrx_word' id='word_1_57' title='bbox 1288 1023 1425 1076; x_wconf 88' lang='lat' dir='ltr'><strong>Ecce</strong></span> <span class='ocrx_word' id='word_1_58' title='bbox 1458 1021 1778 1075; x_wconf 66' lang='lat' dir='ltr'><strong>circumcisis</strong></span> <span class='ocrx_word' id='word_1_59' title='bbox 1819 1026 1942 1072; x_wconf 85' lang='lat' dir='ltr'><strong>sunt</strong></span> 
     </span>
    </p>
   </div>
   <div class='ocr_carea' id='block_1_11' title="bbox 371 1109 1946 1190">
    <p class='ocr_par' dir='ltr' id='par_1_11' title="bbox 371 1109 1946 1190">
     <span class='ocr_line' id='line_1_11' title="bbox 371 1109 1946 1190; baseline -0.01 -12"><span class='ocrx_word' id='word_1_60' title='bbox 371 1141 524 1179; x_wconf 86' lang='lat' dir='ltr'><strong>aures</strong></span> <span class='ocrx_word' id='word_1_61' title='bbox 545 1133 727 1177; x_wconf 66' lang='lat' dir='ltr'><strong>vestra?</strong></span> <span class='ocrx_word' id='word_1_62' title='bbox 752 1119 969 1190; x_wconf 84' lang='lat' dir='ltr'><strong>(Jerem.</strong></span> <span class='ocrx_word' id='word_1_63' title='bbox 997 1114 1097 1189; x_wconf 76' lang='lat' dir='ltr'><strong>Vl),</strong></span> <span class='ocrx_word' id='word_1_64' title='bbox 1126 1117 1229 1171; x_wconf 90' lang='lat' dir='ltr'><strong>hoc</strong></span> <span class='ocrx_word' id='word_1_65' title='bbox 1255 1121 1359 1179; x_wconf 84' lang='lat' dir='ltr'><strong>est,</strong></span> <span class='ocrx_word' id='word_1_66' title='bbox 1383 1128 1452 1169; x_wconf 91' lang='lat' dir='ltr'><strong>ne</strong></span> <span class='ocrx_word' id='word_1_67' title='bbox 1486 1110 1749 1181; x_wconf 83' lang='lat' dir='ltr'><strong>recipiant</strong></span> <span class='ocrx_word' id='word_1_68' title='bbox 1768 1109 1946 1164; x_wconf 87' lang='lat' dir='ltr'><strong>obtre-</strong></span> 
     </span>
    </p>
   </div>
   <div class='ocr_carea' id='block_1_12' title="bbox 369 1202 1943 1271">
    <p class='ocr_par' dir='ltr' id='par_1_12' title="bbox 369 1202 1943 1271">
     <span class='ocr_line' id='line_1_12' title="bbox 369 1202 1943 1271; baseline -0.009 0"><span class='ocrx_word' id='word_1_69' title='bbox 369 1217 677 1271; x_wconf 87' lang='lat' dir='ltr'><strong>ctationem.</strong></span> <span class='ocrx_word' id='word_1_70' title='bbox 716 1213 829 1267; x_wconf 79' lang='lat' dir='ltr'><strong>Hoc</strong></span> <span class='ocrx_word' id='word_1_71' title='bbox 857 1218 1035 1265; x_wconf 89' lang='lat' dir='ltr'><strong>autem</strong></span> <span class='ocrx_word' id='word_1_72' title='bbox 1070 1206 1230 1262; x_wconf 90' lang='lat' dir='ltr'><strong>modo</strong></span> <span class='ocrx_word' id='word_1_73' title='bbox 1258 1215 1313 1260; x_wconf 90' lang='lat' dir='ltr'><strong>et</strong></span> <span class='ocrx_word' id='word_1_74' title='bbox 1336 1204 1750 1261; x_wconf 87' lang='lat' dir='ltr'><strong>incircumcisus</strong></span> <span class='ocrx_word' id='word_1_75' title='bbox 1784 1202 1943 1257; x_wconf 81' lang='lat' dir='ltr'><strong>labiis</strong></span> 
     </span>
    </p>
   </div>
   <div class='ocr_carea' id='block_1_13' title="bbox 371 1294 1946 1374">
    <p class='ocr_par' dir='ltr' id='par_1_13' title="bbox 371 1294 1946 1374">
     <span class='ocr_line' id='line_1_13' title="bbox 371 1294 1946 1374; baseline -0.008 -15"><span class='ocrx_word' id='word_1_76' title='bbox 371 1306 588 1370; x_wconf 90' lang='lat' dir='ltr'><strong>dicitur,</strong></span> <span class='ocrx_word' id='word_1_77' title='bbox 615 1304 708 1374; x_wconf 88' lang='lat' dir='ltr'><strong>qui</strong></span> <span class='ocrx_word' id='word_1_78' title='bbox 747 1317 852 1357; x_wconf 91' lang='lat' dir='ltr'><strong>non</strong></span> <span class='ocrx_word' id='word_1_79' title='bbox 878 1298 1282 1356; x_wconf 83' lang='lat' dir='ltr'><strong>circurnciderit</strong></span> <span class='ocrx_word' id='word_1_80' title='bbox 1304 1295 1719 1366; x_wconf 79' lang='lat' dir='ltr'><strong>blasphemiam,</strong></span> <span class='ocrx_word' id='word_1_81' title='bbox 1744 1294 1946 1349; x_wconf 78' lang='lat' dir='ltr'><strong>scurri-</strong></span> 
     </span>
    </p>
   </div>
   <div class='ocr_carea' id='block_1_14' title="bbox 372 1385 1946 1463">
    <p class='ocr_par' dir='ltr' id='par_1_14' title="bbox 372 1385 1946 1463">
     <span class='ocr_line' id='line_1_14' title="bbox 372 1385 1946 1463; baseline -0.008 -13"><span class='ocrx_word' id='word_1_82' title='bbox 372 1397 603 1461; x_wconf 88' lang='lat' dir='ltr'><strong>litatem,</strong></span> <span class='ocrx_word' id='word_1_83' title='bbox 637 1392 1018 1463; x_wconf 87' lang='lat' dir='ltr'><strong>turpiloquium</strong></span> <span class='ocrx_word' id='word_1_84' title='bbox 1056 1391 1123 1444; x_wconf 91' lang='lat' dir='ltr'><strong>de</strong></span> <span class='ocrx_word' id='word_1_85' title='bbox 1161 1403 1258 1445; x_wconf 92' lang='lat' dir='ltr'><strong>ore</strong></span> <span class='ocrx_word' id='word_1_86' title='bbox 1286 1404 1406 1453; x_wconf 92' lang='lat' dir='ltr'><strong>suo,</strong></span> <span class='ocrx_word' id='word_1_87' title='bbox 1434 1387 1527 1456; x_wconf 88' lang='lat' dir='ltr'><strong>qui</strong></span> <span class='ocrx_word' id='word_1_88' title='bbox 1557 1402 1664 1441; x_wconf 89' lang='lat' dir='ltr'><strong>non</strong></span> <span class='ocrx_word' id='word_1_89' title='bbox 1701 1385 1946 1456; x_wconf 84' lang='lat' dir='ltr'><strong>posuerit</strong></span> 
     </span>
    </p>
   </div>
   <div class='ocr_carea' id='block_1_15' title="bbox 372 1474 1938 1545">
    <p class='ocr_par' dir='ltr' id='par_1_15' title="bbox 372 1474 1938 1545">
     <span class='ocr_line' id='line_1_15' title="bbox 372 1474 1938 1545; baseline -0.006 -6"><span class='ocrx_word' id='word_1_90' title='bbox 372 1484 670 1539; x_wconf 85' lang='lat' dir='ltr'><strong>custodiam</strong></span> <span class='ocrx_word' id='word_1_91' title='bbox 696 1482 778 1536; x_wconf 89' lang='lat' dir='ltr'><strong>ori</strong></span> <span class='ocrx_word' id='word_1_92' title='bbox 824 1496 945 1545; x_wconf 90' lang='lat' dir='ltr'><strong>suo,</strong></span> <span class='ocrx_word' id='word_1_93' title='bbox 979 1487 1034 1534; x_wconf 91' lang='lat' dir='ltr'><strong>et</strong></span> <span class='ocrx_word' id='word_1_94' title='bbox 1076 1479 1276 1533; x_wconf 89' lang='lat' dir='ltr'><strong>ostium</strong></span> <span class='ocrx_word' id='word_1_95' title='bbox 1319 1475 1743 1545; x_wconf 74' lang='lat' dir='ltr'><strong>circumstantiae</strong></span> <span class='ocrx_word' id='word_1_96' title='bbox 1779 1474 1938 1530; x_wconf 87' lang='lat' dir='ltr'><strong>labiis</strong></span> 
     </span>
    </p>
   </div>
   <div class='ocr_carea' id='block_1_16' title="bbox 374 1542 1941 1641">
    <p class='ocr_par' dir='ltr' id='par_1_16' title="bbox 374 1542 1941 1641">
     <span class='ocr_line' id='line_1_16' title="bbox 374 1542 1941 1641; baseline -0.007 -13"><span class='ocrx_word' id='word_1_97' title='bbox 374 1573 508 1637; x_wconf 89' lang='lat' dir='ltr'><strong>suis,</strong></span> <span class='ocrx_word' id='word_1_98' title='bbox 540 1572 630 1641; x_wconf 88' lang='lat' dir='ltr'><strong>qui</strong></span> <span class='ocrx_word' id='word_1_99' title='bbox 665 1586 774 1625; x_wconf 89' lang='lat' dir='ltr'><strong>non</strong></span> <span class='ocrx_word' id='word_1_100' title='bbox 805 1569 968 1623; x_wconf 89' lang='lat' dir='ltr'><strong>etiam</strong></span> <span class='ocrx_word' id='word_1_101' title='bbox 996 1582 1026 1620; x_wconf 90' lang='lat' dir='ltr'><strong>a</strong></span> <span class='ocrx_word' id='word_1_102' title='bbox 1056 1567 1222 1621; x_wconf 88' lang='lat' dir='ltr'><strong>verbo</strong></span> <span class='ocrx_word' id='word_1_103' title='bbox 1244 1565 1419 1620; x_wconf 88' lang='lat' dir='ltr'><strong>otioso</strong></span> <span class='ocrx_word' id='word_1_104' title='bbox 1440 1542 1843 1618; x_wconf 72' lang='lat' dir='ltr'><strong>circumcidet-it</strong></span> <span class='ocrx_word' id='word_1_105' title='bbox 1876 1577 1941 1617; x_wconf 90' lang='lat' dir='ltr'><strong>os</strong></span> 
     </span>
    </p>
   </div>
   <div class='ocr_carea' id='block_1_17' title="bbox 375 1652 1947 1725">
    <p class='ocr_par' dir='ltr' id='par_1_17' title="bbox 375 1652 1947 1725">
     <span class='ocr_line' id='line_1_17' title="bbox 375 1652 1947 1725; baseline -0.006 -9"><span class='ocrx_word' id='word_1_106' title='bbox 375 1677 549 1716; x_wconf 88' lang='lat' dir='ltr'><strong>suum.</strong></span> <span class='ocrx_word' id='word_1_107' title='bbox 583 1658 994 1714; x_wconf 86' lang='lat' dir='ltr'><strong>Incircumcisus</strong></span> <span class='ocrx_word' id='word_1_108' title='bbox 1024 1654 1288 1725; x_wconf 66' lang='lat' dir='ltr'><strong>prteputio</strong></span> <span class='ocrx_word' id='word_1_109' title='bbox 1313 1653 1496 1708; x_wconf 88' lang='lat' dir='ltr'><strong>carnis</strong></span> <span class='ocrx_word' id='word_1_110' title='bbox 1526 1666 1637 1706; x_wconf 72' lang='lat' dir='ltr'><strong>suae</strong></span> <span class='ocrx_word' id='word_1_111' title='bbox 1666 1652 1869 1706; x_wconf 89' lang='lat' dir='ltr'><strong>dicitur</strong></span> <span class='ocrx_word' id='word_1_112' title='bbox 1900 1652 1947 1707; x_wconf 88' lang='lat' dir='ltr'><strong>is</strong></span> 
     </span>
    </p>
   </div>
   <div class='ocr_carea' id='block_1_18' title="bbox 377 1744 1949 1824">
    <p class='ocr_par' dir='ltr' id='par_1_18' title="bbox 377 1744 1949 1824">
     <span class='ocr_line' id='line_1_18' title="bbox 377 1744 1949 1824; baseline -0.007 -16"><span class='ocrx_word' id='word_1_113' title='bbox 377 1755 469 1824; x_wconf 87' lang='lat' dir='ltr'><strong>qui</strong></span> <span class='ocrx_word' id='word_1_114' title='bbox 495 1769 622 1824; x_wconf 82' lang='lat' dir='ltr'><strong>erga</strong></span> <span class='ocrx_word' id='word_1_115' title='bbox 649 1751 948 1805; x_wconf 84' lang='lat' dir='ltr'><strong>naturalem</strong></span> <span class='ocrx_word' id='word_1_116' title='bbox 986 1749 1187 1803; x_wconf 92' lang='lat' dir='ltr'><strong>coitum</strong></span> <span class='ocrx_word' id='word_1_117' title='bbox 1221 1745 1631 1801; x_wconf 83' lang='lat' dir='ltr'><strong>immoderatius</strong></span> <span class='ocrx_word' id='word_1_118' title='bbox 1660 1751 1716 1798; x_wconf 89' lang='lat' dir='ltr'><strong>et</strong></span> <span class='ocrx_word' id='word_1_119' title='bbox 1758 1744 1949 1798; x_wconf 89' lang='lat' dir='ltr'><strong>intem-</strong></span> 
     </span>
    </p>
   </div>
   <div class='ocr_carea' id='block_1_19' title="bbox 2036 644 3621 728">
    <p class='ocr_par' dir='ltr' id='par_1_19' title="bbox 2036 644 3621 728">
     <span class='ocr_line' id='line_1_19' title="bbox 2036 644 3621 728; baseline -0.001 -18"><span class='ocrx_word' id='word_1_120' title='bbox 2036 644 2454 728; x_wconf 60' lang='lat' dir='ltr'><strong>ﬁerfecm‘surft,</strong></span> <span class='ocrx_word' id='word_1_121' title='bbox 2473 644 2758 709; x_wconf 55' lang='lat' dir='ltr'><strong>custodire</strong></span> <span class='ocrx_word' id='word_1_122' title='bbox 2783 653 2855 707; x_wconf 89' lang='lat' dir='ltr'><strong>sit</strong></span> <span class='ocrx_word' id='word_1_123' title='bbox 2877 650 3079 721; x_wconf 81' lang='lat' dir='ltr'><strong>legem;</strong></span> <span class='ocrx_word' id='word_1_124' title='bbox 3102 666 3278 721; x_wconf 90' lang='lat' dir='ltr'><strong>neque</strong></span> <span class='ocrx_word' id='word_1_125' title='bbox 3301 654 3442 707; x_wconf 91' lang='lat' dir='ltr'><strong>enim</strong></span> <span class='ocrx_word' id='word_1_126' title='bbox 3474 653 3526 707; x_wconf 89' lang='lat' dir='ltr'><strong>in</strong></span> <span class='ocrx_word' id='word_1_127' title='bbox 3552 668 3621 708; x_wconf 91' lang='lat' dir='ltr'><strong>eo</strong></span> 
     </span>
    </p>
   </div>
   <div class='ocr_carea' id='block_1_20' title="bbox 2036 740 3620 817">
    <p class='ocr_par' dir='ltr' id='par_1_20' title="bbox 2036 740 3620 817">
     <span class='ocr_line' id='line_1_20' title="bbox 2036 740 3620 817; baseline -0.001 -19"><span class='ocrx_word' id='word_1_128' title='bbox 2036 744 2300 817; x_wconf 78' lang='lat' dir='ltr'><strong>perfectio</strong></span> <span class='ocrx_word' id='word_1_129' title='bbox 2320 752 2406 798; x_wconf 87' lang='lat' dir='ltr'><strong>est</strong></span> <span class='ocrx_word' id='word_1_130' title='bbox 2437 743 2482 798; x_wconf 89' lang='lat' dir='ltr'><strong>si</strong></span> <span class='ocrx_word' id='word_1_131' title='bbox 2527 751 2771 797; x_wconf 68' lang='lat' dir='ltr'><strong>cossetur</strong></span> <span class='ocrx_word' id='word_1_132' title='bbox 2805 757 2836 795; x_wconf 91' lang='lat' dir='ltr'><strong>a</strong></span> <span class='ocrx_word' id='word_1_133' title='bbox 2872 740 3039 805; x_wconf 89' lang='lat' dir='ltr'><strong>malo,</strong></span> <span class='ocrx_word' id='word_1_134' title='bbox 3086 741 3180 795; x_wconf 89' lang='lat' dir='ltr'><strong>sed</strong></span> <span class='ocrx_word' id='word_1_135' title='bbox 3210 742 3263 795; x_wconf 91' lang='lat' dir='ltr'><strong>in</strong></span> <span class='ocrx_word' id='word_1_136' title='bbox 3297 755 3364 797; x_wconf 90' lang='lat' dir='ltr'><strong>eo</strong></span> <span class='ocrx_word' id='word_1_137' title='bbox 3390 742 3435 798; x_wconf 89' lang='lat' dir='ltr'><strong>si</strong></span> <span class='ocrx_word' id='word_1_138' title='bbox 3458 757 3620 812; x_wconf 88' lang='lat' dir='ltr'><strong>agan-</strong></span> 
     </span>
    </p>
   </div>
   <div class='ocr_carea' id='block_1_21' title="bbox 2040 832 3618 902">
    <p class='ocr_par' dir='ltr' id='par_1_21' title="bbox 2040 832 3618 902">
     <span class='ocr_line' id='line_1_21' title="bbox 2040 832 3618 902; baseline -0.001 -13"><span class='ocrx_word' id='word_1_139' title='bbox 2040 845 2130 890; x_wconf 89' lang='lat' dir='ltr'><strong>tur</strong></span> <span class='ocrx_word' id='word_1_140' title='bbox 2155 834 2315 899; x_wconf 79' lang='lat' dir='ltr'><strong>bona,</strong></span> <span class='ocrx_word' id='word_1_141' title='bbox 2337 832 2493 901; x_wconf 82' lang='lat' dir='ltr'><strong>juxta</strong></span> <span class='ocrx_word' id='word_1_142' title='bbox 2527 832 3031 902; x_wconf 81' lang='lat' dir='ltr'><strong>Psalmographum,</strong></span> <span class='ocrx_word' id='word_1_143' title='bbox 3064 832 3156 901; x_wconf 88' lang='lat' dir='ltr'><strong>qui</strong></span> <span class='ocrx_word' id='word_1_144' title='bbox 3186 833 3263 887; x_wconf 89' lang='lat' dir='ltr'><strong>ait</strong></span> <span class='ocrx_word' id='word_1_145' title='bbox 3289 850 3304 886; x_wconf 90' lang='lat'><strong>:</strong></span> <span class='ocrx_word' id='word_1_146' title='bbox 3332 832 3551 888; x_wconf 79' lang='lat' dir='ltr'><strong>Declina</strong></span> <span class='ocrx_word' id='word_1_147' title='bbox 3584 852 3618 888; x_wconf 87' lang='lat' dir='ltr'><strong>a</strong></span> 
     </span>
    </p>
   </div>
   <div class='ocr_carea' id='block_1_22' title="bbox 2041 922 3618 996">
    <p class='ocr_par' dir='ltr' id='par_1_22' title="bbox 2041 922 3618 996">
     <span class='ocr_line' id='line_1_22' title="bbox 2041 922 3618 996; baseline 0.001 -16"><span class='ocrx_word' id='word_1_148' title='bbox 2041 925 2203 989; x_wconf 88' lang='lat' dir='ltr'><strong>malo,</strong></span> <span class='ocrx_word' id='word_1_149' title='bbox 2248 936 2295 979; x_wconf 89' lang='lat' dir='ltr'><strong>et</strong></span> <span class='ocrx_word' id='word_1_150' title='bbox 2319 926 2405 995; x_wconf 77' lang='lat' dir='ltr'><strong>fac</strong></span> <span class='ocrx_word' id='word_1_151' title='bbox 2444 926 2637 978; x_wconf 83' lang='lat' dir='ltr'><strong>bonum</strong></span> <span class='ocrx_word' id='word_1_152' title='bbox 2662 922 2834 996; x_wconf 86' lang='lat' dir='ltr'><strong>(Psal.</strong></span> <span class='ocrx_word' id='word_1_153' title='bbox 2862 922 3070 993; x_wconf 58' lang='grc' dir='ltr'>χχχιι).</span> <span class='ocrx_word' id='word_1_154' title='bbox 3104 922 3303 978; x_wconf 82' lang='lat' dir='ltr'><strong>Verum</strong></span> <span class='ocrx_word' id='word_1_155' title='bbox 3334 927 3618 981; x_wconf 87' lang='lat' dir='ltr'><strong>considera</strong></span> 
     </span>
    </p>
   </div>
   <div class='ocr_carea' id='block_1_23' title="bbox 2042 1011 3620 1083">
    <p class='ocr_par' dir='ltr' id='par_1_23' title="bbox 2042 1011 3620 1083">
     <span class='ocr_line' id='line_1_23' title="bbox 2042 1011 3620 1083; baseline 0.001 -15"><span class='ocrx_word' id='word_1_156' title='bbox 2042 1013 2087 1069; x_wconf 89' lang='lat' dir='ltr'><strong>si</strong></span> <span class='ocrx_word' id='word_1_157' title='bbox 2126 1014 2299 1083; x_wconf 90' lang='lat' dir='ltr'><strong>possit</strong></span> <span class='ocrx_word' id='word_1_158' title='bbox 2342 1014 2447 1066; x_wconf 86' lang='lat' dir='ltr'><strong>hoc</strong></span> <span class='ocrx_word' id='word_1_159' title='bbox 2487 1013 2542 1067; x_wconf 91' lang='lat' dir='ltr'><strong>in</strong></span> <span class='ocrx_word' id='word_1_160' title='bbox 2583 1012 2701 1067; x_wconf 91' lang='lat' dir='ltr'><strong>loco</strong></span> <span class='ocrx_word' id='word_1_161' title='bbox 2729 1020 2784 1067; x_wconf 93' lang='lat' dir='ltr'><strong>et</strong></span> <span class='ocrx_word' id='word_1_162' title='bbox 2833 1012 2921 1067; x_wconf 89' lang='lat' dir='ltr'><strong>ille</strong></span> <span class='ocrx_word' id='word_1_163' title='bbox 2960 1011 3265 1067; x_wconf 87' lang='lat' dir='ltr'><strong>intellectus</strong></span> <span class='ocrx_word' id='word_1_164' title='bbox 3296 1011 3528 1078; x_wconf 88' lang='lat' dir='ltr'><strong>admitti,</strong></span> <span class='ocrx_word' id='word_1_165' title='bbox 3560 1024 3620 1070; x_wconf 89' lang='lat' dir='ltr'><strong>ut</strong></span> 
     </span>
    </p>
   </div>
   <div class='ocr_carea' id='block_1_24' title="bbox 2040 1102 3621 1173">
    <p class='ocr_par' dir='ltr' id='par_1_24' title="bbox 2040 1102 3621 1173">
     <span class='ocr_line' id='line_1_24' title="bbox 2040 1102 3621 1173; baseline 0.001 -14"><span class='ocrx_word' id='word_1_166' title='bbox 2040 1104 2253 1159; x_wconf 85' lang='lat' dir='ltr'><strong>dicatur</strong></span> <span class='ocrx_word' id='word_1_167' title='bbox 2302 1103 2466 1158; x_wconf 86' lang='lat' dir='ltr'><strong>etiam</strong></span> <span class='ocrx_word' id='word_1_168' title='bbox 2500 1111 2623 1172; x_wconf 88' lang='lat' dir='ltr'><strong>post</strong></span> <span class='ocrx_word' id='word_1_169' title='bbox 2664 1103 2955 1158; x_wconf 87' lang='lat' dir='ltr'><strong>adventum</strong></span> <span class='ocrx_word' id='word_1_170' title='bbox 2995 1102 3195 1158; x_wconf 88' lang='lat' dir='ltr'><strong>Christi</strong></span> <span class='ocrx_word' id='word_1_171' title='bbox 3238 1104 3474 1173; x_wconf 73' lang='lat' dir='ltr'><strong>carnalis</strong></span> <span class='ocrx_word' id='word_1_172' title='bbox 3513 1107 3621 1161; x_wconf 85' lang='lat' dir='ltr'><strong>cir-</strong></span> 
     </span>
    </p>
   </div>
   <div class='ocr_carea' id='block_1_25' title="bbox 2041 1194 3624 1266">
    <p class='ocr_par' dir='ltr' id='par_1_25' title="bbox 2041 1194 3624 1266">
     <span class='ocr_line' id='line_1_25' title="bbox 2041 1194 3624 1266; baseline 0 -15"><span class='ocrx_word' id='word_1_173' title='bbox 2041 1196 2320 1260; x_wconf 90' lang='lat' dir='ltr'><strong>cumcisio,</strong></span> <span class='ocrx_word' id='word_1_174' title='bbox 2362 1212 2482 1265; x_wconf 68' lang='lat' dir='ltr'><strong>qum</strong></span> <span class='ocrx_word' id='word_1_175' title='bbox 2518 1210 2590 1249; x_wconf 12' lang='lat' dir='ltr'><strong>rex</strong></span> <span class='ocrx_word' id='word_1_176' title='bbox 2635 1195 2753 1266; x_wconf 85' lang='lat' dir='ltr'><strong>lege</strong></span> <span class='ocrx_word' id='word_1_177' title='bbox 2793 1194 3205 1261; x_wconf 87' lang='lat' dir='ltr'><strong>observabatur,</strong></span> <span class='ocrx_word' id='word_1_178' title='bbox 3230 1196 3485 1265; x_wconf 81' lang='lat' dir='ltr'><strong>prodesse</strong></span> <span class='ocrx_word' id='word_1_179' title='bbox 3522 1199 3624 1254; x_wconf 82' lang='lat' dir='ltr'><strong>ali-</strong></span> 
     </span>
    </p>
   </div>
   <div class='ocr_carea' id='block_1_26' title="bbox 2042 1282 3623 1358">
    <p class='ocr_par' dir='ltr' id='par_1_26' title="bbox 2042 1282 3623 1358">
     <span class='ocr_line' id='line_1_26' title="bbox 2042 1282 3623 1358; baseline 0.003 -18"><span class='ocrx_word' id='word_1_180' title='bbox 2042 1286 2173 1358; x_wconf 84' lang='lat' dir='ltr'><strong>quid</strong></span> <span class='ocrx_word' id='word_1_181' title='bbox 2204 1282 2632 1341; x_wconf 75' lang='lat' dir='ltr'><strong>cusiodientibus</strong></span> <span class='ocrx_word' id='word_1_182' title='bbox 2665 1286 2856 1357; x_wconf 74' lang='lat' dir='ltr'><strong>legem,</strong></span> <span class='ocrx_word' id='word_1_183' title='bbox 2889 1287 3186 1341; x_wconf 90' lang='lat' dir='ltr'><strong>secundum</strong></span> <span class='ocrx_word' id='word_1_184' title='bbox 3216 1287 3319 1342; x_wconf 90' lang='lat' dir='ltr'><strong>hoc</strong></span> <span class='ocrx_word' id='word_1_185' title='bbox 3348 1289 3493 1358; x_wconf 91' lang='lat' dir='ltr'><strong>quod</strong></span> <span class='ocrx_word' id='word_1_186' title='bbox 3519 1290 3623 1344; x_wconf 88' lang='lat' dir='ltr'><strong>ini-</strong></span> 
     </span>
    </p>
   </div>
   <div class='ocr_carea' id='block_1_27' title="bbox 2044 1359 3615 1453">
    <p class='ocr_par' dir='ltr' id='par_1_27' title="bbox 2044 1359 3615 1453">
     <span class='ocr_line' id='line_1_27' title="bbox 2044 1359 3615 1453; baseline 0.004 -24"><span class='ocrx_word' id='word_1_187' title='bbox 2044 1378 2119 1430; x_wconf 90' lang='lat' dir='ltr'><strong>tio</strong></span> <span class='ocrx_word' id='word_1_188' title='bbox 2145 1375 2267 1429; x_wconf 91' lang='lat' dir='ltr'><strong>ﬁdei</strong></span> <span class='ocrx_word' id='word_1_189' title='bbox 2299 1384 2497 1429; x_wconf 74' lang='lat' dir='ltr'><strong>nostrae</strong></span> <span class='ocrx_word' id='word_1_190' title='bbox 2536 1376 2713 1430; x_wconf 90' lang='lat' dir='ltr'><strong>adhuc</strong></span> <span class='ocrx_word' id='word_1_191' title='bbox 2738 1392 2768 1429; x_wconf 91' lang='lat' dir='ltr'><strong>a</strong></span> <span class='ocrx_word' id='word_1_192' title='bbox 2816 1377 3167 1432; x_wconf 88' lang='lat' dir='ltr'><strong>credentibus</strong></span> <span class='ocrx_word' id='word_1_193' title='bbox 3205 1359 3615 1453; x_wconf 74' lang='lat' dir='ltr'><strong>observabatur,</strong></span> 
     </span>
    </p>
   </div>
   <div class='ocr_carea' id='block_1_28' title="bbox 2042 1465 3614 1535">
    <p class='ocr_par' dir='ltr' id='par_1_28' title="bbox 2042 1465 3614 1535">
     <span class='ocr_line' id='line_1_28' title="bbox 2042 1465 3614 1535; baseline 0.003 -14"><span class='ocrx_word' id='word_1_194' title='bbox 2042 1474 2104 1521; x_wconf 91' lang='lat' dir='ltr'><strong>ut</strong></span> <span class='ocrx_word' id='word_1_195' title='bbox 2131 1467 2185 1521; x_wconf 90' lang='lat' dir='ltr'><strong>in</strong></span> <span class='ocrx_word' id='word_1_196' title='bbox 2210 1465 2431 1521; x_wconf 81' lang='lat' dir='ltr'><strong>Actibus</strong></span> <span class='ocrx_word' id='word_1_197' title='bbox 2453 1466 2817 1535; x_wconf 85' lang='lat' dir='ltr'><strong>apostolorum</strong></span> <span class='ocrx_word' id='word_1_198' title='bbox 2837 1466 3082 1533; x_wconf 86' lang='lat' dir='ltr'><strong>docetur,</strong></span> <span class='ocrx_word' id='word_1_199' title='bbox 3108 1468 3193 1523; x_wconf 88' lang='lat' dir='ltr'><strong>vel</strong></span> <span class='ocrx_word' id='word_1_200' title='bbox 3219 1468 3413 1524; x_wconf 86' lang='lat' dir='ltr'><strong>Petrus</strong></span> <span class='ocrx_word' id='word_1_201' title='bbox 3434 1471 3488 1525; x_wconf 91' lang='lat' dir='ltr'><strong>in</strong></span> <span class='ocrx_word' id='word_1_202' title='bbox 3509 1472 3614 1526; x_wconf 56' lang='lat' dir='ltr'><strong>dis.</strong></span> 
     </span>
    </p>
   </div>
   <div class='ocr_carea' id='block_1_29' title="bbox 2044 1557 3622 1632">
    <p class='ocr_par' dir='ltr' id='par_1_29' title="bbox 2044 1557 3622 1632">
     <span class='ocr_line' id='line_1_29' title="bbox 2044 1557 3622 1632; baseline 0.004 -20"><span class='ocrx_word' id='word_1_203' title='bbox 2044 1559 2285 1612; x_wconf 89' lang='lat' dir='ltr'><strong>cretione</strong></span> <span class='ocrx_word' id='word_1_204' title='bbox 2321 1558 2586 1621; x_wconf 89' lang='lat' dir='ltr'><strong>ciborum,</strong></span> <span class='ocrx_word' id='word_1_205' title='bbox 2628 1558 2720 1612; x_wconf 59' lang='lat' dir='ltr'><strong>vel</strong></span> <span class='ocrx_word' id='word_1_206' title='bbox 2764 1557 2964 1613; x_wconf 85' lang='lat' dir='ltr'><strong>Paulus</strong></span> <span class='ocrx_word' id='word_1_207' title='bbox 3011 1559 3064 1612; x_wconf 90' lang='lat' dir='ltr'><strong>in</strong></span> <span class='ocrx_word' id='word_1_208' title='bbox 3105 1560 3388 1616; x_wconf 86' lang='lat' dir='ltr'><strong>sacriﬁciis</strong></span> <span class='ocrx_word' id='word_1_209' title='bbox 3429 1577 3622 1632; x_wconf 85' lang='lat' dir='ltr'><strong>purga-</strong></span> 
     </span>
    </p>
   </div>
   <div class='ocr_carea' id='block_1_30' title="bbox 2044 1646 3625 1720">
    <p class='ocr_par' dir='ltr' id='par_1_30' title="bbox 2044 1646 3625 1720">
     <span class='ocr_line' id='line_1_30' title="bbox 2044 1646 3625 1720; baseline 0.004 -20"><span class='ocrx_word' id='word_1_210' title='bbox 2044 1647 2207 1702; x_wconf 86' lang='lat' dir='ltr'><strong>tionis</strong></span> <span class='ocrx_word' id='word_1_211' title='bbox 2248 1647 2464 1702; x_wconf 88' lang='lat' dir='ltr'><strong>fecisse.</strong></span> <span class='ocrx_word' id='word_1_212' title='bbox 2511 1646 2619 1702; x_wconf 86' lang='lat' dir='ltr'><strong>Sed</strong></span> <span class='ocrx_word' id='word_1_213' title='bbox 2651 1647 2778 1703; x_wconf 90' lang='lat' dir='ltr'><strong>illud</strong></span> <span class='ocrx_word' id='word_1_214' title='bbox 2810 1648 3193 1703; x_wconf 89' lang='lat' dir='ltr'><strong>attendendum</strong></span> <span class='ocrx_word' id='word_1_215' title='bbox 3241 1659 3325 1704; x_wconf 88' lang='lat' dir='ltr'><strong>est</strong></span> <span class='ocrx_word' id='word_1_216' title='bbox 3371 1652 3513 1720; x_wconf 88' lang='lat' dir='ltr'><strong>quod</strong></span> <span class='ocrx_word' id='word_1_217' title='bbox 3554 1652 3625 1713; x_wconf 87' lang='lat' dir='ltr'><strong>ad</strong></span> 
     </span>
    </p>
   </div>
   <div class='ocr_carea' id='block_1_31' title="bbox 2047 1736 3624 1810">
    <p class='ocr_par' dir='ltr' id='par_1_31' title="bbox 2047 1736 3624 1810">
     <span class='ocr_line' id='line_1_31' title="bbox 2047 1736 3624 1810; baseline 0.005 -17"><span class='ocrx_word' id='word_1_218' title='bbox 2047 1736 2267 1794; x_wconf 87' lang='lat' dir='ltr'><strong>Galatas</strong></span> <span class='ocrx_word' id='word_1_219' title='bbox 2303 1741 2570 1804; x_wconf 87' lang='lat' dir='ltr'><strong>scribens,</strong></span> <span class='ocrx_word' id='word_1_220' title='bbox 2611 1740 2725 1796; x_wconf 86' lang='lat' dir='ltr'><strong>ait:</strong></span> <span class='ocrx_word' id='word_1_221' title='bbox 2755 1739 2813 1794; x_wconf 91' lang='lat' dir='ltr'><strong>Si</strong></span> <span class='ocrx_word' id='word_1_222' title='bbox 2864 1742 3338 1810; x_wconf 85' lang='lat' dir='ltr'><strong>circumcidamim‘,</strong></span> <span class='ocrx_word' id='word_1_223' title='bbox 3384 1744 3624 1803; x_wconf 76' lang='lat' dir='ltr'><strong>Christus</strong></span> 
     </span>
    </p>
   </div>
   <div class='ocr_carea' id='block_1_32' title="bbox 376 1810 3626 1912">
    <p class='ocr_par' dir='ltr' id='par_1_32' title="bbox 376 1810 3626 1912">
     <span class='ocr_line' id='line_1_32' title="bbox 376 1810 3626 1912; baseline -0.002 -15"><span class='ocrx_word' id='word_1_224' title='bbox 376 1810 656 1912; x_wconf 63' lang='lat' dir='ltr'><strong>permities</strong></span> <span class='ocrx_word' id='word_1_225' title='bbox 691 1839 875 1895; x_wconf 86' lang='lat' dir='ltr'><strong>effluit.</strong></span> <span class='ocrx_word' id='word_1_226' title='bbox 899 1836 1056 1892; x_wconf 69' lang='lat' dir='ltr'><strong>Iesus</strong></span> <span class='ocrx_word' id='word_1_227' title='bbox 1080 1836 1222 1891; x_wconf 84' lang='lat' dir='ltr'><strong>ﬁlius</strong></span> <span class='ocrx_word' id='word_1_228' title='bbox 1252 1834 1420 1901; x_wconf 84' lang='lat' dir='ltr'><strong>Nave,</strong></span> <span class='ocrx_word' id='word_1_229' title='bbox 1444 1849 1512 1890; x_wconf 79' lang='lat' dir='ltr'><strong>ex</strong></span> <span class='ocrx_word' id='word_1_230' title='bbox 1551 1843 1821 1904; x_wconf 69' lang='lat' dir='ltr'><strong>prmcepto</strong></span> <span class='ocrx_word' id='word_1_231' title='bbox 1843 1833 1947 1888; x_wconf 88' lang='lat' dir='ltr'><strong>Do-</strong></span> <span class='ocrx_word' id='word_1_232' title='bbox 1972 1810 2019 1870; x_wconf 77' lang='lat' dir='ltr'><strong>B</strong></span> <span class='ocrx_word' id='word_1_233' title='bbox 2050 1829 2191 1884; x_wconf 84' lang='lat' dir='ltr'><strong>vobis</strong></span> <span class='ocrx_word' id='word_1_234' title='bbox 2233 1829 2365 1883; x_wconf 80' lang='lat' dir='ltr'><strong>nihil</strong></span> <span class='ocrx_word' id='word_1_235' title='bbox 2403 1830 2633 1900; x_wconf 87' lang='lat' dir='ltr'><strong>proderit</strong></span> <span class='ocrx_word' id='word_1_236' title='bbox 2676 1828 2877 1899; x_wconf 83' lang='lat' dir='ltr'><strong>(Calat.</strong></span> <span class='ocrx_word' id='word_1_237' title='bbox 2902 1829 2978 1899; x_wconf 85' lang='lat' dir='ltr'><strong>v).</strong></span> <span class='ocrx_word' id='word_1_238' title='bbox 3011 1831 3165 1897; x_wconf 81' lang='lat' dir='ltr'><strong>Quod</strong></span> <span class='ocrx_word' id='word_1_239' title='bbox 3204 1833 3277 1886; x_wconf 89' lang='lat' dir='ltr'><strong>ita</strong></span> <span class='ocrx_word' id='word_1_240' title='bbox 3313 1843 3389 1889; x_wconf 86' lang='lat' dir='ltr'><strong>est</strong></span> <span class='ocrx_word' id='word_1_241' title='bbox 3428 1835 3626 1890; x_wconf 87' lang='lat' dir='ltr'><strong>intelli-</strong></span> 
     </span>
    </p>
   </div>
   <div class='ocr_carea' id='block_1_33' title="bbox 378 1923 1949 2000">
    <p class='ocr_par' dir='ltr' id='par_1_33' title="bbox 378 1923 1949 2000">
     <span class='ocr_line' id='line_1_33' title="bbox 378 1923 1949 2000; baseline -0.006 -12"><span class='ocrx_word' id='word_1_242' title='bbox 378 1934 510 1988; x_wconf 88' lang='lat' dir='ltr'><strong>mini</strong></span> <span class='ocrx_word' id='word_1_243' title='bbox 573 1931 712 1986; x_wconf 91' lang='lat' dir='ltr'><strong>ﬁlios</strong></span> <span class='ocrx_word' id='word_1_244' title='bbox 760 1928 929 1985; x_wconf 85' lang='lat' dir='ltr'><strong>Israel</strong></span> <span class='ocrx_word' id='word_1_245' title='bbox 998 1927 1236 1983; x_wconf 85' lang='lat' dir='ltr'><strong>secundo</strong></span> <span class='ocrx_word' id='word_1_246' title='bbox 1287 1924 1694 1980; x_wconf 88' lang='lat' dir='ltr'><strong>circumcidisse</strong></span> <span class='ocrx_word' id='word_1_247' title='bbox 1759 1923 1949 2000; x_wconf 84' lang='lat' dir='ltr'><strong>cultris</strong></span> 
     </span>
    </p>
   </div>
   <div class='ocr_carea' id='block_1_34' title="bbox 378 2014 1950 2086">
    <p class='ocr_par' dir='ltr' id='par_1_34' title="bbox 378 2014 1950 2086">
     <span class='ocr_line' id='line_1_34' title="bbox 378 2014 1950 2086; baseline -0.005 -9"><span class='ocrx_word' id='word_1_248' title='bbox 378 2023 555 2078; x_wconf 79' lang='lat' dir='ltr'><strong>saxeis</strong></span> <span class='ocrx_word' id='word_1_249' title='bbox 604 2026 960 2083; x_wconf 88' lang='lat' dir='ltr'><strong>memoratur,</strong></span> <span class='ocrx_word' id='word_1_250' title='bbox 991 2016 1133 2086; x_wconf 91' lang='lat' dir='ltr'><strong>quod</strong></span> <span class='ocrx_word' id='word_1_251' title='bbox 1176 2016 1363 2085; x_wconf 86' lang='lat' dir='ltr'><strong>utique</strong></span> <span class='ocrx_word' id='word_1_252' title='bbox 1394 2022 1657 2085; x_wconf 88' lang='lat' dir='ltr'><strong>quantum</strong></span> <span class='ocrx_word' id='word_1_253' title='bbox 1695 2015 1762 2068; x_wconf 88' lang='lat' dir='ltr'><strong>ad</strong></span> <span class='ocrx_word' id='word_1_254' title='bbox 1807 2014 1950 2069; x_wconf 88' lang='lat' dir='ltr'><strong>litte-</strong></span> 
     </span>
    </p>
   </div>
   <div class='ocr_carea' id='block_1_35' title="bbox 381 2104 1987 2181">
    <p class='ocr_par' dir='ltr' id='par_1_35' title="bbox 381 2104 1987 2181">
     <span class='ocr_line' id='line_1_35' title="bbox 381 2104 1987 2181; baseline -0.006 -13"><span class='ocrx_word' id='word_1_255' title='bbox 381 2128 498 2168; x_wconf 86' lang='lat' dir='ltr'><strong>ram</strong></span> <span class='ocrx_word' id='word_1_256' title='bbox 524 2117 752 2181; x_wconf 83' lang='lat' dir='ltr'><strong>spectat,</strong></span> <span class='ocrx_word' id='word_1_257' title='bbox 789 2107 1121 2178; x_wconf 88' lang='lat' dir='ltr'><strong>impossibile</strong></span> <span class='ocrx_word' id='word_1_258' title='bbox 1151 2106 1295 2161; x_wconf 89' lang='lat' dir='ltr'><strong>factu</strong></span> <span class='ocrx_word' id='word_1_259' title='bbox 1323 2106 1568 2168; x_wconf 88' lang='lat' dir='ltr'><strong>videtur;</strong></span> <span class='ocrx_word' id='word_1_260' title='bbox 1601 2104 1770 2159; x_wconf 89' lang='lat' dir='ltr'><strong>semel</strong></span> <span class='ocrx_word' id='word_1_261' title='bbox 1798 2105 1947 2159; x_wconf 88' lang='lat' dir='ltr'><strong>enim</strong></span> <span class='ocrx_word' id='word_1_262' title='bbox 1970 2134 1987 2151; x_wconf 76' lang='grc' dir='ltr'><strong>ο</strong></span> 
     </span>
    </p>
   </div>
   <div class='ocr_carea' id='block_1_36' title="bbox 382 2195 1952 2268">
    <p class='ocr_par' dir='ltr' id='par_1_36' title="bbox 382 2195 1952 2268">
     <span class='ocr_line' id='line_1_36' title="bbox 382 2195 1952 2268; baseline -0.005 -10"><span class='ocrx_word' id='word_1_263' title='bbox 382 2202 737 2259; x_wconf 90' lang='lat' dir='ltr'><strong>circumcisus</strong></span> <span class='ocrx_word' id='word_1_264' title='bbox 758 2201 813 2255; x_wconf 91' lang='lat' dir='ltr'><strong>in</strong></span> <span class='ocrx_word' id='word_1_265' title='bbox 844 2211 1008 2254; x_wconf 89' lang='lat' dir='ltr'><strong>carne</strong></span> <span class='ocrx_word' id='word_1_266' title='bbox 1038 2198 1305 2268; x_wconf 74' lang='lat' dir='ltr'><strong>pneputii,</strong></span> <span class='ocrx_word' id='word_1_267' title='bbox 1333 2197 1461 2266; x_wconf 92' lang='lat' dir='ltr'><strong>quid</strong></span> <span class='ocrx_word' id='word_1_268' title='bbox 1502 2195 1744 2250; x_wconf 70' lang='lat' dir='ltr'><strong>invenire</strong></span> <span class='ocrx_word' id='word_1_269' title='bbox 1779 2196 1952 2266; x_wconf 90' lang='lat' dir='ltr'><strong>possit</strong></span> 
     </span>
    </p>
   </div>
   <div class='ocr_carea' id='block_1_37' title="bbox 383 2285 1953 2358">
    <p class='ocr_par' dir='ltr' id='par_1_37' title="bbox 383 2285 1953 2358">
     <span class='ocr_line' id='line_1_37' title="bbox 383 2285 1953 2358; baseline -0.004 -11"><span class='ocrx_word' id='word_1_270' title='bbox 383 2293 619 2347; x_wconf 87' lang='lat' dir='ltr'><strong>secundo</strong></span> <span class='ocrx_word' id='word_1_271' title='bbox 653 2290 993 2346; x_wconf 88' lang='lat' dir='ltr'><strong>circumcisio</strong></span> <span class='ocrx_word' id='word_1_272' title='bbox 1018 2289 1162 2358; x_wconf 87' lang='lat' dir='ltr'><strong>quod</strong></span> <span class='ocrx_word' id='word_1_273' title='bbox 1209 2287 1482 2342; x_wconf 82' lang='lat' dir='ltr'><strong>auferret?</strong></span> <span class='ocrx_word' id='word_1_274' title='bbox 1507 2287 1614 2342; x_wconf 90' lang='lat' dir='ltr'><strong>Sed</strong></span> <span class='ocrx_word' id='word_1_275' title='bbox 1656 2287 1798 2342; x_wconf 87' lang='lat' dir='ltr'><strong>hanc</strong></span> <span class='ocrx_word' id='word_1_276' title='bbox 1820 2285 1953 2340; x_wconf 81' lang='lat' dir='ltr'><strong>diﬁi—</strong></span> 
     </span>
    </p>
   </div>
   <div class='ocr_carea' id='block_1_38' title="bbox 383 2378 1951 2450">
    <p class='ocr_par' dir='ltr' id='par_1_38' title="bbox 383 2378 1951 2450">
     <span class='ocr_line' id='line_1_38' title="bbox 383 2378 1951 2450; baseline -0.003 -12"><span class='ocrx_word' id='word_1_277' title='bbox 383 2384 637 2438; x_wconf 85' lang='lat' dir='ltr'><strong>cultatem</strong></span> <span class='ocrx_word' id='word_1_278' title='bbox 665 2381 857 2436; x_wconf 89' lang='lat' dir='ltr'><strong>melius</strong></span> <span class='ocrx_word' id='word_1_279' title='bbox 885 2381 1101 2450; x_wconf 90' lang='lat' dir='ltr'><strong>quidam</strong></span> <span class='ocrx_word' id='word_1_280' title='bbox 1130 2378 1381 2449; x_wconf 81' lang='lat' dir='ltr'><strong>explanat</strong></span> <span class='ocrx_word' id='word_1_281' title='bbox 1406 2379 1590 2433; x_wconf 88' lang='lat' dir='ltr'><strong>dicens</strong></span> <span class='ocrx_word' id='word_1_282' title='bbox 1623 2396 1636 2431; x_wconf 90' lang='lat'><strong>:</strong></span> <span class='ocrx_word' id='word_1_283' title='bbox 1664 2379 1862 2434; x_wconf 80' lang='lat' dir='ltr'><strong>Verum</strong></span> <span class='ocrx_word' id='word_1_284' title='bbox 1885 2378 1951 2433; x_wconf 87' lang='lat' dir='ltr'><strong>de</strong></span> 
     </span>
    </p>
   </div>
   <div class='ocr_carea' id='block_1_39' title="bbox 384 2468 1953 2541">
    <p class='ocr_par' dir='ltr' id='par_1_39' title="bbox 384 2468 1953 2541">
     <span class='ocr_line' id='line_1_39' title="bbox 384 2468 1953 2541; baseline -0.002 -14"><span class='ocrx_word' id='word_1_285' title='bbox 384 2472 792 2527; x_wconf 89' lang='lat' dir='ltr'><strong>circumcisione</strong></span> <span class='ocrx_word' id='word_1_286' title='bbox 818 2470 943 2541; x_wconf 88' lang='lat' dir='ltr'><strong>quia</strong></span> <span class='ocrx_word' id='word_1_287' title='bbox 975 2484 1153 2525; x_wconf 87' lang='lat' dir='ltr'><strong>sermo</strong></span> <span class='ocrx_word' id='word_1_288' title='bbox 1177 2476 1261 2523; x_wconf 91' lang='lat' dir='ltr'><strong>est</strong></span> <span class='ocrx_word' id='word_1_289' title='bbox 1308 2468 1441 2523; x_wconf 90' lang='lat' dir='ltr'><strong>libet</strong></span> <span class='ocrx_word' id='word_1_290' title='bbox 1481 2468 1756 2537; x_wconf 89' lang='lat' dir='ltr'><strong>inquirere</strong></span> <span class='ocrx_word' id='word_1_291' title='bbox 1783 2483 1953 2538; x_wconf 89' lang='lat' dir='ltr'><strong>quare</strong></span> 
     </span>
    </p>
   </div>
   <div class='ocr_carea' id='block_1_40' title="bbox 384 2551 1951 2633">
    <p class='ocr_par' dir='ltr' id='par_1_40' title="bbox 384 2551 1951 2633">
     <span class='ocr_line' id='line_1_40' title="bbox 384 2551 1951 2633; baseline -0.001 -19"><span class='ocrx_word' id='word_1_292' title='bbox 384 2562 592 2633; x_wconf 81' lang='lat' dir='ltr'><strong>Moyses</strong></span> <span class='ocrx_word' id='word_1_293' title='bbox 630 2561 762 2632; x_wconf 89' lang='lat' dir='ltr'><strong>ipse,</strong></span> <span class='ocrx_word' id='word_1_294' title='bbox 796 2561 889 2630; x_wconf 90' lang='lat' dir='ltr'><strong>qui</strong></span> <span class='ocrx_word' id='word_1_295' title='bbox 934 2561 1109 2630; x_wconf 86' lang='lat' dir='ltr'><strong>legem</strong></span> <span class='ocrx_word' id='word_1_296' title='bbox 1153 2558 1584 2614; x_wconf 88' lang='lat' dir='ltr'><strong>circumcisionis</strong></span> <span class='ocrx_word' id='word_1_297' title='bbox 1627 2551 1951 2628; x_wconf 64' lang='lat' dir='ltr'><strong>patribus&#39;a</strong></span> 
     </span>
    </p>
   </div>
   <div class='ocr_carea' id='block_1_41' title="bbox 384 2647 1952 2715">
    <p class='ocr_par' dir='ltr' id='par_1_41' title="bbox 384 2647 1952 2715">
     <span class='ocr_line' id='line_1_41' title="bbox 384 2647 1952 2715; baseline -0.002 -9"><span class='ocrx_word' id='word_1_298' title='bbox 384 2652 494 2707; x_wconf 88' lang='lat' dir='ltr'><strong>Deo</strong></span> <span class='ocrx_word' id='word_1_299' title='bbox 529 2652 708 2707; x_wconf 90' lang='lat' dir='ltr'><strong>datam</strong></span> <span class='ocrx_word' id='word_1_300' title='bbox 737 2658 793 2704; x_wconf 90' lang='lat' dir='ltr'><strong>et</strong></span> <span class='ocrx_word' id='word_1_301' title='bbox 826 2650 929 2704; x_wconf 88' lang='lat' dir='ltr'><strong>sibi</strong></span> <span class='ocrx_word' id='word_1_302' title='bbox 955 2650 1115 2704; x_wconf 89' lang='lat' dir='ltr'><strong>toties</strong></span> <span class='ocrx_word' id='word_1_303' title='bbox 1146 2649 1467 2715; x_wconf 71' lang='lat' dir='ltr'><strong>inculcatam</strong></span> <span class='ocrx_word' id='word_1_304' title='bbox 1498 2647 1688 2715; x_wconf 81' lang='lat' dir='ltr'><strong>refert,</strong></span> <span class='ocrx_word' id='word_1_305' title='bbox 1715 2655 1830 2704; x_wconf 87' lang='lat' dir='ltr'><strong>toto</strong></span> <span class='ocrx_word' id='word_1_306' title='bbox 1857 2648 1952 2703; x_wconf 87' lang='lat' dir='ltr'><strong>du-</strong></span> 
     </span>
    </p>
   </div>
   <div class='ocr_carea' id='block_1_42' title="bbox 382 2710 1949 2809">
    <p class='ocr_par' dir='ltr' id='par_1_42' title="bbox 382 2710 1949 2809">
     <span class='ocr_line' id='line_1_42' title="bbox 382 2710 1949 2809; baseline -0.003 -13"><span class='ocrx_word' id='word_1_307' title='bbox 382 2748 536 2801; x_wconf 81' lang='lat' dir='ltr'><strong>catus</strong></span> <span class='ocrx_word' id='word_1_308' title='bbox 581 2741 665 2796; x_wconf 89' lang='lat' dir='ltr'><strong>sui</strong></span> <span class='ocrx_word' id='word_1_309' title='bbox 723 2749 964 2809; x_wconf 88' lang='lat' dir='ltr'><strong>tempore</strong></span> <span class='ocrx_word' id='word_1_310' title='bbox 1013 2710 1321 2793; x_wconf 65' lang='lat' dir='ltr'><strong>neminem.</strong></span> <span class='ocrx_word' id='word_1_311' title='bbox 1338 2737 1652 2808; x_wconf 81' lang='lat' dir='ltr'><strong>circumcidi</strong></span> <span class='ocrx_word' id='word_1_312' title='bbox 1701 2737 1949 2803; x_wconf 89' lang='lat' dir='ltr'><strong>voluerit,</strong></span> 
     </span>
    </p>
   </div>
   <div class='ocr_carea' id='block_1_43' title="bbox 381 2826 1951 2900">
    <p class='ocr_par' dir='ltr' id='par_1_43' title="bbox 381 2826 1951 2900">
     <span class='ocr_line' id='line_1_43' title="bbox 381 2826 1951 2900; baseline -0.001 -17"><span class='ocrx_word' id='word_1_313' title='bbox 381 2841 579 2900; x_wconf 72' lang='lat' dir='ltr'><strong>prmter</strong></span> <span class='ocrx_word' id='word_1_314' title='bbox 600 2845 763 2884; x_wconf 91' lang='lat' dir='ltr'><strong>unum</strong></span> <span class='ocrx_word' id='word_1_315' title='bbox 787 2828 1122 2885; x_wconf 88' lang='lat' dir='ltr'><strong>solummodo</strong></span> <span class='ocrx_word' id='word_1_316' title='bbox 1143 2827 1312 2882; x_wconf 89' lang='lat' dir='ltr'><strong>ﬁlium</strong></span> <span class='ocrx_word' id='word_1_317' title='bbox 1340 2843 1494 2883; x_wconf 88' lang='lat' dir='ltr'><strong>suum</strong></span> <span class='ocrx_word' id='word_1_318' title='bbox 1521 2826 1765 2892; x_wconf 86' lang='lat' dir='ltr'><strong>Gersam,</strong></span> <span class='ocrx_word' id='word_1_319' title='bbox 1791 2843 1951 2897; x_wconf 88' lang='lat' dir='ltr'><strong>quem</strong></span> 
     </span>
    </p>
   </div>
   <div class='ocr_carea' id='block_1_44' title="bbox 382 2919 1953 2991">
    <p class='ocr_par' dir='ltr' id='par_1_44' title="bbox 382 2919 1953 2991">
     <span class='ocr_line' id='line_1_44' title="bbox 382 2919 1953 2991; baseline -0.002 -15"><span class='ocrx_word' id='word_1_320' title='bbox 382 2929 558 2976; x_wconf 88' lang='lat' dir='ltr'><strong>mater</strong></span> <span class='ocrx_word' id='word_1_321' title='bbox 583 2920 828 2991; x_wconf 89' lang='lat' dir='ltr'><strong>Sephora</strong></span> <span class='ocrx_word' id='word_1_322' title='bbox 864 2929 1076 2991; x_wconf 88' lang='lat' dir='ltr'><strong>arrepta</strong></span> <span class='ocrx_word' id='word_1_323' title='bbox 1109 2927 1262 2991; x_wconf 88' lang='lat' dir='ltr'><strong>petra</strong></span> <span class='ocrx_word' id='word_1_324' title='bbox 1297 2919 1634 2982; x_wconf 88' lang='lat' dir='ltr'><strong>acutissima,</strong></span> <span class='ocrx_word' id='word_1_325' title='bbox 1668 2932 1737 2972; x_wconf 90' lang='lat' dir='ltr'><strong>ne</strong></span> <span class='ocrx_word' id='word_1_326' title='bbox 1783 2932 1815 2971; x_wconf 90' lang='lat' dir='ltr'><strong>a</strong></span> <span class='ocrx_word' id='word_1_327' title='bbox 1849 2919 1953 2973; x_wconf 83' lang='lat' dir='ltr'><strong>Do-</strong></span> 
     </span>
    </p>
   </div>
   <div class='ocr_carea' id='block_1_45' title="bbox 383 3010 1952 3081">
    <p class='ocr_par' dir='ltr' id='par_1_45' title="bbox 383 3010 1952 3081">
     <span class='ocr_line' id='line_1_45' title="bbox 383 3010 1952 3081; baseline -0.002 -13"><span class='ocrx_word' id='word_1_328' title='bbox 383 3013 533 3068; x_wconf 88' lang='lat' dir='ltr'><strong>mino</strong></span> <span class='ocrx_word' id='word_1_329' title='bbox 561 3011 838 3078; x_wconf 90' lang='lat' dir='ltr'><strong>feriretur,</strong></span> <span class='ocrx_word' id='word_1_330' title='bbox 862 3013 1241 3068; x_wconf 88' lang='lat' dir='ltr'><strong>circumcidit?</strong></span> <span class='ocrx_word' id='word_1_331' title='bbox 1263 3010 1322 3066; x_wconf 90' lang='lat' dir='ltr'><strong>Si</strong></span> <span class='ocrx_word' id='word_1_332' title='bbox 1351 3026 1537 3067; x_wconf 90' lang='lat' dir='ltr'><strong>omnes</strong></span> <span class='ocrx_word' id='word_1_333' title='bbox 1565 3010 1654 3081; x_wconf 90' lang='lat' dir='ltr'><strong>qui</strong></span> <span class='ocrx_word' id='word_1_334' title='bbox 1688 3011 1740 3065; x_wconf 89' lang='lat' dir='ltr'><strong>in</strong></span> <span class='ocrx_word' id='word_1_335' title='bbox 1769 3015 1952 3065; x_wconf 80' lang='lat' dir='ltr'><strong>eremo</strong></span> 
     </span>
    </p>
   </div>
   <div class='ocr_carea' id='block_1_46' title="bbox 382 3099 1947 3170">
    <p class='ocr_par' dir='ltr' id='par_1_46' title="bbox 382 3099 1947 3170">
     <span class='ocr_line' id='line_1_46' title="bbox 382 3099 1947 3170; baseline -0.002 -12"><span class='ocrx_word' id='word_1_336' title='bbox 382 3103 495 3158; x_wconf 86' lang='lat' dir='ltr'><strong>nati</strong></span> <span class='ocrx_word' id='word_1_337' title='bbox 526 3109 652 3157; x_wconf 91' lang='lat' dir='ltr'><strong>sunt</strong></span> <span class='ocrx_word' id='word_1_338' title='bbox 675 3118 707 3157; x_wconf 90' lang='lat' dir='ltr'><strong>a</strong></span> <span class='ocrx_word' id='word_1_339' title='bbox 734 3099 897 3157; x_wconf 87' lang='lat' dir='ltr'><strong>Josue</strong></span> <span class='ocrx_word' id='word_1_340' title='bbox 926 3101 1389 3157; x_wconf 88' lang='lat' dir='ltr'><strong>circumcidendos</strong></span> <span class='ocrx_word' id='word_1_341' title='bbox 1420 3100 1719 3170; x_wconf 84' lang='lat' dir='ltr'><strong>reliquerit,</strong></span> <span class='ocrx_word' id='word_1_342' title='bbox 1742 3115 1947 3156; x_wconf 89' lang='lat' dir='ltr'><strong>morem</strong></span> 
     </span>
    </p>
   </div>
   <div class='ocr_carea' id='block_1_47' title="bbox 2048 1919 3627 1993">
    <p class='ocr_par' dir='ltr' id='par_1_47' title="bbox 2048 1919 3627 1993">
     <span class='ocr_line' id='line_1_47' title="bbox 2048 1919 3627 1993; baseline 0.004 -18"><span class='ocrx_word' id='word_1_343' title='bbox 2048 1922 2300 1992; x_wconf 88' lang='lat' dir='ltr'><strong>gendum,</strong></span> <span class='ocrx_word' id='word_1_344' title='bbox 2329 1921 2475 1990; x_wconf 90' lang='lat' dir='ltr'><strong>quod</strong></span> <span class='ocrx_word' id='word_1_345' title='bbox 2507 1921 2641 1975; x_wconf 89' lang='lat' dir='ltr'><strong>nihil</strong></span> <span class='ocrx_word' id='word_1_346' title='bbox 2669 1919 2888 1990; x_wconf 88' lang='lat' dir='ltr'><strong>prodest</strong></span> <span class='ocrx_word' id='word_1_347' title='bbox 2928 1921 3274 1977; x_wconf 90' lang='lat' dir='ltr'><strong>circumcisio</strong></span> <span class='ocrx_word' id='word_1_348' title='bbox 3312 1924 3399 1978; x_wconf 91' lang='lat' dir='ltr'><strong>his</strong></span> <span class='ocrx_word' id='word_1_349' title='bbox 3425 1925 3516 1993; x_wconf 90' lang='lat' dir='ltr'><strong>qui</strong></span> <span class='ocrx_word' id='word_1_350' title='bbox 3558 1942 3627 1981; x_wconf 83' lang='lat' dir='ltr'><strong>ex</strong></span> 
     </span>
    </p>
   </div>
   <div class='ocr_carea' id='block_1_48' title="bbox 2047 2009 3623 2083">
    <p class='ocr_par' dir='ltr' id='par_1_48' title="bbox 2047 2009 3623 2083">
     <span class='ocr_line' id='line_1_48' title="bbox 2047 2009 3623 2083; baseline 0.006 -20"><span class='ocrx_word' id='word_1_351' title='bbox 2047 2023 2113 2063; x_wconf 90' lang='lat' dir='ltr'><strong>ea</strong></span> <span class='ocrx_word' id='word_1_352' title='bbox 2140 2016 2335 2078; x_wconf 89' lang='lat' dir='ltr'><strong>putant</strong></span> <span class='ocrx_word' id='word_1_353' title='bbox 2365 2009 2566 2080; x_wconf 89' lang='lat' dir='ltr'><strong>aliquid</strong></span> <span class='ocrx_word' id='word_1_354' title='bbox 2587 2010 2992 2081; x_wconf 79' lang='lat' dir='ltr'><strong>justiﬁeationis</strong></span> <span class='ocrx_word' id='word_1_355' title='bbox 3027 2014 3251 2079; x_wconf 89' lang='lat' dir='ltr'><strong>assumi,</strong></span> <span class='ocrx_word' id='word_1_356' title='bbox 3277 2016 3501 2083; x_wconf 88' lang='lat' dir='ltr'><strong>prodest</strong></span> <span class='ocrx_word' id='word_1_357' title='bbox 3524 2033 3623 2072; x_wconf 78' lang='lat' dir='ltr'><strong>au-</strong></span> 
     </span>
    </p>
   </div>
   <div class='ocr_carea' id='block_1_49' title="bbox 2048 2100 3629 2169">
    <p class='ocr_par' dir='ltr' id='par_1_49' title="bbox 2048 2100 3629 2169">
     <span class='ocr_line' id='line_1_49' title="bbox 2048 2100 3629 2169; baseline 0.006 -15"><span class='ocrx_word' id='word_1_358' title='bbox 2048 2107 2158 2154; x_wconf 88' lang='lat' dir='ltr'><strong>tem</strong></span> <span class='ocrx_word' id='word_1_359' title='bbox 2180 2100 2266 2154; x_wconf 90' lang='lat' dir='ltr'><strong>his</strong></span> <span class='ocrx_word' id='word_1_360' title='bbox 2289 2100 2380 2169; x_wconf 85' lang='lat' dir='ltr'><strong>qui</strong></span> <span class='ocrx_word' id='word_1_361' title='bbox 2414 2111 2607 2169; x_wconf 88' lang='lat' dir='ltr'><strong>putant</strong></span> <span class='ocrx_word' id='word_1_362' title='bbox 2644 2102 2744 2156; x_wconf 88' lang='lat' dir='ltr'><strong>sibi</strong></span> <span class='ocrx_word' id='word_1_363' title='bbox 2774 2104 2840 2157; x_wconf 88' lang='lat' dir='ltr'><strong>ad</strong></span> <span class='ocrx_word' id='word_1_364' title='bbox 2860 2103 3137 2158; x_wconf 87' lang='lat' dir='ltr'><strong>Christum</strong></span> <span class='ocrx_word' id='word_1_365' title='bbox 3167 2105 3489 2161; x_wconf 86' lang='lat' dir='ltr'><strong>veniendum</strong></span> <span class='ocrx_word' id='word_1_366' title='bbox 3518 2124 3629 2164; x_wconf 85' lang='lat' dir='ltr'><strong>non</strong></span> 
     </span>
    </p>
   </div>
   <div class='ocr_carea' id='block_1_50' title="bbox 2049 2190 3627 2254">
    <p class='ocr_par' dir='ltr' id='par_1_50' title="bbox 2049 2190 3627 2254">
     <span class='ocr_line' id='line_1_50' title="bbox 2049 2190 3627 2254; baseline 0.005 -9"><span class='ocrx_word' id='word_1_367' title='bbox 2049 2205 2171 2246; x_wconf 90' lang='lat' dir='ltr'><strong>esse</strong></span> <span class='ocrx_word' id='word_1_368' title='bbox 2198 2191 2242 2245; x_wconf 92' lang='lat' dir='ltr'><strong>si</strong></span> <span class='ocrx_word' id='word_1_369' title='bbox 2273 2191 2355 2246; x_wconf 90' lang='lat' dir='ltr'><strong>eis</strong></span> <span class='ocrx_word' id='word_1_370' title='bbox 2390 2190 2778 2247; x_wconf 87' lang='lat' dir='ltr'><strong>circumcidere</strong></span> <span class='ocrx_word' id='word_1_371' title='bbox 2812 2192 2951 2248; x_wconf 91' lang='lat' dir='ltr'><strong>ﬁlios</strong></span> <span class='ocrx_word' id='word_1_372' title='bbox 2976 2194 3261 2248; x_wconf 87' lang='lat' dir='ltr'><strong>vitaretur.</strong></span> <span class='ocrx_word' id='word_1_373' title='bbox 3285 2196 3455 2252; x_wconf 86' lang='lat' dir='ltr'><strong>Erant</strong></span> <span class='ocrx_word' id='word_1_374' title='bbox 3480 2198 3627 2254; x_wconf 88' lang='lat' dir='ltr'><strong>enim</strong></span> 
     </span>
    </p>
   </div>
   <div class='ocr_carea' id='block_1_51' title="bbox 2050 2280 3631 2356">
    <p class='ocr_par' dir='ltr' id='par_1_51' title="bbox 2050 2280 3631 2356">
     <span class='ocr_line' id='line_1_51' title="bbox 2050 2280 3631 2356; baseline 0.006 -23"><span class='ocrx_word' id='word_1_375' title='bbox 2050 2280 2293 2334; x_wconf 90' lang='lat' dir='ltr'><strong>nonnulli</strong></span> <span class='ocrx_word' id='word_1_376' title='bbox 2324 2282 2380 2335; x_wconf 92' lang='lat' dir='ltr'><strong>in</strong></span> <span class='ocrx_word' id='word_1_377' title='bbox 2410 2280 2582 2335; x_wconf 89' lang='lat' dir='ltr'><strong>initiis</strong></span> <span class='ocrx_word' id='word_1_378' title='bbox 2605 2282 2698 2350; x_wconf 89' lang='lat' dir='ltr'><strong>qui</strong></span> <span class='ocrx_word' id='word_1_379' title='bbox 2733 2282 3201 2339; x_wconf 88' lang='lat' dir='ltr'><strong>circumcisionem</strong></span> <span class='ocrx_word' id='word_1_380' title='bbox 3233 2284 3382 2340; x_wconf 87' lang='lat' dir='ltr'><strong>velut</strong></span> <span class='ocrx_word' id='word_1_381' title='bbox 3417 2286 3631 2356; x_wconf 82' lang='lat' dir='ltr'><strong>insigne</strong></span> 
     </span>
    </p>
   </div>
   <div class='ocr_carea' id='block_1_52' title="bbox 2050 2370 3629 2442">
    <p class='ocr_par' dir='ltr' id='par_1_52' title="bbox 2050 2370 3629 2442">
     <span class='ocr_line' id='line_1_52' title="bbox 2050 2370 3629 2442; baseline 0.007 -22"><span class='ocrx_word' id='word_1_382' title='bbox 2050 2370 2396 2424; x_wconf 84' lang='lat' dir='ltr'><strong>vernaculum</strong></span> <span class='ocrx_word' id='word_1_383' title='bbox 2446 2371 2624 2441; x_wconf 88' lang='lat' dir='ltr'><strong>gentis</strong></span> <span class='ocrx_word' id='word_1_384' title='bbox 2660 2386 2770 2425; x_wconf 69' lang='lat' dir='ltr'><strong>sua:</strong></span> <span class='ocrx_word' id='word_1_385' title='bbox 2809 2372 2975 2426; x_wconf 91' lang='lat' dir='ltr'><strong>nimio</strong></span> <span class='ocrx_word' id='word_1_386' title='bbox 3005 2385 3192 2427; x_wconf 87' lang='lat' dir='ltr'><strong>amore</strong></span> <span class='ocrx_word' id='word_1_387' title='bbox 3224 2384 3526 2442; x_wconf 75' lang='lat' dir='ltr'><strong>servarent,</strong></span> <span class='ocrx_word' id='word_1_388' title='bbox 3571 2386 3629 2431; x_wconf 87' lang='lat' dir='ltr'><strong>ct</strong></span> 
     </span>
    </p>
   </div>
   <div class='ocr_carea' id='block_1_53' title="bbox 2050 2462 3628 2538">
    <p class='ocr_par' dir='ltr' id='par_1_53' title="bbox 2050 2462 3628 2538">
     <span class='ocr_line' id='line_1_53' title="bbox 2050 2462 3628 2538; baseline 0.004 -21"><span class='ocrx_word' id='word_1_389' title='bbox 2050 2462 2300 2533; x_wconf 88' lang='lat' dir='ltr'><strong>impediri</strong></span> <span class='ocrx_word' id='word_1_390' title='bbox 2329 2465 2650 2520; x_wconf 88' lang='lat' dir='ltr'><strong>videbantur</strong></span> <span class='ocrx_word' id='word_1_391' title='bbox 2691 2480 2721 2519; x_wconf 91' lang='lat' dir='ltr'><strong>a</strong></span> <span class='ocrx_word' id='word_1_392' title='bbox 2758 2466 2882 2532; x_wconf 87' lang='lat' dir='ltr'><strong>ﬁde,</strong></span> <span class='ocrx_word' id='word_1_393' title='bbox 2914 2467 2959 2523; x_wconf 91' lang='lat' dir='ltr'><strong>si</strong></span> <span class='ocrx_word' id='word_1_394' title='bbox 2983 2466 3088 2522; x_wconf 89' lang='lat' dir='ltr'><strong>hoc</strong></span> <span class='ocrx_word' id='word_1_395' title='bbox 3127 2467 3208 2523; x_wconf 90' lang='lat' dir='ltr'><strong>eis</strong></span> <span class='ocrx_word' id='word_1_396' title='bbox 3234 2468 3497 2523; x_wconf 89' lang='lat' dir='ltr'><strong>vitaretur</strong></span> <span class='ocrx_word' id='word_1_397' title='bbox 3520 2485 3628 2538; x_wconf 87' lang='lat' dir='ltr'><strong>quo</strong></span> 
     </span>
    </p>
   </div>
   <div class='ocr_carea' id='block_1_54' title="bbox 2050 2556 3622 2630">
    <p class='ocr_par' dir='ltr' id='par_1_54' title="bbox 2050 2556 3622 2630">
     <span class='ocr_line' id='line_1_54' title="bbox 2050 2556 3622 2630; baseline 0.003 -21"><span class='ocrx_word' id='word_1_398' title='bbox 2050 2569 2238 2610; x_wconf 85' lang='lat' dir='ltr'><strong>carere</strong></span> <span class='ocrx_word' id='word_1_399' title='bbox 2275 2572 2382 2612; x_wconf 91' lang='lat' dir='ltr'><strong>non</strong></span> <span class='ocrx_word' id='word_1_400' title='bbox 2429 2565 2699 2626; x_wconf 88' lang='lat' dir='ltr'><strong>poterant.</strong></span> <span class='ocrx_word' id='word_1_401' title='bbox 2751 2556 3093 2613; x_wconf 82' lang='lat' dir='ltr'><strong>Circumcisio</strong></span> <span class='ocrx_word' id='word_1_402' title='bbox 3137 2558 3345 2630; x_wconf 83' lang='lat' dir='ltr'><strong>quidem</strong></span> <span class='ocrx_word' id='word_1_403' title='bbox 3393 2560 3622 2630; x_wconf 76' lang='lat' dir='ltr'><strong>prodest.</strong></span> 
     </span>
    </p>
   </div>
   <div class='ocr_carea' id='block_1_55' title="bbox 2050 2643 3626 2721">
    <p class='ocr_par' dir='ltr' id='par_1_55' title="bbox 2050 2643 3626 2721">
     <span class='ocr_line' id='line_1_55' title="bbox 2050 2643 3626 2721; baseline 0.005 -22"><span class='ocrx_word' id='word_1_404' title='bbox 2050 2643 2233 2702; x_wconf 88' lang='lat' dir='ltr'><strong>Potest</strong></span> <span class='ocrx_word' id='word_1_405' title='bbox 2276 2647 2384 2704; x_wconf 90' lang='lat' dir='ltr'><strong>dici</strong></span> <span class='ocrx_word' id='word_1_406' title='bbox 2410 2664 2441 2704; x_wconf 89' lang='lat' dir='ltr'><strong>e</strong></span> <span class='ocrx_word' id='word_1_407' title='bbox 2475 2657 2667 2704; x_wconf 90' lang='lat' dir='ltr'><strong>contra</strong></span> <span class='ocrx_word' id='word_1_408' title='bbox 2701 2667 2713 2702; x_wconf 90' lang='lat'><strong>:</strong></span> <span class='ocrx_word' id='word_1_409' title='bbox 2745 2648 2804 2704; x_wconf 90' lang='lat' dir='ltr'><strong>Si</strong></span> <span class='ocrx_word' id='word_1_410' title='bbox 2848 2651 3091 2719; x_wconf 87' lang='lat' dir='ltr'><strong>prodest,</strong></span> <span class='ocrx_word' id='word_1_411' title='bbox 3122 2666 3222 2706; x_wconf 90' lang='lat' dir='ltr'><strong>cur</strong></span> <span class='ocrx_word' id='word_1_412' title='bbox 3260 2653 3626 2721; x_wconf 75' lang='lat' dir='ltr'><strong>pranermitti-</strong></span> 
     </span>
    </p>
   </div>
   <div class='ocr_carea' id='block_1_56' title="bbox 2050 2735 3626 2813">
    <p class='ocr_par' dir='ltr' id='par_1_56' title="bbox 2050 2735 3626 2813">
     <span class='ocr_line' id='line_1_56' title="bbox 2050 2735 3626 2813; baseline 0.003 -22"><span class='ocrx_word' id='word_1_413' title='bbox 2050 2737 2171 2791; x_wconf 82' lang='lat' dir='ltr'><strong>tur?</strong></span> <span class='ocrx_word' id='word_1_414' title='bbox 2197 2735 2302 2792; x_wconf 89' lang='lat' dir='ltr'><strong>Sed</strong></span> <span class='ocrx_word' id='word_1_415' title='bbox 2322 2738 2567 2807; x_wconf 89' lang='lat' dir='ltr'><strong>prodest,</strong></span> <span class='ocrx_word' id='word_1_416' title='bbox 2596 2739 2641 2793; x_wconf 91' lang='lat' dir='ltr'><strong>si</strong></span> <span class='ocrx_word' id='word_1_417' title='bbox 2671 2738 2845 2808; x_wconf 88' lang='lat' dir='ltr'><strong>legem</strong></span> <span class='ocrx_word' id='word_1_418' title='bbox 2872 2738 3175 2807; x_wconf 87' lang='lat' dir='ltr'><strong>custodias;</strong></span> <span class='ocrx_word' id='word_1_419' title='bbox 3206 2742 3432 2796; x_wconf 88' lang='lat' dir='ltr'><strong>tenenda</strong></span> <span class='ocrx_word' id='word_1_420' title='bbox 3464 2741 3626 2813; x_wconf 78' lang='lat' dir='ltr'><strong>igitur</strong></span> 
     </span>
    </p>
   </div>
   <div class='ocr_carea' id='block_1_57' title="bbox 2050 2829 3630 2901">
    <p class='ocr_par' dir='ltr' id='par_1_57' title="bbox 2050 2829 3630 2901">
     <span class='ocr_line' id='line_1_57' title="bbox 2050 2829 3630 2901; baseline 0.001 -17"><span class='ocrx_word' id='word_1_421' title='bbox 2050 2829 2393 2884; x_wconf 87' lang='lat' dir='ltr'><strong>circumcisio</strong></span> <span class='ocrx_word' id='word_1_422' title='bbox 2418 2838 2522 2895; x_wconf 89' lang='lat' dir='ltr'><strong>est,</strong></span> <span class='ocrx_word' id='word_1_423' title='bbox 2553 2839 2608 2885; x_wconf 91' lang='lat' dir='ltr'><strong>et</strong></span> <span class='ocrx_word' id='word_1_424' title='bbox 2645 2839 2705 2884; x_wconf 91' lang='lat' dir='ltr'><strong>ut</strong></span> <span class='ocrx_word' id='word_1_425' title='bbox 2733 2831 2903 2901; x_wconf 91' lang='lat' dir='ltr'><strong>possit</strong></span> <span class='ocrx_word' id='word_1_426' title='bbox 2927 2832 3208 2900; x_wconf 86' lang='lat' dir='ltr'><strong>prodesse,</strong></span> <span class='ocrx_word' id='word_1_427' title='bbox 3240 2831 3503 2887; x_wconf 87' lang='lat' dir='ltr'><strong>servanda</strong></span> <span class='ocrx_word' id='word_1_428' title='bbox 3542 2840 3630 2886; x_wconf 85' lang='lat' dir='ltr'><strong>est</strong></span> 
     </span>
    </p>
   </div>
   <div class='ocr_carea' id='block_1_58' title="bbox 2049 2917 3624 2993">
    <p class='ocr_par' dir='ltr' id='par_1_58' title="bbox 2049 2917 3624 2993">
     <span class='ocr_line' id='line_1_58' title="bbox 2049 2917 3624 2993; baseline 0.004 -22"><span class='ocrx_word' id='word_1_429' title='bbox 2049 2917 2155 2975; x_wconf 86' lang='lat' dir='ltr'><strong>lex.</strong></span> <span class='ocrx_word' id='word_1_430' title='bbox 2197 2919 2681 2976; x_wconf 87' lang='lat' dir='ltr'><strong>Circumcisionem</strong></span> <span class='ocrx_word' id='word_1_431' title='bbox 2728 2937 2829 2992; x_wconf 89' lang='lat' dir='ltr'><strong>pro</strong></span> <span class='ocrx_word' id='word_1_432' title='bbox 2867 2938 3064 2993; x_wconf 81' lang='lat' dir='ltr'><strong>genere</strong></span> <span class='ocrx_word' id='word_1_433' title='bbox 3107 2924 3288 2992; x_wconf 88' lang='lat' dir='ltr'><strong>posuit</strong></span> <span class='ocrx_word' id='word_1_434' title='bbox 3325 2924 3624 2988; x_wconf 82' lang='lat' dir='ltr'><strong>Abraham,</strong></span> 
     </span>
    </p>
   </div>
   <div class='ocr_carea' id='block_1_59' title="bbox 2050 3010 3624 3080">
    <p class='ocr_par' dir='ltr' id='par_1_59' title="bbox 2050 3010 3624 3080">
     <span class='ocr_line' id='line_1_59' title="bbox 2050 3010 3624 3080; baseline 0.004 -16"><span class='ocrx_word' id='word_1_435' title='bbox 2050 3010 2176 3080; x_wconf 90' lang='lat' dir='ltr'><strong>quia</strong></span> <span class='ocrx_word' id='word_1_436' title='bbox 2205 3026 2271 3065; x_wconf 86' lang='lat' dir='ltr'><strong>ex</strong></span> <span class='ocrx_word' id='word_1_437' title='bbox 2308 3011 2581 3066; x_wconf 90' lang='lat' dir='ltr'><strong>Abraham</strong></span> <span class='ocrx_word' id='word_1_438' title='bbox 2604 3012 2944 3068; x_wconf 87' lang='lat' dir='ltr'><strong>circumcisio</strong></span> <span class='ocrx_word' id='word_1_439' title='bbox 2969 3032 2980 3066; x_wconf 92' lang='lat'>:</span> <span class='ocrx_word' id='word_1_440' title='bbox 3018 3014 3118 3069; x_wconf 92' lang='lat' dir='ltr'><strong>hoc</strong></span> <span class='ocrx_word' id='word_1_441' title='bbox 3140 3014 3284 3067; x_wconf 92' lang='lat' dir='ltr'><strong>enim</strong></span> <span class='ocrx_word' id='word_1_442' title='bbox 3313 3015 3410 3080; x_wconf 90' lang='lat' dir='ltr'><strong>ait,</strong></span> <span class='ocrx_word' id='word_1_443' title='bbox 3440 3023 3500 3069; x_wconf 91' lang='lat' dir='ltr'><strong>ut</strong></span> <span class='ocrx_word' id='word_1_444' title='bbox 3528 3015 3624 3070; x_wconf 83' lang='lat' dir='ltr'><strong>do-</strong></span> 
     </span>
    </p>
   </div>
   <div class='ocr_carea' id='block_1_60' title="bbox 2051 3103 3621 3173">
    <p class='ocr_par' dir='ltr' id='par_1_60' title="bbox 2051 3103 3621 3173">
     <span class='ocr_line' id='line_1_60' title="bbox 2051 3103 3621 3173; baseline 0.001 -16"><span class='ocrx_word' id='word_1_445' title='bbox 2051 3109 2171 3157; x_wconf 89' lang='lat' dir='ltr'><strong>ceat</strong></span> <span class='ocrx_word' id='word_1_446' title='bbox 2194 3109 2320 3157; x_wconf 91' lang='lat' dir='ltr'><strong>tunc</strong></span> <span class='ocrx_word' id='word_1_447' title='bbox 2345 3103 2603 3173; x_wconf 88' lang='lat' dir='ltr'><strong>prodesse</strong></span> <span class='ocrx_word' id='word_1_448' title='bbox 2628 3104 2809 3173; x_wconf 80' lang='lat' dir='ltr'><strong>generi</strong></span> <span class='ocrx_word' id='word_1_449' title='bbox 2835 3104 3127 3168; x_wconf 87' lang='lat' dir='ltr'><strong>Abraham,</strong></span> <span class='ocrx_word' id='word_1_450' title='bbox 3157 3105 3202 3158; x_wconf 89' lang='lat' dir='ltr'><strong>si</strong></span> <span class='ocrx_word' id='word_1_451' title='bbox 3232 3104 3318 3159; x_wconf 89' lang='lat' dir='ltr'><strong>lex</strong></span> <span class='ocrx_word' id='word_1_452' title='bbox 3348 3113 3621 3168; x_wconf 84' lang='lat' dir='ltr'><strong>servetur,</strong></span> 
     </span>
    </p>
   </div>
   <div class='ocr_carea' id='block_1_61' title="bbox 383 3161 3626 3268">
    <p class='ocr_par' dir='ltr' id='par_1_61' title="bbox 383 3161 3626 3268">
     <span class='ocr_line' id='line_1_61' title="bbox 383 3161 3626 3268; baseline 0 -19"><span class='ocrx_word' id='word_1_453' title='bbox 383 3194 632 3249; x_wconf 90' lang='lat' dir='ltr'><strong>videlicet</strong></span> <span class='ocrx_word' id='word_1_454' title='bbox 670 3194 927 3268; x_wconf 77' lang='lat' dir='ltr'><strong>divinitus</strong></span> <span class='ocrx_word' id='word_1_455' title='bbox 954 3195 1299 3265; x_wconf 89' lang='lat' dir='ltr'><strong>imperatum,</strong></span> <span class='ocrx_word' id='word_1_456' title='bbox 1322 3193 1729 3265; x_wconf 82' lang='lat' dir='ltr'><strong>quadringentis</strong></span> <span class='ocrx_word' id='word_1_457' title='bbox 1752 3202 1809 3249; x_wconf 92' lang='lat' dir='ltr'><strong>et</strong></span> <span class='ocrx_word' id='word_1_458' title='bbox 1852 3208 1948 3250; x_wconf 85' lang='lat' dir='ltr'><strong>sex</strong></span> <span class='ocrx_word' id='word_1_459' title='bbox 1976 3161 2020 3224; x_wconf 66' lang='grc' dir='ltr'>Ο</span> <span class='ocrx_word' id='word_1_460' title='bbox 2051 3191 2107 3246; x_wconf 90' lang='lat' dir='ltr'><strong>id</strong></span> <span class='ocrx_word' id='word_1_461' title='bbox 2149 3199 2254 3257; x_wconf 89' lang='lat' dir='ltr'><strong>est,</strong></span> <span class='ocrx_word' id='word_1_462' title='bbox 2312 3161 2363 3247; x_wconf 77' lang='lat' dir='ltr'><strong>si</strong></span> <span class='ocrx_word' id='word_1_463' title='bbox 2392 3193 2446 3247; x_wconf 91' lang='lat' dir='ltr'><strong>in</strong></span> <span class='ocrx_word' id='word_1_464' title='bbox 2480 3192 2696 3248; x_wconf 88' lang='lat' dir='ltr'><strong>Christo</strong></span> <span class='ocrx_word' id='word_1_465' title='bbox 2741 3193 3014 3258; x_wconf 87' lang='lat' dir='ltr'><strong>credatur,</strong></span> <span class='ocrx_word' id='word_1_466' title='bbox 3063 3194 3156 3263; x_wconf 88' lang='lat' dir='ltr'><strong>qui</strong></span> <span class='ocrx_word' id='word_1_467' title='bbox 3207 3194 3506 3263; x_wconf 88' lang='lat' dir='ltr'><strong>promissus</strong></span> <span class='ocrx_word' id='word_1_468' title='bbox 3538 3205 3626 3250; x_wconf 88' lang='lat' dir='ltr'><strong>est</strong></span> 
     </span>
    </p>
   </div>
   <div class='ocr_carea' id='block_1_62' title="bbox 385 3284 1954 3355">
    <p class='ocr_par' dir='ltr' id='par_1_62' title="bbox 385 3284 1954 3355">
     <span class='ocr_line' id='line_1_62' title="bbox 385 3284 1954 3355; baseline 0.001 -17"><span class='ocrx_word' id='word_1_469' title='bbox 385 3285 541 3339; x_wconf 89' lang='lat' dir='ltr'><strong>annis</strong></span> <span class='ocrx_word' id='word_1_470' title='bbox 574 3284 940 3353; x_wconf 78' lang='lat' dir='ltr'><strong>observatum,</strong></span> <span class='ocrx_word' id='word_1_471' title='bbox 986 3286 1142 3340; x_wconf 91' lang='lat' dir='ltr'><strong>annis</strong></span> <span class='ocrx_word' id='word_1_472' title='bbox 1168 3284 1525 3355; x_wconf 87' lang='lat' dir='ltr'><strong>quadraginta</strong></span> <span class='ocrx_word' id='word_1_473' title='bbox 1561 3284 1830 3340; x_wconf 89' lang='lat' dir='ltr'><strong>continuis</strong></span> <span class='ocrx_word' id='word_1_474' title='bbox 1872 3285 1954 3339; x_wconf 89' lang='lat' dir='ltr'><strong>in-</strong></span> 
     </span>
    </p>
   </div>
   <div class='ocr_carea' id='block_1_63' title="bbox 386 3375 1955 3449">
    <p class='ocr_par' dir='ltr' id='par_1_63' title="bbox 386 3375 1955 3449">
     <span class='ocr_line' id='line_1_63' title="bbox 386 3375 1955 3449; baseline -0.001 -18"><span class='ocrx_word' id='word_1_475' title='bbox 386 3377 713 3442; x_wconf 89' lang='lat' dir='ltr'><strong>termittens,</strong></span> <span class='ocrx_word' id='word_1_476' title='bbox 744 3392 1082 3446; x_wconf 87' lang='lat' dir='ltr'><strong>nequaquam</strong></span> <span class='ocrx_word' id='word_1_477' title='bbox 1103 3378 1206 3432; x_wconf 92' lang='lat' dir='ltr'><strong>hoc</strong></span> <span class='ocrx_word' id='word_1_478' title='bbox 1234 3375 1457 3442; x_wconf 82' lang='lat' dir='ltr'><strong>frustra,</strong></span> <span class='ocrx_word' id='word_1_479' title='bbox 1490 3377 1584 3431; x_wconf 90' lang='lat' dir='ltr'><strong>sed</strong></span> <span class='ocrx_word' id='word_1_480' title='bbox 1610 3391 1806 3447; x_wconf 88' lang='lat' dir='ltr'><strong>magno</strong></span> <span class='ocrx_word' id='word_1_481' title='bbox 1837 3392 1955 3449; x_wconf 83' lang='lat' dir='ltr'><strong>my-</strong></span> 
     </span>
    </p>
   </div>
   <div class='ocr_carea' id='block_1_64' title="bbox 386 3467 1956 3538">
    <p class='ocr_par' dir='ltr' id='par_1_64' title="bbox 386 3467 1956 3538">
     <span class='ocr_line' id='line_1_64' title="bbox 386 3467 1956 3538; baseline 0.001 -16"><span class='ocrx_word' id='word_1_482' title='bbox 386 3467 552 3523; x_wconf 90' lang='lat' dir='ltr'><strong>sterio</strong></span> <span class='ocrx_word' id='word_1_483' title='bbox 577 3469 681 3523; x_wconf 90' lang='lat' dir='ltr'><strong>hoc</strong></span> <span class='ocrx_word' id='word_1_484' title='bbox 714 3468 916 3523; x_wconf 89' lang='lat' dir='ltr'><strong>factum</strong></span> <span class='ocrx_word' id='word_1_485' title='bbox 946 3468 1288 3523; x_wconf 84' lang='lat' dir='ltr'><strong>crediderim.</strong></span> <span class='ocrx_word' id='word_1_486' title='bbox 1317 3467 1527 3538; x_wconf 85' lang='lat' dir='ltr'><strong>Moyses</strong></span> <span class='ocrx_word' id='word_1_487' title='bbox 1546 3468 1690 3522; x_wconf 90' lang='lat' dir='ltr'><strong>enim</strong></span> <span class='ocrx_word' id='word_1_488' title='bbox 1725 3469 1956 3523; x_wconf 89' lang='lat' dir='ltr'><strong>cireum-</strong></span> 
     </span>
    </p>
   </div>
   <div class='ocr_carea' id='block_1_65' title="bbox 384 3554 1957 3627">
    <p class='ocr_par' dir='ltr' id='par_1_65' title="bbox 384 3554 1957 3627">
     <span class='ocr_line' id='line_1_65' title="bbox 384 3554 1957 3627; baseline -0.002 -15"><span class='ocrx_word' id='word_1_489' title='bbox 384 3557 644 3612; x_wconf 88' lang='lat' dir='ltr'><strong>cisionem</strong></span> <span class='ocrx_word' id='word_1_490' title='bbox 681 3557 959 3626; x_wconf 73' lang='lat' dir='ltr'><strong>praedicat,</strong></span> <span class='ocrx_word' id='word_1_491' title='bbox 995 3559 1090 3612; x_wconf 90' lang='lat' dir='ltr'><strong>sed</strong></span> <span class='ocrx_word' id='word_1_492' title='bbox 1124 3555 1286 3611; x_wconf 77' lang='lat' dir='ltr'><strong>Iosue</strong></span> <span class='ocrx_word' id='word_1_493' title='bbox 1320 3556 1552 3627; x_wconf 88' lang='lat' dir='ltr'><strong>perﬁcit.</strong></span> <span class='ocrx_word' id='word_1_494' title='bbox 1592 3555 1728 3623; x_wconf 85' lang='lat' dir='ltr'><strong>Quia</strong></span> <span class='ocrx_word' id='word_1_495' title='bbox 1754 3554 1839 3609; x_wconf 67' lang='lat' dir='ltr'><strong>lex</strong></span> <span class='ocrx_word' id='word_1_496' title='bbox 1864 3572 1957 3625; x_wconf 89' lang='lat' dir='ltr'><strong>per</strong></span> 
     </span>
    </p>
   </div>
   <div class='ocr_carea' id='block_1_66' title="bbox 387 3645 1955 3717">
    <p class='ocr_par' dir='ltr' id='par_1_66' title="bbox 387 3645 1955 3717">
     <span class='ocr_line' id='line_1_66' title="bbox 387 3645 1955 3717; baseline -0.001 -17"><span class='ocrx_word' id='word_1_497' title='bbox 387 3645 601 3716; x_wconf 79' lang='lat' dir='ltr'><strong>Moysen</strong></span> <span class='ocrx_word' id='word_1_498' title='bbox 629 3647 754 3701; x_wconf 84' lang='lat' dir='ltr'><strong>data</strong></span> <span class='ocrx_word' id='word_1_499' title='bbox 784 3655 878 3713; x_wconf 88' lang='lat' dir='ltr'><strong>est,</strong></span> <span class='ocrx_word' id='word_1_500' title='bbox 926 3648 1094 3717; x_wconf 81' lang='lat' dir='ltr'><strong>gratia</strong></span> <span class='ocrx_word' id='word_1_501' title='bbox 1136 3657 1310 3701; x_wconf 84' lang='lat' dir='ltr'><strong>autem</strong></span> <span class='ocrx_word' id='word_1_502' title='bbox 1347 3656 1394 3700; x_wconf 87' lang='lat' dir='ltr'><strong>et</strong></span> <span class='ocrx_word' id='word_1_503' title='bbox 1422 3647 1609 3700; x_wconf 71' lang='lat' dir='ltr'><strong>veritas</strong></span> <span class='ocrx_word' id='word_1_504' title='bbox 1642 3662 1732 3715; x_wconf 90' lang='lat' dir='ltr'><strong>per</strong></span> <span class='ocrx_word' id='word_1_505' title='bbox 1773 3645 1955 3699; x_wconf 71' lang='lat' dir='ltr'><strong>Iesum</strong></span> 
     </span>
    </p>
   </div>
   <div class='ocr_carea' id='block_1_67' title="bbox 386 3732 1952 3806">
    <p class='ocr_par' dir='ltr' id='par_1_67' title="bbox 386 3732 1952 3806">
     <span class='ocr_line' id='line_1_67' title="bbox 386 3732 1952 3806; baseline 0.001 -18"><span class='ocrx_word' id='word_1_506' title='bbox 386 3733 649 3789; x_wconf 76' lang='lat' dir='ltr'><strong>Christum</strong></span> <span class='ocrx_word' id='word_1_507' title='bbox 671 3736 815 3805; x_wconf 79' lang='lat' dir='ltr'><strong>facta</strong></span> <span class='ocrx_word' id='word_1_508' title='bbox 839 3746 937 3802; x_wconf 84' lang='lat' dir='ltr'><strong>est,</strong></span> <span class='ocrx_word' id='word_1_509' title='bbox 977 3736 1220 3806; x_wconf 82' lang='lat' dir='ltr'><strong>nihilque</strong></span> <span class='ocrx_word' id='word_1_510' title='bbox 1252 3734 1497 3806; x_wconf 87' lang='lat' dir='ltr'><strong>proderit</strong></span> <span class='ocrx_word' id='word_1_511' title='bbox 1531 3734 1712 3790; x_wconf 88' lang='lat' dir='ltr'><strong>littera</strong></span> <span class='ocrx_word' id='word_1_512' title='bbox 1736 3732 1952 3802; x_wconf 74' lang='lat' dir='ltr'><strong>iubens,</strong></span> 
     </span>
    </p>
   </div>
   <div class='ocr_carea' id='block_1_68' title="bbox 389 3824 1956 3896">
    <p class='ocr_par' dir='ltr' id='par_1_68' title="bbox 389 3824 1956 3896">
     <span class='ocr_line' id='line_1_68' title="bbox 389 3824 1956 3896; baseline 0.001 -18"><span class='ocrx_word' id='word_1_513' title='bbox 389 3825 491 3879; x_wconf 87' lang='lat' dir='ltr'><strong>nisi</strong></span> <span class='ocrx_word' id='word_1_514' title='bbox 520 3824 752 3880; x_wconf 80' lang='lat' dir='ltr'><strong>adfuerit</strong></span> <span class='ocrx_word' id='word_1_515' title='bbox 777 3827 949 3896; x_wconf 88' lang='lat' dir='ltr'><strong>gratia</strong></span> <span class='ocrx_word' id='word_1_516' title='bbox 988 3826 1202 3895; x_wconf 72' lang='lat' dir='ltr'><strong>iuvans.</strong></span> <span class='ocrx_word' id='word_1_517' title='bbox 1235 3825 1502 3881; x_wconf 87' lang='lat' dir='ltr'><strong>Omnibus</strong></span> <span class='ocrx_word' id='word_1_518' title='bbox 1532 3825 1717 3895; x_wconf 87' lang='lat' dir='ltr'><strong>itaque</strong></span> <span class='ocrx_word' id='word_1_519' title='bbox 1756 3825 1956 3880; x_wconf 87' lang='lat' dir='ltr'><strong>nostris</strong></span> 
     </span>
    </p>
   </div>
   <div class='ocr_carea' id='block_1_69' title="bbox 388 3913 1953 3985">
    <p class='ocr_par' dir='ltr' id='par_1_69' title="bbox 388 3913 1953 3985">
     <span class='ocr_line' id='line_1_69' title="bbox 388 3913 1953 3985; baseline 0.003 -20"><span class='ocrx_word' id='word_1_520' title='bbox 388 3914 560 3984; x_wconf 81' lang='lat' dir='ltr'><strong>gratia</strong></span> <span class='ocrx_word' id='word_1_521' title='bbox 611 3913 909 3970; x_wconf 87' lang='lat' dir='ltr'><strong>Salvatoris</strong></span> <span class='ocrx_word' id='word_1_522' title='bbox 952 3916 1098 3970; x_wconf 85' lang='lat' dir='ltr'><strong>vitiis</strong></span> <span class='ocrx_word' id='word_1_523' title='bbox 1148 3924 1275 3971; x_wconf 90' lang='lat' dir='ltr'><strong>tunc</strong></span> <span class='ocrx_word' id='word_1_524' title='bbox 1322 3916 1376 3973; x_wconf 88' lang='lat' dir='ltr'><strong>in</strong></span> <span class='ocrx_word' id='word_1_525' title='bbox 1424 3916 1580 3971; x_wconf 89' lang='lat' dir='ltr'><strong>nobis</strong></span> <span class='ocrx_word' id='word_1_526' title='bbox 1628 3916 1953 3985; x_wconf 89' lang='lat' dir='ltr'><strong>completur,</strong></span> 
     </span>
    </p>
   </div>
   <div class='ocr_carea' id='block_1_70' title="bbox 386 4000 1958 4072">
    <p class='ocr_par' dir='ltr' id='par_1_70' title="bbox 386 4000 1958 4072">
     <span class='ocr_line' id='line_1_70' title="bbox 386 4000 1958 4072; baseline 0.004 -20"><span class='ocrx_word' id='word_1_527' title='bbox 386 4002 530 4069; x_wconf 88' lang='lat' dir='ltr'><strong>quod</strong></span> <span class='ocrx_word' id='word_1_528' title='bbox 560 4001 613 4055; x_wconf 91' lang='lat' dir='ltr'><strong>in</strong></span> <span class='ocrx_word' id='word_1_529' title='bbox 633 4000 758 4056; x_wconf 88' lang='lat' dir='ltr'><strong>Jesu</strong></span> <span class='ocrx_word' id='word_1_530' title='bbox 786 4001 934 4057; x_wconf 84' lang='lat' dir='ltr'><strong>Nave</strong></span> <span class='ocrx_word' id='word_1_531' title='bbox 959 4003 1221 4072; x_wconf 88' lang='lat' dir='ltr'><strong>scriptum</strong></span> <span class='ocrx_word' id='word_1_532' title='bbox 1244 4011 1328 4057; x_wconf 91' lang='lat' dir='ltr'><strong>est</strong></span> <span class='ocrx_word' id='word_1_533' title='bbox 1359 4021 1372 4057; x_wconf 91' lang='lat'><strong>:</strong></span> <span class='ocrx_word' id='word_1_534' title='bbox 1402 4002 1576 4056; x_wconf 83' lang='lat' dir='ltr'><strong>Hodie</strong></span> <span class='ocrx_word' id='word_1_535' title='bbox 1603 4022 1636 4058; x_wconf 89' lang='lat' dir='ltr'><strong>a</strong></span> <span class='ocrx_word' id='word_1_536' title='bbox 1682 4004 1821 4058; x_wconf 68' lang='lat' dir='ltr'><strong>vobis</strong></span> <span class='ocrx_word' id='word_1_537' title='bbox 1846 4004 1958 4058; x_wconf 86' lang='lat' dir='ltr'><strong>abs-</strong></span> 
     </span>
    </p>
   </div>
   <div class='ocr_carea' id='block_1_71' title="bbox 388 4090 1959 4164">
    <p class='ocr_par' dir='ltr' id='par_1_71' title="bbox 388 4090 1959 4164">
     <span class='ocr_line' id='line_1_71' title="bbox 388 4090 1959 4164; baseline 0.001 -19"><span class='ocrx_word' id='word_1_538' title='bbox 388 4091 507 4145; x_wconf 83' lang='lat' dir='ltr'><strong>tulit</strong></span> <span class='ocrx_word' id='word_1_539' title='bbox 539 4093 872 4162; x_wconf 82' lang='lat' dir='ltr'><strong>opprobrium</strong></span> <span class='ocrx_word' id='word_1_540' title='bbox 909 4091 1148 4163; x_wconf 59' lang='lat' dir='ltr'><strong>ngypti.</strong></span> <span class='ocrx_word' id='word_1_541' title='bbox 1197 4090 1496 4161; x_wconf 86' lang='lat' dir='ltr'><strong>Opprobria</strong></span> <span class='ocrx_word' id='word_1_542' title='bbox 1536 4108 1768 4162; x_wconf 83' lang='lat' dir='ltr'><strong>namque</strong></span> <span class='ocrx_word' id='word_1_543' title='bbox 1793 4094 1959 4164; x_wconf 60' lang='lat' dir='ltr'><strong>[Egy-</strong></span> 
     </span>
    </p>
   </div>
   <div class='ocr_carea' id='block_1_72' title="bbox 387 4179 1957 4251">
    <p class='ocr_par' dir='ltr' id='par_1_72' title="bbox 387 4179 1957 4251">
     <span class='ocr_line' id='line_1_72' title="bbox 387 4179 1957 4251; baseline 0.002 -17"><span class='ocrx_word' id='word_1_544' title='bbox 387 4180 464 4249; x_wconf 89' lang='lat' dir='ltr'><strong>pti</strong></span> <span class='ocrx_word' id='word_1_545' title='bbox 489 4196 671 4235; x_wconf 84' lang='lat' dir='ltr'><strong>secum</strong></span> <span class='ocrx_word' id='word_1_546' title='bbox 698 4179 804 4233; x_wconf 83' lang='lat' dir='ltr'><strong>fert</strong></span> <span class='ocrx_word' id='word_1_547' title='bbox 831 4181 878 4235; x_wconf 92' lang='lat' dir='ltr'><strong>is</strong></span> <span class='ocrx_word' id='word_1_548' title='bbox 912 4180 1002 4250; x_wconf 91' lang='lat' dir='ltr'><strong>qui</strong></span> <span class='ocrx_word' id='word_1_549' title='bbox 1039 4180 1091 4234; x_wconf 93' lang='lat' dir='ltr'><strong>in</strong></span> <span class='ocrx_word' id='word_1_550' title='bbox 1127 4180 1368 4235; x_wconf 87' lang='lat' dir='ltr'><strong>Ecclesia</strong></span> <span class='ocrx_word' id='word_1_551' title='bbox 1394 4181 1604 4251; x_wconf 89' lang='lat' dir='ltr'><strong>positus</strong></span> <span class='ocrx_word' id='word_1_552' title='bbox 1629 4190 1687 4235; x_wconf 91' lang='lat' dir='ltr'><strong>et</strong></span> <span class='ocrx_word' id='word_1_553' title='bbox 1709 4182 1808 4236; x_wconf 88' lang='lat' dir='ltr'><strong>sub</strong></span> <span class='ocrx_word' id='word_1_554' title='bbox 1829 4180 1957 4238; x_wconf 85' lang='lat' dir='ltr'><strong>Jesu</strong></span> 
     </span>
    </p>
   </div>
   <div class='ocr_carea' id='block_1_73' title="bbox 387 4268 1959 4341">
    <p class='ocr_par' dir='ltr' id='par_1_73' title="bbox 387 4268 1959 4341">
     <span class='ocr_line' id='line_1_73' title="bbox 387 4268 1959 4341; baseline 0.003 -18"><span class='ocrx_word' id='word_1_555' title='bbox 387 4268 524 4323; x_wconf 88' lang='lat' dir='ltr'><strong>duce</strong></span> <span class='ocrx_word' id='word_1_556' title='bbox 555 4268 811 4334; x_wconf 86' lang='lat' dir='ltr'><strong>militans,</strong></span> <span class='ocrx_word' id='word_1_557' title='bbox 842 4268 1123 4341; x_wconf 67' lang='lat' dir='ltr'><strong>[Egyptios</strong></span> <span class='ocrx_word' id='word_1_558' title='bbox 1151 4285 1331 4325; x_wconf 89' lang='lat' dir='ltr'><strong>mores</strong></span> <span class='ocrx_word' id='word_1_559' title='bbox 1357 4278 1413 4326; x_wconf 90' lang='lat' dir='ltr'><strong>et</strong></span> <span class='ocrx_word' id='word_1_560' title='bbox 1443 4282 1621 4326; x_wconf 89' lang='lat' dir='ltr'><strong>motus</strong></span> <span class='ocrx_word' id='word_1_561' title='bbox 1643 4272 1807 4326; x_wconf 90' lang='lat' dir='ltr'><strong>animi</strong></span> <span class='ocrx_word' id='word_1_562' title='bbox 1833 4274 1959 4328; x_wconf 90' lang='lat' dir='ltr'><strong>bar-</strong></span> 
     </span>
    </p>
   </div>
   <div class='ocr_carea' id='block_1_74' title="bbox 389 4358 1958 4433">
    <p class='ocr_par' dir='ltr' id='par_1_74' title="bbox 389 4358 1958 4433">
     <span class='ocr_line' id='line_1_74' title="bbox 389 4358 1958 4433; baseline 0.001 -18"><span class='ocrx_word' id='word_1_563' title='bbox 389 4359 551 4415; x_wconf 88' lang='lat' dir='ltr'><strong>baros</strong></span> <span class='ocrx_word' id='word_1_564' title='bbox 586 4373 693 4414; x_wconf 90' lang='lat' dir='ltr'><strong>non</strong></span> <span class='ocrx_word' id='word_1_565' title='bbox 741 4368 1002 4431; x_wconf 89' lang='lat' dir='ltr'><strong>amputat.</strong></span> <span class='ocrx_word' id='word_1_566' title='bbox 1041 4358 1617 4428; x_wconf 62' lang='lat' dir='ltr'><strong>Circumcisimquidem</strong></span> <span class='ocrx_word' id='word_1_567' title='bbox 1641 4363 1869 4433; x_wconf 85' lang='lat' dir='ltr'><strong>prodest,</strong></span> <span class='ocrx_word' id='word_1_568' title='bbox 1912 4363 1958 4417; x_wconf 89' lang='lat' dir='ltr'><strong>si</strong></span> 
     </span>
    </p>
   </div>
   <div class='ocr_carea' id='block_1_75' title="bbox 388 4446 1954 4523">
    <p class='ocr_par' dir='ltr' id='par_1_75' title="bbox 388 4446 1954 4523">
     <span class='ocr_line' id='line_1_75' title="bbox 388 4446 1954 4523; baseline 0.004 -21"><span class='ocrx_word' id='word_1_569' title='bbox 388 4446 550 4518; x_wconf 86' lang='lat' dir='ltr'><strong>legem</strong></span> <span class='ocrx_word' id='word_1_570' title='bbox 586 4447 840 4503; x_wconf 83' lang='lat' dir='ltr'><strong>observes.</strong></span> <span class='ocrx_word' id='word_1_571' title='bbox 867 4448 996 4515; x_wconf 69' lang='lat' dir='ltr'><strong>Quae</strong></span> <span class='ocrx_word' id='word_1_572' title='bbox 1029 4450 1102 4505; x_wconf 91' lang='lat' dir='ltr'><strong>sit</strong></span> <span class='ocrx_word' id='word_1_573' title='bbox 1141 4450 1484 4506; x_wconf 89' lang='lat' dir='ltr'><strong>circmncisio</strong></span> <span class='ocrx_word' id='word_1_574' title='bbox 1513 4467 1674 4522; x_wconf 87' lang='lat' dir='ltr'><strong>quam</strong></span> <span class='ocrx_word' id='word_1_575' title='bbox 1699 4454 1954 4523; x_wconf 89' lang='lat' dir='ltr'><strong>prodesse</strong></span> 
     </span>
    </p>
   </div>
   <div class='ocr_carea' id='block_1_76' title="bbox 387 4538 1950 4613">
    <p class='ocr_par' dir='ltr' id='par_1_76' title="bbox 387 4538 1950 4613">
     <span class='ocr_line' id='line_1_76' title="bbox 387 4538 1950 4613; baseline 0.004 -21"><span class='ocrx_word' id='word_1_576' title='bbox 387 4538 540 4603; x_wconf 91' lang='lat' dir='ltr'><strong>dicit,</strong></span> <span class='ocrx_word' id='word_1_577' title='bbox 570 4539 654 4592; x_wconf 86' lang='lat' dir='ltr'><strong>vel</strong></span> <span class='ocrx_word' id='word_1_578' title='bbox 680 4554 801 4607; x_wconf 61' lang='lat' dir='ltr'><strong>quae</strong></span> <span class='ocrx_word' id='word_1_579' title='bbox 839 4538 927 4594; x_wconf 87' lang='lat' dir='ltr'><strong>lex</strong></span> <span class='ocrx_word' id='word_1_580' title='bbox 966 4539 1334 4595; x_wconf 84' lang='lat' dir='ltr'><strong>custodiatur?</strong></span> <span class='ocrx_word' id='word_1_581' title='bbox 1375 4541 1519 4608; x_wconf 76' lang='lat' dir='ltr'><strong>Haec,</strong></span> <span class='ocrx_word' id='word_1_582' title='bbox 1550 4553 1609 4596; x_wconf 88' lang='lat' dir='ltr'><strong>ut</strong></span> <span class='ocrx_word' id='word_1_583' title='bbox 1642 4543 1850 4613; x_wconf 90' lang='lat' dir='ltr'><strong>opinor,</strong></span> <span class='ocrx_word' id='word_1_584' title='bbox 1867 4552 1950 4601; x_wconf 91' lang='lat' dir='ltr'><strong>est</strong></span> 
     </span>
    </p>
   </div>
   <div class='ocr_carea' id='block_1_77' title="bbox 390 4614 1947 4705">
    <p class='ocr_par' dir='ltr' id='par_1_77' title="bbox 390 4614 1947 4705">
     <span class='ocr_line' id='line_1_77' title="bbox 390 4614 1947 4705; baseline 0.004 -24"><span class='ocrx_word' id='word_1_585' title='bbox 390 4614 913 4698; x_wconf 79' lang='lat' dir='ltr'><strong>circumcisio’quain</strong></span> <span class='ocrx_word' id='word_1_586' title='bbox 933 4630 1191 4700; x_wconf 88' lang='lat' dir='ltr'><strong>prodesse</strong></span> <span class='ocrx_word' id='word_1_587' title='bbox 1209 4631 1341 4687; x_wconf 88' lang='lat' dir='ltr'><strong>dicit</strong></span> <span class='ocrx_word' id='word_1_588' title='bbox 1354 4630 1662 4702; x_wconf 84' lang='lat' dir='ltr'><strong>Apostolus,</strong></span> <span class='ocrx_word' id='word_1_589' title='bbox 1710 4633 1755 4688; x_wconf 87' lang='lat' dir='ltr'><strong>si</strong></span> <span class='ocrx_word' id='word_1_590' title='bbox 1777 4633 1947 4705; x_wconf 84' lang='lat' dir='ltr'><strong>legem</strong></span> 
     </span>
    </p>
   </div>
   <div class='ocr_carea' id='block_1_78' title="bbox 390 4720 1950 4797">
    <p class='ocr_par' dir='ltr' id='par_1_78' title="bbox 390 4720 1950 4797">
     <span class='ocr_line' id='line_1_78' title="bbox 390 4720 1950 4797; baseline 0.004 -24"><span class='ocrx_word' id='word_1_591' title='bbox 390 4720 598 4785; x_wconf 66' lang='lat' dir='ltr'><strong>litterae,</strong></span> <span class='ocrx_word' id='word_1_592' title='bbox 621 4721 772 4791; x_wconf 89' lang='lat' dir='ltr'><strong>cujus</strong></span> <span class='ocrx_word' id='word_1_593' title='bbox 792 4729 846 4774; x_wconf 93' lang='lat' dir='ltr'><strong>et</strong></span> <span class='ocrx_word' id='word_1_594' title='bbox 871 4722 1335 4778; x_wconf 90' lang='lat' dir='ltr'><strong>circumcisionem</strong></span> <span class='ocrx_word' id='word_1_595' title='bbox 1367 4722 1746 4795; x_wconf 76' lang='lat' dir='ltr'><strong>[circumcisio</strong></span> <span class='ocrx_word' id='word_1_596' title='bbox 1764 4724 1871 4797; x_wconf 84' lang='lat' dir='ltr'><strong>est]</strong></span> <span class='ocrx_word' id='word_1_597' title='bbox 1893 4724 1950 4779; x_wconf 92' lang='lat' dir='ltr'><strong>in</strong></span> 
     </span>
    </p>
   </div>
   <div class='ocr_carea' id='block_1_79' title="bbox 389 4812 1951 4886">
    <p class='ocr_par' dir='ltr' id='par_1_79' title="bbox 389 4812 1951 4886">
     <span class='ocr_line' id='line_1_79' title="bbox 389 4812 1951 4886; baseline 0.001 -19"><span class='ocrx_word' id='word_1_598' title='bbox 389 4827 570 4879; x_wconf 90' lang='lat' dir='ltr'><strong>carne,</strong></span> <span class='ocrx_word' id='word_1_599' title='bbox 584 4827 690 4867; x_wconf 91' lang='lat' dir='ltr'><strong>non</strong></span> <span class='ocrx_word' id='word_1_600' title='bbox 706 4812 916 4881; x_wconf 82' lang='lat' dir='ltr'><strong>recipit,</strong></span> <span class='ocrx_word' id='word_1_601' title='bbox 930 4814 1023 4868; x_wconf 90' lang='lat' dir='ltr'><strong>sed</strong></span> <span class='ocrx_word' id='word_1_602' title='bbox 1041 4812 1210 4884; x_wconf 88' lang='lat' dir='ltr'><strong>legem</strong></span> <span class='ocrx_word' id='word_1_603' title='bbox 1224 4814 1467 4883; x_wconf 86' lang='lat' dir='ltr'><strong>spiritus,</strong></span> <span class='ocrx_word' id='word_1_604' title='bbox 1482 4816 1777 4871; x_wconf 86' lang='lat' dir='ltr'><strong>secundum</strong></span> <span class='ocrx_word' id='word_1_605' title='bbox 1789 4829 1951 4886; x_wconf 88' lang='lat' dir='ltr'><strong>quam</strong></span> 
     </span>
    </p>
   </div>
   <div class='ocr_carea' id='block_1_80' title="bbox 389 4904 1950 4978">
    <p class='ocr_par' dir='ltr' id='par_1_80' title="bbox 389 4904 1950 4978">
     <span class='ocr_line' id='line_1_80' title="bbox 389 4904 1950 4978; baseline 0.003 -21"><span class='ocrx_word' id='word_1_606' title='bbox 389 4904 789 4959; x_wconf 88' lang='lat' dir='ltr'><strong>circumciditur</strong></span> <span class='ocrx_word' id='word_1_607' title='bbox 809 4905 989 4959; x_wconf 90' lang='lat' dir='ltr'><strong>corde.</strong></span> <span class='ocrx_word' id='word_1_608' title='bbox 1008 4904 1204 4958; x_wconf 84' lang='lat' dir='ltr'><strong>Littera</strong></span> <span class='ocrx_word' id='word_1_609' title='bbox 1225 4907 1360 4960; x_wconf 87' lang='lat' dir='ltr'><strong>enim</strong></span> <span class='ocrx_word' id='word_1_610' title='bbox 1385 4907 1594 4971; x_wconf 87' lang='lat' dir='ltr'><strong>occidit,</strong></span> <span class='ocrx_word' id='word_1_611' title='bbox 1612 4907 1825 4978; x_wconf 86' lang='lat' dir='ltr'><strong>spiritus</strong></span> <span class='ocrx_word' id='word_1_612' title='bbox 1850 4923 1950 4961; x_wconf 85' lang='lat' dir='ltr'><strong>au—</strong></span> 
     </span>
    </p>
   </div>
   <div class='ocr_carea' id='block_1_81' title="bbox 388 4991 1959 5067">
    <p class='ocr_par' dir='ltr' id='par_1_81' title="bbox 388 4991 1959 5067">
     <span class='ocr_line' id='line_1_81' title="bbox 388 4991 1959 5067; baseline 0.003 -22"><span class='ocrx_word' id='word_1_613' title='bbox 388 5002 488 5047; x_wconf 82' lang='lat' dir='ltr'><strong>tem</strong></span> <span class='ocrx_word' id='word_1_614' title='bbox 511 4994 734 5062; x_wconf 79' lang='lat' dir='ltr'><strong>viviﬁcat</strong></span> <span class='ocrx_word' id='word_1_615' title='bbox 758 4992 840 5065; x_wconf 88' lang='grc'><strong>(11</strong></span> <span class='ocrx_word' id='word_1_616' title='bbox 857 4991 979 5047; x_wconf 86' lang='lat' dir='ltr'><strong>Cor.</strong></span> <span class='ocrx_word' id='word_1_617' title='bbox 997 4993 1105 5067; x_wconf 83' lang='grc' dir='ltr'>ιιι),</span> <span class='ocrx_word' id='word_1_618' title='bbox 1124 4995 1247 5064; x_wconf 88' lang='lat' dir='ltr'><strong>quia</strong></span> <span class='ocrx_word' id='word_1_619' title='bbox 1268 5003 1324 5051; x_wconf 91' lang='lat' dir='ltr'><strong>et</strong></span> <span class='ocrx_word' id='word_1_620' title='bbox 1341 4996 1427 5050; x_wconf 84' lang='lat' dir='ltr'><strong>lex</strong></span> <span class='ocrx_word' id='word_1_621' title='bbox 1463 4997 1555 5051; x_wconf 87' lang='lat' dir='ltr'><strong>Dei</strong></span> <span class='ocrx_word' id='word_1_622' title='bbox 1592 5013 1696 5051; x_wconf 90' lang='lat' dir='ltr'><strong>non</strong></span> <span class='ocrx_word' id='word_1_623' title='bbox 1726 4994 1959 5051; x_wconf 83' lang='lat' dir='ltr'><strong>refertur</strong></span> 
     </span>
    </p>
   </div>
   <div class='ocr_carea' id='block_1_82' title="bbox 304 5082 1958 5157">
    <p class='ocr_par' dir='ltr' id='par_1_82' title="bbox 304 5082 1958 5157">
     <span class='ocr_line' id='line_1_82' title="bbox 304 5082 1958 5157; baseline 0.002 -22"><span class='ocrx_word' id='word_1_624' title='bbox 304 5126 315 5135; x_wconf 81' lang='lat'><strong>.</strong></span> <span class='ocrx_word' id='word_1_625' title='bbox 390 5090 692 5136; x_wconf 88' lang='lat' dir='ltr'><strong>atramento</strong></span> <span class='ocrx_word' id='word_1_626' title='bbox 736 5082 957 5152; x_wconf 88' lang='lat' dir='ltr'><strong>scripta,</strong></span> <span class='ocrx_word' id='word_1_627' title='bbox 996 5083 1092 5138; x_wconf 86' lang='lat' dir='ltr'><strong>sed</strong></span> <span class='ocrx_word' id='word_1_628' title='bbox 1138 5084 1306 5155; x_wconf 89' lang='lat' dir='ltr'><strong>digito</strong></span> <span class='ocrx_word' id='word_1_629' title='bbox 1345 5085 1459 5150; x_wconf 89' lang='lat' dir='ltr'><strong>Dei,</strong></span> <span class='ocrx_word' id='word_1_630' title='bbox 1505 5087 1597 5155; x_wconf 90' lang='lat' dir='ltr'><strong>qui</strong></span> <span class='ocrx_word' id='word_1_631' title='bbox 1628 5094 1711 5141; x_wconf 91' lang='lat' dir='ltr'><strong>est</strong></span> <span class='ocrx_word' id='word_1_632' title='bbox 1736 5086 1958 5157; x_wconf 90' lang='lat' dir='ltr'><strong>spiritus</strong></span> 
     </span>
    </p>
   </div>
   <div class='ocr_carea' id='block_1_83' title="bbox 391 5170 1959 5245">
    <p class='ocr_par' dir='ltr' id='par_1_83' title="bbox 391 5170 1959 5245">
     <span class='ocr_line' id='line_1_83' title="bbox 391 5170 1959 5245; baseline 0.003 -19"><span class='ocrx_word' id='word_1_633' title='bbox 391 5170 529 5241; x_wconf 85' lang='lat' dir='ltr'><strong>ejus,</strong></span> <span class='ocrx_word' id='word_1_634' title='bbox 560 5179 617 5226; x_wconf 87' lang='lat' dir='ltr'><strong>et</strong></span> <span class='ocrx_word' id='word_1_635' title='bbox 659 5188 766 5228; x_wconf 92' lang='lat' dir='ltr'><strong>non</strong></span> <span class='ocrx_word' id='word_1_636' title='bbox 797 5173 850 5227; x_wconf 91' lang='lat' dir='ltr'><strong>in</strong></span> <span class='ocrx_word' id='word_1_637' title='bbox 878 5172 1076 5228; x_wconf 86' lang='lat' dir='ltr'><strong>tabulis</strong></span> <span class='ocrx_word' id='word_1_638' title='bbox 1104 5172 1349 5245; x_wconf 88' lang='lat' dir='ltr'><strong>lapideis,</strong></span> <span class='ocrx_word' id='word_1_639' title='bbox 1380 5175 1477 5231; x_wconf 89' lang='lat' dir='ltr'><strong>sed</strong></span> <span class='ocrx_word' id='word_1_640' title='bbox 1523 5177 1577 5230; x_wconf 91' lang='lat' dir='ltr'><strong>in</strong></span> <span class='ocrx_word' id='word_1_641' title='bbox 1610 5176 1806 5231; x_wconf 89' lang='lat' dir='ltr'><strong>tabulis</strong></span> <span class='ocrx_word' id='word_1_642' title='bbox 1836 5191 1959 5230; x_wconf 88' lang='lat' dir='ltr'><strong>cor-</strong></span> 
     </span>
    </p>
   </div>
   <div class='ocr_carea' id='block_1_84' title="bbox 390 5263 1958 5337">
    <p class='ocr_par' dir='ltr' id='par_1_84' title="bbox 390 5263 1958 5337">
     <span class='ocr_line' id='line_1_84' title="bbox 390 5263 1958 5337; baseline 0.002 -18"><span class='ocrx_word' id='word_1_643' title='bbox 390 5264 491 5319; x_wconf 90' lang='lat' dir='ltr'><strong>dis.</strong></span> <span class='ocrx_word' id='word_1_644' title='bbox 520 5263 717 5318; x_wconf 80' lang='lat' dir='ltr'><strong>Verum</strong></span> <span class='ocrx_word' id='word_1_645' title='bbox 740 5271 919 5332; x_wconf 87' lang='lat' dir='ltr'><strong>potest</strong></span> <span class='ocrx_word' id='word_1_646' title='bbox 945 5265 1100 5321; x_wconf 89' lang='lat' dir='ltr'><strong>nobis</strong></span> <span class='ocrx_word' id='word_1_647' title='bbox 1132 5265 1315 5335; x_wconf 86' lang='lat' dir='ltr'><strong>objici,</strong></span> <span class='ocrx_word' id='word_1_648' title='bbox 1354 5266 1495 5337; x_wconf 90' lang='lat' dir='ltr'><strong>quod</strong></span> <span class='ocrx_word' id='word_1_649' title='bbox 1522 5268 1567 5322; x_wconf 88' lang='lat' dir='ltr'><strong>si</strong></span> <span class='ocrx_word' id='word_1_650' title='bbox 1595 5269 1694 5323; x_wconf 82' lang='lat' dir='ltr'><strong>ista</strong></span> <span class='ocrx_word' id='word_1_651' title='bbox 1724 5268 1958 5322; x_wconf 89' lang='lat' dir='ltr'><strong>circum-</strong></span> 
     </span>
    </p>
   </div>
   <div class='ocr_carea' id='block_1_85' title="bbox 392 5353 1959 5429">
    <p class='ocr_par' dir='ltr' id='par_1_85' title="bbox 392 5353 1959 5429">
     <span class='ocr_line' id='line_1_85' title="bbox 392 5353 1959 5429; baseline 0.001 -19"><span class='ocrx_word' id='word_1_652' title='bbox 392 5355 522 5410; x_wconf 89' lang='lat' dir='ltr'><strong>cisio</strong></span> <span class='ocrx_word' id='word_1_653' title='bbox 555 5369 660 5409; x_wconf 91' lang='lat' dir='ltr'><strong>non</strong></span> <span class='ocrx_word' id='word_1_654' title='bbox 700 5353 803 5407; x_wconf 87' lang='lat' dir='ltr'><strong>alia</strong></span> <span class='ocrx_word' id='word_1_655' title='bbox 853 5354 1167 5426; x_wconf 88' lang='lat' dir='ltr'><strong>intelligitur</strong></span> <span class='ocrx_word' id='word_1_656' title='bbox 1201 5372 1362 5426; x_wconf 90' lang='lat' dir='ltr'><strong>quam</strong></span> <span class='ocrx_word' id='word_1_657' title='bbox 1406 5357 1571 5412; x_wconf 88' lang='lat' dir='ltr'><strong>animi</strong></span> <span class='ocrx_word' id='word_1_658' title='bbox 1612 5359 1861 5429; x_wconf 85' lang='lat' dir='ltr'><strong>purgatio</strong></span> <span class='ocrx_word' id='word_1_659' title='bbox 1903 5365 1959 5414; x_wconf 92' lang='lat' dir='ltr'><strong>et</strong></span> 
     </span>
    </p>
   </div>
   <div class='ocr_carea' id='block_1_86' title="bbox 393 5444 1955 5517">
    <p class='ocr_par' dir='ltr' id='par_1_86' title="bbox 393 5444 1955 5517">
     <span class='ocr_line' id='line_1_86' title="bbox 393 5444 1955 5517; baseline 0.004 -20"><span class='ocrx_word' id='word_1_660' title='bbox 393 5445 621 5514; x_wconf 68' lang='lat' dir='ltr'><strong>abiectio</strong></span> <span class='ocrx_word' id='word_1_661' title='bbox 651 5444 924 5508; x_wconf 91' lang='lat' dir='ltr'><strong>vitiorum,</strong></span> <span class='ocrx_word' id='word_1_662' title='bbox 971 5446 1239 5514; x_wconf 90' lang='lat' dir='ltr'><strong>quomodo</strong></span> <span class='ocrx_word' id='word_1_663' title='bbox 1280 5446 1428 5502; x_wconf 87' lang='lat' dir='ltr'><strong>addit</strong></span> <span class='ocrx_word' id='word_1_664' title='bbox 1467 5448 1665 5509; x_wconf 85' lang='lat' dir='ltr'><strong>adhuc,</strong></span> <span class='ocrx_word' id='word_1_665' title='bbox 1715 5448 1785 5501; x_wconf 88' lang='lat' dir='ltr'><strong>ita</strong></span> <span class='ocrx_word' id='word_1_666' title='bbox 1828 5463 1955 5517; x_wconf 73' lang='grc' dir='ltr'>ιιι-ο-</span> 
     </span>
    </p>
   </div>
   <div class='ocr_carea' id='block_1_87' title="bbox 395 5536 1956 5607">
    <p class='ocr_par' dir='ltr' id='par_1_87' title="bbox 395 5536 1956 5607">
     <span class='ocr_line' id='line_1_87' title="bbox 395 5536 1956 5607; baseline 0.004 -20"><span class='ocrx_word' id='word_1_667' title='bbox 395 5536 551 5589; x_wconf 88' lang='lat' dir='ltr'><strong>desse</strong></span> <span class='ocrx_word' id='word_1_668' title='bbox 588 5536 891 5605; x_wconf 72' lang='lat' dir='ltr'><strong>huiusmodi</strong></span> <span class='ocrx_word' id='word_1_669' title='bbox 933 5536 1422 5605; x_wconf 86' lang='lat' dir='ltr'><strong>circumcisionem,</strong></span> <span class='ocrx_word' id='word_1_670' title='bbox 1469 5539 1516 5603; x_wconf 85' lang='lat' dir='ltr'><strong>si</strong></span> <span class='ocrx_word' id='word_1_671' title='bbox 1562 5538 1732 5607; x_wconf 76' lang='lat' dir='ltr'><strong>legem</strong></span> <span class='ocrx_word' id='word_1_672' title='bbox 1777 5548 1956 5594; x_wconf 85' lang='lat' dir='ltr'><strong>custo-</strong></span> 
     </span>
    </p>
   </div>
   <div class='ocr_carea' id='block_1_88' title="bbox 394 5626 1985 5701">
    <p class='ocr_par' dir='ltr' id='par_1_88' title="bbox 394 5626 1985 5701">
     <span class='ocr_line' id='line_1_88' title="bbox 394 5626 1985 5701; baseline 0.003 -21"><span class='ocrx_word' id='word_1_673' title='bbox 394 5626 530 5689; x_wconf 84' lang='lat' dir='ltr'><strong>dias,</strong></span> <span class='ocrx_word' id='word_1_674' title='bbox 572 5642 692 5680; x_wconf 90' lang='lat' dir='ltr'><strong>cum</strong></span> <span class='ocrx_word' id='word_1_675' title='bbox 727 5628 843 5684; x_wconf 81' lang='lat' dir='ltr'><strong>h:ec</strong></span> <span class='ocrx_word' id='word_1_676' title='bbox 885 5629 998 5699; x_wconf 83' lang='lat' dir='ltr'><strong>ipsa</strong></span> <span class='ocrx_word' id='word_1_677' title='bbox 1045 5629 1403 5693; x_wconf 87' lang='lat' dir='ltr'><strong>circumcisio,</strong></span> <span class='ocrx_word' id='word_1_678' title='bbox 1442 5630 1542 5684; x_wconf 87' lang='lat' dir='ltr'><strong>nisi</strong></span> <span class='ocrx_word' id='word_1_679' title='bbox 1583 5645 1645 5684; x_wconf 83' lang='lat' dir='ltr'><strong>ex</strong></span> <span class='ocrx_word' id='word_1_680' title='bbox 1683 5630 1816 5701; x_wconf 87' lang='lat' dir='ltr'><strong>legis</strong></span> <span class='ocrx_word' id='word_1_681' title='bbox 1861 5630 1985 5684; x_wconf 85' lang='lat' dir='ltr'><strong>ob-&#39;</strong></span> 
     </span>
    </p>
   </div>
   <div class='ocr_carea' id='block_1_89' title="bbox 398 5717 1952 5785">
    <p class='ocr_par' dir='ltr' id='par_1_89' title="bbox 398 5717 1952 5785">
     <span class='ocr_line' id='line_1_89' title="bbox 398 5717 1952 5785; baseline 0.003 -15"><span class='ocrx_word' id='word_1_682' title='bbox 398 5717 666 5771; x_wconf 86' lang='lat' dir='ltr'><strong>servantia</strong></span> <span class='ocrx_word' id='word_1_683' title='bbox 706 5717 822 5773; x_wconf 86' lang='lat' dir='ltr'><strong>ﬁeri</strong></span> <span class='ocrx_word' id='word_1_684' title='bbox 849 5735 953 5774; x_wconf 91' lang='lat' dir='ltr'><strong>non</strong></span> <span class='ocrx_word' id='word_1_685' title='bbox 986 5719 1263 5775; x_wconf 84' lang='lat' dir='ltr'><strong>videatur?</strong></span> <span class='ocrx_word' id='word_1_686' title='bbox 1292 5719 1397 5774; x_wconf 84' lang='lat' dir='ltr'><strong>Sed</strong></span> <span class='ocrx_word' id='word_1_687' title='bbox 1434 5721 1665 5785; x_wconf 85' lang='lat' dir='ltr'><strong>intuere,</strong></span> <span class='ocrx_word' id='word_1_688' title='bbox 1699 5735 1765 5773; x_wconf 90' lang='lat' dir='ltr'><strong>ne</strong></span> <span class='ocrx_word' id='word_1_689' title='bbox 1814 5719 1952 5775; x_wconf 87' lang='lat' dir='ltr'><strong>forte</strong></span> 
     </span>
    </p>
   </div>
   <div class='ocr_carea' id='block_1_90' title="bbox 880 5881 919 5891">
    <p class='ocr_par' dir='ltr' id='par_1_90' title="bbox 880 5881 919 5891">
     <span class='ocr_line' id='line_1_90' title="bbox 880 5881 919 5891; baseline 0 0"><span class='ocrx_word' id='word_1_690' title='bbox 880 5881 919 5891; x_wconf 60' lang='lat'><strong>.—</strong></span> 
     </span>
    </p>
   </div>
   <div class='ocr_carea' id='block_1_91' title="bbox 2049 3280 3624 3353">
    <p class='ocr_par' dir='ltr' id='par_1_91' title="bbox 2049 3280 3624 3353">
     <span class='ocr_line' id='line_1_91' title="bbox 2049 3280 3624 3353; baseline 0.003 -18"><span class='ocrx_word' id='word_1_691' title='bbox 2049 3280 2393 3337; x_wconf 70' lang='lat' dir='ltr'><strong>Abrahaa:si</strong></span> <span class='ocrx_word' id='word_1_692' title='bbox 2452 3292 2633 3340; x_wconf 89' lang='lat' dir='ltr'><strong>autem</strong></span> <span class='ocrx_word' id='word_1_693' title='bbox 2688 3283 2809 3353; x_wconf 92' lang='lat' dir='ltr'><strong>quis</strong></span> <span class='ocrx_word' id='word_1_694' title='bbox 2846 3299 2955 3339; x_wconf 91' lang='lat' dir='ltr'><strong>non</strong></span> <span class='ocrx_word' id='word_1_695' title='bbox 3009 3284 3185 3338; x_wconf 89' lang='lat' dir='ltr'><strong>credit</strong></span> <span class='ocrx_word' id='word_1_696' title='bbox 3232 3284 3287 3338; x_wconf 90' lang='lat' dir='ltr'><strong>in</strong></span> <span class='ocrx_word' id='word_1_697' title='bbox 3323 3283 3624 3350; x_wconf 88' lang='lat' dir='ltr'><strong>Christum,</strong></span> 
     </span>
    </p>
   </div>
   <div class='ocr_carea' id='block_1_92' title="bbox 2054 3373 2706 3442">
    <p class='ocr_par' dir='ltr' id='par_1_92' title="bbox 2054 3373 2706 3442">
     <span class='ocr_line' id='line_1_92' title="bbox 2054 3373 2706 3442; baseline 0.002 -17"><span class='ocrx_word' id='word_1_698' title='bbox 2054 3378 2422 3442; x_wconf 87' lang='lat' dir='ltr'><strong>transgressor</strong></span> <span class='ocrx_word' id='word_1_699' title='bbox 2449 3381 2532 3428; x_wconf 84' lang='lat' dir='ltr'><strong>est</strong></span> <span class='ocrx_word' id='word_1_700' title='bbox 2554 3373 2706 3442; x_wconf 80' lang='lat' dir='ltr'><strong>legis.</strong></span> 
     </span>
    </p>
   </div>
   <div class='ocr_carea' id='block_1_93' title="bbox 2123 3460 3623 3536">
    <p class='ocr_par' dir='ltr' id='par_1_93' title="bbox 2123 3460 3623 3536">
     <span class='ocr_line' id='line_1_93' title="bbox 2123 3460 3623 3536; baseline 0.003 -20"><span class='ocrx_word' id='word_1_701' title='bbox 2123 3460 2186 3517; x_wconf 85' lang='lat' dir='ltr'><strong>Si</strong></span> <span class='ocrx_word' id='word_1_702' title='bbox 2215 3471 2391 3517; x_wconf 83' lang='lat' dir='ltr'><strong>autem</strong></span> <span class='ocrx_word' id='word_1_703' title='bbox 2434 3465 2807 3533; x_wconf 80' lang='lat' dir='ltr'><strong>prwvaricator</strong></span> <span class='ocrx_word' id='word_1_704' title='bbox 2852 3464 2979 3536; x_wconf 81' lang='lat' dir='ltr'><strong>legis</strong></span> <span class='ocrx_word' id='word_1_705' title='bbox 3018 3465 3112 3529; x_wconf 88' lang='lat' dir='ltr'><strong>sis,</strong></span> <span class='ocrx_word' id='word_1_706' title='bbox 3164 3464 3494 3520; x_wconf 81' lang='lat' dir='ltr'><strong>circumcisio</strong></span> <span class='ocrx_word' id='word_1_707' title='bbox 3531 3476 3623 3520; x_wconf 83' lang='lat' dir='ltr'><strong>tua</strong></span> 
     </span>
    </p>
   </div>
   <div class='ocr_carea' id='block_1_94' title="bbox 2051 3553 3625 3627">
    <p class='ocr_par' dir='ltr' id='par_1_94' title="bbox 2051 3553 3625 3627">
     <span class='ocr_line' id='line_1_94' title="bbox 2051 3553 3625 3627; baseline 0.004 -21"><span class='ocrx_word' id='word_1_708' title='bbox 2051 3554 2366 3623; x_wconf 73' lang='lat' dir='ltr'><strong>prteputium</strong></span> <span class='ocrx_word' id='word_1_709' title='bbox 2396 3553 2541 3623; x_wconf 77' lang='lat' dir='ltr'><strong>facta</strong></span> <span class='ocrx_word' id='word_1_710' title='bbox 2577 3566 2673 3610; x_wconf 88' lang='lat' dir='ltr'><strong>est.</strong></span> <span class='ocrx_word' id='word_1_711' title='bbox 2720 3556 2833 3611; x_wconf 82' lang='lat' dir='ltr'><strong>[loc</strong></span> <span class='ocrx_word' id='word_1_712' title='bbox 2875 3566 2977 3620; x_wconf 72' lang='lat' dir='ltr'><strong>est,</strong></span> <span class='ocrx_word' id='word_1_713' title='bbox 3016 3558 3200 3627; x_wconf 86' lang='lat' dir='ltr'><strong>gentili</strong></span> <span class='ocrx_word' id='word_1_714' title='bbox 3228 3558 3420 3613; x_wconf 85' lang='lat' dir='ltr'><strong>similis</strong></span> <span class='ocrx_word' id='word_1_715' title='bbox 3452 3558 3625 3613; x_wconf 87' lang='lat' dir='ltr'><strong>factus</strong></span> 
     </span>
    </p>
   </div>
   <div class='ocr_carea' id='block_1_95' title="bbox 2053 3643 3624 3716">
    <p class='ocr_par' dir='ltr' id='par_1_95' title="bbox 2053 3643 3624 3716">
     <span class='ocr_line' id='line_1_95' title="bbox 2053 3643 3624 3716; baseline 0.006 -20"><span class='ocrx_word' id='word_1_716' title='bbox 2053 3658 2133 3708; x_wconf 87' lang='lat' dir='ltr'><strong>es,</strong></span> <span class='ocrx_word' id='word_1_717' title='bbox 2164 3658 2270 3697; x_wconf 92' lang='lat' dir='ltr'><strong>non</strong></span> <span class='ocrx_word' id='word_1_718' title='bbox 2296 3643 2523 3699; x_wconf 86' lang='lat' dir='ltr'><strong>credens</strong></span> <span class='ocrx_word' id='word_1_719' title='bbox 2558 3645 2611 3698; x_wconf 91' lang='lat' dir='ltr'><strong>in</strong></span> <span class='ocrx_word' id='word_1_720' title='bbox 2641 3660 2765 3700; x_wconf 89' lang='lat' dir='ltr'><strong>eum</strong></span> <span class='ocrx_word' id='word_1_721' title='bbox 2786 3646 2878 3716; x_wconf 90' lang='lat' dir='ltr'><strong>qui</strong></span> <span class='ocrx_word' id='word_1_722' title='bbox 2913 3648 3066 3716; x_wconf 85' lang='lat' dir='ltr'><strong>signo</strong></span> <span class='ocrx_word' id='word_1_723' title='bbox 3104 3648 3533 3704; x_wconf 88' lang='lat' dir='ltr'><strong>circumcisionis</strong></span> <span class='ocrx_word' id='word_1_724' title='bbox 3564 3650 3624 3704; x_wconf 92' lang='lat' dir='ltr'><strong>ﬁ-</strong></span> 
     </span>
    </p>
   </div>
   <div class='ocr_carea' id='block_1_96' title="bbox 2053 3729 3623 3800">
    <p class='ocr_par' dir='ltr' id='par_1_96' title="bbox 2053 3729 3623 3800">
     <span class='ocr_line' id='line_1_96' title="bbox 2053 3729 3623 3800; baseline 0.006 -17"><span class='ocrx_word' id='word_1_725' title='bbox 2053 3729 2158 3785; x_wconf 89' lang='lat' dir='ltr'><strong>lius</strong></span> <span class='ocrx_word' id='word_1_726' title='bbox 2200 3731 2497 3800; x_wconf 90' lang='lat' dir='ltr'><strong>promissus</strong></span> <span class='ocrx_word' id='word_1_727' title='bbox 2521 3740 2604 3786; x_wconf 89' lang='lat' dir='ltr'><strong>est</strong></span> <span class='ocrx_word' id='word_1_728' title='bbox 2637 3732 2887 3788; x_wconf 75' lang='lat' dir='ltr'><strong>Abrahze.</strong></span> <span class='ocrx_word' id='word_1_729' title='bbox 2920 3734 3054 3789; x_wconf 85' lang='lat' dir='ltr'><strong>illud</strong></span> <span class='ocrx_word' id='word_1_730' title='bbox 3093 3737 3491 3791; x_wconf 74' lang='lat' dir='ltr'><strong>observandum</strong></span> <span class='ocrx_word' id='word_1_731' title='bbox 3517 3748 3623 3799; x_wconf 85' lang='lat' dir='ltr'><strong>est,</strong></span> 
     </span>
    </p>
   </div>
   <div class='ocr_carea' id='block_1_97' title="bbox 2053 3820 3623 3895">
    <p class='ocr_par' dir='ltr' id='par_1_97' title="bbox 2053 3820 3623 3895">
     <span class='ocr_line' id='line_1_97' title="bbox 2053 3820 3623 3895; baseline 0.006 -24"><span class='ocrx_word' id='word_1_732' title='bbox 2053 3820 2195 3888; x_wconf 87' lang='lat' dir='ltr'><strong>quod</strong></span> <span class='ocrx_word' id='word_1_733' title='bbox 2214 3836 2337 3875; x_wconf 89' lang='lat' dir='ltr'><strong>cum</strong></span> <span class='ocrx_word' id='word_1_734' title='bbox 2365 3821 2610 3888; x_wconf 82' lang='lat' dir='ltr'><strong>dixisset,</strong></span> <span class='ocrx_word' id='word_1_735' title='bbox 2634 3824 2959 3877; x_wconf 83' lang='lat' dir='ltr'><strong>circumcisio</strong></span> <span class='ocrx_word' id='word_1_736' title='bbox 2984 3824 3189 3895; x_wconf 85' lang='lat' dir='ltr'><strong>quidem</strong></span> <span class='ocrx_word' id='word_1_737' title='bbox 3219 3824 3452 3895; x_wconf 85' lang='lat' dir='ltr'><strong>prodest,</strong></span> <span class='ocrx_word' id='word_1_738' title='bbox 3481 3828 3527 3880; x_wconf 85' lang='lat' dir='ltr'><strong>si</strong></span> <span class='ocrx_word' id='word_1_739' title='bbox 3548 3827 3623 3881; x_wconf 87' lang='lat' dir='ltr'><strong>le-</strong></span> 
     </span>
    </p>
   </div>
   <div class='ocr_carea' id='block_1_98' title="bbox 2048 3908 3620 3980">
    <p class='ocr_par' dir='ltr' id='par_1_98' title="bbox 2048 3908 3620 3980">
     <span class='ocr_line' id='line_1_98' title="bbox 2048 3908 3620 3980; baseline 0.004 -18"><span class='ocrx_word' id='word_1_740' title='bbox 2048 3924 2165 3978; x_wconf 77' lang='lat' dir='ltr'><strong>gem</strong></span> <span class='ocrx_word' id='word_1_741' title='bbox 2199 3908 2486 3975; x_wconf 79' lang='lat' dir='ltr'><strong>custodias,</strong></span> <span class='ocrx_word' id='word_1_742' title='bbox 2516 3926 2622 3964; x_wconf 90' lang='lat' dir='ltr'><strong>non</strong></span> <span class='ocrx_word' id='word_1_743' title='bbox 2645 3911 2794 3965; x_wconf 89' lang='lat' dir='ltr'><strong>addit</strong></span> <span class='ocrx_word' id='word_1_744' title='bbox 2850 3930 2863 3964; x_wconf 89' lang='lat'><strong>:</strong></span> <span class='ocrx_word' id='word_1_745' title='bbox 2903 3911 2961 3967; x_wconf 89' lang='lat' dir='ltr'><strong>Si</strong></span> <span class='ocrx_word' id='word_1_746' title='bbox 2984 3923 3163 3966; x_wconf 89' lang='lat' dir='ltr'><strong>autem</strong></span> <span class='ocrx_word' id='word_1_747' title='bbox 3193 3928 3297 3969; x_wconf 87' lang='lat' dir='ltr'><strong>non</strong></span> <span class='ocrx_word' id='word_1_748' title='bbox 3327 3915 3620 3980; x_wconf 87' lang='lat' dir='ltr'><strong>custodias,</strong></span> 
     </span>
    </p>
   </div>
   <div class='ocr_carea' id='block_1_99' title="bbox 2054 3998 3624 4075">
    <p class='ocr_par' dir='ltr' id='par_1_99' title="bbox 2054 3998 3624 4075">
     <span class='ocr_line' id='line_1_99' title="bbox 2054 3998 3624 4075; baseline 0.004 -22"><span class='ocrx_word' id='word_1_749' title='bbox 2054 3998 2194 4053; x_wconf 89' lang='lat' dir='ltr'><strong>sicut</strong></span> <span class='ocrx_word' id='word_1_750' title='bbox 2211 4014 2546 4070; x_wconf 87' lang='lat' dir='ltr'><strong>consequens</strong></span> <span class='ocrx_word' id='word_1_751' title='bbox 2566 4002 2846 4067; x_wconf 86' lang='lat' dir='ltr'><strong>videatur;</strong></span> <span class='ocrx_word' id='word_1_752' title='bbox 2879 4004 2971 4058; x_wconf 88' lang='lat' dir='ltr'><strong>sed</strong></span> <span class='ocrx_word' id='word_1_753' title='bbox 2999 4005 3077 4059; x_wconf 90' lang='lat' dir='ltr'><strong>ait</strong></span> <span class='ocrx_word' id='word_1_754' title='bbox 3105 4003 3206 4058; x_wconf 70' lang='lat' dir='ltr'><strong>:‘Si</strong></span> <span class='ocrx_word' id='word_1_755' title='bbox 3226 4014 3399 4059; x_wconf 87' lang='lat' dir='ltr'><strong>autem</strong></span> <span class='ocrx_word' id='word_1_756' title='bbox 3423 4022 3624 4075; x_wconf 76' lang='lat' dir='ltr'><strong>prteva-</strong></span> 
     </span>
    </p>
   </div>
   <div class='ocr_carea' id='block_1_100' title="bbox 2055 4090 3619 4163">
    <p class='ocr_par' dir='ltr' id='par_1_100' title="bbox 2055 4090 3619 4163">
     <span class='ocr_line' id='line_1_100' title="bbox 2055 4090 3619 4163; baseline 0.005 -21"><span class='ocrx_word' id='word_1_757' title='bbox 2055 4090 2250 4143; x_wconf 85' lang='lat' dir='ltr'><strong>ricator</strong></span> <span class='ocrx_word' id='word_1_758' title='bbox 2277 4092 2349 4145; x_wconf 88' lang='lat' dir='ltr'><strong>sis</strong></span> <span class='ocrx_word' id='word_1_759' title='bbox 2374 4091 2524 4161; x_wconf 80' lang='lat' dir='ltr'><strong>legis.</strong></span> <span class='ocrx_word' id='word_1_760' title='bbox 2566 4092 2624 4147; x_wconf 85' lang='lat' dir='ltr'><strong>In</strong></span> <span class='ocrx_word' id='word_1_761' title='bbox 2660 4109 2769 4163; x_wconf 89' lang='lat' dir='ltr'><strong>quo</strong></span> <span class='ocrx_word' id='word_1_762' title='bbox 2797 4095 2943 4149; x_wconf 86' lang='lat' dir='ltr'><strong>aliud</strong></span> <span class='ocrx_word' id='word_1_763' title='bbox 2964 4096 3199 4151; x_wconf 89' lang='lat' dir='ltr'><strong>ostendit</strong></span> <span class='ocrx_word' id='word_1_764' title='bbox 3221 4110 3341 4150; x_wconf 89' lang='lat' dir='ltr'><strong>csse</strong></span> <span class='ocrx_word' id='word_1_765' title='bbox 3371 4112 3476 4151; x_wconf 91' lang='lat' dir='ltr'><strong>non</strong></span> <span class='ocrx_word' id='word_1_766' title='bbox 3522 4112 3619 4150; x_wconf 86' lang='lat' dir='ltr'><strong>cu-</strong></span> 
     </span>
    </p>
   </div>
   <div class='ocr_carea' id='block_1_101' title="bbox 2052 4178 3624 4255">
    <p class='ocr_par' dir='ltr' id='par_1_101' title="bbox 2052 4178 3624 4255">
     <span class='ocr_line' id='line_1_101' title="bbox 2052 4178 3624 4255; baseline 0.004 -22"><span class='ocrx_word' id='word_1_767' title='bbox 2052 4178 2257 4233; x_wconf 79' lang='lat' dir='ltr'><strong>stodire</strong></span> <span class='ocrx_word' id='word_1_768' title='bbox 2276 4178 2468 4249; x_wconf 89' lang='lat' dir='ltr'><strong>legem,</strong></span> <span class='ocrx_word' id='word_1_769' title='bbox 2493 4179 2637 4234; x_wconf 85' lang='lat' dir='ltr'><strong>aliud</strong></span> <span class='ocrx_word' id='word_1_770' title='bbox 2662 4183 3008 4250; x_wconf 58' lang='lat' dir='ltr'><strong>praevaricari</strong></span> <span class='ocrx_word' id='word_1_771' title='bbox 3037 4184 3231 4255; x_wconf 87' lang='lat' dir='ltr'><strong>legem,</strong></span> <span class='ocrx_word' id='word_1_772' title='bbox 3262 4201 3385 4239; x_wconf 88' lang='lat' dir='ltr'><strong>nam</strong></span> <span class='ocrx_word' id='word_1_773' title='bbox 3413 4193 3469 4240; x_wconf 86' lang='lat' dir='ltr'><strong>et</strong></span> <span class='ocrx_word' id='word_1_774' title='bbox 3489 4183 3624 4239; x_wconf 80' lang='lat' dir='ltr'><strong>Pau-</strong></span> 
     </span>
    </p>
   </div>
   <div class='ocr_carea' id='block_1_102' title="bbox 2054 4266 3622 4361">
    <p class='ocr_par' dir='ltr' id='par_1_102' title="bbox 2054 4266 3622 4361">
     <span class='ocr_line' id='line_1_102' title="bbox 2054 4266 3622 4361; baseline 0.008 -42"><span class='ocrx_word' id='word_1_775' title='bbox 2054 4266 2139 4323; x_wconf 93' lang='lat' dir='ltr'><strong>lus</strong></span> <span class='ocrx_word' id='word_1_776' title='bbox 2168 4267 2281 4337; x_wconf 90' lang='lat' dir='ltr'><strong>ipse</strong></span> <span class='ocrx_word' id='word_1_777' title='bbox 2304 4283 2409 4323; x_wconf 91' lang='lat' dir='ltr'><strong>non</strong></span> <span class='ocrx_word' id='word_1_778' title='bbox 2433 4284 2645 4339; x_wconf 90' lang='lat' dir='ltr'><strong>semper</strong></span> <span class='ocrx_word' id='word_1_779' title='bbox 2665 4270 2838 4342; x_wconf 88' lang='lat' dir='ltr'><strong>legem</strong></span> <span class='ocrx_word' id='word_1_780' title='bbox 2860 4274 3115 4361; x_wconf 63' lang='lat' dir='ltr'><strong>custodit,</strong></span> <span class='ocrx_word' id='word_1_781' title='bbox 3146 4291 3418 4345; x_wconf 88' lang='lat' dir='ltr'><strong>nunquam</strong></span> <span class='ocrx_word' id='word_1_782' title='bbox 3447 4284 3622 4331; x_wconf 89' lang='lat' dir='ltr'><strong>tamen</strong></span> 
     </span>
    </p>
   </div>
   <div class='ocr_carea' id='block_1_103' title="bbox 2054 4361 3621 4440">
    <p class='ocr_par' dir='ltr' id='par_1_103' title="bbox 2054 4361 3621 4440">
     <span class='ocr_line' id='line_1_103' title="bbox 2054 4361 3621 4440; baseline 0.007 -27"><span class='ocrx_word' id='word_1_783' title='bbox 2054 4361 2435 4428; x_wconf 57' lang='lat' dir='ltr'><strong>praevaricator</strong></span> <span class='ocrx_word' id='word_1_784' title='bbox 2475 4371 2561 4417; x_wconf 88' lang='lat' dir='ltr'><strong>est</strong></span> <span class='ocrx_word' id='word_1_785' title='bbox 2605 4361 2757 4433; x_wconf 88' lang='lat' dir='ltr'><strong>legis.</strong></span> <span class='ocrx_word' id='word_1_786' title='bbox 2794 4363 3041 4420; x_wconf 90' lang='lat' dir='ltr'><strong>Custodit</strong></span> <span class='ocrx_word' id='word_1_787' title='bbox 3078 4382 3209 4438; x_wconf 89' lang='lat' dir='ltr'><strong>ergo</strong></span> <span class='ocrx_word' id='word_1_788' title='bbox 3244 4367 3415 4437; x_wconf 89' lang='lat' dir='ltr'><strong>legem</strong></span> <span class='ocrx_word' id='word_1_789' title='bbox 3456 4370 3501 4424; x_wconf 90' lang='lat' dir='ltr'><strong>is</strong></span> <span class='ocrx_word' id='word_1_790' title='bbox 3530 4371 3621 4440; x_wconf 91' lang='lat' dir='ltr'><strong>qui</strong></span> 
     </span>
    </p>
   </div>
   <div class='ocr_carea' id='block_1_104' title="bbox 2056 4451 3623 4527">
    <p class='ocr_par' dir='ltr' id='par_1_104' title="bbox 2056 4451 3623 4527">
     <span class='ocr_line' id='line_1_104' title="bbox 2056 4451 3623 4527; baseline 0.006 -24"><span class='ocrx_word' id='word_1_791' title='bbox 2056 4451 2351 4505; x_wconf 89' lang='lat' dir='ltr'><strong>secundum</strong></span> <span class='ocrx_word' id='word_1_792' title='bbox 2378 4451 2616 4507; x_wconf 90' lang='lat' dir='ltr'><strong>litteram</strong></span> <span class='ocrx_word' id='word_1_793' title='bbox 2637 4456 2903 4521; x_wconf 89' lang='lat' dir='ltr'><strong>custodit;</strong></span> <span class='ocrx_word' id='word_1_794' title='bbox 2930 4464 2984 4511; x_wconf 91' lang='lat' dir='ltr'><strong>et</strong></span> <span class='ocrx_word' id='word_1_795' title='bbox 3007 4457 3053 4513; x_wconf 90' lang='lat' dir='ltr'><strong>is</strong></span> <span class='ocrx_word' id='word_1_796' title='bbox 3075 4460 3460 4527; x_wconf 70' lang='lat' dir='ltr'><strong>prmvarieatur</strong></span> <span class='ocrx_word' id='word_1_797' title='bbox 3480 4476 3623 4525; x_wconf 90' lang='lat' dir='ltr'><strong>eam,</strong></span> 
     </span>
    </p>
   </div>
   <div class='ocr_carea' id='block_1_105' title="bbox 2055 4539 3624 4618">
    <p class='ocr_par' dir='ltr' id='par_1_105' title="bbox 2055 4539 3624 4618">
     <span class='ocr_line' id='line_1_105' title="bbox 2055 4539 3624 4618; baseline 0.007 -26"><span class='ocrx_word' id='word_1_798' title='bbox 2055 4539 2148 4607; x_wconf 91' lang='lat' dir='ltr'><strong>qui</strong></span> <span class='ocrx_word' id='word_1_799' title='bbox 2186 4540 2482 4610; x_wconf 87' lang='lat' dir='ltr'><strong>spiritalem</strong></span> <span class='ocrx_word' id='word_1_800' title='bbox 2522 4542 2639 4612; x_wconf 85' lang='lat' dir='ltr'><strong>ejus</strong></span> <span class='ocrx_word' id='word_1_801' title='bbox 2677 4558 2784 4598; x_wconf 92' lang='lat' dir='ltr'><strong>non</strong></span> <span class='ocrx_word' id='word_1_802' title='bbox 2812 4552 2958 4599; x_wconf 91' lang='lat' dir='ltr'><strong>tenet</strong></span> <span class='ocrx_word' id='word_1_803' title='bbox 2984 4560 3222 4601; x_wconf 90' lang='lat' dir='ltr'><strong>sensum.</strong></span> <span class='ocrx_word' id='word_1_804' title='bbox 3256 4546 3335 4613; x_wconf 90' lang='lat' dir='ltr'><strong>Si,</strong></span> <span class='ocrx_word' id='word_1_805' title='bbox 3377 4563 3505 4618; x_wconf 90' lang='lat' dir='ltr'><strong>ergo</strong></span> <span class='ocrx_word' id='word_1_806' title='bbox 3544 4548 3624 4603; x_wconf 84' lang='lat' dir='ltr'><strong>in-</strong></span> 
     </span>
    </p>
   </div>
   <div class='ocr_carea' id='block_1_106' title="bbox 2054 4627 3624 4709">
    <p class='ocr_par' dir='ltr' id='par_1_106' title="bbox 2054 4627 3624 4709">
     <span class='ocr_line' id='line_1_106' title="bbox 2054 4627 3624 4709; baseline 0.009 -28"><span class='ocrx_word' id='word_1_807' title='bbox 2054 4627 2189 4698; x_wconf 88' lang='lat' dir='ltr'><strong>quit,</strong></span> <span class='ocrx_word' id='word_1_808' title='bbox 2234 4631 2610 4699; x_wconf 74' lang='lat' dir='ltr'><strong>prtevaricator</strong></span> <span class='ocrx_word' id='word_1_809' title='bbox 2648 4633 2720 4686; x_wconf 88' lang='lat' dir='ltr'><strong>sis</strong></span> <span class='ocrx_word' id='word_1_810' title='bbox 2751 4632 2899 4705; x_wconf 83' lang='lat' dir='ltr'><strong>legis,</strong></span> <span class='ocrx_word' id='word_1_811' title='bbox 2937 4651 3044 4691; x_wconf 89' lang='lat' dir='ltr'><strong>non</strong></span> <span class='ocrx_word' id='word_1_812' title='bbox 3088 4639 3296 4709; x_wconf 86' lang='lat' dir='ltr'><strong>agendo</strong></span> <span class='ocrx_word' id='word_1_813' title='bbox 3334 4655 3453 4709; x_wconf 75' lang='lat' dir='ltr'><strong>qua:</strong></span> <span class='ocrx_word' id='word_1_814' title='bbox 3484 4640 3624 4694; x_wconf 86' lang='lat' dir='ltr'><strong>bona</strong></span> 
     </span>
    </p>
   </div>
   <div class='ocr_carea' id='block_1_107' title="bbox 2057 4719 3625 4816">
    <p class='ocr_par' dir='ltr' id='par_1_107' title="bbox 2057 4719 3625 4816">
     <span class='ocr_line' id='line_1_107' title="bbox 2057 4719 3625 4816; baseline 0.007 -45"><span class='ocrx_word' id='word_1_815' title='bbox 2057 4725 2204 4783; x_wconf 86' lang='lat' dir='ltr'><strong>sunt,</strong></span> <span class='ocrx_word' id='word_1_816' title='bbox 2241 4719 2567 4775; x_wconf 85' lang='lat' dir='ltr'><strong>circumcisio</strong></span> <span class='ocrx_word' id='word_1_817' title='bbox 2609 4730 2701 4776; x_wconf 83' lang='lat' dir='ltr'><strong>tua</strong></span> <span class='ocrx_word' id='word_1_818' title='bbox 2738 4726 3050 4795; x_wconf 58' lang='lat' dir='ltr'><strong>praeputium</strong></span> <span class='ocrx_word' id='word_1_819' title='bbox 3094 4726 3239 4795; x_wconf 80' lang='lat' dir='ltr'><strong>facta</strong></span> <span class='ocrx_word' id='word_1_820' title='bbox 3279 4736 3375 4793; x_wconf 89' lang='lat' dir='ltr'><strong>est,</strong></span> <span class='ocrx_word' id='word_1_821' title='bbox 3401 4728 3527 4783; x_wconf 91' lang='lat' dir='ltr'><strong>dum</strong></span> <span class='ocrx_word' id='word_1_822' title='bbox 3566 4736 3625 4816; x_wconf 62' lang='lat' dir='ltr'><strong>et</strong></span> 
     </span>
    </p>
   </div>
   <div class='ocr_carea' id='block_1_108' title="bbox 2057 4807 3623 4887">
    <p class='ocr_par' dir='ltr' id='par_1_108' title="bbox 2057 4807 3623 4887">
     <span class='ocr_line' id='line_1_108' title="bbox 2057 4807 3623 4887; baseline 0.007 -26"><span class='ocrx_word' id='word_1_823' title='bbox 2057 4807 2158 4864; x_wconf 93' lang='lat' dir='ltr'><strong>hoc</strong></span> <span class='ocrx_word' id='word_1_824' title='bbox 2186 4809 2306 4875; x_wconf 92' lang='lat' dir='ltr'><strong>tibi,</strong></span> <span class='ocrx_word' id='word_1_825' title='bbox 2330 4813 2472 4880; x_wconf 84' lang='lat' dir='ltr'><strong>quod</strong></span> <span class='ocrx_word' id='word_1_826' title='bbox 2505 4812 2778 4868; x_wconf 89' lang='lat' dir='ltr'><strong>abstinere</strong></span> <span class='ocrx_word' id='word_1_827' title='bbox 2805 4830 2835 4868; x_wconf 91' lang='lat' dir='ltr'><strong>a</strong></span> <span class='ocrx_word' id='word_1_828' title='bbox 2867 4815 3007 4869; x_wconf 78' lang='lat' dir='ltr'><strong>maio</strong></span> <span class='ocrx_word' id='word_1_829' title='bbox 3030 4817 3178 4872; x_wconf 90' lang='lat' dir='ltr'><strong>visus</strong></span> <span class='ocrx_word' id='word_1_830' title='bbox 3198 4832 3280 4883; x_wconf 90' lang='lat' dir='ltr'><strong>cs,</strong></span> <span class='ocrx_word' id='word_1_831' title='bbox 3308 4832 3473 4887; x_wconf 89' lang='lat' dir='ltr'><strong>opera</strong></span> <span class='ocrx_word' id='word_1_832' title='bbox 3499 4807 3623 4872; x_wconf 77' lang='lat' dir='ltr'><strong>ﬁdei</strong></span> 
     </span>
    </p>
   </div>
   <div class='ocr_carea' id='block_1_109' title="bbox 2058 4899 3624 4978">
    <p class='ocr_par' dir='ltr' id='par_1_109' title="bbox 2058 4899 3624 4978">
     <span class='ocr_line' id='line_1_109' title="bbox 2058 4899 3624 4978; baseline 0.005 -25"><span class='ocrx_word' id='word_1_833' title='bbox 2058 4908 2113 4953; x_wconf 87' lang='lat' dir='ltr'><strong>et</strong></span> <span class='ocrx_word' id='word_1_834' title='bbox 2146 4899 2371 4970; x_wconf 71' lang='lat' dir='ltr'><strong>iustitia:</strong></span> <span class='ocrx_word' id='word_1_835' title='bbox 2409 4919 2515 4957; x_wconf 91' lang='lat' dir='ltr'><strong>non</strong></span> <span class='ocrx_word' id='word_1_836' title='bbox 2556 4904 2752 4973; x_wconf 84' lang='lat' dir='ltr'><strong>agenti,</strong></span> <span class='ocrx_word' id='word_1_837' title='bbox 2780 4904 2848 4959; x_wconf 89' lang='lat' dir='ltr'><strong>ad</strong></span> <span class='ocrx_word' id='word_1_838' title='bbox 2906 4906 3278 4963; x_wconf 89' lang='lat' dir='ltr'><strong>inﬁdelitatem</strong></span> <span class='ocrx_word' id='word_1_839' title='bbox 3324 4917 3624 4978; x_wconf 86' lang='lat' dir='ltr'><strong>reputatur.</strong></span> 
     </span>
    </p>
   </div>
   <div class='ocr_carea' id='block_1_110' title="bbox 2054 4987 3624 5063">
    <p class='ocr_par' dir='ltr' id='par_1_110' title="bbox 2054 4987 3624 5063">
     <span class='ocr_line' id='line_1_110' title="bbox 2054 4987 3624 5063; baseline 0.008 -21"><span class='ocrx_word' id='word_1_840' title='bbox 2054 4987 2242 5058; x_wconf 87' lang='lat' dir='ltr'><strong>Neque</strong></span> <span class='ocrx_word' id='word_1_841' title='bbox 2269 4991 2413 5045; x_wconf 88' lang='lat' dir='ltr'><strong>enim</strong></span> <span class='ocrx_word' id='word_1_842' title='bbox 2437 4993 2691 5063; x_wconf 85' lang='lat' dir='ltr'><strong>possibile</strong></span> <span class='ocrx_word' id='word_1_843' title='bbox 2726 5003 2808 5051; x_wconf 90' lang='lat' dir='ltr'><strong>est</strong></span> <span class='ocrx_word' id='word_1_844' title='bbox 2840 4995 3001 5052; x_wconf 89' lang='lat' dir='ltr'><strong>alicui</strong></span> <span class='ocrx_word' id='word_1_845' title='bbox 3033 4998 3306 5054; x_wconf 87' lang='lat' dir='ltr'><strong>carnalem</strong></span> <span class='ocrx_word' id='word_1_846' title='bbox 3340 5000 3624 5054; x_wconf 87' lang='lat' dir='ltr'><strong>circumci-</strong></span> 
     </span>
    </p>
   </div>
   <div class='ocr_carea' id='block_1_111' title="bbox 2057 5078 3626 5157">
    <p class='ocr_par' dir='ltr' id='par_1_111' title="bbox 2057 5078 3626 5157">
     <span class='ocr_line' id='line_1_111' title="bbox 2057 5078 3626 5157; baseline 0.007 -25"><span class='ocrx_word' id='word_1_847' title='bbox 2057 5078 2263 5134; x_wconf 91' lang='lat' dir='ltr'><strong>sionem</strong></span> <span class='ocrx_word' id='word_1_848' title='bbox 2289 5095 2477 5136; x_wconf 90' lang='lat' dir='ltr'><strong>rursus</strong></span> <span class='ocrx_word' id='word_1_849' title='bbox 2521 5082 2576 5136; x_wconf 91' lang='lat' dir='ltr'><strong>in</strong></span> <span class='ocrx_word' id='word_1_850' title='bbox 2608 5086 2925 5155; x_wconf 63' lang='lat' dir='ltr'><strong>prteputium</strong></span> <span class='ocrx_word' id='word_1_851' title='bbox 2963 5089 3124 5153; x_wconf 89' lang='lat' dir='ltr'><strong>verti,</strong></span> <span class='ocrx_word' id='word_1_852' title='bbox 3152 5102 3273 5143; x_wconf 90' lang='lat' dir='ltr'><strong>cum</strong></span> <span class='ocrx_word' id='word_1_853' title='bbox 3317 5088 3502 5157; x_wconf 88' lang='lat' dir='ltr'><strong>utique</strong></span> <span class='ocrx_word' id='word_1_854' title='bbox 3532 5088 3626 5143; x_wconf 89' lang='lat' dir='ltr'><strong>ab-</strong></span> 
     </span>
    </p>
   </div>
   <div class='ocr_carea' id='block_1_112' title="bbox 2057 5171 3625 5250">
    <p class='ocr_par' dir='ltr' id='par_1_112' title="bbox 2057 5171 3625 5250">
     <span class='ocr_line' id='line_1_112' title="bbox 2057 5171 3625 5250; baseline 0.004 -23"><span class='ocrx_word' id='word_1_855' title='bbox 2057 5171 2198 5227; x_wconf 85' lang='lat' dir='ltr'><strong>scisa</strong></span> <span class='ocrx_word' id='word_1_856' title='bbox 2240 5186 2367 5227; x_wconf 86' lang='lat' dir='ltr'><strong>caro</strong></span> <span class='ocrx_word' id='word_1_857' title='bbox 2391 5175 2637 5244; x_wconf 69' lang='lat' dir='ltr'><strong>praeputii</strong></span> <span class='ocrx_word' id='word_1_858' title='bbox 2667 5175 2804 5230; x_wconf 90' lang='lat' dir='ltr'><strong>ultra</strong></span> <span class='ocrx_word' id='word_1_859' title='bbox 2845 5178 3020 5233; x_wconf 82' lang='lat' dir='ltr'><strong>redire</strong></span> <span class='ocrx_word' id='word_1_860' title='bbox 3045 5194 3147 5232; x_wconf 92' lang='lat' dir='ltr'><strong>non</strong></span> <span class='ocrx_word' id='word_1_861' title='bbox 3169 5178 3357 5246; x_wconf 89' lang='lat' dir='ltr'><strong>possit.</strong></span> <span class='ocrx_word' id='word_1_862' title='bbox 3396 5178 3625 5250; x_wconf 86' lang='lat' dir='ltr'><strong>Dignum</strong></span> 
     </span>
    </p>
   </div>
   <div class='ocr_carea' id='block_1_113' title="bbox 2057 5263 3623 5336">
    <p class='ocr_par' dir='ltr' id='par_1_113' title="bbox 2057 5263 3623 5336">
     <span class='ocr_line' id='line_1_113' title="bbox 2057 5263 3623 5336; baseline 0.004 -21"><span class='ocrx_word' id='word_1_863' title='bbox 2057 5268 2143 5316; x_wconf 91' lang='lat' dir='ltr'><strong>est</strong></span> <span class='ocrx_word' id='word_1_864' title='bbox 2169 5274 2298 5333; x_wconf 88' lang='lat' dir='ltr'><strong>ergo</strong></span> <span class='ocrx_word' id='word_1_865' title='bbox 2341 5270 2397 5317; x_wconf 92' lang='lat' dir='ltr'><strong>et</strong></span> <span class='ocrx_word' id='word_1_866' title='bbox 2433 5263 2717 5320; x_wconf 88' lang='lat' dir='ltr'><strong>evidenter</strong></span> <span class='ocrx_word' id='word_1_867' title='bbox 2756 5267 3091 5336; x_wconf 85' lang='lat' dir='ltr'><strong>intelligitur,</strong></span> <span class='ocrx_word' id='word_1_868' title='bbox 3124 5269 3266 5336; x_wconf 88' lang='lat' dir='ltr'><strong>quod</strong></span> <span class='ocrx_word' id='word_1_869' title='bbox 3294 5269 3623 5324; x_wconf 86' lang='lat' dir='ltr'><strong>continentia</strong></span> 
     </span>
    </p>
   </div>
   <div class='ocr_carea' id='block_1_114' title="bbox 2061 5340 3624 5430">
    <p class='ocr_par' dir='ltr' id='par_1_114' title="bbox 2061 5340 3624 5430">
     <span class='ocr_line' id='line_1_114' title="bbox 2061 5340 3624 5430; baseline 0.003 -24"><span class='ocrx_word' id='word_1_870' title='bbox 2061 5352 2191 5407; x_wconf 87' lang='lat' dir='ltr'><strong>mali</strong></span> <span class='ocrx_word' id='word_1_871' title='bbox 2223 5354 2403 5423; x_wconf 86' lang='lat' dir='ltr'><strong>operis</strong></span> <span class='ocrx_word' id='word_1_872' title='bbox 2428 5369 2546 5423; x_wconf 74' lang='lat' dir='ltr'><strong>qua:</strong></span> <span class='ocrx_word' id='word_1_873' title='bbox 2566 5370 2666 5425; x_wconf 89' lang='lat' dir='ltr'><strong>per</strong></span> <span class='ocrx_word' id='word_1_874' title='bbox 2705 5340 3168 5412; x_wconf 81' lang='lat' dir='ltr'><strong>circumcisionem</strong></span> <span class='ocrx_word' id='word_1_875' title='bbox 3191 5358 3543 5430; x_wconf 85' lang='lat' dir='ltr'><strong>signiﬁcatur,</strong></span> <span class='ocrx_word' id='word_1_876' title='bbox 3577 5358 3624 5411; x_wconf 88' lang='lat' dir='ltr'><strong>si</strong></span> 
     </span>
    </p>
   </div>
   <div class='ocr_carea' id='block_1_115' title="bbox 2060 5444 3622 5521">
    <p class='ocr_par' dir='ltr' id='par_1_115' title="bbox 2060 5444 3622 5521">
     <span class='ocr_line' id='line_1_115' title="bbox 2060 5444 3622 5521; baseline 0.002 -24"><span class='ocrx_word' id='word_1_877' title='bbox 2060 5456 2223 5511; x_wconf 87' lang='lat' dir='ltr'><strong>opera</strong></span> <span class='ocrx_word' id='word_1_878' title='bbox 2254 5444 2375 5499; x_wconf 75' lang='lat' dir='ltr'><strong>fidei</strong></span> <span class='ocrx_word' id='word_1_879' title='bbox 2411 5460 2517 5501; x_wconf 88' lang='lat' dir='ltr'><strong>nou</strong></span> <span class='ocrx_word' id='word_1_880' title='bbox 2559 5447 2777 5511; x_wconf 79' lang='lat' dir='ltr'><strong>habeat,</strong></span> <span class='ocrx_word' id='word_1_881' title='bbox 2799 5448 2865 5501; x_wconf 90' lang='lat' dir='ltr'><strong>ad</strong></span> <span class='ocrx_word' id='word_1_882' title='bbox 2908 5448 3298 5504; x_wconf 87' lang='lat' dir='ltr'><strong>immunditiam</strong></span> <span class='ocrx_word' id='word_1_883' title='bbox 3328 5458 3622 5521; x_wconf 72' lang='lat' dir='ltr'><strong>repetetur.</strong></span> 
     </span>
    </p>
   </div>
   <div class='ocr_carea' id='block_1_116' title="bbox 2144 5532 3626 5609">
    <p class='ocr_par' dir='ltr' id='par_1_116' title="bbox 2144 5532 3626 5609">
     <span class='ocr_line' id='line_1_116' title="bbox 2144 5532 3626 5609; baseline 0.001 -22"><span class='ocrx_word' id='word_1_884' title='bbox 2144 5532 2202 5588; x_wconf 87' lang='lat' dir='ltr'><strong>Si</strong></span> <span class='ocrx_word' id='word_1_885' title='bbox 2229 5535 2389 5604; x_wconf 87' lang='lat' dir='ltr'><strong>igitur</strong></span> <span class='ocrx_word' id='word_1_886' title='bbox 2414 5536 2973 5606; x_wconf 72' lang='lat' dir='ltr'><strong>prwputiumjustitias</strong></span> <span class='ocrx_word' id='word_1_887' title='bbox 2992 5536 3117 5609; x_wconf 83' lang='lat' dir='ltr'><strong>legis</strong></span> <span class='ocrx_word' id='word_1_888' title='bbox 3146 5540 3427 5601; x_wconf 84' lang='lat' dir='ltr'><strong>custodiat,</strong></span> <span class='ocrx_word' id='word_1_889' title='bbox 3454 5553 3626 5591; x_wconf 60' lang='lat' dir='ltr'><strong>nature</strong></span> 
     </span>
    </p>
   </div>
   <div class='ocr_carea' id='block_1_117' title="bbox 2059 5625 3629 5701">
    <p class='ocr_par' dir='ltr' id='par_1_117' title="bbox 2059 5625 3629 5701">
     <span class='ocr_line' id='line_1_117' title="bbox 2059 5625 3629 5701; baseline -0.001 -19"><span class='ocrx_word' id='word_1_890' title='bbox 2059 5628 2372 5699; x_wconf 73' lang='lat' dir='ltr'><strong>prmputium</strong></span> <span class='ocrx_word' id='word_1_891' title='bbox 2404 5627 2547 5682; x_wconf 85' lang='lat' dir='ltr'><strong>illius</strong></span> <span class='ocrx_word' id='word_1_892' title='bbox 2589 5628 2642 5681; x_wconf 89' lang='lat' dir='ltr'><strong>in</strong></span> <span class='ocrx_word' id='word_1_893' title='bbox 2684 5629 3129 5684; x_wconf 84' lang='lat' dir='ltr'><strong>circumcisionem</strong></span> <span class='ocrx_word' id='word_1_894' title='bbox 3157 5628 3514 5701; x_wconf 80' lang='lat' dir='ltr'><strong>reputabitur?</strong></span> <span class='ocrx_word' id='word_1_895' title='bbox 3534 5625 3629 5682; x_wconf 81' lang='lat' dir='ltr'><strong>Ju-</strong></span> 
     </span>
    </p>
   </div>
   <div class='ocr_carea' id='block_1_118' title="bbox 2059 5717 3627 5791">
    <p class='ocr_par' dir='ltr' id='par_1_118' title="bbox 2059 5717 3627 5791">
     <span class='ocr_line' id='line_1_118' title="bbox 2059 5717 3627 5791; baseline -0.001 -18"><span class='ocrx_word' id='word_1_896' title='bbox 2059 5718 2205 5774; x_wconf 90' lang='lat' dir='ltr'><strong>stitia</strong></span> <span class='ocrx_word' id='word_1_897' title='bbox 2230 5717 2448 5773; x_wconf 87' lang='lat' dir='ltr'><strong>moralis</strong></span> <span class='ocrx_word' id='word_1_898' title='bbox 2470 5717 2587 5773; x_wconf 90' lang='lat' dir='ltr'><strong>loco</strong></span> <span class='ocrx_word' id='word_1_899' title='bbox 2609 5726 2691 5773; x_wconf 88' lang='lat' dir='ltr'><strong>est</strong></span> <span class='ocrx_word' id='word_1_900' title='bbox 2715 5718 2868 5789; x_wconf 85' lang='lat' dir='ltr'><strong>legis.</strong></span> <span class='ocrx_word' id='word_1_901' title='bbox 2894 5718 3001 5774; x_wconf 77' lang='lat' dir='ltr'><strong>Lex</strong></span> <span class='ocrx_word' id='word_1_902' title='bbox 3030 5720 3171 5775; x_wconf 89' lang='lat' dir='ltr'><strong>enim</strong></span> <span class='ocrx_word' id='word_1_903' title='bbox 3195 5718 3442 5791; x_wconf 84' lang='lat' dir='ltr'><strong>generale</strong></span> <span class='ocrx_word' id='word_1_904' title='bbox 3460 5732 3627 5775; x_wconf 79' lang='lat' dir='ltr'><strong>voca-</strong></span> 
     </span>
    </p>
   </div>
  </div>
