3974 6202
292 300 352 353 3:.
1394 289 1722 350 COLLECT.
1764 291 1831 347 IN
1869 290 2084 347 EPIST.
2121 292 2214 347 AD
2252 294 2416 350 nou.
3477 307 3548 361 δι

291 413 462 469 bulum
487 429 499 462 :
517 409 732 477 iustitia
780 424 911 464 vero
959 409 1092 478 legis
1140 422 1265 477 pars
1292 415 1396 461 est.
1429 407 1684 462 Continet
1715 407 1859 461 enim
1889 403 1943 464 Α
1966 405 2339 460 cumcisionis?
2358 407 2562 462 Dehinc
2593 409 2754 462 tertio
2780 409 2898 464 loco
2917 411 3299 482 objectionem,
3332 428 3456 483 qua:
3476 415 3546 468 ab

291 506 369 557 lex
391 501 652 570 jnstitias,
685 507 742 553 et
776 499 1006 569 judicia,
1036 509 1090 552 et
1121 499 1398 560 mandata,
1437 505 1492 552 et
1515 497 1863 566 jnstiﬁcatio-

292 609 398 656 nes,
423 591 665 660 aliasque
694 603 861 658 quam
899 582 1164 658 plurimas
1193 589 1423 657 species.
1455 589 1522 641 Et
1550 589 1687 642 bene
1714 587 1864 642 addit

288 685 441 753 legem
472 680 750 752 perﬁciens
775 694 793 731 :
824 679 915 732 ille
963 679 1107 731 enim
1138 679 1230 746 qui
1281 679 1576 733 secundum
1623 677 1861 732 litteram

289 773 430 832 vivit,
473 769 753 824 custodire
800 768 1000 821 dicitur
1029 768 1234 835 legem;
1265 768 1366 822 iste
1415 779 1592 822 autem
1628 769 1719 836 qui
1771 783 1861 822 se-

289 861 507 917 cundum
552 859 826 928 spiritum,
866 858 1127 928 perﬁcere
1155 876 1174 909 ε.
1196 859 1434 912 custodit
1460 866 1638 913 autem
1690 859 1860 930 legem

287 952 509 1007 carnalis
537 949 778 1013 Iudaeus,
800 949 1013 1019 perﬁcit
1041 957 1221 1002 autem
1259 949 1578 1018 spiritualis,
1607 957 1661 1004 et
1683 951 1773 1020 qui
1805 951 1858 1004 in

288 1044 485 1106 occulto
511 1041 733 1096 Judzcus
777 1050 880 1095 est.
926 1041 995 1094 Et
1025 1025 1288 1112 judicabit
1311 1050 1380 1106 te,
1413 1059 1532 1113 qua:
1563 1060 1628 1096 ex
1669 1054 1859 1098 natura

289 1147 368 1190 est.
396 1134 640 1188 Crcdcns
660 1131 896 1202 gentilis,
927 1131 1061 1186 duce
1086 1141 1282 1186 natura
1311 1133 1365 1186 in
1400 1133 1696 1200 Christum,
1724 1150 1858 1189 con-

289 1227 556 1282 demnabit
582 1224 852 1290 Judaeum,
887 1224 974 1279 cui
1007 1224 1090 1278 lex
1123 1224 1449 1294 promiserat
1478 1224 1771 1289 Christum,
1804 1235 1859 1281 et

289 1317 567 1368 adventum
622 1314 716 1367 Dei
763 1313 985 1367 credere
1025 1312 1217 1366 noluit.
1254 1311 1357 1376 Qui
1399 1329 1492 1382 per
1537 1313 1765 1368 litteram
1807 1324 1856 1368 et

290 1405 723 1458 circumcisionem
768 1404 1141 1472 prtevaricator
1167 1402 1295 1472 legis
1319 1420 1391 1456 es.
1432 1403 1558 1458 Sive
1599 1405 1725 1458 dum
1773 1405 1857 1460 lit-

293 1507 404 1548 terae
438 1492 908 1547 circumcisionem
947 1494 1194 1556 sectaris,
1231 1493 1700 1548 circumcisionem
1747 1497 1842 1565 spi-

291 1585 411 1637 ritus
445 1583 695 1652 accipere
721 1581 1068 1655 dedignaris:
1103 1583 1216 1636 sive
1260 1599 1365 1638 non
1409 1585 1686 1654 sequendo
1711 1587 1853 1654 quod

291 1676 364 1730 lex
384 1675 542 1738 dixit,
573 1676 673 1728 hoc
693 1681 794 1736 est,
825 1682 886 1726 ut
912 1673 1129 1727 Christo
1155 1674 1381 1728 credens
1409 1691 1594 1730 veram
1623 1677 1858 1732 circum-

1972 494 2284 549 adversario
2316 498 2640 566 prmcedenti
2689 502 3032 568 responsioni
3077 503 3237 574 objici
3295 513 3544 573 poterat,

1972 596 2068 649 per
2110 584 2299 652 pensin
2340 587 2614 656 proponit,
2641 602 2844 657 perque
2887 589 3157 658 apocrisin
3191 591 3330 646 mira
3367 592 3544 647 brevi-

1972 681 2085 728 tate
2132 674 2350 741 refutat,
2411 678 2817 732 dicenszAbsit.
2861 679 3026 748 Cujus
3074 683 3405 739 brevissima:
3460 699 3545 740 re-

1969 767 2292 834 sponsionis,
2326 769 2692 824 invincibilem
2737 772 3202 829 conﬁrmationem
3237 774 3541 841 subintulit,

1967 855 2194 910 dicens:
2227 855 2321 910 Est
2365 859 2501 912 enim
2549 859 2691 913 Deus
2730 877 2908 926 verax,
2954 865 3123 916 omnis
3176 873 3351 918 autem
3389 865 3540 919 homo

1965 945 2210 999 mendax.
2242 946 2346 1001 Sed
2371 957 2430 1002 ut
2455 949 2569 1018 ipsa
2609 950 2950 1006 conﬁrmatio
2991 954 3360 1010 robustissima
3391 957 3543 1011 vide-

1966 1043 2136 1099 retur,
2178 1037 2488 1092 Davidicam
2534 1038 2804 1108 subjunxit
2831 1043 3179 1108 sententiam,
3223 1045 3364 1100 sicut
3409 1047 3544 1100 scri-

1963 1131 2114 1192 ptum
2133 1134 2218 1180 est
2245 1140 2260 1180 :
2295 1125 2362 1179 Ut
2381 1128 2693 1198 justiﬁceris
2714 1131 2770 1182 in
2791 1132 3114 1186 sermonibus
3131 1134 3235 1187 tuis
3264 1132 3436 1203 (Psal.
3461 1135 3538 1207 ι).

1962 1215 2032 1268 Et
2068 1215 2182 1271 haec
2207 1217 2425 1286 quidem
2460 1228 2720 1288 quantum
2750 1221 2816 1275 ad
2847 1222 3093 1278 ordinem
3125 1225 3534 1280 sententiarum.

1961 1304 2282 1386 Apostolicze
2313 1309 2690 1377 disputationis
2724 1311 3044 1380 profundius
3094 1314 3383 1372 interiores
3417 1332 3536 1371 me-

1959 1395 2134 1452 dullas
2158 1401 2539 1468 perscrutanti,
2567 1386 2674 1455 non
2707 1402 2760 1455 in
2790 1401 3091 1472 prolatione
3111 1405 3420 1470 verborum,
3444 1407 3538 1461 sed

1960 1487 2016 1564 in
2050 1489 2248 1543 virtute
2293 1505 2548 1546 sensuum
2600 1492 2704 1545 duo
2753 1493 3070 1562 principalia
3097 1495 3533 1566 syllogismorum

1959 1594 2180 1649 genera,
2220 1582 2595 1650 cathegoricus
2633 1583 2905 1649 videlicet,
2952 1594 3116 1662 atque
3155 1587 3536 1657 hypotheticus

1960 1673 2318 1744 syllogismus,
2362 1674 2518 1744 quasi
2555 1675 2660 1728 duo
2683 1675 2928 1729 deliciosi'
2956 1663 3153 1745 pisces,
3185 1689 3375 1746 sponte
3417 1679 3536 1735 sese

288 1767 534 1819 cisionetn
560 1765 837 1834 acciperes
860 1764 1061 1827 cordis,
1085 1766 1152 1819 de
1185 1780 1290 1834 qua
1318 1765 1581 1834 scriptum
1611 1767 1663 1820 in
1691 1767 1849 1837 lege:
1878 1753 1927 1812 B
1955 1764 2152 1818 mentis
2171 1764 2449 1818 obtutibus
2472 1763 2725 1819 offerunt.
2770 1766 2959 1835 Itaque
2997 1767 3399 1836 cathegoricum
3428 1770 3537 1840 syl-

287 1855 344 1908 ln
369 1853 662 1908 novissimis
703 1853 884 1907 diebus
925 1854 1257 1906 circumcidet
1290 1852 1429 1907 Deus
1470 1871 1561 1906 cor
1588 1864 1760 1918 tuum,
1805 1863 1853 1909 et

287 1946 484 1997 seminis
542 1945 640 2009 tui,
699 1943 770 1995 ad
825 1942 1103 1994 Dominum
1155 1942 1322 1995 Deum
1373 1953 1520 1995 tuum
1565 1944 1850 1997 amandum

288 2037 452 2092 (Deut.
484 2033 635 2105 xxx).
672 2034 735 2086 Et
767 2033 1001 2086 iterum:
1037 2031 1408 2085 Circumcidite
1443 2049 1531 2085 vos
1555 2031 1662 2086 Deo
1685 2045 1850 2086 vestro

288 2126 454 2196 (Deut.
505 2123 580 2194 ιι).
639 2124 705 2176 Et
760 2121 1026 2177 Jeremias
1068 2140 1081 2175 :
1123 2120 1492 2176 Circumcidite
1534 2125 1848 2194 prteputium

286 2215 443 2268 cordis
471 2214 624 2266 vestri
657 2211 870 2283 (Jerem.
895 2211 992 2282 Iv).
1016 2211 1146 2266 Item
1185 2211 1396 2281 Moyses
1416 2211 1532 2266 ait:
1563 2209 1851 2266 Circumci-

288 2307 403 2360 detis
427 2304 681 2358 duritiam
702 2303 873 2357 cordis
889 2305 1060 2357 vestri.
1082 2303 1484 2358 Circumcidere
1496 2319 1612 2370 cor,
1637 2306 1848 2360 sublata

289 2399 467 2454 nebula
513 2397 854 2468 ignorantia},
891 2411 1184 2466 agnoscere
1231 2405 1316 2451 est
1366 2406 1664 2452 auctorem.
1694 2398 1847 2465 Quod

286 2500 446 2542 autem
471 2489 528 2542 in
557 2488 651 2542 tali
686 2488 930 2541 membro
951 2487 1500 2553 circumcidebantur,
1527 2489 1653 2543 .hmc
1679 2489 1844 2545 causa

282 2589 356 2632 est
381 2580 572 2648 prima,
609 2593 679 2632 ne
706 2577 851 2632 aliud
882 2579 1182 2632 membrum
1215 2589 1308 2633 aut
1331 2580 1507 2634 debile
1538 2581 1714 2647 ﬁeret,
1751 2589 1845 2635 aut

283 2681 444 2740 turpe,
473 2671 617 2741 quod
649 2670 862 2738 publice
891 2671 1196 2737 videretur;
1241 2673 1368 2726 item
1404 2681 1628 2743 propter
1653 2675 1842 2744 gratia:

280 2761 698 2830 promissionem,
741 2761 796 2814 in
824 2775 929 2830 qua
971 2768 1090 2814 erat
1127 2777 1224 2830 per
1275 2764 1586 2818 castitatem
1623 2765 1845 2834 placen-

281 2855 419 2906 dum.
447 2852 539 2906 Cui
578 2853 699 2905 laus
735 2870 839 2906 non
865 2870 930 2907 ea:
956 2854 1269 2908 hominibus.
1311 2855 1423 2910 Hoc
1467 2863 1570 2921 est,
1599 2858 1689 2926 qui
1734 2872 1841 2911 non

279 2952 496 3012 possunt
520 2944 784 3014 inspicere
811 2944 1144 3013 spiritualem
1172 2945 1664 3001 circumcisionem.
1697 2946 1840 3012 Quid

275 3052 392 3104 ergo
427 3037 647 3107 amplius
691 3036 1174 3092 Juda’oﬂiidetur
1199 3055 1378 3094 sermo
1416 3038 1744 3109 apostolicus
1781 3039 1838 3092 in

1955 1855 2236 1928 Iogisnium
2267 1859 2368 1913 hoc
2414 1861 2574 1914 modo
2602 1861 2944 1916 conterimus
2969 1881 2980 1915 ε
3015 1862 3203 1918 Omnis
3233 1865 3444 1919 veracis
3475 1865 3539 1919 li—

1955 1946 2075 2000 dem
2101 1947 2299 2001 nullius
2327 1949 2681 2003 incredulitas
2710 1951 3024 2016 evacuabit;
3057 1952 3199 2007 Dens
3231 1962 3409 2008 autem
3443 1969 3533 2008 ve-

1953 2051 2050 2089 rax
2082 2045 2202 2091 est:
2238 2039 2331 2092 Dei
2362 2040 2526 2109 igitur
2565 2040 2724 2094 ﬁdem
2772 2041 2974 2098 nullius
3019 2044 3371 2099 incredulitas
3402 2062 3533 2100 eva-

1950 2128 2154 2182 cuabit.
2183 2129 2278 2183 Vel
2305 2129 2408 2184 hoc
2437 2131 2814 2196 modombsit,
2847 2143 2904 2186 ut
2929 2135 3105 2189 omnis
3135 2137 3343 2190 veracis
3368 2136 3528 2190 tidem

1951 2217 2251 2287 aliquorum
2295 2220 2641 2276 incredulitas
2679 2232 2934 2289 evacuet;
2965 2226 3105 2280 Deus
3144 2237 3323 2282 autem
3364 2243 3529 2282 verax

1948 2315 2033 2361 est
2062 2325 2074 2361 :
2103 2309 2246 2363 absit
2272 2310 2456 2380 itaque
2490 2321 2548 2365 ut
2573 2312 2669 2366 Dei
2711 2313 2870 2367 ﬁdem
2910 2315 3210 2395 aliquorum
3239 2318 3531 2372 increduli-

1949 2406 2034 2454 tas
2077 2408 2321 2455 evacuet.
2364 2402 2497 2456 Item
2547 2404 2881 2474 bypothetici
2932 2407 3225 2478 syllogismi
3278 2411 3531 2466 nexilitas

1948 2489 2052 2542 hoc
2088 2489 2277 2545 ordine
2313 2500 2634 2546 conteratur
2661 2511 2675 2547 :
2704 2493 2761 2548 Si
2791 2496 2932 2550 Deus
2959 2512 3126 2551 verax
3177 2508 3281 2563 est,
3321 2499 3526 2568 aliquo-

1945 2593 2069 2631 rum
2104 2579 2454 2636 incredulitas
2483 2582 2644 2637 ﬁdem
2699 2585 2794 2639 Dei
2841 2601 2947 2640 non
2976 2588 3278 2642 evacuabit.
3312 2589 3425 2644 Non
3447 2601 3535 2646 est

1945 2667 2130 2736 itaque
2157 2667 2510 2726 dubitandum
2535 2672 2678 2739 quod
2723 2674 2778 2728 in
2830 2677 3142 2744 apostolicis
3172 2677 3352 2741 dictis,
3385 2681 3531 2735 velut

1945 2759 2450 2829 in'prol'undissima
2484 2764 2683 2834 a‘vysso
2708 2765 3077 2835 disputatorite
3103 2767 3421 2837 disciplima,
3449 2780 3530 2825 ta-

1945 2851 2029 2909 les
2076 2855 2387 2910 suavissimi
2434 2856 2614 2926 pisces
2662 2865 2880 2912 tranare
2927 2874 3032 2912 non
3084 2859 3352 2924 desinant,
3395 2877 3532 2930 quos

1943 2952 2219 3000 amatores
2275 2945 2554 3014 sapientiae
2595 2947 2918 3016 gratissima:
2971 2948 3169 3002 mentis
3230 2949 3392 3002 hamo
3437 2963 3529 3003 ca-

1941 3037 2116 3106 piunt.
2170 3036 2214 3092 O
2266 3037 2530 3093 mirabilis
2563 3037 2931 3107 profunditas!
2979 3038 3024 3094 Ο
3069 3035 3258 3095 mellea
3303 3039 3524 3104 fluenta,

273 3128 600 3182 dialecticam
641 3128 936 3182 incurrisse
964 3130 1260 3196 rationem;
1293 3146 1466 3200 neque
1492 3131 1596 3185 hoc
1633 3131 1838 3186 miran-
1864 3124 1914 3189 C
1942 3128 2160 3200 Hyblaeo
2197 3137 2416 3186 nectare
2444 3132 2716 3188 dulciora!
2747 3132 2791 3188 Ο
2823 3148 3022 3188 novum
3058 3148 3307 3203 saporem
3332 3150 3394 3188 ex
3431 3150 3527 3204 pa-

273 3213 426 3265 dum:
457 3230 606 3278 nam,
659 3223 719 3267 ut
746 3214 937 3268 beatus
965 3213 1324 3286 Hieronymus
1357 3216 1457 3280 ait,
1490 3215 1756 3286 quidquid
1783 3217 1839 3271 in

267 3303 457 3357 saeculo
506 3306 825 3374 dogmatum
868 3319 1251 3373 perversorum
1299 3314 1404 3371 est,
1455 3307 1714 3377 quidquid
1771 3309 1840 3364 ad

268 3404 533 3448 terrenam
569 3394 852 3449 scientiam
891 3395 1147 3463 pertinet,
1175 3405 1231 3449 et
1264 3403 1485 3465 putatur
1513 3412 1634 3452 esse
1678 3397 1841 3454 robu-

264 3494 420 3549 stam,
452 3488 556 3540 hoc
587 3486 872 3541 dialectica
919 3495 1039 3541 arte
1066 3487 1416 3553 subvertitur,
1452 3496 1507 3543 et
1550 3489 1721 3544 instar
1744 3491 1842 3544 .in—

261 3579 431 3632 ccudii
467 3579 525 3632 in
551 3578 764 3632 cineres
793 3576 1107 3647 favillasque
1141 3578 1468 3645 dissolvitur,
1494 3588 1554 3634 ut
1579 3582 1842 3649 probetur

260 3669 431 3733 nihili,
458 3669 606 3738 quod
631 3668 923 3738 putabatur
955 3684 1076 3724 esse
1123 3668 1497 3724 fortissimum.
1528 3671 1620 3725 Est
1659 3680 1840 3726 autem

257 3761 540 3815 dialectica
585 3769 942 3829 cognomento
990 3759 1181 3831 logica,
1219 3776 1340 3829 qua:
1385 3761 1841 3831 disputationibus

259 3849 638 3904 snbtilissimis
676 3864 740 3902 ac
787 3849 1060 3913 brevibus,
1094 3863 1220 3904 vera
1253 3858 1557 3918 sequestrat
1593 3865 1622 3903 a
1666 3851 1836 3916 falsis,

253 3943 402 4011 cujus
453 3939 760 4008 disciplima
797 3941 1160 3994 verarissimis
1188 3940 1643 4009 disputationibus
1697 3955 1839 4010 Stepe

250 4031 552 4100 Apostolus
586 4031 854 4101 proponit,
906 4032 1151 4096 assumit,
1182 4030 1468 4085 conﬁrmat
1505 4039 1669 4101 atque
1708 4046 1842 4085 con-

249 4122 440 4186 cludit,
482 4137 606 4190 quaa
643 4123 852 4192 species
897 4122 1115 4192 proprie
1163 4123 1298 4177 artis
1337 4119 1634 4178 dialecticae
1676 4130 1840 4190 atque

251 4199 548 4268 rhetorica:
593 4222 740 4268 sunt.
774 4213 878 4268 Sed
921 4214 1054 4268 dicit
1079 4213 1445 4283 aliquiszNec
1485 4223 1668 4284 partes
1707 4215 1838 4284 ipsa:

245 4301 719 4373 syllogismorum,
747 4315 849 4356 nec
868 4302 1086 4357 nomina
1107 4303 1465 4366 schematum,
1490 4318 1590 4358 nec
1608 4301 1714 4357 alia
1739 4304 1840 4357 hu-

245 4394 554 4462 iuscemodi
596 4394 864 4450 ullatenus
899 4395 1250 4450 inveniuntur
1285 4394 1339 4449 in
1370 4393 1650 4463 Apostolo.
1682 4393 1842 4450 Inve-

245 4489 481 4542 niuntur
511 4485 690 4555 plane,
715 4502 819 4542 non
854 4485 1123 4542 elllatione
1147 4485 1458 4582 verborum,
1502 4486 1596 4540 sed
1637 4486 1690 4540 in
1722 4486 1835 4582 vir-
1862 4471 1917 4532 D
1950 4471 2402 4581 promis'sionibus
2453 4525 2582 4565 vero
2632 4471 2912 4582 'subjungi;
2954 4529 2966 4564 ε

245 4589 358 4633 tute
383 4591 676 4634 sensuum.
707 4577 858 4632 Sicut
883 4578 1028 4632 enim
1049 4579 1174 4632 vina
1208 4579 1263 4632 in
1293 4577 1514 4642 vitibus,
1552 4591 1758 4632 messes
1780 4578 1835 4632 in

244 4672 480 4733 semine,
509 4668 728 4724 frondes
754 4670 807 4723 in
836 4669 1132 4734 radicibus,
1161 4669 1383 4724 nucleos
1409 4668 1838 4739 contemplamur

245 4760 295 4812 in
327 4760 593 4824 nucibus,
624 4758 701 4813 sic
725 4767 781 4811 et
823 4759 890 4812 de
915 4758 1333 4828 profundissima
1367 4759 1583 4829 abysso,
1615 4760 1836 4816 delicio-

243 4865 332 4904 sus
355 4849 538 4919 piscis
581 4849 882 4918 attingitur,
907 4849 997 4917 qui
1042 4851 1169 4903 ante
1198 4848 1501 4917 captionem
1536 4864 1687 4904 suam
1730 4851 1832 4905 hu-

240 4942 420 4994 manis
443 4939 626 4994 oculis
652 4955 758 4992 non
784 4947 1026 5008 apparet.
1060 4937 1250 4994 Merito
1273 4953 1400 5008 ergo
1429 4937 1662 4995 dicimus
1690 4955 1832 5006 esse,

241 5034 383 5102 quod
414 5030 779 5085 nihilominus
811 5029 864 5082 in
903 5029 1100 5083 virtute
1127 5030 1410 5083 sentimus.

867 5141 1094 5198 CAPUT
1141 5141 1225 5196 Ill.

308 5237 468 5304 Quid
504 5252 624 5304 ergo
648 5234 876 5304 amplius
898 5233 1090 5286 Iudaeo
1117 5243 1191 5286 est
1209 5235 1232 5285 ?
1253 5233 1523 5299 Quantum
1566 5233 1730 5302 igitur
1743 5232 1840 5286 tia-

239 5339 326 5381 tur
357 5325 624 5395 intelligi,
661 5327 713 5378 in
749 5327 849 5378 hac
881 5322 1177 5392 apostolica
1201 5323 1522 5376 dissertione
1547 5323 1665 5375 dum
1714 5337 1837 5390 spe-

236 5421 351 5473 cies
409 5416 796 5488 principaliter
844 5415 1108 5479 eminent,
1157 5429 1276 5482 qua:
1310 5412 1497 5468 Gnece
1545 5421 1728 5474 πεῦσις
1779 5420 1835 5466 et

235 5512 556 5583 ἀπόκρισις,
588 5507 781 5561 Latine
827 5506 1202 5576 percunctatio
1232 5513 1286 5559 et
1336 5505 1616 5574 responsio
1649 5504 1833 5574 appel-

231 5603 430 5655 lantur
469 5619 482 5652 :
509 5608 693 5662 πιῦσις
722 5599 942 5668 quidem
967 5599 1020 5652 in
1048 5613 1114 5652 eo
1140 5598 1280 5667 quod
1311 5598 1582 5666 proponit,
1613 5597 1830 5652 dicens:

232 5695 385 5759 Quid
437 5710 562 5764 ergo
585 5694 784 5749 Iudico
827 5691 1054 5761 amplius
1083 5701 1178 5758 est,
1204 5700 1297 5745 aut
1339 5707 1456 5761 qua:
1497 5691 1697 5745 utilitas
1733 5691 1838 5743 cir-

1945 3221 2230 3278 radisiacis
2277 3221 2518 3278 fontibus
2545 3225 2784 3280 celestis
2831 3225 3217 3296 Hierosolyma:
3246 3227 3532 3295 terrigenis
3567 3277 3580 3284 -

1945 3312 2194 3367 allatum!
2227 3313 2271 3368 Ο
2303 3313 2388 3368 lac
2416 3315 2784 3384 parvulorum,
2814 3317 3044 3371 solidum
3090 3317 3414 3386 sapientium
3449 3317 3530 3370 ci-

1941 3402 2091 3467 butn,
2121 3401 2388 3457 medelam
2411 3419 2702 3474 mgrorum,
2726 3421 3080 3475 mensamque
3098 3405 3355 3461 refertam
3380 3407 3528 3460 omni

1942 3493 2096 3562 copia
2135 3492 2434 3548 bonorum!
2479 3493 2575 3550 llis
2615 3495 2983 3565 pra-gustatis,
3024 3511 3166 3550 nunc
3209 3497 3275 3550 ad
3321 3494 3528 3565 singula

1944 3583 2257 3654 exponenda
2288 3599 2632 3640 recurramus
2645 3626 2660 3640 .

2014 3697 2071 3750 In
2102 3698 2202 3752 hoc
2231 3697 2428 3754 Paulus
2449 3699 2608 3754 'vclut
2647 3699 2852 3754 arbiter
2879 3701 3098 3769 quidam
3134 3701 3274 3754 inter
3308 3699 3523 3756 Iudaeos

1943 3787 2187 3840 residens
2242 3796 2298 3842 et
2353 3788 2612 3853 Grmcos,
2675 3789 2728 3842 id
2784 3796 2906 3853 est,
2961 3790 3101 3841 inter
3155 3803 3249 3843 eos
3303 3790 3393 3858 qui
3457 3792 3524 3846 de

1941 3874 2191 3945 gentibus
2249 3875 2517 3938 credunt,
2591 3876 2706 3930 sive
2767 3878 2834 3930 de
2899 3877 3349 3946 promissionihus
3407 3897 3524 3938 me-

1942 3973 2158 4030 morat,
2224 3965 2339 4019 sive
2384 3965 2449 4020 de
2493 3966 2710 4036 pmnis,
2773 3967 2841 4022 ad
2916 3975 3204 4039 utrumque
3264 3972 3521 4041 populum

1942 4055 2132 4110 dividit
2187 4053 2446 4109 verbum.
2503 4055 2665 4110 Verbi
2734 4058 2948 4129 gratia,
3003 4074 3124 4112 cum
3180 4060 3310 4115 dicit
3361 4080 3373 4116 :
3427 4062 3525 4117 llis

1941 4157 2113 4201 autem
2159 4147 2248 4217 qui
2296 4129 2726 4202 ex’contentione
2781 4160 2946 4214 sunt,
2991 4151 3082 4220 qui
3149 4152 3386 4222 difﬁdunt
3444 4172 3525 4209 re-

1943 4238 2124 4300 ritati;
2165 4237 2493 4290 credentibus
2536 4247 2708 4291 autem
2738 4239 3025 4310 iniquitati,
3055 4241 3160 4307 ira,
3194 4251 3243 4295 et
3282 4243 3524 4313 indigna-

1943 4328 2034 4392 tio,
2073 4327 2362 4390 tribulatio,
2407 4337 2456 4380 et
2496 4329 2760 4397 angustia,
2814 4329 2868 4382 in
2890 4345 3090 4382 omnem
3144 4334 3378 4387 animant
3425 4334 3521 4387 Ito-

1943 4419 2098 4473 minis
2121 4420 2383 4489 operantis
2427 4417 2646 4483 malum,
2685 4417 2866 4474 Judwi
2890 4422 3115 4489 primum
3147 4434 3194 4475 et
3223 4421 3411 4478 Grtcci.
3447 4425 3523 4478 De

3016 4510 3200 4565 Gloria
3247 4524 3419 4568 autem
3472 4525 3520 4569 et

1943 4602 2111 4655 honor
2159 4610 2209 4654 et
2251 4615 2378 4670 pax,
2424 4600 2566 4654 omni
2619 4602 2856 4671 aperanti
2903 4601 3112 4667 bonum,
3169 4601 3363 4658 Iudico
3413 4606 3522 4676 pri-

1942 4709 2084 4746 mum
2120 4701 2166 4747 et
2198 4691 2398 4747 Greece.
2438 4691 2644 4748 Rursus
2685 4694 2750 4748 de
2774 4693 3023 4764 gentibus
3058 4695 3236 4748 dicere
3265 4697 3516 4751 videtur:

1945 4784 2251 4855 Quicunque
2275 4783 2411 4837 enim
2441 4783 2552 4837 sine
2581 4783 2688 4854 lege
2711 4795 3076 4854 peccaverunt,
3109 4786 3219 4838 sine
3248 4784 3355 4855 lege
3382 4789 3520 4854 peri-

1943 4876 2089 4928 bunt.
2114 4875 2181 4928 Et
2209 4875 2404 4928 iterum
2435 4875 2500 4928 de
2527 4874 2895 4928 circumcisis:
2921 4873 2988 4926 Et
3012 4876 3306 4944 quicunque
3328 4875 3382 4927 in
3409 4875 3518 4946 lege

1940 4973 2314 5036 peccaverunt,
2351 4980 2444 5035 per
2479 4961 2639 5034 legem
2687 4963 3087 5033 judicabuntur.
3131 4962 3336 5017 Rursus
3388 4980 3518 5020 vero

1943 5066 2130 5128 gentes
2151 5057 2386 5123 elevans,
2417 5057 2546 5112 dicit
2575 5075 2586 5110 :
2619 5055 2747 5110 Cum
2793 5057 2930 5109 enim
2958 5064 3161 5124 gentes,
3205 5073 3320 5126 qua:
3354 5057 3515 5128 legem

1943 5164 2045 5202 non
2073 5147 2283 5213 habent,
2315 5147 2630 5201 naturaliter
2651 5163 2766 5217 qua?
2788 5145 2913 5213 legis
2933 5154 3052 5197 sunt
3080 5145 3301 5214 faciunt,
3333 5149 3516 5219 hujus-

1941 5241 2080 5293 modi
2115 5239 2276 5309 legem
2309 5257 2409 5292 non
2435 5239 2677 5290 [tabentes
2703 5238 2802 5305 ipsi
2828 5237 2925 5290 sibi
2951 5247 3070 5290 sunt
3095 5237 3197 5303 lex,
3229 5240 3319 5309 qui
3341 5251 3514 5294 osten-

1940 5331 2068 5382 dunt
2093 5348 2220 5400 opus
2244 5330 2367 5399 legis
2393 5331 2642 5398 scriptum
2667 5330 2718 5382 in
2743 5330 3009 5394 cordibus,
3034 5340 3136 5384 etc.
3164 5332 3227 5385 Et
3249 5349 3316 5385 nc
3338 5333 3515 5387 videa-

1937 5428 2026 5474 tur
2054 5420 2248 5472 nimius
2277 5434 2396 5472 esse
2427 5418 2477 5470 in
2512 5419 2968 5486 increpationibus
3008 5419 3311 5473 Judmorum
3347 5421 3512 5476 dicit:

1937 5509 2279 5564 Circumcisio
2305 5508 2533 5577 prodest,
2555 5509 2602 5559 si
2621 5507 2779 5576 legem
2803 5509 3081 5561 custodiat.
3103 5507 3206 5561 Sed
3233 5509 3425 5563 iterum
3448 5527 3516 5565 ne

1939 5597 2111 5667 erigat
2136 5611 2230 5650 eos
2265 5596 2355 5665 qui
2386 5596 2611 5648 nimium
2643 5596 2695 5648 in
2719 5581 3131 5650 circumcisione
3171 5597 3468 5665 gloriantur
3497 5614 3512 5651 :

1939 5685 2180 5742 addidit:
2209 5681 2268 5740 Si
2295 5694 2465 5739 autem
2496 5686 2868 5755 pramaricator
2891 5683 3039 5754 legis,
3067 5685 3391 5739 circumcisio
3419 5694 3508 5738 tua
