  <div class='ocr_page' id='page_1' title='image "/cluster/home/n/w/nwhite01/storage/ocr_20150623/103/hvd.32044054759691/023.png"; bbox 0 0 3974 6202; ppageno 0'>
   <div class='ocr_carea' id='block_1_1' title="bbox 371 286 1974 364">
    <p class='ocr_par' dir='ltr' id='par_1_1' title="bbox 371 297 1974 364">
     <span class='ocr_line' id='line_1_1' title="bbox 371 297 1974 364; baseline -0.007 0"><span class='ocrx_word' id='word_1_1' title='bbox 371 345 404 364; x_wconf 77' lang='grc'><strong>..</strong></span> <span class='ocrx_word' id='word_1_2' title='bbox 416 346 442 364; x_wconf 89' lang='grc'><strong>..</strong></span> <span class='ocrx_word' id='word_1_3' title='bbox 1754 297 1974 354; x_wconf 85' lang='lat' dir='ltr'><strong>SEDUL</strong></span> 
     </span>
    </p>
   </div>
   <div class='ocr_carea' id='block_1_2' title="bbox 2076 286 3611 364">
    <p class='ocr_par' dir='ltr' id='par_1_2' title="bbox 2076 286 3611 351">
     <span class='ocr_line' id='line_1_2' title="bbox 2076 286 3611 351; baseline -0.005 -1"><span class='ocrx_word' id='word_1_4' title='bbox 2076 293 2256 351; x_wconf 75' lang='lat' dir='ltr'><strong>SCOTI</strong></span> <span class='ocrx_word' id='word_1_5' title='bbox 3541 286 3611 343; x_wconf 75' lang='grc' dir='ltr'><strong>εδ</strong></span> 
     </span>
    </p>
   </div>
   <div class='ocr_carea' id='block_1_3' title="bbox 364 346 3618 500">
    <p class='ocr_par' dir='ltr' id='par_1_3' title="bbox 364 346 3618 500">
     <span class='ocr_line' id='line_1_3' title="bbox 364 346 3618 500; baseline -0.009 -17"><span class='ocrx_word' id='word_1_6' title='bbox 364 346 682 500; x_wconf 57' lang='grc' dir='ltr'><strong>ἕιῗτραιίιιηι</strong></span> <span class='ocrx_word' id='word_1_7' title='bbox 709 423 849 494; x_wconf 80' lang='lat' dir='ltr'><strong>facta</strong></span> <span class='ocrx_word' id='word_1_8' title='bbox 878 427 971 474; x_wconf 89' lang='lat' dir='ltr'><strong>est.</strong></span> <span class='ocrx_word' id='word_1_9' title='bbox 999 416 1069 472; x_wconf 88' lang='lat' dir='ltr'><strong>Ut</strong></span> <span class='ocrx_word' id='word_1_10' title='bbox 1094 421 1273 468; x_wconf 88' lang='lat' dir='ltr'><strong>autem</strong></span> <span class='ocrx_word' id='word_1_11' title='bbox 1308 410 1584 481; x_wconf 84' lang='lat' dir='ltr'><strong>paululum</strong></span> <span class='ocrx_word' id='word_1_12' title='bbox 1619 422 1807 462; x_wconf 91' lang='lat' dir='ltr'><strong>eorum</strong></span> <span class='ocrx_word' id='word_1_13' title='bbox 1846 406 1936 500; x_wconf 75' lang='lat' dir='ltr'><strong>qui</strong></span> <span class='ocrx_word' id='word_1_14' title='bbox 1966 411 2016 467; x_wconf 84' lang='grc' dir='ltr'><strong>Α</strong></span> <span class='ocrx_word' id='word_1_15' title='bbox 2040 413 2124 500; x_wconf 80' lang='lat' dir='ltr'><strong>est</strong></span> <span class='ocrx_word' id='word_1_16' title='bbox 2147 402 2460 500; x_wconf 41' lang='lat' dir='ltr'><strong>promissi-0,</strong></span> <span class='ocrx_word' id='word_1_17' title='bbox 2479 411 2537 456; x_wconf 89' lang='lat' dir='ltr'><strong>ut</strong></span> <span class='ocrx_word' id='word_1_18' title='bbox 2562 401 2904 500; x_wconf 41' lang='lat' dir='ltr'><strong>cred-cutibus</strong></span> <span class='ocrx_word' id='word_1_19' title='bbox 2934 399 3242 500; x_wconf 64' lang='lat' dir='ltr'><strong>proﬁceret:</strong></span> <span class='ocrx_word' id='word_1_20' title='bbox 3267 398 3366 454; x_wconf 84' lang='lat' dir='ltr'><strong>Ubi</strong></span> <span class='ocrx_word' id='word_1_21' title='bbox 3392 398 3618 500; x_wconf 75' lang='lat' dir='ltr'><strong>Aposto-</strong></span> 
     </span>
    </p>
   </div>
   <div class='ocr_carea' id='block_1_4' title="bbox 373 496 1940 590">
    <p class='ocr_par' dir='ltr' id='par_1_4' title="bbox 373 496 1940 590">
     <span class='ocr_line' id='line_1_4' title="bbox 373 496 1940 590; baseline -0.016 -14"><span class='ocrx_word' id='word_1_22' title='bbox 373 538 435 577; x_wconf 84' lang='lat' dir='ltr'><strong>cx</strong></span> <span class='ocrx_word' id='word_1_23' title='bbox 467 496 714 590; x_wconf 83' lang='lat' dir='ltr'><strong>gentibus</strong></span> <span class='ocrx_word' id='word_1_24' title='bbox 735 511 976 572; x_wconf 90' lang='lat' dir='ltr'><strong>credunt,</strong></span> <span class='ocrx_word' id='word_1_25' title='bbox 1000 506 1208 560; x_wconf 90' lang='lat' dir='ltr'><strong>animos</strong></span> <span class='ocrx_word' id='word_1_26' title='bbox 1230 502 1506 565; x_wconf 84' lang='lat' dir='ltr'><strong>allevaret,</strong></span> <span class='ocrx_word' id='word_1_27' title='bbox 1535 499 1811 569; x_wconf 88' lang='lat' dir='ltr'><strong>snbjungit</strong></span> <span class='ocrx_word' id='word_1_28' title='bbox 1839 515 1852 551; x_wconf 87' lang='lat'><strong>:</strong></span> <span class='ocrx_word' id='word_1_29' title='bbox 1881 496 1940 551; x_wconf 90' lang='lat' dir='ltr'><strong>Si</strong></span> 
     </span>
    </p>
   </div>
   <div class='ocr_carea' id='block_1_5' title="bbox 373 591 1947 676">
    <p class='ocr_par' dir='ltr' id='par_1_5' title="bbox 373 591 1947 676">
     <span class='ocr_line' id='line_1_5' title="bbox 373 591 1947 676; baseline -0.017 -10"><span class='ocrx_word' id='word_1_30' title='bbox 373 621 549 665; x_wconf 88' lang='lat' dir='ltr'><strong>autem</strong></span> <span class='ocrx_word' id='word_1_31' title='bbox 573 604 887 676; x_wconf 79' lang='lat' dir='ltr'><strong>prteputium</strong></span> <span class='ocrx_word' id='word_1_32' title='bbox 904 597 1141 668; x_wconf 84' lang='lat' dir='ltr'><strong>justitias</strong></span> <span class='ocrx_word' id='word_1_33' title='bbox 1167 593 1291 663; x_wconf 84' lang='lat' dir='ltr'><strong>legis</strong></span> <span class='ocrx_word' id='word_1_34' title='bbox 1317 591 1601 654; x_wconf 74' lang='lat' dir='ltr'><strong>custodiat,</strong></span> <span class='ocrx_word' id='word_1_35' title='bbox 1627 605 1796 642; x_wconf 88' lang='lat' dir='ltr'><strong>nonne</strong></span> <span class='ocrx_word' id='word_1_36' title='bbox 1813 603 1947 657; x_wconf 81' lang='lat' dir='ltr'><strong>prte-</strong></span> 
     </span>
    </p>
   </div>
   <div class='ocr_carea' id='block_1_6' title="bbox 373 677 1946 769">
    <p class='ocr_par' dir='ltr' id='par_1_6' title="bbox 373 677 1946 769">
     <span class='ocr_line' id='line_1_6' title="bbox 373 677 1946 769; baseline -0.015 -16"><span class='ocrx_word' id='word_1_37' title='bbox 373 699 578 769; x_wconf 80' lang='lat' dir='ltr'><strong>putium</strong></span> <span class='ocrx_word' id='word_1_38' title='bbox 606 692 750 747; x_wconf 84' lang='lat' dir='ltr'><strong>illius</strong></span> <span class='ocrx_word' id='word_1_39' title='bbox 786 691 840 743; x_wconf 91' lang='lat' dir='ltr'><strong>in</strong></span> <span class='ocrx_word' id='word_1_40' title='bbox 877 685 1326 741; x_wconf 86' lang='lat' dir='ltr'><strong>circumcisionem</strong></span> <span class='ocrx_word' id='word_1_41' title='bbox 1372 679 1734 750; x_wconf 74' lang='lat' dir='ltr'><strong>reputabitur?</strong></span> <span class='ocrx_word' id='word_1_42' title='bbox 1771 677 1946 746; x_wconf 77' lang='lat' dir='ltr'><strong>Atque</strong></span> 
     </span>
    </p>
   </div>
   <div class='ocr_carea' id='block_1_7' title="bbox 375 768 1946 860">
    <p class='ocr_par' dir='ltr' id='par_1_7' title="bbox 375 768 1946 860">
     <span class='ocr_line' id='line_1_7' title="bbox 375 768 1946 860; baseline -0.013 -17"><span class='ocrx_word' id='word_1_43' title='bbox 375 768 580 860; x_wconf 79' lang='lat' dir='ltr'><strong>gentes,</strong></span> <span class='ocrx_word' id='word_1_44' title='bbox 610 784 655 838; x_wconf 88' lang='lat' dir='ltr'><strong>si</strong></span> <span class='ocrx_word' id='word_1_45' title='bbox 684 781 856 850; x_wconf 81' lang='lat' dir='ltr'><strong>legem</strong></span> <span class='ocrx_word' id='word_1_46' title='bbox 881 777 1175 848; x_wconf 77' lang='lat' dir='ltr'><strong>perfectius</strong></span> <span class='ocrx_word' id='word_1_47' title='bbox 1206 781 1508 834; x_wconf 76' lang='lat' dir='ltr'><strong>servarent,</strong></span> <span class='ocrx_word' id='word_1_48' title='bbox 1537 771 1787 824; x_wconf 90' lang='lat' dir='ltr'><strong>meliores</strong></span> <span class='ocrx_word' id='word_1_49' title='bbox 1811 768 1946 823; x_wconf 90' lang='lat' dir='ltr'><strong>elIici</strong></span> 
     </span>
    </p>
   </div>
   <div class='ocr_carea' id='block_1_8' title="bbox 376 863 1951 941">
    <p class='ocr_par' dir='ltr' id='par_1_8' title="bbox 376 863 1951 941">
     <span class='ocr_line' id='line_1_8' title="bbox 376 863 1951 941; baseline -0.015 -7"><span class='ocrx_word' id='word_1_50' title='bbox 376 879 596 941; x_wconf 59' lang='lat' dir='ltr'><strong>ludatis,</strong></span> <span class='ocrx_word' id='word_1_51' title='bbox 619 874 780 930; x_wconf 90' lang='lat' dir='ltr'><strong>dicit:</strong></span> <span class='ocrx_word' id='word_1_52' title='bbox 801 871 866 925; x_wconf 85' lang='lat' dir='ltr'><strong>Et</strong></span> <span class='ocrx_word' id='word_1_53' title='bbox 884 867 1142 939; x_wconf 86' lang='lat' dir='ltr'><strong>judicabit</strong></span> <span class='ocrx_word' id='word_1_54' title='bbox 1175 865 1227 917; x_wconf 88' lang='lat' dir='ltr'><strong>id</strong></span> <span class='ocrx_word' id='word_1_55' title='bbox 1250 863 1386 936; x_wconf 89' lang='lat' dir='ltr'><strong>quod</strong></span> <span class='ocrx_word' id='word_1_56' title='bbox 1411 877 1476 916; x_wconf 84' lang='lat' dir='ltr'><strong>ex</strong></span> <span class='ocrx_word' id='word_1_57' title='bbox 1502 871 1693 916; x_wconf 89' lang='lat' dir='ltr'><strong>natura</strong></span> <span class='ocrx_word' id='word_1_58' title='bbox 1721 868 1796 913; x_wconf 84' lang='lat' dir='ltr'><strong>est</strong></span> <span class='ocrx_word' id='word_1_59' title='bbox 1815 874 1951 929; x_wconf 75' lang='lat' dir='ltr'><strong>prte-</strong></span> 
     </span>
    </p>
   </div>
   <div class='ocr_carea' id='block_1_9' title="bbox 377 949 1948 1041">
    <p class='ocr_par' dir='ltr' id='par_1_9' title="bbox 377 949 1948 1041">
     <span class='ocr_line' id='line_1_9' title="bbox 377 949 1948 1041; baseline -0.016 -16"><span class='ocrx_word' id='word_1_60' title='bbox 377 972 605 1041; x_wconf 82' lang='lat' dir='ltr'><strong>putium,</strong></span> <span class='ocrx_word' id='word_1_61' title='bbox 635 966 795 1036; x_wconf 86' lang='lat' dir='ltr'><strong>legem</strong></span> <span class='ocrx_word' id='word_1_62' title='bbox 825 961 1097 1034; x_wconf 79' lang='lat' dir='ltr'><strong>perﬁciens</strong></span> <span class='ocrx_word' id='word_1_63' title='bbox 1119 997 1134 1024; x_wconf 93' lang='lat'><strong>,</strong></span> <span class='ocrx_word' id='word_1_64' title='bbox 1163 966 1232 1022; x_wconf 90' lang='lat' dir='ltr'><strong>te,</strong></span> <span class='ocrx_word' id='word_1_65' title='bbox 1263 955 1352 1025; x_wconf 90' lang='lat' dir='ltr'><strong>qui</strong></span> <span class='ocrx_word' id='word_1_66' title='bbox 1390 970 1480 1024; x_wconf 86' lang='lat' dir='ltr'><strong>per</strong></span> <span class='ocrx_word' id='word_1_67' title='bbox 1517 951 1744 1005; x_wconf 79' lang='lat' dir='ltr'><strong>litteram</strong></span> <span class='ocrx_word' id='word_1_68' title='bbox 1766 958 1815 1003; x_wconf 91' lang='lat' dir='ltr'><strong>et</strong></span> <span class='ocrx_word' id='word_1_69' title='bbox 1843 949 1948 1041; x_wconf 90' lang='lat' dir='ltr'><strong>cir-</strong></span> 
     </span>
    </p>
   </div>
   <div class='ocr_carea' id='block_1_10' title="bbox 379 1040 1951 1125">
    <p class='ocr_par' dir='ltr' id='par_1_10' title="bbox 379 1040 1951 1125">
     <span class='ocr_line' id='line_1_10' title="bbox 379 1040 1951 1125; baseline -0.015 -10"><span class='ocrx_word' id='word_1_70' title='bbox 379 1040 749 1115; x_wconf 83' lang='lat' dir='ltr'><strong>cumcisionem</strong></span> <span class='ocrx_word' id='word_1_71' title='bbox 780 1051 1152 1125; x_wconf 77' lang='lat' dir='ltr'><strong>prtevaricator</strong></span> <span class='ocrx_word' id='word_1_72' title='bbox 1189 1047 1317 1116; x_wconf 86' lang='lat' dir='ltr'><strong>legis</strong></span> <span class='ocrx_word' id='word_1_73' title='bbox 1360 1061 1433 1099; x_wconf 81' lang='lat' dir='ltr'><strong>es.</strong></span> <span class='ocrx_word' id='word_1_74' title='bbox 1471 1042 1668 1098; x_wconf 81' lang='lat' dir='ltr'><strong>Verum</strong></span> <span class='ocrx_word' id='word_1_75' title='bbox 1695 1040 1951 1110; x_wconf 88' lang='lat' dir='ltr'><strong>quoniam</strong></span> 
     </span>
    </p>
   </div>
   <div class='ocr_carea' id='block_1_11' title="bbox 380 1133 1949 1213">
    <p class='ocr_par' dir='ltr' id='par_1_11' title="bbox 380 1133 1949 1213">
     <span class='ocr_line' id='line_1_11' title="bbox 380 1133 1949 1213; baseline -0.015 -6"><span class='ocrx_word' id='word_1_76' title='bbox 380 1151 586 1207; x_wconf 82' lang='lat' dir='ltr'><strong>sciebat</strong></span> <span class='ocrx_word' id='word_1_77' title='bbox 605 1149 802 1204; x_wconf 84' lang='lat' dir='ltr'><strong>multas</strong></span> <span class='ocrx_word' id='word_1_78' title='bbox 836 1147 888 1199; x_wconf 93' lang='lat' dir='ltr'><strong>in</strong></span> <span class='ocrx_word' id='word_1_79' title='bbox 919 1144 1036 1213; x_wconf 90' lang='lat' dir='ltr'><strong>lege</strong></span> <span class='ocrx_word' id='word_1_80' title='bbox 1075 1149 1132 1196; x_wconf 91' lang='lat' dir='ltr'><strong>et</strong></span> <span class='ocrx_word' id='word_1_81' title='bbox 1164 1137 1444 1210; x_wconf 83' lang='lat' dir='ltr'><strong>prophetis</strong></span> <span class='ocrx_word' id='word_1_82' title='bbox 1474 1133 1949 1204; x_wconf 89' lang='lat' dir='ltr'><strong>repromissiones,</strong></span> 
     </span>
    </p>
   </div>
   <div class='ocr_carea' id='block_1_12' title="bbox 381 1229 1956 1314">
    <p class='ocr_par' dir='ltr' id='par_1_12' title="bbox 381 1229 1956 1314">
     <span class='ocr_line' id='line_1_12' title="bbox 381 1229 1956 1314; baseline -0.011 -16"><span class='ocrx_word' id='word_1_83' title='bbox 381 1260 502 1314; x_wconf 69' lang='lat' dir='ltr'><strong>qua:</strong></span> <span class='ocrx_word' id='word_1_84' title='bbox 555 1243 622 1297; x_wconf 86' lang='lat' dir='ltr'><strong>ad</strong></span> <span class='ocrx_word' id='word_1_85' title='bbox 660 1241 874 1295; x_wconf 65' lang='lat' dir='ltr'><strong>Judazos</strong></span> <span class='ocrx_word' id='word_1_86' title='bbox 909 1237 1025 1292; x_wconf 91' lang='lat' dir='ltr'><strong>ﬁeri</strong></span> <span class='ocrx_word' id='word_1_87' title='bbox 1064 1235 1347 1297; x_wconf 89' lang='lat' dir='ltr'><strong>videntur,</strong></span> <span class='ocrx_word' id='word_1_88' title='bbox 1398 1248 1466 1286; x_wconf 91' lang='lat' dir='ltr'><strong>ne</strong></span> <span class='ocrx_word' id='word_1_89' title='bbox 1504 1239 1724 1300; x_wconf 87' lang='lat' dir='ltr'><strong>possent</strong></span> <span class='ocrx_word' id='word_1_90' title='bbox 1765 1229 1956 1297; x_wconf 89' lang='lat' dir='ltr'><strong>despe-</strong></span> 
     </span>
    </p>
   </div>
   <div class='ocr_carea' id='block_1_13' title="bbox 385 1323 1956 1408">
    <p class='ocr_par' dir='ltr' id='par_1_13' title="bbox 385 1323 1956 1408">
     <span class='ocr_line' id='line_1_13' title="bbox 385 1323 1956 1408; baseline -0.011 -15"><span class='ocrx_word' id='word_1_91' title='bbox 385 1355 508 1392; x_wconf 85' lang='lat' dir='ltr'><strong>rare</strong></span> <span class='ocrx_word' id='word_1_92' title='bbox 533 1343 736 1408; x_wconf 86' lang='lat' dir='ltr'><strong>gentes,</strong></span> <span class='ocrx_word' id='word_1_93' title='bbox 764 1341 1018 1400; x_wconf 84' lang='lat' dir='ltr'><strong>tanquam</strong></span> <span class='ocrx_word' id='word_1_94' title='bbox 1048 1328 1139 1397; x_wconf 85' lang='lat' dir='ltr'><strong>qui</strong></span> <span class='ocrx_word' id='word_1_95' title='bbox 1166 1327 1298 1380; x_wconf 90' lang='lat' dir='ltr'><strong>nihil</strong></span> <span class='ocrx_word' id='word_1_96' title='bbox 1329 1326 1381 1378; x_wconf 94' lang='lat' dir='ltr'><strong>in</strong></span> <span class='ocrx_word' id='word_1_97' title='bbox 1413 1323 1736 1391; x_wconf 90' lang='lat' dir='ltr'><strong>conscriptis</strong></span> <span class='ocrx_word' id='word_1_98' title='bbox 1771 1335 1956 1391; x_wconf 82' lang='lat' dir='ltr'><strong>repro-</strong></span> 
     </span>
    </p>
   </div>
   <div class='ocr_carea' id='block_1_14' title="bbox 384 1415 1956 1485">
    <p class='ocr_par' dir='ltr' id='par_1_14' title="bbox 384 1415 1956 1485">
     <span class='ocr_line' id='line_1_14' title="bbox 384 1415 1956 1485; baseline -0.013 -1"><span class='ocrx_word' id='word_1_99' title='bbox 384 1428 730 1484; x_wconf 87' lang='lat' dir='ltr'><strong>missionibus</strong></span> <span class='ocrx_word' id='word_1_100' title='bbox 754 1420 1009 1485; x_wconf 84' lang='lat' dir='ltr'><strong>habeant,</strong></span> <span class='ocrx_word' id='word_1_101' title='bbox 1043 1419 1199 1473; x_wconf 88' lang='lat' dir='ltr'><strong>docet</strong></span> <span class='ocrx_word' id='word_1_102' title='bbox 1227 1433 1320 1472; x_wconf 87' lang='lat' dir='ltr'><strong>eos</strong></span> <span class='ocrx_word' id='word_1_103' title='bbox 1353 1416 1495 1484; x_wconf 88' lang='lat' dir='ltr'><strong>quod</strong></span> <span class='ocrx_word' id='word_1_104' title='bbox 1523 1415 1814 1468; x_wconf 82' lang='lat' dir='ltr'><strong>secundum</strong></span> <span class='ocrx_word' id='word_1_105' title='bbox 1842 1426 1956 1481; x_wconf 81' lang='lat' dir='ltr'><strong>my-</strong></span> 
     </span>
    </p>
   </div>
   <div class='ocr_carea' id='block_1_15' title="bbox 385 1504 1957 1578">
    <p class='ocr_par' dir='ltr' id='par_1_15' title="bbox 385 1504 1957 1578">
     <span class='ocr_line' id='line_1_15' title="bbox 385 1504 1957 1578; baseline -0.01 -6"><span class='ocrx_word' id='word_1_106' title='bbox 385 1519 578 1572; x_wconf 87' lang='lat' dir='ltr'><strong>sticam</strong></span> <span class='ocrx_word' id='word_1_107' title='bbox 614 1515 878 1569; x_wconf 91' lang='lat' dir='ltr'><strong>rationem</strong></span> <span class='ocrx_word' id='word_1_108' title='bbox 909 1510 1071 1564; x_wconf 90' lang='lat' dir='ltr'><strong>etiam</strong></span> <span class='ocrx_word' id='word_1_109' title='bbox 1114 1508 1215 1578; x_wconf 84' lang='lat' dir='ltr'><strong>ipsi</strong></span> <span class='ocrx_word' id='word_1_110' title='bbox 1260 1505 1429 1560; x_wconf 71' lang='lat' dir='ltr'><strong>Judaei</strong></span> <span class='ocrx_word' id='word_1_111' title='bbox 1471 1505 1609 1568; x_wconf 89' lang='lat' dir='ltr'><strong>sint,</strong></span> <span class='ocrx_word' id='word_1_112' title='bbox 1639 1511 1694 1557; x_wconf 89' lang='lat' dir='ltr'><strong>et</strong></span> <span class='ocrx_word' id='word_1_113' title='bbox 1721 1504 1957 1557; x_wconf 86' lang='lat' dir='ltr'><strong>habeant</strong></span> 
     </span>
    </p>
   </div>
   <div class='ocr_carea' id='block_1_16' title="bbox 385 1591 1960 1663">
    <p class='ocr_par' dir='ltr' id='par_1_16' title="bbox 385 1591 1960 1663">
     <span class='ocr_line' id='line_1_16' title="bbox 385 1591 1960 1663; baseline -0.014 0"><span class='ocrx_word' id='word_1_114' title='bbox 385 1605 849 1663; x_wconf 89' lang='lat' dir='ltr'><strong>circumcisionem</strong></span> <span class='ocrx_word' id='word_1_115' title='bbox 875 1619 888 1653; x_wconf 87' lang='lat'><strong>:</strong></span> <span class='ocrx_word' id='word_1_116' title='bbox 918 1599 1038 1653; x_wconf 88' lang='lat' dir='ltr'><strong>ideo</strong></span> <span class='ocrx_word' id='word_1_117' title='bbox 1063 1597 1196 1650; x_wconf 89' lang='lat' dir='ltr'><strong>dicit</strong></span> <span class='ocrx_word' id='word_1_118' title='bbox 1221 1615 1232 1649; x_wconf 89' lang='lat'>:</span> <span class='ocrx_word' id='word_1_119' title='bbox 1269 1595 1389 1649; x_wconf 86' lang='lat' dir='ltr'><strong>Non</strong></span> <span class='ocrx_word' id='word_1_120' title='bbox 1417 1593 1556 1646; x_wconf 87' lang='lat' dir='ltr'><strong>enim</strong></span> <span class='ocrx_word' id='word_1_121' title='bbox 1585 1592 1673 1662; x_wconf 88' lang='lat' dir='ltr'><strong>qui</strong></span> <span class='ocrx_word' id='word_1_122' title='bbox 1705 1592 1760 1644; x_wconf 90' lang='lat' dir='ltr'><strong>in</strong></span> <span class='ocrx_word' id='word_1_123' title='bbox 1788 1591 1960 1643; x_wconf 89' lang='lat' dir='ltr'><strong>mani-</strong></span> 
     </span>
    </p>
   </div>
   <div class='ocr_carea' id='block_1_17' title="bbox 388 1678 1955 1763">
    <p class='ocr_par' dir='ltr' id='par_1_17' title="bbox 388 1678 1955 1763">
     <span class='ocr_line' id='line_1_17' title="bbox 388 1678 1955 1763; baseline -0.011 -15"><span class='ocrx_word' id='word_1_124' title='bbox 388 1695 517 1763; x_wconf 81' lang='lat' dir='ltr'><strong>festo</strong></span> <span class='ocrx_word' id='word_1_125' title='bbox 541 1691 762 1745; x_wconf 73' lang='lat' dir='ltr'><strong>Judwus</strong></span> <span class='ocrx_word' id='word_1_126' title='bbox 789 1697 882 1751; x_wconf 84' lang='lat' dir='ltr'><strong>est,</strong></span> <span class='ocrx_word' id='word_1_127' title='bbox 915 1695 1019 1740; x_wconf 90' lang='lat' dir='ltr'><strong>etc.</strong></span> <span class='ocrx_word' id='word_1_128' title='bbox 1051 1684 1287 1738; x_wconf 85' lang='lat' dir='ltr'><strong>Rursum</strong></span> <span class='ocrx_word' id='word_1_129' title='bbox 1318 1681 1463 1734; x_wconf 88' lang='lat' dir='ltr'><strong>velut</strong></span> <span class='ocrx_word' id='word_1_130' title='bbox 1498 1678 1736 1750; x_wconf 78' lang='lat' dir='ltr'><strong>querelis</strong></span> <span class='ocrx_word' id='word_1_131' title='bbox 1769 1693 1955 1734; x_wconf 91' lang='lat' dir='ltr'><strong>eorum</strong></span> 
     </span>
    </p>
   </div>
   <div class='ocr_carea' id='block_1_18' title="bbox 2047 489 3614 557">
    <p class='ocr_par' dir='ltr' id='par_1_18' title="bbox 2047 489 3614 557">
     <span class='ocr_line' id='line_1_18' title="bbox 2047 489 3614 557; baseline -0.003 -11"><span class='ocrx_word' id='word_1_132' title='bbox 2047 495 2128 548; x_wconf 92' lang='lat' dir='ltr'><strong>lus</strong></span> <span class='ocrx_word' id='word_1_133' title='bbox 2157 493 2304 554; x_wconf 89' lang='lat' dir='ltr'><strong>inﬁt,</strong></span> <span class='ocrx_word' id='word_1_134' title='bbox 2349 493 2517 556; x_wconf 83' lang='lat' dir='ltr'><strong>absit,</strong></span> <span class='ocrx_word' id='word_1_135' title='bbox 2566 492 2639 546; x_wconf 91' lang='lat' dir='ltr'><strong>ibi</strong></span> <span class='ocrx_word' id='word_1_136' title='bbox 2684 490 2924 545; x_wconf 82' lang='lat' dir='ltr'><strong>breviter</strong></span> <span class='ocrx_word' id='word_1_137' title='bbox 2955 489 3368 557; x_wconf 70' lang='lat' dir='ltr'><strong>commendatur</strong></span> <span class='ocrx_word' id='word_1_138' title='bbox 3392 489 3614 543; x_wconf 87' lang='lat' dir='ltr'><strong>veritas.</strong></span> 
     </span>
    </p>
   </div>
   <div class='ocr_carea' id='block_1_19' title="bbox 2046 581 3618 652">
    <p class='ocr_par' dir='ltr' id='par_1_19' title="bbox 2046 581 3618 652">
     <span class='ocr_line' id='line_1_19' title="bbox 2046 581 3618 652; baseline -0.001 -13"><span class='ocrx_word' id='word_1_139' title='bbox 2046 586 2231 640; x_wconf 85' lang='lat' dir='ltr'><strong>Fidem</strong></span> <span class='ocrx_word' id='word_1_140' title='bbox 2255 586 2373 639; x_wconf 90' lang='lat' dir='ltr'><strong>Dei.</strong></span> <span class='ocrx_word' id='word_1_141' title='bbox 2406 585 2518 641; x_wconf 85' lang='lat' dir='ltr'><strong>Hoc</strong></span> <span class='ocrx_word' id='word_1_142' title='bbox 2542 593 2652 649; x_wconf 90' lang='lat' dir='ltr'><strong>est,</strong></span> <span class='ocrx_word' id='word_1_143' title='bbox 2670 583 2829 638; x_wconf 87' lang='lat' dir='ltr'><strong>ﬁdem</strong></span> <span class='ocrx_word' id='word_1_144' title='bbox 2852 583 3239 652; x_wconf 80' lang='lat' dir='ltr'><strong>promissorum</strong></span> <span class='ocrx_word' id='word_1_145' title='bbox 3260 581 3512 648; x_wconf 55' lang='lat' dir='ltr'><strong>Abrahae,</strong></span> <span class='ocrx_word' id='word_1_146' title='bbox 3532 585 3618 639; x_wconf 88' lang='lat' dir='ltr'><strong>cui</strong></span> 
     </span>
    </p>
   </div>
   <div class='ocr_carea' id='block_1_20' title="bbox 2047 676 3619 742">
    <p class='ocr_par' dir='ltr' id='par_1_20' title="bbox 2047 676 3619 742">
     <span class='ocr_line' id='line_1_20' title="bbox 2047 676 3619 742; baseline -0.002 -9"><span class='ocrx_word' id='word_1_147' title='bbox 2047 679 2247 733; x_wconf 90' lang='lat' dir='ltr'><strong>dictum</strong></span> <span class='ocrx_word' id='word_1_148' title='bbox 2278 686 2361 731; x_wconf 91' lang='lat' dir='ltr'><strong>est</strong></span> <span class='ocrx_word' id='word_1_149' title='bbox 2389 695 2400 730; x_wconf 91' lang='lat'>:</span> <span class='ocrx_word' id='word_1_150' title='bbox 2434 677 2572 742; x_wconf 85' lang='lat' dir='ltr'><strong>Quia</strong></span> <span class='ocrx_word' id='word_1_151' title='bbox 2596 679 2652 730; x_wconf 89' lang='lat' dir='ltr'><strong>in</strong></span> <span class='ocrx_word' id='word_1_152' title='bbox 2689 677 2885 730; x_wconf 83' lang='lat' dir='ltr'><strong>semine</strong></span> <span class='ocrx_word' id='word_1_153' title='bbox 2914 685 3004 729; x_wconf 90' lang='lat' dir='ltr'><strong>tuo</strong></span> <span class='ocrx_word' id='word_1_154' title='bbox 3034 676 3400 729; x_wconf 84' lang='lat' dir='ltr'><strong>benedicentur</strong></span> <span class='ocrx_word' id='word_1_155' title='bbox 3442 693 3619 730; x_wconf 86' lang='lat' dir='ltr'><strong>omnes</strong></span> 
     </span>
    </p>
   </div>
   <div class='ocr_carea' id='block_1_21' title="bbox 2049 763 3621 837">
    <p class='ocr_par' dir='ltr' id='par_1_21' title="bbox 2049 763 3621 837">
     <span class='ocr_line' id='line_1_21' title="bbox 2049 763 3621 837; baseline -0.001 -18"><span class='ocrx_word' id='word_1_156' title='bbox 2049 767 2211 820; x_wconf 90' lang='lat' dir='ltr'><strong>tribus</strong></span> <span class='ocrx_word' id='word_1_157' title='bbox 2232 776 2384 819; x_wconf 75' lang='lat' dir='ltr'><strong>terra:</strong></span> <span class='ocrx_word' id='word_1_158' title='bbox 2411 763 2562 837; x_wconf 82' lang='lat' dir='ltr'><strong>(Gen.</strong></span> <span class='ocrx_word' id='word_1_159' title='bbox 2589 765 2746 836; x_wconf 66' lang='grc' dir='ltr'>χχιι).</span> <span class='ocrx_word' id='word_1_160' title='bbox 2775 765 2865 818; x_wconf 85' lang='lat' dir='ltr'><strong>Est</strong></span> <span class='ocrx_word' id='word_1_161' title='bbox 2895 765 3032 818; x_wconf 87' lang='lat' dir='ltr'><strong>enim</strong></span> <span class='ocrx_word' id='word_1_162' title='bbox 3059 764 3200 818; x_wconf 90' lang='lat' dir='ltr'><strong>Deus</strong></span> <span class='ocrx_word' id='word_1_163' title='bbox 3227 781 3412 830; x_wconf 84' lang='lat' dir='ltr'><strong>verax,</strong></span> <span class='ocrx_word' id='word_1_164' title='bbox 3453 767 3621 818; x_wconf 86' lang='lat' dir='ltr'><strong>omnis</strong></span> 
     </span>
    </p>
   </div>
   <div class='ocr_carea' id='block_1_22' title="bbox 2049 853 3625 925">
    <p class='ocr_par' dir='ltr' id='par_1_22' title="bbox 2049 853 3625 925">
     <span class='ocr_line' id='line_1_22' title="bbox 2049 853 3625 925; baseline -0.001 -17"><span class='ocrx_word' id='word_1_165' title='bbox 2049 865 2222 909; x_wconf 91' lang='lat' dir='ltr'><strong>autem</strong></span> <span class='ocrx_word' id='word_1_166' title='bbox 2262 857 2416 909; x_wconf 83' lang='lat' dir='ltr'><strong>homo</strong></span> <span class='ocrx_word' id='word_1_167' title='bbox 2456 855 2713 918; x_wconf 87' lang='lat' dir='ltr'><strong>mendax,</strong></span> <span class='ocrx_word' id='word_1_168' title='bbox 2749 856 2882 908; x_wconf 87' lang='lat' dir='ltr'><strong>sicut</strong></span> <span class='ocrx_word' id='word_1_169' title='bbox 2908 855 3159 924; x_wconf 83' lang='lat' dir='ltr'><strong>scriptum</strong></span> <span class='ocrx_word' id='word_1_170' title='bbox 3186 865 3282 908; x_wconf 90' lang='lat' dir='ltr'><strong>est.</strong></span> <span class='ocrx_word' id='word_1_171' title='bbox 3316 853 3451 920; x_wconf 83' lang='lat' dir='ltr'><strong>Quia</strong></span> <span class='ocrx_word' id='word_1_172' title='bbox 3494 869 3625 925; x_wconf 83' lang='lat' dir='ltr'><strong>ergo</strong></span> 
     </span>
    </p>
   </div>
   <div class='ocr_carea' id='block_1_23' title="bbox 2050 945 3622 1016">
    <p class='ocr_par' dir='ltr' id='par_1_23' title="bbox 2050 945 3622 1016">
     <span class='ocr_line' id='line_1_23' title="bbox 2050 945 3622 1016; baseline -0.001 -15"><span class='ocrx_word' id='word_1_173' title='bbox 2050 949 2226 1002; x_wconf 90' lang='lat' dir='ltr'><strong>omnis</strong></span> <span class='ocrx_word' id='word_1_174' title='bbox 2249 949 2687 1012; x_wconf 81' lang='lat' dir='ltr'><strong>homo-mendax,</strong></span> <span class='ocrx_word' id='word_1_175' title='bbox 2718 956 3002 1016; x_wconf 58' lang='lat' dir='ltr'><strong>proliterea</strong></span> <span class='ocrx_word' id='word_1_176' title='bbox 3027 945 3333 1001; x_wconf 74' lang='lat' dir='ltr'><strong>Judrcorum</strong></span> <span class='ocrx_word' id='word_1_177' title='bbox 3368 947 3584 1016; x_wconf 88' lang='lat' dir='ltr'><strong>quidam</strong></span> <span class='ocrx_word' id='word_1_178' title='bbox 3608 987 3622 1010; x_wconf 93' lang='lat'><strong>,</strong></span> 
     </span>
    </p>
   </div>
   <div class='ocr_carea' id='block_1_24' title="bbox 2051 1031 3626 1104">
    <p class='ocr_par' dir='ltr' id='par_1_24' title="bbox 2051 1031 3626 1104">
     <span class='ocr_line' id='line_1_24' title="bbox 2051 1031 3626 1104; baseline -0.001 -10"><span class='ocrx_word' id='word_1_179' title='bbox 2051 1047 2112 1094; x_wconf 86' lang='lat' dir='ltr'><strong>ut</strong></span> <span class='ocrx_word' id='word_1_180' title='bbox 2139 1041 2385 1094; x_wconf 89' lang='lat' dir='ltr'><strong>homines</strong></span> <span class='ocrx_word' id='word_1_181' title='bbox 2411 1031 2699 1095; x_wconf 80' lang='lat' dir='ltr'><strong>mendaces</strong></span> <span class='ocrx_word' id='word_1_182' title='bbox 2718 1080 2732 1104; x_wconf 98' lang='lat'><strong>,</strong></span> <span class='ocrx_word' id='word_1_183' title='bbox 2764 1054 2869 1093; x_wconf 91' lang='lat' dir='ltr'><strong>non</strong></span> <span class='ocrx_word' id='word_1_184' title='bbox 2897 1039 3256 1094; x_wconf 85' lang='lat' dir='ltr'><strong>crediderunt.</strong></span> <span class='ocrx_word' id='word_1_185' title='bbox 3283 1039 3406 1092; x_wconf 88' lang='lat' dir='ltr'><strong>Fiat</strong></span> <span class='ocrx_word' id='word_1_186' title='bbox 3443 1048 3626 1093; x_wconf 88' lang='lat' dir='ltr'><strong>autem</strong></span> 
     </span>
    </p>
   </div>
   <div class='ocr_carea' id='block_1_25' title="bbox 2053 1132 3629 1201">
    <p class='ocr_par' dir='ltr' id='par_1_25' title="bbox 2053 1132 3629 1201">
     <span class='ocr_line' id='line_1_25' title="bbox 2053 1132 3629 1201; baseline -0.001 -14"><span class='ocrx_word' id='word_1_187' title='bbox 2053 1134 2196 1187; x_wconf 91' lang='lat' dir='ltr'><strong>Deus</strong></span> <span class='ocrx_word' id='word_1_188' title='bbox 2220 1148 2401 1186; x_wconf 89' lang='lat' dir='ltr'><strong>verax.</strong></span> <span class='ocrx_word' id='word_1_189' title='bbox 2428 1133 2503 1186; x_wconf 90' lang='lat' dir='ltr'><strong>Ita</strong></span> <span class='ocrx_word' id='word_1_190' title='bbox 2531 1133 2672 1186; x_wconf 88' lang='lat' dir='ltr'><strong>enim</strong></span> <span class='ocrx_word' id='word_1_191' title='bbox 2699 1133 2752 1186; x_wconf 90' lang='lat' dir='ltr'><strong>in</strong></span> <span class='ocrx_word' id='word_1_192' title='bbox 2771 1132 2976 1186; x_wconf 70' lang='lat' dir='ltr'><strong>Crtecis</strong></span> <span class='ocrx_word' id='word_1_193' title='bbox 2997 1132 3392 1201; x_wconf 81' lang='lat' dir='ltr'><strong>exemplaribus</strong></span> <span class='ocrx_word' id='word_1_194' title='bbox 3418 1132 3629 1187; x_wconf 87' lang='lat' dir='ltr'><strong>inveni-</strong></span> 
     </span>
    </p>
   </div>
   <div class='ocr_carea' id='block_1_26' title="bbox 2055 1220 3627 1292">
    <p class='ocr_par' dir='ltr' id='par_1_26' title="bbox 2055 1220 3627 1292">
     <span class='ocr_line' id='line_1_26' title="bbox 2055 1220 3627 1292; baseline 0.001 -18"><span class='ocrx_word' id='word_1_195' title='bbox 2055 1229 2162 1275; x_wconf 86' lang='lat' dir='ltr'><strong>tur.</strong></span> <span class='ocrx_word' id='word_1_196' title='bbox 2184 1220 2366 1276; x_wconf 81' lang='lat' dir='ltr'><strong>Omnis</strong></span> <span class='ocrx_word' id='word_1_197' title='bbox 2388 1223 2542 1275; x_wconf 79' lang='lat' dir='ltr'><strong>honto</strong></span> <span class='ocrx_word' id='word_1_198' title='bbox 2567 1224 2810 1276; x_wconf 77' lang='lat' dir='ltr'><strong>mendax.</strong></span> <span class='ocrx_word' id='word_1_199' title='bbox 2840 1221 3008 1292; x_wconf 84' lang='lat' dir='ltr'><strong>Igitur</strong></span> <span class='ocrx_word' id='word_1_200' title='bbox 3028 1222 3224 1276; x_wconf 81' lang='lat' dir='ltr'><strong>Paulus</strong></span> <span class='ocrx_word' id='word_1_201' title='bbox 3243 1230 3298 1276; x_wconf 85' lang='lat' dir='ltr'><strong>et</strong></span> <span class='ocrx_word' id='word_1_202' title='bbox 3322 1222 3510 1287; x_wconf 85' lang='lat' dir='ltr'><strong>David,</strong></span> <span class='ocrx_word' id='word_1_203' title='bbox 3535 1224 3627 1292; x_wconf 86' lang='lat' dir='ltr'><strong>qui</strong></span> 
     </span>
    </p>
   </div>
   <div class='ocr_carea' id='block_1_27' title="bbox 2055 1310 3631 1382">
    <p class='ocr_par' dir='ltr' id='par_1_27' title="bbox 2055 1310 3631 1382">
     <span class='ocr_line' id='line_1_27' title="bbox 2055 1310 3631 1382; baseline 0.001 -16"><span class='ocrx_word' id='word_1_204' title='bbox 2055 1313 2302 1366; x_wconf 90' lang='lat' dir='ltr'><strong>homines</strong></span> <span class='ocrx_word' id='word_1_205' title='bbox 2349 1319 2538 1375; x_wconf 87' lang='lat' dir='ltr'><strong>erant,</strong></span> <span class='ocrx_word' id='word_1_206' title='bbox 2570 1311 2855 1366; x_wconf 81' lang='lat' dir='ltr'><strong>mendaces</strong></span> <span class='ocrx_word' id='word_1_207' title='bbox 2904 1310 3156 1374; x_wconf 87' lang='lat' dir='ltr'><strong>fuerunt,</strong></span> <span class='ocrx_word' id='word_1_208' title='bbox 3198 1311 3499 1382; x_wconf 79' lang='lat' dir='ltr'><strong>falsumque</strong></span> <span class='ocrx_word' id='word_1_209' title='bbox 3526 1316 3631 1368; x_wconf 87' lang='lat' dir='ltr'><strong>erit</strong></span> 
     </span>
    </p>
   </div>
   <div class='ocr_carea' id='block_1_28' title="bbox 2057 1403 3623 1474">
    <p class='ocr_par' dir='ltr' id='par_1_28' title="bbox 2057 1403 3623 1474">
     <span class='ocr_line' id='line_1_28' title="bbox 2057 1403 3623 1474; baseline 0.002 -17"><span class='ocrx_word' id='word_1_210' title='bbox 2057 1403 2197 1472; x_wconf 92' lang='lat' dir='ltr'><strong>quod</strong></span> <span class='ocrx_word' id='word_1_211' title='bbox 2228 1404 2514 1457; x_wconf 84' lang='lat' dir='ltr'><strong>dixerunt?</strong></span> <span class='ocrx_word' id='word_1_212' title='bbox 2544 1403 2653 1458; x_wconf 87' lang='lat' dir='ltr'><strong>llos</strong></span> <span class='ocrx_word' id='word_1_213' title='bbox 2699 1419 2826 1474; x_wconf 90' lang='lat' dir='ltr'><strong>ergo</strong></span> <span class='ocrx_word' id='word_1_214' title='bbox 2871 1405 2938 1458; x_wconf 88' lang='lat' dir='ltr'><strong>ad</strong></span> <span class='ocrx_word' id='word_1_215' title='bbox 2986 1421 3121 1474; x_wconf 89' lang='lat' dir='ltr'><strong>quos</strong></span> <span class='ocrx_word' id='word_1_216' title='bbox 3168 1422 3346 1461; x_wconf 89' lang='lat' dir='ltr'><strong>sermo</strong></span> <span class='ocrx_word' id='word_1_217' title='bbox 3392 1407 3489 1460; x_wconf 85' lang='lat' dir='ltr'><strong>Dei</strong></span> <span class='ocrx_word' id='word_1_218' title='bbox 3534 1407 3623 1467; x_wconf 86' lang='lat' dir='ltr'><strong>ﬁt.</strong></span> 
     </span>
    </p>
   </div>
   <div class='ocr_carea' id='block_1_29' title="bbox 2057 1493 3631 1568">
    <p class='ocr_par' dir='ltr' id='par_1_29' title="bbox 2057 1493 3631 1568">
     <span class='ocr_line' id='line_1_29' title="bbox 2057 1493 3631 1568; baseline 0.003 -22"><span class='ocrx_word' id='word_1_219' title='bbox 2057 1493 2314 1548; x_wconf 89' lang='lat' dir='ltr'><strong>Dominus</strong></span> <span class='ocrx_word' id='word_1_220' title='bbox 2337 1493 2391 1546; x_wconf 93' lang='lat' dir='ltr'><strong>in</strong></span> <span class='ocrx_word' id='word_1_221' title='bbox 2421 1494 2708 1563; x_wconf 81' lang='lat' dir='ltr'><strong>Evangelio</strong></span> <span class='ocrx_word' id='word_1_222' title='bbox 2754 1511 2860 1548; x_wconf 93' lang='lat' dir='ltr'><strong>non</strong></span> <span class='ocrx_word' id='word_1_223' title='bbox 2908 1495 3153 1550; x_wconf 88' lang='lat' dir='ltr'><strong>homines</strong></span> <span class='ocrx_word' id='word_1_224' title='bbox 3173 1537 3188 1563; x_wconf 92' lang='lat'><strong>,</strong></span> <span class='ocrx_word' id='word_1_225' title='bbox 3225 1499 3320 1552; x_wconf 87' lang='lat' dir='ltr'><strong>sed</strong></span> <span class='ocrx_word' id='word_1_226' title='bbox 3347 1498 3481 1552; x_wconf 87' lang='lat' dir='ltr'><strong>deos</strong></span> <span class='ocrx_word' id='word_1_227' title='bbox 3503 1514 3631 1568; x_wconf 76' lang='lat' dir='ltr'><strong>pro-</strong></span> 
     </span>
    </p>
   </div>
   <div class='ocr_carea' id='block_1_30' title="bbox 2061 1585 3628 1657">
    <p class='ocr_par' dir='ltr' id='par_1_30' title="bbox 2061 1585 3628 1657">
     <span class='ocr_line' id='line_1_30' title="bbox 2061 1585 3628 1657; baseline -0.001 -17"><span class='ocrx_word' id='word_1_228' title='bbox 2061 1587 2294 1640; x_wconf 84' lang='lat' dir='ltr'><strong>nuntiat.</strong></span> <span class='ocrx_word' id='word_1_229' title='bbox 2311 1585 2444 1652; x_wconf 85' lang='lat' dir='ltr'><strong>Quia</strong></span> <span class='ocrx_word' id='word_1_230' title='bbox 2470 1601 2598 1656; x_wconf 88' lang='lat' dir='ltr'><strong>ergo</strong></span> <span class='ocrx_word' id='word_1_231' title='bbox 2617 1594 2671 1640; x_wconf 89' lang='lat' dir='ltr'><strong>et</strong></span> <span class='ocrx_word' id='word_1_232' title='bbox 2695 1585 2761 1639; x_wconf 89' lang='lat' dir='ltr'><strong>ad</strong></span> <span class='ocrx_word' id='word_1_233' title='bbox 2787 1585 2976 1650; x_wconf 85' lang='lat' dir='ltr'><strong>David,</strong></span> <span class='ocrx_word' id='word_1_234' title='bbox 3003 1595 3258 1657; x_wconf 88' lang='lat' dir='ltr'><strong>tanquam</strong></span> <span class='ocrx_word' id='word_1_235' title='bbox 3287 1588 3628 1657; x_wconf 79' lang='lat' dir='ltr'><strong>prophetam,</strong></span> 
     </span>
    </p>
   </div>
   <div class='ocr_carea' id='block_1_31' title="bbox 2063 1677 3635 1749">
    <p class='ocr_par' dir='ltr' id='par_1_31' title="bbox 2063 1677 3635 1749">
     <span class='ocr_line' id='line_1_31' title="bbox 2063 1677 3635 1749; baseline 0 -17"><span class='ocrx_word' id='word_1_236' title='bbox 2063 1687 2118 1733; x_wconf 90' lang='lat' dir='ltr'><strong>et</strong></span> <span class='ocrx_word' id='word_1_237' title='bbox 2145 1678 2211 1732; x_wconf 92' lang='lat' dir='ltr'><strong>ad</strong></span> <span class='ocrx_word' id='word_1_238' title='bbox 2240 1678 2462 1732; x_wconf 88' lang='lat' dir='ltr'><strong>Paulum</strong></span> <span class='ocrx_word' id='word_1_239' title='bbox 2481 1719 2495 1742; x_wconf 92' lang='lat'><strong>,</strong></span> <span class='ocrx_word' id='word_1_240' title='bbox 2524 1686 2781 1748; x_wconf 88' lang='lat' dir='ltr'><strong>tanquam</strong></span> <span class='ocrx_word' id='word_1_241' title='bbox 2806 1680 3103 1749; x_wconf 87' lang='lat' dir='ltr'><strong>apostolum</strong></span> <span class='ocrx_word' id='word_1_242' title='bbox 3133 1693 3310 1733; x_wconf 87' lang='lat' dir='ltr'><strong>sermo</strong></span> <span class='ocrx_word' id='word_1_243' title='bbox 3337 1679 3431 1732; x_wconf 90' lang='lat' dir='ltr'><strong>Dei</strong></span> <span class='ocrx_word' id='word_1_244' title='bbox 3461 1677 3635 1732; x_wconf 85' lang='lat' dir='ltr'><strong>factus</strong></span> 
     </span>
    </p>
   </div>
   <div class='ocr_carea' id='block_1_32' title="bbox 386 1753 3636 1854">
    <p class='ocr_par' dir='ltr' id='par_1_32' title="bbox 386 1753 3636 1854">
     <span class='ocr_line' id='line_1_32' title="bbox 386 1753 3636 1854; baseline -0.005 -15"><span class='ocrx_word' id='word_1_245' title='bbox 386 1753 478 1854; x_wconf 77' lang='lat' dir='ltr'><strong>qui</strong></span> <span class='ocrx_word' id='word_1_246' title='bbox 507 1799 573 1836; x_wconf 87' lang='lat' dir='ltr'><strong>ex</strong></span> <span class='ocrx_word' id='word_1_247' title='bbox 603 1779 1018 1836; x_wconf 90' lang='lat' dir='ltr'><strong>circumcisione</strong></span> <span class='ocrx_word' id='word_1_248' title='bbox 1043 1784 1186 1839; x_wconf 92' lang='lat' dir='ltr'><strong>sunt,</strong></span> <span class='ocrx_word' id='word_1_249' title='bbox 1219 1789 1514 1828; x_wconf 89' lang='lat' dir='ltr'><strong>occurrens</strong></span> <span class='ocrx_word' id='word_1_250' title='bbox 1533 1813 1547 1838; x_wconf 97' lang='lat'><strong>,</strong></span> <span class='ocrx_word' id='word_1_251' title='bbox 1577 1773 1830 1842; x_wconf 88' lang='lat' dir='ltr'><strong>proponit</strong></span> <span class='ocrx_word' id='word_1_252' title='bbox 1858 1771 1957 1826; x_wconf 90' lang='lat' dir='ltr'><strong>sibi</strong></span> <span class='ocrx_word' id='word_1_253' title='bbox 1987 1753 2036 1811; x_wconf 83' lang='grc' dir='ltr'><strong>Β</strong></span> <span class='ocrx_word' id='word_1_254' title='bbox 2063 1780 2165 1836; x_wconf 88' lang='lat' dir='ltr'><strong>est,</strong></span> <span class='ocrx_word' id='word_1_255' title='bbox 2199 1771 2315 1825; x_wconf 92' lang='lat' dir='ltr'><strong>sine</strong></span> <span class='ocrx_word' id='word_1_256' title='bbox 2339 1771 2500 1825; x_wconf 90' lang='lat' dir='ltr'><strong>dubio</strong></span> <span class='ocrx_word' id='word_1_257' title='bbox 2521 1786 2626 1824; x_wconf 90' lang='lat' dir='ltr'><strong>non</strong></span> <span class='ocrx_word' id='word_1_258' title='bbox 2649 1780 2804 1826; x_wconf 91' lang='lat' dir='ltr'><strong>erant</strong></span> <span class='ocrx_word' id='word_1_259' title='bbox 2830 1773 3097 1836; x_wconf 87' lang='lat' dir='ltr'><strong>homines,</strong></span> <span class='ocrx_word' id='word_1_260' title='bbox 3121 1771 3213 1826; x_wconf 90' lang='lat' dir='ltr'><strong>sed</strong></span> <span class='ocrx_word' id='word_1_261' title='bbox 3240 1771 3332 1825; x_wconf 93' lang='lat' dir='ltr'><strong>dii.</strong></span> <span class='ocrx_word' id='word_1_262' title='bbox 3356 1760 3636 1836; x_wconf 76' lang='lat' dir='ltr'><strong>Quomodo</strong></span> 
     </span>
    </p>
   </div>
   <div class='ocr_carea' id='block_1_33' title="bbox 387 1862 1957 1944">
    <p class='ocr_par' dir='ltr' id='par_1_33' title="bbox 387 1862 1957 1944">
     <span class='ocr_line' id='line_1_33' title="bbox 387 1862 1957 1944; baseline -0.01 -14"><span class='ocrx_word' id='word_1_263' title='bbox 387 1875 486 1944; x_wconf 86' lang='lat' dir='ltr'><strong>ipsi</strong></span> <span class='ocrx_word' id='word_1_264' title='bbox 500 1875 745 1940; x_wconf 64' lang='lat' dir='ltr'><strong>haecquze</strong></span> <span class='ocrx_word' id='word_1_265' title='bbox 761 1871 812 1922; x_wconf 94' lang='lat' dir='ltr'><strong>in</strong></span> <span class='ocrx_word' id='word_1_266' title='bbox 829 1867 1084 1936; x_wconf 69' lang='lat' dir='ltr'><strong>praesenti</strong></span> <span class='ocrx_word' id='word_1_267' title='bbox 1107 1864 1341 1934; x_wconf 89' lang='lat' dir='ltr'><strong>capitulo</strong></span> <span class='ocrx_word' id='word_1_268' title='bbox 1358 1863 1725 1925; x_wconf 86' lang='lat' dir='ltr'><strong>continentur,</strong></span> <span class='ocrx_word' id='word_1_269' title='bbox 1741 1862 1957 1915; x_wconf 87' lang='lat' dir='ltr'><strong>dicens:</strong></span> 
     </span>
    </p>
   </div>
   <div class='ocr_carea' id='block_1_34' title="bbox 391 1951 1963 2031">
    <p class='ocr_par' dir='ltr' id='par_1_34' title="bbox 391 1951 1963 2031">
     <span class='ocr_line' id='line_1_34' title="bbox 391 1951 1963 2031; baseline -0.008 -14"><span class='ocrx_word' id='word_1_270' title='bbox 391 1963 530 2029; x_wconf 84' lang='lat' dir='ltr'><strong>Quid</strong></span> <span class='ocrx_word' id='word_1_271' title='bbox 553 1978 674 2031; x_wconf 86' lang='lat' dir='ltr'><strong>ergo</strong></span> <span class='ocrx_word' id='word_1_272' title='bbox 700 1957 925 2028; x_wconf 78' lang='lat' dir='ltr'><strong>amplius</strong></span> <span class='ocrx_word' id='word_1_273' title='bbox 953 1965 1026 2010; x_wconf 91' lang='lat' dir='ltr'><strong>est</strong></span> <span class='ocrx_word' id='word_1_274' title='bbox 1051 1955 1282 2009; x_wconf 80' lang='lat' dir='ltr'><strong>Judtro?</strong></span> <span class='ocrx_word' id='word_1_275' title='bbox 1314 1953 1371 2008; x_wconf 89' lang='lat' dir='ltr'><strong>Si</strong></span> <span class='ocrx_word' id='word_1_276' title='bbox 1396 1968 1546 2024; x_wconf 87' lang='lat' dir='ltr'><strong>ergo,</strong></span> <span class='ocrx_word' id='word_1_277' title='bbox 1576 1954 1767 2022; x_wconf 91' lang='lat' dir='ltr'><strong>inquit,</strong></span> <span class='ocrx_word' id='word_1_278' title='bbox 1804 1952 1850 2006; x_wconf 90' lang='lat' dir='ltr'><strong>is</strong></span> <span class='ocrx_word' id='word_1_279' title='bbox 1872 1951 1963 2019; x_wconf 90' lang='lat' dir='ltr'><strong>qui</strong></span> 
     </span>
    </p>
   </div>
   <div class='ocr_carea' id='block_1_35' title="bbox 389 2046 1966 2116">
    <p class='ocr_par' dir='ltr' id='par_1_35' title="bbox 389 2046 1966 2116">
     <span class='ocr_line' id='line_1_35' title="bbox 389 2046 1966 2116; baseline -0.007 -7"><span class='ocrx_word' id='word_1_280' title='bbox 389 2055 444 2109; x_wconf 89' lang='lat' dir='ltr'><strong>in</strong></span> <span class='ocrx_word' id='word_1_281' title='bbox 472 2052 755 2108; x_wconf 88' lang='lat' dir='ltr'><strong>manifesto</strong></span> <span class='ocrx_word' id='word_1_282' title='bbox 787 2050 1005 2104; x_wconf 66' lang='lat' dir='ltr'><strong>Judarus</strong></span> <span class='ocrx_word' id='word_1_283' title='bbox 1033 2056 1151 2112; x_wconf 88' lang='lat' dir='ltr'><strong>est,</strong></span> <span class='ocrx_word' id='word_1_284' title='bbox 1180 2056 1234 2102; x_wconf 91' lang='lat' dir='ltr'><strong>et</strong></span> <span class='ocrx_word' id='word_1_285' title='bbox 1263 2063 1383 2116; x_wconf 81' lang='lat' dir='ltr'><strong>quae</strong></span> <span class='ocrx_word' id='word_1_286' title='bbox 1409 2046 1694 2101; x_wconf 83' lang='lat' dir='ltr'><strong>manifeste</strong></span> <span class='ocrx_word' id='word_1_287' title='bbox 1722 2046 1774 2099; x_wconf 92' lang='lat' dir='ltr'><strong>in</strong></span> <span class='ocrx_word' id='word_1_288' title='bbox 1801 2057 1966 2100; x_wconf 74' lang='lat' dir='ltr'><strong>carne</strong></span> 
     </span>
    </p>
   </div>
   <div class='ocr_carea' id='block_1_36' title="bbox 389 2135 1967 2208">
    <p class='ocr_par' dir='ltr' id='par_1_36' title="bbox 389 2135 1967 2208">
     <span class='ocr_line' id='line_1_36' title="bbox 389 2135 1967 2208; baseline -0.007 -9"><span class='ocrx_word' id='word_1_289' title='bbox 389 2153 474 2199; x_wconf 87' lang='lat' dir='ltr'><strong>est</strong></span> <span class='ocrx_word' id='word_1_290' title='bbox 499 2141 862 2204; x_wconf 87' lang='lat' dir='ltr'><strong>circumcisio,</strong></span> <span class='ocrx_word' id='word_1_291' title='bbox 893 2155 999 2198; x_wconf 93' lang='lat' dir='ltr'><strong>non</strong></span> <span class='ocrx_word' id='word_1_292' title='bbox 1029 2137 1384 2208; x_wconf 89' lang='lat' dir='ltr'><strong>reputabitur,</strong></span> <span class='ocrx_word' id='word_1_293' title='bbox 1412 2137 1506 2192; x_wconf 91' lang='lat' dir='ltr'><strong>sed</strong></span> <span class='ocrx_word' id='word_1_294' title='bbox 1543 2137 1633 2205; x_wconf 90' lang='lat' dir='ltr'><strong>qui</strong></span> <span class='ocrx_word' id='word_1_295' title='bbox 1667 2137 1719 2190; x_wconf 92' lang='lat' dir='ltr'><strong>in</strong></span> <span class='ocrx_word' id='word_1_296' title='bbox 1755 2135 1967 2190; x_wconf 90' lang='lat' dir='ltr'><strong>occulto</strong></span> 
     </span>
    </p>
   </div>
   <div class='ocr_carea' id='block_1_37' title="bbox 394 2205 2036 2297">
    <p class='ocr_par' dir='ltr' id='par_1_37' title="bbox 394 2205 2036 2297">
     <span class='ocr_line' id='line_1_37' title="bbox 394 2205 2036 2297; baseline -0.007 -8"><span class='ocrx_word' id='word_1_297' title='bbox 394 2234 613 2289; x_wconf 81' lang='lat' dir='ltr'><strong>Judaeus</strong></span> <span class='ocrx_word' id='word_1_298' title='bbox 642 2243 728 2288; x_wconf 87' lang='lat' dir='ltr'><strong>est</strong></span> <span class='ocrx_word' id='word_1_299' title='bbox 755 2251 766 2284; x_wconf 91' lang='lat'><strong>:</strong></span> <span class='ocrx_word' id='word_1_300' title='bbox 794 2238 849 2286; x_wconf 90' lang='lat' dir='ltr'><strong>et</strong></span> <span class='ocrx_word' id='word_1_301' title='bbox 877 2205 1220 2285; x_wconf 82' lang='lat' dir='ltr'><strong>circumcisio</strong></span> <span class='ocrx_word' id='word_1_302' title='bbox 1245 2227 1442 2290; x_wconf 87' lang='lat' dir='ltr'><strong>cordis,</strong></span> <span class='ocrx_word' id='word_1_303' title='bbox 1476 2243 1596 2297; x_wconf 59' lang='lat' dir='ltr'><strong>quae</strong></span> <span class='ocrx_word' id='word_1_304' title='bbox 1639 2225 1696 2279; x_wconf 92' lang='lat' dir='ltr'><strong>ﬁt</strong></span> <span class='ocrx_word' id='word_1_305' title='bbox 1739 2225 1964 2296; x_wconf 83' lang='lat' dir='ltr'><strong>spiritu,</strong></span> <span class='ocrx_word' id='word_1_306' title='bbox 2017 2205 2036 2236; x_wconf 77' lang='grc'><em>”</em></span> 
     </span>
    </p>
   </div>
   <div class='ocr_carea' id='block_1_38' title="bbox 395 2316 1969 2393">
    <p class='ocr_par' dir='ltr' id='par_1_38' title="bbox 395 2316 1969 2393">
     <span class='ocr_line' id='line_1_38' title="bbox 395 2316 1969 2393; baseline -0.004 -15"><span class='ocrx_word' id='word_1_307' title='bbox 395 2325 507 2393; x_wconf 86' lang='lat' dir='ltr'><strong>ipsa</strong></span> <span class='ocrx_word' id='word_1_308' title='bbox 538 2330 622 2377; x_wconf 90' lang='lat' dir='ltr'><strong>est</strong></span> <span class='ocrx_word' id='word_1_309' title='bbox 643 2337 768 2376; x_wconf 87' lang='lat' dir='ltr'><strong>vera</strong></span> <span class='ocrx_word' id='word_1_310' title='bbox 791 2319 1150 2381; x_wconf 89' lang='lat' dir='ltr'><strong>circumcisio,</strong></span> <span class='ocrx_word' id='word_1_311' title='bbox 1189 2319 1336 2372; x_wconf 87' lang='lat' dir='ltr'><strong>dices</strong></span> <span class='ocrx_word' id='word_1_312' title='bbox 1364 2318 1529 2382; x_wconf 91' lang='lat' dir='ltr'><strong>mihi,</strong></span> <span class='ocrx_word' id='word_1_313' title='bbox 1571 2318 1699 2386; x_wconf 90' lang='lat' dir='ltr'><strong>quid</strong></span> <span class='ocrx_word' id='word_1_314' title='bbox 1740 2316 1969 2385; x_wconf 90' lang='lat' dir='ltr'><strong>amplius</strong></span> 
     </span>
    </p>
   </div>
   <div class='ocr_carea' id='block_1_39' title="bbox 395 2407 1970 2479">
    <p class='ocr_par' dir='ltr' id='par_1_39' title="bbox 395 2407 1970 2479">
     <span class='ocr_line' id='line_1_39' title="bbox 395 2407 1970 2479; baseline -0.006 -11"><span class='ocrx_word' id='word_1_315' title='bbox 395 2421 480 2468; x_wconf 79' lang='lat' dir='ltr'><strong>est</strong></span> <span class='ocrx_word' id='word_1_316' title='bbox 513 2413 564 2466; x_wconf 93' lang='lat' dir='ltr'><strong>in</strong></span> <span class='ocrx_word' id='word_1_317' title='bbox 592 2413 678 2466; x_wconf 90' lang='lat' dir='ltr'><strong>his</strong></span> <span class='ocrx_word' id='word_1_318' title='bbox 706 2410 949 2473; x_wconf 70' lang='lat' dir='ltr'><strong>Judteus,</strong></span> <span class='ocrx_word' id='word_1_319' title='bbox 983 2410 1076 2479; x_wconf 90' lang='lat' dir='ltr'><strong>qui</strong></span> <span class='ocrx_word' id='word_1_320' title='bbox 1121 2410 1223 2463; x_wconf 92' lang='lat' dir='ltr'><strong>hac</strong></span> <span class='ocrx_word' id='word_1_321' title='bbox 1253 2408 1607 2478; x_wconf 85' lang='lat' dir='ltr'><strong>appellatione</strong></span> <span class='ocrx_word' id='word_1_322' title='bbox 1643 2407 1970 2462; x_wconf 87' lang='lat' dir='ltr'><strong>censentur?</strong></span> 
     </span>
    </p>
   </div>
   <div class='ocr_carea' id='block_1_40' title="bbox 397 2495 1939 2569">
    <p class='ocr_par' dir='ltr' id='par_1_40' title="bbox 397 2495 1939 2569">
     <span class='ocr_line' id='line_1_40' title="bbox 397 2495 1939 2569; baseline -0.003 -16"><span class='ocrx_word' id='word_1_323' title='bbox 397 2501 482 2556; x_wconf 87' lang='lat' dir='ltr'><strong>vel</strong></span> <span class='ocrx_word' id='word_1_324' title='bbox 511 2516 630 2569; x_wconf 69' lang='lat' dir='ltr'><strong>qum</strong></span> <span class='ocrx_word' id='word_1_325' title='bbox 658 2500 711 2553; x_wconf 94' lang='lat' dir='ltr'><strong>in</strong></span> <span class='ocrx_word' id='word_1_326' title='bbox 745 2497 1080 2564; x_wconf 86' lang='lat' dir='ltr'><strong>corruptibili</strong></span> <span class='ocrx_word' id='word_1_327' title='bbox 1111 2496 1525 2552; x_wconf 87' lang='lat' dir='ltr'><strong>circumcisione</strong></span> <span class='ocrx_word' id='word_1_328' title='bbox 1557 2495 1786 2549; x_wconf 89' lang='lat' dir='ltr'><strong>habetur</strong></span> <span class='ocrx_word' id='word_1_329' title='bbox 1817 2495 1939 2548; x_wconf 89' lang='lat' dir='ltr'><strong>utili</strong></span> 
     </span>
    </p>
   </div>
   <div class='ocr_carea' id='block_1_41' title="bbox 401 2583 1970 2656">
    <p class='ocr_par' dir='ltr' id='par_1_41' title="bbox 401 2583 1970 2656">
     <span class='ocr_line' id='line_1_41' title="bbox 401 2583 1970 2656; baseline -0.004 -10"><span class='ocrx_word' id='word_1_330' title='bbox 401 2593 609 2648; x_wconf 86' lang='lat' dir='ltr'><strong>tas?ac</strong></span> <span class='ocrx_word' id='word_1_331' title='bbox 633 2599 694 2644; x_wconf 90' lang='lat' dir='ltr'><strong>ut</strong></span> <span class='ocrx_word' id='word_1_332' title='bbox 725 2591 966 2643; x_wconf 76' lang='lat' dir='ltr'><strong>videatur</strong></span> <span class='ocrx_word' id='word_1_333' title='bbox 1006 2589 1148 2641; x_wconf 89' lang='lat' dir='ltr'><strong>inter</strong></span> <span class='ocrx_word' id='word_1_334' title='bbox 1187 2596 1474 2656; x_wconf 85' lang='lat' dir='ltr'><strong>utrumque</strong></span> <span class='ocrx_word' id='word_1_335' title='bbox 1511 2585 1765 2656; x_wconf 90' lang='lat' dir='ltr'><strong>populum</strong></span> <span class='ocrx_word' id='word_1_336' title='bbox 1797 2583 1970 2653; x_wconf 82' lang='lat' dir='ltr'><strong>justus</strong></span> 
     </span>
    </p>
   </div>
   <div class='ocr_carea' id='block_1_42' title="bbox 399 2679 1973 2750">
    <p class='ocr_par' dir='ltr' id='par_1_42' title="bbox 399 2679 1973 2750">
     <span class='ocr_line' id='line_1_42' title="bbox 399 2679 1973 2750; baseline -0.003 -14"><span class='ocrx_word' id='word_1_337' title='bbox 399 2684 602 2739; x_wconf 90' lang='lat' dir='ltr'><strong>arbiter</strong></span> <span class='ocrx_word' id='word_1_338' title='bbox 654 2683 926 2746; x_wconf 87' lang='lat' dir='ltr'><strong>residere,</strong></span> <span class='ocrx_word' id='word_1_339' title='bbox 968 2680 1280 2750; x_wconf 87' lang='lat' dir='ltr'><strong>pronuntiat</strong></span> <span class='ocrx_word' id='word_1_340' title='bbox 1329 2680 1458 2748; x_wconf 91' lang='lat' dir='ltr'><strong>quid</strong></span> <span class='ocrx_word' id='word_1_341' title='bbox 1498 2679 1734 2748; x_wconf 90' lang='lat' dir='ltr'><strong>amplius</strong></span> <span class='ocrx_word' id='word_1_342' title='bbox 1773 2679 1973 2734; x_wconf 88' lang='lat' dir='ltr'><strong>habeat</strong></span> 
     </span>
    </p>
   </div>
   <div class='ocr_carea' id='block_1_43' title="bbox 398 2769 1973 2840">
    <p class='ocr_par' dir='ltr' id='par_1_43' title="bbox 398 2769 1973 2840">
     <span class='ocr_line' id='line_1_43' title="bbox 398 2769 1973 2840; baseline -0.004 -12"><span class='ocrx_word' id='word_1_343' title='bbox 398 2773 613 2828; x_wconf 63' lang='lat' dir='ltr'><strong>Judaeus</strong></span> <span class='ocrx_word' id='word_1_344' title='bbox 635 2813 650 2838; x_wconf 91' lang='lat'><strong>,</strong></span> <span class='ocrx_word' id='word_1_345' title='bbox 679 2779 735 2826; x_wconf 89' lang='lat' dir='ltr'><strong>et</strong></span> <span class='ocrx_word' id='word_1_346' title='bbox 760 2787 822 2825; x_wconf 89' lang='lat' dir='ltr'><strong>ea</strong></span> <span class='ocrx_word' id='word_1_347' title='bbox 849 2787 969 2840; x_wconf 73' lang='lat' dir='ltr'><strong>qua:</strong></span> <span class='ocrx_word' id='word_1_348' title='bbox 1007 2772 1059 2824; x_wconf 94' lang='lat' dir='ltr'><strong>in</strong></span> <span class='ocrx_word' id='word_1_349' title='bbox 1104 2786 1266 2825; x_wconf 88' lang='lat' dir='ltr'><strong>carne</strong></span> <span class='ocrx_word' id='word_1_350' title='bbox 1297 2779 1380 2824; x_wconf 85' lang='lat' dir='ltr'><strong>est</strong></span> <span class='ocrx_word' id='word_1_351' title='bbox 1421 2769 1768 2824; x_wconf 90' lang='lat' dir='ltr'><strong>circumcisio</strong></span> <span class='ocrx_word' id='word_1_352' title='bbox 1794 2783 1808 2821; x_wconf 88' lang='lat'><strong>:</strong></span> <span class='ocrx_word' id='word_1_353' title='bbox 1840 2769 1973 2823; x_wconf 91' lang='lat' dir='ltr'><strong>dicit</strong></span> 
     </span>
    </p>
   </div>
   <div class='ocr_carea' id='block_1_44' title="bbox 398 2857 1974 2929">
    <p class='ocr_par' dir='ltr' id='par_1_44' title="bbox 398 2857 1974 2929">
     <span class='ocr_line' id='line_1_44' title="bbox 398 2857 1974 2929; baseline -0.004 -11"><span class='ocrx_word' id='word_1_354' title='bbox 398 2878 492 2918; x_wconf 87' lang='lat' dir='ltr'><strong>eos</strong></span> <span class='ocrx_word' id='word_1_355' title='bbox 506 2863 706 2916; x_wconf 88' lang='lat' dir='ltr'><strong>habere</strong></span> <span class='ocrx_word' id='word_1_356' title='bbox 728 2860 957 2929; x_wconf 88' lang='lat' dir='ltr'><strong>amplius</strong></span> <span class='ocrx_word' id='word_1_357' title='bbox 978 2859 1203 2914; x_wconf 92' lang='lat' dir='ltr'><strong>multum</strong></span> <span class='ocrx_word' id='word_1_358' title='bbox 1225 2875 1322 2928; x_wconf 88' lang='lat' dir='ltr'><strong>per</strong></span> <span class='ocrx_word' id='word_1_359' title='bbox 1343 2873 1556 2913; x_wconf 88' lang='lat' dir='ltr'><strong>omnem</strong></span> <span class='ocrx_word' id='word_1_360' title='bbox 1577 2859 1815 2912; x_wconf 90' lang='lat' dir='ltr'><strong>modum.</strong></span> <span class='ocrx_word' id='word_1_361' title='bbox 1834 2857 1974 2925; x_wconf 88' lang='lat' dir='ltr'><strong>Quid</strong></span> 
     </span>
    </p>
   </div>
   <div class='ocr_carea' id='block_1_45' title="bbox 401 2947 1968 3021">
    <p class='ocr_par' dir='ltr' id='par_1_45' title="bbox 401 2947 1968 3021">
     <span class='ocr_line' id='line_1_45' title="bbox 401 2947 1968 3021; baseline -0.005 -11"><span class='ocrx_word' id='word_1_362' title='bbox 401 2964 581 3010; x_wconf 89' lang='lat' dir='ltr'><strong>autem</strong></span> <span class='ocrx_word' id='word_1_363' title='bbox 609 2953 778 3007; x_wconf 91' lang='lat' dir='ltr'><strong>multo</strong></span> <span class='ocrx_word' id='word_1_364' title='bbox 803 2953 872 3006; x_wconf 91' lang='lat' dir='ltr'><strong>sit</strong></span> <span class='ocrx_word' id='word_1_365' title='bbox 908 2951 1158 3021; x_wconf 91' lang='lat' dir='ltr'><strong>amplius,</strong></span> <span class='ocrx_word' id='word_1_366' title='bbox 1189 2949 1550 3018; x_wconf 86' lang='lat' dir='ltr'><strong>subjungitur.</strong></span> <span class='ocrx_word' id='word_1_367' title='bbox 1585 2947 1767 3002; x_wconf 89' lang='lat' dir='ltr'><strong>Primo</strong></span> <span class='ocrx_word' id='word_1_368' title='bbox 1790 2951 1968 3019; x_wconf 89' lang='lat' dir='ltr'><strong>igitur,</strong></span> 
     </span>
    </p>
   </div>
   <div class='ocr_carea' id='block_1_46' title="bbox 401 3039 1975 3116">
    <p class='ocr_par' dir='ltr' id='par_1_46' title="bbox 401 3039 1975 3116">
     <span class='ocr_line' id='line_1_46' title="bbox 401 3039 1975 3116; baseline -0.004 -16"><span class='ocrx_word' id='word_1_369' title='bbox 401 3049 524 3116; x_wconf 86' lang='lat' dir='ltr'><strong>quia</strong></span> <span class='ocrx_word' id='word_1_370' title='bbox 549 3045 748 3099; x_wconf 87' lang='lat' dir='ltr'><strong>credita</strong></span> <span class='ocrx_word' id='word_1_371' title='bbox 791 3051 912 3097; x_wconf 89' lang='lat' dir='ltr'><strong>sunt</strong></span> <span class='ocrx_word' id='word_1_372' title='bbox 934 3041 1046 3096; x_wconf 81' lang='lat' dir='ltr'><strong>illis</strong></span> <span class='ocrx_word' id='word_1_373' title='bbox 1085 3041 1288 3110; x_wconf 86' lang='lat' dir='ltr'><strong>eloquia</strong></span> <span class='ocrx_word' id='word_1_374' title='bbox 1314 3039 1432 3093; x_wconf 89' lang='lat' dir='ltr'><strong>Dei.</strong></span> <span class='ocrx_word' id='word_1_375' title='bbox 1465 3039 1604 3106; x_wconf 85' lang='lat' dir='ltr'><strong>Quid</strong></span> <span class='ocrx_word' id='word_1_376' title='bbox 1629 3039 1768 3092; x_wconf 88' lang='lat' dir='ltr'><strong>hoc?</strong></span> <span class='ocrx_word' id='word_1_377' title='bbox 1797 3053 1975 3094; x_wconf 90' lang='lat' dir='ltr'><strong>nonne</strong></span> 
     </span>
    </p>
   </div>
   <div class='ocr_carea' id='block_1_47' title="bbox 402 3130 1972 3208">
    <p class='ocr_par' dir='ltr' id='par_1_47' title="bbox 402 3130 1972 3208">
     <span class='ocr_line' id='line_1_47' title="bbox 402 3130 1972 3208; baseline -0.005 -16"><span class='ocrx_word' id='word_1_378' title='bbox 402 3148 458 3192; x_wconf 87' lang='lat' dir='ltr'><strong>et</strong></span> <span class='ocrx_word' id='word_1_379' title='bbox 488 3138 738 3208; x_wconf 81' lang='lat' dir='ltr'><strong>gentibus</strong></span> <span class='ocrx_word' id='word_1_380' title='bbox 772 3151 914 3190; x_wconf 88' lang='lat' dir='ltr'><strong>nunc</strong></span> <span class='ocrx_word' id='word_1_381' title='bbox 942 3135 1234 3189; x_wconf 87' lang='lat' dir='ltr'><strong>creduntur</strong></span> <span class='ocrx_word' id='word_1_382' title='bbox 1271 3132 1518 3200; x_wconf 89' lang='lat' dir='ltr'><strong>eloquia?</strong></span> <span class='ocrx_word' id='word_1_383' title='bbox 1549 3130 1656 3185; x_wconf 89' lang='lat' dir='ltr'><strong>Sed</strong></span> <span class='ocrx_word' id='word_1_384' title='bbox 1685 3131 1790 3186; x_wconf 93' lang='lat' dir='ltr'><strong>illis</strong></span> <span class='ocrx_word' id='word_1_385' title='bbox 1813 3171 1829 3196; x_wconf 96' lang='lat'><strong>,</strong></span> <span class='ocrx_word' id='word_1_386' title='bbox 1866 3131 1972 3198; x_wconf 89' lang='lat' dir='ltr'><strong>ait,</strong></span> 
     </span>
    </p>
   </div>
   <div class='ocr_carea' id='block_1_48' title="bbox 404 3221 1979 3300">
    <p class='ocr_par' dir='ltr' id='par_1_48' title="bbox 404 3221 1979 3300">
     <span class='ocr_line' id='line_1_48' title="bbox 404 3221 1979 3300; baseline -0.004 -17"><span class='ocrx_word' id='word_1_387' title='bbox 404 3230 581 3300; x_wconf 87' lang='lat' dir='ltr'><strong>primo</strong></span> <span class='ocrx_word' id='word_1_388' title='bbox 608 3235 734 3282; x_wconf 90' lang='lat' dir='ltr'><strong>sunt</strong></span> <span class='ocrx_word' id='word_1_389' title='bbox 761 3227 984 3294; x_wconf 80' lang='lat' dir='ltr'><strong>credita.</strong></span> <span class='ocrx_word' id='word_1_390' title='bbox 1017 3225 1250 3294; x_wconf 79' lang='lat' dir='ltr'><strong>Require</strong></span> <span class='ocrx_word' id='word_1_391' title='bbox 1276 3231 1453 3277; x_wconf 90' lang='lat' dir='ltr'><strong>tamen</strong></span> <span class='ocrx_word' id='word_1_392' title='bbox 1477 3222 1607 3292; x_wconf 85' lang='lat' dir='ltr'><strong>quid</strong></span> <span class='ocrx_word' id='word_1_393' title='bbox 1627 3229 1711 3277; x_wconf 87' lang='lat' dir='ltr'><strong>cst</strong></span> <span class='ocrx_word' id='word_1_394' title='bbox 1735 3222 1877 3292; x_wconf 88' lang='lat' dir='ltr'><strong>quod</strong></span> <span class='ocrx_word' id='word_1_395' title='bbox 1899 3221 1979 3276; x_wconf 84' lang='lat' dir='ltr'><strong>di—</strong></span> 
     </span>
    </p>
   </div>
   <div class='ocr_carea' id='block_1_49' title="bbox 404 3313 1978 3386">
    <p class='ocr_par' dir='ltr' id='par_1_49' title="bbox 404 3313 1978 3386">
     <span class='ocr_line' id='line_1_49' title="bbox 404 3313 1978 3386; baseline -0.003 -15"><span class='ocrx_word' id='word_1_396' title='bbox 404 3319 564 3380; x_wconf 91' lang='lat' dir='ltr'><strong>citur,</strong></span> <span class='ocrx_word' id='word_1_397' title='bbox 595 3317 828 3386; x_wconf 90' lang='lat' dir='ltr'><strong>primum</strong></span> <span class='ocrx_word' id='word_1_398' title='bbox 853 3315 932 3370; x_wconf 91' lang='lat' dir='ltr'><strong>eis</strong></span> <span class='ocrx_word' id='word_1_399' title='bbox 961 3313 1162 3369; x_wconf 89' lang='lat' dir='ltr'><strong>credita</strong></span> <span class='ocrx_word' id='word_1_400' title='bbox 1193 3321 1321 3368; x_wconf 90' lang='lat' dir='ltr'><strong>sunt</strong></span> <span class='ocrx_word' id='word_1_401' title='bbox 1350 3313 1558 3383; x_wconf 87' lang='lat' dir='ltr'><strong>eloquia</strong></span> <span class='ocrx_word' id='word_1_402' title='bbox 1586 3313 1702 3376; x_wconf 90' lang='lat' dir='ltr'><strong>Dei,</strong></span> <span class='ocrx_word' id='word_1_403' title='bbox 1728 3321 1978 3366; x_wconf 89' lang='lat' dir='ltr'><strong>utrumne</strong></span> 
     </span>
    </p>
   </div>
   <div class='ocr_carea' id='block_1_50' title="bbox 404 3402 1981 3472">
    <p class='ocr_par' dir='ltr' id='par_1_50' title="bbox 404 3402 1981 3472">
     <span class='ocr_line' id='line_1_50' title="bbox 404 3402 1981 3472; baseline -0.003 -11"><span class='ocrx_word' id='word_1_404' title='bbox 404 3408 473 3463; x_wconf 92' lang='lat' dir='ltr'><strong>de</strong></span> <span class='ocrx_word' id='word_1_405' title='bbox 501 3407 696 3462; x_wconf 88' lang='lat' dir='ltr'><strong>litteris</strong></span> <span class='ocrx_word' id='word_1_406' title='bbox 720 3408 824 3461; x_wconf 88' lang='lat' dir='ltr'><strong>hoc</strong></span> <span class='ocrx_word' id='word_1_407' title='bbox 850 3406 994 3460; x_wconf 90' lang='lat' dir='ltr'><strong>dicat</strong></span> <span class='ocrx_word' id='word_1_408' title='bbox 1020 3415 1076 3460; x_wconf 87' lang='lat' dir='ltr'><strong>et</strong></span> <span class='ocrx_word' id='word_1_409' title='bbox 1103 3405 1275 3468; x_wconf 89' lang='lat' dir='ltr'><strong>libris,</strong></span> <span class='ocrx_word' id='word_1_410' title='bbox 1303 3419 1370 3458; x_wconf 91' lang='lat' dir='ltr'><strong>an</strong></span> <span class='ocrx_word' id='word_1_411' title='bbox 1400 3405 1466 3458; x_wconf 90' lang='lat' dir='ltr'><strong>de</strong></span> <span class='ocrx_word' id='word_1_412' title='bbox 1494 3419 1650 3458; x_wconf 90' lang='lat' dir='ltr'><strong>sensu</strong></span> <span class='ocrx_word' id='word_1_413' title='bbox 1684 3402 1981 3472; x_wconf 87' lang='lat' dir='ltr'><strong>intelligen—</strong></span> 
     </span>
    </p>
   </div>
   <div class='ocr_carea' id='block_1_51' title="bbox 407 3494 1982 3567">
    <p class='ocr_par' dir='ltr' id='par_1_51' title="bbox 407 3494 1982 3567">
     <span class='ocr_line' id='line_1_51' title="bbox 407 3494 1982 3567; baseline -0.004 -15"><span class='ocrx_word' id='word_1_414' title='bbox 407 3498 494 3552; x_wconf 77' lang='lat' dir='ltr'><strong>tia:</strong></span> <span class='ocrx_word' id='word_1_415' title='bbox 517 3497 687 3567; x_wconf 88' lang='lat' dir='ltr'><strong>legis?</strong></span> <span class='ocrx_word' id='word_1_416' title='bbox 710 3495 1165 3551; x_wconf 88' lang='lat' dir='ltr'><strong>Considerandum</strong></span> <span class='ocrx_word' id='word_1_417' title='bbox 1195 3503 1278 3550; x_wconf 91' lang='lat' dir='ltr'><strong>est</strong></span> <span class='ocrx_word' id='word_1_418' title='bbox 1300 3495 1425 3563; x_wconf 91' lang='lat' dir='ltr'><strong>quia</strong></span> <span class='ocrx_word' id='word_1_419' title='bbox 1448 3511 1553 3548; x_wconf 91' lang='lat' dir='ltr'><strong>non</strong></span> <span class='ocrx_word' id='word_1_420' title='bbox 1576 3495 1710 3549; x_wconf 84' lang='lat' dir='ltr'><strong>dixit</strong></span> <span class='ocrx_word' id='word_1_421' title='bbox 1735 3513 1746 3546; x_wconf 88' lang='lat'><strong>:</strong></span> <span class='ocrx_word' id='word_1_422' title='bbox 1776 3494 1982 3547; x_wconf 85' lang='lat' dir='ltr'><strong>litteras</strong></span> 
     </span>
    </p>
   </div>
   <div class='ocr_carea' id='block_1_52' title="bbox 407 3585 1983 3654">
    <p class='ocr_par' dir='ltr' id='par_1_52' title="bbox 407 3585 1983 3654">
     <span class='ocr_line' id='line_1_52' title="bbox 407 3585 1983 3654; baseline -0.004 -11"><span class='ocrx_word' id='word_1_423' title='bbox 407 3603 528 3643; x_wconf 87' lang='lat' dir='ltr'><strong>esse</strong></span> <span class='ocrx_word' id='word_1_424' title='bbox 557 3588 790 3642; x_wconf 89' lang='lat' dir='ltr'><strong>creditas</strong></span> <span class='ocrx_word' id='word_1_425' title='bbox 811 3627 826 3651; x_wconf 95' lang='lat'><strong>,</strong></span> <span class='ocrx_word' id='word_1_426' title='bbox 856 3586 949 3641; x_wconf 91' lang='lat' dir='ltr'><strong>sed</strong></span> <span class='ocrx_word' id='word_1_427' title='bbox 990 3586 1202 3654; x_wconf 90' lang='lat' dir='ltr'><strong>eloquia</strong></span> <span class='ocrx_word' id='word_1_428' title='bbox 1241 3585 1332 3640; x_wconf 90' lang='lat' dir='ltr'><strong>Dei</strong></span> <span class='ocrx_word' id='word_1_429' title='bbox 1362 3604 1374 3638; x_wconf 91' lang='lat'><strong>:</strong></span> <span class='ocrx_word' id='word_1_430' title='bbox 1410 3585 1496 3639; x_wconf 88' lang='lat' dir='ltr'><strong>via</strong></span> <span class='ocrx_word' id='word_1_431' title='bbox 1528 3585 1680 3640; x_wconf 87' lang='lat' dir='ltr'><strong>vobis</strong></span> <span class='ocrx_word' id='word_1_432' title='bbox 1709 3585 1868 3638; x_wconf 89' lang='lat' dir='ltr'><strong>datur</strong></span> <span class='ocrx_word' id='word_1_433' title='bbox 1903 3585 1983 3637; x_wconf 89' lang='lat' dir='ltr'><strong>in-</strong></span> 
     </span>
    </p>
   </div>
   <div class='ocr_carea' id='block_1_53' title="bbox 411 3673 1984 3746">
    <p class='ocr_par' dir='ltr' id='par_1_53' title="bbox 411 3673 1984 3746">
     <span class='ocr_line' id='line_1_53' title="bbox 411 3673 1984 3746; baseline -0.003 -14"><span class='ocrx_word' id='word_1_434' title='bbox 411 3677 702 3746; x_wconf 86' lang='lat' dir='ltr'><strong>telligendi,</strong></span> <span class='ocrx_word' id='word_1_435' title='bbox 728 3677 854 3746; x_wconf 84' lang='lat' dir='ltr'><strong>quia</strong></span> <span class='ocrx_word' id='word_1_436' title='bbox 883 3677 968 3730; x_wconf 90' lang='lat' dir='ltr'><strong>bis</strong></span> <span class='ocrx_word' id='word_1_437' title='bbox 997 3676 1088 3745; x_wconf 92' lang='lat' dir='ltr'><strong>qui</strong></span> <span class='ocrx_word' id='word_1_438' title='bbox 1115 3675 1327 3745; x_wconf 85' lang='lat' dir='ltr'><strong>legunt,</strong></span> <span class='ocrx_word' id='word_1_439' title='bbox 1356 3683 1412 3728; x_wconf 91' lang='lat' dir='ltr'><strong>et</strong></span> <span class='ocrx_word' id='word_1_440' title='bbox 1437 3690 1540 3729; x_wconf 91' lang='lat' dir='ltr'><strong>non</strong></span> <span class='ocrx_word' id='word_1_441' title='bbox 1566 3673 1896 3744; x_wconf 84' lang='lat' dir='ltr'><strong>intelligunt,</strong></span> <span class='ocrx_word' id='word_1_442' title='bbox 1929 3681 1984 3727; x_wconf 89' lang='lat' dir='ltr'><strong>et</strong></span> 
     </span>
    </p>
   </div>
   <div class='ocr_carea' id='block_1_54' title="bbox 411 3765 1987 3834">
    <p class='ocr_par' dir='ltr' id='par_1_54' title="bbox 411 3765 1987 3834">
     <span class='ocr_line' id='line_1_54' title="bbox 411 3765 1987 3834; baseline -0.004 -10"><span class='ocrx_word' id='word_1_443' title='bbox 411 3787 517 3826; x_wconf 89' lang='lat' dir='ltr'><strong>non</strong></span> <span class='ocrx_word' id='word_1_444' title='bbox 545 3771 794 3834; x_wconf 86' lang='lat' dir='ltr'><strong>credunt,</strong></span> <span class='ocrx_word' id='word_1_445' title='bbox 826 3769 1006 3824; x_wconf 87' lang='lat' dir='ltr'><strong>littera</strong></span> <span class='ocrx_word' id='word_1_446' title='bbox 1032 3769 1144 3824; x_wconf 90' lang='lat' dir='ltr'><strong>sola</strong></span> <span class='ocrx_word' id='word_1_447' title='bbox 1175 3769 1246 3822; x_wconf 89' lang='lat' dir='ltr'><strong>sit</strong></span> <span class='ocrx_word' id='word_1_448' title='bbox 1274 3768 1497 3831; x_wconf 89' lang='lat' dir='ltr'><strong>credita,</strong></span> <span class='ocrx_word' id='word_1_449' title='bbox 1526 3767 1616 3820; x_wconf 90' lang='lat' dir='ltr'><strong>illa</strong></span> <span class='ocrx_word' id='word_1_450' title='bbox 1639 3767 1702 3822; x_wconf 92' lang='lat' dir='ltr'><strong>de</strong></span> <span class='ocrx_word' id='word_1_451' title='bbox 1725 3781 1827 3834; x_wconf 84' lang='lat' dir='ltr'><strong>qua</strong></span> <span class='ocrx_word' id='word_1_452' title='bbox 1855 3765 1987 3819; x_wconf 91' lang='lat' dir='ltr'><strong>dicit</strong></span> 
     </span>
    </p>
   </div>
   <div class='ocr_carea' id='block_1_55' title="bbox 409 3857 1987 3928">
    <p class='ocr_par' dir='ltr' id='par_1_55' title="bbox 409 3857 1987 3928">
     <span class='ocr_line' id='line_1_55' title="bbox 409 3857 1987 3928; baseline -0.002 -16"><span class='ocrx_word' id='word_1_453' title='bbox 409 3857 737 3928; x_wconf 85' lang='lat' dir='ltr'><strong>Apostolus:</strong></span> <span class='ocrx_word' id='word_1_454' title='bbox 768 3858 968 3912; x_wconf 86' lang='lat' dir='ltr'><strong>Littera</strong></span> <span class='ocrx_word' id='word_1_455' title='bbox 998 3859 1207 3912; x_wconf 84' lang='lat' dir='ltr'><strong>occidit.</strong></span> <span class='ocrx_word' id='word_1_456' title='bbox 1244 3859 1466 3927; x_wconf 85' lang='lat' dir='ltr'><strong>Eloquia</strong></span> <span class='ocrx_word' id='word_1_457' title='bbox 1502 3867 1678 3912; x_wconf 91' lang='lat' dir='ltr'><strong>autem</strong></span> <span class='ocrx_word' id='word_1_458' title='bbox 1719 3858 1822 3911; x_wconf 93' lang='lat' dir='ltr'><strong>illis</strong></span> <span class='ocrx_word' id='word_1_459' title='bbox 1863 3864 1987 3910; x_wconf 89' lang='lat' dir='ltr'><strong>sunt</strong></span> 
     </span>
    </p>
   </div>
   <div class='ocr_carea' id='block_1_56' title="bbox 410 3929 1987 4019">
    <p class='ocr_par' dir='ltr' id='par_1_56' title="bbox 410 3929 1987 4019">
     <span class='ocr_line' id='line_1_56' title="bbox 410 3929 1987 4019; baseline -0.003 -15"><span class='ocrx_word' id='word_1_460' title='bbox 410 3949 638 4012; x_wconf 89' lang='lat' dir='ltr'><strong>credita,</strong></span> <span class='ocrx_word' id='word_1_461' title='bbox 667 3948 757 4016; x_wconf 90' lang='lat' dir='ltr'><strong>qui</strong></span> <span class='ocrx_word' id='word_1_462' title='bbox 788 3929 1171 4019; x_wconf 48' lang='lat' dir='ltr'><strong>intelligen&#39;tes,</strong></span> <span class='ocrx_word' id='word_1_463' title='bbox 1203 3957 1256 4002; x_wconf 89' lang='lat' dir='ltr'><strong>et</strong></span> <span class='ocrx_word' id='word_1_464' title='bbox 1284 3949 1568 4002; x_wconf 90' lang='lat' dir='ltr'><strong>credentes</strong></span> <span class='ocrx_word' id='word_1_465' title='bbox 1597 3949 1682 4002; x_wconf 89' lang='lat' dir='ltr'><strong>his</strong></span> <span class='ocrx_word' id='word_1_466' title='bbox 1706 3963 1822 4016; x_wconf 59' lang='lat' dir='ltr'><strong>quas</strong></span> <span class='ocrx_word' id='word_1_467' title='bbox 1841 3947 1987 4017; x_wconf 78' lang='lat' dir='ltr'><strong>Moy-</strong></span> 
     </span>
    </p>
   </div>
   <div class='ocr_carea' id='block_1_57' title="bbox 411 4039 1986 4111">
    <p class='ocr_par' dir='ltr' id='par_1_57' title="bbox 411 4039 1986 4111">
     <span class='ocr_line' id='line_1_57' title="bbox 411 4039 1986 4111; baseline -0.005 -13"><span class='ocrx_word' id='word_1_468' title='bbox 411 4059 498 4098; x_wconf 85' lang='lat' dir='ltr'><strong>ses</strong></span> <span class='ocrx_word' id='word_1_469' title='bbox 546 4043 799 4111; x_wconf 88' lang='lat' dir='ltr'><strong>scripsit,</strong></span> <span class='ocrx_word' id='word_1_470' title='bbox 851 4042 1097 4105; x_wconf 90' lang='lat' dir='ltr'><strong>credunt,</strong></span> <span class='ocrx_word' id='word_1_471' title='bbox 1151 4049 1204 4094; x_wconf 87' lang='lat' dir='ltr'><strong>et</strong></span> <span class='ocrx_word' id='word_1_472' title='bbox 1255 4040 1504 4104; x_wconf 89' lang='lat' dir='ltr'><strong>Christo,</strong></span> <span class='ocrx_word' id='word_1_473' title='bbox 1547 4042 1686 4094; x_wconf 90' lang='lat' dir='ltr'><strong>sicut</strong></span> <span class='ocrx_word' id='word_1_474' title='bbox 1729 4039 1986 4092; x_wconf 87' lang='lat' dir='ltr'><strong>Dominus</strong></span> 
     </span>
    </p>
   </div>
   <div class='ocr_carea' id='block_1_58' title="bbox 414 4130 1988 4201">
    <p class='ocr_par' dir='ltr' id='par_1_58' title="bbox 414 4130 1988 4201">
     <span class='ocr_line' id='line_1_58' title="bbox 414 4130 1988 4201; baseline -0.004 -11"><span class='ocrx_word' id='word_1_475' title='bbox 414 4136 585 4191; x_wconf 84' lang='lat' dir='ltr'><strong>dixit:</strong></span> <span class='ocrx_word' id='word_1_476' title='bbox 617 4135 752 4200; x_wconf 85' lang='lat' dir='ltr'><strong>Quia</strong></span> <span class='ocrx_word' id='word_1_477' title='bbox 788 4151 832 4186; x_wconf 84' lang='lat' dir='ltr'><strong>st</strong></span> <span class='ocrx_word' id='word_1_478' title='bbox 877 4132 1152 4185; x_wconf 79' lang='lat' dir='ltr'><strong>crederetis</strong></span> <span class='ocrx_word' id='word_1_479' title='bbox 1192 4131 1394 4201; x_wconf 83' lang='lat' dir='ltr'><strong>Moysi,</strong></span> <span class='ocrx_word' id='word_1_480' title='bbox 1441 4131 1715 4184; x_wconf 80' lang='lat' dir='ltr'><strong>crederetis</strong></span> <span class='ocrx_word' id='word_1_481' title='bbox 1766 4130 1988 4199; x_wconf 78' lang='lat' dir='ltr'><strong>forsitan</strong></span> 
     </span>
    </p>
   </div>
   <div class='ocr_carea' id='block_1_59' title="bbox 414 4221 1989 4292">
    <p class='ocr_par' dir='ltr' id='par_1_59' title="bbox 414 4221 1989 4292">
     <span class='ocr_line' id='line_1_59' title="bbox 414 4221 1989 4292; baseline -0.003 -14"><span class='ocrx_word' id='word_1_482' title='bbox 414 4234 462 4278; x_wconf 84' lang='lat' dir='ltr'><strong>et</strong></span> <span class='ocrx_word' id='word_1_483' title='bbox 501 4225 628 4276; x_wconf 87' lang='lat' dir='ltr'><strong>mihi</strong></span> <span class='ocrx_word' id='word_1_484' title='bbox 677 4223 858 4292; x_wconf 84' lang='lat' dir='ltr'><strong>(Joan.</strong></span> <span class='ocrx_word' id='word_1_485' title='bbox 888 4221 962 4292; x_wconf 89' lang='lat' dir='ltr'><strong>v).</strong></span> <span class='ocrx_word' id='word_1_486' title='bbox 993 4221 1073 4274; x_wconf 79' lang='lat' dir='ltr'><strong>Au</strong></span> <span class='ocrx_word' id='word_1_487' title='bbox 1115 4230 1168 4274; x_wconf 90' lang='lat' dir='ltr'><strong>et</strong></span> <span class='ocrx_word' id='word_1_488' title='bbox 1202 4221 1360 4289; x_wconf 85' lang='lat' dir='ltr'><strong>ipsis,</strong></span> <span class='ocrx_word' id='word_1_489' title='bbox 1392 4221 1484 4291; x_wconf 90' lang='lat' dir='ltr'><strong>qui</strong></span> <span class='ocrx_word' id='word_1_490' title='bbox 1519 4236 1584 4274; x_wconf 81' lang='lat' dir='ltr'><strong>ex</strong></span> <span class='ocrx_word' id='word_1_491' title='bbox 1619 4221 1865 4291; x_wconf 81' lang='lat' dir='ltr'><strong>gentibus</strong></span> <span class='ocrx_word' id='word_1_492' title='bbox 1900 4234 1989 4274; x_wconf 87' lang='lat' dir='ltr'><strong>ve-</strong></span> 
     </span>
    </p>
   </div>
   <div class='ocr_carea' id='block_1_60' title="bbox 414 4310 1988 4381">
    <p class='ocr_par' dir='ltr' id='par_1_60' title="bbox 414 4310 1988 4381">
     <span class='ocr_line' id='line_1_60' title="bbox 414 4310 1988 4381; baseline -0.003 -13"><span class='ocrx_word' id='word_1_493' title='bbox 414 4315 568 4368; x_wconf 85' lang='lat' dir='ltr'><strong>niunt</strong></span> <span class='ocrx_word' id='word_1_494' title='bbox 592 4315 656 4367; x_wconf 92' lang='lat' dir='ltr'><strong>ad</strong></span> <span class='ocrx_word' id='word_1_495' title='bbox 677 4311 971 4377; x_wconf 88' lang='lat' dir='ltr'><strong>Christum,</strong></span> <span class='ocrx_word' id='word_1_496' title='bbox 1001 4320 1084 4366; x_wconf 90' lang='lat' dir='ltr'><strong>est</strong></span> <span class='ocrx_word' id='word_1_497' title='bbox 1105 4313 1191 4365; x_wconf 90' lang='lat' dir='ltr'><strong>ubi</strong></span> <span class='ocrx_word' id='word_1_498' title='bbox 1218 4311 1452 4366; x_wconf 87' lang='lat' dir='ltr'><strong>habeant</strong></span> <span class='ocrx_word' id='word_1_499' title='bbox 1481 4312 1700 4381; x_wconf 89' lang='lat' dir='ltr'><strong>aliquod</strong></span> <span class='ocrx_word' id='word_1_500' title='bbox 1725 4310 1988 4381; x_wconf 87' lang='lat' dir='ltr'><strong>amplius?</strong></span> 
     </span>
    </p>
   </div>
   <div class='ocr_carea' id='block_1_61' title="bbox 2064 1862 3636 1932">
    <p class='ocr_par' dir='ltr' id='par_1_61' title="bbox 2064 1862 3636 1932">
     <span class='ocr_line' id='line_1_61' title="bbox 2064 1862 3636 1932; baseline -0.003 -15"><span class='ocrx_word' id='word_1_501' title='bbox 2064 1872 2243 1917; x_wconf 89' lang='lat' dir='ltr'><strong>autem</strong></span> <span class='ocrx_word' id='word_1_502' title='bbox 2263 1862 2414 1928; x_wconf 91' lang='lat' dir='ltr'><strong>dicit,</strong></span> <span class='ocrx_word' id='word_1_503' title='bbox 2440 1863 2534 1916; x_wconf 83' lang='lat' dir='ltr'><strong>tibi</strong></span> <span class='ocrx_word' id='word_1_504' title='bbox 2562 1862 2661 1916; x_wconf 87' lang='lat' dir='ltr'><strong>soli</strong></span> <span class='ocrx_word' id='word_1_505' title='bbox 2689 1865 2916 1932; x_wconf 85' lang='lat' dir='ltr'><strong>peccavi,</strong></span> <span class='ocrx_word' id='word_1_506' title='bbox 2945 1879 3065 1917; x_wconf 89' lang='lat' dir='ltr'><strong>cum</strong></span> <span class='ocrx_word' id='word_1_507' title='bbox 3096 1863 3280 1932; x_wconf 86' lang='lat' dir='ltr'><strong>utique</strong></span> <span class='ocrx_word' id='word_1_508' title='bbox 3305 1870 3360 1916; x_wconf 90' lang='lat' dir='ltr'><strong>et</strong></span> <span class='ocrx_word' id='word_1_509' title='bbox 3380 1862 3434 1915; x_wconf 94' lang='lat' dir='ltr'><strong>in</strong></span> <span class='ocrx_word' id='word_1_510' title='bbox 3462 1862 3636 1930; x_wconf 85' lang='lat' dir='ltr'><strong>ipsum</strong></span> 
     </span>
    </p>
   </div>
   <div class='ocr_carea' id='block_1_62' title="bbox 2068 1951 3638 2023">
    <p class='ocr_par' dir='ltr' id='par_1_62' title="bbox 2068 1951 3638 2023">
     <span class='ocr_line' id='line_1_62' title="bbox 2068 1951 3638 2023; baseline -0.001 -18"><span class='ocrx_word' id='word_1_511' title='bbox 2068 1951 2254 2006; x_wconf 83' lang='lat' dir='ltr'><strong>Uriam</strong></span> <span class='ocrx_word' id='word_1_512' title='bbox 2300 1952 2574 2020; x_wconf 84' lang='lat' dir='ltr'><strong>peccavit,</strong></span> <span class='ocrx_word' id='word_1_513' title='bbox 2605 1953 2740 2006; x_wconf 91' lang='lat' dir='ltr'><strong>etin</strong></span> <span class='ocrx_word' id='word_1_514' title='bbox 2772 1954 3103 2023; x_wconf 87' lang='lat' dir='ltr'><strong>propinquos</strong></span> <span class='ocrx_word' id='word_1_515' title='bbox 3148 1953 3294 2022; x_wconf 90' lang='lat' dir='ltr'><strong>ejus,</strong></span> <span class='ocrx_word' id='word_1_516' title='bbox 3338 1953 3435 2006; x_wconf 89' lang='lat' dir='ltr'><strong>sed</strong></span> <span class='ocrx_word' id='word_1_517' title='bbox 3485 1959 3538 2006; x_wconf 87' lang='lat' dir='ltr'><strong>et</strong></span> <span class='ocrx_word' id='word_1_518' title='bbox 3584 1951 3638 2004; x_wconf 76' lang='lat' dir='ltr'><strong>iu</strong></span> 
     </span>
    </p>
   </div>
   <div class='ocr_carea' id='block_1_63' title="bbox 2066 2040 3642 2112">
    <p class='ocr_par' dir='ltr' id='par_1_63' title="bbox 2066 2040 3642 2112">
     <span class='ocr_line' id='line_1_63' title="bbox 2066 2040 3642 2112; baseline -0.003 -16"><span class='ocrx_word' id='word_1_519' title='bbox 2066 2043 2236 2112; x_wconf 87' lang='lat' dir='ltr'><strong>ipsam</strong></span> <span class='ocrx_word' id='word_1_520' title='bbox 2261 2041 2544 2107; x_wconf 89' lang='lat' dir='ltr'><strong>Bersabee,</strong></span> <span class='ocrx_word' id='word_1_521' title='bbox 2571 2051 2732 2111; x_wconf 88' lang='lat' dir='ltr'><strong>atque</strong></span> <span class='ocrx_word' id='word_1_522' title='bbox 2755 2058 2971 2097; x_wconf 88' lang='lat' dir='ltr'><strong>omnem</strong></span> <span class='ocrx_word' id='word_1_523' title='bbox 2999 2043 3214 2096; x_wconf 91' lang='lat' dir='ltr'><strong>domum</strong></span> <span class='ocrx_word' id='word_1_524' title='bbox 3244 2063 3258 2093; x_wconf 71' lang='grc' dir='ltr'><strong>ι</strong></span> <span class='ocrx_word' id='word_1_525' title='bbox 3271 2040 3380 2110; x_wconf 86' lang='lat' dir='ltr'><strong>jus,</strong></span> <span class='ocrx_word' id='word_1_526' title='bbox 3411 2057 3532 2095; x_wconf 89' lang='lat' dir='ltr'><strong>cum</strong></span> <span class='ocrx_word' id='word_1_527' title='bbox 3561 2041 3642 2092; x_wconf 84' lang='lat' dir='ltr'><strong>in-</strong></span> 
     </span>
    </p>
   </div>
   <div class='ocr_carea' id='block_1_64' title="bbox 2068 2131 3640 2198">
    <p class='ocr_par' dir='ltr' id='par_1_64' title="bbox 2068 2131 3640 2198">
     <span class='ocr_line' id='line_1_64' title="bbox 2068 2131 3640 2198; baseline -0.003 -11"><span class='ocrx_word' id='word_1_528' title='bbox 2068 2135 2280 2188; x_wconf 87' lang='lat' dir='ltr'><strong>tulisset</strong></span> <span class='ocrx_word' id='word_1_529' title='bbox 2325 2133 2588 2188; x_wconf 88' lang='lat' dir='ltr'><strong>maculam</strong></span> <span class='ocrx_word' id='word_1_530' title='bbox 2611 2175 2624 2198; x_wconf 93' lang='lat'><strong>,</strong></span> <span class='ocrx_word' id='word_1_531' title='bbox 2673 2134 2928 2188; x_wconf 83' lang='lat' dir='ltr'><strong>videlicet</strong></span> <span class='ocrx_word' id='word_1_532' title='bbox 2965 2134 3248 2188; x_wconf 89' lang='lat' dir='ltr'><strong>adulterii?</strong></span> <span class='ocrx_word' id='word_1_533' title='bbox 3273 2134 3396 2187; x_wconf 88' lang='lat' dir='ltr'><strong>Ideo</strong></span> <span class='ocrx_word' id='word_1_534' title='bbox 3425 2133 3517 2184; x_wconf 86' lang='lat' dir='ltr'><strong>tibi</strong></span> <span class='ocrx_word' id='word_1_535' title='bbox 3541 2131 3640 2186; x_wconf 83' lang='lat' dir='ltr'><strong>soli</strong></span> 
     </span>
    </p>
   </div>
   <div class='ocr_carea' id='block_1_65' title="bbox 2067 2223 3639 2297">
    <p class='ocr_par' dir='ltr' id='par_1_65' title="bbox 2067 2223 3639 2297">
     <span class='ocr_line' id='line_1_65' title="bbox 2067 2223 3639 2297; baseline -0.003 -18"><span class='ocrx_word' id='word_1_536' title='bbox 2067 2227 2293 2297; x_wconf 81' lang='lat' dir='ltr'><strong>peccavi,</strong></span> <span class='ocrx_word' id='word_1_537' title='bbox 2319 2235 2366 2278; x_wconf 88' lang='lat' dir='ltr'><strong>et</strong></span> <span class='ocrx_word' id='word_1_538' title='bbox 2391 2225 2586 2278; x_wconf 87' lang='lat' dir='ltr'><strong>malum</strong></span> <span class='ocrx_word' id='word_1_539' title='bbox 2612 2241 2787 2280; x_wconf 86' lang='lat' dir='ltr'><strong>coram</strong></span> <span class='ocrx_word' id='word_1_540' title='bbox 2818 2234 2866 2278; x_wconf 92' lang='lat' dir='ltr'><strong>te</strong></span> <span class='ocrx_word' id='word_1_541' title='bbox 2895 2224 3013 2292; x_wconf 79' lang='lat' dir='ltr'><strong>feri,</strong></span> <span class='ocrx_word' id='word_1_542' title='bbox 3047 2224 3170 2292; x_wconf 89' lang='lat' dir='ltr'><strong>quia</strong></span> <span class='ocrx_word' id='word_1_543' title='bbox 3197 2223 3379 2278; x_wconf 68' lang='lat' dir='ltr'><strong>caeteri</strong></span> <span class='ocrx_word' id='word_1_544' title='bbox 3419 2237 3639 2285; x_wconf 86' lang='lat' dir='ltr'><strong>omnes,</strong></span> 
     </span>
    </p>
   </div>
   <div class='ocr_carea' id='block_1_66' title="bbox 2069 2315 3639 2390">
    <p class='ocr_par' dir='ltr' id='par_1_66' title="bbox 2069 2315 3639 2390">
     <span class='ocr_line' id='line_1_66' title="bbox 2069 2315 3639 2390; baseline -0.005 -17"><span class='ocrx_word' id='word_1_545' title='bbox 2069 2327 2130 2374; x_wconf 92' lang='lat' dir='ltr'><strong>ut</strong></span> <span class='ocrx_word' id='word_1_546' title='bbox 2162 2328 2286 2390; x_wconf 88' lang='lat' dir='ltr'><strong>pote</strong></span> <span class='ocrx_word' id='word_1_547' title='bbox 2310 2318 2572 2372; x_wconf 90' lang='lat' dir='ltr'><strong>animales</strong></span> <span class='ocrx_word' id='word_1_548' title='bbox 2604 2318 2871 2380; x_wconf 86' lang='lat' dir='ltr'><strong>homines,</strong></span> <span class='ocrx_word' id='word_1_549' title='bbox 2912 2332 2997 2370; x_wconf 92' lang='lat' dir='ltr'><strong>me</strong></span> <span class='ocrx_word' id='word_1_550' title='bbox 3033 2317 3123 2385; x_wconf 90' lang='lat' dir='ltr'><strong>qui</strong></span> <span class='ocrx_word' id='word_1_551' title='bbox 3165 2315 3459 2384; x_wconf 86' lang='lat' dir='ltr'><strong>spiritualis</strong></span> <span class='ocrx_word' id='word_1_552' title='bbox 3489 2329 3639 2377; x_wconf 90' lang='lat' dir='ltr'><strong>sum,</strong></span> 
     </span>
    </p>
   </div>
   <div class='ocr_carea' id='block_1_67' title="bbox 2071 2405 3643 2476">
    <p class='ocr_par' dir='ltr' id='par_1_67' title="bbox 2071 2405 3643 2476">
     <span class='ocr_line' id='line_1_67' title="bbox 2071 2405 3643 2476; baseline -0.005 -12"><span class='ocrx_word' id='word_1_553' title='bbox 2071 2411 2232 2464; x_wconf 86' lang='lat' dir='ltr'><strong>etiam</strong></span> <span class='ocrx_word' id='word_1_554' title='bbox 2256 2410 2301 2464; x_wconf 92' lang='lat' dir='ltr'><strong>si</strong></span> <span class='ocrx_word' id='word_1_555' title='bbox 2328 2408 2527 2471; x_wconf 87' lang='lat' dir='ltr'><strong>erravi,</strong></span> <span class='ocrx_word' id='word_1_556' title='bbox 2551 2407 2846 2475; x_wconf 90' lang='lat' dir='ltr'><strong>dijudicare</strong></span> <span class='ocrx_word' id='word_1_557' title='bbox 2889 2423 2998 2462; x_wconf 91' lang='lat' dir='ltr'><strong>non</strong></span> <span class='ocrx_word' id='word_1_558' title='bbox 3047 2415 3292 2476; x_wconf 86' lang='lat' dir='ltr'><strong>possunt,</strong></span> <span class='ocrx_word' id='word_1_559' title='bbox 3319 2407 3444 2473; x_wconf 89' lang='lat' dir='ltr'><strong>quia</strong></span> <span class='ocrx_word' id='word_1_560' title='bbox 3490 2405 3643 2475; x_wconf 80' lang='lat' dir='ltr'><strong>spiri-</strong></span> 
     </span>
    </p>
   </div>
   <div class='ocr_carea' id='block_1_68' title="bbox 2074 2483 3639 2566">
    <p class='ocr_par' dir='ltr' id='par_1_68' title="bbox 2074 2483 3639 2566">
     <span class='ocr_line' id='line_1_68' title="bbox 2074 2483 3639 2566; baseline -0.004 -15"><span class='ocrx_word' id='word_1_561' title='bbox 2074 2497 2234 2552; x_wconf 86' lang='lat' dir='ltr'><strong>tualis</strong></span> <span class='ocrx_word' id='word_1_562' title='bbox 2252 2483 2462 2566; x_wconf 82' lang='lat' dir='ltr'><strong>judicot</strong></span> <span class='ocrx_word' id='word_1_563' title='bbox 2487 2499 2684 2560; x_wconf 88' lang='lat' dir='ltr'><strong>omnia,</strong></span> <span class='ocrx_word' id='word_1_564' title='bbox 2710 2498 2820 2566; x_wconf 79' lang='lat' dir='ltr'><strong>ipse</strong></span> <span class='ocrx_word' id='word_1_565' title='bbox 2849 2514 2880 2549; x_wconf 91' lang='lat' dir='ltr'><strong>a</strong></span> <span class='ocrx_word' id='word_1_566' title='bbox 2907 2497 3108 2549; x_wconf 87' lang='lat' dir='ltr'><strong>nemine</strong></span> <span class='ocrx_word' id='word_1_567' title='bbox 3134 2495 3414 2565; x_wconf 82' lang='lat' dir='ltr'><strong>judicatur</strong></span> <span class='ocrx_word' id='word_1_568' title='bbox 3442 2493 3490 2565; x_wconf 89' lang='grc'><strong>(1</strong></span> <span class='ocrx_word' id='word_1_569' title='bbox 3517 2493 3639 2546; x_wconf 81' lang='lat' dir='ltr'><strong>Cor.</strong></span> 
     </span>
    </p>
   </div>
   <div class='ocr_carea' id='block_1_69' title="bbox 2074 2584 3646 2661">
    <p class='ocr_par' dir='ltr' id='par_1_69' title="bbox 2074 2584 3646 2661">
     <span class='ocr_line' id='line_1_69' title="bbox 2074 2584 3646 2661; baseline -0.004 -17"><span class='ocrx_word' id='word_1_570' title='bbox 2074 2590 2157 2661; x_wconf 89' lang='grc' dir='ltr'><strong>ιι).</strong></span> <span class='ocrx_word' id='word_1_571' title='bbox 2186 2588 2293 2644; x_wconf 89' lang='lat' dir='ltr'><strong>Sed</strong></span> <span class='ocrx_word' id='word_1_572' title='bbox 2329 2589 2456 2658; x_wconf 88' lang='lat' dir='ltr'><strong>quia</strong></span> <span class='ocrx_word' id='word_1_573' title='bbox 2503 2589 2650 2642; x_wconf 88' lang='lat' dir='ltr'><strong>addit</strong></span> <span class='ocrx_word' id='word_1_574' title='bbox 2678 2587 2876 2640; x_wconf 89' lang='lat' dir='ltr'><strong>Paulus</strong></span> <span class='ocrx_word' id='word_1_575' title='bbox 2905 2587 3224 2656; x_wconf 89' lang='lat' dir='ltr'><strong>spiritualis,</strong></span> <span class='ocrx_word' id='word_1_576' title='bbox 3253 2595 3307 2641; x_wconf 89' lang='lat' dir='ltr'><strong>et</strong></span> <span class='ocrx_word' id='word_1_577' title='bbox 3336 2587 3464 2640; x_wconf 90' lang='lat' dir='ltr'><strong>dicit</strong></span> <span class='ocrx_word' id='word_1_578' title='bbox 3495 2599 3509 2638; x_wconf 86' lang='lat'><strong>:</strong></span> <span class='ocrx_word' id='word_1_579' title='bbox 3542 2584 3646 2650; x_wconf 87' lang='lat' dir='ltr'><strong>Qui</strong></span> 
     </span>
    </p>
   </div>
   <div class='ocr_carea' id='block_1_70' title="bbox 2074 2676 3648 2748">
    <p class='ocr_par' dir='ltr' id='par_1_70' title="bbox 2074 2676 3648 2748">
     <span class='ocr_line' id='line_1_70' title="bbox 2074 2676 3648 2748; baseline -0.001 -16"><span class='ocrx_word' id='word_1_580' title='bbox 2074 2679 2470 2748; x_wconf 84' lang='lat' dir='ltr'><strong>autem-judicat</strong></span> <span class='ocrx_word' id='word_1_581' title='bbox 2495 2695 2596 2743; x_wconf 89' lang='lat' dir='ltr'><strong>me,</strong></span> <span class='ocrx_word' id='word_1_582' title='bbox 2630 2677 2886 2732; x_wconf 85' lang='lat' dir='ltr'><strong>Dominus</strong></span> <span class='ocrx_word' id='word_1_583' title='bbox 2913 2687 3006 2742; x_wconf 87' lang='lat' dir='ltr'><strong>est,</strong></span> <span class='ocrx_word' id='word_1_584' title='bbox 3038 2679 3140 2732; x_wconf 93' lang='lat' dir='ltr'><strong>hoc</strong></span> <span class='ocrx_word' id='word_1_585' title='bbox 3166 2679 3342 2732; x_wconf 89' lang='lat' dir='ltr'><strong>sciens</strong></span> <span class='ocrx_word' id='word_1_586' title='bbox 3367 2686 3422 2730; x_wconf 88' lang='lat' dir='ltr'><strong>et</strong></span> <span class='ocrx_word' id='word_1_587' title='bbox 3451 2676 3648 2742; x_wconf 80' lang='lat' dir='ltr'><strong>David,</strong></span> 
     </span>
    </p>
   </div>
   <div class='ocr_carea' id='block_1_71' title="bbox 2074 2765 3643 2836">
    <p class='ocr_par' dir='ltr' id='par_1_71' title="bbox 2074 2765 3643 2836">
     <span class='ocr_line' id='line_1_71' title="bbox 2074 2765 3643 2836; baseline -0.001 -16"><span class='ocrx_word' id='word_1_588' title='bbox 2074 2767 2200 2835; x_wconf 87' lang='lat' dir='ltr'><strong>quia</strong></span> <span class='ocrx_word' id='word_1_589' title='bbox 2241 2766 2387 2820; x_wconf 88' lang='lat' dir='ltr'><strong>solus</strong></span> <span class='ocrx_word' id='word_1_590' title='bbox 2434 2766 2693 2820; x_wconf 89' lang='lat' dir='ltr'><strong>Dominus</strong></span> <span class='ocrx_word' id='word_1_591' title='bbox 2720 2775 2833 2830; x_wconf 90' lang='lat' dir='ltr'><strong>est,</strong></span> <span class='ocrx_word' id='word_1_592' title='bbox 2865 2767 2957 2836; x_wconf 87' lang='lat' dir='ltr'><strong>qui</strong></span> <span class='ocrx_word' id='word_1_593' title='bbox 2996 2767 3328 2835; x_wconf 89' lang='lat' dir='ltr'><strong>spiritualem</strong></span> <span class='ocrx_word' id='word_1_594' title='bbox 3366 2765 3643 2834; x_wconf 90' lang='lat' dir='ltr'><strong>dijudieat,</strong></span> 
     </span>
    </p>
   </div>
   <div class='ocr_carea' id='block_1_72' title="bbox 2076 2854 3646 2926">
    <p class='ocr_par' dir='ltr' id='par_1_72' title="bbox 2076 2854 3646 2926">
     <span class='ocr_line' id='line_1_72' title="bbox 2076 2854 3646 2926; baseline -0.001 -16"><span class='ocrx_word' id='word_1_595' title='bbox 2076 2856 2278 2910; x_wconf 88' lang='lat' dir='ltr'><strong>idcirco</strong></span> <span class='ocrx_word' id='word_1_596' title='bbox 2315 2855 2441 2910; x_wconf 88' lang='lat' dir='ltr'><strong>dicit</strong></span> <span class='ocrx_word' id='word_1_597' title='bbox 2470 2872 2483 2906; x_wconf 88' lang='lat'><strong>:</strong></span> <span class='ocrx_word' id='word_1_598' title='bbox 2519 2854 2631 2908; x_wconf 87' lang='lat' dir='ltr'><strong>Tibi</strong></span> <span class='ocrx_word' id='word_1_599' title='bbox 2655 2855 2755 2909; x_wconf 89' lang='lat' dir='ltr'><strong>soli</strong></span> <span class='ocrx_word' id='word_1_600' title='bbox 2789 2857 3027 2925; x_wconf 84' lang='lat' dir='ltr'><strong>peccavi,</strong></span> <span class='ocrx_word' id='word_1_601' title='bbox 3071 2873 3101 2910; x_wconf 89' lang='lat' dir='ltr'><strong>a</strong></span> <span class='ocrx_word' id='word_1_602' title='bbox 3145 2872 3252 2925; x_wconf 89' lang='lat' dir='ltr'><strong>quo</strong></span> <span class='ocrx_word' id='word_1_603' title='bbox 3290 2856 3404 2910; x_wconf 89' lang='lat' dir='ltr'><strong>solo</strong></span> <span class='ocrx_word' id='word_1_604' title='bbox 3430 2870 3646 2926; x_wconf 88' lang='lat' dir='ltr'><strong>possum</strong></span> 
     </span>
    </p>
   </div>
   <div class='ocr_carea' id='block_1_73' title="bbox 2077 2946 3651 3017">
    <p class='ocr_par' dir='ltr' id='par_1_73' title="bbox 2077 2946 3651 3017">
     <span class='ocr_line' id='line_1_73' title="bbox 2077 2946 3651 3017; baseline -0.002 -15"><span class='ocrx_word' id='word_1_605' title='bbox 2077 2947 2359 3017; x_wconf 88' lang='lat' dir='ltr'><strong>dijudicari</strong></span> <span class='ocrx_word' id='word_1_606' title='bbox 2387 2966 2399 3000; x_wconf 88' lang='lat'>:</span> <span class='ocrx_word' id='word_1_607' title='bbox 2428 2946 2562 3000; x_wconf 88' lang='lat' dir='ltr'><strong>Nam</strong></span> <span class='ocrx_word' id='word_1_608' title='bbox 2595 2947 2828 3002; x_wconf 91' lang='lat' dir='ltr'><strong>humana</strong></span> <span class='ocrx_word' id='word_1_609' title='bbox 2867 2948 2982 3002; x_wconf 90' lang='lat' dir='ltr'><strong>dies</strong></span> <span class='ocrx_word' id='word_1_610' title='bbox 3011 2947 3308 3016; x_wconf 89' lang='lat' dir='ltr'><strong>dijudicare</strong></span> <span class='ocrx_word' id='word_1_611' title='bbox 3333 2963 3437 3001; x_wconf 91' lang='lat' dir='ltr'><strong>non</strong></span> <span class='ocrx_word' id='word_1_612' title='bbox 3475 2954 3651 3016; x_wconf 84' lang='lat' dir='ltr'><strong>potest</strong></span> 
     </span>
    </p>
   </div>
   <div class='ocr_carea' id='block_1_74' title="bbox 2078 3037 3649 3108">
    <p class='ocr_par' dir='ltr' id='par_1_74' title="bbox 2078 3037 3649 3108">
     <span class='ocr_line' id='line_1_74' title="bbox 2078 3037 3649 3108; baseline -0.003 -14"><span class='ocrx_word' id='word_1_613' title='bbox 2078 3038 2434 3108; x_wconf 89' lang='lat' dir='ltr'><strong>spiritualem.</strong></span> <span class='ocrx_word' id='word_1_614' title='bbox 2464 3037 2572 3092; x_wconf 87' lang='lat' dir='ltr'><strong>Sed</strong></span> <span class='ocrx_word' id='word_1_615' title='bbox 2597 3039 2739 3108; x_wconf 89' lang='lat' dir='ltr'><strong>quod</strong></span> <span class='ocrx_word' id='word_1_616' title='bbox 2761 3038 3006 3106; x_wconf 87' lang='lat' dir='ltr'><strong>sequitur</strong></span> <span class='ocrx_word' id='word_1_617' title='bbox 3027 3039 3092 3091; x_wconf 91' lang='lat' dir='ltr'><strong>ad</strong></span> <span class='ocrx_word' id='word_1_618' title='bbox 3115 3039 3258 3090; x_wconf 91' lang='lat' dir='ltr'><strong>hunc</strong></span> <span class='ocrx_word' id='word_1_619' title='bbox 3283 3037 3503 3104; x_wconf 88' lang='lat' dir='ltr'><strong>respicit</strong></span> <span class='ocrx_word' id='word_1_620' title='bbox 3523 3051 3649 3090; x_wconf 90' lang='lat' dir='ltr'><strong>sen-</strong></span> 
     </span>
    </p>
   </div>
   <div class='ocr_carea' id='block_1_75' title="bbox 2077 3129 3650 3202">
    <p class='ocr_par' dir='ltr' id='par_1_75' title="bbox 2077 3129 3650 3202">
     <span class='ocr_line' id='line_1_75' title="bbox 2077 3129 3650 3202; baseline -0.004 -15"><span class='ocrx_word' id='word_1_621' title='bbox 2077 3147 2219 3187; x_wconf 86' lang='lat' dir='ltr'><strong>sum.</strong></span> <span class='ocrx_word' id='word_1_622' title='bbox 2244 3130 2308 3185; x_wconf 90' lang='lat' dir='ltr'><strong>Ut</strong></span> <span class='ocrx_word' id='word_1_623' title='bbox 2323 3132 2633 3202; x_wconf 86' lang='lat' dir='ltr'><strong>justi/iceris</strong></span> <span class='ocrx_word' id='word_1_624' title='bbox 2660 3132 2715 3184; x_wconf 91' lang='lat' dir='ltr'><strong>in</strong></span> <span class='ocrx_word' id='word_1_625' title='bbox 2737 3130 3058 3184; x_wconf 85' lang='lat' dir='ltr'><strong>sermonibus</strong></span> <span class='ocrx_word' id='word_1_626' title='bbox 3088 3130 3190 3182; x_wconf 82' lang='lat' dir='ltr'><strong>tuis</strong></span> <span class='ocrx_word' id='word_1_627' title='bbox 3211 3169 3225 3194; x_wconf 94' lang='lat'><strong>,</strong></span> <span class='ocrx_word' id='word_1_628' title='bbox 3261 3139 3308 3182; x_wconf 88' lang='lat' dir='ltr'><strong>et</strong></span> <span class='ocrx_word' id='word_1_629' title='bbox 3338 3129 3510 3182; x_wconf 86' lang='lat' dir='ltr'><strong>vincas</strong></span> <span class='ocrx_word' id='word_1_630' title='bbox 3533 3145 3650 3181; x_wconf 88' lang='lat' dir='ltr'><strong>cum</strong></span> 
     </span>
    </p>
   </div>
   <div class='ocr_carea' id='block_1_76' title="bbox 2070 3218 3652 3296">
    <p class='ocr_par' dir='ltr' id='par_1_76' title="bbox 2070 3218 3652 3296">
     <span class='ocr_line' id='line_1_76' title="bbox 2070 3218 3652 3296; baseline -0.004 -18"><span class='ocrx_word' id='word_1_631' title='bbox 2070 3225 2353 3296; x_wconf 86' lang='lat' dir='ltr'><strong>judicaris.</strong></span> <span class='ocrx_word' id='word_1_632' title='bbox 2381 3223 2667 3278; x_wconf 86' lang='lat' dir='ltr'><strong>Judicatur</strong></span> <span class='ocrx_word' id='word_1_633' title='bbox 2692 3237 2922 3290; x_wconf 88' lang='lat' dir='ltr'><strong>namque</strong></span> <span class='ocrx_word' id='word_1_634' title='bbox 2950 3221 3090 3276; x_wconf 89' lang='lat' dir='ltr'><strong>Deus</strong></span> <span class='ocrx_word' id='word_1_635' title='bbox 3118 3221 3172 3273; x_wconf 91' lang='lat' dir='ltr'><strong>in</strong></span> <span class='ocrx_word' id='word_1_636' title='bbox 3197 3218 3652 3289; x_wconf 89' lang='lat' dir='ltr'><strong>disputationibus</strong></span> 
     </span>
    </p>
   </div>
   <div class='ocr_carea' id='block_1_77' title="bbox 2079 3307 3656 3384">
    <p class='ocr_par' dir='ltr' id='par_1_77' title="bbox 2079 3307 3656 3384">
     <span class='ocr_line' id='line_1_77' title="bbox 2079 3307 3656 3384; baseline -0.006 -14"><span class='ocrx_word' id='word_1_637' title='bbox 2079 3315 2427 3384; x_wconf 88' lang='lat' dir='ltr'><strong>sapientium,</strong></span> <span class='ocrx_word' id='word_1_638' title='bbox 2456 3315 2582 3368; x_wconf 91' lang='lat' dir='ltr'><strong>dum</strong></span> <span class='ocrx_word' id='word_1_639' title='bbox 2611 3313 2701 3367; x_wconf 91' lang='lat' dir='ltr'><strong>alii</strong></span> <span class='ocrx_word' id='word_1_640' title='bbox 2726 3313 2828 3367; x_wconf 86' lang='lat' dir='ltr'><strong>hoc</strong></span> <span class='ocrx_word' id='word_1_641' title='bbox 2854 3313 3042 3376; x_wconf 88' lang='lat' dir='ltr'><strong>modo,</strong></span> <span class='ocrx_word' id='word_1_642' title='bbox 3083 3309 3173 3364; x_wconf 86' lang='lat' dir='ltr'><strong>alii</strong></span> <span class='ocrx_word' id='word_1_643' title='bbox 3218 3310 3322 3364; x_wconf 86' lang='lat' dir='ltr'><strong>alio</strong></span> <span class='ocrx_word' id='word_1_644' title='bbox 3365 3307 3553 3372; x_wconf 91' lang='lat' dir='ltr'><strong>modo,</strong></span> <span class='ocrx_word' id='word_1_645' title='bbox 3599 3317 3656 3361; x_wconf 91' lang='lat' dir='ltr'><strong>et</strong></span> 
     </span>
    </p>
   </div>
   <div class='ocr_carea' id='block_1_78' title="bbox 2079 3401 3679 3475">
    <p class='ocr_par' dir='ltr' id='par_1_78' title="bbox 2079 3401 3679 3475">
     <span class='ocr_line' id='line_1_78' title="bbox 2079 3401 3679 3475; baseline -0.005 -13"><span class='ocrx_word' id='word_1_646' title='bbox 2079 3408 2294 3462; x_wconf 88' lang='lat' dir='ltr'><strong>diverse</strong></span> <span class='ocrx_word' id='word_1_647' title='bbox 2323 3407 2564 3461; x_wconf 90' lang='lat' dir='ltr'><strong>sentiunt</strong></span> <span class='ocrx_word' id='word_1_648' title='bbox 2585 3407 2650 3459; x_wconf 91' lang='lat' dir='ltr'><strong>de</strong></span> <span class='ocrx_word' id='word_1_649' title='bbox 2676 3405 2806 3460; x_wconf 91' lang='lat' dir='ltr'><strong>Deo.</strong></span> <span class='ocrx_word' id='word_1_650' title='bbox 2837 3405 2957 3475; x_wconf 88' lang='lat' dir='ltr'><strong>Ipse</strong></span> <span class='ocrx_word' id='word_1_651' title='bbox 2985 3420 3118 3475; x_wconf 86' lang='lat' dir='ltr'><strong>ergo</strong></span> <span class='ocrx_word' id='word_1_652' title='bbox 3145 3404 3314 3457; x_wconf 90' lang='lat' dir='ltr'><strong>vincit</strong></span> <span class='ocrx_word' id='word_1_653' title='bbox 3345 3417 3438 3456; x_wconf 89' lang='lat' dir='ltr'><strong>eos</strong></span> <span class='ocrx_word' id='word_1_654' title='bbox 3469 3401 3558 3469; x_wconf 93' lang='lat' dir='ltr'><strong>qui</strong></span> <span class='ocrx_word' id='word_1_655' title='bbox 3588 3401 3679 3454; x_wconf 86' lang='lat' dir='ltr'><strong>de</strong></span> 
     </span>
    </p>
   </div>
   <div class='ocr_carea' id='block_1_79' title="bbox 2082 3491 3655 3566">
    <p class='ocr_par' dir='ltr' id='par_1_79' title="bbox 2082 3491 3655 3566">
     <span class='ocr_line' id='line_1_79' title="bbox 2082 3491 3655 3566; baseline -0.006 -14"><span class='ocrx_word' id='word_1_656' title='bbox 2082 3513 2140 3552; x_wconf 90' lang='lat' dir='ltr'><strong>se</strong></span> <span class='ocrx_word' id='word_1_657' title='bbox 2159 3497 2429 3566; x_wconf 90' lang='lat' dir='ltr'><strong>judicant,</strong></span> <span class='ocrx_word' id='word_1_658' title='bbox 2461 3511 2582 3550; x_wconf 91' lang='lat' dir='ltr'><strong>cum</strong></span> <span class='ocrx_word' id='word_1_659' title='bbox 2608 3497 2916 3549; x_wconf 88' lang='lat' dir='ltr'><strong>errantibus</strong></span> <span class='ocrx_word' id='word_1_660' title='bbox 2945 3495 3152 3548; x_wconf 88' lang='lat' dir='ltr'><strong>cunctis</strong></span> <span class='ocrx_word' id='word_1_661' title='bbox 3177 3494 3244 3547; x_wconf 91' lang='lat' dir='ltr'><strong>de</strong></span> <span class='ocrx_word' id='word_1_662' title='bbox 3267 3507 3324 3546; x_wconf 88' lang='lat' dir='ltr'><strong>se</strong></span> <span class='ocrx_word' id='word_1_663' title='bbox 3341 3533 3355 3556; x_wconf 92' lang='lat'><strong>,</strong></span> <span class='ocrx_word' id='word_1_664' title='bbox 3387 3491 3655 3561; x_wconf 66' lang='lat' dir='ltr'><strong>quomodo</strong></span> 
     </span>
    </p>
   </div>
   <div class='ocr_carea' id='block_1_80' title="bbox 2080 3583 3655 3655">
    <p class='ocr_par' dir='ltr' id='par_1_80' title="bbox 2080 3583 3655 3655">
     <span class='ocr_line' id='line_1_80' title="bbox 2080 3583 3655 3655; baseline -0.003 -14"><span class='ocrx_word' id='word_1_665' title='bbox 2080 3587 2164 3641; x_wconf 86' lang='lat' dir='ltr'><strong>vel</strong></span> <span class='ocrx_word' id='word_1_666' title='bbox 2191 3587 2422 3655; x_wconf 89' lang='lat' dir='ltr'><strong>qualiter</strong></span> <span class='ocrx_word' id='word_1_667' title='bbox 2450 3586 2752 3640; x_wconf 90' lang='lat' dir='ltr'><strong>credendus</strong></span> <span class='ocrx_word' id='word_1_668' title='bbox 2799 3601 2863 3640; x_wconf 88' lang='lat' dir='ltr'><strong>ac</strong></span> <span class='ocrx_word' id='word_1_669' title='bbox 2909 3585 3252 3640; x_wconf 85' lang='lat' dir='ltr'><strong>venerandus</strong></span> <span class='ocrx_word' id='word_1_670' title='bbox 3293 3585 3396 3647; x_wconf 89' lang='lat' dir='ltr'><strong>sit,</strong></span> <span class='ocrx_word' id='word_1_671' title='bbox 3448 3583 3655 3637; x_wconf 85' lang='lat' dir='ltr'><strong>revelat</strong></span> 
     </span>
    </p>
   </div>
   <div class='ocr_carea' id='block_1_81' title="bbox 2083 3673 3658 3746">
    <p class='ocr_par' dir='ltr' id='par_1_81' title="bbox 2083 3673 3658 3746">
     <span class='ocr_line' id='line_1_81' title="bbox 2083 3673 3658 3746; baseline -0.003 -16"><span class='ocrx_word' id='word_1_672' title='bbox 2083 3677 2198 3746; x_wconf 88' lang='lat' dir='ltr'><strong>ipse</strong></span> <span class='ocrx_word' id='word_1_673' title='bbox 2227 3678 2568 3731; x_wconf 90' lang='lat' dir='ltr'><strong>sententiam.</strong></span> <span class='ocrx_word' id='word_1_674' title='bbox 2610 3675 2707 3730; x_wconf 83' lang='lat' dir='ltr'><strong>Est</strong></span> <span class='ocrx_word' id='word_1_675' title='bbox 2734 3678 2871 3730; x_wconf 89' lang='lat' dir='ltr'><strong>enim</strong></span> <span class='ocrx_word' id='word_1_676' title='bbox 2894 3676 3038 3730; x_wconf 87' lang='lat' dir='ltr'><strong>Deus</strong></span> <span class='ocrx_word' id='word_1_677' title='bbox 3064 3691 3240 3729; x_wconf 84' lang='lat' dir='ltr'><strong>verax.</strong></span> <span class='ocrx_word' id='word_1_678' title='bbox 3278 3674 3334 3728; x_wconf 92' lang='lat' dir='ltr'><strong>ln</strong></span> <span class='ocrx_word' id='word_1_679' title='bbox 3369 3673 3470 3728; x_wconf 88' lang='lat' dir='ltr'><strong>Job</strong></span> <span class='ocrx_word' id='word_1_680' title='bbox 3498 3675 3658 3744; x_wconf 88' lang='lat' dir='ltr'><strong>hujus</strong></span> 
     </span>
    </p>
   </div>
   <div class='ocr_carea' id='block_1_82' title="bbox 2083 3768 3658 3838">
    <p class='ocr_par' dir='ltr' id='par_1_82' title="bbox 2083 3768 3658 3838">
     <span class='ocr_line' id='line_1_82' title="bbox 2083 3768 3658 3838; baseline -0.002 -16"><span class='ocrx_word' id='word_1_681' title='bbox 2083 3777 2167 3822; x_wconf 87' lang='lat' dir='ltr'><strong>est</strong></span> <span class='ocrx_word' id='word_1_682' title='bbox 2195 3769 2497 3838; x_wconf 86' lang='lat' dir='ltr'><strong>exemplum</strong></span> <span class='ocrx_word' id='word_1_683' title='bbox 2525 3787 2536 3821; x_wconf 93' lang='lat'>:</span> <span class='ocrx_word' id='word_1_684' title='bbox 2573 3769 2715 3822; x_wconf 91' lang='lat' dir='ltr'><strong>Deus</strong></span> <span class='ocrx_word' id='word_1_685' title='bbox 2747 3769 2927 3837; x_wconf 88' lang='lat' dir='ltr'><strong>itaque</strong></span> <span class='ocrx_word' id='word_1_686' title='bbox 2967 3777 3051 3823; x_wconf 87' lang='lat' dir='ltr'><strong>est</strong></span> <span class='ocrx_word' id='word_1_687' title='bbox 3095 3784 3293 3833; x_wconf 82' lang='lat' dir='ltr'><strong>verax,</strong></span> <span class='ocrx_word' id='word_1_688' title='bbox 3327 3768 3466 3836; x_wconf 88' lang='lat' dir='ltr'><strong>apud</strong></span> <span class='ocrx_word' id='word_1_689' title='bbox 3495 3781 3658 3836; x_wconf 89' lang='lat' dir='ltr'><strong>quem</strong></span> 
     </span>
    </p>
   </div>
   <div class='ocr_carea' id='block_1_83' title="bbox 2084 3856 3656 3930">
    <p class='ocr_par' dir='ltr' id='par_1_83' title="bbox 2084 3856 3656 3930">
     <span class='ocr_line' id='line_1_83' title="bbox 2084 3856 3656 3930; baseline -0.003 -17"><span class='ocrx_word' id='word_1_690' title='bbox 2084 3859 2227 3928; x_wconf 91' lang='lat' dir='ltr'><strong>quod</strong></span> <span class='ocrx_word' id='word_1_691' title='bbox 2254 3857 2451 3913; x_wconf 88' lang='lat' dir='ltr'><strong>factum</strong></span> <span class='ocrx_word' id='word_1_692' title='bbox 2477 3867 2560 3912; x_wconf 90' lang='lat' dir='ltr'><strong>est</strong></span> <span class='ocrx_word' id='word_1_693' title='bbox 2582 3859 2914 3913; x_wconf 89' lang='lat' dir='ltr'><strong>immutabile</strong></span> <span class='ocrx_word' id='word_1_694' title='bbox 2944 3865 3283 3930; x_wconf 84' lang='lat' dir='ltr'><strong>perseverat,</strong></span> <span class='ocrx_word' id='word_1_695' title='bbox 3316 3858 3456 3912; x_wconf 91' lang='lat' dir='ltr'><strong>sicut</strong></span> <span class='ocrx_word' id='word_1_696' title='bbox 3482 3856 3614 3910; x_wconf 89' lang='lat' dir='ltr'><strong>dicit</strong></span> <span class='ocrx_word' id='word_1_697' title='bbox 3641 3873 3656 3909; x_wconf 89' lang='lat'><strong>:</strong></span> 
     </span>
    </p>
   </div>
   <div class='ocr_carea' id='block_1_84' title="bbox 2085 3947 3658 4018">
    <p class='ocr_par' dir='ltr' id='par_1_84' title="bbox 2085 3947 3658 4018">
     <span class='ocr_line' id='line_1_84' title="bbox 2085 3947 3658 4018; baseline 0 -17"><span class='ocrx_word' id='word_1_698' title='bbox 2085 3948 2200 4018; x_wconf 82' lang='lat' dir='ltr'><strong>Ego</strong></span> <span class='ocrx_word' id='word_1_699' title='bbox 2224 3965 2360 4012; x_wconf 90' lang='lat' dir='ltr'><strong>sum,</strong></span> <span class='ocrx_word' id='word_1_700' title='bbox 2391 3957 2439 4002; x_wconf 92' lang='lat' dir='ltr'><strong>et</strong></span> <span class='ocrx_word' id='word_1_701' title='bbox 2483 3964 2586 4000; x_wconf 90' lang='lat' dir='ltr'><strong>non</strong></span> <span class='ocrx_word' id='word_1_702' title='bbox 2623 3949 2907 4001; x_wconf 88' lang='lat' dir='ltr'><strong>immutor:</strong></span> <span class='ocrx_word' id='word_1_703' title='bbox 2937 3948 3178 4007; x_wconf 84' lang='lat' dir='ltr'><strong>Hominis</strong></span> <span class='ocrx_word' id='word_1_704' title='bbox 3206 3955 3290 4003; x_wconf 87' lang='lat' dir='ltr'><strong>est</strong></span> <span class='ocrx_word' id='word_1_705' title='bbox 3325 3950 3469 4002; x_wconf 90' lang='lat' dir='ltr'><strong>enim</strong></span> <span class='ocrx_word' id='word_1_706' title='bbox 3515 3947 3658 4011; x_wconf 85' lang='lat' dir='ltr'><strong>falli,</strong></span> 
     </span>
    </p>
   </div>
   <div class='ocr_carea' id='block_1_85' title="bbox 2087 4039 3662 4108">
    <p class='ocr_par' dir='ltr' id='par_1_85' title="bbox 2087 4039 3662 4108">
     <span class='ocr_line' id='line_1_85' title="bbox 2087 4039 3662 4108; baseline 0 -17"><span class='ocrx_word' id='word_1_707' title='bbox 2087 4054 2246 4107; x_wconf 89' lang='lat' dir='ltr'><strong>quem</strong></span> <span class='ocrx_word' id='word_1_708' title='bbox 2273 4047 2515 4108; x_wconf 88' lang='lat' dir='ltr'><strong>tempora</strong></span> <span class='ocrx_word' id='word_1_709' title='bbox 2537 4049 2592 4092; x_wconf 91' lang='lat' dir='ltr'><strong>et</strong></span> <span class='ocrx_word' id='word_1_710' title='bbox 2621 4055 2800 4094; x_wconf 63' lang='lat' dir='ltr'><strong>causae</strong></span> <span class='ocrx_word' id='word_1_711' title='bbox 2827 4039 3032 4094; x_wconf 88' lang='lat' dir='ltr'><strong>faciunt</strong></span> <span class='ocrx_word' id='word_1_712' title='bbox 3061 4056 3184 4094; x_wconf 87' lang='lat' dir='ltr'><strong>esse</strong></span> <span class='ocrx_word' id='word_1_713' title='bbox 3211 4039 3540 4102; x_wconf 89' lang='lat' dir='ltr'><strong>mutabilem,</strong></span> <span class='ocrx_word' id='word_1_714' title='bbox 3563 4053 3662 4107; x_wconf 92' lang='lat' dir='ltr'><strong>per</strong></span> 
     </span>
    </p>
   </div>
   <div class='ocr_carea' id='block_1_86' title="bbox 2075 4129 3658 4197">
    <p class='ocr_par' dir='ltr' id='par_1_86' title="bbox 2075 4129 3658 4197">
     <span class='ocr_line' id='line_1_86' title="bbox 2075 4129 3658 4197; baseline -0.003 -14"><span class='ocrx_word' id='word_1_715' title='bbox 2075 4130 2140 4183; x_wconf 72' lang='lat' dir='ltr'><strong>id</strong></span> <span class='ocrx_word' id='word_1_716' title='bbox 2163 4130 2304 4197; x_wconf 90' lang='lat' dir='ltr'><strong>quod</strong></span> <span class='ocrx_word' id='word_1_717' title='bbox 2335 4129 2678 4197; x_wconf 69' lang='lat' dir='ltr'><strong>pncsentiam</strong></span> <span class='ocrx_word' id='word_1_718' title='bbox 2705 4131 2800 4183; x_wconf 91' lang='lat' dir='ltr'><strong>Dei</strong></span> <span class='ocrx_word' id='word_1_719' title='bbox 2833 4145 2937 4184; x_wconf 92' lang='lat' dir='ltr'><strong>non</strong></span> <span class='ocrx_word' id='word_1_720' title='bbox 2976 4131 3192 4183; x_wconf 88' lang='lat' dir='ltr'><strong>habeat.</strong></span> <span class='ocrx_word' id='word_1_721' title='bbox 3215 4130 3439 4184; x_wconf 90' lang='lat' dir='ltr'><strong>Omnem</strong></span> <span class='ocrx_word' id='word_1_722' title='bbox 3479 4136 3658 4181; x_wconf 88' lang='lat' dir='ltr'><strong>autem</strong></span> 
     </span>
    </p>
   </div>
   <div class='ocr_carea' id='block_1_87' title="bbox 2088 4220 3662 4285">
    <p class='ocr_par' dir='ltr' id='par_1_87' title="bbox 2088 4220 3662 4285">
     <span class='ocr_line' id='line_1_87' title="bbox 2088 4220 3662 4285; baseline -0.002 -10"><span class='ocrx_word' id='word_1_723' title='bbox 2088 4222 2361 4276; x_wconf 90' lang='lat' dir='ltr'><strong>hominem</strong></span> <span class='ocrx_word' id='word_1_724' title='bbox 2415 4220 2733 4274; x_wconf 87' lang='lat' dir='ltr'><strong>mendacem</strong></span> <span class='ocrx_word' id='word_1_725' title='bbox 2774 4221 2931 4283; x_wconf 88' lang='lat' dir='ltr'><strong>dicit,</strong></span> <span class='ocrx_word' id='word_1_726' title='bbox 2963 4232 3018 4275; x_wconf 90' lang='lat' dir='ltr'><strong>et</strong></span> <span class='ocrx_word' id='word_1_727' title='bbox 3050 4237 3238 4276; x_wconf 88' lang='lat' dir='ltr'><strong>verum</strong></span> <span class='ocrx_word' id='word_1_728' title='bbox 3267 4221 3426 4285; x_wconf 92' lang='lat' dir='ltr'><strong>dicit;</strong></span> <span class='ocrx_word' id='word_1_729' title='bbox 3471 4228 3662 4274; x_wconf 88' lang='lat' dir='ltr'><strong>natura</strong></span> 
     </span>
    </p>
   </div>
   <div class='ocr_carea' id='block_1_88' title="bbox 2088 4310 3664 4381">
    <p class='ocr_par' dir='ltr' id='par_1_88' title="bbox 2088 4310 3664 4381">
     <span class='ocr_line' id='line_1_88' title="bbox 2088 4310 3664 4381; baseline 0 -16"><span class='ocrx_word' id='word_1_730' title='bbox 2088 4313 2254 4377; x_wconf 90' lang='lat' dir='ltr'><strong>enim,</strong></span> <span class='ocrx_word' id='word_1_731' title='bbox 2281 4327 2404 4381; x_wconf 71' lang='lat' dir='ltr'><strong>qua:</strong></span> <span class='ocrx_word' id='word_1_732' title='bbox 2430 4310 2652 4374; x_wconf 85' lang='lat' dir='ltr'><strong>fallitur,</strong></span> <span class='ocrx_word' id='word_1_733' title='bbox 2672 4326 2779 4366; x_wconf 90' lang='lat' dir='ltr'><strong>non</strong></span> <span class='ocrx_word' id='word_1_734' title='bbox 2808 4312 3040 4367; x_wconf 89' lang='lat' dir='ltr'><strong>absurde</strong></span> <span class='ocrx_word' id='word_1_735' title='bbox 3065 4312 3260 4367; x_wconf 89' lang='lat' dir='ltr'><strong>dicitur</strong></span> <span class='ocrx_word' id='word_1_736' title='bbox 3288 4311 3536 4366; x_wconf 82' lang='lat' dir='ltr'><strong>mendax.</strong></span> <span class='ocrx_word' id='word_1_737' title='bbox 3553 4310 3664 4365; x_wconf 82' lang='lat' dir='ltr'><strong>Ali-</strong></span> 
     </span>
    </p>
   </div>
   <div class='ocr_carea' id='block_1_89' title="bbox 414 4402 3664 4498">
    <p class='ocr_par' dir='ltr' id='par_1_89' title="bbox 414 4402 3664 4498">
     <span class='ocr_line' id='line_1_89' title="bbox 414 4402 3664 4498; baseline -0.001 -39"><span class='ocrx_word' id='word_1_738' title='bbox 414 4405 553 4459; x_wconf 81' lang='lat' dir='ltr'><strong>Audi</strong></span> <span class='ocrx_word' id='word_1_739' title='bbox 580 4406 862 4460; x_wconf 91' lang='lat' dir='ltr'><strong>Dominum</strong></span> <span class='ocrx_word' id='word_1_740' title='bbox 895 4406 1160 4459; x_wconf 88' lang='lat' dir='ltr'><strong>dicentem</strong></span> <span class='ocrx_word' id='word_1_741' title='bbox 1189 4405 1256 4458; x_wconf 90' lang='lat' dir='ltr'><strong>ad</strong></span> <span class='ocrx_word' id='word_1_742' title='bbox 1285 4407 1654 4460; x_wconf 85' lang='lat' dir='ltr'><strong>centurionem</strong></span> <span class='ocrx_word' id='word_1_743' title='bbox 1701 4421 1765 4460; x_wconf 86' lang='lat' dir='ltr'><strong>ex</strong></span> <span class='ocrx_word' id='word_1_744' title='bbox 1810 4407 1984 4476; x_wconf 88' lang='lat' dir='ltr'><strong>genti-</strong></span> <span class='ocrx_word' id='word_1_745' title='bbox 2014 4438 2066 4498; x_wconf 76' lang='grc' dir='ltr'><strong>Ι)</strong></span> <span class='ocrx_word' id='word_1_746' title='bbox 2091 4403 2305 4472; x_wconf 90' lang='lat' dir='ltr'><strong>quando</strong></span> <span class='ocrx_word' id='word_1_747' title='bbox 2341 4405 2522 4473; x_wconf 89' lang='lat' dir='ltr'><strong>itaque</strong></span> <span class='ocrx_word' id='word_1_748' title='bbox 2552 4403 3072 4473; x_wconf 72' lang='lat' dir='ltr'><strong>studio,‘aliquando</strong></span> <span class='ocrx_word' id='word_1_749' title='bbox 3101 4419 3287 4459; x_wconf 86' lang='lat' dir='ltr'><strong>errore</strong></span> <span class='ocrx_word' id='word_1_750' title='bbox 3320 4404 3548 4457; x_wconf 78' lang='lat' dir='ltr'><strong>mendax</strong></span> <span class='ocrx_word' id='word_1_751' title='bbox 3580 4402 3664 4456; x_wconf 91' lang='lat' dir='ltr'><strong>di-</strong></span> 
     </span>
    </p>
   </div>
   <div class='ocr_carea' id='block_1_90' title="bbox 416 4495 1989 4561">
    <p class='ocr_par' dir='ltr' id='par_1_90' title="bbox 416 4495 1989 4561">
     <span class='ocr_line' id='line_1_90' title="bbox 416 4495 1989 4561; baseline 0 -11"><span class='ocrx_word' id='word_1_752' title='bbox 416 4497 516 4550; x_wconf 82' lang='lat' dir='ltr'><strong>bus</strong></span> <span class='ocrx_word' id='word_1_753' title='bbox 545 4496 852 4550; x_wconf 88' lang='lat' dir='ltr'><strong>credentem</strong></span> <span class='ocrx_word' id='word_1_754' title='bbox 875 4514 887 4548; x_wconf 95' lang='lat'>:</span> <span class='ocrx_word' id='word_1_755' title='bbox 911 4495 1072 4549; x_wconf 77' lang='lat' dir='ltr'><strong>Amen</strong></span> <span class='ocrx_word' id='word_1_756' title='bbox 1089 4495 1204 4548; x_wconf 87' lang='lat' dir='ltr'><strong>dico</strong></span> <span class='ocrx_word' id='word_1_757' title='bbox 1227 4496 1387 4561; x_wconf 84' lang='lat' dir='ltr'><strong>vobis,</strong></span> <span class='ocrx_word' id='word_1_758' title='bbox 1411 4513 1501 4550; x_wconf 81' lang='lat' dir='ltr'><strong>nec.</strong></span> <span class='ocrx_word' id='word_1_759' title='bbox 1521 4498 1574 4550; x_wconf 88' lang='lat' dir='ltr'><strong>in</strong></span> <span class='ocrx_word' id='word_1_760' title='bbox 1595 4495 1765 4550; x_wconf 85' lang='lat' dir='ltr'><strong>Israel</strong></span> <span class='ocrx_word' id='word_1_761' title='bbox 1784 4506 1989 4550; x_wconf 87' lang='lat' dir='ltr'><strong>tantam</strong></span> 
     </span>
    </p>
   </div>
   <div class='ocr_carea' id='block_1_91' title="bbox 416 4585 1991 4658">
    <p class='ocr_par' dir='ltr' id='par_1_91' title="bbox 416 4585 1991 4658">
     <span class='ocr_line' id='line_1_91' title="bbox 416 4585 1991 4658; baseline 0.003 -20"><span class='ocrx_word' id='word_1_762' title='bbox 416 4587 574 4655; x_wconf 79' lang='lat' dir='ltr'><strong>ﬁdem</strong></span> <span class='ocrx_word' id='word_1_763' title='bbox 616 4587 786 4640; x_wconf 88' lang='lat' dir='ltr'><strong>inveni</strong></span> <span class='ocrx_word' id='word_1_764' title='bbox 819 4585 1034 4657; x_wconf 81' lang='lat' dir='ltr'><strong>(Matth.</strong></span> <span class='ocrx_word' id='word_1_765' title='bbox 1064 4586 1205 4657; x_wconf 85' lang='lat' dir='ltr'><strong>vm).</strong></span> <span class='ocrx_word' id='word_1_766' title='bbox 1237 4587 1370 4641; x_wconf 85' lang='lat' dir='ltr'><strong>Vide</strong></span> <span class='ocrx_word' id='word_1_767' title='bbox 1402 4603 1531 4658; x_wconf 87' lang='lat' dir='ltr'><strong>ergo</strong></span> <span class='ocrx_word' id='word_1_768' title='bbox 1559 4588 1648 4641; x_wconf 92' lang='lat' dir='ltr'><strong>ubi</strong></span> <span class='ocrx_word' id='word_1_769' title='bbox 1674 4587 1888 4642; x_wconf 89' lang='lat' dir='ltr'><strong>venitur</strong></span> <span class='ocrx_word' id='word_1_770' title='bbox 1922 4587 1991 4642; x_wconf 90' lang='lat' dir='ltr'><strong>ad</strong></span> 
     </span>
    </p>
   </div>
   <div class='ocr_carea' id='block_1_92' title="bbox 418 4677 1991 4750">
    <p class='ocr_par' dir='ltr' id='par_1_92' title="bbox 418 4677 1991 4750">
     <span class='ocr_line' id='line_1_92' title="bbox 418 4677 1991 4750; baseline 0.001 -20"><span class='ocrx_word' id='word_1_771' title='bbox 418 4677 599 4742; x_wconf 88' lang='lat' dir='ltr'><strong>ﬁdem,</strong></span> <span class='ocrx_word' id='word_1_772' title='bbox 637 4684 837 4745; x_wconf 90' lang='lat' dir='ltr'><strong>quanto</strong></span> <span class='ocrx_word' id='word_1_773' title='bbox 884 4677 1112 4746; x_wconf 91' lang='lat' dir='ltr'><strong>amplius</strong></span> <span class='ocrx_word' id='word_1_774' title='bbox 1152 4677 1384 4732; x_wconf 81' lang='lat' dir='ltr'><strong>habeant</strong></span> <span class='ocrx_word' id='word_1_775' title='bbox 1416 4679 1637 4750; x_wconf 87' lang='lat' dir='ltr'><strong>gentes?</strong></span> <span class='ocrx_word' id='word_1_776' title='bbox 1673 4678 1991 4747; x_wconf 87' lang='lat' dir='ltr'><strong>Quanquam</strong></span> 
     </span>
    </p>
   </div>
   <div class='ocr_carea' id='block_1_93' title="bbox 419 4766 1994 4836">
    <p class='ocr_par' dir='ltr' id='par_1_93' title="bbox 419 4766 1994 4836">
     <span class='ocr_line' id='line_1_93' title="bbox 419 4766 1994 4836; baseline 0 -16"><span class='ocrx_word' id='word_1_777' title='bbox 419 4775 561 4830; x_wconf 87' lang='lat' dir='ltr'><strong>sunt,</strong></span> <span class='ocrx_word' id='word_1_778' title='bbox 589 4782 708 4835; x_wconf 78' lang='lat' dir='ltr'><strong>qua:</strong></span> <span class='ocrx_word' id='word_1_779' title='bbox 746 4766 812 4820; x_wconf 88' lang='lat' dir='ltr'><strong>ad</strong></span> <span class='ocrx_word' id='word_1_780' title='bbox 843 4766 1100 4820; x_wconf 89' lang='lat' dir='ltr'><strong>honorem</strong></span> <span class='ocrx_word' id='word_1_781' title='bbox 1123 4775 1177 4820; x_wconf 89' lang='lat' dir='ltr'><strong>et</strong></span> <span class='ocrx_word' id='word_1_782' title='bbox 1199 4767 1447 4821; x_wconf 89' lang='lat' dir='ltr'><strong>meritum</strong></span> <span class='ocrx_word' id='word_1_783' title='bbox 1479 4768 1750 4836; x_wconf 89' lang='lat' dir='ltr'><strong>pertinent</strong></span> <span class='ocrx_word' id='word_1_784' title='bbox 1773 4766 1994 4821; x_wconf 88' lang='lat' dir='ltr'><strong>seminis</strong></span> 
     </span>
    </p>
   </div>
   <div class='ocr_carea' id='block_1_94' title="bbox 417 4856 1994 4926">
    <p class='ocr_par' dir='ltr' id='par_1_94' title="bbox 417 4856 1994 4926">
     <span class='ocr_line' id='line_1_94' title="bbox 417 4856 1994 4926; baseline -0.001 -15"><span class='ocrx_word' id='word_1_785' title='bbox 417 4857 647 4912; x_wconf 66' lang='lat' dir='ltr'><strong>Abraha:</strong></span> <span class='ocrx_word' id='word_1_786' title='bbox 675 4875 687 4910; x_wconf 87' lang='lat'><strong>:</strong></span> <span class='ocrx_word' id='word_1_787' title='bbox 722 4857 826 4911; x_wconf 91' lang='lat' dir='ltr'><strong>hoc</strong></span> <span class='ocrx_word' id='word_1_788' title='bbox 857 4859 1034 4910; x_wconf 90' lang='lat' dir='ltr'><strong>tamen</strong></span> <span class='ocrx_word' id='word_1_789' title='bbox 1063 4856 1234 4911; x_wconf 92' lang='lat' dir='ltr'><strong>solum</strong></span> <span class='ocrx_word' id='word_1_790' title='bbox 1265 4865 1449 4926; x_wconf 88' lang='lat' dir='ltr'><strong>aperte</strong></span> <span class='ocrx_word' id='word_1_791' title='bbox 1477 4864 1740 4912; x_wconf 90' lang='lat' dir='ltr'><strong>memorat</strong></span> <span class='ocrx_word' id='word_1_792' title='bbox 1765 4857 1994 4926; x_wconf 80' lang='lat' dir='ltr'><strong>Aposto-</strong></span> 
     </span>
    </p>
   </div>
   <div class='ocr_carea' id='block_1_95' title="bbox 420 4947 1994 5018">
    <p class='ocr_par' dir='ltr' id='par_1_95' title="bbox 420 4947 1994 5018">
     <span class='ocr_line' id='line_1_95' title="bbox 420 4947 1994 5018; baseline -0.001 -17"><span class='ocrx_word' id='word_1_793' title='bbox 420 4948 521 5013; x_wconf 91' lang='lat' dir='ltr'><strong>lus,</strong></span> <span class='ocrx_word' id='word_1_794' title='bbox 547 4950 670 5018; x_wconf 92' lang='lat' dir='ltr'><strong>quia</strong></span> <span class='ocrx_word' id='word_1_795' title='bbox 694 4947 930 5003; x_wconf 84' lang='lat' dir='ltr'><strong>maxime</strong></span> <span class='ocrx_word' id='word_1_796' title='bbox 958 4947 1129 5001; x_wconf 89' lang='lat' dir='ltr'><strong>laudis</strong></span> <span class='ocrx_word' id='word_1_797' title='bbox 1157 4962 1377 5011; x_wconf 92' lang='lat' dir='ltr'><strong>eorum,</strong></span> <span class='ocrx_word' id='word_1_798' title='bbox 1401 4955 1512 5011; x_wconf 87' lang='lat' dir='ltr'><strong>est,</strong></span> <span class='ocrx_word' id='word_1_799' title='bbox 1549 4955 1609 5000; x_wconf 89' lang='lat' dir='ltr'><strong>ut</strong></span> <span class='ocrx_word' id='word_1_800' title='bbox 1652 4947 1824 5016; x_wconf 85' lang='lat' dir='ltr'><strong>legem</strong></span> <span class='ocrx_word' id='word_1_801' title='bbox 1842 4987 1856 5011; x_wconf 98' lang='lat'><strong>,</strong></span> <span class='ocrx_word' id='word_1_802' title='bbox 1895 4961 1994 5014; x_wconf 87' lang='lat' dir='ltr'><strong>per</strong></span> 
     </span>
    </p>
   </div>
   <div class='ocr_carea' id='block_1_96' title="bbox 419 5037 1991 5108">
    <p class='ocr_par' dir='ltr' id='par_1_96' title="bbox 419 5037 1991 5108">
     <span class='ocr_line' id='line_1_96' title="bbox 419 5037 1991 5108; baseline 0.001 -20"><span class='ocrx_word' id='word_1_803' title='bbox 419 5051 580 5104; x_wconf 90' lang='lat' dir='ltr'><strong>quam</strong></span> <span class='ocrx_word' id='word_1_804' title='bbox 605 5037 872 5092; x_wconf 91' lang='lat' dir='ltr'><strong>discerent</strong></span> <span class='ocrx_word' id='word_1_805' title='bbox 900 5047 1105 5093; x_wconf 84' lang='lat' dir='ltr'><strong>rectum</strong></span> <span class='ocrx_word' id='word_1_806' title='bbox 1128 5052 1158 5091; x_wconf 90' lang='lat' dir='ltr'><strong>a</strong></span> <span class='ocrx_word' id='word_1_807' title='bbox 1178 5053 1435 5107; x_wconf 87' lang='lat' dir='ltr'><strong>perverso</strong></span> <span class='ocrx_word' id='word_1_808' title='bbox 1457 5038 1786 5108; x_wconf 85' lang='lat' dir='ltr'><strong>distinguere</strong></span> <span class='ocrx_word' id='word_1_809' title='bbox 1805 5078 1818 5103; x_wconf 95' lang='lat'><strong>,</strong></span> <span class='ocrx_word' id='word_1_810' title='bbox 1843 5037 1991 5107; x_wconf 86' lang='lat' dir='ltr'><strong>digni</strong></span> 
     </span>
    </p>
   </div>
   <div class='ocr_carea' id='block_1_97' title="bbox 415 5125 1079 5200">
    <p class='ocr_par' dir='ltr' id='par_1_97' title="bbox 415 5125 1079 5200">
     <span class='ocr_line' id='line_1_97' title="bbox 415 5125 1079 5200; baseline 0.012 -23"><span class='ocrx_word' id='word_1_811' title='bbox 415 5125 785 5196; x_wconf 86' lang='lat' dir='ltr'><strong>judicarentur</strong></span> <span class='ocrx_word' id='word_1_812' title='bbox 811 5131 1079 5200; x_wconf 90' lang='lat' dir='ltr'><strong>accipere.</strong></span> 
     </span>
    </p>
   </div>
   <div class='ocr_carea' id='block_1_98' title="bbox 493 5213 1994 5291">
    <p class='ocr_par' dir='ltr' id='par_1_98' title="bbox 493 5213 1994 5291">
     <span class='ocr_line' id='line_1_98' title="bbox 493 5213 1994 5291; baseline 0.003 -24"><span class='ocrx_word' id='word_1_813' title='bbox 493 5213 632 5278; x_wconf 83' lang='lat' dir='ltr'><strong>Quid</strong></span> <span class='ocrx_word' id='word_1_814' title='bbox 656 5219 812 5282; x_wconf 89' lang='lat' dir='ltr'><strong>enim,</strong></span> <span class='ocrx_word' id='word_1_815' title='bbox 843 5220 888 5272; x_wconf 88' lang='lat' dir='ltr'><strong>si</strong></span> <span class='ocrx_word' id='word_1_816' title='bbox 913 5221 1128 5291; x_wconf 85' lang='lat' dir='ltr'><strong>quidam</strong></span> <span class='ocrx_word' id='word_1_817' title='bbox 1157 5237 1336 5274; x_wconf 88' lang='lat' dir='ltr'><strong>eorum</strong></span> <span class='ocrx_word' id='word_1_818' title='bbox 1360 5237 1463 5275; x_wconf 90' lang='lat' dir='ltr'><strong>non</strong></span> <span class='ocrx_word' id='word_1_819' title='bbox 1483 5221 1833 5282; x_wconf 88' lang='lat' dir='ltr'><strong>crediderunt,</strong></span> <span class='ocrx_word' id='word_1_820' title='bbox 1861 5237 1994 5273; x_wconf 89' lang='lat' dir='ltr'><strong>nun-</strong></span> 
     </span>
    </p>
   </div>
   <div class='ocr_carea' id='block_1_99' title="bbox 420 5302 1990 5378">
    <p class='ocr_par' dir='ltr' id='par_1_99' title="bbox 420 5302 1990 5378">
     <span class='ocr_line' id='line_1_99' title="bbox 420 5302 1990 5378; baseline 0.003 -21"><span class='ocrx_word' id='word_1_821' title='bbox 420 5302 547 5375; x_wconf 83' lang='lat' dir='ltr'><strong>quid</strong></span> <span class='ocrx_word' id='word_1_822' title='bbox 587 5303 926 5360; x_wconf 84' lang='lat' dir='ltr'><strong>incredulitas</strong></span> <span class='ocrx_word' id='word_1_823' title='bbox 967 5325 1144 5362; x_wconf 88' lang='lat' dir='ltr'><strong>eorum</strong></span> <span class='ocrx_word' id='word_1_824' title='bbox 1177 5310 1336 5378; x_wconf 83' lang='lat' dir='ltr'><strong>ﬁdem</strong></span> <span class='ocrx_word' id='word_1_825' title='bbox 1377 5309 1474 5362; x_wconf 87' lang='lat' dir='ltr'><strong>Dei</strong></span> <span class='ocrx_word' id='word_1_826' title='bbox 1506 5309 1814 5363; x_wconf 85' lang='lat' dir='ltr'><strong>evacuabit?</strong></span> <span class='ocrx_word' id='word_1_827' title='bbox 1844 5308 1990 5374; x_wconf 90' lang='lat' dir='ltr'><strong>Non,</strong></span> 
     </span>
    </p>
   </div>
   <div class='ocr_carea' id='block_1_100' title="bbox 424 5399 1995 5474">
    <p class='ocr_par' dir='ltr' id='par_1_100' title="bbox 424 5399 1995 5474">
     <span class='ocr_line' id='line_1_100' title="bbox 424 5399 1995 5474; baseline 0.004 -22"><span class='ocrx_word' id='word_1_828' title='bbox 424 5399 628 5468; x_wconf 89' lang='lat' dir='ltr'><strong>inquit,</strong></span> <span class='ocrx_word' id='word_1_829' title='bbox 661 5399 786 5467; x_wconf 91' lang='lat' dir='ltr'><strong>quia</strong></span> <span class='ocrx_word' id='word_1_830' title='bbox 815 5400 1034 5469; x_wconf 89' lang='lat' dir='ltr'><strong>quidam</strong></span> <span class='ocrx_word' id='word_1_831' title='bbox 1064 5418 1250 5458; x_wconf 89' lang='lat' dir='ltr'><strong>eorum</strong></span> <span class='ocrx_word' id='word_1_832' title='bbox 1286 5405 1508 5459; x_wconf 89' lang='lat' dir='ltr'><strong>credere</strong></span> <span class='ocrx_word' id='word_1_833' title='bbox 1551 5405 1837 5460; x_wconf 88' lang='lat' dir='ltr'><strong>noluerunt</strong></span> <span class='ocrx_word' id='word_1_834' title='bbox 1875 5419 1995 5474; x_wconf 66' lang='lat' dir='ltr'><strong>qua:</strong></span> 
     </span>
    </p>
   </div>
   <div class='ocr_carea' id='block_1_101' title="bbox 423 5488 1997 5565">
    <p class='ocr_par' dir='ltr' id='par_1_101' title="bbox 423 5488 1997 5565">
     <span class='ocr_line' id='line_1_101' title="bbox 423 5488 1997 5565; baseline 0.006 -25"><span class='ocrx_word' id='word_1_835' title='bbox 423 5489 673 5556; x_wconf 83' lang='lat' dir='ltr'><strong>promisit</strong></span> <span class='ocrx_word' id='word_1_836' title='bbox 699 5488 841 5545; x_wconf 89' lang='lat' dir='ltr'><strong>Deus</strong></span> <span class='ocrx_word' id='word_1_837' title='bbox 870 5489 994 5545; x_wconf 89' lang='lat' dir='ltr'><strong>ﬁliis</strong></span> <span class='ocrx_word' id='word_1_838' title='bbox 1019 5490 1281 5557; x_wconf 78' lang='lat' dir='ltr'><strong>Abrahze,</strong></span> <span class='ocrx_word' id='word_1_839' title='bbox 1316 5495 1518 5549; x_wconf 90' lang='lat' dir='ltr'><strong>idcirco</strong></span> <span class='ocrx_word' id='word_1_840' title='bbox 1555 5495 1997 5565; x_wconf 78' lang='lat' dir='ltr'><strong>praejudicabitur</strong></span> 
     </span>
    </p>
   </div>
   <div class='ocr_carea' id='block_1_102' title="bbox 424 5575 1995 5654">
    <p class='ocr_par' dir='ltr' id='par_1_102' title="bbox 424 5575 1995 5654">
     <span class='ocr_line' id='line_1_102' title="bbox 424 5575 1995 5654; baseline 0.006 -25"><span class='ocrx_word' id='word_1_841' title='bbox 424 5575 636 5630; x_wconf 64' lang='lat' dir='ltr'><strong>caeteris</strong></span> <span class='ocrx_word' id='word_1_842' title='bbox 660 5575 860 5633; x_wconf 72' lang='lat' dir='ltr'><strong>Judazis</strong></span> <span class='ocrx_word' id='word_1_843' title='bbox 887 5578 1228 5636; x_wconf 88' lang='lat' dir='ltr'><strong>credentibus</strong></span> <span class='ocrx_word' id='word_1_844' title='bbox 1251 5597 1316 5635; x_wconf 89' lang='lat' dir='ltr'><strong>ne</strong></span> <span class='ocrx_word' id='word_1_845' title='bbox 1343 5583 1487 5654; x_wconf 87' lang='lat' dir='ltr'><strong>digni</strong></span> <span class='ocrx_word' id='word_1_846' title='bbox 1512 5583 1825 5652; x_wconf 87' lang='lat' dir='ltr'><strong>judicentur</strong></span> <span class='ocrx_word' id='word_1_847' title='bbox 1854 5585 1995 5640; x_wconf 88' lang='lat' dir='ltr'><strong>acci-</strong></span> 
     </span>
    </p>
   </div>
   <div class='ocr_carea' id='block_1_103' title="bbox 423 5665 1994 5742">
    <p class='ocr_par' dir='ltr' id='par_1_103' title="bbox 423 5665 1994 5742">
     <span class='ocr_line' id='line_1_103' title="bbox 423 5665 1994 5742; baseline 0.007 -23"><span class='ocrx_word' id='word_1_848' title='bbox 423 5679 550 5734; x_wconf 85' lang='lat' dir='ltr'><strong>pere</strong></span> <span class='ocrx_word' id='word_1_849' title='bbox 575 5665 715 5735; x_wconf 86' lang='lat' dir='ltr'><strong>quod</strong></span> <span class='ocrx_word' id='word_1_850' title='bbox 736 5669 982 5732; x_wconf 83' lang='lat' dir='ltr'><strong>promisit</strong></span> <span class='ocrx_word' id='word_1_851' title='bbox 1005 5670 1160 5724; x_wconf 88' lang='lat' dir='ltr'><strong>Deus.</strong></span> <span class='ocrx_word' id='word_1_852' title='bbox 1191 5669 1353 5724; x_wconf 76' lang='lat' dir='ltr'><strong>Absit.</strong></span> <span class='ocrx_word' id='word_1_853' title='bbox 1387 5672 1591 5742; x_wconf 78' lang='lat' dir='ltr'><strong>Quippe</strong></span> <span class='ocrx_word' id='word_1_854' title='bbox 1612 5689 1732 5726; x_wconf 85' lang='lat' dir='ltr'><strong>eum</strong></span> <span class='ocrx_word' id='word_1_855' title='bbox 1758 5675 1834 5729; x_wconf 86' lang='lat' dir='ltr'><strong>sie</strong></span> <span class='ocrx_word' id='word_1_856' title='bbox 1855 5673 1994 5730; x_wconf 84' lang='lat' dir='ltr'><strong>facta</strong></span> 
     </span>
    </p>
   </div>
   <div class='ocr_carea' id='block_1_104' title="bbox 2091 4493 3663 4564">
    <p class='ocr_par' dir='ltr' id='par_1_104' title="bbox 2091 4493 3663 4564">
     <span class='ocr_line' id='line_1_104' title="bbox 2091 4493 3663 4564; baseline -0.002 -15"><span class='ocrx_word' id='word_1_857' title='bbox 2091 4497 2252 4549; x_wconf 89' lang='lat' dir='ltr'><strong>citur.</strong></span> <span class='ocrx_word' id='word_1_858' title='bbox 2283 4493 2349 4548; x_wconf 89' lang='lat' dir='ltr'><strong>Ut</strong></span> <span class='ocrx_word' id='word_1_859' title='bbox 2369 4493 2677 4564; x_wconf 82' lang='lat' dir='ltr'><strong>justiﬁceris</strong></span> <span class='ocrx_word' id='word_1_860' title='bbox 2701 4496 2754 4548; x_wconf 88' lang='lat' dir='ltr'><strong>in</strong></span> <span class='ocrx_word' id='word_1_861' title='bbox 2776 4496 3099 4550; x_wconf 87' lang='lat' dir='ltr'><strong>sermonibus</strong></span> <span class='ocrx_word' id='word_1_862' title='bbox 3129 4498 3253 4549; x_wconf 85' lang='lat' dir='ltr'><strong>tuis.</strong></span> <span class='ocrx_word' id='word_1_863' title='bbox 3287 4495 3451 4549; x_wconf 88' lang='lat' dir='ltr'><strong>Deum</strong></span> <span class='ocrx_word' id='word_1_864' title='bbox 3462 4494 3663 4563; x_wconf 85' lang='lat' dir='ltr'><strong>justum</strong></span> 
     </span>
    </p>
   </div>
   <div class='ocr_carea' id='block_1_105' title="bbox 2093 4587 3668 4656">
    <p class='ocr_par' dir='ltr' id='par_1_105' title="bbox 2093 4587 3668 4656">
     <span class='ocr_line' id='line_1_105' title="bbox 2093 4587 3668 4656; baseline 0.001 -17"><span class='ocrx_word' id='word_1_865' title='bbox 2093 4587 2147 4639; x_wconf 90' lang='lat' dir='ltr'><strong>in</strong></span> <span class='ocrx_word' id='word_1_866' title='bbox 2176 4587 2463 4655; x_wconf 90' lang='lat' dir='ltr'><strong>promissis</strong></span> <span class='ocrx_word' id='word_1_867' title='bbox 2491 4595 2546 4640; x_wconf 89' lang='lat' dir='ltr'><strong>et</strong></span> <span class='ocrx_word' id='word_1_868' title='bbox 2572 4587 2753 4641; x_wconf 88' lang='lat' dir='ltr'><strong>verbis</strong></span> <span class='ocrx_word' id='word_1_869' title='bbox 2776 4588 2889 4642; x_wconf 92' lang='lat' dir='ltr'><strong>suis</strong></span> <span class='ocrx_word' id='word_1_870' title='bbox 2915 4589 3262 4656; x_wconf 88' lang='lat' dir='ltr'><strong>propheticus</strong></span> <span class='ocrx_word' id='word_1_871' title='bbox 3283 4603 3461 4642; x_wconf 89' lang='lat' dir='ltr'><strong>sermo</strong></span> <span class='ocrx_word' id='word_1_872' title='bbox 3497 4595 3668 4643; x_wconf 84' lang='lat' dir='ltr'><strong>testa-</strong></span> 
     </span>
    </p>
   </div>
   <div class='ocr_carea' id='block_1_106' title="bbox 2094 4676 3668 4746">
    <p class='ocr_par' dir='ltr' id='par_1_106' title="bbox 2094 4676 3668 4746">
     <span class='ocr_line' id='line_1_106' title="bbox 2094 4676 3668 4746; baseline 0.002 -17"><span class='ocrx_word' id='word_1_873' title='bbox 2094 4684 2202 4740; x_wconf 91' lang='lat' dir='ltr'><strong>tur,</strong></span> <span class='ocrx_word' id='word_1_874' title='bbox 2236 4691 2335 4731; x_wconf 90' lang='lat' dir='ltr'><strong>nec</strong></span> <span class='ocrx_word' id='word_1_875' title='bbox 2369 4676 2668 4745; x_wconf 85' lang='lat' dir='ltr'><strong>aliquorum</strong></span> <span class='ocrx_word' id='word_1_876' title='bbox 2701 4677 2930 4746; x_wconf 83' lang='lat' dir='ltr'><strong>perﬁdia</strong></span> <span class='ocrx_word' id='word_1_877' title='bbox 2973 4678 3130 4732; x_wconf 91' lang='lat' dir='ltr'><strong>ﬁdem</strong></span> <span class='ocrx_word' id='word_1_878' title='bbox 3175 4678 3290 4745; x_wconf 88' lang='lat' dir='ltr'><strong>ejus</strong></span> <span class='ocrx_word' id='word_1_879' title='bbox 3337 4678 3537 4743; x_wconf 89' lang='lat' dir='ltr'><strong>minui,</strong></span> <span class='ocrx_word' id='word_1_880' title='bbox 3575 4680 3668 4732; x_wconf 88' lang='lat' dir='ltr'><strong>sed</strong></span> 
     </span>
    </p>
   </div>
   <div class='ocr_carea' id='block_1_107' title="bbox 2096 4769 3671 4842">
    <p class='ocr_par' dir='ltr' id='par_1_107' title="bbox 2096 4769 3671 4842">
     <span class='ocr_line' id='line_1_107' title="bbox 2096 4769 3671 4842; baseline 0.002 -20"><span class='ocrx_word' id='word_1_881' title='bbox 2096 4769 2271 4823; x_wconf 87' lang='lat' dir='ltr'><strong>dando</strong></span> <span class='ocrx_word' id='word_1_882' title='bbox 2306 4770 2523 4824; x_wconf 87' lang='lat' dir='ltr'><strong>vincere</strong></span> <span class='ocrx_word' id='word_1_883' title='bbox 2545 4811 2559 4834; x_wconf 91' lang='lat'><strong>,</strong></span> <span class='ocrx_word' id='word_1_884' title='bbox 2599 4770 2742 4839; x_wconf 90' lang='lat' dir='ltr'><strong>quod</strong></span> <span class='ocrx_word' id='word_1_885' title='bbox 2788 4770 2976 4838; x_wconf 89' lang='lat' dir='ltr'><strong>perﬁdi</strong></span> <span class='ocrx_word' id='word_1_886' title='bbox 3008 4787 3113 4824; x_wconf 93' lang='lat' dir='ltr'><strong>non</strong></span> <span class='ocrx_word' id='word_1_887' title='bbox 3147 4772 3428 4826; x_wconf 88' lang='lat' dir='ltr'><strong>credentes</strong></span> <span class='ocrx_word' id='word_1_888' title='bbox 3471 4782 3671 4842; x_wconf 85' lang='lat' dir='ltr'><strong>negant</strong></span> 
     </span>
    </p>
   </div>
   <div class='ocr_carea' id='block_1_108' title="bbox 2095 4861 3672 4930">
    <p class='ocr_par' dir='ltr' id='par_1_108' title="bbox 2095 4861 3672 4930">
     <span class='ocr_line' id='line_1_108' title="bbox 2095 4861 3672 4930; baseline 0.001 -15"><span class='ocrx_word' id='word_1_889' title='bbox 2095 4877 2218 4915; x_wconf 91' lang='lat' dir='ltr'><strong>eum</strong></span> <span class='ocrx_word' id='word_1_890' title='bbox 2247 4863 2515 4916; x_wconf 89' lang='lat' dir='ltr'><strong>daturum.</strong></span> <span class='ocrx_word' id='word_1_891' title='bbox 2552 4861 2708 4915; x_wconf 89' lang='lat' dir='ltr'><strong>Dabit</strong></span> <span class='ocrx_word' id='word_1_892' title='bbox 2737 4876 2867 4930; x_wconf 89' lang='lat' dir='ltr'><strong>ergo</strong></span> <span class='ocrx_word' id='word_1_893' title='bbox 2893 4863 3035 4930; x_wconf 90' lang='lat' dir='ltr'><strong>quod</strong></span> <span class='ocrx_word' id='word_1_894' title='bbox 3059 4862 3334 4930; x_wconf 90' lang='lat' dir='ltr'><strong>judicatur</strong></span> <span class='ocrx_word' id='word_1_895' title='bbox 3362 4879 3468 4918; x_wconf 89' lang='lat' dir='ltr'><strong>non</strong></span> <span class='ocrx_word' id='word_1_896' title='bbox 3516 4863 3672 4919; x_wconf 86' lang='lat' dir='ltr'><strong>datu-</strong></span> 
     </span>
    </p>
   </div>
   <div class='ocr_carea' id='block_1_109' title="bbox 2100 4951 3676 5024">
    <p class='ocr_par' dir='ltr' id='par_1_109' title="bbox 2100 4951 3676 5024">
     <span class='ocr_line' id='line_1_109' title="bbox 2100 4951 3676 5024; baseline 0.001 -18"><span class='ocrx_word' id='word_1_897' title='bbox 2100 4968 2216 5016; x_wconf 89' lang='lat' dir='ltr'><strong>rus,</strong></span> <span class='ocrx_word' id='word_1_898' title='bbox 2245 4960 2306 5005; x_wconf 91' lang='lat' dir='ltr'><strong>ut</strong></span> <span class='ocrx_word' id='word_1_899' title='bbox 2331 4952 2537 5015; x_wconf 89' lang='lat' dir='ltr'><strong>vincat,</strong></span> <span class='ocrx_word' id='word_1_900' title='bbox 2570 4951 2818 5006; x_wconf 87' lang='lat' dir='ltr'><strong>faciendo</strong></span> <span class='ocrx_word' id='word_1_901' title='bbox 2851 4954 2992 5021; x_wconf 82' lang='lat' dir='ltr'><strong>quod</strong></span> <span class='ocrx_word' id='word_1_902' title='bbox 3023 4963 3252 5024; x_wconf 87' lang='lat' dir='ltr'><strong>negatur</strong></span> <span class='ocrx_word' id='word_1_903' title='bbox 3273 4954 3532 5009; x_wconf 85' lang='lat' dir='ltr'><strong>facturus.</strong></span> <span class='ocrx_word' id='word_1_904' title='bbox 3561 4954 3676 5007; x_wconf 85' lang='lat' dir='ltr'><strong>Ali—</strong></span> 
     </span>
    </p>
   </div>
   <div class='ocr_carea' id='block_1_110' title="bbox 2101 5039 3672 5112">
    <p class='ocr_par' dir='ltr' id='par_1_110' title="bbox 2101 5039 3672 5112">
     <span class='ocr_line' id='line_1_110' title="bbox 2101 5039 3672 5112; baseline 0.002 -17"><span class='ocrx_word' id='word_1_905' title='bbox 2101 5049 2182 5095; x_wconf 88' lang='lat' dir='ltr'><strong>ter</strong></span> <span class='ocrx_word' id='word_1_906' title='bbox 2207 5041 2300 5094; x_wconf 90' lang='lat' dir='ltr'><strong>tibi</strong></span> <span class='ocrx_word' id='word_1_907' title='bbox 2345 5039 2442 5094; x_wconf 84' lang='lat' dir='ltr'><strong>soli</strong></span> <span class='ocrx_word' id='word_1_908' title='bbox 2483 5043 2716 5110; x_wconf 80' lang='lat' dir='ltr'><strong>peccavi,</strong></span> <span class='ocrx_word' id='word_1_909' title='bbox 2750 5043 3036 5112; x_wconf 87' lang='lat' dir='ltr'><strong>cogitando</strong></span> <span class='ocrx_word' id='word_1_910' title='bbox 3071 5045 3317 5098; x_wconf 88' lang='lat' dir='ltr'><strong>videlicet</strong></span> <span class='ocrx_word' id='word_1_911' title='bbox 3347 5043 3672 5112; x_wconf 85' lang='lat' dir='ltr'><strong>ﬂagitiosum</strong></span> 
     </span>
    </p>
   </div>
   <div class='ocr_carea' id='block_1_111' title="bbox 2099 5132 3672 5206">
    <p class='ocr_par' dir='ltr' id='par_1_111' title="bbox 2099 5132 3672 5206">
     <span class='ocr_line' id='line_1_111' title="bbox 2099 5132 3672 5206; baseline 0.004 -22"><span class='ocrx_word' id='word_1_912' title='bbox 2099 5132 2308 5187; x_wconf 81' lang='lat' dir='ltr'><strong>facinus</strong></span> <span class='ocrx_word' id='word_1_913' title='bbox 2342 5140 2671 5202; x_wconf 85' lang='lat' dir='ltr'><strong>perpetrare.</strong></span> <span class='ocrx_word' id='word_1_914' title='bbox 2716 5133 2830 5188; x_wconf 89' lang='lat' dir='ltr'><strong>Tibi</strong></span> <span class='ocrx_word' id='word_1_915' title='bbox 2874 5135 3054 5204; x_wconf 89' lang='lat' dir='ltr'><strong>itaque</strong></span> <span class='ocrx_word' id='word_1_916' title='bbox 3100 5151 3353 5205; x_wconf 85' lang='lat' dir='ltr'><strong>perverse</strong></span> <span class='ocrx_word' id='word_1_917' title='bbox 3387 5136 3672 5206; x_wconf 86' lang='lat' dir='ltr'><strong>cogitando</strong></span> 
     </span>
    </p>
   </div>
   <div class='ocr_carea' id='block_1_112' title="bbox 2099 5222 3674 5297">
    <p class='ocr_par' dir='ltr' id='par_1_112' title="bbox 2099 5222 3674 5297">
     <span class='ocr_line' id='line_1_112' title="bbox 2099 5222 3674 5297; baseline 0.003 -21"><span class='ocrx_word' id='word_1_918' title='bbox 2099 5223 2196 5276; x_wconf 85' lang='lat' dir='ltr'><strong>soli</strong></span> <span class='ocrx_word' id='word_1_919' title='bbox 2221 5223 2448 5292; x_wconf 82' lang='lat' dir='ltr'><strong>peccavi,</strong></span> <span class='ocrx_word' id='word_1_920' title='bbox 2476 5223 2568 5291; x_wconf 91' lang='lat' dir='ltr'><strong>qui</strong></span> <span class='ocrx_word' id='word_1_921' title='bbox 2593 5222 2742 5277; x_wconf 90' lang='lat' dir='ltr'><strong>solus</strong></span> <span class='ocrx_word' id='word_1_922' title='bbox 2760 5235 2997 5279; x_wconf 89' lang='lat' dir='ltr'><strong>secretas</strong></span> <span class='ocrx_word' id='word_1_923' title='bbox 3024 5225 3298 5296; x_wconf 84' lang='lat' dir='ltr'><strong>hominum</strong></span> <span class='ocrx_word' id='word_1_924' title='bbox 3319 5227 3674 5297; x_wconf 86' lang='lat' dir='ltr'><strong>cogitationes</strong></span> 
     </span>
    </p>
   </div>
   <div class='ocr_carea' id='block_1_113' title="bbox 2103 5312 3672 5388">
    <p class='ocr_par' dir='ltr' id='par_1_113' title="bbox 2103 5312 3672 5388">
     <span class='ocr_line' id='line_1_113' title="bbox 2103 5312 3672 5388; baseline 0.004 -22"><span class='ocrx_word' id='word_1_925' title='bbox 2103 5314 2263 5368; x_wconf 90' lang='lat' dir='ltr'><strong>nosti.</strong></span> <span class='ocrx_word' id='word_1_926' title='bbox 2297 5312 2552 5382; x_wconf 82' lang='lat' dir='ltr'><strong>Sequitur</strong></span> <span class='ocrx_word' id='word_1_927' title='bbox 2591 5333 2603 5366; x_wconf 92' lang='lat'><strong>:</strong></span> <span class='ocrx_word' id='word_1_928' title='bbox 2646 5313 2715 5368; x_wconf 84' lang='lat' dir='ltr'><strong>Et</strong></span> <span class='ocrx_word' id='word_1_929' title='bbox 2743 5315 2940 5368; x_wconf 85' lang='lat' dir='ltr'><strong>malum</strong></span> <span class='ocrx_word' id='word_1_930' title='bbox 2983 5331 3159 5369; x_wconf 85' lang='lat' dir='ltr'><strong>coram</strong></span> <span class='ocrx_word' id='word_1_931' title='bbox 3206 5326 3254 5370; x_wconf 84' lang='lat' dir='ltr'><strong>te</strong></span> <span class='ocrx_word' id='word_1_932' title='bbox 3294 5317 3415 5387; x_wconf 74' lang='lat' dir='ltr'><strong>feci.</strong></span> <span class='ocrx_word' id='word_1_933' title='bbox 3468 5317 3672 5388; x_wconf 89' lang='lat' dir='ltr'><strong>Duplex</strong></span> 
     </span>
    </p>
   </div>
   <div class='ocr_carea' id='block_1_114' title="bbox 2101 5400 3672 5473">
    <p class='ocr_par' dir='ltr' id='par_1_114' title="bbox 2101 5400 3672 5473">
     <span class='ocr_line' id='line_1_114' title="bbox 2101 5400 3672 5473; baseline 0.004 -17"><span class='ocrx_word' id='word_1_934' title='bbox 2101 5400 2310 5456; x_wconf 81' lang='lat' dir='ltr'><strong>facinus</strong></span> <span class='ocrx_word' id='word_1_935' title='bbox 2332 5402 2385 5456; x_wconf 88' lang='lat' dir='ltr'><strong>in</strong></span> <span class='ocrx_word' id='word_1_936' title='bbox 2415 5415 2579 5470; x_wconf 87' lang='lat' dir='ltr'><strong>opere</strong></span> <span class='ocrx_word' id='word_1_937' title='bbox 2603 5403 2981 5473; x_wconf 88' lang='lat' dir='ltr'><strong>perpetrando,</strong></span> <span class='ocrx_word' id='word_1_938' title='bbox 3008 5404 3334 5462; x_wconf 89' lang='lat' dir='ltr'><strong>adulterium</strong></span> <span class='ocrx_word' id='word_1_939' title='bbox 3357 5408 3563 5463; x_wconf 88' lang='lat' dir='ltr'><strong>scilicet</strong></span> <span class='ocrx_word' id='word_1_940' title='bbox 3587 5417 3672 5463; x_wconf 76' lang='lat' dir='ltr'><strong>at-</strong></span> 
     </span>
    </p>
   </div>
   <div class='ocr_carea' id='block_1_115' title="bbox 2103 5493 3678 5570">
    <p class='ocr_par' dir='ltr' id='par_1_115' title="bbox 2103 5493 3678 5570">
     <span class='ocr_line' id='line_1_115' title="bbox 2103 5493 3678 5570; baseline 0.005 -22"><span class='ocrx_word' id='word_1_941' title='bbox 2103 5509 2206 5563; x_wconf 89' lang='lat' dir='ltr'><strong>que</strong></span> <span class='ocrx_word' id='word_1_942' title='bbox 2234 5493 2602 5551; x_wconf 90' lang='lat' dir='ltr'><strong>homicidium.</strong></span> <span class='ocrx_word' id='word_1_943' title='bbox 2623 5494 2680 5549; x_wconf 89' lang='lat' dir='ltr'><strong>In</strong></span> <span class='ocrx_word' id='word_1_944' title='bbox 2707 5511 2812 5565; x_wconf 91' lang='lat' dir='ltr'><strong>quo</strong></span> <span class='ocrx_word' id='word_1_945' title='bbox 2835 5498 3132 5552; x_wconf 85' lang='lat' dir='ltr'><strong>notandum</strong></span> <span class='ocrx_word' id='word_1_946' title='bbox 3162 5501 3305 5570; x_wconf 87' lang='lat' dir='ltr'><strong>quod</strong></span> <span class='ocrx_word' id='word_1_947' title='bbox 3331 5517 3438 5556; x_wconf 90' lang='lat' dir='ltr'><strong>non</strong></span> <span class='ocrx_word' id='word_1_948' title='bbox 3466 5501 3539 5555; x_wconf 89' lang='lat' dir='ltr'><strong>ait</strong></span> <span class='ocrx_word' id='word_1_949' title='bbox 3563 5519 3575 5554; x_wconf 88' lang='lat'><strong>:</strong></span> <span class='ocrx_word' id='word_1_950' title='bbox 3607 5501 3678 5556; x_wconf 83' lang='lat' dir='ltr'><strong>Et</strong></span> 
     </span>
    </p>
   </div>
   <div class='ocr_carea' id='block_1_116' title="bbox 2104 5585 3674 5660">
    <p class='ocr_par' dir='ltr' id='par_1_116' title="bbox 2104 5585 3674 5660">
     <span class='ocr_line' id='line_1_116' title="bbox 2104 5585 3674 5660; baseline 0.004 -20"><span class='ocrx_word' id='word_1_951' title='bbox 2104 5586 2304 5640; x_wconf 85' lang='lat' dir='ltr'><strong>malum</strong></span> <span class='ocrx_word' id='word_1_952' title='bbox 2331 5601 2515 5641; x_wconf 80' lang='lat' dir='ltr'><strong>coram</strong></span> <span class='ocrx_word' id='word_1_953' title='bbox 2547 5595 2597 5641; x_wconf 86' lang='lat' dir='ltr'><strong>te</strong></span> <span class='ocrx_word' id='word_1_954' title='bbox 2623 5586 2738 5641; x_wconf 86' lang='lat' dir='ltr'><strong>solo</strong></span> <span class='ocrx_word' id='word_1_955' title='bbox 2773 5585 2872 5642; x_wconf 88' lang='lat' dir='ltr'><strong>feci</strong></span> <span class='ocrx_word' id='word_1_956' title='bbox 2905 5606 2918 5642; x_wconf 86' lang='lat'>:</span> <span class='ocrx_word' id='word_1_957' title='bbox 2951 5589 3151 5660; x_wconf 88' lang='lat' dir='ltr'><strong>quippe</strong></span> <span class='ocrx_word' id='word_1_958' title='bbox 3190 5607 3311 5648; x_wconf 89' lang='lat' dir='ltr'><strong>cum</strong></span> <span class='ocrx_word' id='word_1_959' title='bbox 3346 5592 3473 5647; x_wconf 90' lang='lat' dir='ltr'><strong>illud</strong></span> <span class='ocrx_word' id='word_1_960' title='bbox 3525 5592 3674 5647; x_wconf 81' lang='lat' dir='ltr'><strong>adul-</strong></span> 
     </span>
    </p>
   </div>
   <div class='ocr_carea' id='block_1_117' title="bbox 2106 5677 3676 5744">
    <p class='ocr_par' dir='ltr' id='par_1_117' title="bbox 2106 5677 3676 5744">
     <span class='ocr_line' id='line_1_117' title="bbox 2106 5677 3676 5744; baseline 0.005 -12"><span class='ocrx_word' id='word_1_961' title='bbox 2106 5678 2322 5743; x_wconf 68' lang='lat' dir='ltr'><strong>terium,</strong></span> <span class='ocrx_word' id='word_1_962' title='bbox 2348 5685 2403 5731; x_wconf 87' lang='lat' dir='ltr'><strong>et</strong></span> <span class='ocrx_word' id='word_1_963' title='bbox 2432 5677 2800 5744; x_wconf 86' lang='lat' dir='ltr'><strong>homicidium,</strong></span> <span class='ocrx_word' id='word_1_964' title='bbox 2849 5680 3012 5736; x_wconf 85' lang='lat' dir='ltr'><strong>etiam</strong></span> <span class='ocrx_word' id='word_1_965' title='bbox 3043 5697 3228 5738; x_wconf 86' lang='lat' dir='ltr'><strong>coram</strong></span> <span class='ocrx_word' id='word_1_966' title='bbox 3257 5684 3565 5740; x_wconf 81' lang='lat' dir='ltr'><strong>hominibus</strong></span> <span class='ocrx_word' id='word_1_967' title='bbox 3597 5685 3676 5740; x_wconf 73' lang='lat' dir='ltr'><strong>fa-</strong></span> 
     </span>
    </p>
   </div>
  </div>
