3974 6202
264 303 328 354 51
1362 297 1693 355 COLLECT.
1733 299 1802 354 lN
1837 299 2052 356 EPIST.
2095 300 2186 357 AD
2225 303 2389 359 non.
2758 271 2764 276 ’
3454 314 3524 372 ss

267 421 403 466 ctum
429 417 535 464 est.
574 408 689 464 Hoc
725 409 1092 463 testimonium
1121 423 1250 478 pars
1284 410 1508 465 adversa
1535 411 1609 464 ita
1647 426 1842 480 propo-
1872 415 1920 471 A
1947 413 2102 466 nobis
2130 414 2220 468 det
2242 416 2382 484 quod
2410 418 2657 484 promisit
2681 422 2902 488 sanctis,
2927 423 3113 480 dicens
3140 443 3153 480 :
3177 425 3312 493 Quia
3337 441 3526 497 quam-
3551 417 3556 422 ’

270 502 384 563 suit,
416 501 577 569 quasi
607 500 811 554 dixerit
832 499 1034 554 David:
1065 499 1358 569 Propterea
1391 514 1490 569 ego
1525 501 1746 568 peccavi
1786 509 1846 554 ut

268 603 318 647 tu
344 591 520 660 justus
546 605 818 660 appareas
843 605 930 644 me
957 589 1264 656 iudicando.
1306 589 1413 646 Sed
1451 607 1615 646 verus
1650 606 1846 648 sensus

267 685 338 738 sic
359 697 416 737 se
444 681 646 736 habet:
677 683 806 751 quia
834 682 1159 750 promiserat
1187 698 1246 737 se
1275 684 1418 738 Deus
1444 684 1560 739 sine
1580 699 1846 753 persona-

267 788 376 828 rum
425 773 744 842 acceptione
791 773 846 826 in
875 773 1224 841 peccantibus
1265 774 1570 840 vindicare,
1623 776 1844 844 quidam

265 863 371 933 eius
399 863 720 932 patientiam
753 862 1095 916 mendacium
1119 861 1458 930 iudicabant.
1485 864 1617 917 Cum
1640 862 1846 930 iudica-

266 961 346 1007 tur
361 967 510 1022 ergo,
540 952 733 1015 vincit,
757 951 973 1020 quando
994 966 1182 1006 eorum
1206 950 1346 1006 facta
1370 953 1540 1020 punit,
1570 952 1622 1005 in
1647 953 1844 1022 quibus

264 1057 414 1096 nemo
431 1051 724 1114 potaverat
750 1042 1035 1097 vindicari.
1087 1041 1146 1097 Si
1181 1045 1320 1097 enim
1362 1044 1627 1113 injustitia
1665 1057 1842 1098 nostra

265 1134 514 1200 iustitiam
545 1132 648 1186 Dei
669 1133 1024 1199 commendat,
1055 1133 1181 1204 quid
1207 1132 1483 1188 dicemus?
1512 1135 1839 1188 Venientem

266 1226 482 1280 elatere
523 1225 904 1294 quaestionem,
956 1239 1105 1278 more
1148 1239 1245 1278 suo
1287 1224 1542 1294 proponit
1569 1233 1624 1278 et
1657 1225 1837 1279 solvit.

268 1312 558 1382 Aliquando
624 1312 789 1365 etiam
857 1312 927 1365 ad
989 1312 1351 1367 cohterentem
1421 1313 1839 1382 disputationem

269 1407 466 1467 transit,
501 1412 558 1458 et
580 1403 736 1472 juxta
765 1420 970 1460 morem
998 1422 1185 1471 suum,
1226 1407 1485 1476 quidquid
1520 1407 1660 1462 alius
1698 1407 1839 1471 obji-

269 1513 377 1552 cere
413 1504 626 1566 potest,
653 1504 945 1565 antequam
974 1497 1279 1566 obiiciatur,
1309 1500 1578 1555 edisserit.
1609 1499 1840 1567 Quidam

265 1591 395 1644 enim
427 1591 762 1659 superiorem
790 1591 1088 1659 prophetia:
1121 1591 1443 1646 sententiam
1464 1591 1546 1657 ita
1586 1605 1841 1660 perverse

268 1683 766 1752 interpretabantur,
796 1684 952 1751 quasi
975 1681 1140 1737 David
1169 1683 1398 1736 dixerit:
1422 1682 1716 1752 Propterea
1737 1697 1836 1753 ego

1949 500 2034 554 vis
2061 512 2377 570 peccatores
2403 521 2606 571 sumus,
2637 509 2996 567 reformamur
3021 523 3200 571 tamen
3229 533 3328 587 per
3348 519 3524 588 paeni-

1949 593 2195 658 tentiam,
2225 604 2284 648 ut
2311 612 2417 650 non
2440 596 2553 664 jam
2585 610 2932 669 peccatores,
2965 606 3059 659 sed
3100 606 3264 661 abluti
3295 609 3527 677 promis-

1947 685 2154 738 sionem
2175 687 2420 756 accipere
2451 705 2772 747 mereamur.
2804 694 2921 749 Non
2949 713 3079 767 ergo
3103 698 3194 752 hic
3220 715 3412 756 sensus
3437 708 3524 755 est

1948 776 2000 830 in
2031 778 2211 833 verbis
2245 781 2522 850 prophetae
2551 784 2753 851 David,
2782 803 2906 842 cum
2934 789 3066 843 dicit
3092 807 3105 843 :
3139 789 3253 843 Tibi
3286 791 3385 845 soli
3409 809 3526 862 pec-

1945 869 2079 932 cavi,
2105 877 2207 923 etc.
2240 868 2375 935 Quia
2400 872 2664 927 malorum
2698 875 2976 944 hominum
3005 893 3173 946 prava
3203 880 3527 950 interpreta-

1946 956 2095 1010 tione
2121 960 2400 1026 asseritur,
2431 971 2490 1015 ut
2517 973 2740 1032 peccata
2767 966 3045 1021 hominum
3069 1010 3082 1033 ,
3114 977 3170 1022 et
3202 969 3327 1023 mali
3371 977 3526 1026 actus

1944 1045 2040 1099 Dei
2056 1045 2430 1114 iustificationi
2460 1053 2763 1122 proficiant,
2792 1064 2847 1110 et
2867 1072 2965 1125 per
2986 1058 3124 1112 mala
3153 1067 3336 1113 nostra
3369 1059 3520 1112 illum

1934 1134 2140 1202 justum
2172 1142 2477 1196 ostendant.
2514 1143 2620 1198 Sed
2651 1145 2754 1200 hoc
2779 1147 2952 1200 absit:
2985 1163 3087 1202 non
3115 1149 3259 1202 enim
3283 1148 3397 1202 vult
3428 1166 3526 1205 nos

1943 1241 2170 1295 peccare
2195 1248 2206 1282 :
2238 1231 2466 1300 ideoque
2487 1233 2667 1301 iustus
2696 1245 2781 1291 est
2807 1238 2853 1292 si
2885 1238 3047 1293 infert
3072 1240 3226 1294 iram.
3246 1238 3523 1310 Sequitur.

1941 1315 2170 1388 Alioqui.
2200 1319 2313 1375 Hoc
2343 1329 2446 1387 est,
2478 1325 2622 1392 quod
2650 1326 2694 1379 si
2724 1325 2901 1390 aliter,
2931 1327 2982 1381 id
3009 1337 3110 1392 est,
3134 1328 3179 1382 si
3209 1328 3466 1398 iniquitas
3496 1347 3526 1383 ιι

1943 1408 2055 1462 Deo
2097 1424 2204 1462 non
2234 1410 2407 1465 abest.
2445 1411 2716 1477 Quomodo
2748 1417 3015 1485 judicabit
3045 1417 3187 1470 Dens
3215 1418 3352 1471 hunc
3382 1435 3527 1472 mun-

1943 1497 2092 1551 dum.
2116 1498 2172 1552 In
2202 1500 2305 1554 hoc
2327 1501 2464 1565 loco,
2489 1504 2766 1568 mundum,
2792 1506 3038 1561 homines
3061 1509 3149 1575 qui
3179 1507 3231 1561 in
3252 1508 3356 1562 hoc
3376 1523 3528 1578 munj

1942 1588 2012 1642 do
2035 1597 2178 1651 sunt,
2211 1590 2357 1644 dicit.
2394 1591 2592 1645 lterum
2626 1595 2755 1647 mihi
2790 1595 3120 1665 syllogistica
3163 1597 3432 1651 connexio
3467 1597 3521 1650 in

1943 1679 2047 1733 hoc
2073 1680 2192 1734 loco
2222 1681 2446 1746 arridet,
2476 1683 2554 1737 sic
2577 1701 2589 1736 :
2618 1681 2698 1748 Si,
2722 1683 2866 1739 Deus
2893 1684 3111 1754 iniquus
3130 1693 3229 1747 est,
3255 1702 3361 1740 non
3382 1685 3526 1754 judi-

267 1773 476 1843 peccavi
498 1781 557 1827 ut
586 1781 697 1837 tua,
727 1789 761 1828 ο
787 1774 948 1840 Deus,
971 1772 1180 1841 iustitia
1201 1813 1216 1839 ,
1244 1775 1370 1830 dum
1398 1790 1531 1829 mea:
1565 1775 1836 1844 iniquitati
1865 1762 1910 1820 Β
1939 1771 2087 1826 cabit
2140 1772 2285 1826 hunc
2331 1773 2588 1827 mundum
2626 1793 2639 1827 :
2687 1776 2835 1844 atqui
2887 1776 3027 1830 Deus
3063 1775 3328 1844 iudicabit
3380 1777 3524 1832 hunc

265 1864 447 1920 collata
483 1864 681 1931 fuerit,
726 1866 898 1936 magis
936 1866 1220 1921 clarescat.
1265 1866 1346 1921 Ad
1381 1867 1607 1936 gloriam
1655 1869 1836 1938 itaque

263 1952 470 2021 iustitia
515 1964 621 2009 tua:
653 1971 773 2010 mea
820 1956 1035 2025 proficit
1079 1955 1363 2031 iniustitia.
1406 1956 1574 2023 Quem
1616 1972 1836 2011 sensum

264 2046 540 2116 Apostolus
557 2055 676 2101 arte
699 2047 979 2103 dialectica
1007 2049 1289 2103 subvertit.
1315 2047 1548 2117 Iniustos
1570 2049 1839 2104 videbitur

207 2196 214 2204 _
267 2138 416 2204 Deus,
442 2139 536 2208 qui
564 2140 701 2194 iram
727 2140 1034 2195 hominibus
1052 2139 1269 2204 inferat,
1295 2156 1417 2195 cum
1439 2155 1535 2210 per
1555 2141 1836 2196 hominum

267 2228 573 2297 iniustitiam
604 2245 759 2284 suam
791 2229 1102 2302 [justitiam]
1133 2231 1315 2286 videat
1335 2231 1644 2301 approbari.

329 2317 385 2372 Si
409 2327 614 2372 nostra.
648 2318 760 2374 Hoc
787 2327 870 2374 est
911 2319 1190 2374 hominum
1235 2318 1516 2388 iniustitia.
1565 2319 1836 2374 Justitiam

267 2407 352 2460 Dei
372 2411 725 2462 commendat.
752 2409 868 2464 Non
895 2409 1080 2479 utique
1108 2424 1267 2478 ptena
1296 2409 1442 2480 digni
1479 2410 1724 2464 homines
1751 2410 1838 2463 vi-

267 2497 542 2562 debuntur,
581 2513 678 2566 per
711 2513 848 2567 quos
869 2497 1081 2566 iustitia
1121 2498 1216 2552 Dei
1253 2499 1587 2568 probabilior
1624 2499 1838 2553 videtur

267 2596 316 2641 et
342 2589 556 2643 clarior.
591 2589 691 2644 Ubi
721 2590 852 2644 mihi
883 2589 1214 2660 hypothetici
1263 2590 1560 2660 syllogismi
1605 2589 1835 2645 formula

267 2679 532 2744 elucescit,
562 2688 624 2734 ut
653 2681 726 2735 sit
752 2682 826 2736 ita
855 2683 1105 2736 ordinata
1137 2682 1390 2736 nexilitas
1419 2682 1710 2753 syllogismi
1737 2701 1749 2737 ε
1777 2682 1837 2738 Si

269 2769 516 2836 iniustitia
543 2779 732 2825 nostra
756 2770 1027 2839 iustitiam
1072 2771 1166 2826 Dei
1213 2774 1589 2837 commendat,
1620 2773 1836 2842 iniquus

266 2869 346 2913 est
368 2861 504 2915 Deus
532 2861 625 2930 qui
659 2860 828 2916 infert
857 2863 1014 2916 iram.
1050 2861 1207 2916 Absit
1231 2872 1411 2916 autem
1440 2870 1500 2916 ut
1524 2862 1740 2931 iniquus
1766 2863 1836 2917 sit

264 2949 518 3021 Deusqui
553 2951 723 3006 infert
762 2953 934 3018 iram;
979 2968 1083 3006 non
1134 2954 1298 3024 igitur
1343 2952 1604 3021 iniustitia
1652 2962 1835 3009 nostra

267 3039 358 3093 Dei
387 3039 647 3108 justitiam
696 3042 1058 3106 commendat,
1099 3041 1202 3097 hoc
1245 3049 1348 3106 est,
1386 3046 1538 3112 quasi
1568 3043 1832 3115 indigeret

1939 1861 2200 1915 mundum
2223 1878 2330 1917 non
2353 1863 2520 1934 igitur
2541 1864 2683 1920 Deus
2713 1866 2932 1936 iniquus
2954 1875 3055 1920 est.
3085 1865 3145 1921 Si
3172 1869 3310 1922 enim
3335 1870 3526 1923 veritas

1937 1951 2037 2006 Dei
2061 1953 2116 2006 in
2136 1970 2246 2007 meo
2271 1955 2540 2009 mendacio
2563 1956 2842 2012 abundavit
2869 1958 2922 2012 in
2945 1958 3166 2027 gloriam
3193 1961 3524 2034 ipsius,quid

1938 2036 2112 2096 adhuc
2141 2053 2190 2097 et
2223 2061 2315 2114 ego
2349 2054 2600 2115 tanquam
2639 2057 2882 2116 peccator
2910 2049 3166 2120 judicor?
3194 2051 3322 2106 Item
3359 2054 3526 2124 hypo-

1939 2133 2127 2187 thetici
2156 2134 2452 2205 syllogismi
2484 2134 2713 2190 formula
2757 2138 2860 2194 hac
2896 2139 2950 2193 in
2987 2148 3142 2210 parte
3179 2142 3520 2212 resplendet.

1938 2232 1998 2278 ut
2025 2225 2096 2279 sit
2121 2227 2225 2280 hoc
2250 2227 2409 2280 modo
2435 2227 2649 2281 uexillis
2692 2228 3034 2284 ratiocinatio
3060 2248 3073 2283 :
3108 2229 3164 2284 Si
3202 2232 3392 2286 veritas
3419 2232 3521 2287 Dei

1937 2317 1992 2370 in
2030 2333 2142 2370 meo
2189 2318 2461 2372 mendacio
2491 2318 2777 2373 abundavit
2813 2321 2869 2374 in
2907 2319 3129 2390 gloriam
3169 2322 3362 2392 ipsius,
3397 2324 3524 2394 quid

1937 2407 2113 2461 adhuc
2137 2425 2228 2478 ego
2254 2418 2504 2481 tanquam
2543 2421 2787 2481 peccator
2811 2412 3070 2482 judicor:
3104 2415 3250 2482 atqui
3278 2429 3378 2484 ego
3407 2425 3526 2469 tan-

1938 2512 2101 2566 quam
2133 2507 2386 2566 peccator
2421 2499 2657 2568 judicor,
2705 2517 2814 2557 non
2867 2503 3049 2573 itaque
3094 2505 3295 2560 veritas
3335 2506 3431 2560 Dei
3471 2507 3523 2560 in

1938 2601 2060 2642 tneo
2089 2589 2372 2643 mendacio
2416 2591 2713 2646 abundavit
2757 2592 2811 2646 in
2853 2592 3078 2664 gloriam
3105 2594 3293 2662 ipsius.
3332 2594 3439 2650 Sed
3466 2597 3518 2650 in

1939 2677 2225 2748 superficie
2251 2680 2560 2748 apostolicae
2595 2683 2911 2737 assertionis
2952 2685 3353 2754 enthymemata
3373 2726 3386 2750 ,
3415 2686 3517 2740 hoc

1937 2781 2040 2836 est,
2069 2773 2369 2844 imperfecti
2397 2775 2691 2846 syllogismi
2732 2785 2993 2847 apparent
3025 2799 3036 2829 :
3072 2777 3123 2830 in
3152 2777 3518 2847 profunditate

1936 2878 2068 2918 vero
2119 2878 2375 2918 sensuum
2415 2863 2570 2933 plena
2623 2865 2702 2919 vis
2747 2864 3181 2935 syllogismorum
3231 2863 3407 2919 latet:
3439 2867 3518 2921 sic

1937 2955 2082 3008 enim
2104 2954 2227 3008 vina
2259 2955 2311 3008 in
2338 2954 2570 3020 vitibus,
2604 2955 2826 3010 nucleos
2852 2955 3283 3024 contemplamur
3321 2956 3376 3010 in
3415 2972 3519 3010 nu-

1940 3041 2114 3096 cibus.
2160 3041 2227 3095 Et
2271 3059 2395 3108 non,
2437 3044 2573 3096 sicut
2617 3043 3052 3115 blasphemamur.
3102 3044 3302 3116 thuid
3333 3059 3419 3101 me
3448 3047 3521 3102 ita

265 3132 398 3188 Deus
431 3143 618 3190 nostra
657 3134 923 3203 iniustitia
948 3153 964 3188 :
996 3151 1103 3190 non
1143 3136 1285 3204 quod
1316 3135 1417 3204 ipsi
1458 3137 1562 3192 hoc
1591 3137 1834 3192 dicerent
1861 3121 1905 3183 C
1939 3132 2082 3187 Deus
2106 3131 2315 3202 iudicat
2337 3134 2490 3204 quasi
2517 3143 2828 3204 peccantem
2850 3175 2864 3200 ,
2892 3142 2947 3189 et
2975 3151 3081 3190 non
3106 3136 3284 3205 potius
3315 3152 3402 3192 me
3430 3137 3521 3207 iu-

260 3227 353 3280 sed
378 3228 520 3296 quod
551 3243 618 3283 ex
665 3229 883 3283 illorum
923 3230 1276 3299 perversitate
1317 3243 1718 3301 consequenter
1752 3234 1832 3288 in-

257 3316 441 3372 fertur.
479 3317 783 3374 Secundum
830 3321 1089 3374 hominem
1135 3321 1270 3375 dico.
1321 3321 1392 3377 Ut
1432 3323 1648 3392 iniquus
1694 3325 1834 3380 Deus

259 3407 484 3473 dicatur,
512 3424 617 3464 non
645 3409 943 3480 secundum
983 3410 1151 3464 Deum
1191 3425 1368 3480 neque
1403 3415 1698 3467 secundum
1741 3413 1833 3469 Dei

258 3498 573 3567 sap'entiam
606 3499 739 3554 illud
781 3499 1000 3564 dicitur,
1046 3499 1140 3554 sed
1185 3500 1482 3554 secundum
1517 3502 1828 3567 hominem;

253 3598 310 3642 et
349 3591 644 3645 secundum
693 3591 800 3644 hoc
847 3590 990 3660 quod
1029 3590 1227 3644 dicitur
1251 3606 1264 3645 :
1292 3589 1476 3647 Omnis
1506 3593 1658 3647 homo
1687 3610 1832 3648 men-

257 3677 377 3730 dar.
402 3678 560 3733 Absit
582 3687 788 3744 autem,
817 3679 1010 3749 inquit,
1038 3687 1098 3734 ut
1126 3681 1232 3735 hoc
1260 3682 1334 3735 ita
1356 3681 1698 3750 recipiamus,
1731 3683 1834 3737 ini-

253 3783 415 3836 quum
449 3772 621 3826 videri
652 3772 821 3826 Deum
848 3773 938 3841 qui
962 3772 1124 3828 infert
1167 3775 1302 3828 iram
1342 3775 1627 3830 adversum
1658 3775 1833 3830 homi-

250 3865 694 3930 neszquomodo
739 3861 882 3917 enim
920 3861 1102 3930 iustus
1148 3866 1444 3934 putabitur,
1490 3865 1580 3934 qui
1623 3864 1832 3934 iudicat

248 3952 547 4012 mundum,
574 3967 694 4006 cum
722 3953 834 4021 ipso
865 3954 1087 4008 nomine
1108 3953 1308 4022 iudicis
1352 3941 1668 4009 ostendatur
1697 3955 1831 4008 nihil

247 4046 362 4100 sine
393 4045 614 4115 judicio
639 4045 844 4102 facere?
873 4048 974 4104 Ubi
1006 4049 1150 4112 enim
1178 4049 1442 4118 judicium
1473 4059 1584 4114 est,
1619 4058 1832 4105 constat

244 4151 363 4190 esse
405 4135 702 4204 iustitiam.
732 4137 776 4190 A
809 4137 1019 4206 iustitia
1047 4156 1277 4210 namque
1323 4150 1379 4196 et
1413 4141 1577 4209 iudex
1608 4150 1663 4196 et
1687 4140 1831 4209 judi-

244 4223 388 4278 cium
439 4224 812 4280 nominantur.
858 4227 1028 4282 item:
1064 4227 1121 4282 Si
1164 4240 1338 4284 autem
1361 4232 1610 4301 iniquitas
1649 4241 1829 4285 nostra

243 4312 337 4367 Dei
376 4315 655 4384 justitiam
699 4319 1045 4385 commendat,
1087 4322 1214 4391 quid
1240 4323 1512 4376 dicemus?
1538 4322 1650 4377 Hoc
1672 4321 1827 4391 juxta

242 4419 470 4462 sensum
516 4408 793 4476 prOpbette
833 4409 1000 4464 David
1031 4411 1260 4480 subiecit
1293 4412 1619 4482 Apostolus:
1659 4413 1826 4468 David

242 4495 387 4549 enim
433 4499 656 4564 quando
701 4510 1019 4566 peccaverat
1048 4516 1212 4557 causa
1240 4501 1381 4556 Uria:
1403 4502 1626 4566 Cethazi,
1651 4504 1830 4558 sciens

241 4586 386 4652 quod
410 4587 706 4654 promissio
737 4591 1088 4658 peccantibus
1109 4591 1226 4645 dari
1252 4607 1356 4646 non
1397 4601 1596 4662 potest,
1641 4601 1831 4646 exorat

244 4685 298 4729 nt
319 4676 654 4745 jnstificatio
701 4681 988 4736 verborum
1029 4683 1124 4738 Dei
1169 4684 1354 4738 vincat
1392 4683 1686 4752 iudicium,
1723 4701 1830 4754 quo

234 4765 558 4831 indicantur
587 4768 623 4822 ii
661 4771 751 4839 qui
791 4779 1044 4840 peccant,
1093 4780 1148 4826 et
1183 4772 1536 4841 ptenitentem
1572 4775 1832 4828 reformat

241 4858 624 4922 sanctificans,
653 4869 710 4912 ut
740 4861 829 4914 det
857 4861 938 4916 eis
968 4861 1108 4931 quod
1129 4860 1293 4929 iustis
1319 4877 1377 4916 se
1412 4863 1665 4917 daturum
1707 4879 1834 4934 pro-

239 4947 407 5000 misit.
456 4947 540 5001 Ac
586 4958 808 5018 propter
852 4951 954 5004 hoc
990 4949 1254 5018 subjecit:
1284 4949 1343 5004 Si
1382 4951 1522 5004 enim
1569 4951 1830 5021 injuctitia

239 5046 420 5089 nostra
441 5037 714 5106 justitiam
737 5037 831 5091 Dei
856 5040 1198 5102 commendat,
1221 5040 1347 5110 quid
1365 5039 1596 5094 dicemus
1613 5041 1636 5094 ?
1653 5041 1706 5094 Id
1725 5049 1829 5106 est,

237 5127 281 5181 si
309 5130 446 5196 quia
480 5143 581 5182 nos
607 5137 919 5197 peccatores
945 5145 1152 5196 sumus,
1180 5129 1323 5184 Deus
1349 5127 1702 5198 iustificatur,
1735 5131 1835 5186 iui-

236 5234 378 5286 quus
415 5217 531 5273 erit
560 5218 607 5272 si
636 5219 904 5274 vindicet:
938 5218 1104 5283 Absit,
1131 5220 1229 5286 ait,
1257 5220 1542 5276 secundum
1570 5220 1832 5297 hominem

232 5312 376 5374 dico,
412 5310 524 5364 hoc
550 5317 654 5374 est,
681 5311 770 5364 hic
798 5325 991 5365 sensus
1012 5310 1215 5365 homini
1237 5311 1508 5375 convenit,
1539 5327 1646 5365 non
1678 5311 1825 5365 Deo:

231 5403 363 5469 quia
396 5415 517 5455 non
540 5401 768 5455 cadit~in
802 5400 972 5455 Deum
1002 5410 1059 5454 ut
1087 5399 1303 5471 iniquus
1327 5402 1416 5464 sit,
1457 5401 1553 5456 sed
1579 5401 1633 5455 in
1664 5401 1831 5456 homi-

229 5509 360 5549 nem
387 5511 406 5547 :
446 5506 574 5546 nam
623 5492 668 5547 si
708 5492 972 5562 iniustitia
1016 5500 1204 5547 nostra
1249 5492 1298 5545 ei
1346 5491 1663 5561 proficeret,
1716 5491 1831 5546 sine

232 5584 408 5639 dubio
445 5583 662 5654 iniquus
690 5593 838 5640 esset
863 5584 907 5637 si
938 5584 1222 5638 damnaret
1244 5592 1530 5654 peccantes
1555 5604 1565 5638 :
1601 5584 1726 5654 quia
1752 5584 1832 5638 in-

231 5676 459 5743 iustitia
484 5686 662 5731 nostra
689 5677 862 5760 Deum
913 5675 1043 5730 facit
1088 5675 1342 5746 iniustum
1363 5717 1377 5742 ,
1409 5675 1450 5729 si
1485 5676 1833 5745 peccantibus

1941 3225 2088 3280 dicat
2121 3226 2274 3294 quasi
2307 3226 2375 3280 ad
2408 3225 2633 3296 gloriam
2665 3226 2832 3296 ipsius
2869 3234 3016 3280 recte
3049 3228 3337 3297 agentem?
3366 3227 3520 3284 Sicut

1939 3315 2154 3388 quidam
2186 3317 2334 3370 aiunt
2357 3334 2448 3370 nos
2470 3317 2659 3370 dicere.
2691 3316 2843 3384 Quod
2877 3327 3082 3387 quanto
3127 3317 3330 3387 maiora
3372 3318 3515 3374 mala

1939 3405 2226 3471 faciamus,
2262 3414 2410 3461 tanto
2441 3406 2649 3476 maiora
2683 3406 2824 3461 bona
2867 3407 3228 3478 recipiemus,
3267 3409 3370 3464 hoc
3406 3418 3518 3470 est,

1938 3497 2083 3553 unde
2108 3497 2460 3566 quaestionem
2501 3497 2602 3553 sibi
2644 3496 2774 3552 fecit
2810 3497 3139 3567 Apostolus:
3176 3513 3206 3552 a
3247 3501 3520 3567 perversis

1937 3587 2081 3641 enim
2105 3576 2208 3642 hoc
2227 3587 2618 3657 opponebatur,
2642 3588 2797 3657 quasi
2820 3588 2910 3643 hic
2935 3596 3080 3643 esset
3105 3601 3296 3642 sensus
3324 3589 3515 3657 praedi-

1937 3679 2174 3734 cantium
2202 3679 2579 3734 remissionem
2606 3688 2970 3748 peccatorum,
3003 3685 3062 3733 ut
3085 3678 3326 3732 facerent
3349 3678 3513 3744 mala,

1936 3778 1991 3825 et
2020 3771 2268 3825 venirent
2297 3770 2438 3823 bona
2464 3788 2476 3822 :
2501 3769 2606 3824 hoc
2630 3777 2732 3831 est,
2761 3777 3082 3837 peccarent,
3113 3775 3172 3820 ut
3194 3767 3517 3822 remittendo

1938 3861 2044 3915 illis
2085 3860 2227 3914 Deus
2253 3860 2530 3913 videretur
2567 3860 2771 3922 bonus,
2815 3858 3111 3912 secundum
3140 3857 3284 3927 quod
3324 3873 3514 3928 supra-

1937 3951 2140 4005 dietum
2167 3956 2268 4014 est,
2311 3947 2453 4017 quod
2480 3946 2872 4017 blasphemiam
2908 3946 3159 4016 appellat.
3191 3945 3305 4002 Hoc
3334 3955 3516 4003 autem

1937 4041 2184 4096 fortassis
2218 4040 2338 4095 ideo
2368 4039 2619 4094 dicebant
2647 4038 2770 4108 quia
2811 4053 2918 4092 non
2962 4037 3342 4093 intellexerunt
3371 4040 3516 4108 quod

1935 4132 2223 4203 Apostolus
2265 4130 2510 4187 dicebat:
2539 4127 2639 4183 Ubi
2676 4129 2958 4183 abundavit
3005 4137 3296 4200 peccatum,
3335 4145 3516 4200 super-

1935 4228 2213 4282 abundavit
2241 4228 2434 4297 gratia.
2463 4225 2698 4291 Quorum
2723 4224 2992 4279 damnatio
3023 4225 3164 4293 iusta
3185 4235 3278 4279 est.
3310 4225 3513 4279 Horum

1935 4317 2026 4387 qui
2052 4316 2397 4371 aemulatione
2425 4315 2591 4369 invidi
2619 4314 2762 4368 istud
2788 4314 2855 4368 de
2883 4314 3039 4369 nobis
3061 4315 3506 4384 interpretantur,

1936 4407 2211 4463 damnatio
2240 4405 2388 4474 iusta
2417 4415 2519 4460 est.
2558 4404 2699 4470 Quid
2743 4421 2864 4473 ergo
2907 4404 3132 4474 amplius
3168 4404 3512 4475 prwcelfimus

1853 4467 1907 4527 D
1932 4499 2057 4552 eos?
2081 4467 2334 4552 Adhaeret
2360 4499 2463 4552 ista
2489 4467 2755 4552 sententia
2781 4467 3069 4564 superiori,
3094 4467 3198 4565 qua
3222 4495 3298 4548 ait
3325 4513 3336 4547 :
3369 4493 3509 4559 Quid

1930 4605 2052 4658 ergo
2082 4587 2308 4664 ampfius
2334 4597 2406 4640 est
2428 4585 2657 4639 Judwo?
2677 4584 2784 4640 Nos
2811 4587 2993 4654 itaque
3013 4585 3106 4654 qui
3131 4599 3318 4638 sumus
3341 4581 3509 4638 Judaei

1929 4686 2283 4749 peccatores,
2340 4677 2393 4732 in
2449 4691 2556 4746 quo
2604 4676 2834 4744 amplius
2881 4674 3242 4745 prmcellimus
3290 4673 3513 4743 gentes?

1931 4768 2178 4839 quamvis
2201 4767 2357 4822 nobis
2387 4767 2497 4821 sint
2523 4767 2723 4820 credita
2747 4766 2960 4834 eloquia
2994 4764 3124 4829 Dei,
3150 4763 3346 4834 quibus
3372 4778 3510 4832 prae-

1932 4860 2266 4914 varicatores
2291 4857 2426 4928 legis
2453 4871 2572 4911 esse
2608 4858 2979 4912 convincitnur
3007 4874 3019 4910 :
3049 4855 3164 4908 Non
3209 4853 3352 4907 enim
3390 4853 3504 4921 ipsa

1936 4948 2165 5011 salvant,
2195 4947 2290 5001 sed
2313 4959 2434 5000 reos
2469 4947 2814 4999 convincunt.
2860 4945 3002 5013 Ergo
3047 4943 3252 4996 reddita
3302 4941 3510 4995 ratione

1936 5037 2079 5108 quod
2107 5038 2193 5092 lex
2218 5045 2526 5106 contempta
2562 5051 2664 5091 non
2689 5036 2878 5105 prosit,
2906 5044 2961 5088 et
2983 5033 3124 5102 quod
3146 5031 3380 5086 carnalis
3403 5032 3510 5086 cir-

1935 5128 2283 5186 cumcisionis
2304 5127 2677 5198 prterogativa,
2707 5124 2889 5178 multis
2910 5123 3165 5193 operibus
3188 5120 3350 5186 freta,
3373 5135 3507 5174 vana

1934 5221 2026 5284 sit,
2055 5218 2207 5288 quasi
2238 5218 2537 5287 interrogat
2564 5215 2690 5283 quid
2713 5213 2942 5282 amplius
2968 5213 3164 5268 habeat
3184 5211 3400 5268 Judzeus
3441 5227 3509 5266 ex

1936 5308 2090 5377 cuius
2114 5323 2344 5379 persona
2382 5305 2760 5375 respondetur.
2795 5302 3022 5376 Multum
3051 5320 3142 5375 per
3170 5319 3374 5358 onmem
3402 5317 3510 5354 mo-

1935 5402 2083 5454 dum.
2109 5399 2244 5454 Nam
2271 5399 2317 5453 si
2349 5398 2518 5466 ipsius
2553 5395 2798 5464 Apostoli
2828 5411 3018 5450 sensus
3047 5403 3148 5460 est,
3172 5393 3393 5448 multum
3420 5409 3512 5462 per

1934 5507 2139 5544 omnem
2165 5487 2397 5550 modum,
2426 5485 2693 5557 quomodo
2714 5494 2898 5554 postea
2923 5485 3260 5540 contravcnit
3285 5483 3506 5539 dicens:

1936 5582 1994 5635 Si
2036 5592 2209 5635 au'em
2251 5581 2500 5650 iniquitas
2530 5590 2707 5634 nostra
2736 5580 2830 5634 Dei
2861 5579 3122 5649 justitiam
3161 5576 3507 5640 commendat,

1939 5673 2064 5744 quid
2093 5672 2321 5725 dicemus
2340 5672 2361 5723 ξ)
2384 5671 2681 5735 Postremo,
2711 5669 2976 5738 quomodo
3003 5666 3212 5724 Jlld‘J‘OS
3241 5665 3370 5720 nihil
3398 5677 3511 5716 ant-
