3974 6202
408 295 479 348 39
1137 309 1142 318 ε
1794 282 2064 340 SEDULll
2103 280 2298 338 SCOTI
3596 287 3666 341 ιο

411 405 551 476 plius
572 403 774 461 habere
798 403 1115 466 conlirmat,
1153 402 1197 456 si
1227 401 1316 456 hic
1345 400 1572 454 multum
1606 399 1807 454 habere
1833 411 1982 452 com-
2006 396 2060 454 Α
2083 393 2197 447 cari
2225 407 2332 447 non
2364 400 2544 461 potest
2574 410 2586 444 :
2619 392 2714 447 sed
2739 407 2862 446 cum
2897 392 3090 446 exierit
3120 393 3185 447 de
3219 408 3478 464 corpore,
3509 405 3570 452 et
3596 397 3669 455 de

412 495 707 549 memorat?
733 492 952 547 Causati
972 493 1109 546 enim
1128 507 1330 544 sumus.
1348 489 1461 544 Hoc
1483 497 1587 555 est,
1615 489 1780 544 certis
1803 489 1983 543 causis

411 583 764 638 ostendimus.
812 583 869 636 In
913 583 1016 636 hac
1051 580 1290 650 Epistola
1337 580 1536 635 Paulus
1593 580 1740 634 velut
1780 579 1986 634 arbiter

412 675 631 744 quidam
657 675 798 728 inter
826 671 1040 727 Judaios
1065 679 1121 727 et
1145 680 1334 740 gentes
1363 671 1584 726 residet.
1607 669 1867 726 Probavit
1898 683 1986 724 er-

413 780 501 834 go,
537 765 755 818 Graecos
783 763 1017 832 quidem,
1055 763 1108 818 id
1133 771 1215 817 est
1245 762 1504 834 gentiles,
1552 778 1675 818 esse
1723 762 1824 817 sub
1859 777 1987 832 pec-

413 861 533 908 cato
563 868 684 907 cum
716 853 792 907 ait
819 871 832 906 :
863 853 1106 908 Dicentes
1131 855 1268 908 enim
1295 871 1349 908 se
1367 854 1624 926 sapientes
1642 895 1657 919 ,
1685 854 1832 909 stulti
1859 854 1985 922 facti

410 952 552 1007 sunt,
581 952 627 996 et
653 953 981 998 mutaverunt
1007 943 1229 1014 gloriam
1269 943 1678 1016 incorruptibilis
1716 944 1848 1010 Dei,
1877 953 1981 1000 etc.

409 1031 622 1088 Judatos
648 1049 794 1098 vero,
826 1050 949 1089 cum
976 1035 1106 1088 dicit
1135 1054 1148 1089 :
1183 1034 1244 1090 Si
1275 1045 1450 1090 autem
1469 1045 1526 1089 tu
1546 1020 1769 1090 Iudaeus
1796 1053 1986 1107 cogno-

410 1125 649 1189 minaris,
685 1135 732 1178 et
758 1127 1033 1196 requiescis
1055 1127 1111 1180 in
1127 1125 1268 1197 lege,
1291 1136 1396 1182 etc.
1427 1126 1576 1182 Sicut
1619 1128 1872 1197 scriptum
1909 1137 1984 1182 est

409 1215 532 1284 quia
562 1232 664 1269 non
684 1225 757 1269 est
777 1217 957 1286 justus
977 1218 1274 1288 quisquam,
1301 1227 1406 1273 etc.
1438 1217 1504 1273 Hi
1530 1227 1652 1274 octo
1676 1233 1866 1273 versus
1893 1233 1988 1274 ne-

410 1317 514 1371 que
561 1305 701 1374 apud
742 1305 1014 1372 Hebraeos,
1057 1322 1233 1376 neque
1275 1307 1418 1376 apud
1467 1322 1791 1377 quemquam
1833 1322 1987 1376 repe-

410 1395 623 1448 riuntur
650 1394 1026 1465 interpretum,
1052 1411 1226 1468 neque
1251 1398 1393 1468 apud
1420 1397 1564 1468 ipsos
1604 1399 1695 1468 qui
1726 1415 1830 1452 Lxx
1873 1399 1987 1454 edi-

409 1485 610 1539 tionem
636 1487 836 1541 habent
867 1488 1140 1566 vulgatam
1167 1508 1178 1542 :
1206 1499 1261 1543 et
1303 1490 1562 1558 quaeritur
1592 1506 1626 1544 a
1661 1491 1986 1560 quibusdam

407 1591 506 1633 cur
537 1580 820 1649 Apostolus
846 1584 914 1636 ad
944 1582 1220 1638 Romanos
1246 1583 1450 1638 horum.
1473 1581 1603 1637 facit
1630 1585 1982 1652 memoriam;

407 1671 771 1726 nescientibus
797 1673 862 1727 de
891 1672 1120 1728 diversis
1143 1672 1546 1744 Scripturarum
1568 1674 1720 1739 locis,
1741 1683 1795 1729 et
1815 1677 1988 1731 maxi-

2083 483 2212 538 vitaa
2238 481 2399 552 hujus
2425 497 2594 554 agone
2636 482 2969 538 discesserit.
3010 482 3162 538 Unde
3207 484 3556 542 Ecclesiastes
3591 490 3668 545 ait

2086 572 2226 646 (cap.
2256 572 2330 644 ιν)
2367 591 2380 626 :
2421 571 2490 626 Et
2535 571 2748 626 laudavi
2789 586 2972 627 omnes
3006 573 3281 642 defunctos
3331 577 3421 645 qui
3467 580 3665 633 mortui

2084 675 2206 720 sunt
2229 665 2394 736 magis
2419 680 2578 734 quam
2605 665 2742 718 vivos
2785 666 2877 734 qui
2913 665 3086 719 adhuc
3121 665 3330 730 vivunt,
3364 668 3454 720 sed
3481 669 3666 724 melior

2083 773 2242 826 super
2265 765 2511 825 utrosque
2533 754 2623 825 qui
2661 753 2891 809 nondum
2921 765 3075 809 natus
3119 765 3232 820 est,
3272 758 3397 825 quia
3437 759 3662 826 quicun-

2085 862 2191 918 que
2239 848 2418 902 minor
2458 853 2544 902 est
2592 847 2646 901 in
2690 861 2856 918 regno
2885 846 3012 912 Dei,
3049 847 3222 917 major
3253 856 3330 902 est
3363 865 3453 915 eo,
3479 851 3570 918 qui
3607 851 3666 904 in

2087 953 2315 1008 corpore
2345 944 2448 992 est.

2160 1027 2284 1083 Non
2313 1038 2389 1084 est
2416 1028 2736 1099 intelligens,
2767 1045 2871 1083 non
2908 1040 2982 1084 est
3013 1031 3279 1100 requirens
3313 1030 3498 1086 Deum.
3526 1032 3667 1100 Quia

2088 1134 2193 1174 non
2232 1119 2517 1190 intelligit,
2548 1135 2656 1174 non
2695 1119 2958 1189 requirit;
3002 1120 3118 1175 sive
3154 1121 3274 1176 ideo
3321 1138 3429 1196 non
3463 1123 3667 1179 intelli-

2087 1210 2192 1281 git,
2231 1211 2358 1279 quia
2394 1225 2502 1264 non
2542 1210 2805 1280 requirit,
2848 1209 2988 1266 Deus
3014 1220 3193 1266 autem
3229 1213 3506 1282 quaeritur,
3537 1230 3665 1269 cum

2087 1300 2204 1368 ejus
2231 1301 2483 1356 voluntas
2519 1302 2829 1371 inquiritur.
2874 1301 3066 1358 Omnes
3094 1304 3506 1360 declinaverunt.
3545 1306 3667 1362 Non

2088 1392 2286 1448 dicitur
2342 1394 2676 1457 declinasse,
2733 1394 2836 1448 nisi
2897 1395 2943 1449 is
2997 1395 3090 1464 qui
3148 1395 3436 1466 aliquando
3474 1399 3528 1453 in
3575 1401 3666 1454 via

2090 1491 2239 1540 recta
2275 1485 2458 1549 stetit,
2499 1493 2708 1538 natura:
2748 1485 3028 1540 rationalis
3065 1502 3202 1557 opus
3235 1502 3266 1540 a
3308 1489 3419 1542 Deo
3467 1488 3668 1546 factum

2089 1583 2216 1637 est,
2255 1573 2349 1628 sed
2386 1573 2481 1642 qui
2534 1574 2604 1629 ab
2653 1574 2753 1628 hac
2799 1575 2868 1628 ad
2916 1574 3109 1630 laevum
3157 1579 3364 1647 peccati
3417 1580 3522 1635 iter
3569 1582 3669 1637 de-

2090 1663 2267 1730 torsit,
2292 1665 2487 1719 merito
2510 1679 2653 1720 nunc
2677 1665 2875 1720 dicitur
2904 1666 3216 1732 declinasse,
3244 1670 3386 1726 sicut
3409 1670 3578 1726 Adam
3601 1674 3673 1729 de

406 1777 494 1816 me
515 1763 850 1818 psalmorum
879 1767 978 1820 hos
995 1782 1115 1821 esse
1145 1774 1418 1830 textus,“
1438 1766 1739 1836 apostolum
1760 1766 1985 1820 paulum
2017 1749 2065 1808 B
2091 1754 2332 1825 paradisi
2356 1755 2440 1809 via
2465 1764 2610 1810 recta
2650 1756 2717 1809 ad
2757 1771 2954 1826 pravas
2994 1758 3218 1814 semitas
3252 1760 3561 1816 declinavit.
3590 1762 3673 1818 Si-

406 1854 460 1907 in
503 1853 726 1927 divinis,
752 1853 1047 1925 Scripturis
1100 1857 1564 1922 eruditissimum,
1601 1856 1745 1926 quod
1775 1857 1990 1911 volebat

405 1944 743 2013 exprimere,
794 1946 920 2000 hinc
951 1947 1074 2001 inde
1103 1947 1347 2017 singulos
1373 1946 1458 2001 vel
1492 1946 1650 2002 binos
1693 1947 1988 2002 versiculos

405 2033 642 2088 texuisse
672 2053 685 2087 :
718 2034 862 2089 sicut
881 2035 1059 2089 omnis
1083 2050 1218 2105 pene
1251 2036 1319 2090 ad
1346 2035 1619 2091 Romanos
1653 2036 1893 2106 Epistola
1922 2038 1989 2093 de

404 2125 575 2180 veteri
615 2135 820 2182 structa
849 2135 933 2183 est
962 2129 1347 2194 Instrumento,
1385 2128 1465 2183 sic
1513 2137 1568 2182 et
1600 2129 1704 2183 hoc
1743 2129 1989 2184 testimo-

405 2218 554 2272 nium
593 2220 660 2272 de
682 2219 913 2275 Psalmis
939 2229 994 2275 et
1025 2219 1161 2274 Isaia
1194 2228 1509 2274 contextum
1552 2228 1653 2276 est.
1696 2219 1834 2274 Nam
1881 2221 1988 2276 duo

406 2309 566 2378 primi
607 2325 836 2365 versus:
869 2310 1180 2382 Sepulcrum
1220 2320 1404 2382 patens
1453 2320 1526 2365 est
1562 2321 1742 2382 guttur
1767 2328 1945 2366 eorum
1966 2325 1998 2364 :.

404 2398 622 2469 Linguis
650 2401 760 2454 suis
787 2400 965 2455 dolose
997 2402 1217 2471 agebant
1247 2401 1420 2470 quinti
1450 2401 1643 2472 psalmi
1674 2410 1820 2456 sunt.
1854 2402 2008 2456 lllud‘

404 2497 584 2543 autem
613 2491 754 2560 quod
801 2492 1081 2560 sequitur:
1123 2491 1390 2546 Venenum
1421 2492 1663 2563 aspidum
1705 2493 1802 2547 sub
1833 2492 1988 2547 labiis

403 2595 605 2645 eorum,
636 2596 837 2635 cxxxix
863 2581 1057 2650 psalmi
1080 2589 1182 2636 est.
1217 2581 1559 2650 Rursumque
1584 2583 1730 2652 quod
1754 2582 1984 2636 dicitur:

407 2669 651 2738 Quorum,
667 2687 724 2725 os
743 2671 1109 2726 maledictione
1125 2681 1175 2726 et
1194 2672 1550 2726 amaritudine
1571 2674 1787 2743 plenum
1808 2682 1906 2738 est,
1921 2673 1989 2728 de

303 2790 312 2794 -
403 2775 549 2816 nono
583 2761 791 2831 psalmo
833 2771 1107 2832 sumptum
1142 2772 1245 2818 est.
1287 2764 1422 2818 Tres
1469 2772 1650 2818 autem
1693 2764 1988 2820 versiculos

403 2853 497 2922 qui
529 2863 828 2922 sequuntur
853 2873 864 2906 :
911 2853 1116 2908 Veloces
1143 2855 1298 2925 pedes
1327 2871 1527 2922 eorum,
1549 2870 1740 2925 usque,
1774 2872 1989 2912 nonco-

404 2953 692 3014 gnoverunt
710 2984 726 3008 ,
769 2945 825 2998 in
863 2944 1002 3000 lsaia
1026 2946 1288 3015 pr0pheta
1314 2946 1511 3016 reperi.
1546 2945 1780 3001 Ultimus
1807 2953 1989 3002 autem

403 3048 614 3098 versus,
643 3034 697 3088 id
721 3041 807 3090 est
831 3044 1078 3100 octavus,
1107 3036 1230 3090 Non
1257 3045 1333 3091 est
1358 3037 1515 3091 timor
1532 3037 1630 3091 Dei
1657 3047 1776 3092 ante
1806 3037 1986 3094 oculos

404 3138 604 3188 eorum,
636 3122 692 3176 in
721 3139 867 3177 xxxv
892 3124 1082 3193 psalmi
1105 3125 1371 3196 principio
1399 3135 1503 3181 est.
1532 3127 1668 3182 Illud
1693 3128 1858 3183 etiam
1891 3143 1987 3184 ne-
2013 3101 2059 3165 (ἶ

405 3215 644 3271 cessario
673 3204 920 3272 ducimus
959 3218 1353 3274 admonendum
1376 3260 1390 3285 ,
1438 3220 1583 3290 quod
1617 3222 1673 3275 in
1716 3223 1990 3280 nonnullis

406 3305 808 3376 exemplaribus
834 3321 896 3361 ea
929 3323 1049 3377 qua:
1075 3309 1497 3378 subsequuntur,
1537 3325 1601 3365 ex
1649 3311 1860 3383 integro
1908 3314 1992 3368 in-

404 3399 695 3454 veniuntur
742 3400 939 3469 posita.
986 3400 1042 3454 ln
1086 3400 1290 3456 Graecis
1325 3413 1508 3458 autem
1553 3421 1693 3475 pene
1739 3408 1992 3464 omnibus

405 3503 514 3544 non
533 3489 762 3559 amplius
787 3490 840 3544 in
867 3506 967 3547 xm
994 3491 1205 3560 psalmo
1227 3509 1388 3562 quam
1410 3511 1580 3565 usque
1603 3497 1669 3550 ad
1693 3497 1844 3553 illum
1863 3513 1989 3553 ver-

405 3580 636 3636 siculum
661 3583 920 3652 scriptum
942 3592 1027 3638 est
1052 3602 1064 3637 :
1100 3583 1225 3638 Non
1245 3589 1431 3657 estqui
1457 3589 1618 3658 faciat
1646 3591 1854 3657 bonum,
1887 3575 1990 3647 non

406 3683 482 3730 est
509 3691 670 3745 usque
705 3675 774 3729 ad
814 3693 997 3730 unum.
1047 3675 1157 3732 Sed
1187 3679 1330 3749 quod
1365 3681 1502 3735 dixit
1531 3683 1836 3752 Apostolus,
1866 3686 1990 3755 quia

406 3782 512 3819 non
549 3777 622 3819 est
644 3766 826 3836 justus
850 3769 1127 3839 quisquam
1147 3811 1162 3835 ,
1201 3787 1306 3824 non
1330 3780 1409 3825 est
1439 3771 1756 3842 intelligens,
1779 3790 1884 3827 non
1914 3784 1990 3829 est

407 3857 674 3927 requirens
701 3857 891 3924 Deum,
923 3875 1029 3915 non
1058 3861 1262 3916 eisdem
1301 3863 1642 3918 sermonibus
1682 3864 1990 3920 invenietur

410 3946 465 3999 in
509 3946 747 4015 psalmo,
780 3948 875 4002 sed
918 3949 1007 4003 alii
1037 3959 1434 4019 permutantur,
1479 3952 1569 4005 alii
1617 3963 1986 4017 assumuntur,

409 4033 501 4088 alii
537 4035 936 4106 relinquuntur,
966 4038 1273 4108 diligentius
1297 4046 1428 4108 puto
1451 4039 1698 4094 inchoari
1729 4041 1986 4111 apostoli-

409 4139 528 4179 cam
579 4127 992 4191 auctoritatem,
1039 4136 1100 4182 ut
1145 4143 1270 4182 cum
1325 4127 1618 4199 Scriptura:
1668 4132 1991 4188 testimoniis

411 4215 669 4270 utendum
708 4215 895 4282 fuerit,
944 4233 1163 4272 sensum
1208 4217 1382 4289 magis
1427 4233 1494 4272 ex
1535 4233 1599 4273 ea
1640 4234 1800 4290 quam
1827 4221 1989 4276 verba

412 4307 689 4376 capiamus
716 4327 728 4361 :
757 4309 862 4363 hoc
885 4309 1084 4363 etenim
1106 4310 1160 4364 in
1183 4310 1488 4382 Evangeliis
1509 4311 1708 4367 factum
1732 4312 1988 4384 frequen-

411 4407 495 4452 ter
524 4399 782 4454 invenies.
808 4400 866 4454 ln
897 4403 1056 4456 tertio
1081 4403 1292 4458 decimo
1323 4403 1484 4475 igitur
1504 4406 1713 4475 psalmo
1739 4407 1813 4461 ita
1850 4409 1986 4463 scri-

409 4496 557 4558 ptum
587 4498 670 4543 est
695 4507 707 4542 :
739 4489 996 4544 Dominus
1018 4491 1080 4545 de
1105 4492 1231 4546 cwlo
1253 4496 1512 4564 prospexit
1537 4513 1692 4567 super
1719 4497 1858 4566 ﬁlios
1887 4499 1984 4552 lto-

410 4582 633 4645 minum,
687 4589 744 4633 ut
791 4581 982 4634 videret
1029 4583 1078 4635 si
1109 4593 1183 4636 est
1225 4584 1539 4656 intelligens,
1584 4597 1673 4642 aut
1721 4590 1986 4659 requirens

411 4667 600 4723 Deum.
645 4668 712 4722 Et
749 4670 961 4725 videtur
1004 4671 1145 4726 idem
1187 4689 1376 4728 sensus
1400 4676 1604 4730 servari
1643 4678 1806 4731 etiam
1836 4678 1889 4732 in
1922 4693 1988 4733 eo

413 4760 555 4830 quod
584 4759 870 4829 Apostolus
893 4763 1071 4831 posuit
1095 4781 1107 4816 :
1142 4763 1266 4818 Non
1295 4776 1370 4819 est
1400 4767 1691 4837 intelligens
1711 4809 1724 4833 ,
1781 4786 1882 4822 non
1913 4779 1986 4825 est

414 4851 676 4920 requirens
725 4849 912 4904 Deum.
960 4851 1028 4905 Et
1071 4853 1214 4920 quod
1259 4854 1493 4910 dixerit:
1522 4857 1644 4910 Non
1697 4869 1771 4911 est
1807 4859 1985 4927 justus

411 4943 705 5010 quisquam,
742 4950 892 5012 puto,
927 4958 996 4997 ex
1026 4957 1091 4997 eo
1123 4946 1412 5013 sumpserit
1449 4948 1539 5001 ubi
1572 4950 1830 5018 scriptum
1862 4958 1982 5004 est:

416 5030 540 5085 Non
569 5043 642 5084 est
669 5034 756 5102 qui
779 5033 941 5103 faciat
970 5035 1182 5100 bonum,
1213 5053 1316 5090 non
1340 5047 1413 5090 est
1436 5054 1596 5110 usque
1621 5040 1689 5092 ad
1719 5057 1900 5095 unum.
1928 5042 1985 5098 In

415 5135 523 5190 quo
551 5122 711 5175 etiam
749 5125 794 5178 si
827 5140 1006 5181 sermo
1040 5125 1252 5181 videtur
1280 5130 1544 5194 converti,
1581 5145 1771 5186 sensus
1807 5140 1984 5188 tamen

417 5226 556 5266 unus
585 5222 848 5268 servatur.
885 5215 1006 5271 Non
1034 5228 1110 5271 est
1128 5219 1308 5288 justus
1327 5220 1620 5290 quisquam.
1658 5221 1736 5276 Ac
1764 5223 1809 5278 si
1841 5225 1987 5280 dice-

418 5309 500 5356 ret
527 5319 538 5353 :
572 5299 694 5354 Non
721 5313 795 5356 est
820 5307 908 5372 qui
940 5306 1102 5373 faciat
1123 5309 1332 5373 bonum,
1363 5311 1453 5378 qui
1486 5311 1626 5366 idem
1653 5327 1842 5369 sensus
1865 5324 1948 5369 est
1967 5355 1982 5381 ,

416 5397 543 5449 Excet
577 5395 858 5450 dissimilia
885 5399 1048 5452 verba
1095 5401 1220 5454 sint.
1253 5403 1545 5471 Explanari
1588 5413 1766 5458 autem
1808 5416 1987 5475 potest

417 5487 560 5553 quod
587 5486 760 5540 dixit:
791 5487 913 5541 Non
933 5499 1005 5542 est
1020 5490 1200 5559 justus
1240 5494 1534 5563 quisquam,
1564 5495 1648 5551 vel
1690 5499 1834 5566 quod
1867 5498 1942 5551 ait
1968 5516 1980 5550 :

419 5577 543 5632 Non
581 5579 962 5647 justi/imbitur
1003 5584 1058 5636 in
1099 5573 1370 5652 conspectu
1413 5588 1527 5656 ejus
1570 5591 1738 5644 omnis
1779 5592 1981 5656 vivens,

420 5669 542 5738 quia
586 5669 755 5724 donec
803 5673 924 5740 quis
952 5673 1080 5728 vivit
1118 5674 1168 5726 in
1197 5688 1422 5743 corpore
1457 5678 1591 5744 isto,
1621 5679 1775 5747 plene
1795 5679 1985 5749 justiﬁ-

2090 1845 2219 1900 mul.
2261 1847 2376 1902 Hoc
2406 1855 2490 1902 est
2528 1847 2699 1903 Judaei
2725 1857 2783 1903 et
2815 1856 3021 1918 gentes.
3053 1849 3295 1905 Inutiles.
3329 1851 3429 1919 Qui
3458 1853 3672 1910 inutilia

2090 1945 2387 1992 sectantur.
2427 1936 2551 1991 Non
2573 1947 2646 1991 est
2671 1939 2761 2008 qui
2789 1939 2951 2008 faciat
2982 1938 3191 1993 bonum.
3223 1941 3280 1995 Si
3316 1958 3421 1997 non
3456 1954 3537 1998 est
3575 1945 3671 2014 qui

2090 2027 2254 2084 faciat
2277 2029 2500 2095 bonum,
2527 2029 2797 2098 quomodo
2821 2028 3044 2084 inferius
3066 2032 3241 2100 arguit
3277 2032 3487 2101 plebem
3515 2049 3671 2091 suam

2089 2121 2452 2184 devorantes,
2507 2127 2562 2174 et
2619 2119 2840 2189 inopum
2895 2119 3178 2176 consilium
3233 2123 3670 2190 considerantes,

2089 2209 2242 2278 plebs
2265 2210 2410 2264 enim
2435 2209 2533 2264 Dei
2556 2225 2663 2265 non
2686 2218 2826 2274 erat,
2843 2211 2888 2265 si
2913 2211 3110 2268 bonum
3127 2228 3234 2267 non
3262 2213 3516 2270 faciebat.
3543 2217 3672 2274 Non

2089 2308 2164 2354 est
2190 2299 2328 2353 enim
2343 2301 2431 2370 qui
2456 2300 2621 2370 faciat
2646 2300 2858 2366 bonum,
2890 2301 2993 2356 hoc
3019 2310 3102 2356 est
3127 2303 3424 2373 perfectum
3446 2313 3500 2360 et
3532 2307 3673 2361 intc—

2089 2404 2245 2458 grum
2270 2389 2492 2443 bonum.
2531 2388 2590 2444 Si
2637 2399 2814 2444 autem
2839 2393 3178 2460 requiramus
3202 2395 3294 2464 qui
3325 2396 3396 2450 sit
3418 2412 3543 2452 vere
3567 2398 3671 2453 bo-

2089 2493 2213 2544 nus,
2245 2479 2291 2533 is
2312 2479 2404 2547 qui
2427 2477 2559 2534 dicit
2592 2496 2604 2530 :
2639 2478 2752 2549 Ego
2775 2497 2890 2534 sum
2922 2479 3115 2536 Pastor
3155 2483 3317 2538 bonus
3364 2484 3544 2556 (Joan.
3589 2486 3670 2558 Χ).

2091 2568 2264 2640 Usque
2290 2569 2361 2623 ad
2387 2586 2570 2623 unum.
2599 2570 2696 2625 Vel
2725 2587 2847 2625 cum
2872 2572 2990 2642 ipso
3018 2589 3124 2629 uno
3144 2584 3322 2644 potest
3343 2576 3591 2648 intelligi,
3609 2588 3672 2638 ut

2091 2661 2271 2714 nullus
2327 2661 2607 2726 hominum
2664 2662 2990 2731 excipiatur,
3041 2665 3128 2720 vel
3173 2675 3368 2736 praeter
3395 2684 3584 2734 unum,
3612 2679 3677 2724 ut

2088 2753 2390 2822 accipiatur
2438 2752 2703 2809 Dominus
2756 2753 3026 2821 Christus,
3071 2757 3213 2812 sicut
3257 2759 3486 2816 dicimus
3523 2761 3677 2817 :lstc

2089 2861 2218 2915 ager
2244 2859 2417 2916 usque
2447 2846 2517 2900 ad
2545 2861 2698 2902 mare
2723 2854 2827 2913 est,
2856 2864 2963 2903 non
2991 2851 3178 2920 utique
3207 2852 3366 2907 simul
3397 2864 3677 2925 computa-

2089 2952 2213 2992 mus
2237 2945 2292 2991 et
2317 2952 2489 2992 mare.
2513 2936 2822 3007 Sepulcrum
2848 2949 3031 3011 patens
3047 2952 3120 2995 est
3144 2953 3324 3012 guttur
3345 2961 3542 2999 eorum.
3567 2944 3675 2998 Pa-

2091 3038 2214 3085 tens
2242 3037 2422 3083 autem
2450 3028 2758 3101 sepulcrum
2811 3030 3063 3089 dicuntur
3096 3033 3152 3087 hi
3181 3034 3273 3101 qui
3305 3035 3676 3090 immunditias

2091 3137 2218 3178 suas
2267 3122 2323 3176 in
2369 3121 2655 3191 propatulo
2683 3121 2902 3176 habent.
2936 3123 3030 3177 Vel
3058 3124 3353 3192 sepulcrum
3377 3137 3557 3195 patens
3595 3138 3674 3185 est

2090 3224 2273 3284 guttur
2292 3230 2494 3279 eorum,
2528 3214 2632 3269 hoc
2661 3223 2766 3279 est,
2789 3213 2961 3269 fetore
2981 3215 3242 3270 doctrina:
3270 3226 3326 3271 et
3349 3218 3673 3275 adulationis

2097 3321 2209 3362 suae
2226 3308 2605 3362 contaminans
2629 3315 2684 3362 et
2711 3307 3040 3364 interﬁciens
3067 3309 3364 3365 audientes.
3385 3311 3506 3365 ideo
3525 3312 3674 3366 enim

2091 3399 2408 3472 sepulcrum
2433 3397 2724 3468 diligenter
2751 3399 3038 3462 clauditur,
3067 3415 3133 3454 ne
3155 3391 3340 3456 adhuc
3368 3402 3677 3458 viventibus

2090 3486 2454 3542 exhalationis
2478 3501 2590 3541 suae
2614 3495 2834 3558 generet
2854 3497 3079 3556 pestem.
3111 3488 3329 3559 Linguis
3357 3491 3466 3544 suis
3494 3490 3674 3546 dolose

2091 3579 2332 3649 agebant.
2362 3577 2524 3633 Dolus
2547 3585 2652 3644 est,
2683 3594 2806 3633 cum
2829 3579 2974 3634 aliud
3000 3579 3123 3649 quis
3147 3579 3326 3651 lingua
3351 3580 3590 3651 loquitur
3612 3590 3673 3637 et

2095 3670 2242 3726 aliud
2269 3672 2433 3725 corde
2462 3670 2690 3725 volutat.
2737 3670 2995 3726 Venenum
3021 3673 3284 3743 aspidum.
3318 3673 3673 3730 Sicutmorsu

2091 3765 2358 3836 serpentis
2380 3779 2648 3820 venenum
2672 3779 2871 3834 corpus
2898 3766 3175 3832 interimit,
3193 3767 3267 3820 ita
3283 3782 3495 3822 morsus
3516 3768 3672 3823 verbi

2089 3858 2343 3912 venenati
2373 3856 2562 3912 fraude
2589 3857 2825 3912 animum
2859 3865 3056 3912 necat:
3087 3856 3227 3913 bene
3271 3859 3478 3914 addidit
3531 3861 3674 3930 aspi-

2090 3948 2238 4014 dum,
2265 3949 2392 4019 quia
2438 3949 2634 4003 horum
2661 3949 2993 4018 serpentium
3031 3951 3325 4018 pessimum
3356 3951 3527 4004 fertur
3553 3966 3674 4006 esse

2089 4056 2379 4096 venenum.
2414 4040 2524 4096 Sub
2549 4040 2700 4094 labiis
2729 4058 2929 4098 eorum.
2975 4041 3088 4096 Hoc
3113 4051 3217 4108 est,
3242 4043 3304 4096 in
3323 4041 3501 4096 corde.
3528 4041 3673 4106 Quo-

2093 4145 2208 4182 rum
2241 4146 2297 4183 os
2323 4128 2692 4186 maledictione
2714 4139 2764 4184 et
2792 4131 3148 4186 amaritudine
3191 4131 3400 4202 plenum
3429 4141 3520 4185 est.
3553 4129 3670 4186 Non

2091 4230 2176 4278 est
2210 4222 2371 4276 unius
2398 4223 2614 4292 generis
2657 4223 2984 4288 maledictio,
3031 4224 3289 4294 quidquid
3337 4226 3480 4280 enim
3527 4223 3672 4278 malo

2091 4320 2215 4368 voto
2243 4313 2458 4378 dicitur,
2489 4310 2836 4370 maledictum
2883 4313 3200 4382 appellatur.
3250 4312 3566 4368 Amaritudo
3587 4323 3674 4368 est
3739 4357 3744 4360 .

2091 4404 2366 4460 contraria
2398 4403 2668 4459 dulcedini
2694 4404 2983 4460 verborum
3001 4405 3118 4470 Dei,
3137 4405 3499 4462 maledictioni
3521 4420 3674 4459 ama-

2095 4496 2273 4550 ritudo
2327 4496 2691 4566 conjungitur,
2747 4498 2874 4566 quia
2901 4513 2967 4554 ex
3006 4498 3295 4553 iracundia:
3324 4499 3444 4553 felle
3470 4499 3667 4569 depro-

2093 4587 2261 4641 mitur
2296 4606 2308 4640 :
2349 4603 2443 4657 per
2470 4586 2802 4642 iracundiam
2835 4588 2978 4642 enim
3005 4604 3070 4643 ac
3111 4589 3347 4644 furorem
3392 4591 3459 4643 ad
3499 4590 3669 4645 male-

2092 4679 2377 4734 dicendum
2418 4679 2600 4750 lingua
2645 4681 3005 4750 compellitur.
3038 4679 3248 4736 Veloces
3277 4683 3430 4753 pedes
3463 4699 3665 4742 eorum.

2093 4770 2206 4825 Hoc
2234 4779 2337 4835 est,
2370 4772 2584 4843 impigri
2614 4771 2680 4826 ad
2730 4772 2932 4830 malum
2983 4780 3040 4827 et
3067 4772 3134 4826 ad
3162 4773 3448 4827 homicidia
3475 4789 3668 4844 perpe-

2095 4862 2307 4916 tranda.
2338 4862 2507 4918 Pedes
2531 4864 2635 4918 hoc
2659 4861 2777 4917 loco
2802 4862 2921 4918 illos
2943 4864 3198 4933 intellige,
3227 4866 3293 4919 de
3318 4865 3512 4934 quibus
3534 4865 3669 4922 dicit

2094 4953 2388 5025 Propheta:
2410 4953 2516 5008 Mei
2541 4964 2715 5008 autem
2740 4971 2866 5024 pene
2886 4955 3011 5009 moti
3031 4965 3151 5010 sunt
3165 4957 3318 5026 pedes
3339 4958 3454 5028 (Ps.
3471 4962 3663 5027 Lxxn).

2095 5043 2208 5098 lloc
2238 5053 2321 5098 est
2361 5045 2642 5099 consilium
2671 5060 2778 5115 quo
2830 5046 3042 5115 agimus
3073 5047 3175 5101 iter
3199 5048 3340 5101 vitae.
3372 5049 3453 5100 Ad
3489 5050 3667 5116 effun-

2095 5137 2321 5191 dendum
2346 5138 2673 5205 sanguinem.
2706 5136 2856 5192 Sicut
2884 5139 3152 5194 homicida
3205 5139 3401 5193 dicitur
3454 5139 3542 5196 ille
3571 5147 3668 5212 qui

2092 5226 2376 5296 corpusab
2402 5225 2580 5280 anima
2602 5236 2840 5295 separat,
2866 5243 2964 5297 per
3003 5242 3165 5297 quam
3219 5226 3552 5295 viviﬁcatur;
3589 5232 3663 5288 ita

2093 5320 2255 5375 etiam
2285 5319 2568 5373 verissime
2591 5319 2747 5374 vivus
2773 5319 2860 5374 ille
2885 5319 3150 5375 homicida
3173 5318 3430 5375 dicendus
3452 5331 3554 5387 est,
3571 5323 3665 5391 qui

2093 5411 2326 5463 animam
2359 5423 2390 5463 a
2417 5423 2544 5463 vera
2574 5411 2686 5463 vita
2713 5417 2950 5479 separat,
2983 5410 3125 5478 quod
3153 5419 3236 5465 est
3262 5411 3421 5466 Deus.
3457 5410 3666 5466 Contri-

2092 5501 2163 5553 tio
2189 5511 2236 5554 et
2268 5500 2550 5568 infelicitas
2598 5504 2652 5556 in
2682 5503 2775 5556 viis
2803 5493 3004 5554 eorum.
3033 5501 3182 5556 illam
3226 5503 3359 5558 dicit
3385 5503 3668 5558 contritio-

2093 5605 2239 5656 nem,
2265 5607 2369 5660 qua
2395 5602 2707 5661 peccatores
2730 5601 3010 5647 conterere
3031 5591 3214 5664 iugum
3239 5593 3447 5648 Domini
3473 5593 3666 5647 dicun-

2091 5691 2200 5748 tur,
2229 5689 2284 5736 et
2310 5682 2574 5753 projicere
2601 5699 2633 5738 a
2675 5682 2978 5738 cervicibus
3023 5684 3156 5741 suis.
3213 5683 3520 5750 lnfelicitas,
3559 5697 3667 5753 qua
3699 5731 3702 5734 .
