3974 6202
192 334 248 387 ιι
1256 374 1257 377 η
1297 322 1625 381 COLLECT.
1665 321 1733 377 IN
1771 318 1988 377 EPIS'I‘.
2030 319 2121 374 AD
2156 319 2320 377 ROM.

3379 315 3455 371 42

193 451 358 504 miser
384 446 551 501 homo
580 443 812 498 cﬁ’ectus
839 449 942 507 est,
970 439 1134 496 etiam
1173 436 1379 502 infelix,
1432 437 1524 506 qui
1572 449 1693 491 cum
1724 434 1777 489 in
1806 437 1854 496 Α
1884 446 1987 486 non
2033 430 2206 486 solum
2257 428 2687 497 concupiscimus
2733 434 2789 483 et
2828 441 3135 497 peccamus,
3164 425 3259 483 sed
3288 428 3454 483 etiam

196 540 400 594 honore
421 542 569 589 esset
596 547 708 587 non
740 528 1025 593 intellexit,
1048 535 1391 596 comparatus
1404 522 1779 592 estjutnentis,

197 636 250 681 et
272 624 468 679 similis
497 621 678 676 factus
707 627 793 674 est
823 619 946 672 illis.
980 616 1046 670 Et
1076 616 1211 670 viam
1264 613 1411 688 pacis
1443 629 1547 666 non
1595 627 1785 681 cogno-

197 723 404 778 eerunt,
423 729 527 766 non
550 720 625 764 est
654 710 815 762 timor
833 706 931 760 Dei
958 713 1078 759 ante
1104 702 1281 758 oculos
1303 717 1503 756 eorum.
1519 701 1574 755 In
1594 700 1786 754 timore

199 807 294 861 Dei
321 805 503 860 omnia
530 800 838 864 conclusit;
896 796 986 866 qui
1042 796 1087 851 si
1142 796 1236 849 Dei
1295 795 1542 848 timorem
1573 805 1786 860 semper

199 908 326 952 ante
353 894 544 950 oculos
588 892 934 952 habuissent,
981 902 1091 941 non
1145 886 1333 955 utique
1390 882 1782 953 deliquissent:

202 1002 375 1057 neque
401 986 548 1040 enim
574 983 740 1037 audet
769 994 959 1035 servus
988 991 1216 1048 peccare
1245 981 1509 1045 prtesente
1537 972 1783 1035 domino;

204 1091 377 1146 neque
405 1075 534 1144 quia
562 1073 694 1128 dicit
726 1087 741 1125 :
775 1068 969 1124 Omnes
990 1066 1403 1130 declinaverunt,
1437 1070 1603 1118 totam
1630 1060 1786 1131 peni-

206 1176 291 1222 tus
315 1167 533 1236 plebem
554 1160 847 1234 signiﬁcat,
880 1159 974 1214 sed
1001 1159 1142 1212 hanc
1165 1162 1376 1224 partem
1401 1152 1574 1223 plebis
1601 1152 1654 1205 in
1680 1166 1789 1220 qua

205 1275 391 1314 omnes
418 1256 545 1312 mali
573 1271 635 1311 se
661 1253 1016 1310 condiderant
1056 1267 1070 1304 :
1132 1259 1345 1317 semper
1371 1245 1514 1301 enim
1546 1244 1654 1298 duo
1694 1257 1791 1311 po-

207 1349 316 1422 puli
339 1354 464 1403 sunt
487 1347 544 1401 in
573 1360 680 1400 una
705 1343 879 1414 plebe.
912 1338 1316 1395 Scimus-autem
1360 1334 1607 1406 quoniam
1641 1348 1789 1402 qua?—

209 1454 407 1508 cttnque
428 1435 513 1490 lea:
528 1434 783 1506 loquitur,
818 1433 900 1486 Itis
922 1431 1012 1501 qui
1041 1430 1098 1483 in
1123 1427 1232 1498 lege
1255 1435 1400 1491 sunt,
1431 1424 1680 1494 loquitur.
1713 1421 1791 1476 Ne

210 1529 452 1583 dicerent
493 1523 666 1580 Judaei
712 1524 828 1577 haec
860 1522 916 1575 in
947 1518 1155 1591 psalmo
1183 1517 1251 1572 de
1278 1514 1527 1587 gentibus
1580 1521 1790 1566 tantum

213 1621 375 1683 dicta,
407 1616 645 1673 ostendit
670 1628 790 1683 qua:
811 1612 867 1667 in
894 1611 1011 1681 lege
1030 1609 1171 1664 dicta
1199 1614 1344 1671 sunt,
1364 1605 1451 1659 his
1479 1603 1573 1673 qui
1600 1603 1653 1657 in
1679 1601 1793 1671 lege

212 1717 356 1774 sunt,
404 1708 532 1763 dici.
572 1704 846 1772 Qumritur
870 1715 1001 1756 sane
1025 1695 1296 1767 quomodo
1338 1691 1507 1748 Judaei
1556 1690 1795 1746 dixerint

216 1818 319 1855 non
342 1813 463 1855 esse
495 1800 688 1861 Deum,
716 1807 779 1849 ut
809 1795 863 1849 in
901 1792 1076 1846 fronte
1106 1790 1273 1859 ipsius
1300 1786 1493 1858 psalmi
1539 1776 1739 1855 legitur
1771 1801 1784 1836 :
1816 1780 1862 1838 B

220 1890 362 1944 Dixit
383 1889 638 1957 insipiens
658 1887 715 1939 in
742 1874 898 1937 corde
924 1898 1039 1946 suo,
1071 1879 1194 1934 Non
1213 1887 1290 1933 est
1332 1877 1468 1930 Deus
1494 1872 1609 1947 (Ps.
1642 1871 1785 1943 xm),

217 1997 326 2036 non
353 1981 539 2049 utique
560 1978 750 2040 verbo,
778 1976 870 2030 sed
901 1986 1060 2042 Opere
1084 1985 1099 2024 :
1130 1985 1256 2025 nam
1282 1983 1440 2037 quem
1469 1963 1793 2021 conﬁtentur

213 2086 272 2126 se
292 2084 473 2133 nosse,
497 2067 657 2122 factis
686 2073 865 2119 autem
896 2068 1112 2131 negant.
1147 2057 1277 2112 Illud
1305 2065 1485 2111 autem
1505 2054 1788 2109 attenden-r

214 2163 337 2217 dum
380 2160 506 2229 quia
532 2157 724 2229 psalmi
765 2156 875 2208 sint
921 2150 1349 2221 supplementum
1378 2146 1514 2216 legis
1548 2165 1561 2199 :
1590 2144 1792 2199 idcirco

215 2253 538 2323 psalmorum
558 2245 904 2310 testimoniis,
931 2242 1087 2313 quasi
1144 2239 1467 2295 auctoritate
1519 2236 1701 2308 legali,
1724 2236 1793 2290 ad

217 2358 306 2397 eos
330 2338 689 2396 confutandos
720 2335 909 2390 utitur.
943 2332 1011 2388 Ut
1036 2348 1187 2387 omne
1215 2346 1273 2385 os
1302 2328 1625 2383 obstruetur.
1668 2324 1788 2379 Non

221 2431 386 2486 solum
416 2428 675 2500 gentium,
708 2424 805 2480 sed
849 2432 907 2478 et
930 2421 1261 2483 Judtcorum,
1294 2419 1422 2473 dum
1461 2432 1568 2473 non
1592 2416 1795 2470 habent

221 2523 355 2576 unde
381 2535 438 2575 se
461 2520 782 2591 glorientur.
812 2515 882 2568 Et
928 2513 1167 2568 subditus
1213 2511 1307 2581 ﬁat
1354 2510 1526 2564 omnis
1566 2506 1794 2563 mundus

222 2612 345 2667 Deo.
378 2611 518 2665 Dum
568 2622 763 2663 omnes
803 2605 1048 2675 indigent
1095 2601 1469 2656 misericordia
1525 2598 1640 2663 Dei,
1686 2604 1795 2651 tam

221 2704 409 2767 Judmi,
433 2716 597 2772 quam
628 2698 824 2754 Graeci.
849 2697 956 2751 Aut
983 2696 1230 2751 subditus
1259 2693 1332 2749 sit
1360 2693 1537 2747 omnis
1564 2690 1796 2745 mundus

222 2794 344 2857 Deo,
372 2791 562 2847 humili
594 2790 807 2845 scilicet
847 2786 1189 2844 confessione
1246 2793 1617 2855 peccatorum.
1656 2779 1795 2846 Quia

224 2902 321 2939 non
336 2881 727 2953 justiﬁcabitur
748 2895 814 2933 ex
841 2877 1081 2949 operibus
1110 2876 1236 2946 legis
1267 2873 1433 2928 omnis
1473 2888 1597 2926 caro
1618 2882 1796 2923 coram

223 2978 352 3046 ipso.
372 2974 552 3044 Opera
565 2970 874 3042 legis,dicit
900 2966 1388 3030 circumcisionem,
1410 2972 1468 3017 et
1491 2963 1795 3023 sabbatum,

223 3076 276 3121 et
299 3074 522 3121 mteras
546 3061 921 3124 czeremonias,
950 3074 1071 3132 quae
1095 3073 1199 3112 non
1232 3065 1342 3111 tam
1395 3054 1465 3108 ad
1504 3051 1796 3123 justitiam,

1882 523 2243 594 approbamus
2271 530 2492 591 peccata
2520 536 2536 575 :
2565 519 2620 573 in
2653 519 2769 589 lege
2790 533 3092 589 pugnamus
3108 517 3342 588 publice,
3360 518 3456 573 sed

1882 612 2176 678 vincimur;
2210 611 2263 665 in
2293 610 2465 680 gratia
2493 624 2793 680 pugnamus
2817 617 2871 663 et
2916 609 3212 676 vincimus;
3242 610 3295 663 in
3326 624 3460 680 pace

1883 703 2025 758 nulla
2053 718 2229 773 pugna
2271 703 2395 756 erit.
2443 699 2643 770 Joseph
2679 700 2731 754 in
2784 715 3062 756 carcerem
3103 701 3304 757 missus
3351 710 3456 767 εει,

1884 793 2010 848 licet
2050 808 2147 863 per
2199 791 2548 856 calumniam,
2595 798 2652 844 et
2697 790 2981 865 pincerna,
3020 798 3075 846 ct
3102 800 3290 860 pastor
3318 790 3461 847 Plia-

1885 884 2069 939 raonis
2093 898 2255 937 causa
2282 880 2489 952 peccati
2512 880 2564 934 in
2596 895 2818 936 carcere
2865 881 2998 935 trusi
3026 890 3171 947 sunt,
3193 884 3462 951 quomodo

1885 993 2015 1047 ergo
2042 977 2280 1032 latebant
2303 974 2556 1044 peccata?
2584 973 2801 1043 Triplex
2823 974 3039 1043 quidem
3061 982 3144 1029 est
3173 974 3280 1039 lex,
3307 974 3380 1029 ita
3405 985 3466 1029 nt

1886 1069 2059 1137 prima
2109 1082 2237 1136 pars
2266 1064 2331 1118 de
2372 1073 2713 1119 sacramento
2761 1062 3061 1119 divinitatis
3102 1064 3198 1119 Dei
3247 1065 3346 1131 sit;
3377 1080 3465 1121 se-

1886 1156 2061 1211 cunda
2094 1163 2273 1209 autem
2302 1168 2425 1223 qua:
2452 1153 2701 1224 congruit
2723 1152 2824 1224 legi
2868 1153 3122 1219 naturali,
3154 1169 3275 1224 quae
3300 1155 3466 1209 inter-

1888 1247 2047 1302 dicit:
2076 1246 2236 1301 tertia
2258 1259 2388 1300 vero
2416 1244 2503 1299 lex
2531 1245 2818 1311 factorum,
2850 1245 2903 1300 id
2928 1257 3033 1312 est,
3061 1246 3312 1312 sabbata,
3337 1260 3466 1300 neo-

1889 1337 2102 1403 meniae,
2127 1337 2491 1401 circumcisio,
2516 1347 2623 1392 etc.
2648 1336 2773 1392 Haec
2794 1346 2880 1393 est
2903 1353 3033 1409 ergo
3062 1338 3146 1394 lex
3174 1338 3462 1402 naturalis,

1888 1446 2008 1499 qua:
2029 1446 2129 1500 per
2149 1430 2366 1500 Moysen
2386 1430 2584 1499 partim
2605 1430 2858 1485 roborata
2879 1439 2982 1496 est,
3002 1431 3201 1500 partim
3230 1430 3467 1486 auctori-

1891 1526 2058 1574 tatem
2087 1520 2296 1589 accepit
2325 1520 2379 1574 in
2407 1520 2554 1584 vitiis
2580 1520 2897 1575 cohibendis
2923 1538 2936 1574 :
2970 1521 3153 1590 itaque
3180 1521 3269 1578 lex
3296 1521 3466 1592 Moysi

1891 1623 2171 1686 peccatum
2198 1614 2414 1684 quidem
2446 1614 2720 1684 cognitum
2742 1613 2892 1678 fecit,
2933 1630 3039 1669 non
3066 1614 3210 1684 quod
3247 1614 3466 1675 lateret,

1894 1706 2034 1760 sicut
2060 1704 2192 1770 dixi,
2225 1704 2321 1759 sed
2347 1704 2585 1758 ostendit
2621 1711 2844 1772 peccata
2893 1719 3013 1773 qua:
3038 1704 3193 1770 ﬁunt,
3220 1721 3326 1762 non
3357 1707 3462 1762 int-

1891 1810 2033 1866 pune
2053 1794 2233 1849 futura
2253 1795 2395 1865 apud
2420 1794 2611 1859 Deum,
2638 1796 2739 1849 hoc
2755 1810 2884 1866 ergo
2898 1795 3147 1865 est'quod
3172 1796 3259 1852 lex
3279 1806 3468 1853 osten-

1891 1886 1988 1940 dit.
2021 1884 2283 1957 Origenes
2308 1885 2382 1939 ait
2411 1885 2479 1940 de
2506 1884 2622 1955 lege
2648 1902 2661 1939 :
2688 1884 2841 1940 Sicut
2867 1885 2981 1955 ipse
3021 1884 3232 1954 jnstitia
3257 1894 3354 1943 εει.
3399 1902 3469 1943 ex

1891 1992 1997 2047 quo
2019 1991 2207 2032 omnes
2225 1976 2356 2045 justi
2383 1975 2538 2042 ﬁunt,
2554 1984 2609 2031 et
2635 1976 2858 2042 veritas,
2883 1987 2939 2031 et
2971 1978 3103 2043 vita,
3129 1991 3196 2032 ex
3220 1993 3327 2048 qua
3351 1992 3472 2033 om-

1892 2084 1988 2123 nes
2015 2069 2229 2133 vivunt;
2262 2068 2337 2121 ita
2367 2076 2423 2122 et
2443 2067 2558 2137 ipse
2586 2066 2672 2121 lex
2695 2075 2797 2133 est,
2825 2082 2892 2121 ex
2916 2081 3022 2136 qua
3051 2082 3242 2123 omnes
3268 2067 3323 2122 in
3354 2067 3472 2138 lege

1891 2170 2019 2217 sunt
2056 2180 2069 2216 :
2098 2161 2281 2217 veniet
2306 2175 2436 2231 ergo
2462 2160 2528 2214 ad
2550 2156 2833 2228 judicium.
2867 2176 2974 2215 non
3004 2166 3262 2230 tanquam
3289 2160 3384 2230 qui
3413 2160 3471 2215 in

1893 2253 2009 2325 lege
2028 2253 2121 2319 sit,
2152 2252 2245 2308 sed
2275 2261 2533 2321 tanquam
2558 2251 2650 2321 qui
2676 2251 2760 2306 lex
2789 2250 2879 2306 sit.
2898 2249 3255 2317 Quaerendum
3285 2258 3467 2307 utrum

1888 2343 2022 2412 justi
2063 2344 2163 2399 sub
2208 2343 2323 2415 lege
2352 2344 2494 2410 sint;
2522 2343 2589 2399 ad
2619 2344 2761 2414 quod
2807 2345 3238 2415 respondendum
3275 2343 3474 2400 :Sicut

1889 2434 2025 2505 justi
2054 2434 2165 2489 Deo
2193 2434 2393 2489 subditi
2419 2442 2560 2498 sunt,
2608 2435 2856 2505 sientque
2905 2435 3048 2490 Deus
3098 2434 3184 2490 lex
3224 2443 3338 2500 est,
3395 2434 3472 2489 ita

1896 2539 2113 2595 quoque
2133 2525 2307 2592 sancti
2334 2524 2436 2595 legi
2453 2533 2579 2579 sunt
2601 2525 2825 2596 subjecti
2845 2544 2857 2579 :
2875 2526 3058 2580 cmteri
3079 2540 3206 2580 vero
3226 2524 3474 2581 Mosaicae

1897 2616 2001 2688 legi
2025 2630 2132 2670 non
2160 2615 2485 2681 subduntur,
2533 2632 2659 2670 nam
2690 2625 2746 2671 et
2767 2615 3057 2686 Apostolus
3092 2617 3168 2670 ait
3201 2634 3214 2670 :
3248 2615 3372 2670 Non
3395 2624 3474 2669 est

1890 2709 2042 2780 justo
2074 2707 2160 2762 lea:
2180 2709 2371 2778 posita.
2411 2707 2567 2761 Nunc
2608 2717 2782 2761 autem
2811 2710 2924 2763 sine
2968 2708 3078 2779 lege
3112 2708 3328 2778 justitia
3372 2708 3475 2762 Dei

1899 2799 2184 2869 manifesta
2213 2808 2308 2853 est.
2326 2795 2544 2853 Iustitia
2574 2796 2667 2852 Dei
2693 2805 2780 2851 est
2803 2796 3157 2853 sanctiﬁcatio
3179 2790 3276 2865 per
3289 2796 3473 2863 ﬁdem,

1874 2894 1959 2943 et
1981 2887 2231 2943 remissio
2256 2892 2622 2956 peccatorum.
2664 2883 2790 2940 Sine
2816 2884 2944 2957 lege.
2997 2884 3217 2941 Sabbati
3245 2885 3472 2952 scilicet,

1899 2986 1955 3035 ct
2000 2976 2448 3043 circumcisionis,
2498 2985 2554 3031 et
2600 2976 2920 3041 neomeniaz,
2960 2982 3014 3031 et
3040 2976 3289 3033 vindicta:
3321 2995 3334 3032 :
3365 2992 3474 3033 non

1904 3078 2085 3125 tamen
2115 3068 2233 3124 sine
2252 3074 2589 3123 sacramento
2609 3067 2908 3141 divinitatis
2932 3066 3047 3132 Dei,
3104 3068 3304 3137 quippe
3348 3083 3472 3123 cum

220 3171 380 3226 quam
408 3154 477 3209 ad
502 3154 688 3209 carnis
705 3121 947 3206 hetitiam
967 3121 1312 3219 pertinebant
1335 3163 1348 3197 :
1377 3121 1615 3214 quia—per
1629 3140 1791 3196 ﬁdem

1898 3156 2102 3226 iustitia
2133 3157 2227 3212 Dei
2262 3157 2328 3212 de
2354 3136 2695 3212 sacramento
2718 3156 2816 3221 Dei
2839 3156 2932 3213 sit.
2972 3121 3258 3226 Testijicriti
3283 3175 3376 3228 per
3399 3158 3476 3214 le-

223 3249 463 3304 decrevit
513 3246 658 3302 Deus
691 3245 993 3316 justitlcare
1029 3241 1293 3304 homines,
1320 3254 1427 3294 non
1450 3252 1548 3308 per
1574 3236 1745 3307 legem
1776 3254 1790 3290 :

222 3341 269 3395 si
293 3340 388 3410 qui
415 3339 561 3394 enim
592 3336 851 3391 in'veteri
899 3334 1017 3405 lege
1053 3332 1187 3401 justi
1230 3340 1405 3397 erant,
1436 3346 1544 3385 non
1571 3329 1675 3385 nisi
1699 3344 1797 3399 per

223 3430 452 3500 gratiam
499 3426 781 3496 jnstiﬁcati
831 3432 976 3480 sunt.
1028 3423 1252 3478 Omnem
1302 3436 1543 3486 carnem,
1583 3434 1797 3475 omnem

226 3519 501 3575 hominem
546 3518 707 3581 dixit,
756 3525 817 3571 ut
842 3523 928 3570 est
968 3514 1098 3569 illud
1128 3531 1144 3568 :
1171 3514 1240 3567 Et
1269 3512 1456 3568 ridebit
1482 3513 1650 3567 omnis
1675 3528 1798 3566 caro

228 3608 461 3663 salutare
479 3607 577 3662 Dei
607 3606 760 3677 (Luc.
792 3604 899 3678 ιιι).
927 3605 1035 3661 Sed
1061 3613 1117 3660 et
1143 3606 1246 3660 hoc
1294 3603 1434 3674 quod
1463 3604 1690 3668 addidit,
1717 3618 1801 3658 co-

231 3715 341 3752 ram
382 3699 522 3769 ipso,
564 3712 673 3752 non
725 3697 901 3751 otiose
940 3693 1330 3766 accipiendum,
1374 3694 1499 3763 quia
1546 3692 1691 3748 aliud
1717 3700 1803 3747 est

228 3789 512 3860 jnstiﬁcari
543 3804 729 3845 coram
755 3788 891 3853 Deo,
913 3787 1058 3842 aliud
1097 3801 1281 3842 coram
1319 3785 1648 3849 hominibus,
1698 3784 1803 3839 hoc

234 3887 335 3944 est,
361 3878 431 3932 ad
458 3878 914 3947 comparationem
942 3876 1170 3931 aliorum
1196 3875 1494 3937 hominum,
1512 3880 1689 3943 potest
1709 3872 1803 3942 qui

232 3965 578 4021 emetldatius
599 3966 808 4029 vixerit,
829 3964 1011 4034 justus
1024 3964 1226 4028 videri;
1252 3962 1319 4017 ad
1344 3960 1805 4031 comparationem

237 4065 414 4111 autem
445 4054 564 4119 Dei,
599 4069 702 4109 non
730 4054 901 4109 solum
929 4055 1092 4109 homo
1132 4068 1239 4109 non
1276 4051 1683 4124 justiﬁcabitnr,
1712 4048 1806 4105 sed

234 4152 372 4205 sicut
388 4148 496 4204 Job
521 4148 651 4204 dicit
680 4145 891 4202 :Stella:
916 4154 1091 4200 autem
1112 4161 1216 4199 non
1240 4153 1361 4199 sunt
1389 4141 1603 4198 munda:
1628 4157 1806 4195 coram

234 4241 347 4310 ipso
377 4236 525 4311 (Job.
557 4238 704 4308 xxv),
759 4251 882 4307 quae
930 4235 1118 4304 utique
1158 4249 1342 4289 coram
1386 4232 1544 4288 nobis
1595 4229 1808 4285 munda:

234 4342 381 4399 sunt,
403 4333 511 4388 hoc
536 4340 640 4396 est,
668 4332 735 4386 ad
778 4329 1232 4399 mmparatibnem
1281 4325 1561 4381 hominum
1595 4323 1810 4378 mundae

234 4427 525 4481 habentur.
544 4420 649 4477 Per
660 4421 822 4493 legent
836 4423 976 4477 enim
994 4420 1223 4491 cognitio
1239 4417 1456 4488 peccati.
1479 4417 1596 4472 Non
1616 4415 1809 4471 remis-

234 4515 335 4579 sio,
360 4529 463 4570 nec
489 4513 688 4573 ablatio
712 4520 1075 4583 peccatorum,
1092 4509 1186 4566 sed
1214 4509 1469 4581 cognitio.
1502 4506 1630 4563 Ideo
1650 4507 1797 4561 enim

232 4623 329 4677 per
356 4605 528 4677 legem
554 4604 683 4675 quid
730 4604 805 4659 sit
851 4610 1132 4673 peccatum
1177 4599 1508 4671 agnoscitur,
1559 4596 1685 4665 quia
1744 4595 1801 4650 in

233 4697 555 4753 oblivionem
578 4696 716 4751 ierat
740 4695 826 4751 lex
851 4703 1055 4749 natura:
1079 4712 1093 4748 :
1123 4701 1249 4748 ante
1295 4700 1474 4747 autem
1503 4688 1695 4760 legem,
1729 4688 1808 4742 le—

236 4788 387 4842 viora
415 4801 645 4857 quaque
673 4802 780 4842 non
832 4786 1297 4856 cognoscebantur
1340 4796 1459 4838 esse
1485 4788 1728 4853 peccata,
1754 4779 1808 4835 id

236 4887 345 4945 est,
376 4877 642 4948 maliis
663 4891 771 4931 non
810 4876 1095 4942 nocebant,
1142 4882 1205 4931 ut
1249 4872 1701 4944 concupiscentia,
1754 4877 1809 4925 et

233 4968 494 5032 ebrietas,
533 4974 593 5021 et
639 4974 832 5021 caetera
872 4964 1198 5037 huiusmodi.
1254 4962 1493 5019 Sollicite
1525 4963 1659 5016 satis
1688 4961 1805 5015 haec

233 5061 459 5132 legenda
487 5065 631 5123 sunt,
660 5068 721 5113 ut
746 5072 923 5129 neque
968 5057 1055 5113 lex
1114 5056 1183 5113 ab
1212 5052 1471 5126 apostolis
1502 5051 1806 5121 improbata

233 5154 504 5217 videatur,
533 5167 704 5222 neque
732 5166 921 5207 eorum
950 5150 1181 5205 liberum
1228 5147 1515 5202 arbitrium
1542 5144 1616 5198 sit
1663 5142 1810 5197 abla-

232 5252 373 5297 tum.
402 5242 590 5311 Itaque
613 5251 846 5311 quatuor
869 5242 1002 5296 istos
1030 5238 1230 5311 gradus
1258 5236 1489 5293 hominis
1514 5235 1809 5304 distingua-

230 5346 397 5385 mus:
428 5339 558 5384 ante
586 5331 783 5401 legem,
812 5330 912 5385 sub
940 5329 1079 5400 lege,
1112 5329 1213 5383 sub
1264 5326 1459 5397 gratia,
1510 5324 1610 5378 sub
1655 5336 1805 5392 pace.

227 5425 377 5479 Ante
415 5424 606 5491 legem,
656 5423 902 5492 sequitur
930 5421 1422 5491 concupiscentiam
1464 5418 1678 5484 carnis;
1712 5416 1812 5472 sub

227 5515 375 5588 lege,
401 5517 637 5572 trahitur
662 5517 732 5571 ah
751 5531 846 5581 ea;
880 5517 984 5571 sub
1009 5517 1208 5587 gratia,
1238 5529 1338 5569 nec.
1372 5515 1648 5584 sequimur
1667 5526 1809 5577 eam,

228 5624 331 5665 nec
359 5609 629 5665 trahimur
656 5610 724 5665 ab
754 5624 850 5673 ea;
881 5609 934 5663 in
961 5622 1113 5679 pace,
1141 5607 1285 5663 nulla
1319 5614 1403 5663 est
1428 5606 1813 5677 concupiscen-

227 5701 304 5755 tia
340 5700 544 5756 carnis.
596 5699 742 5759 Ante
778 5712 908 5768 ergo
961 5697 1133 5768 legem
1186 5711 1294 5751 non
1329 5708 1647 5765 pugnamus,
1684 5693 1811 5764 quia

628 5790 909 5851 ΡΑτιιοι..
947 5787 1105 5851 CIII.

1896 3266 2010 3322 gem
2048 3258 2097 3303 et
2139 3249 2437 3320 prophetas.
2469 3247 2595 3304 Ideo
2624 3248 2728 3302 hoc
2781 3247 2989 3302 addidit
3028 3262 3096 3303 ne
3141 3247 3469 3320 indulgentia
3522 3290 3527 3293 τ

1898 3344 2241 3409 peccatorum
2266 3345 2460 3393 contra
2488 3336 2660 3407 legem
2688 3337 2957 3404 videatur,
2987 3338 3187 3409 quippe
3204 3353 3324 3408 qua:
3342 3339 3472 3394 olim

1901 3430 1957 3484 in
1984 3429 2101 3499 lege
2130 3430 2396 3500 promissa
2417 3428 2709 3485 est'futura
2757 3444 2878 3486 esse
2904 3445 3001 3501 per
3037 3432 3325 3486 adventum
3358 3431 3477 3487 Sal—

1899 3524 2122 3577 vatoris.
2148 3519 2271 3575 Ideo
2302 3529 2482 3575 autem
2503 3519 2713 3590 justitia
2737 3518 2832 3575 Dei
2858 3521 2999 3576 dicta
3041 3529 3148 3586 est,
3180 3535 3301 3591 qua:
3322 3522 3474 3575 vide-

1903 3618 1994 3664 tur
2017 3623 2139 3665 esse
2159 3608 2554 3674 misericordia,
2578 3608 2703 3678 quia
2729 3607 2796 3663 de
2814 3608 3168 3679 promissione
3180 3608 3342 3662 habet
3361 3608 3474 3662 ori-

1903 3700 2082 3770 ginem
2111 3717 2125 3752 :
2154 3705 2211 3753 et
2234 3697 2525 3767 promissio
2552 3697 2667 3762 Dei,
2692 3713 2815 3752 cum
2851 3697 3095 3752 redditur
3116 3696 3349 3767 jnstitia,
3374 3696 3471 3752 Dei

1903 3789 2123 3843 dicitur.
2155 3787 2376 3841 Iustitia
2395 3797 2571 3841 autem
2596 3786 2693 3839 Dei
2712 3803 2805 3856 per
2829 3786 2989 3855 ﬁdem
3017 3785 3148 3840 Jesu
3186 3784 3382 3842 Christi
3413 3789 3470 3843 in

1904 3894 2081 3933 omnes
2106 3888 2155 3933 et
2182 3895 2337 3949 super
2357 3893 2533 3931 omnes
2560 3877 2651 3949 qui
2678 3877 2893 3932 credunt
2936 3878 2991 3932 in
3026 3894 3166 3933 eum.
3197 3879 3254 3934 In
3281 3894 3473 3939 omnes

1903 3966 2118 4022 Judrcos
2143 3974 2200 4021 et
2226 3964 2465 4031 Graecos,
2495 3973 2755 4034 quantum
2804 3965 2872 4021 ad
2923 3966 3208 4022 interiores
3234 3968 3475 4038 ipsorum

1906 4057 2116 4111 animas
2159 4054 2415 4126 pertinet.
2471 4054 2540 4109 Et
2585 4070 2749 4125 super
2794 4070 3002 4123 omnes,
3051 4057 3155 4113 hoc
3183 4066 3287 4124 est,
3317 4074 3480 4130 super

1905 4159 2133 4215 corpora
2162 4144 2379 4200 lavacro
2403 4158 2560 4200 sacro
2598 4144 2956 4215 baptismatis.
2985 4145 3174 4211 Aliter,
3206 4148 3262 4202 in
3290 4163 3480 4204 omnes

1906 4235 2138 4301 Judaos,
2188 4242 2244 4290 et
2290 4249 2454 4304 super
2498 4248 2705 4300 omnes,
2753 4235 2808 4289 id
2832 4242 2935 4300 est,
2963 4244 3148 4305 gentes
3172 4245 3229 4291 et
3251 4237 3478 4307 gentiles

1907 4324 2153 4395 populos.
2199 4323 2601 4395 Requirendum
2647 4338 2778 4379 sane
2826 4339 2992 4394 quare
3031 4325 3084 4379 in
3114 4328 3481 4396 superioribus

1833 4459 1887 4519 Β
1911 4416 2108 4471 dixerit
2134 4414 2442 4486 Apostolus,
2473 4413 2580 4470 Per
2613 4414 2774 4486 legem
2799 4417 2937 4471 enim
2984 4417 3340 4487 manifestatio
3364 4437 3482 4490 pec-

1912 4509 2041 4574 cati,
2076 4524 2212 4561 nunc
2246 4508 2359 4562 sine
2388 4506 2495 4578 lege
2506 4508 2719 4577 justitia
2756 4508 2855 4562 Dei
2892 4510 3097 4579 cognita
3116 4518 3211 4564 est.
3234 4509 3318 4565 Ad
3339 4513 3482 4581 quod

1910 4596 2219 4661 dicendum,
2235 4597 2362 4667 quia
2387 4612 2538 4653 omne
2555 4596 2695 4667 quod
2720 4596 3088 4665 manifestatur
3113 4596 3207 4652 lata:
3226 4607 3322 4654 est.
3350 4596 3483 4656 Pec-

1911 4697 2115 4755 catum,
2164 4689 2291 4759 quia
2339 4688 2432 4744 lux
2478 4703 2586 4745 non
2613 4698 2719 4753 est,
2776 4703 2885 4743 non
2936 4687 3333 4754 manifestatur,
3388 4691 3484 4747 sed

1914 4782 2270 4852 agnoscitur:
2302 4781 2507 4836 idcirco
2553 4787 2609 4835 et
2653 4780 2706 4835 in
2737 4778 3105 4851 superioribus
3155 4780 3483 4850 agnitionem

1913 4872 2121 4943 peccati
2143 4872 2321 4942 aptius
2345 4871 2566 4927 dixerit.
2589 4868 2781 4925 Omnes
2809 4871 2947 4924 enim
2964 4877 3321 4940 peccaverunt.
3346 4866 3485 4940 Sup-

1910 4960 1999 5030 ple
2027 4958 2365 5031 originaliter
2395 4958 2448 5013 in
2477 4957 2669 5024 Adam,
2695 4965 2750 5013 et
2771 4958 3003 5029 propriae
3030 4955 3320 5012 voluntatis
3345 4971 3486 5028 prte-

1912 5050 2234 5106 varicantia.
2277 5047 2349 5103 Et
2389 5056 2535 5120 egent
2587 5047 2757 5119 gloria
2792 5045 2912 5101 Dei.
2948 5045 3005 5101 Id
3029 5052 3131 5110 est,
3157 5046 3333 5114 gratia
3362 5046 3483 5113 Dei,

1913 5150 2007 5219 qui
2062 5165 2170 5204 non
2218 5148 2418 5203 habent
2450 5160 2605 5201 suam
2648 5144 2900 5215 gloriam,
2945 5144 3072 5213 quia
3114 5145 3287 5202 creati
3334 5155 3480 5204 sunt.

1913 5236 2203 5309 Justiftcati
2223 5238 2407 5308 gratis.
2432 5236 2546 5291 Hoc
2566 5244 2671 5298 est,
2703 5235 2818 5289 sine
2838 5233 2960 5288 ullis
3006 5235 3261 5304 operibus
3285 5249 3487 5307 praece-

1914 5328 2192 5393 dentibus,
2220 5343 2317 5397 per
2331 5326 2656 5395 baptismum
2679 5319 2848 5393 gratis
2867 5332 3093 5393 peccata
3120 5324 3358 5380 donavit.
3378 5322 3486 5382 Per

1915 5406 2334 5490 redemptionem.
2349 5415 2463 5482 Qua
2478 5429 2576 5470 nos
2587 5412 2920 5469 redemitsno
2934 5413 3193 5484 sanguine
3206 5414 3274 5469 de
3287 5421 3482 5481 morte,

1913 5508 2005 5579 qui
2051 5523 2148 5577 per
2187 5513 2468 5576 peccatum
2516 5504 2715 5559 venditi
2765 5502 3070 5569 fueramus,
3126 5503 3252 5559 licet
3299 5518 3487 5562 sumus

1913 5599 2113 5654 nostris
2135 5595 2352 5653 alienati
2380 5595 2448 5650 ah
2472 5609 2539 5650 eo
2557 5594 2784 5650 delictis.
2808 5593 3057 5649 Christus
3077 5603 3257 5651 autem
3281 5608 3379 5651 nos
3403 5607 3489 5650 re-

1914 5690 2101 5756 demit,
2118 5687 2350 5745 ot'ferens
2364 5701 2422 5743 se
2441 5701 2539 5756 pro
2554 5685 2707 5742 nobis
2724 5702 2738 5738 :
2755 5683 3001 5754 permisit
3019 5684 3162 5740 enim
3179 5698 3239 5742 se
3254 5681 3486 5758 [morti],
