3974 6202
438 321 506 386 t3
1812 317 2085 379 SEDULII
2124 316 2321 393 SCOIl
3619 318 3699 375 ll

441 436 715 506 nesciente
746 430 989 510 diabolo;
1016 440 1107 497 sed
1134 439 1260 509 quia
1282 440 1536 493 virtutem
1559 436 1674 505 ejus
1703 432 2007 508 [superare]
2035 434 2084 492 Α
2109 428 2288 491 Iesus,
2348 443 2452 496 quo
2503 427 2709 503 scilicet
2759 426 3113 481 mediatorcm
3166 442 3276 482 non
3328 429 3395 483 ad
3434 429 3701 489 deitatem

442 554 547 594 non
561 537 759 608 potuit,
782 547 972 590 omnes
984 544 1118 600 quos
1142 529 1379 591 tenebat,
1395 525 1552 581 simul
1568 539 1690 581 cum
1707 539 1772 580 eo
1786 524 2008 581 dimisit.

442 628 608 695 Quem
653 624 941 697 proposuit.
970 621 1027 675 id
1052 628 1154 685 est,
1185 619 1452 688 disposuit
1475 619 1617 673 Deus
1640 616 1932 688 propitium
1955 629 2016 670 se

440 722 680 776 futurum
705 732 824 772 esse
848 716 1084 769 humano
1110 712 1316 785 generi,
1350 714 1396 767 si
1428 712 1652 766 credant
1674 710 1729 766 in
1756 709 2016 779 sanguine

439 810 557 877 ejus
585 824 644 864 se
672 821 792 862 esse
819 804 1146 860 liberandos.
1176 801 1258 855 Ad
1277 802 1623 879 qstensionem
1636 800 1861 870 justitia:
1879 814 2010 852 sum.

440 900 554 955 Hoc
578 906 680 963 est,
712 906 772 952 ut
792 896 1117 968 promissum
1144 909 1298 948 suum
1323 892 1497 963 palam
1527 891 1749 953 faceret,
1781 904 1889 958 quo
1916 904 2017 944 nos

438 1006 468 1043 a
499 989 735 1060 peccatis
753 987 1032 1052 liberaret,
1055 984 1193 1040 sicut
1218 993 1344 1041 ante
1363 982 1687 1053 promiserat
1702 998 1719 1046 ;
1734 981 1875 1050 quod
1891 995 2013 1036 cum

439 1081 701 1150 implevit,
727 1076 934 1146 justum
962 1091 1021 1131 se
1044 1073 1301 1130 ostendit.

509 1169 844 1243 Propositum
864 1166 1259 1238 propitiatorem
1281 1162 1468 1218 Deum.
1496 1158 1787 1230 Propterea
1820 1173 2016 1229 passus

438 1267 525 1316 est
549 1258 815 1322 Christus,
841 1263 903 1310 ut
924 1254 1260 1324 propositum
1289 1251 1381 1307 Dei
1400 1251 1635 1315 sedaret,
1660 1265 1768 1318 quo
1794 1248 2013 1304 tandem

437 1352 630 1422 punire
678 1350 995 1405 decreverat
1018 1353 1379 1416 .peccatores.
1421 1344 1597 1398 Aliter
1645 1343 1823 1397 sciens
1872 1340 2016 1395 Deus

439 1440 774 1511 propositum
795 1436 1088 1492 voluntatis
1111 1450 1241 1500 sure,
1266 1448 1374 1503 quo
1398 1432 1613 1488 censuit
1641 1430 2017 1501 peccatoribus

439 1529 746 1592 subvenire,
781 1534 890 1589 tam
914 1527 998 1580 his
1024 1525 1116 1594 qui
1150 1530 1277 1578 sunt
1301 1520 1437 1590 apud
1468 1534 1714 1590 superos,
1737 1533 1899 1587 quam
1930 1517 2016 1572 bis

438 1622 529 1692 qui
553 1619 765 1674 inferno
783 1616 1181 1678 detinebantur,
1206 1620 1467 1683 utrosque
1495 1610 1799 1666 diutissime
1823 1624 2017 1679 exspe-

438 1713 625 1779 ctavit,
653 1724 922 1767 evacuans
949 1705 1273 1763 sententiam
1305 1719 1409 1773 qua
1425 1702 1633 1772 justum
1663 1700 1877 1755 videtur
1898 1714 2010 1755 om-

2112 519 2337 585 Christi,
2373 517 2469 573 sed
2495 518 2887 572 humanitatem
2916 515 3260 572 referendum
3289 517 3524 574 doceret.
3553 519 3696 577 Leno

2112 610 2299 679 gitndo
2322 622 2455 679 ergo
2480 606 2597 675 ejus
2623 607 2843 677 ponitur
2871 616 2926 661 et
2953 605 3179 661 latitudo
3210 626 3222 661 :
3258 607 3535 680 longitudo
3562 611 3691 668 illud

2113 700 2403 772 signiﬁcat,
2429 700 2575 771 quod
2603 700 2775 755 tendit
2819 700 2886 753 ad
2932 698 3101 754 Deum
3132 699 3490 770 Trinitatique
3521 704 3691 759 socia-

2113 800 2229 858 tur;
2261 792 2514 857 latitudo,
2538 791 2678 860 quod
2711 791 2852 845 inter
2874 791 3141 857 homines,
3175 793 3268 861 qui
3293 792 3461 847 latam
3492 795 3693 863 spatio-

2113 899 2338 953 samque
2361 884 2504 938 viam
2534 884 2783 937 incedere
2825 883 3018 947 solent,
3050 892 3410 939 conversatur
3439 903 3451 937 :
3483 895 3538 940 et
3575 887 3693 942 ideo

2112 972 2426 1027 mediatoris
2455 984 2602 1027 recte
2637 974 2854 1028 nomine
2880 984 3240 1044 nuncupatur,
3294 978 3439 1044 quia,
3476 988 3534 1032 ut
3560 978 3692 1045 dixi,

2112 1064 2290 1118 anima
2320 1065 2435 1119 haec
2460 1072 2667 1127 sancta,
2698 1066 2873 1120 media
2904 1068 3150 1134 qumdam
3197 1067 3300 1121 fuit
3334 1069 3480 1123 inter
3501 1071 3697 1125 divini-

2114 1162 2281 1208 tatem
2311 1153 2595 1211 Trinitatis
2621 1164 2678 1210 et
2701 1154 3049 1227 fragilitatem
3079 1158 3433 1214 humanitatis
3467 1178 3478 1213 :
3504 1161 3697 1216 cheru-

2111 1247 2220 1301 bim
2235 1246 2513 1317 plenitudo
2531 1248 2903 1313 seientiarum,
2922 1249 3067 1304 sicut
3088 1250 3154 1305 de
3171 1249 3390 1306 Christo
3411 1252 3540 1307 dicit
3554 1252 3699 1322 Apo-

2114 1339 2311 1395 stolus:
2328 1339 2395 1394 In
2409 1356 2509 1411 quo
2530 1348 2651 1395 sunt
2671 1356 2847 1393 omnes
2861 1340 3095 1394 thesauri
3105 1342 3371 1411 sapientia'
3384 1353 3430 1395 et
3442 1343 3695 1397 scientia'.

2115 1431 2221 1486 Sed
2243 1441 2298 1486 et
2318 1431 2448 1485 illud
2468 1432 2698 1486 observa
2719 1433 2862 1500 quod
2885 1447 2993 1487 non
3022 1432 3178 1498 dixit,
3205 1431 3421 1488 Cherub
3447 1450 3611 1488 unum
3629 1449 3700 1489 ex

2114 1517 2283 1573 latere
2300 1520 2517 1585 dextro,
2540 1528 2597 1574 et
2622 1520 2838 1575 Cherub
2865 1521 3008 1576 aliud
3034 1537 3102 1577 ex
3125 1522 3294 1578 latere
3323 1523 3575 1591 sinistro;
3601 1525 3701 1579 sed

2117 1609 2216 1673 ait,
2232 1608 2449 1663 Cherub
2464 1625 2629 1663 unum
2654 1626 2718 1665 ex
2736 1610 2903 1667 latere
2914 1611 3036 1676 hoc,
3053 1611 3334 1667 ctCherub
3354 1613 3500 1668 aliud
3527 1628 3595 1668 ex
3620 1613 3705 1670 la-

2118 1706 2234 1753 tere
2248 1699 2440 1763 altero,
2458 1701 2834 1756 utostenderet
2849 1703 2899 1756 in
2916 1702 3006 1757 illo
3018 1703 3412 1773 propitiatorio,
3429 1705 3533 1759 hoc
3546 1714 3628 1759 est
3643 1705 3702 1760 in

440 1820 536 1861 nes
561 1802 830 1867 damnari,
853 1809 914 1855 ut
935 1799 1247 1855 ostenderet
1272 1796 1428 1851 nobis
1450 1793 1594 1863 quod
1610 1793 1741 1848 olim
1761 1793 1988 1848 decreve
2040 1784 2087 1843 Β
2116 1790 2298 1845 anima
2329 1791 2553 1857 Christi,
2575 1793 2858 1847 sinistrum
2890 1795 3025 1849 nihil
3052 1794 3219 1850 fuisse
3253 1814 3267 1850 :
3294 1795 3460 1852 facies
3485 1811 3705 1868 quoque

442 1905 528 1951 rat
554 1897 848 1950 humanum
873 1890 1285 1963 genusliberare
1306 1904 1404 1958 per
1418 1885 1712 1942 Christum.
1729 1885 1797 1939 In
1817 1894 2020 1940 susten—

441 1986 659 2040 tatione.
682 1982 765 2038 Ad
787 1983 890 2037 hoc
913 1988 1164 2052 spectans
1193 1986 1254 2033 ut
1288 1978 1500 2032 tandem
1522 1990 1622 2030 nos
1647 1975 1921 2030 liberaret.
1950 1973 2020 2028 In

439 2078 539 2132 hoc
559 2086 813 2147 tempore.
835 2073 1036 2131 Gratia:
1060 2072 1314 2128 videlicet
1338 2070 1472 2126 Novi
1508 2069 1855 2125 Testamenti.
1890 2068 2020 2124 Sus-

440 2168 667 2224 tentatio
692 2165 786 2221 Dei
828 2173 933 2230 est,
975 2164 1064 2218 ubi
1093 2172 1348 2234 peccator
1371 2177 1479 2216 non
1505 2161 1691 2215 statim
1718 2168 1779 2214 ut
1806 2166 2016 2228 peccat,

440 2258 537 2314 sed
561 2257 854 2313 secundum
890 2253 1032 2324 quod
1060 2254 1260 2309 ibidem
1287 2253 1425 2308 dixit
1467 2250 1778 2322 Apostolus,
1805 2264 1904 2319 per
1925 2265 2020 2318 pa-

437 2350 684 2405 tientiam
714 2348 810 2403 Dei
839 2347 1126 2402 adducitur
1158 2346 1224 2400 ad
1250 2343 1646 2415 paenitentiam.
1696 2340 1841 2396 Bene
1865 2340 2017 2395 vide-

437 2439 566 2495 licet
606 2438 775 2504 addit,
825 2437 882 2491 in
927 2436 1025 2491 hoc
1058 2444 1304 2506 tempore,
1351 2432 1636 2502 praesentis
1663 2431 1809 2486 enim
1837 2429 2018 2486 stcculi

436 2538 701 2600 tempore,
726 2528 781 2582 in
801 2526 1191 2582 sustentatione
1220 2524 1337 2591 Dei,
1362 2530 1446 2579 est
1461 2522 1671 2594 justitia
1694 2522 1823 2588 Dei;
1850 2520 2018 2592 futuri

437 2635 590 2686 vero,
620 2620 673 2675 in
703 2618 1082 2675 retributione.
1114 2615 1333 2673 Certum
1368 2623 1454 2670 est
1493 2616 1545 2668 in
1596 2613 1850 2669 omnibus
1881 2626 2019 2682 pene

436 2710 596 2775 locis,
621 2708 863 2781 Apostoli
889 2723 1111 2763 sensum
1151 2721 1222 2762 ex
1248 2704 1383 2777 legis
1406 2711 1463 2760 et
1491 2704 1876 2774 prophetarum
1905 2717 2019 2756 ma-

434 2816 571 2856 nare
598 2799 887 2856 thesauris.
912 2796 1261 2867 Inquiramus
1286 2809 1416 2866 ergo
1462 2793 1555 2848 ubi
1604 2791 2016 2863 appellationem

435 2889 798 2963 propitiatorii
824 2887 1110 2953 invenerit,
1126 2895 1182 2942 et
1206 2885 1348 2940 unde
1369 2885 1472 2940 hoc
1486 2898 1680 2939 nomen
1705 2896 2014 2952 assumpse-

434 2982 530 3036 rit.
597 2979 815 3035 Memini
873 2979 929 3033 in
977 2977 1161 3033 Exodo
1220 2974 1533 3046 loquentem
1597 2974 1885 3028 Dominum
1947 2973 2017 3028 ad

436 3071 673 3143 bloysen,
697 3078 753 3124 et
778 3070 1176 3139 praecipientem
1209 3082 1329 3138 quae
1350 3073 1627 3136 oporteret
1655 3081 1780 3120 eum
1811 3064 2010 3130 facere,

436 3163 615 3234 primo
640 3154 858 3232 quidem
882 3160 1139 3214 mandare
1167 3172 1374 3221 arcam,
1396 3165 1452 3212 et
1480 3164 1661 3213 vectes
1688 3157 1827 3227 ejus,
1852 3163 2013 3225 atque

436 3252 667 3308 annulus
694 3265 793 3321 per
836 3264 977 3304 arcae
1017 3248 1185 3303 latera
1218 3246 1356 3301 ﬁeri.
1387 3246 1519 3302 Post
1543 3248 1661 3302 haec
1686 3244 1898 3310 Facies,
1933 3245 2014 3299 in-

435 3343 577 3413 quit,
605 3339 1028 3412 propitiatorium
1056 3353 1122 3392 ea:
1148 3353 1281 3391 auro
1324 3352 1478 3407 puro,
1524 3336 1728 3391 duobus
1755 3336 1943 3391 cubitis
1967 3345 2014 3390 et

435 3433 593 3486 semis
630 3429 1005 3500 longitudinem
1036 3427 1174 3498 ejus,
1217 3435 1266 3481 et
1297 3443 1460 3482 unum
1502 3426 1736 3481 cubitum
1781 3437 1830 3481 et
1857 3427 2014 3481 semis

437 3523 768 3578 latitudinem
792 3520 928 3591 ejus,
957 3528 1007 3574 et
1036 3519 1198 3589 facies
1222 3517 1326 3572 duo
1356 3518 1607 3572 cherubin
1648 3534 1813 3571 aurea
1851 3518 2015 3572 inter-

437 3623 668 3679 tornata,
704 3622 753 3667 et
784 3626 1099 3683 superpones
1118 3625 1181 3664 ea
1203 3625 1296 3679 per
1315 3607 1526 3679 singula
1555 3606 1721 3662 latera
1758 3609 2014 3680 propitia-

435 3705 580 3771 torii,
601 3714 650 3759 et
671 3703 832 3775 facies
865 3710 922 3757 ut
941 3701 1049 3756 duo
1074 3699 1324 3755 cherubin
1352 3699 1457 3754 sint
1481 3714 1547 3754 ea:
1590 3698 1795 3754 duobus
1833 3698 2016 3753 lateri-

435 3798 534 3851 bus
560 3796 699 3866 ejus,
723 3792 1054 3850 ostendentia
1081 3790 1197 3846 alas
1218 3806 1365 3857 suas,
1392 3798 1442 3845 et
1474 3788 1838 3846 obumbrantia
1859 3807 2017 3862 super

434 3886 881 3958 propitiatorium,
925 3892 973 3937 et
1023 3881 1184 3953 facies
1228 3890 1411 3936 contra
1438 3898 1495 3936 se
1525 3897 1682 3951 super
1702 3881 2013 3951 propitiato-

439 3977 577 4031 rium
599 3992 618 4042 ,'
639 3984 687 4030 et
712 3975 945 4044 impones
973 3972 1395 4043 propitiatorium
1421 3988 1579 4041 super
1612 3987 1813 4035 arcam,
1859 3980 1909 4024 et
1959 3972 2015 4024 in

437 4083 618 4124 arcam
646 4068 816 4121 mittes
842 4064 1139 4118 testimonia
1158 4079 1275 4132 quia
1294 4061 1453 4126 dabo,
1475 4070 1524 4116 et
1544 4062 1863 4115 innotescam
1885 4062 2013 4127 tibi;

434 4158 560 4213 inde
606 4166 656 4211 et
679 4155 866 4225 loquar
890 4140 959 4206 ad
998 4162 1048 4206 te
1070 4151 1344 4205 desursum
1395 4166 1554 4220 super
1590 4149 2014 4220 propitiatoriunt

435 4247 574 4300 inter
597 4243 825 4299 medium
845 4243 1072 4295 duorum
1102 4237 1374 4304 cherubin,
1415 4254 1532 4309 qua:
1569 4246 1691 4293 sunt
1721 4254 1878 4308 super
1921 4254 2012 4292 ar-

437 4353 555 4392 cam
573 4334 886 4399 testamenti,
913 4330 1199 4387 secundum
1230 4331 1410 4384 omnia
1450 4346 1568 4401 quae
1594 4331 1896 4402 prtreipiam
1920 4331 2015 4386 tibi

438 4427 508 4482 ad
537 4420 678 4499 ﬁlios
697 4423 868 4480 Israel
894 4421 1091 4495 (Exod.
1127 4418 1275 4490 xxv).
1308 4419 1599 4475 Evidenter
1617 4428 1842 4490 apparet
1869 4421 2012 4490 quod

436 4493 635 4575 nomen
671 4493 1026 4588 propitiatorii
1049 4512 1340 4582 Apostolus
1366 4512 1420 4567 in
1446 4512 1532 4568 his
1555 4513 1690 4569 locis
1714 4515 2007 4578 inventum,
2038 4493 2090 4552 D

437 4614 492 4668 in
521 4612 634 4667 suis
656 4624 799 4665 nunc
821 4608 1014 4663 litteris
1030 4607 1230 4677 posuit.
1258 4607 1443 4662 Potest
1462 4614 1643 4661 autem
1681 4622 1808 4662 arca
1851 4615 2014 4663 testa-

436 4705 626 4770 menti,
655 4709 841 4758 saneta
885 4699 1002 4768 ejus
1044 4713 1194 4764 caro,
1230 4698 1285 4752 in
1308 4714 1415 4768 qua
1454 4698 1615 4753 beata
1668 4699 1784 4754 inec
1831 4699 2011 4754 anima

436 4796 754 4859 collocatur,
784 4790 1027 4862 intelligi,
1056 4790 1263 4844 habens
1316 4789 1369 4844 in
1423 4805 1482 4845 se
1532 4790 1843 4845 testimonia
1894 4789 2011 4856 Dei,

436 4886 557 4958 quae
583 4885 955 4956 intelliguntur
980 4880 1202 4937 Christi.
1239 4879 1344 4935 Sed
1371 4889 1426 4936 et
1455 4882 1601 4951 quod
1642 4881 1871 4936 latitudo
1898 4882 2014 4952 ejus

441 4995 605 5034 unum
635 4987 691 5034 et
714 4976 992 5033 dimidium
1014 4974 1254 5030 cubitum
1283 4973 1484 5028 habere
1510 4982 1860 5038 memoratur,
1890 4991 2017 5046 pro-

436 5066 598 5137 pheta
625 5065 841 5134 quidem
893 5060 1225 5118 admirandae
1272 5075 1338 5115 ac
1385 5059 1675 5131 singularis
1714 5063 2016 5119 vocationis

437 5157 779 5221 describitur,
806 5171 913 5210 non
944 5164 1124 5210 tamen
1150 5168 1221 5210 ex
1249 5161 1365 5209 toto
1387 5153 1442 5207 in
1466 5153 1679 5208 dualem
1702 5169 2011 5219 numerum,

438 5246 531 5317 qui
563 5244 834 5300 interdum
858 5245 1024 5299 etiam
1066 5258 1167 5314 pro
1195 5242 1487 5299 immundis
1512 5244 1749 5312 ponitur,
1777 5247 2015 5300 corruis-

344 5334 347 5339 ’
439 5352 499 5393 se
527 5355 541 5391 :
573 5334 823 5407 quamvis
851 5335 995 5388 enim
1011 5349 1227 5389 carnem
1251 5342 1459 5388 natura:
1486 5334 1806 5403 susciperet,
1830 5351 1899 5390 ex
1926 5336 2011 5390 in-

410 5464 415 5469 ο
439 5427 806 5487 contaminata
832 5431 1013 5478 tamen
1037 5424 1246 5494 virgine
1264 5424 1577 5494 assumpsit,
1596 5433 1650 5480 et
1666 5432 1819 5479 casta
1838 5428 2013 5481 sancti

402 5516 405 5519 “
441 5516 676 5586 Spiritus
699 5516 1056 5587 operatione:
1096 5521 1383 5583 propterea
1430 5528 1560 5584 ergo
1612 5515 1905 5585 Apostolus
1947 5517 2014 5572 de

441 5609 739 5665 mediatore
766 5599 1056 5669 disserens,
1081 5603 1362 5659 evidenter
1384 5604 1732 5662 distinctione
1758 5607 2011 5678 signavit.

443 5698 671 5755 dicens:
704 5696 968 5751 Mediator
1012 5693 1109 5750 Dei
1151 5702 1199 5751 et
1235 5694 1525 5762 hominum,
1574 5695 1729 5751 homo
1770 5694 2011 5752 Christus

2118 1889 2308 1937 contra
2346 1892 2403 1937 s'e
2440 1883 2693 1949 invicem,
2746 1900 2910 1954 super
2962 1887 3103 1940 hanc
3148 1886 3364 1942 beatam
3416 1889 3699 1944 animum:

2117 1970 2412 2026 Cherubim
2439 1988 2570 2028 vero
2607 1973 2809 2027 habere
2832 1975 3049 2041 dicitur,
3076 1991 3175 2046 per
3199 1977 3344 2046 quod
3377 1992 3601 2033 consors
3623 1979 3702 2044 ei,

2118 2070 2174 2116 et
2199 2078 2496 2118 consonum
2519 2080 2548 2118 a
2572 2064 2708 2119 Filio
2738 2065 2829 2120 Dei
2854 2077 2909 2121 et
2940 2067 3145 2136 Spiritu
3176 2077 3366 2123 sancto
3402 2084 3592 2124 sensus
3622 2069 3706 2124 di-

2117 2154 2363 2209 vinitatis
2388 2153 2709 2209 infunditur.
2734 2154 2900 2221 Quem
2919 2159 3188 2227 praposuit
3208 2157 3370 2222 Deus,
3396 2168 3502 2213 etc.
3532 2157 3708 2230 Magis

2117 2247 2186 2302 de
2233 2248 2414 2302 anima
2447 2247 2575 2303 Jesu
2627 2265 2790 2319 quam
2841 2251 2907 2306 de
2960 2250 3170 2307 Deitate
3197 2253 3401 2308 dictum
3427 2255 3705 2311 sentitur:

2116 2341 2386 2410 proposuit
2413 2342 2557 2396 enim
2600 2342 2936 2413 intelligitur,
2965 2344 3120 2413 quasi
3165 2345 3318 2414 prius
3363 2347 3562 2415 posuit,
3598 2347 3709 2402 hoc

2117 2438 2222 2495 est,
2250 2430 2567 2500 priusquam
2592 2440 2738 2487 esset
2770 2450 2783 2485 :
2809 2434 2953 2502 quod
2980 2433 3125 2488 enim
3149 2442 3252 2500 est,
3281 2435 3529 2504 ponitur;
3556 2436 3709 2505 quod

2118 2521 2354 2574 nondum
2382 2529 2487 2587 est,
2536 2522 2894 2592 proponitur:
2927 2538 3033 2577 non
3068 2539 3200 2594 ergo
3244 2525 3496 2580 convenit
3543 2526 3610 2581 de
3640 2542 3711 2581 eo

2117 2612 2210 2681 qui
2239 2628 2454 2682 semper
2478 2622 2619 2678 erat,
2674 2613 2727 2667 id
2777 2622 2882 2679 est,
2932 2615 2997 2669 de
3050 2615 3229 2671 Verbo
3263 2616 3361 2672 Dei
3391 2617 3521 2685 dici,
3558 2604 3763 2688 quod-

2116 2704 2428 2773 propositus
2455 2712 2589 2768 erat,
2622 2704 2718 2760 sed
2744 2705 2810 2759 de
2845 2706 3026 2783 anima
3056 2705 3194 2775 ejus.

2188 2794 2291 2850 Ubi
2317 2805 2391 2850 est
2416 2812 2538 2866 ergo
2567 2795 2811 2867 gloriatio
2839 2799 2972 2852 tua?
2999 2798 3227 2854 Reddita
3262 2802 3491 2864 ratione,
3512 2800 3579 2855 ad
3603 2799 3706 2857 Ju-

2115 2889 2263 2943 dteos
2290 2887 2530 2959 loquitur
2576 2889 2669 2957 qui
2700 2898 2867 2960 agunt
2891 2891 2993 2946 sub
3038 2891 3175 2962 lege,
3208 2894 3351 2963 quod
3396 2893 3513 2948 sine
3538 2909 3713 2952 causa

2117 2979 2437 3050 gloriantur,
2467 2979 2811 3043 blandientes
2837 2982 2939 3037 sibi
2989 2982 3058 3037 de
3082 2983 3221 3052 lege,
3243 2994 3528 3054 propterea
3560 2987 3713 3057 quod

2114 3071 2226 3124 sint
2246 3086 2417 3141 genus
2446 3070 2702 3137 Abrahze,
2727 3075 2989 3143 autquod
3035 3085 3299 3144 prmcepta
3342 3076 3437 3130 Dei
3482 3092 3705 3150 recepe.

2116 3168 2241 3214 runt
2270 3175 2365 3231 per
2400 3161 2639 3233 Moysen.
2670 3161 2772 3218 Ubi
2796 3173 2873 3218 est
2905 3180 3027 3236 ergo
3052 3165 3297 3234 gloriatio
3340 3177 3457 3234 tua,
3505 3169 3559 3225 in
3587 3188 3709 3242 qua

2114 3251 2436 3321 gloriabaris
2466 3261 2517 3308 te
2544 3254 2803 3323 operibus
2817 3254 3082 3310 meruisse
3095 3253 3397 3323 justitiam?
3416 3273 3513 3328 per
3533 3276 3712 3330 quam

2115 3343 2315 3414 legem,
2360 3344 2641 3410 subaudis,
2696 3347 2797 3401 ἀπὸ
2826 3351 3013 3401 κοινοῦ.
3067 3344 3301 3401 Επιιιεα
3338 3355 3436 3402 est.
3469 3348 3715 3407 Exelusa

2113 3443 2201 3490 est
2220 3435 2474 3506 gloriatio
2503 3434 2748 3501 Judaica,
2777 3451 2883 3491 non
2908 3451 3008 3507 per
3026 3436 3199 3507 legem
3224 3449 3470 3507 cperum,
3490 3439 3584 3494 sed
3610 3457 3716 3511 per

2113 3527 2284 3598 legem
2316 3527 2460 3594 fidei,
2496 3544 2618 3598 qua:
2641 3537 2725 3583 est
2753 3529 2806 3583 in
2829 3528 3066 3585 Christo.
3102 3530 3201 3586 Ubi
3225 3539 3311 3586 est
3338 3548 3469 3601 ergo
3499 3533 3716 3604 gloria-

2116 3620 2191 3676 tio
2213 3620 2340 3675 tua?
2364 3627 2618 3690 tanquam
2642 3620 3029 3691 interrogantis
3051 3635 3302 3676 sermone
3323 3623 3534 3677 dixerat
3556 3623 3715 3695 Apo.

2114 3707 2302 3771 stolus,
2334 3716 2389 3763 et
2415 3709 2482 3763 ad
2513 3710 2628 3762 htee
2675 3708 2789 3778 ipse
2828 3711 3164 3777 respondet:
3200 3709 3434 3765 Ean-lusa
3484 3724 3582 3766 est.
3644 3716 3718 3771 Et

2114 3813 2330 3877 rursum
2357 3798 2510 3867 quasi
2541 3798 2656 3868 ipse
2680 3799 2992 3869 interroget,
3029 3800 3106 3854 ait
3139 3819 3152 3855 :
3185 3799 3293 3855 Per
3312 3818 3468 3872 quam
3496 3802 3672 3872 legem
3692 3807 3721 3860 2

2115 3888 2386 3960 Operam?
2413 3897 2468 3942 et
2489 3890 2777 3958 respondet
2804 3889 2904 3942 sibi
2932 3889 3033 3960 ipsi
3062 3907 3077 3944 :

2190 3978 2243 4031 Ν
2246 3995 2336 4043 on,
2363 3979 2453 4033 sed
2469 3995 2562 4049 per
2587 3978 2747 4050 legem
2773 3979 2917 4047 ﬁdei.
2961 3980 3018 4034 ln
3047 3983 3300 4051 praesenti
3322 3982 3442 4038 loco
3469 3984 3718 4042 duarum

2114 4067 2292 4137 legum
2326 4069 2457 4122 facit
2500 4070 2695 4123 iterum
2731 4071 3084 4135 mentionem,
3128 4080 3185 4126 et
3212 4074 3344 4127 dicit
3370 4074 3542 4143 legem
3571 4091 3720 4147 Ope-

2116 4172 2258 4221 rum,
2288 4166 2342 4211 et
2369 4157 2543 4228 legem
2571 4158 2714 4213 fidei.
2749 4158 3044 4215 Considera
3074 4163 3237 4216 etiam
3287 4163 3398 4233 ipse
3419 4164 3508 4233 qui
3540 4164 3717 4236 legis,

2115 4256 2297 4302 utrum
2330 4248 2398 4301 ad
2434 4248 2606 4318 legem
2653 4248 2845 4319 Moysi,
2893 4258 2951 4304 et
2985 4251 3158 4321 legem
3196 4254 3494 4308 naturalem
3522 4270 3718 4313 sermo

2116 4338 2206 4392 hic
2230 4339 2425 4392 debeat
2447 4337 2718 4403 inclinari,
2768 4339 2834 4394 ad
2866 4338 3040 4411 legem
3069 4339 3286 4404 lineam,
3327 4350 3384 4397 et
3427 4342 3495 4398 ad
3526 4342 3716 4413 legem

2118 4430 2343 4499 spiritus
2369 4447 2383 4482 :
2417 4428 2793 4499 gloriationem
2820 4445 2954 4486 vero
2996 4431 3160 4487 talem
3199 4432 3353 4496 dicit,
3383 4432 3559 4501 qualis
3582 4446 3718 4490 erat

2117 4519 2205 4573 illa
2232 4519 2512 4585 Pharisaei,
2544 4520 2811 4575 dicentis:
2857 4521 3016 4587 Deus,
3047 4523 3247 4592 gratias
3274 4522 3368 4576 tibi
3417 4539 3536 4592 ego,
3572 4528 3716 4595 quia

2116 4626 2221 4667 non
2242 4626 2358 4663 sum
2381 4610 2516 4664 sicut
2545 4611 2719 4664 cwteri
2743 4611 2999 4673 homines,
3016 4621 3271 4681 raptores,
3301 4612 3505 4681 injusti,
3545 4614 3718 4668 adul-

2117 4702 2239 4767 teri,
2262 4702 2397 4755 sicut
2419 4701 2726 4772 publicanus
2775 4702 2888 4756 iste.
2924 4700 3054 4757 Haec
3096 4702 3342 4758 fortassis
3371 4719 3499 4759 vere
3540 4704 3714 4773 dixit,
3766 4688 3773 4699 ’
3818 4699 3831 4713 ’

2119 4792 2216 4845 sed
2257 4793 2553 4848 secundum
2577 4792 2786 4847 Domini
2818 4794 3160 4856 sententiam,
3209 4794 3398 4848 morbo
3419 4792 3718 4861 jactantim

2119 4891 2428 4951 corruptus,
2455 4897 2560 4937 non
2582 4882 2861 4938 descendit
2890 4880 3220 4950 justiﬁeatus
3253 4899 3286 4939 e
3310 4883 3528 4954 templo.
3554 4884 3718 4944 Talis

2119 4985 2251 5041 ergo
2270 4971 2540 5040 gloriatio,
2564 4988 2685 5042 qua:
2704 4973 2954 5028 veniebat
2973 4989 3040 5029 ex
3061 4976 3316 5044 operibus
3344 4975 3496 5045 legis,
3518 4977 3720 5032 exclu-

2118 5062 2283 5126 ditur,
2313 5077 2432 5131 qum
2449 5078 2555 5117 non
2584 5064 2745 5119 habet
2773 5064 3135 5121 humilitatem
3177 5065 3355 5119 crucis
3386 5064 3607 5130 Christi,
3644 5067 3717 5122 in

2117 5169 2224 5223 qua
2266 5153 2548 5223 gloriatur,
2577 5154 2668 5223 qui
2691 5155 2822 5209 dicit
2848 5154 3025 5208 {Mihi
3062 5164 3233 5208 autem
3275 5153 3408 5207 absit
3455 5153 3715 5224 gloriari,

2118 5243 2219 5298 nisi
2263 5244 2319 5297 in
2361 5260 2513 5297 cruce
2543 5242 2756 5297 Domini
2786 5245 2953 5298 nostri
2987 5243 3117 5296 Jcsu
3158 5241 3374 5308 Christi,
3413 5260 3506 5314 per
3545 5261 3715 5315 quem

2117 5334 2246 5387 mihi
2287 5332 2517 5386 mundus
2546 5334 2829 5402 cruciﬁxus
2861 5343 2959 5397 est,
3004 5342 3052 5387 et
3090 5350 3181 5403 ego
3218 5334 3436 5388 mundo.
3462 5335 3714 5389 Arbitra-

2119 5440 2241 5477 ntur
2269 5424 2407 5478 enim
2447 5424 2740 5494 justiﬁcari
2781 5425 3043 5478 hominem
3081 5442 3174 5494 per
3208 5424 3387 5493 ﬁdem,
3429 5434 3536 5479 etc.
3569 5424 3718 5482 Sine

2117 5514 2318 5584 quibus
2343 5516 2597 5584 operibus
2617 5514 2750 5586 legis
2772 5514 3064 5584 Apostolus
3093 5516 3384 5585 justilicari
3428 5516 3716 5583 hominem

2118 5622 2215 5676 per
2239 5605 2399 5662 fidem
2428 5608 2629 5663 dixisse
2659 5607 2960 5663 credendus
3005 5607 3122 5662 est?
3164 5608 3374 5662 scilicet
3413 5605 3719 5660 circumci-

2117 5699 2308 5762 sionis,
2357 5709 2411 5756 et
2464 5699 2697 5766 sabbati,
2750 5708 2805 5755 et
2855 5710 3175 5756 eaetcrorum
3208 5697 3535 5773 hujusmodi,
3587 5711 3714 5753 non
