3974 6202
262 321 326 374 bii
1344 310 1671 366 COLLECT.
1714 309 1778 364 IN
1820 309 1854 363 E

1954 307 2037 361 ΒΤ.
2079 306 2170 360 AD
2210 304 2371 360 ROM.
3440 306 3507 359 46

263 439 451 503 absque
467 430 692 501 justiti;e
738 426 1014 497 operibus,
1056 424 1121 480 de
1162 426 1356 493 quibus
1388 425 1578 478 beatus
1600 423 1830 478 Iacobus
1860 422 1906 481 Α
1933 419 2132 475 dicitur
2159 419 2331 483 nasci,
2354 427 2536 472 etnon
2566 433 2630 473 ex
2661 419 2902 473 muliere.
2934 417 3120 488 Legem
3145 434 3265 487 ergo
3284 417 3507 471 destrui-

265 526 390 581 disit
417 540 430 573 :
456 520 616 573 Fides
641 518 755 572 sine
780 516 1023 588 operibus
1049 524 1257 568 mortua
1287 523 1362 579 est
1386 527 1402 563 :
1429 512 1525 567 Hic
1560 522 1737 573 autem
1771 513 1835 566 de

266 614 347 669 illo
378 610 529 674 dicit,
551 607 680 677 quia
720 606 791 660 ad
817 604 1093 661 Christum
1130 603 1371 666 veniens,
1415 602 1546 665 sola,
1575 618 1698 658 cum
1718 617 1837 656 cre-

266 705 357 767 dit,
389 701 491 755 ﬁde
519 697 782 752 salvatur.
814 693 1074 749 Addendo
1116 703 1321 757 autem,
1364 693 1475 747 sine
1501 691 1740 761 operibus
1762 689 1837 744 Ie-

265 797 355 866 gis,
386 789 624 847 ostendit
647 801 769 843 esse
808 786 971 841 etiam
1014 784 1200 855 gratiae
1254 798 1436 853 opera,
1482 783 1598 837 sine
1641 781 1837 850 quibus

268 892 471 939 mortua
514 888 599 935 est
626 878 780 933 ﬁdes.
826 875 1108 943 Quomodo
1145 872 1480 943 justiﬁcatur
1521 873 1682 926 homo
1719 870 1836 925 sine

267 973 512 1043 operibus
544 968 714 1039 legis?
758 966 942 1022 Credit
990 965 1204 1034 aliquis,
1235 963 1462 1034 percipit
1494 961 1614 1017 ﬁdei
1650 976 1834 1015 sacra-

270 1074 459 1127 menta,
492 1070 547 1118 et
572 1068 820 1116 mortuus
839 1067 961 1112 est:
995 1055 1163 1112 defuit
1202 1055 1276 1109 illi
1316 1053 1572 1123 cperandi
1603 1061 1833 1121 tempus,

267 1157 417 1225 plane
452 1152 682 1208 dicimus
720 1148 1100 1219 justiﬁcatnm,
1153 1140 1445 1200 uidentem
1480 1145 1535 1199 in
1579 1160 1698 1197 eum
1747 1142 1835 1214 qui

271 1232 509 1312 iustiﬁeat
543 1240 762 1310 impium
791 1253 810 1292 :
834 1252 964 1307 ergo
993 1235 1095 1289 iste
1133 1232 1477 1304 justiﬁcatus,
1506 1242 1560 1285 et
1586 1238 1840 1301 operatus

273 1349 367 1388 non
394 1339 498 1388 est.
520 1329 779 1398 lmpletur
802 1325 1072 1381 sententia
1098 1323 1360 1395 Apostoli,
1385 1322 1615 1377 dicentis
1647 1340 1659 1375 :
1684 1321 1839 1375 Arbi-

274 1436 466 1478 trantur
509 1420 799 1491 justiﬁcari
837 1418 1098 1471 hominem
1138 1432 1230 1485 per
1254 1415 1412 1482 ﬁdem
1439 1414 1552 1467 sine
1598 1413 1838 1483 operibus

275 1518 413 1586 legis,
438 1523 499 1568 ut
526 1513 688 1576 latro,
735 1510 828 1579 qui
872 1524 994 1563 cum
1020 1507 1239 1562 Christo
1266 1505 1559 1561 cruciﬁxus
1590 1504 1839 1567 credidit,

274 1604 659 1679 ctjustiﬁeatus
678 1609 781 1656 est.
809 1601 995 1659 Potest
1012 1612 1142 1667 ergo
1161 1597 1322 1651 homo
1336 1594 1624 1666 justiﬁeari
1648 1609 1713 1649 ex
1737 1592 1842 1648 ﬁde

272 1697 379 1750 sine
402 1694 654 1764 operibus
682 1690 834 1761 legis,
863 1703 987 1743 cum
1017 1687 1151 1742 ﬁdes
1168 1700 1265 1756 per
1319 1685 1664 1740 dilectionem
1714 1699 1843 1754 ope-

1935 526 2050 563 mus
2083 525 2175 579 per
2193 508 2388 577 ﬁdem?
2424 508 2620 579 Legem
2643 523 2791 578 ergo,
2819 524 2938 579 quze
2967 507 3281 563 circmncidi
3302 524 3506 578 praece-

1936 601 2030 670 pit,
2054 596 2378 670 superﬂuam
2407 597 2749 667 judicamus?
2773 598 2938 652 Absit.
2971 598 3085 653 lmo
3116 606 3261 653 stare
3285 597 3517 653 facimus

1936 705 2121 743 verum
2151 702 2270 743 esse
2308 688 2452 758 quod
2498 688 2653 754 dixit,
2702 688 2875 759 legem
2931 688 3053 759 legi,
3103 687 3508 744 Testamentum

1937 764 2305 841 Testamento,
2334 778 2800 833 circumcisioncm
2841 777 3259 845 circumcisioni,
3300 793 3515 834 succes-

1935 882 2138 923 suram.
2172 868 2451 936 Quomodo
2482 885 2695 944 vero’se
2725 870 2897 941 legem
2929 869 3251 925 conﬁrmare
3271 885 3499 939 pronun-

1938 957 2051 1020 tiat,
2078 957 2169 1026 qui
2198 958 2248 1011 in
2281 958 2650 1028 superioribus
2689 958 2827 1012 dixit
2850 959 2974 1028 quia
3000 975 3105 1013 non
3128 957 3516 1028 justilicahitur

1934 1046 2112 1100 omnis
2130 1061 2258 1101 caro
2286 1062 2348 1100 ex
2379 1048 2631 1118 operibus
2662 1048 2827 1119 legis?
2867 1049 2933 1103 Et
2976 1048 3227 1104 Salvator
3262 1051 3314 1105 in
3339 1052 3515 1106 Evan-

1935 1135 2075 1205 gelio
2121 1135 2258 1190 dixit
2286 1155 2298 1189 :
2328 1138 2454 1206 quia
2493 1136 2705 1208 Moyses
2739 1139 2805 1194 de
2852 1153 2940 1193 me
2981 1140 3216 1209 scripsit.
3262 1141 3360 1209 Qui
3388 1160 3517 1214 ergo

1937 1240 2042 1279 non
2072 1225 2245 1279 credit
2275 1224 2508 1289 Christo,
2560 1226 2735 1297 legem
2786 1227 3056 1281 destruit?
3089 1228 3367 1300 legemque
3389 1246 3514 1285 con-

1939 1316 2140 1397 ﬁrmat,
2184 1318 2275 1388 qui
2321 1318 2492 1372 credit
2522 1318 2574 1371 in
2603 1317 2899 1373 Christum.
2954 1319 3058 1375 Sed
3101 1338 3205 1375 non
3234 1330 3337 1376 “est
3383 1337 3521 1391 pra:-

1940 1410 2255 1464 tercundum
2288 1410 2430 1477 quod
2451 1411 2725 1464 contraria
2753 1411 2854 1466 sibi
2883 1411 3119 1468 scribere
3147 1414 3360 1469 videtur
3376 1414 3520 1483 Apo-

1940 1498 2108 1553 stolus
2136 1513 2259 1552 cum
2288 1499 2339 1551 in
2367 1498 2622 1567 praesenti
2654 1501 2875 1568 quidem
2914 1502 3044 1556 dicit
3090 1517 3195 1556 non
3240 1504 3520 1558 destruere

1943 1605 2002 1644 se
2032 1590 2228 1662 legem,
2257 1591 2351 1646 sed
2379 1592 2703 1647 conﬁrmare
2735 1611 2747 1645 :
2775 1592 2827 1646 in
2881 1594 3116 1648 secunda
3166 1609 3291 1648 vero
3331 1596 3397 1650 ad
3420 1594 3523 1651 Co-

1944 1680 2177 1734 rinthios
2224 1681 2296 1734 ita
2323 1679 2514 1734 scribit
2547 1698 2559 1733 :
2594 1679 2750 1745 Quod
2779 1681 2825 1734 si
2869 1681 3215 1735 ministerium
3260 1683 3439 1736 mortis
3466 1685 3522 1737 in

275 1798 417 1842 retur
441 1786 492 1841 in
522 1784 709 1847 corde,
738 1780 952 1837 etiamsi
984 1779 1114 1833 foris
1138 1793 1242 1833 non
1269 1777 1381 1832 exit
1406 1777 1459 1831 in
1487 1791 1672 1847 opere.
1706 1776 1841 1829 For-
1870 1770 1917 1829 B
1944 1768 2131 1822 litteris
2154 1768 2437 1839 [orntatttm
2468 1768 2522 1822 in
2563 1767 2849 1839 lapidibus,
2881 1769 3080 1839 [uetant
3110 1780 3182 1824 est
3229 1773 3283 1825 in
3329 1772 3522 1842 gloria,

278 1879 429 1933 lassis
451 1886 629 1931 autem
652 1876 767 1930 hate
792 1872 988 1941 aliquis
1014 1869 1257 1933 audiens,
1279 1868 1602 1932 resolvatur,
1627 1874 1683 1920 et
1702 1865 1841 1920 bene

276 1969 456 2040 agendi
485 1964 875 2037 negligentiam
918 1961 1192 2031 accipiat:
1227 1959 1491 2029 siquidem
1532 1958 1599 2012 ad
1644 1956 1842 2027 justiti—

277 2061 497 2114 candum
520 2058 633 2114 sola
652 2056 787 2112 ﬁdes
806 2052 1054 2110 suﬁiciat.
1091 2050 1173 2106 Ad
1220 2065 1383 2122 quem
1425 2050 1686 2113 dicemus,
1717 2047 1841 2116 quia

279 2158 388 2219 post
407 2148 847 2219 justiﬁcationem
875 2145 919 2199 si
969 2143 1165 2214 injuste
1188 2141 1309 2211 quis
1354 2148 1499 2210 agat,
1537 2139 1653 2194 sine
1681 2137 1844 2192 dubio

279 2237 662 2306 iustiﬁcationis
688 2235 916 2307 gratiam
958 2233 1180 2303 sprevit,
1233 2246 1409 2301 neque
1450 2230 1592 2284 enim
1644 2229 1712 2283 ob
1740 2229 1846 2284 hoc

281 2328 389 2396 quis
413 2326 608 2395 accipit
631 2326 842 2380 veniam
867 2330 1237 2393 peccatorum,
1268 2329 1328 2375 ut
1381 2334 1594 2374 rursum
1617 2318 1718 2374 sibi
1747 2334 1847 2390 pu-

283 2426 347 2472 tet
371 2416 629 2487 peccandi
674 2414 948 2470 licentiam
986 2404 1179 2468 ~datam
1214 2429 1228 2466 :
1258 2410 1587 2481 indulgentia
1613 2424 1847 2478 namque

282 2506 731 2573 nosnjuturorum,
759 2505 854 2561 sed
878 2503 1277 2575 praeteritorum
1329 2501 1618 2557 criminum
1665 2501 1843 2555 datur.

285 2595 531 2661 Quoniam
557 2594 769 2666 quidem
799 2610 934 2649 unus
960 2592 1124 2658 Deus,
1154 2601 1259 2648 etc.
1286 2592 1344 2647 Id
1369 2602 1474 2657 est,
1500 2590 1713 2646 Iudaeos
1730 2605 1849 2645 cre-

286 2685 456 2740 dentes
484 2700 584 2755 per
611 2684 953 2754 praeputium,
1002 2690 1188 2753 gentes
1236 2696 1367 2737 vero
1401 2680 1725 2750 iustiﬁcatas
1751 2694 1849 2751 per

286 2776 429 2831 ﬁdem
455 2776 657 2832 Christi
688 2775 978 2845 signiﬁcat,
1012 2774 1065 2829 id
1100 2774 1275 2843 ipsum
1320 2780 1492 2828 estex
1516 2772 1642 2845 ﬁde,
1672 2781 1728 2827 et
1752 2786 1851 2842 per

289 2866 431 2922 ﬁdem
460 2885 475 2920 :
502 2867 597 2921 sed
629 2865 1035 2936 Scripturarum
1082 2878 1202 2919 mos
1245 2864 1331 2919 hic
1356 2870 1441 2918 est
1478 2868 1538 2916 ut
1565 2862 1620 2917 in
1645 2862 1848 2917 eisdem

287 2958 450 3012 causis
480 2958 635 3012 malit
660 2967 874 3012 mutare
899 2971 1062 3026 quam
1091 2963 1339 3024 repetere
1358 2969 1686 3019 sermonem,
1708 2952 1851 3008 sicut

289 3049 336 3102 in
381 3050 579 3105 Davide
625 3049 886 3118 scriptum
917 3057 998 3102 est
1029 3065 1044 3102 :
1077 3046 1301 3119 Propter
1338 3047 1605 3102 Abraham
1645 3061 1851 3101 servum

286 3146 444 3203 tum,
469 3148 520 3194 et
550 3138 709 3193 lsaac
736 3110 985 3192 dilectum
1014 3146 1115 3191 ate
1138 3110 1255 3208 (Ps.
1288 3136 1418 3207 etv).
1452 3136 1570 3192 Non
1604 3136 1735 3190 mibi
1766 3134 1849 3189 vin
1877 3110 1922 3172 C

287 3227 433 3282 detur
477 3227 748 3299 superﬂua
791 3228 1013 3283 omnino
1062 3226 1250 3283 haberi
1306 3227 1413 3282 ista
1457 3225 1850 3297 prmpositionis

286 3333 419 3373 nunc
447 3318 1171 3374 commutatiozinvenimus
1211 3318 1356 3373 enim
1409 3317 1477 3372 ab
1523 3331 1588 3370 eo
1631 3316 1683 3371 in
1734 3315 1853 3371 aliis

288 3408 410 3464 locis
437 3409 801 3464 diﬁ‘erentiam
826 3408 1190 3464 distinctionis
1215 3405 1375 3475 hujus
1394 3421 1514 3462 esse
1544 3400 1858 3461 necessario

286 3499 640 3564 observatam,
663 3500 809 3555 sicut
830 3500 895 3553 de
915 3499 1024 3553 Deo
1053 3498 1321 3568 loquitur:
1349 3495 1609 3562 Quoniam
1634 3512 1699 3550 ea:
1718 3497 1853 3567 ipso,

288 3601 332 3644 et
355 3607 447 3660 per
470 3592 663 3661 ipsum,
695 3601 744 3645 et
771 3592 828 3644 in
849 3591 960 3660 ipso
988 3590 1130 3658 facta
1158 3598 1278 3643 sunt
1307 3588 1504 3641 omnia.
1536 3587 1605 3641 Et
1630 3603 1738 3642 non
1773 3601 1858 3640 so-

290 3678 393 3735 lum
443 3682 723 3751 apostolus
749 3680 947 3736 Paulus
996 3680 1190 3735 harum
1236 3679 1641 3733 distinctionum
1672 3680 1858 3735 obser-

289 3772 492 3826 vantias
515 3779 680 3836 tenet,
705 3771 800 3825 sed
820 3778 875 3826 et
901 3767 1156 3833 Joannes,
1188 3767 1279 3839 qui
1311 3782 1435 3822 cum
1463 3767 1531 3822 de
1559 3765 1739 3821 Verbo
1760 3767 1855 3823 Dei

291 3859 425 3914 dicit
456 3878 472 3914 :
505 3859 657 3926 Quod
698 3860 873 3914 omnia
898 3875 991 3931 per
1016 3859 1188 3929 ipsum
1229 3858 1373 3927 facta
1417 3866 1537 3912 sunt
1583 3855 1764 3927 (Joau.
1793 3855 1856 3927 ι),

288 3950 449 4003 vitam
491 3964 605 4002 non
646 3948 839 4018 ipsum,
877 3947 973 4005 sed
1017 3947 1072 4003 in
1112 3947 1229 4017 ipso
1255 3946 1458 4002 factam
1487 3958 1606 4001 esse
1631 3953 1861 4001 testatur

287 4040 474 4096 dicens
502 4058 517 4093 :
550 4039 704 4106 Quod
729 4040 926 4109 factum
971 4048 1046 4094 est
1074 4040 1131 4093 in
1162 4039 1293 4111 ‘ipso
1334 4040 1440 4093 vita
1486 4046 1582 4093 est.
1629 4038 1693 4091 Et
1720 4037 1862 4107 quod

287 4132 381 4196 ait,
414 4148 486 4186 ea:
506 4130 634 4201 ipso,
664 4132 841 4204 primo
863 4130 1158 4187 creationis
1185 4131 1448 4195 omnium,
1484 4139 1541 4184 et
1563 4130 1665 4184 hoc
1685 4130 1862 4199 ipsum

290 4222 433 4292 quod
459 4236 582 4291 qua:
608 4228 735 4274 sunt
760 4236 828 4276 ex
850 4221 958 4276 Deo
976 4236 1096 4276 esse
1117 4228 1421 4292 creperum,
1447 4219 1862 4291 signiﬁcantiam

285 4311 453 4367 dum.
510 4308 615 4365 Per
657 4311 847 4381 ipsum,
895 4310 1036 4381 quod
1084 4326 1149 4366 ea
1196 4326 1315 4381 qua:
1353 4310 1505 4381 prius
1553 4309 1697 4364 facta
1743 4309 1861 4365 l'uc-

291 4412 434 4465 rant,
459 4409 725 4473 reguntur
748 4410 804 4457 ct
843 4402 1221 4473 dispensantur
1242 4417 1341 4473 per
1367 4417 1510 4467 eum,
1538 4417 1570 4456 a
1596 4417 1703 4472 quo
1732 4402 1861 4457 sub-

288 4492 518 4547 sistendi
559 4492 774 4546 initium
814 4493 1055 4548 trahunt.
1095 4491 1162 4548 In
1204 4492 1338 4563 ipso,
1367 4492 1512 4561 quod
1538 4491 1594 4545 hi
1628 4491 1719 4559 qui
1747 4489 1861 4559 jam

290 4582 526 4638 correcti
575 4591 631 4638 et
684 4583 954 4638 emendati
1004 4591 1151 4651 sunt,
1184 4584 1255 4645 in
1315 4582 1484 4653 ipsius
1532 4582 1866 4653 perfectione

287 4673 618 4727 euasisumt.
657 4671 847 4727 Potest
892 4680 949 4727 et
990 4673 1043 4727 in
1094 4674 1346 4745 pmsenti
1396 4673 1513 4728 loco
1555 4672 1678 4727 talis
1721 4688 1868 4743 qua:-

290 4762 413 4816 da
467 4762 752 4818 observari
810 4762 1139 4827 diﬁ'erentia,
1198 4772 1259 4818 ut
1326 4764 1692 4829 circumcisio,
1749 4779 1869 4834 quae

293 4853 434 4908 velut
482 4853 607 4908 loco
649 4852 827 4924 primo
846 4862 903 4908 et
941 4855 1129 4909 ordine
1160 4852 1513 4923 justiﬁcatur,
1559 4868 1627 4910 ex
1657 4853 1781 4918 ﬁde,
1814 4862 1871 4908 et

292 4959 399 4997 non
424 4958 528 5014 per
553 4942 710 4997 ﬁdem
728 4941 1025 5012 iustiﬁcata
1050 4952 1408 5010 metueretur;
1440 4943 1761 5015 praeputium
1779 4959 1871 4998 vc-

294 5049 377 5100 ro,
403 5035 554 5104 quod
582 5034 821 5090 secundo
865 5034 986 5090 loco
1023 5036 1090 5090 ad
1129 5034 1570 5105 justiﬁcationem
1615 5035 1870 5100 trahitur,

295 5140 399 5179 non
426 5141 498 5179 ex
530 5124 658 5189 ﬁde,
696 5124 793 5180 sed
819 5139 918 5194 per
942 5124 1101 5180 ﬁdem
1137 5124 1488 5195 justiﬁcatur.
1544 5125 1682 5179 Puto
1725 5126 1780 5180 in
1809 5140 1873 5179 ea

293 5214 600 5270 dides-entia
625 5214 900 5287 designari
926 5216 1069 5286 quod
1092 5215 1351 5287 scriptum
1379 5225 1463 5272 est
1501 5233 1518 5271 :
1549 5215 1699 5272 Sicut
1738 5218 1876 5271 enim

293 5305 492 5359 mulier
528 5320 593 5359 ea:
636 5305 767 5371 viro,
800 5305 876 5359 ita
926 5316 975 5359 et
1018 5306 1101 5360 vir
1144 5321 1237 5376 per
1259 5304 1525 5360 mulierem
1546 5304 1599 5377 (Ι
1625 5302 1746 5359 Cor.
1771 5305 1871 5375 Il);

291 5395 478 5465 primo
504 5396 707 5451 etenim
732 5394 853 5451 loco
877 5395 960 5451 vir
979 5404 1084 5461 est,
1108 5410 1175 5451 ex
1202 5411 1310 5466 quo
1336 5396 1660 5451 descendere
1685 5396 1877 5450 mulier

293 5485 520 5549 dicitur,
550 5494 608 5540 et
643 5501 752 5541 non
800 5501 900 5556 per
943 5487 1150 5552 virum;
1192 5486 1428 5542 secundo
1470 5502 1598 5542 vero
1634 5486 1755 5543 loco
1782 5502 1880 5556 per

296 5574 585 5630 mulierem
612 5577 718 5642 vir,
748 5577 879 5663 quia
902 5577 1212 5633 ministrare
1253 5577 1486 5647 quodam
1515 5579 1676 5635 modo
1700 5578 1880 5635 videa-

298 5672 392 5720 tur
444 5666 640 5722 mulier
680 5668 893 5724 auctori
937 5667 1078 5734 viro,
1120 5676 1177 5724 et
1221 5667 1341 5725 ideo
1370 5682 1467 5738 per
1493 5669 1772 5726 mulierem
1798 5670 1883 5725 vir

1940 1859 2013 1912 ita
2034 1868 2091 1913 ut
2120 1876 2223 1913 non
2273 1868 2479 1930 possent
2501 1859 2602 1929 lilii
2633 1858 2805 1914 Israel
2846 1860 2900 1913 in
2929 1860 3119 1930 [aciem
3150 1861 3319 1931 Moysi
3358 1865 3522 1933 respi—

1897 1983 1921 2006 Α
1942 1966 2075 2013 cere,
2098 1958 2310 2021 propter
2337 1949 2563 2020 gloriam
2587 1949 2760 2003 vultus
2785 1950 2900 2019 eius
2922 1967 3036 2021 qum
3058 1950 3361 2021 destruitar,
3391 1968 3523 2023 quo-

1941 2038 2096 2092 modo
2153 2055 2254 2091 non
2302 2039 2467 2110 magis
2507 2040 2857 2093 ministerium
2905 2039 3119 2110 spiritus
3162 2039 3259 2093 erit
3303 2040 3360 2093 in
3411 2039 3525 2109 glo-

1945 2128 2065 2180 ria?
2089 2135 2193 2181 etc.
2211 2124 2296 2198 (II
2325 2126 2448 2181 Cor.
2473 2126 2577 2200 tu).
2603 2126 2718 2183 Non
2737 2136 2821 2183 est
2848 2128 2987 2184 idem
3003 2128 3144 2198 quod
3170 2127 3324 2194 dixit,
3360 2126 3523 2198 legent

1942 2218 2283 2283 destruimus,
2332 2226 2388 2273 et
2432 2219 2518 2275 lex
2567 2220 2881 2275 dcstruitur.
2925 2219 3125 2275 Paulus
3150 2235 3277 2292 ergo
3305 2220 3359 2274 in
3388 2235 3526 2290 pra:-

1946 2314 2086 2370 senti
2112 2313 2233 2369 loco
2261 2314 2366 2369 hoc
2393 2315 2735 2383 pronuntiat,
2763 2314 2909 2385 quod
2932 2314 3101 2384 legem
3147 2315 3260 2384 ipse
3306 2328 3410 2367 non
3435 2313 3526 2368 de-

1947 2412 2124 2461 struat
2147 2421 2160 2456 :
2187 2419 2310 2458 nam
2330 2405 2432 2460 etsi
2457 2405 2756 2460 destruitur
2776 2404 2863 2459 lex
2883 2420 2981 2476 per
3003 2420 3143 2469 eam,
3170 2419 3289 2475 qua:
3337 2418 3527 2474 super-

1946 2494 2148 2551 eminet
2183 2495 2427 2566 gloriam,
2469 2510 2575 2551 non
2602 2512 2701 2566 per
2749 2496 2996 2564 Paulum,
3028 2512 3200 2567 neque
3243 2511 3341 2566 per
3364 2495 3527 2550 alium

1948 2587 2180 2658 aliquem
2208 2596 2517 2642 sanctorum
2544 2588 2862 2644 destruitur.
2895 2588 3049 2646 Unde
3094 2595 3151 2641 et
3192 2588 3305 2658 ipse
3346 2587 3527 2640 Domi-

1948 2691 2051 2733 nus
2070 2676 2285 2733 dieebat
2315 2696 2326 2731 :
2371 2677 2496 2733 Non
2526 2678 2637 2733 veni
2677 2678 2874 2734 solvere
2905 2678 3088 2750 legem,
3131 2678 3224 2733 sed
3247 2676 3530 2749 adimplere

1952 2766 2164 2840 (Matth.
2195 2767 2272 2842 v).
2315 2767 2504 2823 Nullus
2531 2783 2662 2841 ergo
2689 2777 3022 2834 sanctorum,
3052 2784 3226 2840 neque
3272 2767 3531 2823 Dominus

1952 2861 2066 2931 ipse
2095 2862 2325 2917 destruit
2375 2862 2567 2933 legem,
2619 2863 2714 2917 sed
2759 2862 2926 2934 gloria
2958 2862 3074 2932 ejus
3118 2862 3431 2932 temporalis
3474 2871 3532 2919 et

1950 2953 2285 3023 praeteriens,
2318 2968 2347 3006 a
2373 2952 2543 3023 gloria
2563 2960 2765 3007 teterna
2785 2961 2841 3007 et
2862 2961 3210 3024 permanente
3235 2953 3533 3009 destruitur

1954 3058 2019 3098 ac
2044 3051 2349 3113 superatur.
2377 3043 2509 3097 Nam
2541 3060 2607 3099 ex
2633 3043 3034 3113 comparatione
3080 3041 3300 3111 majoris
3322 3043 3528 3115 gloriaz,

1953 3150 2073 3203 quae
2094 3133 2149 3190 in
2175 3134 2391 3189 Christo
2412 3142 2515 3199 est,
2545 3133 2725 3207 obtegi
2755 3142 2813 3188 ct
2837 3134 3116 3189 obscurari
3136 3150 3257 3190 eam
3282 3136 3530 3205 gloriam,

1951 3241 2071 3295 qua:
2101 3224 2156 3280 in
2179 3225 2298 3299 lege
2323 3234 2426 3292 est,
2458 3226 2607 3282 dicit.

2567 3315 2794 3374 CAPUT
2834 3316 2922 3373 1v.
2960 3379 2978 3386 ,_

2026 3406 2167 3473 Quid
2202 3424 2324 3478 ergo
2365 3408 2620 3463 invenisse
2653 3408 2886 3464 dicemus
2911 3408 3176 3463 Abraham
3207 3419 3535 3479 patrem‘no—

1953 3505 2119 3550 strum
2167 3498 2453 3552 secundum
2500 3500 2754 3553 carnem?
2809 3498 3046 3555 Revocat
3093 3500 3211 3554 illos
3258 3500 3324 3553 ad
3376 3507 3536 3569 caput

1956 3586 2423 3650 circumcisionis,
2474 3597 2536 3642 ut
2576 3588 2721 3658 quod
2769 3589 2836 3642 ab
2885 3589 3040 3643 inltio
3092 3587 3436 3653 constiterit,
3479 3587 3535 3640 id

1957 3676 2219 3731 habeatur
2244 3678 2299 3731 in
2332 3686 2464 3732 toto.
2501 3679 2632 3733 Illud
2663 3681 3102 3751 praetereundum
3134 3681 3354 3735 minime
3387 3679 3536 3734 vidc-

1958 3777 2048 3821 tur
2077 3768 2219 3836 quod
2243 3777 2453 3836 patrem
2483 3781 2724 3823 nostrum
2752 3772 3048 3825 secundum
3075 3785 3297 3826 carnem
3321 3773 3537 3827 vocavit

1957 3857 2533 3928 Abraham:gentium
2588 3862 2787 3914 etenim
2837 3868 2992 3931 pater
3017 3860 3292 3916 Abraham
3341 3876 3536 3918 secun-

1958 3946 2085 4003 dum
2122 3946 2303 4012 ﬁdem,
2328 3963 2433 4001 non
2464 3950 2758 4004 secundum
2790 3967 3009 4007 carnem
3040 3951 3269 4006 videtur.
3306 3950 3366 4007 Si
3397 3953 3534 4006 enim

1959 4036 2224 4092 Abraham
2258 4054 2321 4091 ea:
2355 4036 2595 4109 operibus
2632 4037 2759 4109 legis
2777 4040 3105 4109 justiﬁcatus
3129 4049 3223 4105 est,
3248 4040 3397 4095 habet
3424 4040 3537 4111 glo-
3576 4046 3591 4059 '

1962 4128 2119 4194 riam,
2142 4130 2233 4184 sed
2259 4147 2361 4185 non
2388 4130 2529 4201 apud
2556 4131 2739 4186 Deum.
2790 4134 2901 4188 llcc
2927 4134 3207 4211 proposuit
3234 4134 3334 4189 sibi
3365 4151 3379 4186 :
3412 4151 3536 4190 nam

1960 4218 2234 4275 Abraham
2265 4235 2333 4276 ex
2361 4221 2466 4275 ﬁde
2481 4221 2811 4291 justiﬁeatus
2839 4230 2945 4288 est,
2975 4225 3117 4294 quod
3145 4224 3277 4279 nulli
3314 4224 3535 4280 dubium

1962 4319 2077 4377 est;
2111 4312 2208 4367 sed
2249 4314 2394 4383 quod
2436 4314 2529 4383 qui
2570 4313 2742 4386 legem
2773 4323 3018 4381 servant,
3059 4315 3173 4370 sive
3203 4315 3395 4387 Moysi,
3423 4318 3537 4372 sive

1966 4415 2194 4469 natum,
2216 4402 2585 4471 justiﬁeantur
2614 4404 2681 4459 ad
2716 4420 2975 4475 praesens,
3007 4420 3109 4461 nec
3138 4406 3216 4460 rei
3247 4406 3379 4460 ﬁunt
3403 4421 3541 4476 pne-

1966 4498 2104 4554 senti
2125 4497 2350 4567 judicio.
2390 4500 2513 4555 ldeo
2539 4500 2617 4555 ait
2644 4518 2657 4553 :
2689 4503 2735 4554 si
2764 4502 3029 4556 Abraham
3053 4517 3118 4556 ea:
3142 4502 3383 4572 operibus
3412 4501 3538 4574 legis

1957 4589 2281 4659 justiﬁcatus
2301 4599 2399 4657 est,
2429 4607 2538 4647 non
2565 4592 2705 4662 apud
2728 4591 2896 4646 Deum
2925 4592 3090 4649 habet
3115 4592 3337 4664 gloriam
3362 4612 3375 4646 :
3398 4594 3540 4663 quod

1968 4677 2061 4748 qui
2098 4677 2288 4733 fecerit
2323 4678 2495 4748 legem
2524 4680 2669 4735 vivet
2702 4679 2758 4735 in
2782 4695 2869 4746 ea,
2913 4680 2967 4736 id
2996 4689 3099 4746 est,
3136 4696 3241 4736 non
3281 4682 3543 4737 morietur

1970 4774 2031 4820 ut
2065 4782 2211 4833 reus,
2257 4783 2357 4823 nec
2396 4775 2576 4824 tamen
2610 4770 2863 4825 meritum
2904 4785 2971 4825 ex
3010 4771 3115 4826 hoc
3148 4770 3368 4825 habebit
3401 4762 3538 4841 apud

1971 4857 2160 4912 Deum.
2200 4857 2378 4925 Quare
2404 4860 2663 4915 meritum
2691 4860 2831 4931 apud
2857 4860 3024 4915 Deum
3054 4860 3219 4915 habet
3244 4858 3539 4927 Abraham,

1974 4949 2069 5003 sed
2105 4948 2230 5006 ﬁdei
2267 4965 2453 5005 causa.
2494 4951 2628 5006 Cum
2655 4951 2903 5023 superius
2927 4951 3059 5005 duas
3085 4960 3439 5020 proposuerat
3469 4952 3547 5008 le.

1972 5053 2089 5108 ges,
2126 5053 2357 5108 quarum
2395 5055 2554 5093 unam
2591 5054 2836 5107 operum,
2879 5036 3037 5090 aliam
3069 5036 3191 5091 ﬁdei
3235 5037 3542 5108 appellavit,

1975 5143 2073 5197 per
2106 5142 2268 5196 quam
2306 5126 2478 5198 legem
2515 5126 2637 5181 ﬁdei
2675 5125 2889 5180 excludi
2926 5124 3373 5195 gloriﬁcationem
3413 5129 3546 5184 dicit

1976 5233 2162 5273 eorum
2198 5219 2289 5287 qui
2323 5219 2378 5272 in
2415 5219 2547 5291 legis
2584 5218 2843 5287 operibus
2868 5218 3188 5288 gloriantur,
3217 5228 3273 5275 et
3309 5236 3545 5291 pronun-

1982 5308 2196 5363 tiaverit
2223 5309 2329 5365 ﬁde
2349 5308 2633 5377 iustiﬁcari
2661 5308 2934 5363 hominem
2964 5310 3080 5365 sine
3106 5311 3361 5381 operibus
3389 5312 3542 5384 legis,

1983 5411 2376 5470 consequenter
2413 5414 2578 5464 nunc,
2613 5407 2674 5454 ut
2712 5401 2832 5477 hinc
2869 5402 2935 5458 de
2969 5401 3263 5473 Seripturis
3302 5419 3552 5463 asseran-

1984 5498 2091 5553 tur,
2134 5490 2364 5545 Abrahae
2408 5491 2655 5561 producit
2699 5492 3035 5563 exemplum,
3085 5503 3141 5548 et
3185 5494 3316 5551 dicit
3358 5512 3370 5548 :
3415 5496 3551 5563 Quia

1983 5578 2247 5633 Abraham
2267 5580 2313 5633 si
2331 5596 2394 5634 ex-
2414 5580 2653 5650 operibus
2673 5581 2798 5653 legis
2813 5582 3137 5652 justi/iectus
3157 5593 3252 5649 est,
3269 5585 3423 5641 habet
3440 5584 3555 5655 glo—

1986 5670 2152 5736 riam,
2195 5669 2284 5723 sed
2320 5686 2420 5724 non
2458 5672 2598 5741 apud
2622 5671 2827 5727 Deum:
2858 5673 2997 5742 quod
3025 5673 3242 5744 quidem
3281 5674 3397 5729 sine
3435 5684 3552 5732 arte
